  <div class='ocr_page' id='page_1' title='image "/cluster/home/n/w/nwhite01/storage/ocr_20150623/74/hvd.32044015469372/325.png"; bbox 0 0 4046 6364; ppageno 0'>
   <div class='ocr_carea' id='block_1_1' title="bbox 493 332 593 389">
    <p class='ocr_par' dir='ltr' id='par_1_1' title="bbox 493 332 593 389">
     <span class='ocr_line' id='line_1_1' title="bbox 493 332 593 389; baseline -0.01 0"><span class='ocrx_word' id='word_1_1' title='bbox 493 332 593 389; x_wconf 71' lang='grc'><strong>631</strong></span> 
     </span>
    </p>
   </div>
   <div class='ocr_carea' id='block_1_2' title="bbox 1312 336 2988 406">
    <p class='ocr_par' dir='ltr' id='par_1_2' title="bbox 1312 336 2988 406">
     <span class='ocr_line' id='line_1_2' title="bbox 1312 336 2988 406; baseline 0.009 -15"><span class='ocrx_word' id='word_1_2' title='bbox 1312 336 1631 392; x_wconf 63' lang='grc' dir='ltr'>ΑιιοιίΝιιλ</span> <span class='ocrx_word' id='word_1_3' title='bbox 1671 338 1761 393; x_wconf 79' lang='grc' dir='ltr'><strong>ΑΙ)</strong></span> <span class='ocrx_word' id='word_1_4' title='bbox 1802 338 2128 406; x_wconf 67' lang='grc' dir='ltr'><strong>ουΟΞΒᾹΜ</strong></span> <span class='ocrx_word' id='word_1_5' title='bbox 2175 338 2697 404; x_wconf 67' lang='grc' dir='ltr'>ιιιιΑῑυιςυεΜΕε</span> <span class='ocrx_word' id='word_1_6' title='bbox 2738 349 2988 406; x_wconf 71' lang='grc' dir='ltr'><strong>ΤΟΜΟΞ.</strong></span> 
     </span>
    </p>
   </div>
   <div class='ocr_carea' id='block_1_3' title="bbox 3687 356 3789 415">
    <p class='ocr_par' dir='ltr' id='par_1_3' title="bbox 3687 356 3789 415">
     <span class='ocr_line' id='line_1_3' title="bbox 3687 356 3789 415; baseline 0.059 -6"><span class='ocrx_word' id='word_1_7' title='bbox 3687 356 3789 415; x_wconf 73' lang='grc'><strong>633</strong></span> 
     </span>
    </p>
   </div>
   <div class='ocr_carea' id='block_1_4' title="bbox 489 446 3789 542">
    <p class='ocr_par' dir='ltr' id='par_1_4' title="bbox 489 446 3789 542">
     <span class='ocr_line' id='line_1_4' title="bbox 489 446 3789 542; baseline 0.006 -41"><span class='ocrx_word' id='word_1_8' title='bbox 489 446 857 542; x_wconf 52' lang='lat' dir='ltr'><strong>Lucterium—et</strong></span> <span class='ocrx_word' id='word_1_9' title='bbox 898 448 1290 542; x_wconf 81' lang='lat' dir='ltr'><strong>Chelidoniutn,</strong></span> <span class='ocrx_word' id='word_1_10' title='bbox 1323 450 1501 507; x_wconf 77' lang='lat' dir='ltr'><strong>Narbo</strong></span> <span class='ocrx_word' id='word_1_11' title='bbox 1543 452 1788 522; x_wconf 78' lang='lat' dir='ltr'><strong>Sergium</strong></span> <span class='ocrx_word' id='word_1_12' title='bbox 1832 452 2073 517; x_wconf 86' lang='lat' dir='ltr'><strong>Paulum,</strong></span> <span class='ocrx_word' id='word_1_13' title='bbox 2112 460 2150 512; x_wconf 80' lang='grc' dir='ltr'><strong>Α</strong></span> <span class='ocrx_word' id='word_1_14' title='bbox 2181 453 2397 520; x_wconf 93' lang='lat' dir='ltr'><strong>dictam,</strong></span> <span class='ocrx_word' id='word_1_15' title='bbox 2426 472 2493 512; x_wconf 91' lang='lat' dir='ltr'><strong>ex</strong></span> <span class='ocrx_word' id='word_1_16' title='bbox 2519 460 2622 513; x_wconf 89' lang='lat' dir='ltr'><strong>situ</strong></span> <span class='ocrx_word' id='word_1_17' title='bbox 2655 477 2717 517; x_wconf 87' lang='lat' dir='ltr'><strong>ac</strong></span> <span class='ocrx_word' id='word_1_18' title='bbox 2744 464 2974 518; x_wconf 90' lang='lat' dir='ltr'><strong>nominis</strong></span> <span class='ocrx_word' id='word_1_19' title='bbox 2996 462 3255 519; x_wconf 82' lang='lat' dir='ltr'><strong>aﬂinitate</strong></span> <span class='ocrx_word' id='word_1_20' title='bbox 3281 466 3519 535; x_wconf 66' lang='lat' dir='ltr'><strong>coniicio</strong></span> <span class='ocrx_word' id='word_1_21' title='bbox 3543 466 3671 542; x_wconf 68' lang='lat'><strong>[4]),</strong></span> <span class='ocrx_word' id='word_1_22' title='bbox 3697 486 3789 525; x_wconf 81' lang='lat' dir='ltr'><strong>na-</strong></span> 
     </span>
    </p>
   </div>
   <div class='ocr_carea' id='block_1_5' title="bbox 487 538 2083 613">
    <p class='ocr_par' dir='ltr' id='par_1_5' title="bbox 487 538 2083 613">
     <span class='ocr_line' id='line_1_5' title="bbox 487 538 2083 613; baseline 0.001 -18"><span class='ocrx_word' id='word_1_23' title='bbox 487 538 725 595; x_wconf 82' lang='lat' dir='ltr'><strong>Emerita</strong></span> <span class='ocrx_word' id='word_1_24' title='bbox 763 539 1047 607; x_wconf 80' lang='lat' dir='ltr'><strong>Eulaliam,</strong></span> <span class='ocrx_word' id='word_1_25' title='bbox 1093 542 1438 612; x_wconf 74' lang='lat' dir='ltr'><strong>Complutum</strong></span> <span class='ocrx_word' id='word_1_26' title='bbox 1494 544 1725 613; x_wconf 85' lang='lat' dir='ltr'><strong>denique</strong></span> <span class='ocrx_word' id='word_1_27' title='bbox 1772 543 1981 599; x_wconf 77' lang='lat' dir='ltr'><strong>Ju~tum</strong></span> <span class='ocrx_word' id='word_1_28' title='bbox 2026 554 2083 598; x_wconf 83' lang='lat' dir='ltr'><strong>ct</strong></span> 
     </span>
    </p>
   </div>
   <div class='ocr_carea' id='block_1_6' title="bbox 490 628 2081 705">
    <p class='ocr_par' dir='ltr' id='par_1_6' title="bbox 490 628 2081 705">
     <span class='ocr_line' id='line_1_6' title="bbox 490 628 2081 705; baseline 0.001 -20"><span class='ocrx_word' id='word_1_29' title='bbox 490 628 824 686; x_wconf 63' lang='lat' dir='ltr'><strong>Pastorem.»</strong></span> <span class='ocrx_word' id='word_1_30' title='bbox 847 631 1046 701; x_wconf 85' lang='lat' dir='ltr'><strong>(Taceo</strong></span> <span class='ocrx_word' id='word_1_31' title='bbox 1075 634 1233 690; x_wconf 88' lang='lat' dir='ltr'><strong>urbes</strong></span> <span class='ocrx_word' id='word_1_32' title='bbox 1261 635 1377 703; x_wconf 83' lang='lat' dir='ltr'><strong>ejus</strong></span> <span class='ocrx_word' id='word_1_33' title='bbox 1392 635 1575 705; x_wconf 85' lang='lat' dir='ltr'><strong>hymni</strong></span> <span class='ocrx_word' id='word_1_34' title='bbox 1596 635 1827 703; x_wconf 84' lang='lat' dir='ltr'><strong>reliquas</strong></span> <span class='ocrx_word' id='word_1_35' title='bbox 1844 634 1988 704; x_wconf 89' lang='lat' dir='ltr'><strong>quod</strong></span> <span class='ocrx_word' id='word_1_36' title='bbox 2015 635 2081 688; x_wconf 86' lang='lat' dir='ltr'><strong>ad</strong></span> 
     </span>
    </p>
   </div>
   <div class='ocr_carea' id='block_1_7' title="bbox 487 720 2084 797">
    <p class='ocr_par' dir='ltr' id='par_1_7' title="bbox 487 720 2084 797">
     <span class='ocr_line' id='line_1_7' title="bbox 487 720 2084 797; baseline 0.002 -22"><span class='ocrx_word' id='word_1_37' title='bbox 487 720 799 791; x_wconf 76' lang='lat' dir='ltr'><strong>Hispaniam</strong></span> <span class='ocrx_word' id='word_1_38' title='bbox 830 739 935 776; x_wconf 90' lang='lat' dir='ltr'><strong>non</strong></span> <span class='ocrx_word' id='word_1_39' title='bbox 967 726 1314 793; x_wconf 84' lang='lat' dir='ltr'><strong>pertineant.)</strong></span> <span class='ocrx_word' id='word_1_40' title='bbox 1335 726 1489 781; x_wconf 68' lang='lat' dir='ltr'><strong>«Haec</strong></span> <span class='ocrx_word' id='word_1_41' title='bbox 1515 726 1738 797; x_wconf 74' lang='lat' dir='ltr'><strong>(subdit)</strong></span> <span class='ocrx_word' id='word_1_42' title='bbox 1768 726 1956 781; x_wconf 75' lang='lat' dir='ltr'><strong>civitas</strong></span> <span class='ocrx_word' id='word_1_43' title='bbox 1979 726 2084 778; x_wconf 89' lang='lat' dir='ltr'><strong>sin-</strong></span> 
     </span>
    </p>
   </div>
   <div class='ocr_carea' id='block_1_8' title="bbox 488 812 2078 885">
    <p class='ocr_par' dir='ltr' id='par_1_8' title="bbox 488 812 2078 885">
     <span class='ocr_line' id='line_1_8' title="bbox 488 812 2078 885; baseline 0.005 -24"><span class='ocrx_word' id='word_1_44' title='bbox 488 812 632 881; x_wconf 82' lang='lat' dir='ltr'><strong>gula,</strong></span> <span class='ocrx_word' id='word_1_45' title='bbox 684 812 797 867; x_wconf 71' lang='lat' dir='ltr'><strong>haec</strong></span> <span class='ocrx_word' id='word_1_46' title='bbox 849 812 972 867; x_wconf 84' lang='lat' dir='ltr'><strong>bina</strong></span> <span class='ocrx_word' id='word_1_47' title='bbox 1021 823 1239 870; x_wconf 88' lang='lat' dir='ltr'><strong>ternave</strong></span> <span class='ocrx_word' id='word_1_48' title='bbox 1268 815 1459 870; x_wconf 82' lang='lat' dir='ltr'><strong>oll&#39;eret</strong></span> <span class='ocrx_word' id='word_1_49' title='bbox 1486 824 1779 885; x_wconf 85' lang='lat' dir='ltr'><strong>martyrum</strong></span> <span class='ocrx_word' id='word_1_50' title='bbox 1827 830 2078 884; x_wconf 88' lang='lat' dir='ltr'><strong>corpora.</strong></span> 
     </span>
    </p>
   </div>
   <div class='ocr_carea' id='block_1_9' title="bbox 488 901 2082 973">
    <p class='ocr_par' dir='ltr' id='par_1_9' title="bbox 488 901 2082 973">
     <span class='ocr_line' id='line_1_9' title="bbox 488 901 2082 973; baseline 0.001 -16"><span class='ocrx_word' id='word_1_51' title='bbox 488 902 604 957; x_wconf 84' lang='lat' dir='ltr'><strong>Erit</strong></span> <span class='ocrx_word' id='word_1_52' title='bbox 636 901 814 956; x_wconf 71' lang='lat' dir='ltr'><strong>forsan</strong></span> <span class='ocrx_word' id='word_1_53' title='bbox 845 919 963 971; x_wconf 63' lang='lat' dir='ltr'><strong>quae</strong></span> <span class='ocrx_word' id='word_1_54' title='bbox 992 905 1166 973; x_wconf 84' lang='lat' dir='ltr'><strong>quinis</strong></span> <span class='ocrx_word' id='word_1_55' title='bbox 1199 913 1513 961; x_wconf 88' lang='lat' dir='ltr'><strong>sanctarum</strong></span> <span class='ocrx_word' id='word_1_56' title='bbox 1554 906 1745 961; x_wconf 85' lang='lat' dir='ltr'><strong>hostiis</strong></span> <span class='ocrx_word' id='word_1_57' title='bbox 1773 905 1958 959; x_wconf 75' lang='lat' dir='ltr'><strong>aeterni</strong></span> <span class='ocrx_word' id='word_1_58' title='bbox 1987 903 2082 958; x_wconf 50' lang='lat' dir='ltr'><strong>Ju‘</strong></span> 
     </span>
    </p>
   </div>
   <div class='ocr_carea' id='block_1_10' title="bbox 485 995 2081 1065">
    <p class='ocr_par' dir='ltr' id='par_1_10' title="bbox 485 995 2081 1065">
     <span class='ocr_line' id='line_1_10' title="bbox 485 995 2081 1065; baseline 0 -15"><span class='ocrx_word' id='word_1_59' title='bbox 485 995 624 1050; x_wconf 67' lang='lat' dir='ltr'><strong>dit-is</strong></span> <span class='ocrx_word' id='word_1_60' title='bbox 656 996 787 1049; x_wconf 91' lang='lat' dir='ltr'><strong>iram</strong></span> <span class='ocrx_word' id='word_1_61' title='bbox 814 996 1028 1065; x_wconf 85' lang='lat' dir='ltr'><strong>placare</strong></span> <span class='ocrx_word' id='word_1_62' title='bbox 1057 999 1303 1063; x_wconf 84' lang='lat' dir='ltr'><strong>studeat;</strong></span> <span class='ocrx_word' id='word_1_63' title='bbox 1337 1007 1392 1051; x_wconf 93' lang='lat' dir='ltr'><strong>tu</strong></span> <span class='ocrx_word' id='word_1_64' title='bbox 1422 1014 1551 1051; x_wconf 70' lang='lat' dir='ltr'><strong>Vero</strong></span> <span class='ocrx_word' id='word_1_65' title='bbox 1582 998 1685 1053; x_wconf 89' lang='lat' dir='ltr'><strong>hoc</strong></span> <span class='ocrx_word' id='word_1_66' title='bbox 1713 997 1932 1051; x_wconf 83' lang='lat' dir='ltr'><strong>nomine</strong></span> <span class='ocrx_word' id='word_1_67' title='bbox 1954 1005 2081 1050; x_wconf 92' lang='lat' dir='ltr'><strong>ante</strong></span> 
     </span>
    </p>
   </div>
   <div class='ocr_carea' id='block_1_11' title="bbox 484 1087 2079 1157">
    <p class='ocr_par' dir='ltr' id='par_1_11' title="bbox 484 1087 2079 1157">
     <span class='ocr_line' id='line_1_11' title="bbox 484 1087 2079 1157; baseline 0 -16"><span class='ocrx_word' id='word_1_68' title='bbox 484 1087 620 1142; x_wconf 82' lang='lat' dir='ltr'><strong>alias</strong></span> <span class='ocrx_word' id='word_1_69' title='bbox 647 1087 1049 1156; x_wconf 67' lang='lat' dir='ltr'><strong>Cxesaraugusta</strong></span> <span class='ocrx_word' id='word_1_70' title='bbox 1078 1089 1336 1143; x_wconf 85' lang='lat' dir='ltr'><strong>illustrior</strong></span> <span class='ocrx_word' id='word_1_71' title='bbox 1354 1127 1369 1152; x_wconf 89' lang='lat'><strong>,</strong></span> <span class='ocrx_word' id='word_1_72' title='bbox 1397 1089 1511 1144; x_wconf 83' lang='lat' dir='ltr'><strong>sala</strong></span> <span class='ocrx_word' id='word_1_73' title='bbox 1543 1088 1912 1157; x_wconf 88' lang='lat' dir='ltr'><strong>duodeviginti</strong></span> <span class='ocrx_word' id='word_1_74' title='bbox 1935 1102 2079 1141; x_wconf 92' lang='lat' dir='ltr'><strong>mar-</strong></span> 
     </span>
    </p>
   </div>
   <div class='ocr_carea' id='block_1_12' title="bbox 485 1178 2079 1247">
    <p class='ocr_par' dir='ltr' id='par_1_12' title="bbox 485 1178 2079 1247">
     <span class='ocr_line' id='line_1_12' title="bbox 485 1178 2079 1247; baseline 0.002 -18"><span class='ocrx_word' id='word_1_75' title='bbox 485 1186 662 1247; x_wconf 86' lang='lat' dir='ltr'><strong>tyrum</strong></span> <span class='ocrx_word' id='word_1_76' title='bbox 703 1179 950 1240; x_wconf 82' lang='lat' dir='ltr'><strong>exuvias,</strong></span> <span class='ocrx_word' id='word_1_77' title='bbox 985 1188 1117 1244; x_wconf 84' lang='lat' dir='ltr'><strong>quot</strong></span> <span class='ocrx_word' id='word_1_78' title='bbox 1144 1180 1352 1234; x_wconf 78' lang='lat' dir='ltr'><strong>scilicet</strong></span> <span class='ocrx_word' id='word_1_79' title='bbox 1378 1180 1465 1232; x_wconf 90' lang='lat' dir='ltr'><strong>vix</strong></span> <span class='ocrx_word' id='word_1_80' title='bbox 1495 1178 1786 1246; x_wconf 80' lang='lat' dir='ltr'><strong>Carthago,</strong></span> <span class='ocrx_word' id='word_1_81' title='bbox 1834 1178 1921 1231; x_wconf 86' lang='lat' dir='ltr'><strong>vix</strong></span> <span class='ocrx_word' id='word_1_82' title='bbox 1966 1178 2079 1246; x_wconf 90' lang='lat' dir='ltr'><strong>ipsa</strong></span> 
     </span>
    </p>
   </div>
   <div class='ocr_carea' id='block_1_13' title="bbox 485 1266 2082 1339">
    <p class='ocr_par' dir='ltr' id='par_1_13' title="bbox 485 1266 2082 1339">
     <span class='ocr_line' id='line_1_13' title="bbox 485 1266 2082 1339; baseline -0.002 -17"><span class='ocrx_word' id='word_1_83' title='bbox 485 1268 672 1323; x_wconf 79' lang='lat' dir='ltr'><strong>mundi</strong></span> <span class='ocrx_word' id='word_1_84' title='bbox 696 1282 890 1337; x_wconf 85' lang='lat' dir='ltr'><strong>parens</strong></span> <span class='ocrx_word' id='word_1_85' title='bbox 914 1268 1084 1323; x_wconf 79' lang='lat' dir='ltr'><strong>Roma</strong></span> <span class='ocrx_word' id='word_1_86' title='bbox 1110 1277 1363 1339; x_wconf 58' lang='lat' dir='ltr'><strong>praestare</strong></span> <span class='ocrx_word' id='word_1_87' title='bbox 1406 1269 1592 1337; x_wconf 83' lang='lat' dir='ltr'><strong>possit,</strong></span> <span class='ocrx_word' id='word_1_88' title='bbox 1621 1266 1917 1330; x_wconf 86' lang='lat' dir='ltr'><strong>exhibebis,</strong></span> <span class='ocrx_word' id='word_1_89' title='bbox 1944 1266 2082 1321; x_wconf 61' lang='lat' dir='ltr'><strong>laeta-</strong></span> 
     </span>
    </p>
   </div>
   <div class='ocr_carea' id='block_1_14' title="bbox 482 1350 2081 1431">
    <p class='ocr_par' dir='ltr' id='par_1_14' title="bbox 482 1350 2081 1431">
     <span class='ocr_line' id='line_1_14' title="bbox 482 1350 2081 1431; baseline -0.001 -19"><span class='ocrx_word' id='word_1_90' title='bbox 482 1350 667 1427; x_wconf 43' lang='lat' dir='ltr'><strong>que&#39;in</strong></span> <span class='ocrx_word' id='word_1_91' title='bbox 697 1373 979 1415; x_wconf 84' lang='lat' dir='ltr'><strong>occursum</strong></span> <span class='ocrx_word' id='word_1_92' title='bbox 1009 1357 1206 1417; x_wconf 77' lang='lat' dir='ltr'><strong>Christi</strong></span> <span class='ocrx_word' id='word_1_93' title='bbox 1235 1360 1505 1431; x_wconf 88' lang='lat' dir='ltr'><strong>prosilies.</strong></span> <span class='ocrx_word' id='word_1_94' title='bbox 1544 1378 1563 1412; x_wconf 84' lang='grc'><strong>›</strong></span> <span class='ocrx_word' id='word_1_95' title='bbox 1609 1359 1688 1414; x_wconf 88' lang='lat' dir='ltr'><strong>En</strong></span> <span class='ocrx_word' id='word_1_96' title='bbox 1732 1358 1849 1427; x_wconf 87' lang='lat' dir='ltr'><strong>ejus</strong></span> <span class='ocrx_word' id='word_1_97' title='bbox 1895 1356 2081 1431; x_wconf 89' lang='lat' dir='ltr'><strong>hymni</strong></span> 
     </span>
    </p>
   </div>
   <div class='ocr_carea' id='block_1_15' title="bbox 486 1467 773 1507">
    <p class='ocr_par' dir='ltr' id='par_1_15' title="bbox 486 1467 773 1507">
     <span class='ocr_line' id='line_1_15' title="bbox 486 1467 773 1507; baseline -0.003 0"><span class='ocrx_word' id='word_1_98' title='bbox 486 1467 773 1507; x_wconf 69' lang='lat' dir='ltr'><strong>summam.</strong></span> 
     </span>
    </p>
   </div>
   <div class='ocr_carea' id='block_1_16' title="bbox 553 1540 2077 1610">
    <p class='ocr_par' dir='ltr' id='par_1_16' title="bbox 553 1540 2077 1610">
     <span class='ocr_line' id='line_1_16' title="bbox 553 1540 2077 1610; baseline 0.001 -16"><span class='ocrx_word' id='word_1_99' title='bbox 553 1541 677 1597; x_wconf 60' lang='lat' dir='ltr'><strong>llaec</strong></span> <span class='ocrx_word' id='word_1_100' title='bbox 708 1542 797 1597; x_wconf 89' lang='lat' dir='ltr'><strong>ubi</strong></span> <span class='ocrx_word' id='word_1_101' title='bbox 831 1541 1158 1598; x_wconf 81' lang='lat' dir='ltr'><strong>Blanchinus</strong></span> <span class='ocrx_word' id='word_1_102' title='bbox 1185 1558 1217 1597; x_wconf 89' lang='lat' dir='ltr'><strong>e</strong></span> <span class='ocrx_word' id='word_1_103' title='bbox 1238 1540 1553 1610; x_wconf 88' lang='lat' dir='ltr'><strong>longinquo,</strong></span> <span class='ocrx_word' id='word_1_104' title='bbox 1586 1541 1663 1596; x_wconf 88' lang='lat' dir='ltr'><strong>uti</strong></span> <span class='ocrx_word' id='word_1_105' title='bbox 1692 1554 1795 1608; x_wconf 86' lang='lat' dir='ltr'><strong>ego</strong></span> <span class='ocrx_word' id='word_1_106' title='bbox 1814 1540 2077 1606; x_wconf 75' lang='lat' dir='ltr'><strong>arbitror,</strong></span> 
     </span>
    </p>
   </div>
   <div class='ocr_carea' id='block_1_17' title="bbox 479 1631 2079 1702">
    <p class='ocr_par' dir='ltr' id='par_1_17' title="bbox 479 1631 2079 1702">
     <span class='ocr_line' id='line_1_17' title="bbox 479 1631 2079 1702; baseline 0.001 -18"><span class='ocrx_word' id='word_1_107' title='bbox 479 1632 768 1698; x_wconf 78' lang='lat' dir='ltr'><strong>salutavit,</strong></span> <span class='ocrx_word' id='word_1_108' title='bbox 809 1641 957 1687; x_wconf 88' lang='lat' dir='ltr'><strong>ratus</strong></span> <span class='ocrx_word' id='word_1_109' title='bbox 1001 1632 1267 1701; x_wconf 78' lang='lat' dir='ltr'><strong>expressis</strong></span> <span class='ocrx_word' id='word_1_110' title='bbox 1317 1633 1371 1685; x_wconf 90' lang='lat' dir='ltr'><strong>in</strong></span> <span class='ocrx_word' id='word_1_111' title='bbox 1400 1647 1467 1685; x_wconf 90' lang='lat' dir='ltr'><strong>eo</strong></span> <span class='ocrx_word' id='word_1_112' title='bbox 1519 1632 1717 1702; x_wconf 84' lang='lat' dir='ltr'><strong>hymno</strong></span> <span class='ocrx_word' id='word_1_113' title='bbox 1758 1631 2079 1701; x_wconf 77' lang='lat' dir='ltr'><strong>lli~panica-</strong></span> 
     </span>
    </p>
   </div>
   <div class='ocr_carea' id='block_1_18' title="bbox 482 1728 2081 1799">
    <p class='ocr_par' dir='ltr' id='par_1_18' title="bbox 482 1728 2081 1799">
     <span class='ocr_line' id='line_1_18' title="bbox 482 1728 2081 1799; baseline -0.001 -16"><span class='ocrx_word' id='word_1_114' title='bbox 482 1744 602 1783; x_wconf 86' lang='lat' dir='ltr'><strong>rum</strong></span> <span class='ocrx_word' id='word_1_115' title='bbox 632 1730 844 1783; x_wconf 82' lang='lat' dir='ltr'><strong>urbium</strong></span> <span class='ocrx_word' id='word_1_116' title='bbox 870 1729 1196 1791; x_wconf 91' lang='lat' dir='ltr'><strong>nominibus,</strong></span> <span class='ocrx_word' id='word_1_117' title='bbox 1228 1728 1551 1798; x_wconf 85' lang='lat' dir='ltr'><strong>temporales</strong></span> <span class='ocrx_word' id='word_1_118' title='bbox 1573 1737 1865 1799; x_wconf 87' lang='lat' dir='ltr'><strong>martyrum</strong></span> <span class='ocrx_word' id='word_1_119' title='bbox 1890 1728 2081 1799; x_wconf 89' lang='lat' dir='ltr'><strong>quibus</strong></span> 
     </span>
    </p>
   </div>
   <div class='ocr_carea' id='block_1_19' title="bbox 2188 547 3791 623">
    <p class='ocr_par' dir='ltr' id='par_1_19' title="bbox 2188 547 3791 623">
     <span class='ocr_line' id='line_1_19' title="bbox 2188 547 3791 623; baseline 0.012 -24"><span class='ocrx_word' id='word_1_120' title='bbox 2188 554 2271 601; x_wconf 89' lang='lat' dir='ltr'><strong>tos</strong></span> <span class='ocrx_word' id='word_1_121' title='bbox 2320 547 2484 605; x_wconf 80' lang='lat' dir='ltr'><strong>fuisse</strong></span> <span class='ocrx_word' id='word_1_122' title='bbox 2528 563 2759 608; x_wconf 88' lang='lat' dir='ltr'><strong>constat.</strong></span> <span class='ocrx_word' id='word_1_123' title='bbox 2812 554 3124 623; x_wconf 77' lang='lat' dir='ltr'><strong>Calagurris</strong></span> <span class='ocrx_word' id='word_1_124' title='bbox 3165 558 3345 614; x_wconf 90' lang='lat' dir='ltr'><strong>itidem</strong></span> <span class='ocrx_word' id='word_1_125' title='bbox 3393 560 3689 618; x_wconf 75' lang='lat' dir='ltr'><strong>ﬂemeterii</strong></span> <span class='ocrx_word' id='word_1_126' title='bbox 3736 575 3791 619; x_wconf 90' lang='lat' dir='ltr'><strong>ct</strong></span> 
     </span>
    </p>
   </div>
   <div class='ocr_carea' id='block_1_20' title="bbox 2185 638 3782 719">
    <p class='ocr_par' dir='ltr' id='par_1_20' title="bbox 2185 638 3782 719">
     <span class='ocr_line' id='line_1_20' title="bbox 2185 638 3782 719; baseline 0.012 -27"><span class='ocrx_word' id='word_1_127' title='bbox 2185 638 2486 696; x_wconf 85' lang='lat' dir='ltr'><strong>Chelidonii</strong></span> <span class='ocrx_word' id='word_1_128' title='bbox 2543 646 2765 702; x_wconf 78' lang='lat' dir='ltr'><strong>exuvias</strong></span> <span class='ocrx_word' id='word_1_129' title='bbox 2834 647 3051 703; x_wconf 79' lang='lat' dir='ltr'><strong>Christo</strong></span> <span class='ocrx_word' id='word_1_130' title='bbox 3100 649 3347 706; x_wconf 89' lang='lat' dir='ltr'><strong>ablatura</strong></span> <span class='ocrx_word' id='word_1_131' title='bbox 3424 663 3782 719; x_wconf 86' lang='lat' dir='ltr'><strong>recensetur;</strong></span> 
     </span>
    </p>
   </div>
   <div class='ocr_carea' id='block_1_21' title="bbox 2184 735 3777 806">
    <p class='ocr_par' dir='ltr' id='par_1_21' title="bbox 2184 735 3777 806">
     <span class='ocr_line' id='line_1_21' title="bbox 2184 735 3777 806; baseline 0.011 -24"><span class='ocrx_word' id='word_1_132' title='bbox 2184 744 2320 797; x_wconf 85' lang='lat' dir='ltr'><strong>quos</strong></span> <span class='ocrx_word' id='word_1_133' title='bbox 2350 740 2526 787; x_wconf 89' lang='lat' dir='ltr'><strong>tamen</strong></span> <span class='ocrx_word' id='word_1_134' title='bbox 2576 735 2809 802; x_wconf 81' lang='lat' dir='ltr'><strong>Legiane</strong></span> <span class='ocrx_word' id='word_1_135' title='bbox 2853 739 3158 806; x_wconf 84' lang='lat' dir='ltr'><strong>progenitos</strong></span> <span class='ocrx_word' id='word_1_136' title='bbox 3198 740 3364 795; x_wconf 76' lang='lat' dir='ltr'><strong>fuisse</strong></span> <span class='ocrx_word' id='word_1_137' title='bbox 3393 756 3463 797; x_wconf 83' lang='lat' dir='ltr'><strong>ex</strong></span> <span class='ocrx_word' id='word_1_138' title='bbox 3489 748 3777 800; x_wconf 83' lang='lat' dir='ltr'><strong>communi</strong></span> 
     </span>
    </p>
   </div>
   <div class='ocr_carea' id='block_1_22' title="bbox 2185 816 3780 899">
    <p class='ocr_par' dir='ltr' id='par_1_22' title="bbox 2185 816 3780 899">
     <span class='ocr_line' id='line_1_22' title="bbox 2185 816 3780 899; baseline 0.01 -24"><span class='ocrx_word' id='word_1_139' title='bbox 2185 830 2239 875; x_wconf 92' lang='lat' dir='ltr'><strong>et</strong></span> <span class='ocrx_word' id='word_1_140' title='bbox 2263 826 2627 892; x_wconf 83' lang='lat' dir='ltr'><strong>receptissima</strong></span> <span class='ocrx_word' id='word_1_141' title='bbox 2656 816 2921 884; x_wconf 74' lang='lat' dir='ltr'><strong>sententia</strong></span> <span class='ocrx_word' id='word_1_142' title='bbox 2960 847 3064 883; x_wconf 88' lang='lat' dir='ltr'><strong>non</strong></span> <span class='ocrx_word' id='word_1_143' title='bbox 3093 833 3163 885; x_wconf 91' lang='lat' dir='ltr'><strong>ita</strong></span> <span class='ocrx_word' id='word_1_144' title='bbox 3198 834 3401 899; x_wconf 57' lang='lat' dir='ltr'><strong>(rident</strong></span> <span class='ocrx_word' id='word_1_145' title='bbox 3446 835 3780 891; x_wconf 83' lang='lat' dir='ltr'><strong>dicebamus.</strong></span> 
     </span>
    </p>
   </div>
   <div class='ocr_carea' id='block_1_23' title="bbox 2184 913 3783 993">
    <p class='ocr_par' dir='ltr' id='par_1_23' title="bbox 2184 913 3783 993">
     <span class='ocr_line' id='line_1_23' title="bbox 2184 913 3783 993; baseline 0.011 -26"><span class='ocrx_word' id='word_1_146' title='bbox 2184 913 2419 971; x_wconf 81' lang='lat' dir='ltr'><strong>Narboni</strong></span> <span class='ocrx_word' id='word_1_147' title='bbox 2448 917 2638 973; x_wconf 82' lang='lat' dir='ltr'><strong>Martio</strong></span> <span class='ocrx_word' id='word_1_148' title='bbox 2670 919 2865 975; x_wconf 90' lang='lat' dir='ltr'><strong>Paulus</strong></span> <span class='ocrx_word' id='word_1_149' title='bbox 2884 964 2899 985; x_wconf 91' lang='lat'><strong>,</strong></span> <span class='ocrx_word' id='word_1_150' title='bbox 2930 921 3148 990; x_wconf 76' lang='lat' dir='ltr'><strong>Sergius</strong></span> <span class='ocrx_word' id='word_1_151' title='bbox 3179 926 3622 993; x_wconf 77' lang='lat' dir='ltr'><strong>prznnominatus,</strong></span> <span class='ocrx_word' id='word_1_152' title='bbox 3643 930 3697 981; x_wconf 82' lang='lat' dir='ltr'><strong>in</strong></span> <span class='ocrx_word' id='word_1_153' title='bbox 3721 943 3783 984; x_wconf 83' lang='lat' dir='ltr'><strong>eo</strong></span> 
     </span>
    </p>
   </div>
   <div class='ocr_carea' id='block_1_24' title="bbox 2184 1011 3782 1089">
    <p class='ocr_par' dir='ltr' id='par_1_24' title="bbox 2184 1011 3782 1089">
     <span class='ocr_line' id='line_1_24' title="bbox 2184 1011 3782 1089; baseline 0.01 -30"><span class='ocrx_word' id='word_1_154' title='bbox 2184 1018 2434 1075; x_wconf 86' lang='lat' dir='ltr'><strong>poemate</strong></span> <span class='ocrx_word' id='word_1_155' title='bbox 2482 1011 2822 1079; x_wconf 86' lang='lat' dir='ltr'><strong>attribuitur,</strong></span> <span class='ocrx_word' id='word_1_156' title='bbox 2854 1015 2996 1081; x_wconf 75' lang='lat' dir='ltr'><strong>quod</strong></span> <span class='ocrx_word' id='word_1_157' title='bbox 3026 1030 3178 1070; x_wconf 80' lang='lat' dir='ltr'><strong>saera</strong></span> <span class='ocrx_word' id='word_1_158' title='bbox 3221 1016 3339 1085; x_wconf 85' lang='lat' dir='ltr'><strong>ejus</strong></span> <span class='ocrx_word' id='word_1_159' title='bbox 3383 1020 3638 1089; x_wconf 79' lang='lat' dir='ltr'><strong>martyris</strong></span> <span class='ocrx_word' id='word_1_160' title='bbox 3666 1036 3782 1075; x_wconf 87' lang='lat' dir='ltr'><strong>assa</strong></span> 
     </span>
    </p>
   </div>
   <div class='ocr_carea' id='block_1_25' title="bbox 2185 1094 3780 1176">
    <p class='ocr_par' dir='ltr' id='par_1_25' title="bbox 2185 1094 3780 1176">
     <span class='ocr_line' id='line_1_25' title="bbox 2185 1094 3780 1176; baseline 0.01 -29"><span class='ocrx_word' id='word_1_161' title='bbox 2185 1094 2382 1150; x_wconf 82' lang='lat' dir='ltr'><strong>ibidem</strong></span> <span class='ocrx_word' id='word_1_162' title='bbox 2411 1098 2477 1150; x_wconf 88' lang='lat' dir='ltr'><strong>ad</strong></span> <span class='ocrx_word' id='word_1_163' title='bbox 2509 1099 2648 1154; x_wconf 87' lang='lat' dir='ltr'><strong>hanc</strong></span> <span class='ocrx_word' id='word_1_164' title='bbox 2676 1116 2844 1169; x_wconf 87' lang='lat' dir='ltr'><strong>usque</strong></span> <span class='ocrx_word' id='word_1_165' title='bbox 2871 1102 3013 1157; x_wconf 91' lang='lat' dir='ltr'><strong>diem</strong></span> <span class='ocrx_word' id='word_1_166' title='bbox 3042 1106 3418 1173; x_wconf 85' lang='lat' dir='ltr'><strong>requiescant;</strong></span> <span class='ocrx_word' id='word_1_167' title='bbox 3452 1107 3569 1176; x_wconf 89' lang='lat' dir='ltr'><strong>ipse</strong></span> <span class='ocrx_word' id='word_1_168' title='bbox 3601 1118 3780 1164; x_wconf 80' lang='lat' dir='ltr'><strong>tamen</strong></span> 
     </span>
    </p>
   </div>
   <div class='ocr_carea' id='block_1_26' title="bbox 2184 1184 3781 1264">
    <p class='ocr_par' dir='ltr' id='par_1_26' title="bbox 2184 1184 3781 1264">
     <span class='ocr_line' id='line_1_26' title="bbox 2184 1184 3781 1264; baseline 0.009 -26"><span class='ocrx_word' id='word_1_169' title='bbox 2184 1184 2238 1238; x_wconf 88' lang='lat' dir='ltr'><strong>in</strong></span> <span class='ocrx_word' id='word_1_170' title='bbox 2265 1184 2408 1240; x_wconf 86' lang='lat' dir='ltr'><strong>Urbe</strong></span> <span class='ocrx_word' id='word_1_171' title='bbox 2434 1196 2609 1250; x_wconf 88' lang='lat' dir='ltr'><strong>natus,</strong></span> <span class='ocrx_word' id='word_1_172' title='bbox 2634 1190 2888 1261; x_wconf 83' lang='lat' dir='ltr'><strong>domique</strong></span> <span class='ocrx_word' id='word_1_173' title='bbox 2916 1200 2972 1246; x_wconf 90' lang='lat' dir='ltr'><strong>et</strong></span> <span class='ocrx_word' id='word_1_174' title='bbox 3001 1193 3051 1245; x_wconf 89' lang='lat' dir='ltr'><strong>in</strong></span> <span class='ocrx_word' id='word_1_175' title='bbox 3082 1196 3372 1264; x_wconf 88' lang='lat' dir='ltr'><strong>provinciis</strong></span> <span class='ocrx_word' id='word_1_176' title='bbox 3402 1197 3620 1251; x_wconf 75' lang='lat' dir='ltr'><strong>eximiis</strong></span> <span class='ocrx_word' id='word_1_177' title='bbox 3663 1214 3781 1252; x_wconf 79' lang='lat' dir='ltr'><strong>mn-</strong></span> 
     </span>
    </p>
   </div>
   <div class='ocr_carea' id='block_1_27' title="bbox 2185 1278 3781 1360">
    <p class='ocr_par' dir='ltr' id='par_1_27' title="bbox 2185 1278 3781 1360">
     <span class='ocr_line' id='line_1_27' title="bbox 2185 1278 3781 1360; baseline 0.009 -29"><span class='ocrx_word' id='word_1_178' title='bbox 2185 1278 2426 1342; x_wconf 87' lang='lat' dir='ltr'><strong>neribus,</strong></span> <span class='ocrx_word' id='word_1_179' title='bbox 2460 1288 2516 1334; x_wconf 90' lang='lat' dir='ltr'><strong>et</strong></span> <span class='ocrx_word' id='word_1_180' title='bbox 2557 1283 2943 1348; x_wconf 87' lang='lat' dir='ltr'><strong>proconsulatu</strong></span> <span class='ocrx_word' id='word_1_181' title='bbox 2971 1284 3190 1342; x_wconf 79' lang='lat' dir='ltr'><strong>{unctus</strong></span> <span class='ocrx_word' id='word_1_182' title='bbox 3210 1288 3483 1355; x_wconf 88' lang='lat' dir='ltr'><strong>creditur;</strong></span> <span class='ocrx_word' id='word_1_183' title='bbox 3508 1300 3661 1346; x_wconf 82' lang='lat' dir='ltr'><strong>certe</strong></span> <span class='ocrx_word' id='word_1_184' title='bbox 3687 1306 3781 1360; x_wconf 84' lang='lat' dir='ltr'><strong>pa-</strong></span> 
     </span>
    </p>
   </div>
   <div class='ocr_carea' id='block_1_28' title="bbox 2184 1366 2962 1427">
    <p class='ocr_par' dir='ltr' id='par_1_28' title="bbox 2184 1366 2962 1427">
     <span class='ocr_line' id='line_1_28' title="bbox 2184 1366 2962 1427; baseline 0.012 -10"><span class='ocrx_word' id='word_1_185' title='bbox 2184 1367 2284 1418; x_wconf 90' lang='lat' dir='ltr'><strong>tria</strong></span> <span class='ocrx_word' id='word_1_186' title='bbox 2316 1366 2677 1423; x_wconf 84' lang='lat' dir='ltr'><strong>Narbonensis</strong></span> <span class='ocrx_word' id='word_1_187' title='bbox 2705 1386 2812 1425; x_wconf 88' lang='lat' dir='ltr'><strong>non</strong></span> <span class='ocrx_word' id='word_1_188' title='bbox 2844 1371 2962 1427; x_wconf 79' lang='lat' dir='ltr'><strong>fuit.</strong></span> 
     </span>
    </p>
   </div>
   <div class='ocr_carea' id='block_1_29' title="bbox 2257 1457 3781 1536">
    <p class='ocr_par' dir='ltr' id='par_1_29' title="bbox 2257 1457 3781 1536">
     <span class='ocr_line' id='line_1_29' title="bbox 2257 1457 3781 1536; baseline 0.011 -25"><span class='ocrx_word' id='word_1_189' title='bbox 2257 1457 2367 1513; x_wconf 78' lang='lat' dir='ltr'><strong>Nec</strong></span> <span class='ocrx_word' id='word_1_190' title='bbox 2409 1460 2608 1515; x_wconf 82' lang='lat' dir='ltr'><strong>scimus</strong></span> <span class='ocrx_word' id='word_1_191' title='bbox 2646 1478 2713 1516; x_wconf 91' lang='lat' dir='ltr'><strong>an</strong></span> <span class='ocrx_word' id='word_1_192' title='bbox 2753 1461 2932 1519; x_wconf 84' lang='lat' dir='ltr'><strong>Zoilus</strong></span> <span class='ocrx_word' id='word_1_193' title='bbox 2984 1473 3149 1536; x_wconf 89' lang='lat' dir='ltr'><strong>atque</strong></span> <span class='ocrx_word' id='word_1_194' title='bbox 3197 1467 3438 1524; x_wconf 84' lang='lat' dir='ltr'><strong>Acisclus</strong></span> <span class='ocrx_word' id='word_1_195' title='bbox 3485 1471 3781 1528; x_wconf 79' lang='lat' dir='ltr'><strong>nativitatis</strong></span> 
     </span>
    </p>
   </div>
   <div class='ocr_carea' id='block_1_30' title="bbox 2179 1546 3773 1633">
    <p class='ocr_par' dir='ltr' id='par_1_30' title="bbox 2179 1546 3773 1633">
     <span class='ocr_line' id='line_1_30' title="bbox 2179 1546 3773 1633; baseline 0.009 -30"><span class='ocrx_word' id='word_1_196' title='bbox 2179 1546 2301 1619; x_wconf 82' lang='lat' dir='ltr'><strong>jure</strong></span> <span class='ocrx_word' id='word_1_197' title='bbox 2329 1553 2395 1603; x_wconf 89' lang='lat' dir='ltr'><strong>ad</strong></span> <span class='ocrx_word' id='word_1_198' title='bbox 2425 1549 2727 1606; x_wconf 88' lang='lat' dir='ltr'><strong>Cordubam</strong></span> <span class='ocrx_word' id='word_1_199' title='bbox 2763 1564 3026 1623; x_wconf 82' lang='lat' dir='ltr'><strong>spectent,</strong></span> <span class='ocrx_word' id='word_1_200' title='bbox 3076 1557 3170 1627; x_wconf 86' lang='lat' dir='ltr'><strong>qui</strong></span> <span class='ocrx_word' id='word_1_201' title='bbox 3202 1566 3379 1614; x_wconf 90' lang='lat' dir='ltr'><strong>tamen</strong></span> <span class='ocrx_word' id='word_1_202' title='bbox 3424 1560 3494 1614; x_wconf 91' lang='lat' dir='ltr'><strong>ob</strong></span> <span class='ocrx_word' id='word_1_203' title='bbox 3524 1564 3773 1633; x_wconf 78' lang='lat' dir='ltr'><strong>mtrtyrii</strong></span> 
     </span>
    </p>
   </div>
   <div class='ocr_carea' id='block_1_31' title="bbox 2182 1643 3766 1724">
    <p class='ocr_par' dir='ltr' id='par_1_31' title="bbox 2182 1643 3766 1724">
     <span class='ocr_line' id='line_1_31' title="bbox 2182 1643 3766 1724; baseline 0.009 -29"><span class='ocrx_word' id='word_1_204' title='bbox 2182 1657 2247 1699; x_wconf 90' lang='lat' dir='ltr'><strong>ac</strong></span> <span class='ocrx_word' id='word_1_205' title='bbox 2268 1643 2495 1713; x_wconf 74' lang='lat' dir='ltr'><strong>sepulcri</strong></span> <span class='ocrx_word' id='word_1_206' title='bbox 2526 1645 2700 1699; x_wconf 90' lang='lat' dir='ltr'><strong>locum</strong></span> <span class='ocrx_word' id='word_1_207' title='bbox 2724 1647 2775 1700; x_wconf 86' lang='lat' dir='ltr'><strong>ei</strong></span> <span class='ocrx_word' id='word_1_208' title='bbox 2795 1648 2910 1701; x_wconf 93' lang='lat' dir='ltr'><strong>urbi</strong></span> <span class='ocrx_word' id='word_1_209' title='bbox 2936 1664 2965 1702; x_wconf 91' lang='lat' dir='ltr'><strong>a</strong></span> <span class='ocrx_word' id='word_1_210' title='bbox 2994 1647 3287 1705; x_wconf 88' lang='lat' dir='ltr'><strong>Prudentia</strong></span> <span class='ocrx_word' id='word_1_211' title='bbox 3307 1652 3657 1708; x_wconf 90' lang='lat' dir='ltr'><strong>ascribuntur</strong></span> <span class='ocrx_word' id='word_1_212' title='bbox 3697 1656 3766 1724; x_wconf 79' lang='lat' dir='ltr'><strong>(c)</strong></span> 
     </span>
    </p>
   </div>
   <div class='ocr_carea' id='block_1_32' title="bbox 2182 1732 3779 1815">
    <p class='ocr_par' dir='ltr' id='par_1_32' title="bbox 2182 1732 3779 1815">
     <span class='ocr_line' id='line_1_32' title="bbox 2182 1732 3779 1815; baseline 0.008 -28"><span class='ocrx_word' id='word_1_213' title='bbox 2182 1732 2294 1788; x_wconf 87' lang='lat' dir='ltr'><strong>lmo</strong></span> <span class='ocrx_word' id='word_1_214' title='bbox 2321 1734 2464 1804; x_wconf 92' lang='lat' dir='ltr'><strong>ipsos</strong></span> <span class='ocrx_word' id='word_1_215' title='bbox 2486 1735 2672 1791; x_wconf 87' lang='lat' dir='ltr'><strong>decem</strong></span> <span class='ocrx_word' id='word_1_216' title='bbox 2702 1747 2757 1793; x_wconf 89' lang='lat' dir='ltr'><strong>et</strong></span> <span class='ocrx_word' id='word_1_217' title='bbox 2785 1748 2910 1794; x_wconf 91' lang='lat' dir='ltr'><strong>octo</strong></span> <span class='ocrx_word' id='word_1_218' title='bbox 2949 1749 3232 1811; x_wconf 86' lang='lat' dir='ltr'><strong>martyres,</strong></span> <span class='ocrx_word' id='word_1_219' title='bbox 3273 1757 3500 1812; x_wconf 85' lang='lat' dir='ltr'><strong>quorum</strong></span> <span class='ocrx_word' id='word_1_220' title='bbox 3535 1748 3779 1815; x_wconf 76' lang='lat' dir='ltr'><strong>praprius</strong></span> 
     </span>
    </p>
   </div>
   <div class='ocr_carea' id='block_1_33' title="bbox 482 1818 3778 1902">
    <p class='ocr_par' dir='ltr' id='par_1_33' title="bbox 482 1818 3778 1902">
     <span class='ocr_line' id='line_1_33' title="bbox 482 1818 3778 1902; baseline 0.005 -28"><span class='ocrx_word' id='word_1_221' title='bbox 482 1819 809 1890; x_wconf 69' lang='lat' dir='ltr'><strong>adjiciuntur</strong></span> <span class='ocrx_word' id='word_1_222' title='bbox 836 1820 1036 1886; x_wconf 88' lang='lat' dir='ltr'><strong>patrias</strong></span> <span class='ocrx_word' id='word_1_223' title='bbox 1064 1819 1328 1873; x_wconf 89' lang='lat' dir='ltr'><strong>contineri</strong></span> <span class='ocrx_word' id='word_1_224' title='bbox 1364 1836 1374 1870; x_wconf 95' lang='lat'>:</span> <span class='ocrx_word' id='word_1_225' title='bbox 1409 1819 1539 1872; x_wconf 83' lang='lat' dir='ltr'><strong>nihil</strong></span> <span class='ocrx_word' id='word_1_226' title='bbox 1563 1819 1763 1873; x_wconf 86' lang='lat' dir='ltr'><strong>veritus</strong></span> <span class='ocrx_word' id='word_1_227' title='bbox 1793 1818 1890 1871; x_wconf 83' lang='lat' dir='ltr'><strong>fuit</strong></span> <span class='ocrx_word' id='word_1_228' title='bbox 1918 1833 2067 1872; x_wconf 85' lang='lat' dir='ltr'><strong>asse-</strong></span> <span class='ocrx_word' id='word_1_229' title='bbox 2103 1830 2149 1889; x_wconf 82' lang='grc' dir='ltr'><strong>Β</strong></span> <span class='ocrx_word' id='word_1_230' title='bbox 2176 1838 2259 1882; x_wconf 73' lang='grc' dir='ltr'><strong>εει</strong></span> <span class='ocrx_word' id='word_1_231' title='bbox 2288 1827 2515 1899; x_wconf 75' lang='lat' dir='ltr'><strong>hymnus</strong></span> <span class='ocrx_word' id='word_1_232' title='bbox 2558 1830 2625 1885; x_wconf 90' lang='lat' dir='ltr'><strong>de</strong></span> <span class='ocrx_word' id='word_1_233' title='bbox 2652 1846 2757 1900; x_wconf 89' lang='lat' dir='ltr'><strong>quo</strong></span> <span class='ocrx_word' id='word_1_234' title='bbox 2789 1833 3027 1899; x_wconf 82' lang='lat' dir='ltr'><strong>agimus,</strong></span> <span class='ocrx_word' id='word_1_235' title='bbox 3065 1850 3172 1888; x_wconf 90' lang='lat' dir='ltr'><strong>non</strong></span> <span class='ocrx_word' id='word_1_236' title='bbox 3205 1834 3309 1888; x_wconf 90' lang='lat' dir='ltr'><strong>alio</strong></span> <span class='ocrx_word' id='word_1_237' title='bbox 3338 1850 3505 1902; x_wconf 87' lang='lat' dir='ltr'><strong>quam</strong></span> <span class='ocrx_word' id='word_1_238' title='bbox 3548 1837 3778 1902; x_wconf 84' lang='lat' dir='ltr'><strong>sepulcri</strong></span> 
     </span>
    </p>
   </div>
   <div class='ocr_carea' id='block_1_34' title="bbox 480 1909 2077 1978">
    <p class='ocr_par' dir='ltr' id='par_1_34' title="bbox 480 1909 2077 1978">
     <span class='ocr_line' id='line_1_34' title="bbox 480 1909 2077 1978; baseline -0.003 -14"><span class='ocrx_word' id='word_1_239' title='bbox 480 1925 648 1965; x_wconf 84' lang='lat' dir='ltr'><strong>rere:</strong></span> <span class='ocrx_word' id='word_1_240' title='bbox 684 1927 787 1964; x_wconf 85' lang='lat' dir='ltr'><strong>non</strong></span> <span class='ocrx_word' id='word_1_241' title='bbox 838 1927 950 1964; x_wconf 81' lang='lat' dir='ltr'><strong>esse</strong></span> <span class='ocrx_word' id='word_1_242' title='bbox 998 1911 1049 1963; x_wconf 87' lang='lat' dir='ltr'><strong>in</strong></span> <span class='ocrx_word' id='word_1_243' title='bbox 1099 1926 1238 1964; x_wconf 87' lang='lat' dir='ltr'><strong>more</strong></span> <span class='ocrx_word' id='word_1_244' title='bbox 1290 1909 1592 1975; x_wconf 79' lang='lat' dir='ltr'><strong>Prudentia,</strong></span> <span class='ocrx_word' id='word_1_245' title='bbox 1638 1918 1921 1978; x_wconf 83' lang='lat' dir='ltr'><strong>martyrum</strong></span> <span class='ocrx_word' id='word_1_246' title='bbox 1963 1924 2077 1961; x_wconf 74' lang='lat' dir='ltr'><strong>rere</strong></span> 
     </span>
    </p>
   </div>
   <div class='ocr_carea' id='block_1_35' title="bbox 480 2000 2075 2071">
    <p class='ocr_par' dir='ltr' id='par_1_35' title="bbox 480 2000 2075 2071">
     <span class='ocr_line' id='line_1_35' title="bbox 480 2000 2075 2071; baseline -0.003 -17"><span class='ocrx_word' id='word_1_247' title='bbox 480 2000 838 2070; x_wconf 72' lang='lat' dir='ltr'><strong>Hispanorum</strong></span> <span class='ocrx_word' id='word_1_248' title='bbox 868 2002 1065 2068; x_wconf 78' lang='lat' dir='ltr'><strong>patrias</strong></span> <span class='ocrx_word' id='word_1_249' title='bbox 1109 2002 1162 2053; x_wconf 86' lang='lat' dir='ltr'><strong>in</strong></span> <span class='ocrx_word' id='word_1_250' title='bbox 1196 2003 1418 2071; x_wconf 76' lang='lat' dir='ltr'><strong>hymnis,</strong></span> <span class='ocrx_word' id='word_1_251' title='bbox 1446 2016 1568 2069; x_wconf 78' lang='lat' dir='ltr'><strong>quos</strong></span> <span class='ocrx_word' id='word_1_252' title='bbox 1618 2000 1679 2053; x_wconf 77' lang='lat' dir='ltr'><strong>de</strong></span> <span class='ocrx_word' id='word_1_253' title='bbox 1709 2000 1833 2067; x_wconf 77' lang='lat' dir='ltr'><strong>ipsis</strong></span> <span class='ocrx_word' id='word_1_254' title='bbox 1870 2000 2075 2068; x_wconf 72' lang='lat' dir='ltr'><strong>panxit,</strong></span> 
     </span>
    </p>
   </div>
   <div class='ocr_carea' id='block_1_36' title="bbox 481 2088 2078 2159">
    <p class='ocr_par' dir='ltr' id='par_1_36' title="bbox 481 2088 2078 2159">
     <span class='ocr_line' id='line_1_36' title="bbox 481 2088 2078 2159; baseline -0.003 -13"><span class='ocrx_word' id='word_1_255' title='bbox 481 2091 689 2146; x_wconf 73' lang='lat' dir='ltr'><strong>silentio</strong></span> <span class='ocrx_word' id='word_1_256' title='bbox 716 2091 996 2159; x_wconf 74' lang='lat' dir='ltr'><strong>prwtcrire.</strong></span> <span class='ocrx_word' id='word_1_257' title='bbox 1033 2089 1214 2159; x_wconf 87' lang='lat' dir='ltr'><strong>Longe</strong></span> <span class='ocrx_word' id='word_1_258' title='bbox 1247 2101 1422 2143; x_wconf 81' lang='lat' dir='ltr'><strong>tamen</strong></span> <span class='ocrx_word' id='word_1_259' title='bbox 1448 2091 1605 2143; x_wconf 86' lang='lat' dir='ltr'><strong>aliam</strong></span> <span class='ocrx_word' id='word_1_260' title='bbox 1640 2089 1797 2157; x_wconf 85' lang='lat' dir='ltr'><strong>hujus</strong></span> <span class='ocrx_word' id='word_1_261' title='bbox 1843 2088 2078 2143; x_wconf 87' lang='lat' dir='ltr'><strong>auctoris</strong></span> 
     </span>
    </p>
   </div>
   <div class='ocr_carea' id='block_1_37' title="bbox 481 2179 2076 2251">
    <p class='ocr_par' dir='ltr' id='par_1_37' title="bbox 481 2179 2076 2251">
     <span class='ocr_line' id='line_1_37' title="bbox 481 2179 2076 2251; baseline -0.001 -14"><span class='ocrx_word' id='word_1_262' title='bbox 481 2193 721 2237; x_wconf 84' lang='lat' dir='ltr'><strong>mentem</strong></span> <span class='ocrx_word' id='word_1_263' title='bbox 753 2182 932 2244; x_wconf 79' lang='lat' dir='ltr'><strong>fuisse.</strong></span> <span class='ocrx_word' id='word_1_264' title='bbox 966 2198 1086 2236; x_wconf 90' lang='lat' dir='ltr'><strong>cum</strong></span> <span class='ocrx_word' id='word_1_265' title='bbox 1116 2183 1239 2235; x_wconf 85' lang='lat' dir='ltr'><strong>alibi</strong></span> <span class='ocrx_word' id='word_1_266' title='bbox 1281 2190 1561 2251; x_wconf 84' lang='lat' dir='ltr'><strong>perpetuo,</strong></span> <span class='ocrx_word' id='word_1_267' title='bbox 1592 2190 1701 2233; x_wconf 92' lang='lat' dir='ltr'><strong>tum</strong></span> <span class='ocrx_word' id='word_1_268' title='bbox 1732 2181 1895 2233; x_wconf 91' lang='lat' dir='ltr'><strong>etiam</strong></span> <span class='ocrx_word' id='word_1_269' title='bbox 1928 2179 1979 2232; x_wconf 90' lang='lat' dir='ltr'><strong>in</strong></span> <span class='ocrx_word' id='word_1_270' title='bbox 2011 2195 2076 2235; x_wconf 91' lang='lat' dir='ltr'><strong>eo</strong></span> 
     </span>
    </p>
   </div>
   <div class='ocr_carea' id='block_1_38' title="bbox 484 2253 2073 2345">
    <p class='ocr_par' dir='ltr' id='par_1_38' title="bbox 484 2253 2073 2345">
     <span class='ocr_line' id='line_1_38' title="bbox 484 2253 2073 2345; baseline -0.004 -16"><span class='ocrx_word' id='word_1_271' title='bbox 484 2275 687 2345; x_wconf 70' lang='lat' dir='ltr'><strong>hyDI&#39;IO</strong></span> <span class='ocrx_word' id='word_1_272' title='bbox 713 2276 779 2328; x_wconf 90' lang='lat' dir='ltr'><strong>de</strong></span> <span class='ocrx_word' id='word_1_273' title='bbox 808 2290 914 2343; x_wconf 91' lang='lat' dir='ltr'><strong>quo</strong></span> <span class='ocrx_word' id='word_1_274' title='bbox 943 2276 1149 2341; x_wconf 85' lang='lat' dir='ltr'><strong>agimus</strong></span> <span class='ocrx_word' id='word_1_275' title='bbox 1183 2291 1197 2338; x_wconf 90' lang='lat'><strong>;</strong></span> <span class='ocrx_word' id='word_1_276' title='bbox 1232 2288 1406 2341; x_wconf 86' lang='lat' dir='ltr'><strong>neque</strong></span> <span class='ocrx_word' id='word_1_277' title='bbox 1436 2272 1502 2325; x_wconf 89' lang='lat' dir='ltr'><strong>ad</strong></span> <span class='ocrx_word' id='word_1_278' title='bbox 1532 2279 1826 2341; x_wconf 88' lang='lat' dir='ltr'><strong>martyrum</strong></span> <span class='ocrx_word' id='word_1_279' title='bbox 1852 2253 2073 2339; x_wconf 72' lang='lat' dir='ltr'><strong>patrias,</strong></span> 
     </span>
    </p>
   </div>
   <div class='ocr_carea' id='block_1_39' title="bbox 484 2362 2077 2435">
    <p class='ocr_par' dir='ltr' id='par_1_39' title="bbox 484 2362 2077 2435">
     <span class='ocr_line' id='line_1_39' title="bbox 484 2362 2077 2435; baseline -0.003 -15"><span class='ocrx_word' id='word_1_280' title='bbox 484 2366 579 2420; x_wconf 78' lang='lat' dir='ltr'><strong>sed</strong></span> <span class='ocrx_word' id='word_1_281' title='bbox 610 2366 674 2419; x_wconf 84' lang='lat' dir='ltr'><strong>ad</strong></span> <span class='ocrx_word' id='word_1_282' title='bbox 705 2366 1012 2435; x_wconf 74' lang='lat' dir='ltr'><strong>pa~sianum</strong></span> <span class='ocrx_word' id='word_1_283' title='bbox 1042 2365 1181 2432; x_wconf 86' lang='lat' dir='ltr'><strong>loca,</strong></span> <span class='ocrx_word' id='word_1_284' title='bbox 1211 2364 1442 2417; x_wconf 83' lang='lat' dir='ltr'><strong>niaxime</strong></span> <span class='ocrx_word' id='word_1_285' title='bbox 1473 2380 1603 2418; x_wconf 88' lang='lat' dir='ltr'><strong>vero</strong></span> <span class='ocrx_word' id='word_1_286' title='bbox 1636 2364 1686 2416; x_wconf 89' lang='lat' dir='ltr'><strong>itt</strong></span> <span class='ocrx_word' id='word_1_287' title='bbox 1717 2363 1910 2431; x_wconf 83' lang='lat' dir='ltr'><strong>quibus</strong></span> <span class='ocrx_word' id='word_1_288' title='bbox 1938 2362 2077 2417; x_wconf 86' lang='lat' dir='ltr'><strong>sacri</strong></span> 
     </span>
    </p>
   </div>
   <div class='ocr_carea' id='block_1_40' title="bbox 488 2456 2076 2525">
    <p class='ocr_par' dir='ltr' id='par_1_40' title="bbox 488 2456 2076 2525">
     <span class='ocr_line' id='line_1_40' title="bbox 488 2456 2076 2525; baseline -0.001 -14"><span class='ocrx_word' id='word_1_289' title='bbox 488 2458 802 2512; x_wconf 88' lang='lat' dir='ltr'><strong>earumdem</strong></span> <span class='ocrx_word' id='word_1_290' title='bbox 858 2459 1066 2513; x_wconf 86' lang='lat' dir='ltr'><strong>cineres</strong></span> <span class='ocrx_word' id='word_1_291' title='bbox 1108 2457 1470 2522; x_wconf 85' lang='lat' dir='ltr'><strong>habebantur,</strong></span> <span class='ocrx_word' id='word_1_292' title='bbox 1526 2456 1867 2525; x_wconf 74' lang='lat' dir='ltr'><strong>respexisse:</strong></span> <span class='ocrx_word' id='word_1_293' title='bbox 1903 2456 2076 2525; x_wconf 90' lang='lat' dir='ltr'><strong>ipsum</strong></span> 
     </span>
    </p>
   </div>
   <div class='ocr_carea' id='block_1_41' title="bbox 486 2547 2075 2622">
    <p class='ocr_par' dir='ltr' id='par_1_41' title="bbox 486 2547 2075 2622">
     <span class='ocr_line' id='line_1_41' title="bbox 486 2547 2075 2622; baseline -0.003 -17"><span class='ocrx_word' id='word_1_294' title='bbox 486 2552 752 2622; x_wconf 74' lang='lat' dir='ltr'><strong>poematis</strong></span> <span class='ocrx_word' id='word_1_295' title='bbox 783 2558 1156 2618; x_wconf 79' lang='lat' dir='ltr'><strong>argumentum</strong></span> <span class='ocrx_word' id='word_1_296' title='bbox 1184 2550 1323 2619; x_wconf 89' lang='lat' dir='ltr'><strong>quod</strong></span> <span class='ocrx_word' id='word_1_297' title='bbox 1349 2549 1554 2618; x_wconf 89' lang='lat' dir='ltr'><strong>pridem</strong></span> <span class='ocrx_word' id='word_1_298' title='bbox 1577 2547 1923 2617; x_wconf 79' lang='lat' dir='ltr'><strong>exposuimus</strong></span> <span class='ocrx_word' id='word_1_299' title='bbox 1960 2547 2075 2602; x_wconf 88' lang='lat' dir='ltr'><strong>evi-</strong></span> 
     </span>
    </p>
   </div>
   <div class='ocr_carea' id='block_1_42' title="bbox 392 2640 2078 2707">
    <p class='ocr_par' dir='ltr' id='par_1_42' title="bbox 392 2640 2078 2707">
     <span class='ocr_line' id='line_1_42' title="bbox 392 2640 2078 2707; baseline -0.004 -9"><span class='ocrx_word' id='word_1_300' title='bbox 392 2650 399 2665; x_wconf 92' lang='lat'><strong>‘</strong></span> <span class='ocrx_word' id='word_1_301' title='bbox 486 2642 678 2698; x_wconf 84' lang='lat' dir='ltr'><strong>denter</strong></span> <span class='ocrx_word' id='word_1_302' title='bbox 701 2642 977 2707; x_wconf 83' lang='lat' dir='ltr'><strong>declarat;</strong></span> <span class='ocrx_word' id='word_1_303' title='bbox 1004 2658 1106 2694; x_wconf 91' lang='lat' dir='ltr'><strong>non</strong></span> <span class='ocrx_word' id='word_1_304' title='bbox 1131 2642 1272 2696; x_wconf 91' lang='lat' dir='ltr'><strong>enim</strong></span> <span class='ocrx_word' id='word_1_305' title='bbox 1299 2657 1459 2696; x_wconf 89' lang='lat' dir='ltr'><strong>vacua</strong></span> <span class='ocrx_word' id='word_1_306' title='bbox 1493 2640 1907 2695; x_wconf 84' lang='lat' dir='ltr'><strong>vernaculorum</strong></span> <span class='ocrx_word' id='word_1_307' title='bbox 1936 2656 2078 2693; x_wconf 85' lang='lat' dir='ltr'><strong>tuar-</strong></span> 
     </span>
    </p>
   </div>
   <div class='ocr_carea' id='block_1_43' title="bbox 484 2734 2077 2806">
    <p class='ocr_par' dir='ltr' id='par_1_43' title="bbox 484 2734 2077 2806">
     <span class='ocr_line' id='line_1_43' title="bbox 484 2734 2077 2806; baseline -0.003 -17"><span class='ocrx_word' id='word_1_308' title='bbox 484 2744 666 2806; x_wconf 83' lang='lat' dir='ltr'><strong>tyrum</strong></span> <span class='ocrx_word' id='word_1_309' title='bbox 718 2734 954 2798; x_wconf 86' lang='lat' dir='ltr'><strong>nomina,</strong></span> <span class='ocrx_word' id='word_1_310' title='bbox 987 2735 1079 2788; x_wconf 89' lang='lat' dir='ltr'><strong>sed</strong></span> <span class='ocrx_word' id='word_1_311' title='bbox 1119 2750 1270 2791; x_wconf 84' lang='lat' dir='ltr'><strong>sacra</strong></span> <span class='ocrx_word' id='word_1_312' title='bbox 1302 2734 1616 2788; x_wconf 79' lang='lat' dir='ltr'><strong>earumdem</strong></span> <span class='ocrx_word' id='word_1_313' title='bbox 1661 2748 1785 2788; x_wconf 88' lang='lat' dir='ltr'><strong>ossa</strong></span> <span class='ocrx_word' id='word_1_314' title='bbox 1832 2734 2077 2787; x_wconf 77' lang='lat' dir='ltr'><strong>civitates</strong></span> 
     </span>
    </p>
   </div>
   <div class='ocr_carea' id='block_1_44' title="bbox 426 2823 2077 2896">
    <p class='ocr_par' dir='ltr' id='par_1_44' title="bbox 426 2823 2077 2896">
     <span class='ocr_line' id='line_1_44' title="bbox 426 2823 2077 2896; baseline 0 -17"><span class='ocrx_word' id='word_1_315' title='bbox 426 2875 439 2879; x_wconf 92' lang='lat'>_</span> <span class='ocrx_word' id='word_1_316' title='bbox 474 2841 728 2896; x_wconf 85' lang='lat' dir='ltr'><strong>quasque</strong></span> <span class='ocrx_word' id='word_1_317' title='bbox 766 2824 981 2880; x_wconf 79' lang='lat' dir='ltr'><strong>Cnristo</strong></span> <span class='ocrx_word' id='word_1_318' title='bbox 1026 2825 1301 2881; x_wconf 89' lang='lat' dir='ltr'><strong>ablaturas</strong></span> <span class='ocrx_word' id='word_1_319' title='bbox 1355 2824 1675 2880; x_wconf 84' lang='lat' dir='ltr'><strong>Prudentius</strong></span> <span class='ocrx_word' id='word_1_320' title='bbox 1719 2824 1795 2878; x_wconf 86' lang='lat' dir='ltr'><strong>ait</strong></span> <span class='ocrx_word' id='word_1_321' title='bbox 1835 2823 1934 2895; x_wconf 89' lang='lat' dir='ltr'><strong>(a);</strong></span> <span class='ocrx_word' id='word_1_322' title='bbox 1977 2840 2077 2879; x_wconf 88' lang='lat' dir='ltr'><strong>nec</strong></span> 
     </span>
    </p>
   </div>
   <div class='ocr_carea' id='block_1_45' title="bbox 483 2916 2076 2988">
    <p class='ocr_par' dir='ltr' id='par_1_45' title="bbox 483 2916 2076 2988">
     <span class='ocr_line' id='line_1_45' title="bbox 483 2916 2076 2988; baseline -0.003 -13"><span class='ocrx_word' id='word_1_323' title='bbox 483 2919 944 2987; x_wconf 74' lang='lat' dir='ltr'><strong>Caesaraugustam</strong></span> <span class='ocrx_word' id='word_1_324' title='bbox 991 2919 1196 2981; x_wconf 87' lang='lat' dir='ltr'><strong>laudat,</strong></span> <span class='ocrx_word' id='word_1_325' title='bbox 1247 2918 1389 2988; x_wconf 89' lang='lat' dir='ltr'><strong>quod</strong></span> <span class='ocrx_word' id='word_1_326' title='bbox 1429 2916 1732 2973; x_wconf 87' lang='lat' dir='ltr'><strong>octodecim</strong></span> <span class='ocrx_word' id='word_1_327' title='bbox 1778 2926 2076 2986; x_wconf 79' lang='lat' dir='ltr'><strong>martyrum</strong></span> 
     </span>
    </p>
   </div>
   <div class='ocr_carea' id='block_1_46' title="bbox 483 3005 2078 3080">
    <p class='ocr_par' dir='ltr' id='par_1_46' title="bbox 483 3005 2078 3080">
     <span class='ocr_line' id='line_1_46' title="bbox 483 3005 2078 3080; baseline 0.001 -17"><span class='ocrx_word' id='word_1_328' title='bbox 483 3010 658 3080; x_wconf 88' lang='lat' dir='ltr'><strong>patria</strong></span> <span class='ocrx_word' id='word_1_329' title='bbox 699 3010 786 3073; x_wconf 89' lang='lat' dir='ltr'><strong>sit,</strong></span> <span class='ocrx_word' id='word_1_330' title='bbox 816 3010 883 3065; x_wconf 88' lang='lat' dir='ltr'><strong>de</strong></span> <span class='ocrx_word' id='word_1_331' title='bbox 911 3025 1019 3077; x_wconf 88' lang='lat' dir='ltr'><strong>quo</strong></span> <span class='ocrx_word' id='word_1_332' title='bbox 1050 3010 1275 3065; x_wconf 81' lang='lat' dir='ltr'><strong>inferius</strong></span> <span class='ocrx_word' id='word_1_333' title='bbox 1303 3008 1459 3063; x_wconf 88' lang='lat' dir='ltr'><strong>nobis</strong></span> <span class='ocrx_word' id='word_1_334' title='bbox 1486 3023 1665 3062; x_wconf 87' lang='lat' dir='ltr'><strong>sermo</strong></span> <span class='ocrx_word' id='word_1_335' title='bbox 1691 3017 1950 3074; x_wconf 88' lang='lat' dir='ltr'><strong>recurret;</strong></span> <span class='ocrx_word' id='word_1_336' title='bbox 1983 3005 2078 3064; x_wconf 82' lang='lat' dir='ltr'><strong>scd</strong></span> 
     </span>
    </p>
   </div>
   <div class='ocr_carea' id='block_1_47' title="bbox 484 3098 2071 3171">
    <p class='ocr_par' dir='ltr' id='par_1_47' title="bbox 484 3098 2071 3171">
     <span class='ocr_line' id='line_1_47' title="bbox 484 3098 2071 3171; baseline -0.003 -16"><span class='ocrx_word' id='word_1_337' title='bbox 484 3102 628 3171; x_wconf 89' lang='lat' dir='ltr'><strong>quod</strong></span> <span class='ocrx_word' id='word_1_338' title='bbox 670 3102 868 3156; x_wconf 91' lang='lat' dir='ltr'><strong>ibidem</strong></span> <span class='ocrx_word' id='word_1_339' title='bbox 899 3117 1052 3156; x_wconf 87' lang='lat' dir='ltr'><strong>sacra</strong></span> <span class='ocrx_word' id='word_1_340' title='bbox 1082 3118 1268 3155; x_wconf 90' lang='lat' dir='ltr'><strong>eorum</strong></span> <span class='ocrx_word' id='word_1_341' title='bbox 1298 3114 1526 3168; x_wconf 87' lang='lat' dir='ltr'><strong>corpora</strong></span> <span class='ocrx_word' id='word_1_342' title='bbox 1569 3098 1827 3152; x_wconf 88' lang='lat' dir='ltr'><strong>tumulata</strong></span> <span class='ocrx_word' id='word_1_343' title='bbox 1856 3098 2071 3155; x_wconf 78' lang='lat' dir='ltr'><strong>fuerint.</strong></span> 
     </span>
    </p>
   </div>
   <div class='ocr_carea' id='block_1_48' title="bbox 482 3192 1885 3265">
    <p class='ocr_par' dir='ltr' id='par_1_48' title="bbox 482 3192 1885 3265">
     <span class='ocr_line' id='line_1_48' title="bbox 482 3192 1885 3265; baseline -0.002 -18"><span class='ocrx_word' id='word_1_344' title='bbox 482 3193 568 3249; x_wconf 85' lang='lat' dir='ltr'><strong>En</strong></span> <span class='ocrx_word' id='word_1_345' title='bbox 583 3195 789 3264; x_wconf 89' lang='lat' dir='ltr'><strong>aliquot</strong></span> <span class='ocrx_word' id='word_1_346' title='bbox 814 3194 931 3262; x_wconf 84' lang='lat' dir='ltr'><strong>ejus</strong></span> <span class='ocrx_word' id='word_1_347' title='bbox 962 3195 1148 3265; x_wconf 85' lang='lat' dir='ltr'><strong>hymni</strong></span> <span class='ocrx_word' id='word_1_348' title='bbox 1169 3194 1310 3260; x_wconf 89' lang='lat' dir='ltr'><strong>loca,</strong></span> <span class='ocrx_word' id='word_1_349' title='bbox 1344 3194 1496 3248; x_wconf 91' lang='lat' dir='ltr'><strong>initio</strong></span> <span class='ocrx_word' id='word_1_350' title='bbox 1525 3192 1741 3262; x_wconf 87' lang='lat' dir='ltr'><strong>quidem</strong></span> <span class='ocrx_word' id='word_1_351' title='bbox 1774 3192 1885 3264; x_wconf 86' lang='lat' dir='ltr'><strong>(b):</strong></span> 
     </span>
    </p>
   </div>
   <div class='ocr_carea' id='block_1_49' title="bbox 794 3286 1738 3345">
    <p class='ocr_par' dir='ltr' id='par_1_49' title="bbox 794 3286 1738 3345">
     <span class='ocr_line' id='line_1_49' title="bbox 794 3286 1738 3345; baseline -0.001 -11"><span class='ocrx_word' id='word_1_352' title='bbox 794 3286 879 3334; x_wconf 84' lang='lat' dir='ltr'><strong>Bis</strong></span> <span class='ocrx_word' id='word_1_353' title='bbox 906 3300 1080 3334; x_wconf 59' lang='lat' dir='ltr'><strong>novt&#39;m</strong></span> <span class='ocrx_word' id='word_1_354' title='bbox 1105 3295 1267 3334; x_wconf 84' lang='lat' dir='ltr'><strong>uoster</strong></span> <span class='ocrx_word' id='word_1_355' title='bbox 1296 3286 1500 3345; x_wconf 75' lang='lat' dir='ltr'><strong>populus</strong></span> <span class='ocrx_word' id='word_1_356' title='bbox 1525 3286 1617 3334; x_wconf 90' lang='lat' dir='ltr'><strong>sub</strong></span> <span class='ocrx_word' id='word_1_357' title='bbox 1641 3297 1738 3333; x_wconf 89' lang='lat' dir='ltr'><strong>uno</strong></span> 
     </span>
    </p>
   </div>
   <div class='ocr_carea' id='block_1_50' title="bbox 798 3348 1739 3409">
    <p class='ocr_par' dir='ltr' id='par_1_50' title="bbox 798 3348 1739 3409">
     <span class='ocr_line' id='line_1_50' title="bbox 798 3348 1739 3409; baseline -0.002 -12"><span class='ocrx_word' id='word_1_358' title='bbox 798 3349 1061 3409; x_wconf 74' lang='lat' dir='ltr'><strong>Martyrum</strong></span> <span class='ocrx_word' id='word_1_359' title='bbox 1085 3357 1250 3397; x_wconf 78' lang='lat' dir='ltr'><strong>servat</strong></span> <span class='ocrx_word' id='word_1_360' title='bbox 1272 3360 1468 3397; x_wconf 80' lang='lat' dir='ltr'><strong>cineres</strong></span> <span class='ocrx_word' id='word_1_361' title='bbox 1490 3348 1739 3409; x_wconf 86' lang='lat' dir='ltr'><strong>sepulcro.</strong></span> 
     </span>
    </p>
   </div>
   <div class='ocr_carea' id='block_1_51' title="bbox 494 3434 1087 3505">
    <p class='ocr_par' dir='ltr' id='par_1_51' title="bbox 494 3434 1087 3505">
     <span class='ocr_line' id='line_1_51' title="bbox 494 3434 1087 3505; baseline -0.007 -14"><span class='ocrx_word' id='word_1_362' title='bbox 494 3434 607 3491; x_wconf 85' lang='lat' dir='ltr'><strong>Sub</strong></span> <span class='ocrx_word' id='word_1_363' title='bbox 634 3434 793 3490; x_wconf 80' lang='lat' dir='ltr'><strong>linem</strong></span> <span class='ocrx_word' id='word_1_364' title='bbox 820 3450 949 3489; x_wconf 86' lang='lat' dir='ltr'><strong>vero</strong></span> <span class='ocrx_word' id='word_1_365' title='bbox 974 3436 1046 3505; x_wconf 88' lang='lat' dir='ltr'><strong>(c)</strong></span> <span class='ocrx_word' id='word_1_366' title='bbox 1073 3451 1087 3487; x_wconf 91' lang='lat'><strong>:</strong></span> 
     </span>
    </p>
   </div>
   <div class='ocr_carea' id='block_1_52' title="bbox 800 3523 1804 3586">
    <p class='ocr_par' dir='ltr' id='par_1_52' title="bbox 800 3523 1804 3586">
     <span class='ocr_line' id='line_1_52' title="bbox 800 3523 1804 3586; baseline 0 -13"><span class='ocrx_word' id='word_1_367' title='bbox 800 3527 922 3573; x_wconf 76' lang='lat' dir='ltr'><strong>Octo</strong></span> <span class='ocrx_word' id='word_1_368' title='bbox 946 3534 1060 3572; x_wconf 85' lang='lat' dir='ltr'><strong>tunc</strong></span> <span class='ocrx_word' id='word_1_369' title='bbox 1080 3532 1276 3573; x_wconf 72' lang='lat' dir='ltr'><strong>sanctos</strong></span> <span class='ocrx_word' id='word_1_370' title='bbox 1300 3523 1485 3586; x_wconf 63' lang='lat' dir='ltr'><strong>recalet</strong></span> <span class='ocrx_word' id='word_1_371' title='bbox 1506 3523 1804 3586; x_wconf 80' lang='lat' dir='ltr'><strong>decemque.</strong></span> 
     </span>
    </p>
   </div>
   <div class='ocr_carea' id='block_1_53' title="bbox 799 3585 1643 3647">
    <p class='ocr_par' dir='ltr' id='par_1_53' title="bbox 799 3585 1643 3647">
     <span class='ocr_line' id='line_1_53' title="bbox 799 3585 1643 3647; baseline -0.007 -10"><span class='ocrx_word' id='word_1_372' title='bbox 799 3587 1024 3647; x_wconf 78' lang='lat' dir='ltr'><strong>Angelus</strong></span> <span class='ocrx_word' id='word_1_373' title='bbox 1046 3600 1209 3633; x_wconf 89' lang='lat' dir='ltr'><strong>coram</strong></span> <span class='ocrx_word' id='word_1_374' title='bbox 1234 3586 1377 3635; x_wconf 79' lang='lat' dir='ltr'><strong>l’atre</strong></span> <span class='ocrx_word' id='word_1_375' title='bbox 1403 3585 1643 3642; x_wconf 71' lang='lat' dir='ltr'><strong>Filioque,</strong></span> 
     </span>
    </p>
   </div>
   <div class='ocr_carea' id='block_1_54' title="bbox 801 3649 1623 3705">
    <p class='ocr_par' dir='ltr' id='par_1_54' title="bbox 801 3649 1623 3705">
     <span class='ocr_line' id='line_1_54' title="bbox 801 3649 1623 3705; baseline -0.011 -6"><span class='ocrx_word' id='word_1_376' title='bbox 801 3649 956 3699; x_wconf 85' lang='lat' dir='ltr'><strong>Unius</strong></span> <span class='ocrx_word' id='word_1_377' title='bbox 980 3649 1117 3695; x_wconf 87' lang='lat' dir='ltr'><strong>urbis</strong></span> <span class='ocrx_word' id='word_1_378' title='bbox 1139 3649 1362 3705; x_wconf 66' lang='lat' dir='ltr'><strong>regimen</strong></span> <span class='ocrx_word' id='word_1_379' title='bbox 1386 3656 1623 3696; x_wconf 78' lang='lat' dir='ltr'><strong>tenentes</strong></span> 
     </span>
    </p>
   </div>
   <div class='ocr_carea' id='block_1_55' title="bbox 989 3708 1364 3772">
    <p class='ocr_par' dir='ltr' id='par_1_55' title="bbox 989 3708 1364 3772">
     <span class='ocr_line' id='line_1_55' title="bbox 989 3708 1364 3772; baseline -0.008 -14"><span class='ocrx_word' id='word_1_380' title='bbox 989 3711 1108 3759; x_wconf 87' lang='lat' dir='ltr'><strong>Jore</strong></span> <span class='ocrx_word' id='word_1_381' title='bbox 1132 3708 1364 3772; x_wconf 53' lang='lat' dir='ltr'><strong>st&#39;pulcri.</strong></span> 
     </span>
    </p>
   </div>
   <div class='ocr_carea' id='block_1_56' title="bbox 493 3792 1191 3866">
    <p class='ocr_par' dir='ltr' id='par_1_56' title="bbox 493 3792 1191 3866">
     <span class='ocr_line' id='line_1_56' title="bbox 493 3792 1191 3866; baseline -0.009 -15"><span class='ocrx_word' id='word_1_382' title='bbox 493 3796 673 3866; x_wconf 76' lang='lat' dir='ltr'><strong>Atque</strong></span> <span class='ocrx_word' id='word_1_383' title='bbox 701 3793 828 3850; x_wconf 86' lang='lat' dir='ltr'><strong>alibi</strong></span> <span class='ocrx_word' id='word_1_384' title='bbox 856 3792 1080 3865; x_wconf 88' lang='lat' dir='ltr'><strong>passim.</strong></span> <span class='ocrx_word' id='word_1_385' title='bbox 1182 3850 1191 3857; x_wconf 59' lang='grc'>,</span> 
     </span>
    </p>
   </div>
   <div class='ocr_carea' id='block_1_57' title="bbox 560 3877 2080 3951">
    <p class='ocr_par' dir='ltr' id='par_1_57' title="bbox 560 3877 2080 3951">
     <span class='ocr_line' id='line_1_57' title="bbox 560 3877 2080 3951; baseline -0.005 -11"><span class='ocrx_word' id='word_1_386' title='bbox 560 3886 655 3940; x_wconf 81' lang='lat' dir='ltr'><strong>llis</strong></span> <span class='ocrx_word' id='word_1_387' title='bbox 679 3886 788 3951; x_wconf 87' lang='lat' dir='ltr'><strong>jam</strong></span> <span class='ocrx_word' id='word_1_388' title='bbox 822 3894 1012 3939; x_wconf 83' lang='lat' dir='ltr'><strong>nutare</strong></span> <span class='ocrx_word' id='word_1_389' title='bbox 1048 3882 1397 3938; x_wconf 86' lang='lat' dir='ltr'><strong>Blanchinum</strong></span> <span class='ocrx_word' id='word_1_390' title='bbox 1438 3880 1629 3942; x_wconf 80' lang='lat' dir='ltr'><strong>video;</strong></span> <span class='ocrx_word' id='word_1_391' title='bbox 1667 3877 1759 3934; x_wconf 84' lang='lat' dir='ltr'><strong>sed</strong></span> <span class='ocrx_word' id='word_1_392' title='bbox 1796 3892 2080 3947; x_wconf 87' lang='lat' dir='ltr'><strong>pergamus</strong></span> 
     </span>
    </p>
   </div>
   <div class='ocr_carea' id='block_1_58' title="bbox 489 3970 2080 4043">
    <p class='ocr_par' dir='ltr' id='par_1_58' title="bbox 489 3970 2080 4043">
     <span class='ocr_line' id='line_1_58' title="bbox 489 3970 2080 4043; baseline -0.001 -14"><span class='ocrx_word' id='word_1_393' title='bbox 489 3991 607 4029; x_wconf 84' lang='lat' dir='ltr'><strong>rem</strong></span> <span class='ocrx_word' id='word_1_394' title='bbox 631 3976 805 4030; x_wconf 77' lang='lat' dir='ltr'><strong>allatis</strong></span> <span class='ocrx_word' id='word_1_395' title='bbox 833 3974 1091 4043; x_wconf 60' lang='lat' dir='ltr'><strong>exrmplis</strong></span> <span class='ocrx_word' id='word_1_396' title='bbox 1115 3973 1458 4027; x_wconf 72' lang='lat' dir='ltr'><strong>illustriorem</strong></span> <span class='ocrx_word' id='word_1_397' title='bbox 1491 3970 1734 4024; x_wconf 86' lang='lat' dir='ltr'><strong>reddere.</strong></span> <span class='ocrx_word' id='word_1_398' title='bbox 1762 3970 1909 4025; x_wconf 77' lang='lat' dir='ltr'><strong>Felix</strong></span> <span class='ocrx_word' id='word_1_399' title='bbox 1939 3973 1992 4025; x_wconf 90' lang='lat' dir='ltr'><strong>in</strong></span> <span class='ocrx_word' id='word_1_400' title='bbox 2014 3989 2080 4028; x_wconf 90' lang='lat' dir='ltr'><strong>eo</strong></span> 
     </span>
    </p>
   </div>
   <div class='ocr_carea' id='block_1_59' title="bbox 488 4060 2078 4135">
    <p class='ocr_par' dir='ltr' id='par_1_59' title="bbox 488 4060 2078 4135">
     <span class='ocr_line' id='line_1_59' title="bbox 488 4060 2078 4135; baseline -0.004 -15"><span class='ocrx_word' id='word_1_401' title='bbox 488 4066 714 4135; x_wconf 84' lang='lat' dir='ltr'><strong>hymno,</strong></span> <span class='ocrx_word' id='word_1_402' title='bbox 744 4073 804 4117; x_wconf 89' lang='lat' dir='ltr'><strong>ut</strong></span> <span class='ocrx_word' id='word_1_403' title='bbox 832 4065 1081 4131; x_wconf 84' lang='lat' dir='ltr'><strong>vidimus,</strong></span> <span class='ocrx_word' id='word_1_404' title='bbox 1109 4062 1375 4117; x_wconf 67' lang='lat' dir='ltr'><strong>Gerunda:</strong></span> <span class='ocrx_word' id='word_1_405' title='bbox 1400 4077 1427 4114; x_wconf 89' lang='lat' dir='ltr'><strong>a</strong></span> <span class='ocrx_word' id='word_1_406' title='bbox 1454 4060 1745 4116; x_wconf 87' lang='lat' dir='ltr'><strong>Prudentia</strong></span> <span class='ocrx_word' id='word_1_407' title='bbox 1774 4061 2078 4127; x_wconf 81' lang='lat' dir='ltr'><strong>ascribitur,</strong></span> 
     </span>
    </p>
   </div>
   <div class='ocr_carea' id='block_1_60' title="bbox 490 4154 2079 4220">
    <p class='ocr_par' dir='ltr' id='par_1_60' title="bbox 490 4154 2079 4220">
     <span class='ocr_line' id='line_1_60' title="bbox 490 4154 2079 4220; baseline -0.002 -9"><span class='ocrx_word' id='word_1_408' title='bbox 490 4154 723 4211; x_wconf 78' lang='lat' dir='ltr'><strong>Cucufas</strong></span> <span class='ocrx_word' id='word_1_409' title='bbox 753 4156 1070 4220; x_wconf 86' lang='lat' dir='ltr'><strong>Barcinoni;</strong></span> <span class='ocrx_word' id='word_1_410' title='bbox 1119 4165 1362 4209; x_wconf 74' lang='lat' dir='ltr'><strong>neutram</strong></span> <span class='ocrx_word' id='word_1_411' title='bbox 1398 4163 1573 4207; x_wconf 87' lang='lat' dir='ltr'><strong>tamen</strong></span> <span class='ocrx_word' id='word_1_412' title='bbox 1616 4155 1835 4208; x_wconf 88' lang='lat' dir='ltr'><strong>istarum</strong></span> <span class='ocrx_word' id='word_1_413' title='bbox 1870 4154 2079 4209; x_wconf 87' lang='lat' dir='ltr'><strong>urbium</strong></span> 
     </span>
    </p>
   </div>
   <div class='ocr_carea' id='block_1_61' title="bbox 488 4245 2080 4317">
    <p class='ocr_par' dir='ltr' id='par_1_61' title="bbox 488 4245 2080 4317">
     <span class='ocr_line' id='line_1_61' title="bbox 488 4245 2080 4317; baseline -0.002 -16"><span class='ocrx_word' id='word_1_414' title='bbox 488 4247 771 4316; x_wconf 83' lang='lat' dir='ltr'><strong>utriusque</strong></span> <span class='ocrx_word' id='word_1_415' title='bbox 803 4248 944 4301; x_wconf 85' lang='lat' dir='ltr'><strong>illius</strong></span> <span class='ocrx_word' id='word_1_416' title='bbox 980 4246 1249 4317; x_wconf 85' lang='lat' dir='ltr'><strong>martyris,</strong></span> <span class='ocrx_word' id='word_1_417' title='bbox 1275 4256 1367 4299; x_wconf 92' lang='lat' dir='ltr'><strong>aut</strong></span> <span class='ocrx_word' id='word_1_418' title='bbox 1388 4245 1609 4299; x_wconf 83' lang='lat' dir='ltr'><strong>alterius</strong></span> <span class='ocrx_word' id='word_1_419' title='bbox 1638 4260 1821 4298; x_wconf 81' lang='lat' dir='ltr'><strong>eorum</strong></span> <span class='ocrx_word' id='word_1_420' title='bbox 1853 4245 2080 4312; x_wconf 87' lang='lat' dir='ltr'><strong>patriam</strong></span> 
     </span>
    </p>
   </div>
   <div class='ocr_carea' id='block_1_62' title="bbox 490 4333 2080 4401">
    <p class='ocr_par' dir='ltr' id='par_1_62' title="bbox 490 4333 2080 4401">
     <span class='ocr_line' id='line_1_62' title="bbox 490 4333 2080 4401; baseline 0.001 -13"><span class='ocrx_word' id='word_1_421' title='bbox 490 4333 659 4389; x_wconf 81' lang='lat' dir='ltr'><strong>fuisse</strong></span> <span class='ocrx_word' id='word_1_422' title='bbox 689 4337 1025 4391; x_wconf 88' lang='lat' dir='ltr'><strong>notissimmn</strong></span> <span class='ocrx_word' id='word_1_423' title='bbox 1051 4345 1162 4401; x_wconf 91' lang='lat' dir='ltr'><strong>est;</strong></span> <span class='ocrx_word' id='word_1_424' title='bbox 1196 4336 1287 4390; x_wconf 82' lang='lat' dir='ltr'><strong>sed</strong></span> <span class='ocrx_word' id='word_1_425' title='bbox 1314 4351 1410 4389; x_wconf 89' lang='lat' dir='ltr'><strong>eos</strong></span> <span class='ocrx_word' id='word_1_426' title='bbox 1438 4336 1490 4388; x_wconf 91' lang='lat' dir='ltr'><strong>in</strong></span> <span class='ocrx_word' id='word_1_427' title='bbox 1522 4334 1713 4389; x_wconf 74' lang='lat' dir='ltr'><strong>Africae</strong></span> <span class='ocrx_word' id='word_1_428' title='bbox 1743 4336 1873 4389; x_wconf 89' lang='lat' dir='ltr'><strong>urbe</strong></span> <span class='ocrx_word' id='word_1_429' title='bbox 1901 4334 2080 4390; x_wconf 84' lang='lat' dir='ltr'><strong>Scilli-</strong></span> 
     </span>
    </p>
   </div>
   <div class='ocr_carea' id='block_1_63' title="bbox 492 4424 2082 4501">
    <p class='ocr_par' dir='ltr' id='par_1_63' title="bbox 492 4424 2082 4501">
     <span class='ocr_line' id='line_1_63' title="bbox 492 4424 2082 4501; baseline 0 -19"><span class='ocrx_word' id='word_1_430' title='bbox 492 4434 617 4482; x_wconf 77' lang='lat' dir='ltr'><strong>lana</strong></span> <span class='ocrx_word' id='word_1_431' title='bbox 661 4426 948 4501; x_wconf 77' lang='lat' dir='ltr'><strong>(Mezillam</strong></span> <span class='ocrx_word' id='word_1_432' title='bbox 993 4444 1137 4483; x_wconf 89' lang='lat' dir='ltr'><strong>nunc</strong></span> <span class='ocrx_word' id='word_1_433' title='bbox 1183 4426 1444 4495; x_wconf 73' lang='lat' dir='ltr'><strong>indigenis</strong></span> <span class='ocrx_word' id='word_1_434' title='bbox 1488 4424 1775 4482; x_wconf 52' lang='lat' dir='ltr'><strong>&quot;vernacula</strong></span> <span class='ocrx_word' id='word_1_435' title='bbox 1831 4442 2082 4482; x_wconf 84' lang='lat' dir='ltr'><strong>sermone</strong></span> 
     </span>
    </p>
   </div>
   <div class='ocr_carea' id='block_1_64' title="bbox 562 4585 1404 4655">
    <p class='ocr_par' dir='ltr' id='par_1_64' title="bbox 562 4585 1404 4655">
     <span class='ocr_line' id='line_1_64' title="bbox 562 4585 1404 4655; baseline 0.001 -17"><span class='ocrx_word' id='word_1_436' title='bbox 562 4586 641 4655; x_wconf 78' lang='grc' dir='ltr'><strong>(α)</strong></span> <span class='ocrx_word' id='word_1_437' title='bbox 671 4585 891 4654; x_wconf 84' lang='lat' dir='ltr'><strong>Strop&#39;h.</strong></span> <span class='ocrx_word' id='word_1_438' title='bbox 918 4602 989 4650; x_wconf 90' lang='lat' dir='ltr'><strong>tv,</strong></span> <span class='ocrx_word' id='word_1_439' title='bbox 1021 4602 1160 4641; x_wconf 83' lang='lat' dir='ltr'><strong>vers.</strong></span> <span class='ocrx_word' id='word_1_440' title='bbox 1195 4585 1261 4640; x_wconf 77' lang='grc'><strong>15</strong></span> <span class='ocrx_word' id='word_1_441' title='bbox 1288 4599 1404 4654; x_wconf 91' lang='lat' dir='ltr'><strong>seq.</strong></span> 
     </span>
    </p>
   </div>
   <div class='ocr_carea' id='block_1_65' title="bbox 563 4655 1288 4727">
    <p class='ocr_par' dir='ltr' id='par_1_65' title="bbox 563 4655 1288 4727">
     <span class='ocr_line' id='line_1_65' title="bbox 563 4655 1288 4727; baseline 0.001 -18"><span class='ocrx_word' id='word_1_442' title='bbox 563 4655 640 4727; x_wconf 73' lang='grc' dir='ltr'><strong>(ὁ)</strong></span> <span class='ocrx_word' id='word_1_443' title='bbox 668 4657 889 4727; x_wconf 79' lang='lat' dir='ltr'><strong>Stroph.</strong></span> <span class='ocrx_word' id='word_1_444' title='bbox 915 4672 951 4718; x_wconf 84' lang='grc' dir='ltr'>ι.</span> <span class='ocrx_word' id='word_1_445' title='bbox 978 4673 1118 4711; x_wconf 86' lang='lat' dir='ltr'><strong>vers.</strong></span> <span class='ocrx_word' id='word_1_446' title='bbox 1152 4657 1202 4720; x_wconf 84' lang='lat' dir='ltr'><strong>l,</strong></span> <span class='ocrx_word' id='word_1_447' title='bbox 1234 4656 1288 4710; x_wconf 71' lang='grc'><strong>2,</strong></span> 
     </span>
    </p>
   </div>
   <div class='ocr_carea' id='block_1_66' title="bbox 561 4726 1484 4797">
    <p class='ocr_par' dir='ltr' id='par_1_66' title="bbox 561 4726 1484 4797">
     <span class='ocr_line' id='line_1_66' title="bbox 561 4726 1484 4797; baseline -0.002 -16"><span class='ocrx_word' id='word_1_448' title='bbox 561 4731 632 4797; x_wconf 83' lang='lat' dir='ltr'><strong>(c)</strong></span> <span class='ocrx_word' id='word_1_449' title='bbox 658 4726 873 4797; x_wconf 70' lang='lat' dir='ltr'><strong>Stroph.</strong></span> <span class='ocrx_word' id='word_1_450' title='bbox 905 4744 1053 4793; x_wconf 83' lang='lat' dir='ltr'><strong>me,</strong></span> <span class='ocrx_word' id='word_1_451' title='bbox 1075 4743 1216 4782; x_wconf 87' lang='lat' dir='ltr'><strong>vers.</strong></span> <span class='ocrx_word' id='word_1_452' title='bbox 1246 4726 1347 4779; x_wconf 78' lang='grc'><strong>175</strong></span> <span class='ocrx_word' id='word_1_453' title='bbox 1370 4740 1484 4794; x_wconf 85' lang='lat' dir='ltr'><strong>seq.</strong></span> 
     </span>
    </p>
   </div>
   <div class='ocr_carea' id='block_1_67' title="bbox 562 4796 2077 4866">
    <p class='ocr_par' dir='ltr' id='par_1_67' title="bbox 562 4796 2077 4866">
     <span class='ocr_line' id='line_1_67' title="bbox 562 4796 2077 4866; baseline 0.001 -16"><span class='ocrx_word' id='word_1_454' title='bbox 562 4796 641 4866; x_wconf 77' lang='grc' dir='ltr'><strong>(ά)</strong></span> <span class='ocrx_word' id='word_1_455' title='bbox 676 4796 856 4851; x_wconf 75' lang='lat' dir='ltr'><strong>Fuerit</strong></span> <span class='ocrx_word' id='word_1_456' title='bbox 900 4797 1139 4852; x_wconf 74' lang='lat' dir='ltr'><strong>fortassis</strong></span> <span class='ocrx_word' id='word_1_457' title='bbox 1193 4800 1305 4851; x_wconf 69' lang='lat' dir='ltr'><strong>hmc</strong></span> <span class='ocrx_word' id='word_1_458' title='bbox 1353 4798 1495 4853; x_wconf 87' lang='lat' dir='ltr'><strong>urbs,</strong></span> <span class='ocrx_word' id='word_1_459' title='bbox 1550 4812 1669 4864; x_wconf 69' lang='lat' dir='ltr'><strong>qua:</strong></span> <span class='ocrx_word' id='word_1_460' title='bbox 1714 4796 2077 4852; x_wconf 84' lang='lat' dir='ltr'><strong>celeberrimis</strong></span> 
     </span>
    </p>
   </div>
   <div class='ocr_carea' id='block_1_68' title="bbox 488 4866 2073 4936">
    <p class='ocr_par' dir='ltr' id='par_1_68' title="bbox 488 4866 2073 4936">
     <span class='ocr_line' id='line_1_68' title="bbox 488 4866 2073 4936; baseline -0.002 -14"><span class='ocrx_word' id='word_1_461' title='bbox 488 4868 615 4922; x_wconf 91' lang='lat' dir='ltr'><strong>olim</strong></span> <span class='ocrx_word' id='word_1_462' title='bbox 647 4866 877 4935; x_wconf 71' lang='lat' dir='ltr'><strong>Sperato</strong></span> <span class='ocrx_word' id='word_1_463' title='bbox 906 4878 960 4921; x_wconf 90' lang='lat' dir='ltr'><strong>et</strong></span> <span class='ocrx_word' id='word_1_464' title='bbox 980 4868 1270 4933; x_wconf 87' lang='lat' dir='ltr'><strong>sociis,qui</strong></span> <span class='ocrx_word' id='word_1_465' title='bbox 1302 4866 1578 4936; x_wconf 78' lang='lat' dir='ltr'><strong>Scyllitani</strong></span> <span class='ocrx_word' id='word_1_466' title='bbox 1608 4866 2073 4936; x_wconf 75' lang='lat' dir='ltr'><strong>ntartyresappel-</strong></span> 
     </span>
    </p>
   </div>
   <div class='ocr_carea' id='block_1_69' title="bbox 490 4883 2076 5001">
    <p class='ocr_par' dir='ltr' id='par_1_69' title="bbox 490 4883 2076 5001">
     <span class='ocr_line' id='line_1_69' title="bbox 490 4883 2073 4988; baseline -0.002 -66"><span class='ocrx_word' id='word_1_467' title='bbox 490 4883 615 4922; x_wconf 90' lang='lat' dir='ltr'><strong>attm</strong></span> <span class='ocrx_word' id='word_1_468' title='bbox 648 4883 877 4935; x_wconf 58' lang='lat' dir='ltr'><strong>operata</strong></span> <span class='ocrx_word' id='word_1_469' title='bbox 906 4883 960 4921; x_wconf 87' lang='lat' dir='ltr'><strong>et</strong></span> <span class='ocrx_word' id='word_1_470' title='bbox 980 4884 1163 4933; x_wconf 86' lang='lat' dir='ltr'><strong>socns,</strong></span> <span class='ocrx_word' id='word_1_471' title='bbox 1182 4883 1270 4931; x_wconf 86' lang='lat' dir='ltr'><strong>qut</strong></span> <span class='ocrx_word' id='word_1_472' title='bbox 1302 4883 1577 4936; x_wconf 70' lang='lat' dir='ltr'><strong>ocytmant</strong></span> <span class='ocrx_word' id='word_1_473' title='bbox 1608 4883 1859 4936; x_wconf 75' lang='lat' dir='ltr'><strong>martyres</strong></span> <span class='ocrx_word' id='word_1_474' title='bbox 1889 4883 2073 4988; x_wconf 75' lang='lat' dir='ltr'><strong>appet-</strong></span> 
     </span>
     <span class='ocr_line' id='line_1_70' title="bbox 490 4935 2076 5001; baseline 0.001 -11"><span class='ocrx_word' id='word_1_475' title='bbox 490 4938 708 5001; x_wconf 85' lang='lat' dir='ltr'><strong>lantur,</strong></span> <span class='ocrx_word' id='word_1_476' title='bbox 742 4952 935 4991; x_wconf 70' lang='lat' dir='ltr'><strong>nomen</strong></span> <span class='ocrx_word' id='word_1_477' title='bbox 982 4937 1123 4990; x_wconf 80' lang='lat' dir='ltr'><strong>fecit.</strong></span> <span class='ocrx_word' id='word_1_478' title='bbox 1180 4935 1375 4990; x_wconf 84' lang='lat' dir='ltr'><strong>Verum</strong></span> <span class='ocrx_word' id='word_1_479' title='bbox 1425 4937 1513 4989; x_wconf 83' lang='lat' dir='ltr'><strong>ubi</strong></span> <span class='ocrx_word' id='word_1_480' title='bbox 1556 4938 1806 4991; x_wconf 85' lang='lat' dir='ltr'><strong>adhibitis</strong></span> <span class='ocrx_word' id='word_1_481' title='bbox 1846 4935 2076 4992; x_wconf 90' lang='lat' dir='ltr'><strong>Celario</strong></span> 
     </span>
    </p>
   </div>
   <div class='ocr_carea' id='block_1_70' title="bbox 489 5005 2073 5078">
    <p class='ocr_par' dir='ltr' id='par_1_70' title="bbox 489 5005 2073 5078">
     <span class='ocr_line' id='line_1_71' title="bbox 489 5005 2073 5078; baseline -0.001 -18"><span class='ocrx_word' id='word_1_482' title='bbox 489 5005 644 5078; x_wconf 78' lang='lat' dir='ltr'><strong>(Nat.</strong></span> <span class='ocrx_word' id='word_1_483' title='bbox 679 5008 806 5078; x_wconf 75' lang='lat' dir='ltr'><strong>Urb.</strong></span> <span class='ocrx_word' id='word_1_484' title='bbox 839 5009 1007 5077; x_wconf 57' lang='lat' dir='ltr'><strong>Ant),</strong></span> <span class='ocrx_word' id='word_1_485' title='bbox 1035 5007 1428 5078; x_wconf 70' lang='lat' dir='ltr'><strong>Baudrandoet</strong></span> <span class='ocrx_word' id='word_1_486' title='bbox 1460 5006 1705 5078; x_wconf 86' lang='lat' dir='ltr'><strong>Ferrario</strong></span> <span class='ocrx_word' id='word_1_487' title='bbox 1737 5008 1811 5078; x_wconf 86' lang='lat' dir='ltr'><strong>(in</strong></span> <span class='ocrx_word' id='word_1_488' title='bbox 1847 5006 2073 5070; x_wconf 60' lang='lat' dir='ltr'><strong>Leria),</strong></span> 
     </span>
    </p>
   </div>
   <div class='ocr_carea' id='block_1_71' title="bbox 492 5076 2073 5147">
    <p class='ocr_par' dir='ltr' id='par_1_71' title="bbox 492 5076 2073 5147">
     <span class='ocr_line' id='line_1_72' title="bbox 492 5076 2073 5147; baseline 0.001 -17"><span class='ocrx_word' id='word_1_489' title='bbox 492 5076 713 5147; x_wconf 11' lang='lat' dir='ltr'><strong>Nicolaﬁo</strong></span> <span class='ocrx_word' id='word_1_490' title='bbox 754 5076 989 5131; x_wconf 46' lang='lat' dir='ltr'><strong>Antonio</strong></span> <span class='ocrx_word' id='word_1_491' title='bbox 1035 5076 1285 5139; x_wconf 81' lang='lat' dir='ltr'><strong>(Censura</strong></span> <span class='ocrx_word' id='word_1_492' title='bbox 1318 5076 1603 5131; x_wconf 84' lang='lat' dir='ltr'><strong>Historiar.</strong></span> <span class='ocrx_word' id='word_1_493' title='bbox 1645 5076 1838 5139; x_wconf 23' lang='lat' dir='ltr'><strong>lib.‘vt,</strong></span> <span class='ocrx_word' id='word_1_494' title='bbox 1872 5094 1986 5147; x_wconf 83' lang='lat' dir='ltr'><strong>cap.</strong></span> <span class='ocrx_word' id='word_1_495' title='bbox 2020 5078 2073 5143; x_wconf 73' lang='lat'><strong>2,</strong></span> 
     </span>
    </p>
   </div>
   <div class='ocr_carea' id='block_1_72' title="bbox 485 5146 2075 5215">
    <p class='ocr_par' dir='ltr' id='par_1_72' title="bbox 485 5146 2075 5215">
     <span class='ocr_line' id='line_1_73' title="bbox 485 5146 2075 5215; baseline 0.001 -16"><span class='ocrx_word' id='word_1_496' title='bbox 485 5164 633 5200; x_wconf 85' lang='lat' dir='ltr'><strong>num.</strong></span> <span class='ocrx_word' id='word_1_497' title='bbox 663 5146 776 5211; x_wconf 62' lang='grc' dir='ltr'><strong>ην,</strong></span> <span class='ocrx_word' id='word_1_498' title='bbox 810 5157 970 5214; x_wconf 84' lang='lat' dir='ltr'><strong>atque</strong></span> <span class='ocrx_word' id='word_1_499' title='bbox 1000 5149 1115 5200; x_wconf 89' lang='lat' dir='ltr'><strong>aliis</strong></span> <span class='ocrx_word' id='word_1_500' title='bbox 1145 5148 1282 5212; x_wconf 84' lang='lat' dir='ltr'><strong>apud</strong></span> <span class='ocrx_word' id='word_1_501' title='bbox 1306 5148 1469 5213; x_wconf 88' lang='lat' dir='ltr'><strong>ipsos,</strong></span> <span class='ocrx_word' id='word_1_502' title='bbox 1498 5148 1812 5200; x_wconf 84' lang='lat' dir='ltr'><strong>hodiernum</strong></span> <span class='ocrx_word' id='word_1_503' title='bbox 1840 5146 1957 5215; x_wconf 81' lang='lat' dir='ltr'><strong>ejus</strong></span> <span class='ocrx_word' id='word_1_504' title='bbox 1988 5164 2075 5200; x_wconf 88' lang='lat' dir='ltr'><strong>ur-</strong></span> 
     </span>
    </p>
   </div>
   <div class='ocr_carea' id='block_1_73' title="bbox 486 5218 2075 5286">
    <p class='ocr_par' dir='ltr' id='par_1_73' title="bbox 486 5218 2075 5286">
     <span class='ocr_line' id='line_1_74' title="bbox 486 5218 2075 5286; baseline 0.001 -15"><span class='ocrx_word' id='word_1_505' title='bbox 486 5218 573 5271; x_wconf 81' lang='lat' dir='ltr'><strong>bis</strong></span> <span class='ocrx_word' id='word_1_506' title='bbox 627 5234 819 5270; x_wconf 73' lang='lat' dir='ltr'><strong>nomen</strong></span> <span class='ocrx_word' id='word_1_507' title='bbox 869 5218 1066 5286; x_wconf 87' lang='lat' dir='ltr'><strong>elicere</strong></span> <span class='ocrx_word' id='word_1_508' title='bbox 1106 5220 1284 5286; x_wconf 88' lang='lat' dir='ltr'><strong>cupio,</strong></span> <span class='ocrx_word' id='word_1_509' title='bbox 1342 5218 1595 5271; x_wconf 82' lang='lat' dir='ltr'><strong>incertior</strong></span> <span class='ocrx_word' id='word_1_510' title='bbox 1636 5218 1804 5271; x_wconf 88' lang='lat' dir='ltr'><strong>multo</strong></span> <span class='ocrx_word' id='word_1_511' title='bbox 1852 5218 2075 5272; x_wconf 73' lang='lat' dir='ltr'><strong>etlecrus</strong></span> 
     </span>
    </p>
   </div>
   <div class='ocr_carea' id='block_1_74' title="bbox 490 5285 2074 5352">
    <p class='ocr_par' dir='ltr' id='par_1_74' title="bbox 490 5285 2074 5352">
     <span class='ocr_line' id='line_1_75' title="bbox 490 5285 2074 5352; baseline 0.003 -15"><span class='ocrx_word' id='word_1_512' title='bbox 490 5302 608 5340; x_wconf 83' lang='lat' dir='ltr'><strong>sum</strong></span> <span class='ocrx_word' id='word_1_513' title='bbox 658 5303 815 5352; x_wconf 84' lang='lat' dir='ltr'><strong>quam</strong></span> <span class='ocrx_word' id='word_1_514' title='bbox 856 5285 1058 5339; x_wconf 78' lang='lat' dir='ltr'><strong>fueram</strong></span> <span class='ocrx_word' id='word_1_515' title='bbox 1099 5285 1296 5341; x_wconf 82' lang='lat' dir='ltr'><strong>dudum</strong></span> <span class='ocrx_word' id='word_1_516' title='bbox 1335 5305 1344 5336; x_wconf 76' lang='grc' dir='ltr'><strong><em>τ</em></strong></span> <span class='ocrx_word' id='word_1_517' title='bbox 1383 5296 1526 5340; x_wconf 88' lang='lat' dir='ltr'><strong>tanta</strong></span> <span class='ocrx_word' id='word_1_518' title='bbox 1558 5298 1639 5340; x_wconf 87' lang='lat' dir='ltr'><strong>e-t</strong></span> <span class='ocrx_word' id='word_1_519' title='bbox 1687 5289 1823 5340; x_wconf 84' lang='lat' dir='ltr'><strong>inter</strong></span> <span class='ocrx_word' id='word_1_520' title='bbox 1851 5288 1883 5340; x_wconf 84' lang='lat' dir='ltr'><strong>lt</strong></span> <span class='ocrx_word' id='word_1_521' title='bbox 1908 5304 1948 5339; x_wconf 87' lang='lat' dir='ltr'><strong>lS</strong></span> <span class='ocrx_word' id='word_1_522' title='bbox 1975 5305 2074 5341; x_wconf 84' lang='lat' dir='ltr'><strong>au-</strong></span> 
     </span>
    </p>
   </div>
   <div class='ocr_carea' id='block_1_75' title="bbox 492 5357 2071 5426">
    <p class='ocr_par' dir='ltr' id='par_1_75' title="bbox 492 5357 2071 5426">
     <span class='ocr_line' id='line_1_76' title="bbox 492 5357 2071 5426; baseline 0 -17"><span class='ocrx_word' id='word_1_523' title='bbox 492 5366 674 5426; x_wconf 59' lang='lat' dir='ltr'><strong>ctores</strong></span> <span class='ocrx_word' id='word_1_524' title='bbox 700 5358 961 5426; x_wconf 63' lang='lat' dir='ltr'><strong>tlisensio</strong></span> <span class='ocrx_word' id='word_1_525' title='bbox 994 5366 1163 5426; x_wconf 83' lang='lat' dir='ltr'><strong>atque</strong></span> <span class='ocrx_word' id='word_1_526' title='bbox 1203 5357 1512 5426; x_wconf 73' lang='lat' dir='ltr'><strong>opinionum</strong></span> <span class='ocrx_word' id='word_1_527' title='bbox 1539 5358 1787 5411; x_wconf 59' lang='lat' dir='ltr'><strong>varietas.</strong></span> <span class='ocrx_word' id='word_1_528' title='bbox 1821 5357 1899 5410; x_wconf 91' lang='lat' dir='ltr'><strong>Ct.</strong></span> <span class='ocrx_word' id='word_1_529' title='bbox 1944 5357 2071 5410; x_wconf 81' lang='lat' dir='ltr'><strong>Les-</strong></span> 
     </span>
    </p>
   </div>
   <div class='ocr_carea' id='block_1_76' title="bbox 492 5423 2076 5497">
    <p class='ocr_par' dir='ltr' id='par_1_76' title="bbox 492 5423 2076 5497">
     <span class='ocr_line' id='line_1_77' title="bbox 492 5423 2076 5497; baseline 0.002 -18"><span class='ocrx_word' id='word_1_530' title='bbox 492 5424 610 5480; x_wconf 70' lang='lat' dir='ltr'><strong>lrus</strong></span> <span class='ocrx_word' id='word_1_531' title='bbox 651 5429 724 5493; x_wconf 86' lang='lat' dir='ltr'><strong>(in</strong></span> <span class='ocrx_word' id='word_1_532' title='bbox 769 5423 897 5481; x_wconf 83' lang='lat' dir='ltr'><strong>Not.</strong></span> <span class='ocrx_word' id='word_1_533' title='bbox 955 5423 1156 5497; x_wconf 46' lang='lat' dir='ltr'><strong>Missitl.</strong></span> <span class='ocrx_word' id='word_1_534' title='bbox 1186 5425 1409 5488; x_wconf 59' lang='lat' dir='ltr'><strong>Moenia,</strong></span> <span class='ocrx_word' id='word_1_535' title='bbox 1446 5425 1583 5497; x_wconf 54' lang='lat' dir='ltr'><strong>&#39;png.</strong></span> <span class='ocrx_word' id='word_1_536' title='bbox 1626 5427 1749 5495; x_wconf 79' lang='grc'><strong>603)</strong></span> <span class='ocrx_word' id='word_1_537' title='bbox 1801 5427 2076 5495; x_wconf 63' lang='lat' dir='ltr'><strong>probabile</strong></span> 
     </span>
    </p>
   </div>
   <div class='ocr_carea' id='block_1_77' title="bbox 496 5496 2073 5564">
    <p class='ocr_par' dir='ltr' id='par_1_77' title="bbox 496 5496 2073 5564">
     <span class='ocr_line' id='line_1_78' title="bbox 496 5496 2073 5564; baseline 0 -14"><span class='ocrx_word' id='word_1_538' title='bbox 496 5497 768 5550; x_wconf 82' lang='lat' dir='ltr'><strong>existimat</strong></span> <span class='ocrx_word' id='word_1_539' title='bbox 800 5497 1031 5564; x_wconf 63' lang='lat' dir='ltr'><strong>Sci/llum</strong></span> <span class='ocrx_word' id='word_1_540' title='bbox 1070 5496 1474 5550; x_wconf 62' lang='lat' dir='ltr'><strong>Prtictvttsttlttris</strong></span> <span class='ocrx_word' id='word_1_541' title='bbox 1505 5496 1791 5563; x_wconf 70' lang='lat' dir='ltr'><strong>provincac</strong></span> <span class='ocrx_word' id='word_1_542' title='bbox 1822 5498 2073 5563; x_wconf 77' lang='lat' dir='ltr'><strong>Oppidum</strong></span> 
     </span>
    </p>
   </div>
   <div class='ocr_carea' id='block_1_78' title="bbox 492 5565 2072 5635">
    <p class='ocr_par' dir='ltr' id='par_1_78' title="bbox 492 5565 2072 5635">
     <span class='ocr_line' id='line_1_79' title="bbox 492 5565 2072 5635; baseline -0.001 -15"><span class='ocrx_word' id='word_1_543' title='bbox 492 5565 681 5629; x_wconf 77' lang='lat' dir='ltr'><strong>fuisse,</strong></span> <span class='ocrx_word' id='word_1_544' title='bbox 704 5568 820 5620; x_wconf 58' lang='lat' dir='ltr'><strong>aliis</strong></span> <span class='ocrx_word' id='word_1_545' title='bbox 853 5567 1057 5621; x_wconf 83' lang='lat' dir='ltr'><strong>Scillita</strong></span> <span class='ocrx_word' id='word_1_546' title='bbox 1088 5567 1302 5626; x_wconf 65' lang='lat' dir='ltr'><strong>victum,</strong></span> <span class='ocrx_word' id='word_1_547' title='bbox 1343 5568 1634 5635; x_wconf 79' lang='lat' dir='ltr'><strong>episcopali</strong></span> <span class='ocrx_word' id='word_1_548' title='bbox 1680 5572 1807 5621; x_wconf 82' lang='lat' dir='ltr'><strong>sede</strong></span> <span class='ocrx_word' id='word_1_549' title='bbox 1845 5566 2072 5633; x_wconf 80' lang='lat' dir='ltr'><strong>insigne,</strong></span> 
     </span>
    </p>
   </div>
   <div class='ocr_carea' id='block_1_79' title="bbox 492 5637 2077 5705">
    <p class='ocr_par' dir='ltr' id='par_1_79' title="bbox 492 5637 2077 5705">
     <span class='ocr_line' id='line_1_80' title="bbox 492 5637 2077 5705; baseline 0 -15"><span class='ocrx_word' id='word_1_550' title='bbox 492 5638 639 5705; x_wconf 73' lang='lat' dir='ltr'><strong>Quod</strong></span> <span class='ocrx_word' id='word_1_551' title='bbox 669 5649 719 5693; x_wconf 87' lang='lat' dir='ltr'><strong>et</strong></span> <span class='ocrx_word' id='word_1_552' title='bbox 750 5637 969 5693; x_wconf 86' lang='lat' dir='ltr'><strong>Nicolao</strong></span> <span class='ocrx_word' id='word_1_553' title='bbox 1001 5638 1234 5690; x_wconf 81' lang='lat' dir='ltr'><strong>Antonio</strong></span> <span class='ocrx_word' id='word_1_554' title='bbox 1263 5637 1471 5703; x_wconf 60' lang='lat' dir='ltr'><strong>placere</strong></span> <span class='ocrx_word' id='word_1_555' title='bbox 1501 5638 1654 5691; x_wconf 78' lang='lat' dir='ltr'><strong>video</strong></span> <span class='ocrx_word' id='word_1_556' title='bbox 1683 5639 1815 5704; x_wconf 80' lang='lat' dir='ltr'><strong>(loco</strong></span> <span class='ocrx_word' id='word_1_557' title='bbox 1846 5640 2077 5696; x_wconf 56' lang='lat' dir='ltr'><strong>proxime</strong></span> 
     </span>
    </p>
   </div>
   <div class='ocr_carea' id='block_1_80' title="bbox 499 5706 2074 5774">
    <p class='ocr_par' dir='ltr' id='par_1_80' title="bbox 499 5706 2074 5774">
     <span class='ocr_line' id='line_1_81' title="bbox 499 5706 2074 5774; baseline 0.001 -16"><span class='ocrx_word' id='word_1_558' title='bbox 499 5707 768 5774; x_wconf 72' lang='lat' dir='ltr'><strong>allegato);</strong></span> <span class='ocrx_word' id='word_1_559' title='bbox 798 5710 890 5763; x_wconf 88' lang='lat' dir='ltr'><strong>sed</strong></span> <span class='ocrx_word' id='word_1_560' title='bbox 919 5722 1040 5761; x_wconf 90' lang='lat' dir='ltr'><strong>cum</strong></span> <span class='ocrx_word' id='word_1_561' title='bbox 1063 5724 1124 5757; x_wconf 73' lang='lat' dir='ltr'><strong>ex</strong></span> <span class='ocrx_word' id='word_1_562' title='bbox 1161 5708 1304 5760; x_wconf 83' lang='lat' dir='ltr'><strong>Actis</strong></span> <span class='ocrx_word' id='word_1_563' title='bbox 1329 5708 1386 5761; x_wconf 82' lang='lat' dir='ltr'><strong>S.</strong></span> <span class='ocrx_word' id='word_1_564' title='bbox 1418 5706 1690 5763; x_wconf 76' lang='lat' dir='ltr'><strong>Cucufatis</strong></span> <span class='ocrx_word' id='word_1_565' title='bbox 1718 5725 1746 5760; x_wconf 73' lang='grc' dir='ltr'>τι</span> <span class='ocrx_word' id='word_1_566' title='bbox 1771 5706 2074 5760; x_wconf 84' lang='lat' dir='ltr'><strong>Bollaudia-</strong></span> 
     </span>
    </p>
   </div>
   <div class='ocr_carea' id='block_1_81' title="bbox 497 5724 2076 5847">
    <p class='ocr_par' dir='ltr' id='par_1_81' title="bbox 497 5724 2076 5847">
     <span class='ocr_line' id='line_1_82' title="bbox 499 5724 2074 5774; baseline 0.001 -16"><span class='ocrx_word' id='word_1_567' title='bbox 499 5724 597 5759; x_wconf 76' lang='lat' dir='ltr'><strong>aur</strong></span> <span class='ocrx_word' id='word_1_568' title='bbox 637 5724 768 5774; x_wconf 78' lang='lat' dir='ltr'><strong>ara);</strong></span> <span class='ocrx_word' id='word_1_569' title='bbox 798 5724 890 5763; x_wconf 87' lang='lat' dir='ltr'><strong>seu</strong></span> <span class='ocrx_word' id='word_1_570' title='bbox 919 5724 1040 5761; x_wconf 90' lang='lat' dir='ltr'><strong>cum</strong></span> <span class='ocrx_word' id='word_1_571' title='bbox 1063 5724 1124 5757; x_wconf 71' lang='lat' dir='ltr'><strong>ex</strong></span> <span class='ocrx_word' id='word_1_572' title='bbox 1161 5724 1304 5760; x_wconf 67' lang='lat' dir='ltr'><strong>acus</strong></span> <span class='ocrx_word' id='word_1_573' title='bbox 1330 5724 1386 5761; x_wconf 65' lang='grc' dir='ltr'><strong>δ.</strong></span> <span class='ocrx_word' id='word_1_574' title='bbox 1418 5724 1690 5763; x_wconf 65' lang='lat' dir='ltr'><strong>cucmaus</strong></span> <span class='ocrx_word' id='word_1_575' title='bbox 1718 5725 1746 5760; x_wconf 72' lang='grc' dir='ltr'>τι</span> <span class='ocrx_word' id='word_1_576' title='bbox 1771 5724 2074 5760; x_wconf 71' lang='lat' dir='ltr'><strong>nonanona-</strong></span> 
     </span>
     <span class='ocr_line' id='line_1_83' title="bbox 497 5724 2076 5847; baseline 0.002 -20"><span class='ocrx_word' id='word_1_577' title='bbox 497 5778 581 5829; x_wconf 85' lang='lat' dir='ltr'><strong>nis</strong></span> <span class='ocrx_word' id='word_1_578' title='bbox 601 5724 716 5831; x_wconf 55' lang='grc' dir='ltr'><strong>ἵΨ.</strong></span> <span class='ocrx_word' id='word_1_579' title='bbox 750 5778 924 5832; x_wconf 70' lang='lat' dir='ltr'><strong>allatis</strong></span> <span class='ocrx_word' id='word_1_580' title='bbox 954 5779 1082 5847; x_wconf 82' lang='lat' dir='ltr'><strong>(xxv</strong></span> <span class='ocrx_word' id='word_1_581' title='bbox 1110 5776 1366 5847; x_wconf 33' lang='lat' dir='ltr'><strong>Jullpost</strong></span> <span class='ocrx_word' id='word_1_582' title='bbox 1394 5776 1421 5842; x_wconf 58' lang='grc' dir='ltr'>ᾗ</span> <span class='ocrx_word' id='word_1_583' title='bbox 1452 5776 1504 5845; x_wconf 85' lang='grc'><strong>5)</strong></span> <span class='ocrx_word' id='word_1_584' title='bbox 1542 5787 1745 5830; x_wconf 74' lang='lat' dir='ltr'><strong>constet</strong></span> <span class='ocrx_word' id='word_1_585' title='bbox 1765 5774 2076 5847; x_wconf 78' lang='lat' dir='ltr'><strong>Cucufatem</strong></span> 
     </span>
    </p>
   </div>
   <div class='ocr_carea' id='block_1_82' title="bbox 503 5844 2077 5917">
    <p class='ocr_par' dir='ltr' id='par_1_82' title="bbox 503 5844 2077 5917">
     <span class='ocr_line' id='line_1_84' title="bbox 503 5844 2077 5917; baseline 0.001 -20"><span class='ocrx_word' id='word_1_586' title='bbox 503 5856 626 5899; x_wconf 73' lang='lat' dir='ltr'><strong>cum</strong></span> <span class='ocrx_word' id='word_1_587' title='bbox 680 5846 856 5905; x_wconf 83' lang='lat' dir='ltr'><strong>Felice</strong></span> <span class='ocrx_word' id='word_1_588' title='bbox 904 5861 934 5902; x_wconf 89' lang='lat' dir='ltr'><strong>e</strong></span> <span class='ocrx_word' id='word_1_589' title='bbox 964 5844 1173 5917; x_wconf 74' lang='lat' dir='ltr'><strong>patria,</strong></span> <span class='ocrx_word' id='word_1_590' title='bbox 1202 5844 1501 5901; x_wconf 57' lang='lat' dir='ltr'><strong>Ca‘saream</strong></span> <span class='ocrx_word' id='word_1_591' title='bbox 1544 5847 1725 5899; x_wconf 85' lang='lat' dir='ltr'><strong>urbem</strong></span> <span class='ocrx_word' id='word_1_592' title='bbox 1758 5846 2077 5901; x_wconf 88' lang='lat' dir='ltr'><strong>maritimam</strong></span> 
     </span>
    </p>
   </div>
   <div class='ocr_carea' id='block_1_83' title="bbox 2175 1919 3776 1995">
    <p class='ocr_par' dir='ltr' id='par_1_83' title="bbox 2175 1919 3776 1995">
     <span class='ocr_line' id='line_1_85' title="bbox 2175 1919 3776 1995; baseline 0.006 -22"><span class='ocrx_word' id='word_1_593' title='bbox 2175 1919 2298 1988; x_wconf 85' lang='lat' dir='ltr'><strong>jure</strong></span> <span class='ocrx_word' id='word_1_594' title='bbox 2319 1922 2736 1989; x_wconf 66' lang='lat' dir='ltr'><strong>Caesaraugusta:</strong></span> <span class='ocrx_word' id='word_1_595' title='bbox 2778 1939 2805 1977; x_wconf 90' lang='lat' dir='ltr'><strong>a</strong></span> <span class='ocrx_word' id='word_1_596' title='bbox 2852 1923 3141 1979; x_wconf 83' lang='lat' dir='ltr'><strong>Prudentia</strong></span> <span class='ocrx_word' id='word_1_597' title='bbox 3168 1926 3460 1981; x_wconf 88' lang='lat' dir='ltr'><strong>attributas</strong></span> <span class='ocrx_word' id='word_1_598' title='bbox 3500 1927 3776 1995; x_wconf 82' lang='lat' dir='ltr'><strong>arbitror;</strong></span> 
     </span>
    </p>
   </div>
   <div class='ocr_carea' id='block_1_84' title="bbox 2180 2012 3776 2081">
    <p class='ocr_par' dir='ltr' id='par_1_84' title="bbox 2180 2012 3776 2081">
     <span class='ocr_line' id='line_1_86' title="bbox 2180 2012 3776 2081; baseline 0.003 -15"><span class='ocrx_word' id='word_1_599' title='bbox 2180 2012 2293 2081; x_wconf 83' lang='lat' dir='ltr'><strong>ipse</strong></span> <span class='ocrx_word' id='word_1_600' title='bbox 2319 2020 2467 2067; x_wconf 84' lang='lat' dir='ltr'><strong>certe</strong></span> <span class='ocrx_word' id='word_1_601' title='bbox 2496 2013 2761 2068; x_wconf 89' lang='lat' dir='ltr'><strong>neminem</strong></span> <span class='ocrx_word' id='word_1_602' title='bbox 2801 2029 3013 2080; x_wconf 88' lang='lat' dir='ltr'><strong>eorum,</strong></span> <span class='ocrx_word' id='word_1_603' title='bbox 3039 2015 3167 2070; x_wconf 90' lang='lat' dir='ltr'><strong>dum</strong></span> <span class='ocrx_word' id='word_1_604' title='bbox 3194 2016 3455 2078; x_wconf 89' lang='lat' dir='ltr'><strong>viverent,</strong></span> <span class='ocrx_word' id='word_1_605' title='bbox 3490 2015 3776 2071; x_wconf 74' lang='lat' dir='ltr'><strong>Caesarau-</strong></span> 
     </span>
    </p>
   </div>
   <div class='ocr_carea' id='block_1_85' title="bbox 2178 2103 3543 2178">
    <p class='ocr_par' dir='ltr' id='par_1_85' title="bbox 2178 2103 3543 2178">
     <span class='ocr_line' id='line_1_87' title="bbox 2178 2103 3543 2178; baseline 0.001 -21"><span class='ocrx_word' id='word_1_606' title='bbox 2178 2113 2345 2172; x_wconf 62' lang='lat' dir='ltr'><strong>gustae</strong></span> <span class='ocrx_word' id='word_1_607' title='bbox 2373 2103 2603 2157; x_wconf 91' lang='lat' dir='ltr'><strong>incolam</strong></span> <span class='ocrx_word' id='word_1_608' title='bbox 2646 2103 2809 2159; x_wconf 79' lang='lat' dir='ltr'><strong>fuisse</strong></span> <span class='ocrx_word' id='word_1_609' title='bbox 2838 2105 3109 2173; x_wconf 86' lang='lat' dir='ltr'><strong>perhibet,</strong></span> <span class='ocrx_word' id='word_1_610' title='bbox 3142 2105 3390 2173; x_wconf 87' lang='lat' dir='ltr'><strong>inquiens</strong></span> <span class='ocrx_word' id='word_1_611' title='bbox 3421 2108 3490 2178; x_wconf 64' lang='grc' dir='ltr'><strong>(ί)</strong></span> <span class='ocrx_word' id='word_1_612' title='bbox 3527 2123 3543 2158; x_wconf 88' lang='lat'><strong>:</strong></span> 
     </span>
    </p>
   </div>
   <div class='ocr_carea' id='block_1_86' title="bbox 2489 2191 3310 2253">
    <p class='ocr_par' dir='ltr' id='par_1_86' title="bbox 2489 2191 3310 2253">
     <span class='ocr_line' id='line_1_88' title="bbox 2489 2191 3310 2253; baseline 0.001 -13"><span class='ocrx_word' id='word_1_613' title='bbox 2489 2191 2746 2253; x_wconf 77' lang='lat' dir='ltr'><strong>Martyrum</strong></span> <span class='ocrx_word' id='word_1_614' title='bbox 2769 2194 2883 2240; x_wconf 90' lang='lat' dir='ltr'><strong>nulli</strong></span> <span class='ocrx_word' id='word_1_615' title='bbox 2906 2203 3193 2242; x_wconf 82' lang='lat' dir='ltr'><strong>remanente</strong></span> <span class='ocrx_word' id='word_1_616' title='bbox 3215 2198 3310 2243; x_wconf 90' lang='lat' dir='ltr'><strong>vita</strong></span> 
     </span>
    </p>
   </div>
   <div class='ocr_carea' id='block_1_87' title="bbox 2489 2255 3320 2316">
    <p class='ocr_par' dir='ltr' id='par_1_87' title="bbox 2489 2255 3320 2316">
     <span class='ocr_line' id='line_1_89' title="bbox 2489 2255 3320 2316; baseline 0.001 -13"><span class='ocrx_word' id='word_1_617' title='bbox 2489 2255 2700 2316; x_wconf 82' lang='lat' dir='ltr'><strong>Contigit</strong></span> <span class='ocrx_word' id='word_1_618' title='bbox 2718 2258 2866 2303; x_wconf 82' lang='lat' dir='ltr'><strong>terris</strong></span> <span class='ocrx_word' id='word_1_619' title='bbox 2888 2255 3103 2304; x_wconf 75' lang='lat' dir='ltr'><strong>habitare</strong></span> <span class='ocrx_word' id='word_1_620' title='bbox 3127 2259 3320 2304; x_wconf 84' lang='lat' dir='ltr'><strong>nostris.</strong></span> 
     </span>
    </p>
   </div>
   <div class='ocr_carea' id='block_1_88' title="bbox 2178 2333 3777 2408">
    <p class='ocr_par' dir='ltr' id='par_1_88' title="bbox 2178 2333 3777 2408">
     <span class='ocr_line' id='line_1_90' title="bbox 2178 2333 3777 2408; baseline 0.003 -18"><span class='ocrx_word' id='word_1_621' title='bbox 2178 2333 2235 2390; x_wconf 90' lang='lat' dir='ltr'><strong>Si</strong></span> <span class='ocrx_word' id='word_1_622' title='bbox 2267 2351 2396 2391; x_wconf 88' lang='lat' dir='ltr'><strong>vero</strong></span> <span class='ocrx_word' id='word_1_623' title='bbox 2424 2336 2641 2392; x_wconf 88' lang='lat' dir='ltr'><strong>eosdem</strong></span> <span class='ocrx_word' id='word_1_624' title='bbox 2681 2335 3100 2405; x_wconf 62' lang='lat' dir='ltr'><strong>Caesaraugusta</strong></span> <span class='ocrx_word' id='word_1_625' title='bbox 3146 2346 3306 2393; x_wconf 77' lang='lat' dir='ltr'><strong>natos</strong></span> <span class='ocrx_word' id='word_1_626' title='bbox 3348 2335 3514 2394; x_wconf 74' lang='lat' dir='ltr'><strong>fuisse</strong></span> <span class='ocrx_word' id='word_1_627' title='bbox 3542 2340 3777 2408; x_wconf 78' lang='lat' dir='ltr'><strong>gratuita</strong></span> 
     </span>
    </p>
   </div>
   <div class='ocr_carea' id='block_1_89' title="bbox 2179 2426 3773 2496">
    <p class='ocr_par' dir='ltr' id='par_1_89' title="bbox 2179 2426 3773 2496">
     <span class='ocr_line' id='line_1_91' title="bbox 2179 2426 3773 2496; baseline 0.001 -16"><span class='ocrx_word' id='word_1_628' title='bbox 2179 2426 2504 2481; x_wconf 86' lang='lat' dir='ltr'><strong>Blanchinus</strong></span> <span class='ocrx_word' id='word_1_629' title='bbox 2532 2436 2769 2492; x_wconf 72' lang='lat' dir='ltr'><strong>asserat,</strong></span> <span class='ocrx_word' id='word_1_630' title='bbox 2818 2428 3079 2481; x_wconf 86' lang='lat' dir='ltr'><strong>habemus</strong></span> <span class='ocrx_word' id='word_1_631' title='bbox 3124 2428 3408 2482; x_wconf 86' lang='lat' dir='ltr'><strong>arietinum</strong></span> <span class='ocrx_word' id='word_1_632' title='bbox 3455 2431 3773 2496; x_wconf 80' lang='lat' dir='ltr'><strong>oraculum,</strong></span> 
     </span>
    </p>
   </div>
   <div class='ocr_carea' id='block_1_90' title="bbox 2178 2517 3770 2592">
    <p class='ocr_par' dir='ltr' id='par_1_90' title="bbox 2178 2517 3770 2592">
     <span class='ocr_line' id='line_1_92' title="bbox 2178 2517 3770 2592; baseline 0.003 -20"><span class='ocrx_word' id='word_1_633' title='bbox 2178 2532 2332 2586; x_wconf 77' lang='lat' dir='ltr'><strong>teque</strong></span> <span class='ocrx_word' id='word_1_634' title='bbox 2356 2517 2500 2571; x_wconf 91' lang='lat' dir='ltr'><strong>enim</strong></span> <span class='ocrx_word' id='word_1_635' title='bbox 2526 2518 2765 2586; x_wconf 87' lang='lat' dir='ltr'><strong>ipsorunt</strong></span> <span class='ocrx_word' id='word_1_636' title='bbox 2790 2533 2854 2574; x_wconf 87' lang='lat' dir='ltr'><strong>ac</strong></span> <span class='ocrx_word' id='word_1_637' title='bbox 2879 2528 3197 2574; x_wconf 62' lang='lat' dir='ltr'><strong>cancrorum</strong></span> <span class='ocrx_word' id='word_1_638' title='bbox 3226 2529 3522 2591; x_wconf 84' lang='lat' dir='ltr'><strong>martyrum</strong></span> <span class='ocrx_word' id='word_1_639' title='bbox 3547 2523 3770 2592; x_wconf 77' lang='lat' dir='ltr'><strong>patriam</strong></span> 
     </span>
    </p>
   </div>
   <div class='ocr_carea' id='block_1_91' title="bbox 2183 2607 2676 2663">
    <p class='ocr_par' dir='ltr' id='par_1_91' title="bbox 2183 2607 2676 2663">
     <span class='ocr_line' id='line_1_93' title="bbox 2183 2607 2676 2663; baseline 0 0"><span class='ocrx_word' id='word_1_640' title='bbox 2183 2607 2504 2663; x_wconf 16' lang='lat' dir='ltr'><strong>l’rttdetttius</strong></span> <span class='ocrx_word' id='word_1_641' title='bbox 2534 2608 2676 2663; x_wconf 70' lang='lat' dir='ltr'><strong>silet.</strong></span> 
     </span>
    </p>
   </div>
   <div class='ocr_carea' id='block_1_92' title="bbox 2252 2696 3770 2770">
    <p class='ocr_par' dir='ltr' id='par_1_92' title="bbox 2252 2696 3770 2770">
     <span class='ocr_line' id='line_1_94' title="bbox 2252 2696 3770 2770; baseline 0.005 -19"><span class='ocrx_word' id='word_1_642' title='bbox 2252 2696 2375 2752; x_wconf 69' lang='lat' dir='ltr'><strong>llaec</strong></span> <span class='ocrx_word' id='word_1_643' title='bbox 2404 2708 2580 2752; x_wconf 90' lang='lat' dir='ltr'><strong>autem</strong></span> <span class='ocrx_word' id='word_1_644' title='bbox 2609 2714 2729 2753; x_wconf 91' lang='lat' dir='ltr'><strong>cum</strong></span> <span class='ocrx_word' id='word_1_645' title='bbox 2762 2699 2832 2753; x_wconf 89' lang='lat' dir='ltr'><strong>ita</strong></span> <span class='ocrx_word' id='word_1_646' title='bbox 2860 2699 2987 2765; x_wconf 86' lang='lat' dir='ltr'><strong>sint,</strong></span> <span class='ocrx_word' id='word_1_647' title='bbox 3028 2698 3285 2769; x_wconf 84' lang='lat' dir='ltr'><strong>liquidum</strong></span> <span class='ocrx_word' id='word_1_648' title='bbox 3322 2703 3435 2770; x_wconf 88' lang='lat' dir='ltr'><strong>jam</strong></span> <span class='ocrx_word' id='word_1_649' title='bbox 3496 2699 3591 2757; x_wconf 77' lang='lat' dir='ltr'><strong>ﬁet</strong></span> <span class='ocrx_word' id='word_1_650' title='bbox 3636 2701 3770 2758; x_wconf 83' lang='lat' dir='ltr'><strong>Pru-</strong></span> 
     </span>
    </p>
   </div>
   <div class='ocr_carea' id='block_1_93' title="bbox 2177 2788 3768 2860">
    <p class='ocr_par' dir='ltr' id='par_1_93' title="bbox 2177 2788 3768 2860">
     <span class='ocr_line' id='line_1_95' title="bbox 2177 2788 3768 2860; baseline 0.003 -17"><span class='ocrx_word' id='word_1_651' title='bbox 2177 2788 2419 2843; x_wconf 89' lang='lat' dir='ltr'><strong>dentium</strong></span> <span class='ocrx_word' id='word_1_652' title='bbox 2455 2790 2508 2842; x_wconf 90' lang='lat' dir='ltr'><strong>in</strong></span> <span class='ocrx_word' id='word_1_653' title='bbox 2553 2791 2753 2859; x_wconf 87' lang='lat' dir='ltr'><strong>hymno</strong></span> <span class='ocrx_word' id='word_1_654' title='bbox 2784 2789 2852 2844; x_wconf 88' lang='lat' dir='ltr'><strong>de</strong></span> <span class='ocrx_word' id='word_1_655' title='bbox 2891 2806 2999 2860; x_wconf 90' lang='lat' dir='ltr'><strong>quo</strong></span> <span class='ocrx_word' id='word_1_656' title='bbox 3029 2791 3239 2859; x_wconf 79' lang='lat' dir='ltr'><strong>agimus</strong></span> <span class='ocrx_word' id='word_1_657' title='bbox 3281 2791 3507 2846; x_wconf 87' lang='lat' dir='ltr'><strong>tninime</strong></span> <span class='ocrx_word' id='word_1_658' title='bbox 3538 2792 3610 2846; x_wconf 87' lang='lat' dir='ltr'><strong>ad</strong></span> <span class='ocrx_word' id='word_1_659' title='bbox 3643 2802 3768 2847; x_wconf 77' lang='lat' dir='ltr'><strong>teta-</strong></span> 
     </span>
    </p>
   </div>
   <div class='ocr_carea' id='block_1_94' title="bbox 2177 2878 3767 2951">
    <p class='ocr_par' dir='ltr' id='par_1_94' title="bbox 2177 2878 3767 2951">
     <span class='ocr_line' id='line_1_96' title="bbox 2177 2878 3767 2951; baseline 0.004 -20"><span class='ocrx_word' id='word_1_660' title='bbox 2177 2878 2393 2950; x_wconf 81' lang='lat' dir='ltr'><strong>porales</strong></span> <span class='ocrx_word' id='word_1_661' title='bbox 2430 2889 2724 2950; x_wconf 76' lang='lat' dir='ltr'><strong>martyrum</strong></span> <span class='ocrx_word' id='word_1_662' title='bbox 2769 2881 2969 2949; x_wconf 88' lang='lat' dir='ltr'><strong>patrias</strong></span> <span class='ocrx_word' id='word_1_663' title='bbox 3009 2881 3349 2951; x_wconf 79' lang='lat' dir='ltr'><strong>respexisse,</strong></span> <span class='ocrx_word' id='word_1_664' title='bbox 3398 2883 3496 2935; x_wconf 89' lang='lat' dir='ltr'><strong>sed</strong></span> <span class='ocrx_word' id='word_1_665' title='bbox 3547 2884 3615 2935; x_wconf 88' lang='lat' dir='ltr'><strong>ad</strong></span> <span class='ocrx_word' id='word_1_666' title='bbox 3658 2883 3767 2937; x_wconf 83' lang='lat' dir='ltr'><strong>loca</strong></span> 
     </span>
    </p>
   </div>
   <div class='ocr_carea' id='block_1_95' title="bbox 2178 2969 3821 3038">
    <p class='ocr_par' dir='ltr' id='par_1_95' title="bbox 2178 2969 3821 3038">
     <span class='ocr_line' id='line_1_97' title="bbox 2178 2969 3821 3038; baseline 0.001 -14"><span class='ocrx_word' id='word_1_667' title='bbox 2178 2969 2353 3025; x_wconf 88' lang='lat' dir='ltr'><strong>solum</strong></span> <span class='ocrx_word' id='word_1_668' title='bbox 2398 2969 2450 3023; x_wconf 95' lang='lat' dir='ltr'><strong>in</strong></span> <span class='ocrx_word' id='word_1_669' title='bbox 2486 2969 2684 3038; x_wconf 88' lang='lat' dir='ltr'><strong>quibus</strong></span> <span class='ocrx_word' id='word_1_670' title='bbox 2712 2979 2840 3025; x_wconf 92' lang='lat' dir='ltr'><strong>tunc</strong></span> <span class='ocrx_word' id='word_1_671' title='bbox 2886 2986 3054 3026; x_wconf 64' lang='lat' dir='ltr'><strong>sacra:</strong></span> <span class='ocrx_word' id='word_1_672' title='bbox 3083 2972 3322 3037; x_wconf 85' lang='lat' dir='ltr'><strong>ipsorum</strong></span> <span class='ocrx_word' id='word_1_673' title='bbox 3363 2972 3576 3024; x_wconf 78' lang='lat' dir='ltr'><strong>exuviae</strong></span> <span class='ocrx_word' id='word_1_674' title='bbox 3617 2974 3759 3026; x_wconf 80' lang='lat' dir='ltr'><strong>cole-</strong></span> <span class='ocrx_word' id='word_1_675' title='bbox 3818 3004 3821 3009; x_wconf 57' lang='grc' dir='ltr'>λ</span> 
     </span>
    </p>
   </div>
   <div class='ocr_carea' id='block_1_96' title="bbox 2177 3061 3764 3132">
    <p class='ocr_par' dir='ltr' id='par_1_96' title="bbox 2177 3061 3764 3132">
     <span class='ocr_line' id='line_1_98' title="bbox 2177 3061 3764 3132; baseline 0 -14"><span class='ocrx_word' id='word_1_676' title='bbox 2177 3061 2391 3118; x_wconf 84' lang='lat' dir='ltr'><strong>bantur.</strong></span> <span class='ocrx_word' id='word_1_677' title='bbox 2422 3063 2641 3124; x_wconf 70' lang='lat' dir='ltr'><strong>Verum,</strong></span> <span class='ocrx_word' id='word_1_678' title='bbox 2676 3063 2849 3130; x_wconf 87' lang='lat' dir='ltr'><strong>inquit</strong></span> <span class='ocrx_word' id='word_1_679' title='bbox 2879 3071 3056 3117; x_wconf 86' lang='lat' dir='ltr'><strong>tamen</strong></span> <span class='ocrx_word' id='word_1_680' title='bbox 3086 3063 3437 3130; x_wconf 86' lang='lat' dir='ltr'><strong>Blanchious,</strong></span> <span class='ocrx_word' id='word_1_681' title='bbox 3476 3063 3529 3116; x_wconf 92' lang='lat' dir='ltr'><strong>in</strong></span> <span class='ocrx_word' id='word_1_682' title='bbox 3568 3063 3764 3132; x_wconf 80' lang='lat' dir='ltr'><strong>hymno</strong></span> 
     </span>
    </p>
   </div>
   <div class='ocr_carea' id='block_1_97' title="bbox 2178 3151 3765 3223">
    <p class='ocr_par' dir='ltr' id='par_1_97' title="bbox 2178 3151 3765 3223">
     <span class='ocr_line' id='line_1_99' title="bbox 2178 3151 3765 3223; baseline 0.001 -16"><span class='ocrx_word' id='word_1_683' title='bbox 2178 3154 2382 3208; x_wconf 90' lang='lat' dir='ltr'><strong>mentio</strong></span> <span class='ocrx_word' id='word_1_684' title='bbox 2402 3168 2618 3223; x_wconf 88' lang='lat' dir='ltr'><strong>quoque</strong></span> <span class='ocrx_word' id='word_1_685' title='bbox 2641 3151 2863 3208; x_wconf 61' lang='lat' dir='ltr'><strong>Eulalia;</strong></span> <span class='ocrx_word' id='word_1_686' title='bbox 2883 3162 2983 3218; x_wconf 80' lang='lat' dir='ltr'><strong>est,</strong></span> <span class='ocrx_word' id='word_1_687' title='bbox 3015 3153 3167 3220; x_wconf 85' lang='lat' dir='ltr'><strong>cujus</strong></span> <span class='ocrx_word' id='word_1_688' title='bbox 3187 3154 3399 3208; x_wconf 85' lang='lat' dir='ltr'><strong>cineres</strong></span> <span class='ocrx_word' id='word_1_689' title='bbox 3427 3169 3599 3208; x_wconf 88' lang='lat' dir='ltr'><strong>ovans</strong></span> <span class='ocrx_word' id='word_1_690' title='bbox 3619 3153 3765 3208; x_wconf 74' lang='lat' dir='ltr'><strong>Eine-</strong></span> 
     </span>
    </p>
   </div>
   <div class='ocr_carea' id='block_1_98' title="bbox 2182 3241 3764 3312">
    <p class='ocr_par' dir='ltr' id='par_1_98' title="bbox 2182 3241 3764 3312">
     <span class='ocr_line' id='line_1_100' title="bbox 2182 3241 3764 3312; baseline 0 -16"><span class='ocrx_word' id='word_1_691' title='bbox 2182 3243 2283 3297; x_wconf 88' lang='lat' dir='ltr'><strong>rita</strong></span> <span class='ocrx_word' id='word_1_692' title='bbox 2314 3241 2527 3296; x_wconf 85' lang='lat' dir='ltr'><strong>Christo</strong></span> <span class='ocrx_word' id='word_1_693' title='bbox 2555 3244 2782 3296; x_wconf 78' lang='lat' dir='ltr'><strong>a&#39;latura</strong></span> <span class='ocrx_word' id='word_1_694' title='bbox 2810 3243 3033 3298; x_wconf 87' lang='lat' dir='ltr'><strong>dicitur:</strong></span> <span class='ocrx_word' id='word_1_695' title='bbox 3067 3242 3414 3312; x_wconf 86' lang='lat' dir='ltr'><strong>Complutum</strong></span> <span class='ocrx_word' id='word_1_696' title='bbox 3438 3242 3764 3298; x_wconf 86' lang='lat' dir='ltr'><strong>itidemJusti</strong></span> 
     </span>
    </p>
   </div>
   <div class='ocr_carea' id='block_1_99' title="bbox 2184 3334 3767 3404">
    <p class='ocr_par' dir='ltr' id='par_1_99' title="bbox 2184 3334 3767 3404">
     <span class='ocr_line' id='line_1_101' title="bbox 2184 3334 3767 3404; baseline 0 -14"><span class='ocrx_word' id='word_1_697' title='bbox 2184 3345 2242 3390; x_wconf 90' lang='lat' dir='ltr'><strong>ct</strong></span> <span class='ocrx_word' id='word_1_698' title='bbox 2270 3334 2548 3397; x_wconf 86' lang='lat' dir='ltr'><strong>Pastoris;</strong></span> <span class='ocrx_word' id='word_1_699' title='bbox 2598 3334 2835 3391; x_wconf 77' lang='lat' dir='ltr'><strong>Tarraco</strong></span> <span class='ocrx_word' id='word_1_700' title='bbox 2866 3335 3149 3390; x_wconf 84' lang='lat' dir='ltr'><strong>Fructuosi</strong></span> <span class='ocrx_word' id='word_1_701' title='bbox 3193 3346 3249 3391; x_wconf 92' lang='lat' dir='ltr'><strong>et</strong></span> <span class='ocrx_word' id='word_1_702' title='bbox 3274 3339 3589 3393; x_wconf 88' lang='lat' dir='ltr'><strong>sociorum:</strong></span> <span class='ocrx_word' id='word_1_703' title='bbox 3634 3352 3767 3404; x_wconf 74' lang='lat' dir='ltr'><strong>quos</strong></span> 
     </span>
    </p>
   </div>
   <div class='ocr_carea' id='block_1_100' title="bbox 2182 3426 3764 3494">
    <p class='ocr_par' dir='ltr' id='par_1_100' title="bbox 2182 3426 3764 3494">
     <span class='ocr_line' id='line_1_102' title="bbox 2182 3426 3764 3494; baseline -0.001 -13"><span class='ocrx_word' id='word_1_704' title='bbox 2182 3435 2365 3481; x_wconf 88' lang='lat' dir='ltr'><strong>tamen</strong></span> <span class='ocrx_word' id='word_1_705' title='bbox 2415 3427 2480 3479; x_wconf 85' lang='lat' dir='ltr'><strong>iis</strong></span> <span class='ocrx_word' id='word_1_706' title='bbox 2508 3427 2639 3492; x_wconf 87' lang='lat' dir='ltr'><strong>ipsis</strong></span> <span class='ocrx_word' id='word_1_707' title='bbox 2675 3426 2870 3494; x_wconf 87' lang='lat' dir='ltr'><strong>quibus</strong></span> <span class='ocrx_word' id='word_1_708' title='bbox 2900 3426 3269 3481; x_wconf 83' lang='lat' dir='ltr'><strong>attribuuntur</strong></span> <span class='ocrx_word' id='word_1_709' title='bbox 3297 3428 3520 3483; x_wconf 90' lang='lat' dir='ltr'><strong>urbibus</strong></span> <span class='ocrx_word' id='word_1_710' title='bbox 3564 3428 3764 3482; x_wconf 85' lang='lat' dir='ltr'><strong>natales</strong></span> 
     </span>
    </p>
   </div>
   <div class='ocr_carea' id='block_1_101' title="bbox 2183 3516 3760 3589">
    <p class='ocr_par' dir='ltr' id='par_1_101' title="bbox 2183 3516 3760 3589">
     <span class='ocr_line' id='line_1_103' title="bbox 2183 3516 3760 3589; baseline 0.002 -18"><span class='ocrx_word' id='word_1_711' title='bbox 2183 3516 2427 3572; x_wconf 70' lang='lat' dir='ltr'><strong>hausisse</strong></span> <span class='ocrx_word' id='word_1_712' title='bbox 2457 3519 2735 3583; x_wconf 71' lang='lat' dir='ltr'><strong>novimus;</strong></span> <span class='ocrx_word' id='word_1_713' title='bbox 2778 3526 2835 3570; x_wconf 91' lang='lat' dir='ltr'><strong>ut</strong></span> <span class='ocrx_word' id='word_1_714' title='bbox 2863 3518 3089 3586; x_wconf 89' lang='lat' dir='ltr'><strong>proinde</strong></span> <span class='ocrx_word' id='word_1_715' title='bbox 3118 3533 3225 3573; x_wconf 90' lang='lat' dir='ltr'><strong>non</strong></span> <span class='ocrx_word' id='word_1_716' title='bbox 3264 3528 3527 3589; x_wconf 88' lang='lat' dir='ltr'><strong>perpetuo</strong></span> <span class='ocrx_word' id='word_1_717' title='bbox 3559 3528 3760 3589; x_wconf 83' lang='lat' dir='ltr'><strong>marty-</strong></span> 
     </span>
    </p>
   </div>
   <div class='ocr_carea' id='block_1_102' title="bbox 2181 3606 3756 3679">
    <p class='ocr_par' dir='ltr' id='par_1_102' title="bbox 2181 3606 3756 3679">
     <span class='ocr_line' id='line_1_104' title="bbox 2181 3606 3756 3679; baseline 0.002 -18"><span class='ocrx_word' id='word_1_718' title='bbox 2181 3623 2299 3661; x_wconf 88' lang='lat' dir='ltr'><strong>rum</strong></span> <span class='ocrx_word' id='word_1_719' title='bbox 2331 3608 2531 3677; x_wconf 82' lang='lat' dir='ltr'><strong>patrias</strong></span> <span class='ocrx_word' id='word_1_720' title='bbox 2563 3606 2889 3662; x_wconf 84' lang='lat' dir='ltr'><strong>Prudentius</strong></span> <span class='ocrx_word' id='word_1_721' title='bbox 2917 3608 2968 3661; x_wconf 92' lang='lat' dir='ltr'><strong>in</strong></span> <span class='ocrx_word' id='word_1_722' title='bbox 3002 3623 3068 3661; x_wconf 93' lang='lat' dir='ltr'><strong>eo</strong></span> <span class='ocrx_word' id='word_1_723' title='bbox 3100 3610 3300 3679; x_wconf 85' lang='lat' dir='ltr'><strong>hymno</strong></span> <span class='ocrx_word' id='word_1_724' title='bbox 3330 3610 3546 3665; x_wconf 89' lang='lat' dir='ltr'><strong>siluisse</strong></span> <span class='ocrx_word' id='word_1_725' title='bbox 3576 3610 3756 3665; x_wconf 85' lang='lat' dir='ltr'><strong>dicen-</strong></span> 
     </span>
    </p>
   </div>
   <div class='ocr_carea' id='block_1_103' title="bbox 2180 3697 3756 3770">
    <p class='ocr_par' dir='ltr' id='par_1_103' title="bbox 2180 3697 3756 3770">
     <span class='ocr_line' id='line_1_105' title="bbox 2180 3697 3756 3770; baseline 0.001 -19"><span class='ocrx_word' id='word_1_726' title='bbox 2180 3699 2282 3752; x_wconf 86' lang='lat' dir='ltr'><strong>dus</strong></span> <span class='ocrx_word' id='word_1_727' title='bbox 2307 3698 2395 3752; x_wconf 90' lang='lat' dir='ltr'><strong>sit.</strong></span> <span class='ocrx_word' id='word_1_728' title='bbox 2429 3697 2565 3765; x_wconf 85' lang='lat' dir='ltr'><strong>Quid</strong></span> <span class='ocrx_word' id='word_1_729' title='bbox 2602 3714 2732 3752; x_wconf 87' lang='lat' dir='ltr'><strong>vero</strong></span> <span class='ocrx_word' id='word_1_730' title='bbox 2758 3706 2867 3751; x_wconf 88' lang='lat' dir='ltr'><strong>tum</strong></span> <span class='ocrx_word' id='word_1_731' title='bbox 2891 3699 3121 3768; x_wconf 88' lang='lat' dir='ltr'><strong>postea?</strong></span> <span class='ocrx_word' id='word_1_732' title='bbox 3150 3698 3289 3753; x_wconf 83' lang='lat' dir='ltr'><strong>Casu</strong></span> <span class='ocrx_word' id='word_1_733' title='bbox 3319 3699 3372 3753; x_wconf 91' lang='lat' dir='ltr'><strong>hi</strong></span> <span class='ocrx_word' id='word_1_734' title='bbox 3404 3708 3675 3770; x_wconf 82' lang='lat' dir='ltr'><strong>martyres</strong></span> <span class='ocrx_word' id='word_1_735' title='bbox 3709 3700 3756 3753; x_wconf 87' lang='lat' dir='ltr'><strong>in</strong></span> 
     </span>
    </p>
   </div>
   <div class='ocr_carea' id='block_1_104' title="bbox 2183 3790 3757 3860">
    <p class='ocr_par' dir='ltr' id='par_1_104' title="bbox 2183 3790 3757 3860">
     <span class='ocr_line' id='line_1_106' title="bbox 2183 3790 3757 3860; baseline -0.001 -15"><span class='ocrx_word' id='word_1_736' title='bbox 2183 3791 2321 3859; x_wconf 83' lang='lat' dir='ltr'><strong>ipsa,</strong></span> <span class='ocrx_word' id='word_1_737' title='bbox 2352 3805 2471 3858; x_wconf 64' lang='lat' dir='ltr'><strong>qua;</strong></span> <span class='ocrx_word' id='word_1_738' title='bbox 2501 3790 2703 3858; x_wconf 90' lang='lat' dir='ltr'><strong>pridem</strong></span> <span class='ocrx_word' id='word_1_739' title='bbox 2722 3806 2817 3845; x_wconf 90' lang='lat' dir='ltr'><strong>eos</strong></span> <span class='ocrx_word' id='word_1_740' title='bbox 2834 3790 3032 3843; x_wconf 88' lang='lat' dir='ltr'><strong>tnunda</strong></span> <span class='ocrx_word' id='word_1_741' title='bbox 3048 3797 3356 3860; x_wconf 77' lang='lat' dir='ltr'><strong>pepererat,</strong></span> <span class='ocrx_word' id='word_1_742' title='bbox 3386 3792 3522 3844; x_wconf 91' lang='lat' dir='ltr'><strong>urbe</strong></span> <span class='ocrx_word' id='word_1_743' title='bbox 3551 3791 3620 3844; x_wconf 87' lang='lat' dir='ltr'><strong>ad</strong></span> <span class='ocrx_word' id='word_1_744' title='bbox 3646 3791 3757 3859; x_wconf 85' lang='lat' dir='ltr'><strong>pal-</strong></span> 
     </span>
    </p>
   </div>
   <div class='ocr_carea' id='block_1_105' title="bbox 2182 3883 3759 3949">
    <p class='ocr_par' dir='ltr' id='par_1_105' title="bbox 2182 3883 3759 3949">
     <span class='ocr_line' id='line_1_107' title="bbox 2182 3883 3759 3949; baseline -0.001 -12"><span class='ocrx_word' id='word_1_745' title='bbox 2182 3898 2325 3937; x_wconf 84' lang='lat' dir='ltr'><strong>mam</strong></span> <span class='ocrx_word' id='word_1_746' title='bbox 2369 3884 2562 3947; x_wconf 83' lang='lat' dir='ltr'><strong>vocati,</strong></span> <span class='ocrx_word' id='word_1_747' title='bbox 2596 3883 2901 3949; x_wconf 83' lang='lat' dir='ltr'><strong>ibidemque</strong></span> <span class='ocrx_word' id='word_1_748' title='bbox 2947 3898 2976 3935; x_wconf 90' lang='lat' dir='ltr'><strong>a</strong></span> <span class='ocrx_word' id='word_1_749' title='bbox 3007 3883 3327 3938; x_wconf 82' lang='lat' dir='ltr'><strong>Christianis</strong></span> <span class='ocrx_word' id='word_1_750' title='bbox 3375 3884 3591 3938; x_wconf 88' lang='lat' dir='ltr'><strong>tumulo</strong></span> <span class='ocrx_word' id='word_1_751' title='bbox 3619 3899 3759 3938; x_wconf 90' lang='lat' dir='ltr'><strong>com-</strong></span> 
     </span>
    </p>
   </div>
   <div class='ocr_carea' id='block_1_106' title="bbox 2183 3971 3755 4057">
    <p class='ocr_par' dir='ltr' id='par_1_106' title="bbox 2183 3971 3755 4057">
     <span class='ocr_line' id='line_1_108' title="bbox 2183 3971 3755 4057; baseline 0.001 -30"><span class='ocrx_word' id='word_1_752' title='bbox 2183 3973 2351 4043; x_wconf 91' lang='lat' dir='ltr'><strong>positi</strong></span> <span class='ocrx_word' id='word_1_753' title='bbox 2382 3971 2553 4028; x_wconf 75' lang='lat' dir='ltr'><strong>tuere.</strong></span> <span class='ocrx_word' id='word_1_754' title='bbox 2584 3972 2764 4039; x_wconf 82' lang='lat' dir='ltr'><strong>Quare</strong></span> <span class='ocrx_word' id='word_1_755' title='bbox 2794 3972 3116 4031; x_wconf 86' lang='lat' dir='ltr'><strong>Prudentius</strong></span> <span class='ocrx_word' id='word_1_756' title='bbox 3143 3974 3409 4057; x_wconf 79' lang='lat' dir='ltr'><strong>passionis</strong></span> <span class='ocrx_word' id='word_1_757' title='bbox 3427 3987 3483 4029; x_wconf 91' lang='lat' dir='ltr'><strong>et</strong></span> <span class='ocrx_word' id='word_1_758' title='bbox 3509 3976 3755 4043; x_wconf 84' lang='lat' dir='ltr'><strong>reliquia-</strong></span> 
     </span>
    </p>
   </div>
   <div class='ocr_carea' id='block_1_107' title="bbox 2183 4068 3758 4140">
    <p class='ocr_par' dir='ltr' id='par_1_107' title="bbox 2183 4068 3758 4140">
     <span class='ocr_line' id='line_1_109' title="bbox 2183 4068 3758 4140; baseline 0.003 -18"><span class='ocrx_word' id='word_1_759' title='bbox 2183 4083 2302 4122; x_wconf 92' lang='lat' dir='ltr'><strong>rum</strong></span> <span class='ocrx_word' id='word_1_760' title='bbox 2338 4068 2389 4122; x_wconf 93' lang='lat' dir='ltr'><strong>in</strong></span> <span class='ocrx_word' id='word_1_761' title='bbox 2417 4083 2483 4122; x_wconf 90' lang='lat' dir='ltr'><strong>eo</strong></span> <span class='ocrx_word' id='word_1_762' title='bbox 2514 4068 2710 4138; x_wconf 90' lang='lat' dir='ltr'><strong>hymno</strong></span> <span class='ocrx_word' id='word_1_763' title='bbox 2757 4069 2913 4124; x_wconf 90' lang='lat' dir='ltr'><strong>sedes</strong></span> <span class='ocrx_word' id='word_1_764' title='bbox 2936 4084 3283 4132; x_wconf 87' lang='lat' dir='ltr'><strong>enumerans,</strong></span> <span class='ocrx_word' id='word_1_765' title='bbox 3330 4085 3438 4125; x_wconf 90' lang='lat' dir='ltr'><strong>non</strong></span> <span class='ocrx_word' id='word_1_766' title='bbox 3487 4073 3667 4140; x_wconf 91' lang='lat' dir='ltr'><strong>potuit</strong></span> <span class='ocrx_word' id='word_1_767' title='bbox 3692 4072 3758 4126; x_wconf 86' lang='lat' dir='ltr'><strong>ab</strong></span> 
     </span>
    </p>
   </div>
   <div class='ocr_carea' id='block_1_108' title="bbox 2183 4160 3759 4231">
    <p class='ocr_par' dir='ltr' id='par_1_108' title="bbox 2183 4160 3759 4231">
     <span class='ocr_line' id='line_1_110' title="bbox 2183 4160 3759 4231; baseline 0.002 -17"><span class='ocrx_word' id='word_1_768' title='bbox 2183 4160 2370 4215; x_wconf 87' lang='lat' dir='ltr'><strong>iisdem</strong></span> <span class='ocrx_word' id='word_1_769' title='bbox 2394 4161 2585 4215; x_wconf 90' lang='lat' dir='ltr'><strong>barum</strong></span> <span class='ocrx_word' id='word_1_770' title='bbox 2613 4170 2906 4231; x_wconf 88' lang='lat' dir='ltr'><strong>martyrum</strong></span> <span class='ocrx_word' id='word_1_771' title='bbox 2941 4163 3143 4230; x_wconf 90' lang='lat' dir='ltr'><strong>patrias</strong></span> <span class='ocrx_word' id='word_1_772' title='bbox 3162 4161 3486 4229; x_wconf 85' lang='lat' dir='ltr'><strong>sejungere;</strong></span> <span class='ocrx_word' id='word_1_773' title='bbox 3514 4179 3620 4218; x_wconf 87' lang='lat' dir='ltr'><strong>rrec</strong></span> <span class='ocrx_word' id='word_1_774' title='bbox 3644 4180 3759 4219; x_wconf 82' lang='lat' dir='ltr'><strong>cum</strong></span> 
     </span>
    </p>
   </div>
   <div class='ocr_carea' id='block_1_109' title="bbox 2181 4252 3760 4323">
    <p class='ocr_par' dir='ltr' id='par_1_109' title="bbox 2181 4252 3760 4323">
     <span class='ocr_line' id='line_1_111' title="bbox 2181 4252 3760 4323; baseline 0.001 -17"><span class='ocrx_word' id='word_1_775' title='bbox 2181 4266 2323 4306; x_wconf 87' lang='lat' dir='ltr'><strong>unus</strong></span> <span class='ocrx_word' id='word_1_776' title='bbox 2349 4260 2492 4307; x_wconf 88' lang='lat' dir='ltr'><strong>esset</strong></span> <span class='ocrx_word' id='word_1_777' title='bbox 2519 4267 2705 4306; x_wconf 91' lang='lat' dir='ltr'><strong>eorum</strong></span> <span class='ocrx_word' id='word_1_778' title='bbox 2736 4253 2971 4323; x_wconf 87' lang='lat' dir='ltr'><strong>sepulcri</strong></span> <span class='ocrx_word' id='word_1_779' title='bbox 3001 4261 3057 4307; x_wconf 91' lang='lat' dir='ltr'><strong>et</strong></span> <span class='ocrx_word' id='word_1_780' title='bbox 3081 4253 3381 4307; x_wconf 88' lang='lat' dir='ltr'><strong>nativitatis</strong></span> <span class='ocrx_word' id='word_1_781' title='bbox 3409 4252 3592 4322; x_wconf 87' lang='lat' dir='ltr'><strong>locus,</strong></span> <span class='ocrx_word' id='word_1_782' title='bbox 3623 4255 3760 4323; x_wconf 86' lang='lat' dir='ltr'><strong>prio-</strong></span> 
     </span>
    </p>
   </div>
   <div class='ocr_carea' id='block_1_110' title="bbox 2182 4343 3761 4415">
    <p class='ocr_par' dir='ltr' id='par_1_110' title="bbox 2182 4343 3761 4415">
     <span class='ocr_line' id='line_1_112' title="bbox 2182 4343 3761 4415; baseline 0.002 -18"><span class='ocrx_word' id='word_1_783' title='bbox 2182 4358 2243 4397; x_wconf 89' lang='lat' dir='ltr'><strong>re</strong></span> <span class='ocrx_word' id='word_1_784' title='bbox 2292 4343 2344 4397; x_wconf 89' lang='lat' dir='ltr'><strong>in</strong></span> <span class='ocrx_word' id='word_1_785' title='bbox 2395 4359 2503 4413; x_wconf 89' lang='lat' dir='ltr'><strong>quo</strong></span> <span class='ocrx_word' id='word_1_786' title='bbox 2532 4344 2674 4412; x_wconf 87' lang='lat' dir='ltr'><strong>passi</strong></span> <span class='ocrx_word' id='word_1_787' title='bbox 2705 4346 2915 4398; x_wconf 80' lang='lat' dir='ltr'><strong>fuerant</strong></span> <span class='ocrx_word' id='word_1_788' title='bbox 2939 4344 3250 4413; x_wconf 83' lang='lat' dir='ltr'><strong>designato,</strong></span> <span class='ocrx_word' id='word_1_789' title='bbox 3293 4347 3656 4415; x_wconf 88' lang='lat' dir='ltr'><strong>posteriorem</strong></span> <span class='ocrx_word' id='word_1_790' title='bbox 3685 4348 3761 4401; x_wconf 88' lang='lat' dir='ltr'><strong>in-</strong></span> 
     </span>
    </p>
   </div>
   <div class='ocr_carea' id='block_1_111' title="bbox 2184 4431 3759 4507">
    <p class='ocr_par' dir='ltr' id='par_1_111' title="bbox 2184 4431 3759 4507">
     <span class='ocr_line' id='line_1_113' title="bbox 2184 4431 3759 4507; baseline 0.004 -21"><span class='ocrx_word' id='word_1_791' title='bbox 2184 4431 2388 4487; x_wconf 90' lang='lat' dir='ltr'><strong>dictum</strong></span> <span class='ocrx_word' id='word_1_792' title='bbox 2420 4433 2720 4501; x_wconf 80' lang='lat' dir='ltr'><strong>praeterire.</strong></span> <span class='ocrx_word' id='word_1_793' title='bbox 2759 4434 3035 4502; x_wconf 83' lang='lat' dir='ltr'><strong>Nusquam</strong></span> <span class='ocrx_word' id='word_1_794' title='bbox 3069 4442 3251 4490; x_wconf 83' lang='lat' dir='ltr'><strong>tamen</strong></span> <span class='ocrx_word' id='word_1_795' title='bbox 3280 4436 3325 4490; x_wconf 90' lang='lat' dir='ltr'><strong>is</strong></span> <span class='ocrx_word' id='word_1_796' title='bbox 3346 4444 3541 4491; x_wconf 88' lang='lat' dir='ltr'><strong>auctor</strong></span> <span class='ocrx_word' id='word_1_797' title='bbox 3566 4439 3759 4507; x_wconf 82' lang='lat' dir='ltr'><strong>patrias</strong></span> 
     </span>
    </p>
   </div>
   <div class='ocr_carea' id='block_1_112' title="bbox 2104 4565 3758 4667">
    <p class='ocr_par' dir='ltr' id='par_1_112' title="bbox 2104 4565 3758 4667">
     <span class='ocr_line' id='line_1_114' title="bbox 2104 4565 3758 4667; baseline 0.003 -28"><span class='ocrx_word' id='word_1_798' title='bbox 2104 4565 2156 4626; x_wconf 81' lang='grc' dir='ltr'>Ῑ)</span> <span class='ocrx_word' id='word_1_799' title='bbox 2182 4585 2322 4656; x_wconf 65' lang='lat' dir='ltr'><strong>(quae</strong></span> <span class='ocrx_word' id='word_1_800' title='bbox 2353 4600 2492 4639; x_wconf 89' lang='lat' dir='ltr'><strong>nunc</strong></span> <span class='ocrx_word' id='word_1_801' title='bbox 2521 4587 2677 4667; x_wconf 49' lang='grc' dir='ltr'><strong>Αἱρεῖ</strong></span> <span class='ocrx_word' id='word_1_802' title='bbox 2703 4584 2862 4653; x_wconf 86' lang='lat' dir='ltr'><strong>vulgo</strong></span> <span class='ocrx_word' id='word_1_803' title='bbox 2889 4600 3009 4667; x_wconf 76' lang='lat' dir='ltr'><strong>esse</strong></span> <span class='ocrx_word' id='word_1_804' title='bbox 3037 4585 3434 4667; x_wconf 52' lang='lat' dir='ltr'><strong>existimatur)&quot;</strong></span> <span class='ocrx_word' id='word_1_805' title='bbox 3461 4589 3758 4667; x_wconf 67' lang='lat' dir='ltr'><strong>studiorum</strong></span> 
     </span>
    </p>
   </div>
   <div class='ocr_carea' id='block_1_113' title="bbox 2179 4656 3762 4726">
    <p class='ocr_par' dir='ltr' id='par_1_113' title="bbox 2179 4656 3762 4726">
     <span class='ocr_line' id='line_1_115' title="bbox 2179 4656 3762 4726; baseline 0.002 -16"><span class='ocrx_word' id='word_1_806' title='bbox 2179 4672 2339 4710; x_wconf 89' lang='lat' dir='ltr'><strong>causa</strong></span> <span class='ocrx_word' id='word_1_807' title='bbox 2369 4656 2751 4723; x_wconf 84' lang='lat' dir='ltr'><strong>commigrasse</strong></span> <span class='ocrx_word' id='word_1_808' title='bbox 2785 4674 2797 4707; x_wconf 89' lang='lat'><strong>:</strong></span> <span class='ocrx_word' id='word_1_809' title='bbox 2829 4658 3127 4724; x_wconf 78' lang='lat' dir='ltr'><strong>suspicatus</strong></span> <span class='ocrx_word' id='word_1_810' title='bbox 3166 4656 3237 4709; x_wconf 85' lang='lat' dir='ltr'><strong>l&#39;ui</strong></span> <span class='ocrx_word' id='word_1_811' title='bbox 3267 4657 3469 4726; x_wconf 78' lang='lat' dir='ltr'><strong>Scyllin</strong></span> <span class='ocrx_word' id='word_1_812' title='bbox 3507 4659 3762 4713; x_wconf 56' lang='grc' dir='ltr'><strong>(ἒπειτα</strong></span> 
     </span>
    </p>
   </div>
   <div class='ocr_carea' id='block_1_114' title="bbox 2179 4726 3762 4795">
    <p class='ocr_par' dir='ltr' id='par_1_114' title="bbox 2179 4726 3762 4795">
     <span class='ocr_line' id='line_1_116' title="bbox 2179 4726 3762 4795; baseline 0.003 -16"><span class='ocrx_word' id='word_1_813' title='bbox 2179 4742 2339 4795; x_wconf 85' lang='lat' dir='ltr'><strong>quam</strong></span> <span class='ocrx_word' id='word_1_814' title='bbox 2366 4727 2672 4793; x_wconf 87' lang='lat' dir='ltr'><strong>Carthagini</strong></span> <span class='ocrx_word' id='word_1_815' title='bbox 2704 4726 2791 4793; x_wconf 89' lang='lat' dir='ltr'><strong>(ad</strong></span> <span class='ocrx_word' id='word_1_816' title='bbox 2820 4740 2978 4793; x_wconf 87' lang='lat' dir='ltr'><strong>quam</strong></span> <span class='ocrx_word' id='word_1_817' title='bbox 3021 4735 3207 4794; x_wconf 86' lang='lat' dir='ltr'><strong>utpote</strong></span> <span class='ocrx_word' id='word_1_818' title='bbox 3248 4728 3605 4782; x_wconf 85' lang='lat' dir='ltr'><strong>celebriorem</strong></span> <span class='ocrx_word' id='word_1_819' title='bbox 3637 4731 3762 4784; x_wconf 77' lang='lat' dir='ltr'><strong>alias</strong></span> 
     </span>
    </p>
   </div>
   <div class='ocr_carea' id='block_1_115' title="bbox 2178 4795 3761 4866">
    <p class='ocr_par' dir='ltr' id='par_1_115' title="bbox 2178 4795 3761 4866">
     <span class='ocr_line' id='line_1_117' title="bbox 2178 4795 3761 4866; baseline 0.003 -17"><span class='ocrx_word' id='word_1_820' title='bbox 2178 4795 2545 4850; x_wconf 87' lang='lat' dir='ltr'><strong>sanctissimos</strong></span> <span class='ocrx_word' id='word_1_821' title='bbox 2597 4805 2858 4866; x_wconf 69' lang='lat' dir='ltr'><strong>martyres</strong></span> <span class='ocrx_word' id='word_1_822' title='bbox 2910 4796 3419 4866; x_wconf 10' lang='lat' dir='ltr'><strong>studiorttmfcausa</strong></span> <span class='ocrx_word' id='word_1_823' title='bbox 3475 4799 3761 4854; x_wconf 84' lang='lat' dir='ltr'><strong>mittendos</strong></span> 
     </span>
    </p>
   </div>
   <div class='ocr_carea' id='block_1_116' title="bbox 2178 4865 3763 4937">
    <p class='ocr_par' dir='ltr' id='par_1_116' title="bbox 2178 4865 3763 4937">
     <span class='ocr_line' id='line_1_118' title="bbox 2178 4865 3763 4937; baseline 0.003 -18"><span class='ocrx_word' id='word_1_824' title='bbox 2178 4866 2343 4921; x_wconf 78' lang='lat' dir='ltr'><strong>fuisse</strong></span> <span class='ocrx_word' id='word_1_825' title='bbox 2368 4865 2685 4937; x_wconf 12' lang='lat' dir='ltr'><strong>iverosimile</strong></span> <span class='ocrx_word' id='word_1_826' title='bbox 2724 4865 2835 4937; x_wconf 68' lang='lat' dir='ltr'><strong>est)</strong></span> <span class='ocrx_word' id='word_1_827' title='bbox 2881 4866 3186 4937; x_wconf 83' lang='lat' dir='ltr'><strong>propiorem</strong></span> <span class='ocrx_word' id='word_1_828' title='bbox 3219 4865 3412 4922; x_wconf 71' lang='lat' dir='ltr'><strong>fuisse:</strong></span> <span class='ocrx_word' id='word_1_829' title='bbox 3436 4876 3606 4937; x_wconf 82' lang='lat' dir='ltr'><strong>atque</strong></span> <span class='ocrx_word' id='word_1_830' title='bbox 3631 4870 3763 4923; x_wconf 77' lang='lat' dir='ltr'><strong>adeo</strong></span> 
     </span>
    </p>
   </div>
   <div class='ocr_carea' id='block_1_117' title="bbox 2178 4935 3764 5002">
    <p class='ocr_par' dir='ltr' id='par_1_117' title="bbox 2178 4935 3764 5002">
     <span class='ocr_line' id='line_1_119' title="bbox 2178 4935 3764 5002; baseline 0 -11"><span class='ocrx_word' id='word_1_831' title='bbox 2178 4952 2284 4991; x_wconf 87' lang='lat' dir='ltr'><strong>non</strong></span> <span class='ocrx_word' id='word_1_832' title='bbox 2315 4936 2379 4989; x_wconf 80' lang='lat' dir='ltr'><strong>ad</strong></span> <span class='ocrx_word' id='word_1_833' title='bbox 2410 4937 2735 5002; x_wconf 75' lang='lat' dir='ltr'><strong>provincmm</strong></span> <span class='ocrx_word' id='word_1_834' title='bbox 2782 4935 3222 4989; x_wconf 80' lang='lat' dir='ltr'><strong>Proconsularem</strong></span> <span class='ocrx_word' id='word_1_835' title='bbox 3242 4978 3257 5000; x_wconf 96' lang='lat'><strong>,</strong></span> <span class='ocrx_word' id='word_1_836' title='bbox 3288 4937 3379 4990; x_wconf 89' lang='lat' dir='ltr'><strong>sed</strong></span> <span class='ocrx_word' id='word_1_837' title='bbox 3409 4937 3475 4990; x_wconf 90' lang='lat' dir='ltr'><strong>ad</strong></span> <span class='ocrx_word' id='word_1_838' title='bbox 3507 4936 3764 4993; x_wconf 74' lang='lat' dir='ltr'><strong>Maurita-</strong></span> 
     </span>
    </p>
   </div>
   <div class='ocr_carea' id='block_1_118' title="bbox 2179 5005 3762 5071">
    <p class='ocr_par' dir='ltr' id='par_1_118' title="bbox 2179 5005 3762 5071">
     <span class='ocr_line' id='line_1_120' title="bbox 2179 5005 3762 5071; baseline 0 -11"><span class='ocrx_word' id='word_1_839' title='bbox 2179 5009 2318 5061; x_wconf 91' lang='lat' dir='ltr'><strong>niam</strong></span> <span class='ocrx_word' id='word_1_840' title='bbox 2345 5006 2727 5061; x_wconf 72' lang='lat' dir='ltr'><strong>Cazsariensem</strong></span> <span class='ocrx_word' id='word_1_841' title='bbox 2758 5021 2878 5058; x_wconf 87' lang='lat' dir='ltr'><strong>eam</strong></span> <span class='ocrx_word' id='word_1_842' title='bbox 2911 5006 3094 5058; x_wconf 87' lang='lat' dir='ltr'><strong>urbem</strong></span> <span class='ocrx_word' id='word_1_843' title='bbox 3130 5006 3469 5071; x_wconf 88' lang='lat' dir='ltr'><strong>pertinuisse.</strong></span> <span class='ocrx_word' id='word_1_844' title='bbox 3497 5005 3762 5062; x_wconf 79' lang='lat' dir='ltr'><strong>Przeterea</strong></span> 
     </span>
    </p>
   </div>
   <div class='ocr_carea' id='block_1_119' title="bbox 2177 5075 3763 5147">
    <p class='ocr_par' dir='ltr' id='par_1_119' title="bbox 2177 5075 3763 5147">
     <span class='ocr_line' id='line_1_121' title="bbox 2177 5075 3763 5147; baseline 0 -16"><span class='ocrx_word' id='word_1_845' title='bbox 2177 5093 2299 5131; x_wconf 91' lang='lat' dir='ltr'><strong>cum</strong></span> <span class='ocrx_word' id='word_1_846' title='bbox 2329 5078 2379 5129; x_wconf 90' lang='lat' dir='ltr'><strong>in</strong></span> <span class='ocrx_word' id='word_1_847' title='bbox 2411 5078 2715 5147; x_wconf 87' lang='lat' dir='ltr'><strong>recentibus</strong></span> <span class='ocrx_word' id='word_1_848' title='bbox 2752 5075 3478 5147; x_wconf 61' lang='lat' dir='ltr'><strong>chartisgeographicisnon</strong></span> <span class='ocrx_word' id='word_1_849' title='bbox 3510 5075 3671 5147; x_wconf 90' lang='lat' dir='ltr'><strong>longe</strong></span> <span class='ocrx_word' id='word_1_850' title='bbox 3697 5078 3763 5131; x_wconf 87' lang='lat' dir='ltr'><strong>ab</strong></span> 
     </span>
    </p>
   </div>
   <div class='ocr_carea' id='block_1_120' title="bbox 2176 5143 3762 5214">
    <p class='ocr_par' dir='ltr' id='par_1_120' title="bbox 2176 5143 3762 5214">
     <span class='ocr_line' id='line_1_122' title="bbox 2176 5143 3762 5214; baseline -0.001 -13"><span class='ocrx_word' id='word_1_851' title='bbox 2176 5148 2437 5201; x_wconf 79' lang='lat' dir='ltr'><strong>hodierno</strong></span> <span class='ocrx_word' id='word_1_852' title='bbox 2479 5146 2635 5214; x_wconf 79' lang='lat' dir='ltr'><strong>Alger</strong></span> <span class='ocrx_word' id='word_1_853' title='bbox 2665 5146 2916 5212; x_wconf 85' lang='lat' dir='ltr'><strong>oppidum</strong></span> <span class='ocrx_word' id='word_1_854' title='bbox 2949 5143 3159 5199; x_wconf 77' lang='lat' dir='ltr'><strong>Mezilla</strong></span> <span class='ocrx_word' id='word_1_855' title='bbox 3188 5146 3530 5213; x_wconf 79' lang='lat' dir='ltr'><strong>reperissem,</strong></span> <span class='ocrx_word' id='word_1_856' title='bbox 3564 5143 3631 5199; x_wconf 61' lang='lat' dir='ltr'><strong>ei</strong></span> <span class='ocrx_word' id='word_1_857' title='bbox 3658 5161 3762 5211; x_wconf 80' lang='lat' dir='ltr'><strong>qua</strong></span> 
     </span>
    </p>
   </div>
   <div class='ocr_carea' id='block_1_121' title="bbox 2175 5215 3763 5283">
    <p class='ocr_par' dir='ltr' id='par_1_121' title="bbox 2175 5215 3763 5283">
     <span class='ocr_line' id='line_1_123' title="bbox 2175 5215 3763 5283; baseline 0.002 -16"><span class='ocrx_word' id='word_1_858' title='bbox 2175 5233 2307 5271; x_wconf 85' lang='lat' dir='ltr'><strong>voce</strong></span> <span class='ocrx_word' id='word_1_859' title='bbox 2324 5217 2367 5270; x_wconf 89' lang='lat' dir='ltr'><strong>si</strong></span> <span class='ocrx_word' id='word_1_860' title='bbox 2400 5216 2630 5283; x_wconf 77' lang='lat' dir='ltr'><strong>priorem</strong></span> <span class='ocrx_word' id='word_1_861' title='bbox 2658 5230 2968 5278; x_wconf 90' lang='lat' dir='ltr'><strong>consonam,</strong></span> <span class='ocrx_word' id='word_1_862' title='bbox 3000 5230 3119 5283; x_wconf 72' lang='lat' dir='ltr'><strong>qua:</strong></span> <span class='ocrx_word' id='word_1_863' title='bbox 3146 5220 3328 5282; x_wconf 88' lang='lat' dir='ltr'><strong>procul</strong></span> <span class='ocrx_word' id='word_1_864' title='bbox 3360 5215 3527 5268; x_wconf 87' lang='lat' dir='ltr'><strong>dubia</strong></span> <span class='ocrx_word' id='word_1_865' title='bbox 3555 5217 3763 5270; x_wconf 78' lang='lat' dir='ltr'><strong>servilis</strong></span> 
     </span>
    </p>
   </div>
   <div class='ocr_carea' id='block_1_122' title="bbox 2176 5284 3763 5352">
    <p class='ocr_par' dir='ltr' id='par_1_122' title="bbox 2176 5284 3763 5352">
     <span class='ocr_line' id='line_1_124' title="bbox 2176 5284 3763 5352; baseline -0.001 -12"><span class='ocrx_word' id='word_1_866' title='bbox 2176 5295 2280 5351; x_wconf 41' lang='lat' dir='ltr'><strong>est,</strong></span> <span class='ocrx_word' id='word_1_867' title='bbox 2312 5303 2433 5338; x_wconf 80' lang='lat' dir='ltr'><strong>cum</strong></span> <span class='ocrx_word' id='word_1_868' title='bbox 2465 5301 2559 5337; x_wconf 91' lang='lat' dir='ltr'><strong>sua</strong></span> <span class='ocrx_word' id='word_1_869' title='bbox 2591 5286 2759 5339; x_wconf 78' lang='lat' dir='ltr'><strong>vocali</strong></span> <span class='ocrx_word' id='word_1_870' title='bbox 2794 5300 3064 5343; x_wconf 82' lang='lat' dir='ltr'><strong>amoveas.</strong></span> <span class='ocrx_word' id='word_1_871' title='bbox 3098 5294 3342 5352; x_wconf 74' lang='lat' dir='ltr'><strong>superest</strong></span> <span class='ocrx_word' id='word_1_872' title='bbox 3368 5284 3507 5338; x_wconf 81' lang='lat' dir='ltr'><strong>Zilla</strong></span> <span class='ocrx_word' id='word_1_873' title='bbox 3532 5302 3552 5340; x_wconf 91' lang='lat'><strong><em>:</em></strong></span> <span class='ocrx_word' id='word_1_874' title='bbox 3591 5286 3763 5338; x_wconf 85' lang='lat' dir='ltr'><strong>nomi-</strong></span> 
     </span>
    </p>
   </div>
   <div class='ocr_carea' id='block_1_123' title="bbox 2177 5353 3765 5421">
    <p class='ocr_par' dir='ltr' id='par_1_123' title="bbox 2177 5353 3765 5421">
     <span class='ocr_line' id='line_1_125' title="bbox 2177 5353 3765 5421; baseline 0.001 -11"><span class='ocrx_word' id='word_1_875' title='bbox 2177 5359 2257 5410; x_wconf 71' lang='lat' dir='ltr'><strong>nis</strong></span> <span class='ocrx_word' id='word_1_876' title='bbox 2288 5356 2544 5410; x_wconf 81' lang='lat' dir='ltr'><strong>aﬂinitate</strong></span> <span class='ocrx_word' id='word_1_877' title='bbox 2591 5355 2838 5409; x_wconf 89' lang='lat' dir='ltr'><strong>inductus</strong></span> <span class='ocrx_word' id='word_1_878' title='bbox 2877 5370 2994 5407; x_wconf 90' lang='lat' dir='ltr'><strong>sum</strong></span> <span class='ocrx_word' id='word_1_879' title='bbox 3031 5363 3088 5408; x_wconf 84' lang='lat' dir='ltr'><strong>ut</strong></span> <span class='ocrx_word' id='word_1_880' title='bbox 3120 5355 3440 5421; x_wconf 72' lang='lat' dir='ltr'><strong>conjicerem</strong></span> <span class='ocrx_word' id='word_1_881' title='bbox 3472 5370 3594 5408; x_wconf 85' lang='lat' dir='ltr'><strong>eam</strong></span> <span class='ocrx_word' id='word_1_882' title='bbox 3624 5353 3765 5412; x_wconf 68' lang='lat' dir='ltr'><strong>antl—</strong></span> 
     </span>
    </p>
   </div>
   <div class='ocr_carea' id='block_1_124' title="bbox 2176 5422 3729 5497">
    <p class='ocr_par' dir='ltr' id='par_1_124' title="bbox 2176 5422 3729 5497">
     <span class='ocr_line' id='line_1_126' title="bbox 2176 5422 3729 5497; baseline 0.001 -19"><span class='ocrx_word' id='word_1_883' title='bbox 2176 5442 2333 5497; x_wconf 82' lang='lat' dir='ltr'><strong>quaut</strong></span> <span class='ocrx_word' id='word_1_884' title='bbox 2368 5425 2565 5497; x_wconf 75' lang='lat' dir='ltr'><strong>Scy’lin</strong></span> <span class='ocrx_word' id='word_1_885' title='bbox 2590 5422 2777 5479; x_wconf 72' lang='lat' dir='ltr'><strong>Felicis</strong></span> <span class='ocrx_word' id='word_1_886' title='bbox 2805 5423 3158 5497; x_wconf 16' lang='lat' dir='ltr'><strong>et‘Cncul&#39;atis</strong></span> <span class='ocrx_word' id='word_1_887' title='bbox 3181 5426 3404 5497; x_wconf 77' lang='lat' dir='ltr'><strong>patriam</strong></span> <span class='ocrx_word' id='word_1_888' title='bbox 3435 5422 3622 5497; x_wconf 59' lang='lat' dir='ltr'><strong>fuisse.</strong></span> <span class='ocrx_word' id='word_1_889' title='bbox 3686 5494 3698 5497; x_wconf 93' lang='lat'><em>_</em></span> <span class='ocrx_word' id='word_1_890' title='bbox 3726 5486 3729 5487; x_wconf 21' lang='grc' dir='ltr'><em>ν</em></span> 
     </span>
    </p>
   </div>
   <div class='ocr_carea' id='block_1_125' title="bbox 2248 5494 3763 5564">
    <p class='ocr_par' dir='ltr' id='par_1_125' title="bbox 2248 5494 3763 5564">
     <span class='ocr_line' id='line_1_127' title="bbox 2248 5494 3763 5564; baseline -0.001 -15"><span class='ocrx_word' id='word_1_891' title='bbox 2248 5498 2321 5564; x_wconf 85' lang='lat' dir='ltr'><strong>te)</strong></span> <span class='ocrx_word' id='word_1_892' title='bbox 2355 5496 2562 5563; x_wconf 70' lang='lat' dir='ltr'><strong>Zoilum</strong></span> <span class='ocrx_word' id='word_1_893' title='bbox 2606 5504 2766 5559; x_wconf 80' lang='lat' dir='ltr'><strong>atque</strong></span> <span class='ocrx_word' id='word_1_894' title='bbox 2793 5496 2838 5546; x_wconf 86' lang='lat' dir='ltr'><strong>A</strong></span> <span class='ocrx_word' id='word_1_895' title='bbox 2874 5494 3059 5547; x_wconf 81' lang='lat' dir='ltr'><strong>isclum</strong></span> <span class='ocrx_word' id='word_1_896' title='bbox 3107 5494 3368 5548; x_wconf 66' lang='lat' dir='ltr'><strong>Corduba)</strong></span> <span class='ocrx_word' id='word_1_897' title='bbox 3397 5494 3524 5545; x_wconf 88' lang='lat' dir='ltr'><strong>olim</strong></span> <span class='ocrx_word' id='word_1_898' title='bbox 3557 5494 3763 5564; x_wconf 82' lang='lat' dir='ltr'><strong>incolas</strong></span> 
     </span>
    </p>
   </div>
   <div class='ocr_carea' id='block_1_126' title="bbox 2178 5562 3760 5633">
    <p class='ocr_par' dir='ltr' id='par_1_126' title="bbox 2178 5562 3760 5633">
     <span class='ocr_line' id='line_1_128' title="bbox 2178 5562 3760 5633; baseline -0.001 -15"><span class='ocrx_word' id='word_1_899' title='bbox 2178 5562 2340 5621; x_wconf 80' lang='lat' dir='ltr'><strong>fuisse</strong></span> <span class='ocrx_word' id='word_1_900' title='bbox 2366 5562 2617 5618; x_wconf 56' lang='lat' dir='ltr'><strong>constans</strong></span> <span class='ocrx_word' id='word_1_901' title='bbox 2639 5573 2720 5617; x_wconf 85' lang='lat' dir='ltr'><strong>est</strong></span> <span class='ocrx_word' id='word_1_902' title='bbox 2744 5572 3021 5617; x_wconf 84' lang='lat' dir='ltr'><strong>auctorum</strong></span> <span class='ocrx_word' id='word_1_903' title='bbox 3038 5564 3260 5617; x_wconf 78' lang='lat' dir='ltr'><strong>traditio</strong></span> <span class='ocrx_word' id='word_1_904' title='bbox 3283 5581 3351 5618; x_wconf 76' lang='lat' dir='ltr'><strong>ex</strong></span> <span class='ocrx_word' id='word_1_905' title='bbox 3379 5565 3618 5633; x_wconf 86' lang='lat' dir='ltr'><strong>antiquis</strong></span> <span class='ocrx_word' id='word_1_906' title='bbox 3641 5562 3760 5633; x_wconf 79' lang='lat' dir='ltr'><strong>Bre-</strong></span> 
     </span>
    </p>
   </div>
   <div class='ocr_carea' id='block_1_127' title="bbox 2178 5631 3755 5701">
    <p class='ocr_par' dir='ltr' id='par_1_127' title="bbox 2178 5631 3755 5701">
     <span class='ocr_line' id='line_1_129' title="bbox 2178 5631 3755 5701; baseline -0.001 -16"><span class='ocrx_word' id='word_1_907' title='bbox 2178 5637 2382 5700; x_wconf 68' lang='lat' dir='ltr'><strong>viariis,</strong></span> <span class='ocrx_word' id='word_1_908' title='bbox 2411 5633 2767 5701; x_wconf 80' lang='lat' dir='ltr'><strong>Legendatiis,</strong></span> <span class='ocrx_word' id='word_1_909' title='bbox 2801 5642 2962 5701; x_wconf 87' lang='lat' dir='ltr'><strong>atque</strong></span> <span class='ocrx_word' id='word_1_910' title='bbox 3002 5634 3152 5688; x_wconf 85' lang='lat' dir='ltr'><strong>Actis</strong></span> <span class='ocrx_word' id='word_1_911' title='bbox 3182 5634 3433 5691; x_wconf 80' lang='lat' dir='ltr'><strong>deducta.</strong></span> <span class='ocrx_word' id='word_1_912' title='bbox 3460 5631 3529 5687; x_wconf 84' lang='lat' dir='ltr'><strong>de</strong></span> <span class='ocrx_word' id='word_1_913' title='bbox 3557 5648 3665 5698; x_wconf 74' lang='lat' dir='ltr'><strong>qua</strong></span> <span class='ocrx_word' id='word_1_914' title='bbox 3692 5631 3755 5685; x_wconf 79' lang='lat' dir='ltr'><strong>cl.</strong></span> 
     </span>
    </p>
   </div>
   <div class='ocr_carea' id='block_1_128' title="bbox 2178 5701 3757 5778">
    <p class='ocr_par' dir='ltr' id='par_1_128' title="bbox 2178 5701 3757 5778">
     <span class='ocr_line' id='line_1_130' title="bbox 2178 5701 3757 5778; baseline -0.004 -19"><span class='ocrx_word' id='word_1_915' title='bbox 2178 5704 2657 5778; x_wconf 68' lang='lat' dir='ltr'><strong>Floreziusnosmr</strong></span> <span class='ocrx_word' id='word_1_916' title='bbox 2686 5702 2943 5773; x_wconf 77' lang='lat' dir='ltr'><strong>(Tam.X,</strong></span> <span class='ocrx_word' id='word_1_917' title='bbox 2969 5723 3087 5778; x_wconf 72' lang='lat' dir='ltr'><strong>pag.</strong></span> <span class='ocrx_word' id='word_1_918' title='bbox 3120 5701 3223 5758; x_wconf 74' lang='lat'><strong>289</strong></span> <span class='ocrx_word' id='word_1_919' title='bbox 3250 5703 3466 5778; x_wconf 57' lang='lat' dir='ltr'><strong>etiam).</strong></span> <span class='ocrx_word' id='word_1_920' title='bbox 3495 5703 3569 5755; x_wconf 83' lang='lat' dir='ltr'><strong>De</strong></span> <span class='ocrx_word' id='word_1_921' title='bbox 3592 5701 3757 5778; x_wconf 61' lang='lat' dir='ltr'><strong>patria</strong></span> 
     </span>
    </p>
   </div>
   <div class='ocr_carea' id='block_1_129' title="bbox 2180 5768 3739 5895">
    <p class='ocr_par' dir='ltr' id='par_1_129' title="bbox 2180 5768 3739 5895">
     <span class='ocr_line' id='line_1_131' title="bbox 2180 5768 3739 5895; baseline -0.004 -65"><span class='ocrx_word' id='word_1_922' title='bbox 2180 5775 2451 5895; x_wconf 50' lang='lat' dir='ltr'><strong>nilmcgrti</strong></span> <span class='ocrx_word' id='word_1_923' title='bbox 2468 5768 2923 5895; x_wconf 41' lang='lat' dir='ltr'><strong>hzltbemu‘snteque</strong></span> <span class='ocrx_word' id='word_1_924' title='bbox 2939 5780 2985 5829; x_wconf 78' lang='lat' dir='ltr'><strong>ts’</strong></span> <span class='ocrx_word' id='word_1_925' title='bbox 2995 5768 3182 5831; x_wconf 67' lang='lat' dir='ltr'><strong>auctor</strong></span> <span class='ocrx_word' id='word_1_926' title='bbox 3194 5768 3485 5843; x_wconf 76' lang='lat' dir='ltr'><strong>quidquam</strong></span> <span class='ocrx_word' id='word_1_927' title='bbox 3498 5768 3739 5842; x_wconf 85' lang='lat' dir='ltr'><strong>prodidit</strong></span> 
     </span>
     <span class='ocr_line' id='line_1_132' title="bbox 2388 5853 2739 5895; baseline 0 0"><span class='ocrx_word' id='word_1_928' title='bbox 2388 5853 2506 5895; x_wconf 88' lang='lat' dir='ltr'><strong>tron</strong></span> <span class='ocrx_word' id='word_1_929' title='bbox 2526 5860 2563 5895; x_wconf 87' lang='grc' dir='ltr'><strong>ι.</strong></span> <span class='ocrx_word' id='word_1_930' title='bbox 2588 5858 2739 5895; x_wconf 61' lang='lat' dir='ltr'><strong>xxix.</strong></span> 
     </span>
    </p>
   </div>
   <div class='ocr_carea' id='block_1_130' title="bbox 2253 5844 2739 5917">
    <p class='ocr_par' dir='ltr' id='par_1_130' title="bbox 2253 5844 2739 5917">
     <span class='ocr_line' id='line_1_133' title="bbox 2253 5844 2739 5917; baseline 0.002 -18"><span class='ocrx_word' id='word_1_931' title='bbox 2253 5847 2321 5917; x_wconf 68' lang='grc' dir='ltr'>(ι’)</span> <span class='ocrx_word' id='word_1_932' title='bbox 2345 5844 2563 5913; x_wconf 85' lang='lat' dir='ltr'><strong>Stroph.</strong></span> <span class='ocrx_word' id='word_1_933' title='bbox 2588 5858 2739 5900; x_wconf 58' lang='lat' dir='ltr'><strong>xxix.</strong></span> 
     </span>
    </p>
   </div>
  </div>
