4046 6364
278 362 385 420 633

1171 349 1619 410 DiSSEllTATlO
1656 349 1748 406 DE
1780 347 2055 407 DASIASU
2092 351 2181 407 ΕΓ
2223 354 2622 413 ιΑυιιΕΝτιο

3443 374 3511 429 65
3527 368 3551 429 ι’

276 486 466 531 e0mm
495 474 786 539 martyrum
809 466 931 518 data
960 474 1137 532 opera
1166 464 1455 527 recensuit,
1488 478 1555 518 ac
1575 478 1643 517 ne
1669 463 1737 517 de
1766 462 1846 528 ip-
1881 462 1935 521 Δ
2033 460 2130 519 Ubi
2160 469 2475 534 notandum,
2515 486 2724 527 comma
2749 493 2762 526 :
2797 476 2942 545 cujus
2972 478 3036 531 ab
3066 480 3221 536 ubere
3248 491 3532 557 progenita

276 566 354 622 sis
379 561 635 630 cogitavit
663 556 897 626 quidem,
924 565 985 609 ut
999 571 1063 610 ex
1092 556 1268 626 hymni
1301 564 1631 624 argumento
1664 555 1857 622 liquet.

351 654 487 710 Rem
519 650 649 707 satis
678 664 773 718 per
808 662 890 716 se,
922 656 978 701 ut
1004 647 1214 715 opinor,
1241 647 1499 701 illustrem
1529 646 1667 699 alter
1696 644 1865 713 ipsius

276 746 545 820 poematis
576 750 778 799 tractus
807 739 1233 806 demonstrabit,
1276 738 1328 792 iu
1373 755 1481 808 quo
1516 736 1861 802 Prudentius,

278 840 408 894 licet
435 836 566 889 alias
594 832 935 888 Vincentium
964 830 1177 885 levitam
1204 830 1625 897 Citsaraugustaz
1678 838 1861 883 natum

278 938 444 997 atque
474 926 761 981 educatum
792 921 1079 976 crediderit
1125 921 1199 989 (id
1230 920 1374 991 quod
1407 922 1534 975 mihi
1562 937 1629 976 ex
1663 922 1865 988 vigesi-

280 1035 368 1072 tua
390 1030 543 1073 sexta
580 1022 636 1069 et
663 1010 911 1080 sequenti
959 1010 1176 1076 strophe
1206 1011 1281 1078 (α)
1341 1010 1683 1080 perspicuum
1734 1009 1814 1080 iit)
1846 1026 1860 1077 ;

279 1107 630 1162 ιιὶιιιιοηιίηυε
661 1110 880 1166 tamen,
927 1100 1071 1169 quod
1100 1111 1251 1154 extra
1285 1100 1512 1169 patriam
1536 1140 1551 1164 ,
1603 1099 1862 1155 Valentia:

277 1197 485 1255 scilicet
515 1205 712 1250 nostra:
740 1194 790 1248 in
822 1191 1106 1257 Edetanis,
1153 1207 1345 1260 passus
1374 1207 1437 1246 ac
1464 1192 1677 1247 tumulo
1708 1208 1865 1247 com-

278 1288 489 1359 positus
512 1284 717 1349 fuisset,
742 1299 848 1337 non
869 1282 1031 1337 au-let
1060 1282 1231 1350 ipsum
1260 1282 1325 1336 iis
1348 1281 1697 1349 martyribus,
1727 1297 1864 1351 quos

277 1378 442 1449 pleno
467 1376 591 1444 jure
619 1373 1126 1439 Cmsaraugustanos
1153 1372 1409 1442 appellat,
1441 1371 1710 1437 inserere;
1768 1372 1862 1428 sed

277 1483 471 1538 parum
521 1474 762 1520 moratus
808 1463 1159 1533 temporalem
1202 1462 1531 1519 sanctissimi
1562 1463 1739 1517 levita:
1768 1478 1864 1533 pa-

277 1559 461 1619 triam,
493 1556 561 1610 ad
589 1570 684 1610 eos
713 1553 908 1622 rejicit,
940 1552 1031 1621 qui
1060 1553 1113 1606 in
1157 1552 1357 1623 hymno
1388 1553 1617 1606 auctarii
1649 1552 1773 1608 loco
1804 1562 1862 1607 et

277 1658 435 1704 extra
464 1646 707 1702 ordinem
734 1644 1231 1711 Cmsaraugustanis
1260 1644 1613 1713 adjiciuntur.

354 1740 537 1807 Itaque
562 1744 685 1806 post
712 1736 980 1790 recensita
1020 1743 1330 1788 sanctorum
1382 1734 1685 1790 octodecim
1714 1750 1861 1790 mar-

283 1837 463 1898 tyrum
521 1826 760 1886 nomina,
810 1824 1128 1890 secundam,
1157 1835 1216 1878 ut
1240 1824 1313 1878 ita
1345 1824 1605 1888 dicamus,
1632 1827 1859 1882 classem
1895 1824 1939 1884 Β

282 1916 534 1982 instituit,
565 1929 753 1969 eorum
782 1914 989 1970 scilicet
1011 1914 1105 1982 qui
1136 1930 1245 1969 non
1273 1930 1433 1984 aequo
1464 1924 1525 1970 ut
1552 1918 1761 1985 priores
1790 1917 1865 1971 illi

279 2006 399 2077 jure
425 2005 847 2073 Caesaraugustae
877 2005 1071 2059 ascribi
1103 2015 1348 2074 possunt.
1381 2006 1438 2060 In
1469 2008 1552 2061 his
1593 2007 1863 2065 Encrateu

282 2098 508 2167 propria:
530 2136 545 2160 ,
591 2105 651 2150 ut
678 2096 793 2166 ipse
822 2095 1153 2151 Prudentius
1185 2098 1299 2164 ait,
1349 2100 1503 2154 morti
1541 2100 1866 2168 superstitem

281 2196 589 2252 enumerat;
647 2189 805 2245 binos
834 2188 1018 2243 itidem
1047 2187 1246 2243 Christi
1290 2190 1631 2245 confessores
1673 2190 1865 2245 Gaitun

283 2287 343 2334 et
368 2278 758 2346 Crementium,
788 2293 925 2348 quos
963 2288 1169 2350 gustato
1205 2280 1381 2334 leviter
1407 2283 1648 2352 martyrii
1680 2298 1868 2352 sapore

283 2379 468 2424 contra
498 2371 758 2425 latronum
790 2373 1052 2440 fremitum
1079 2372 1331 2441 infractos
1356 2376 1559 2428 stetisse
1587 2376 1773 2439 tradit;
1803 2390 1869 2431 ac

282 2460 499 2514 demum
512 2460 879 2526 Vincentium;
911 2461 1037 2517 licet
1057 2463 1199 2516 enim
1226 2476 1377 2518 extra
1402 2467 1633 2534 patriam
1666 2467 1714 2520 is
1742 2482 1870 2536 pas-

288 2564 385 2605 sus
412 2565 476 2604 ac
506 2550 748 2620 sepultus
773 2550 980 2617 fuisset,
1010 2552 1150 2606 sacri
1183 2560 1360 2607 tamen
1390 2554 1629 2621 ejusdem
1660 2557 1870 2611 cruoris

297 2641 479 2708 portio
530 2641 947 2709 Caesaraugusta:
988 2642 1366 2697 asservabatur
1396 2643 1510 2715 (b),
1561 2660 1720 2714 quem
1763 2662 1869 2700 non

289 2732 489 2786 minori
542 2733 597 2787 in
643 2734 820 2803 pretio
877 2733 1017 2804 apud
1062 2732 1575 2803 Caesaraugustanos
1626 2738 1870 2792 habitum

287 2820 453 2877 fuisse
493 2824 587 2890 ait,
632 2839 794 2894 quam
818 2826 862 2879 si
890 2826 1124 2894 reliquas
1154 2828 1349 2881 sacrati
1378 2830 1623 2899 corporis
1647 2831 1871 2888 exuvias

283 2915 644 2983 possiderent.
678 2916 757 2970 En
783 2915 1056 2972 Prudentii
1080 2919 1244 2974 verba
1273 2920 1345 2990 (ε)
1376 2937 1388 2971 :

532 3026 725 3089 Nonne,
752 3028 1000 3084 Vincenti,
1028 3033 1227 3089 peregri
1257 3033 1506 3083 necandus

532 3088 709 3150 Martyr
737 3090 814 3139 his
839 3093 984 3139 terris
1009 3088 1142 3141 tenui
1160 3088 1343 3143 ίιιοικδῐὶ

529 3152 788 3215 Sanguinis
809 3166 920 3199 rnre
944 3155 1161 3215 Speciem
1182 3156 1255 3215 (di
1283 3154 1428 3205 futuri

692 3214 847 3261 Morte
870 3216 1132 3274 prripinqua
1146 3214 1171 3263 ‘I

529 3271 637 3322 Hoc
659 3275 825 3324 colunt
845 3271 994 3336 cives,
1022 3271 1153 3324 velut
1176 3278 1206 3336 ii
1224 3289 1277 3326 sa
1301 3280 1521 3330 membra

532 3336 721 3393 tiespes
745 3337 955 3399 includat
978 3350 1114 3398 suus,
1142 3346 1194 3386 et
1217 3348 1421 3399 p-lterno

533 3399 714 3446 Servet
738 3398 1037 3450 amplectens
1059 3401 1242 3448 tumulo
1262 3398 1394 3451 beati

686 3458 905 3519 Martyris
926 3472 1052 3509 ossa.

364 3537 491 3592 Pari
517 3539 678 3593 etiam
706 3541 938 3608 ratione,
968 3551 1029 3597 ut
1054 3543 1120 3598 ad
1152 3560 1268 3599 rem
1298 3556 1535 3603 nostram
1563 3544 1865 3621 redeamus,

290 3629 349 3682 in
379 3628 580 3699 hymno
607 3630 726 3699 ejus
754 3631 875 3686 libri
895 3648 1040 3689 nono
1069 3647 1270 3691 sancta:
1298 3638 1515 3696 Eulaliae
1544 3642 1870 3702 Emeritensi

287 3717 552 3786 inscripto
627 3720 895 3789 (consulto
946 3731 1197 3780 octavum
1232 3728 1475 3786 misimus
1518 3733 1611 3801 qui
1669 3744 1870 3792 sanctae

288 3808 545 3878 Agnetis,
568 3811 873 3880 passionem
904 3816 1189 3888 continet),
1239 3822 1385 3890 quod
1411 3824 1564 3891 virgo
1587 3834 1644 3879 et
1667 3837 1872 3900 martyr

288 3900 489 3972 inclyta
528 3903 579 3955 in
603 3906 775 3972 patria
793 3903 1027 3961 Emerita
1054 3924 1230 3979 passa,
1259 3920 1421 3982 atque
1445 3915 1640 3971 ibidem
1663 3921 1872 3988 sepulta

288 4002 457 4058 esset,
486 4007 608 4062 quae
638 3994 1065 4072 urbs.Prudentii
1110 4012 1270 4058 aetate
1292 4020 1471 4061 sacras
1498 4008 1676 4064 adhuc
1704 4010 1860 4065 Eula-

287 4080 375 4137 lia:
401 4086 624 4139 exuvias
647 4087 951 4142 retinebat:
977 4106 1041 4146 ea
1068 4096 1357 4151 occasione
1382 4098 1581 4154 ibidem
1617 4104 1670 4156 in
1699 4103 1872 4161 lucem

291 4174 439 4229 edita
471 4175 702 4259 dicitur;
729 4181 904 4235 obiter
932 4191 1130 4248 tamen,
1163 4194 1218 4239 et
1247 4184 1489 4245 fortassis
1518 4200 1575 4245 ut
1608 4195 1862 4266 strophes

290 4265 471 4323 hiatus
499 4256 836 4339 impleretur.
870 4272 947 4328 En
983 4274 1099 4344 ejus
1130 4277 1313 4348 hymni
1342 4283 1506 4337 verba
1540 4284 1649 4355 (e):

632 4360 864 4433 germine
890 4366 1062 4433 nobilis
1085 4367 1287 4433 Eulalia,

627 4422 795 4489 Mortis
818 4438 872 4473 ac
898 4428 1059 4474 indole
1086 4422 1306 4489 nobilior",

627 4484 894 4555 Emeritam
913 4500 1047 4555 sacra
1073 4493 1209 4551 virgo
1232 4484 1389 4555 suam,

630 4544 775 4618 Cujus
799 4549 860 4594 ab
885 4551 1039 4599 ubere
1065 4544 1318 4618 progenita
1345 4544 1440 4618 est,

632 4606 841 4657 Ossibus
864 4619 1026 4673 ornat,
1050 4606 1216 4664 amore
1238 4616 1373 4667 colit.

364 4728 445 4820 (ια)
492 4728 787 4820 Consonth
826 4732 1419 4820 Prudentio-l‘iugenius
1460 4744 1652 4804 Junior
1695 4752 1867 4820 episc.

289 4798 588 4887 t‘l‘ol‘e'tanus
694 4801 1019 4886 Epigratnm.
1041 4808 1109 4887 de
1133 4798 1357 4887 Basilica
1380 4798 1865 4887 Crassi-angustant;

289 4869 350 4924 S.
386 4869 653 4926 Vincentii
679 4869 951 4945 mariyris,
995 4878 1094 4932 sub
1115 4882 1266 4948 cujus
1288 4884 1524 4940 medium
1555 4869 1789 4957 regni}?

416 5002 582 5072 Passio
603 5018 735 5054 sacra
761 5014 895 5057 tuum
920 5014 1147 5070 provexit
1170 5015 1229 5061 ad
1252 5015 1432 5065 aethera
1459 5033 1655 5072 nomen.

511 5064 777 5118 Conservel
793 5064 1019 5132 populum
1045 5076 1203 5135 passio
1226 5064 1367 5127 sacra
1384 5064 1545 5131 tuum:

294 5169 627 5248 Indicaverat
652 5174 858 5248 pridem
908 5176 1063 5231 nobis
1098 5178 1240 5234 hunc
1265 5180 1442 5236 locum
1473 5200 1541 5241 ex
1583 5186 1873 5248 Sirmondo

290 5239 361 5293 cl.
405 5241 538 5325 civis
574 5249 629 5296 et
658 5239 864 5325 anticus
901 5248 1424 5325 nns_ter_Dom_inicus
1452 5239 1870 5325 Lope'ziusP-ar:

288 5323 432 5398 tera;
468 5310 764 5398 llispanicze
812 5315 865 5369 in
890 5315 1062 5398 _lir_be
1102 5319 1383 5398 legationis
1409 5310 1872 5398 Acﬁhartoph‘yE—cio

292 5379 599 5460 praefectus,
629 5379 1180 5460 dqm_meditationes
1195 5391 1291 5445 has
1318 5392 1368 5446 in
1393 5379 1873 5460 Ailversa'riis'no-s:

292 5450 391 5531 tris
415 5450 636 5531 legeret.
678 5452 1120 5531 {labetuntamen
1144 5468 1207 5531 et
1221 5463 1369 5531 apud
1396 5450 1647 5524 Lesleuni
1662 5450 1723 5525 iii

292 5516 440 5593 Miss.
474 5520 745 5593 hjozarab.
773 5537 893 5591 pag.
918 5526 1046 5593 551,
1074 5528 1179 5582 col.
1210 5530 1262 5583 i.

365 5588 445 5659 (ὁ)
484 5589 739 5679 Fueritue
770 5588 971 5679 tunica,
1024 5588 1093 5679 an
1141 5600 1276 5653 stola
1325 5602 1618 5679 beatissimi
1672 5610 1867 5679 levitte,

293 5672 389 5712 seu
452 5661 631 5728 potius
687 5663 984 5749 linteolum,
1037 5667 1089 5748 id
1126 5679 1239 5749 Δθμῑ
1286 5673 1558 5749 sudarium
1589 5661 1872 5749 "ejiéd'é‘ni

290 5742 488 5819 cruore
514 5735 929 5819 respersum,_lis
955 5738 1203 5819 estinter
1226 5750 1495 5819 auctores,
1528 5735 1725 5819 dequa
1757 5735 1875 5812 iiii;

298 5795 567 5865 Lesleum,
606 5795 807 5859 ληηοι.
830 5795 984 5863 Μίδε.
1016 5806 1216 5865 Mozar.
1249 5795 1371 5883 pag.
1394 5795 1893 5892 ῧίεπέίῆξτᾷίδῖ

1965 564 2061 619 est,
2121 557 2343 624 periodo
2371 562 2674 629 appositum
2699 604 2713 629 ,
2766 564 2989 635 ejusque
3020 570 3180 641 plane
3236 575 3545 649 ἐπισύναφιν

1966 660 2120 713 esse;
2148 649 2291 715 quod
2316 651 2558 718 proinde,
2589 656 2633 709 si
2665 655 2747 710 vel
2776 657 3040 728 integrum
3064 663 3393 735 dempseris,
3424 686 3550 725 sen-

1968 740 2145 793 tentia:
2172 745 2522 813 auctorisque
2561 748 2614 802 in
2641 764 2703 803 ea
2733 755 2958 821 strophe
2985 761 3264 827 proposito
3292 763 3420 818 nihil
3452 765 3552 820 de—

1966 829 2142 894 cedet,
2188 847 2294 886 non
2324 850 2483 891 secus
2513 853 2576 892 ac
2597 840 2640 893 si
2681 845 3026 910 parenthesin
3078 864 3143 903 ex
3173 856 3425 909 oratione
3448 856 3543 913 de-

1969 920 2168 975 trahas.
2220 922 2313 977 Est
2338 934 2517 982 autem
2549 930 2635 985 hic
2687 948 2916 990 sensus:
2949 936 3240 996 Emeritam
3274 946 3408 1000 civis
3436 962 3548 1002 sua)

1968 1006 2182 1065 Eulaliae
2213 1028 2398 1069 amore
2428 1020 2584 1083 tueri,
2615 1025 3074 1097 sacrisqueipsius
3097 1034 3306 1091 ossibus
3330 1039 3543 1105 ornari,

1967 1113 2128 1168 quem
2185 1102 2269 1157 bis
2298 1104 2618 1165 Prudentius
2646 1113 2885 1183 inculcat
2932 1118 3032 1174 sub
3078 1121 3319 1191 ejusdem
3351 1102 3539 1199 hymni

1966 1192 2145 1260 linem,
2179 1194 2429 1267 inquiens
2451 1202 2518 1271 (ι’)
2538 1219 2552 1256 :
2632 1262 2647 1273 ν

1978 1328 1989 1329 ί
2306 1311 2444 1362 Nunc
2468 1314 2601 1367 locus
2622 1318 2833 1370 Enterita
2857 1332 2933 1374 est
2956 1326 3154 1381 tumulo.

1965 1390 2033 1446 Et
2060 1393 2221 1463 paulo
2249 1394 2473 1452 inferius
2498 1402 2577 1470 (g)

2303 1487 2758 1561 l‘iiclnhi‘marmme
2782 1501 3039 1561 perSpicuo

2303 1548 2570 1616 Beliiquias
2594 1548 3071 1616 cineres-que'sacros

2304 1614 2480 1664 Servat
2504 1616 2679 1665 humus
2702 1614 2976 1672 veneranda
2998 1630 3125 1676 sinu.

1966 1704 2185 1759 prorsus
2229 1701 2287 1746 ut
2336 1696 2402 1750 ad
2442 1698 2675 1767 sepulcri
2716 1703 2914 1773 locum,
2950 1724 3054 1762 non
3088 1710 3156 1763 ad
3186 1709 3407 1768 Eulalia
3448 1729 3545 1783 pa-

1968 1782 2121 1835 triam
2163 1788 2464 1854 respexisse
2493 1788 2813 1849 Prudentius
2854 1796 3120 1856 videatur.
3450 1782 3457 1783 ί
3518 1856 3521 1859 .

2041 1875 2298 1943 Superest
2368 1879 2521 1932 nobis
2562 1885 2949 1943 examinandus
3000 1890 3229 1961 hymnus
3283 1895 3399 1963 ejus
3425 1896 3548 1965 libri

1970 1962 2241 2030 decimus,
2306 1984 2415 2036 quo
2445 1968 2726 2028 Fructuosi
2776 1984 2829 2029 et
2851 1976 3135 2046 :sociorum
3177 1982 3550 2043 Tarraconen-

1968 2046 2112 2109 sium'
2133 2057 2307 2126 passio
2334 2062 2677 2128 continetur;
2711 2077 2945 2134 quatuor
2964 2072 3105 2125 enim
3136 2074 3327 2142 reliqui
3349 2068 3418 2129 ad
3454 2075 3551 2133 Hi-

1968 2159 2169 2212 spanos
2193 2164 2299 2201 non
2326 2150 2577 2217 attinent,
2610 2156 2695 2208 vel
2717 2156 2783 2212 de
2814 2162 3017 2216 sanctis
3048 2179 3155 2217 non
3183 2176 3369 2235 agunt.
3399 2166 3455 2221 In
3480 2183 3548 2224 eo

1970 2245 2145 2288 autem
2171 2236 2371 2307 hymno
2406 2254 2714 2310 quanquam
2743 2247 2908 2302 multa
2937 2249 3004 2304 de
3028 2251 3221 2308 horum
3253 2264 3551 2325 martyrum

1969 2326 2294 2381 cruciatibus
2349 2338 2403 2383 et
2452 2332 2587 2387 inira
2645 2339 2968 2408 constantia,
3004 2330 3088 2395 de
3116 2347 3282 2400 sacris
3312 2346 3550 2417 ipsorum

1969 2417 2237 2473 cineribus
2284 2420 2459 2490 deque
2487 2424 2755 2481 miraculis
2783 2438 2839 2483 et
2857 2432 3144 2501 sepultura:
3171 2436 3289 2493 loco
3316 2436 3554 2505 dilucide

1970 2509 2301 2573 habeantur;
2333 2502 2462 2570 nihil
2494 2528 2670 2574 tamen
2702 2524 2844 2593 quod
2879 2526 2945 2578 ad
2976 2542 3163 2583 eorum
3204 2532 3433 2600 patriam
3468 2548 3555 2588 re-

1971 2600 2097 2656 ferri
2136 2605 2305 2673 possit
2349 2606 2612 2665 hactenus
2642 2614 2875 2682 reperire
2905 2619 3088 2686 potui;
3157 2636 3334 2691 neque
3383 2623 3434 2676 in
3479 2638 3546 2679 eo

1971 2696 2216 2753 laudatur
2233 2698 2465 2757 Tarraco
2488 2704 2588 2757 nisi
2612 2707 2894 2762 occasione
2910 2712 3147 2781 martyrii
3171 2728 3553 2783 sacrarumque

1972 2786 2252 2844 Fructuosi
2280 2794 2622 2859 exuviarum,
2661 2812 2793 2863 quas
2835 2796 3109 2854 Prudentii
3152 2813 3309 2858 astate
3348 2803 3550 2860 Tarra-

1971 2894 2235 2934 conenses
2264 2884 2629 2940 asservahant.
2664 2885 2742 2941 Ex
2788 2888 2980 2956 quibus
3010 2892 3201 2947 conlici
3236 2895 3393 2964 plane
3430 2897 3550 2951 exi-

1972 2966 2154 3033 stimo,
2178 2969 2372 3024 nullius
2394 2986 2460 3025 ex
2488 2973 2729 3042 llispanis
2757 2979 3079 3053 martyribus
3116 2998 3344 3051 quorum
3371 2985 3555 3051 hymni

1973 3057 2240 3114 habentur
2266 3061 2318 3116 in
2342 3062 2478 3118 libro
2505 3072 2623 3142 περὶ
2644 3072 2918 3143 Στεφάνων,
2949 3073 3175 3141 patriam
3206 3091 3236 3130 a
3266 3075 3555 3135 Pruientio

1899 3183 1947 3246 ο
1976 3166 2041 3205 ex
2064 3150 2309 3221 professo
2353 3154 2659 3225 designari;
2707 3161 3031 3232 tertiamque
3074 3166 3222 3220 illam
3276 3167 3556 3231 Blanchini

1979 3242 2153 3297 thesin
2182 3244 2621 3315 inﬁrmissimam,
2657 3251 2911 3323 nullaque
2957 3271 3061 3310 non
3091 3271 3157 3311 ex
3182 3266 3339 3327 parte
3366 3259 3556 3315 falsam

1975 3350 2114 3390 esse.

2048 3424 2306 3495 Quartam
2349 3439 2623 3499 postremo
2664 3434 3046 3493 confutandam
3085 3441 3462 3509 aggredimur,
3500 3444 3557 3500 in

1976 3530 2081 3584 qua
2106 3517 2244 3571 idem
2288 3529 2479 3576 auctor
2520 3520 2869 3580 Prudentium
2901 3526 2955 3581 in
3009 3544 3076 3585 eo
3104 3529 3172 3585 de
3200 3547 3307 3599 quo
3350 3533 3560 3601 agimus

1976 3605 2461 3678 hymno{Laurentii
2496 3615 2721 3682 patriam
2750 3633 2857 3671 non
2890 3618 3048 3673 silere
3073 3623 3290 3686 asserit;
3318 3624 3560 3693 satisque

1977 3698 2199 3752 innuere
2214 3698 2436 3755 Romam
2460 3718 2577 3757 eam
2606 3704 2786 3771 fuisse,
2815 3709 2977 3763 modo
3000 3712 3238 3766 animum
3270 3713 3560 3783 advertere

1977 3786 2196 3857 Hispani
2221 3791 2409 3858 velint,
2462 3797 2898 3864 quandoquidem
2931 3800 3117 3856 urbem
3140 3802 3205 3856 ad
3236 3804 3405 3859 caelos
3435 3820 3557 3862 eve-

1979 3878 2078 3936 hit.
2102 3894 2329 3947 eamque
2348 3892 2624 3949 parentem
2650 3884 2795 3939 dicit.
2829 3886 3027 3942 Verum
3060 3898 3115 3944 et
3138 3892 3186 3944 in
3217 3906 3280 3946 ea
3309 3895 3554 3951 nonnihil

1977 3966 2193 4022 humani
2216 3986 2427 4038 pas~um
2443 3971 2793 4029 Blanchinum
2820 3978 2981 4032 fuisse
3002 3982 3348 4039 ostendemus
3369 3985 3553 4056 modo;

1979 4073 2142 4124 nunc,
2175 4061 2316 4128 quod
2346 4062 2527 4129 instat,
2552 4066 2690 4120 scire
2719 4068 2787 4121 ab
2811 4083 2877 4123 eo
2906 4069 3258 4130 vehementer
3277 4092 3552 4147 cuperem,

1979 4152 2121 4206 unde
2149 4154 2330 4207 datum
2362 4158 2591 4212 senserit
2634 4161 2684 4213 in
2708 4161 2813 4217 illis
2842 4164 3311 4233 quasPrudentius
3341 4187 3560 4241 conges-

1979 4242 2051 4297 sit
2076 4242 2233 4300 Urbis
2252 4247 2432 4301 laudes
2454 4246 2726 4307 Laurentii
2757 4258 2982 4323 patriam
3007 4261 3309 4315 contineri?
3340 4263 3558 4319 Diversa

1980 4333 2194 4401 quidem
2224 4351 2345 4390 meo
2371 4336 2570 4404 judicio
2603 4341 2715 4396 hcec
2741 4354 2885 4409 sunt,
2915 4346 3023 4401 imo
3049 4358 3105 4401 et
3131 4348 3442 4418 longissime
3459 4368 3553 4421 pe-

1981 4422 2101 4477 tita.
2132 4424 2341 4481 Laudat
2366 4429 2581 4496 quidem
2611 4431 2930 4491 Prudentius
2963 4437 3216 4504 Romam,
3264 4448 3321 4494 ut
3349 4442 3558 4515 pridem

1900 4547 1957 4609 D
1985 4516 2315 4587 dicebamus,
2352 4535 2382 4574 a
2406 4521 2687 4592 religione,
2725 4527 3030 4598 triumphis,
3074 4530 3321 4605 imperio,
3363 4535 3560 4588 sacris-

1980 4621 2086 4676 que
2112 4616 2408 4680 martyrum
2440 4614 2645 4668 exuviis
2671 4631 2683 4666 :
2727 4617 2853 4684 quid
2883 4627 3061 4673 autem
3093 4619 3168 4688 id,
3197 4636 3400 4689 quasso,
3432 4642 3557 4681 cum

1977 4757 2062 4826 tua
2097 4744 2315 4826 Eugenii
2341 4744 2590 4826 :l‘oletani
2634 4748 2704 4805 de
2733 4749 2955 4808 linteolo
2979 4753 3179 4810 diserte
3216 4755 3363 4825 loqui
3411 4757 3562 4812 vide-

1978 4821 2092 4879 tur;
2148 4821 2225 4868 ait
2267 4821 2409 4869 enim

2101 4904 2345 4980 Hicjacnt
2364 4906 2616 4980 illecrnor
2639 4922 2790 4980 qnem
2809 4912 2894 4961 das
2918 4927 3004 4980 pro
3026 4928 3229 4977 corpore
3251 4918 3427 4980 pignus

2163 4965 2292 5015 Nare
2316 4968 2499 5018 ﬂuente
2526 4965 2668 5030 tuus,"
2682 4972 2758 5019 hic
2776 4977 2905 5033 jacet
2919 4965 3011 5025 ille
3037 4965 3197 5028 cruor.

2048 5050 2121 5120 (c)
2161 5049 2381 5121 stroph.
2414 5067 2523 5105 χχιι
2553 5068 2694 5121 scq.,
2719 5071 2858 5109 vers.
2885 5056 2972 5111 89.

2049 5122 2129 5187 (ά)
2166 5119 2299 5173 Puto
2324 5119 2734 5201 restituendum,
2765 5130 3041 5201 specimen,
3065 5144 3370 5201 quanquam
3394 5131 3558 5189 Codi-

1977 5205 2068 5245 ces
2097 5206 2284 5243 omnes
2310 5192 2527 5257 speciem
2550 5192 2818 5258 habeant;
2855 5206 2913 5250 ut
2940 5192 3310 5258 vitler'orest'in
3342 5205 3557 5259 varian-

1977 5260 2116 5313 tibus
2144 5259 2419 5336 Prudentii
2448 5264 2586 5329 apud
2619 5263 2927 5321 Weitzium.
2997 5268 3071 5336 [di
3094 5272 3237 5326 enim
3312 5290 3412 5329 nec
3437 5291 3558 5331 seu-

1977 5344 2068 5384 sns
2097 5332 2317 5410 respuit,
2375 5339 2429 5382 et
2458 5336 2599 5410 ratig
2624 5338 3000 5410 grammatices
3048 5332 3266 5408 exigere
3296 5345 3551 5410 videtur;

1976 5400 2512 5481 sequitnr'namque:
2552 5401 2663 5481 [ioc
2689 5407 2895 5481 colunt,
2923 5408 2977 5481 id
3008 5418 3110 5481 est.
3139 5400 3422 5481 ‘apecimen.
3452 5400 3553 5470 Sa;

1977 5484 2049 5555 ne
2089 5470 2188 5524 sui)
2226 5471 2387 5524 finem
2436 5472 2676 5541 ejusdem
2715 5470 2899 5548 hymni
2948 5479 3016 5535 de
3058 5470 3289 5539 Encrate
3327 5484 3556 5555 loquens

1979 5547 2055 5592 an
2080 5579 2093 5594 .
2288 5609 2405 5661 Viva
2432 5620 2538 5675 post
2564 5628 2719 5675 poenae
2742 5617 2982 5678 specimen
3016 5619 3194 5681 puella.

2052 5690 2123 5776 ς
2160 5690 2401 5776 [ἶγηιιειιε
2417 5710 2491 5754 ix.
2512 5695 2564 5749 in
2579 5697 3023 5776 honorcm_b_eaue
3042 5702 3258 5759 Eulalia:
3281 5707 3537 5776 martyris

2102 5763 2119 5832 )
2160 5760 2379 5832 Stroph.
2408 5781 2627 5831 xxxvut,
2659 5783 2797 5823 vers.
2830 5769 2955 5823 186.

2102 5763 2119 5832 )
2160 5763 2379 5832 Stroph.
2408 5781 2627 5831 xxxvut,
2659 5783 2797 5823 vers.
2830 5769 2955 5823 186.

2048 5763 2130 5913 g1)
2161 5830 2378 5905 Stroph.
2406 5851 2589 5903 xxxix,
2618 5852 2759 5894 vers.
2792 5839 2915 5909 liii,
2949 5840 3049 5896 194
3075 5859 3189 5914 seq.
