4046 6364
504 352 602 403 11ῗῖ

1302 350 1620 403 annexus
1664 349 1755 403 Al)
1795 344 2112 415 QL'USJA.“
2155 345 2675 404 PlirECEDliNTES
2713 344 2957 402 τιιιιοε.

3668 347 3773 402 6‘56

503 461 775 515 Laurentii
822 461 991 514 nostri
1026 461 1199 527 patria
1241 476 1533 514 commune.
1565 460 1796 513 habeat?
1851 459 1956 513 Aut
1979 474 2077 513 cur
2114 465 2159 519 Α
2190 460 2307 528 plus
2333 460 2538 516 centies
2565 461 2821 531 hymnum
2861 459 3109 528 legerint,
3159 473 3226 513 ne
3269 460 3496 514 ve:bum
3548 460 3773 530 quidem

498 563 581 607 tot
607 552 805 621 alioqui
841 553 1146 607 nominibus
1174 552 1495 606 laudandam
1529 551 1726 606 Urbem
1756 567 1862 606 non
1895 551 2082 605 lauda-

501 651 585 698 ret
616 640 940 697 Prudentius
964 685 978 704 ,
1030 643 1323 712 praesertim
1356 658 1477 696 cum
1521 642 1689 710 ipsam
1721 656 1788 696 ex
1821 641 2077 710 llesperia

501 733 690 788 ultima
720 734 874 802 quasi
907 740 1225 803 praesentem
1251 734 1660 801 alloqueretur?

578 823 792 889 Verum,
826 826 996 895 inquit
1019 824 1360 889 Blanchiuus,
1394 841 1500 878 non
1534 833 1741 878 tantum
1760 824 1961 899 laudat,
1987 824 2083 880 sed

500 932 623 971 eam
656 917 870 985 insuper
896 925 1159 983 parentem
1186 923 1362 968 vocat.
1420 914 1576 985 Cujus
1601 923 1805 979 tamen,
1862 916 2082 985 inquam

502 1023 624 1076 ego,
666 1010 976 1079 parentem?
1007 1007 1386 1062 Laurentiine?
1434 1007 1653 1061 Minime
1684 1009 1732 1061 il
1767 1023 1916 1073 vero,
1965 1008 2079 1071 sed,

501 1100 646 1168 quod
686 1100 876 1154 eodem
919 1099 1127 1163 reci'dit,
1172 1101 1436 1169 fanorum.
1506 1097 1672 1152 Aitne
1714 1107 1894 1152 autetn
1936 1100 2083 1154 serio

505 1190 848 1253 Blancltinus,
882 1200 972 1242 aut
1014 1189 1141 1243 data
1173 1206 1273 1245 nos
1300 1206 1463 1258 opera
1493 1190 1770 1245 ludilicare
1798 1192 1957 1245 vult?
2003 1191 2081 1245 Eo

500 1282 617 1348 ejus
657 1281 838 1351 hymni
867 1282 1143 1352 synop-in.
1178 1281 1488 1350 Alloquitur
1516 1284 1746 1351 primum
1774 1282 1825 1335 in
1867 1299 1933 1337 eo
1974 1283 2079 1337 Ro-

502 1387 643 1423 mam
671 1370 991 1424 Prudentius
1018 1380 1222 1434 noster,
1275 1386 1436 1439 quam
1469 1374 1708 1442 [atterunt
1737 1372 1862 1426 olim
1889 1390 2081 1442 paren-

502 1468 621 1521 tem,
659 1458 861 1514 C/tri-te
885 1468 1057 1513 tamen
1084 1460 1313 1513 deditam
1339 1469 1497 1514 vocat
1524 1478 1539 1527 ;
1572 1462 1811 1529 nihilque
1842 1462 1942 1532 ipsi
1967 1463 2080 1530 jam

501 1552 691 1606 deesse
719 1552 901 1619 gloria:
922 1553 1242 1619 gratulatur,
1268 1552 1701 1622 quandoquidem
1726 1553 1919 1607 nedum
1943 1570 2084 1607 mor-

505 1639 609 1694 tale
638 1654 809 1707 genus
838 1640 1139 1702 hominum,
1163 1640 1256 1695 sed
1287 1641 1428 1709 quod
1460 1658 1621 1696 unum
1646 1652 1948 1714 supererat,
1983 1645 2082 1696 im—

503 1730 758 1783 mortales
799 1730 961 1784 etiam
1007 1729 1179 1795 deos,
1243 1730 1526 1800 ipsmnque
1584 1749 1851 1786 summum
1892 1731 2078 1787 Jovem

2185 552 2252 608 de
2266 566 2342 621 _eu
2371 561 2690 621 argumento
2720 553 2957 623 reperire
2985 552 3234 620 contigit.

2258 672 2431 737 Atque
2481 668 2737 724 hactenus
2764 668 2829 720 ad
2860 665 3140 720 Blaucbini
3172 665 3410 732 objecta.
3481 665 3595 719 Sed
3637 682 3773 719 non-

2184 759 2308 815 dum
2337 777 2435 817 nos
2475 762 2597 816 hinc
2627 760 2774 813 abire
2821 759 2948 813 sinit
2976 758 3113 812 alter
3142 756 3410 811 Merenda:
3461 757 3771 826 scrupulus,

2183 866 2342 920 quem
2385 861 2562 906 tamen
2613 853 2728 922 ipse
2779 849 3162 903 validissimum
3210 856 3591 916 argmnentum
3654 863 3774 901 esse

2185 942 2495 996 arbitratur.
2525 941 2657 997 Cum
2686 942 2829 995 enim
2861 939 3187 995 Prudentius
3217 956 3382 994 unum
3416 941 3549 993 illud
3581 937 3774 994 Roma-

2186 1050 2266 1088 nze
2309 1034 2493 1102 gloria:
2530 1032 2764 1088 defuisse
2792 1033 3018 1099 scribat,
3050 1041 3107 1086 ut
3132 1041 3255 1101 post
3303 1032 3571 1086 domitum
3599 1041 3770 1086 terr:-

2185 1142 2303 1181 rum
2333 1127 2540 1191 orbem,
2570 1140 2823 1195 spurcum
2855 1140 3072 1194 quoque
3104 1122 3292 1180 Jovem
3321 1126 3569 1182 vinceret
3601 1123 3701 1196 (ι),

2523 1240 2626 1289 Non
2653 1240 2949 1289 turbulentis
2973 1241 3163 1288 viribus

2523 1302 2673 1364 Cossi,
2701 1301 2910 1364 Camilli,
2934 1310 3017 1350 aut
3040 1302 3265 1361 Caesaris,

2524 1363 2622 1411 Sed
2648 1363 2871 1424 martyris
2897 1363 3150 1413 Laurentii

2520 1424 2625 1475 Non
2651 1426 2907 1475 incruento
2925 1426 3124 1489 praelia:

2186 1528 2374 1584 conlici
2419 1529 2541 1581 lll'lP.
2575 1537 2726 1596 putat
2750 1528 3004 1595 prtufatus
3026 1537 3247 1595 auctor,
3317 1535 3480 1596 atque
3509 1528 3773 1581 evidenter

2182 1620 2443 1689 consequi,
2497 1617 2844 1672 Laurentium
2894 1634 2925 1672 a
2947 1619 3110 1673 claris
3132 1618 3236 1672 illis
3264 1617 3519 1683 ducibus,
3547 1633 3689 1686 quos
3720 1618 3773 1671 in

2182 1726 2245 1765 ea
2271 1712 2494 1781 strnphe
2520 1713 2764 1765 nominat
2794 1709 3140 1774 Prudentius,
3166 1724 3410 1779 quosque
3438 1710 3494 1764 in
3516 1708 3665 1764 Urbe
3688 1725 3773 1762 na-

504 1823 795 1881 tetlmicam
837 1822 1053 1890 phrasin
1086 1824 1403 1892 emphaseos
1421 1824 1923 1879 eaumeristiante
1945 1841 2081 1895 pra:-

2193 1812 2271 1859 tos
2298 1800 2460 1858 fuisse
2488 1810 2720 1870 constat,
2754 1800 2972 1855 minime
3000 1800 3410 1868 disiungendum

504 1911 1042 1981 tutimus)Laurentio
1065 1914 1204 1969 duce
1234 1915 1422 1969 vicerit
1449 1918 1924 1985 prostraverltque.
1958 1915 2084 1970 Per-

501 2001 577 2065 git
616 2016 777 2068 porro
794 2000 927 2055 Sixti
958 2005 1024 2055 de
1054 2012 1226 2056 morte
1246 2001 1517 2058 Laurentii
1545 2005 1875 2068 vaticinium,
1909 2006 2084 2061 levita:

501 2091 825 2146 sanctissimi
859 2092 1191 2161 dignitatem,
1236 2095 1475 2163 praesidis
1533 2095 1835 2159 avaritiam,
1874 2097 2083 2166 reliqua

502 2180 718 2234 demmn
735 2198 853 2251 qum
870 2184 1008 2237 illius
1030 2184 1333 2253 passionem
1359 2194 1770 2255 prteeesserunt,
1786 2202 2083 2256 exponens,

504 2269 677 2325 donec
700 2274 1051 2338 semustulato,
1089 2284 1156 2328 ut.
1178 2272 1503 2332 Prudentius
1532 2277 1605 2329 ait
1633 2278 1730 2347 (ιι),
1773 2292 1989 2344 corpore
2006 2275 2085 2331 lo-

504 2379 675 2432 quens
701 2381 732 2419 e
760 2374 961 2420 catasta
993 2376 1196 2439 martyr
1227 2369 1512 2434 inducitur,
1567 2370 1953 2440 Chri-tumque
2003 2371 2086 2425 in-

506 2465 590 2508 ter
637 2454 879 2511 flatnmas
928 2474 1107 2524 orans,
1144 2469 1201 2513 ut
1248 2462 1338 2531 qui
1372 2460 1619 2516 Romano
1643 2462 1869 2532 imperio
1898 2471 2088 2531 gentes

506 2551 781 2621 universas
811 2566 1000 2619 parere
1022 2551 1277 2620 jusserat,
1322 2553 1538 2608 easdem
1564 2554 1729 2624 pulsis
1750 2552 1803 2610 in
1826 2555 1874 2609 le
1894 2570 2086 2626 super-

505 2640 787 2694 stitionum
820 2643 1078 2697 monstris
1102 2644 1152 2697 in
1182 2658 1344 2698 uuam
1379 2644 1536 2698 Iidem
1566 2645 1714 2699 coire
1744 2643 1922 2700 faciat.

582 2729 769 2785 Liceat
805 2748 947 2787 nunc
987 2735 1116 2789 mihi
1166 2736 1401 2806 (quando
1434 2744 1641 2790 tantum
1670 2737 1802 2790 alias
1832 2737 1958 2792 boni
1989 2737 2087 2792 otii

506 2821 766 2876 inutiliter
795 2824 1386 2895 contrivi.nus),liceat,
1418 2827 1656 2895 inquam,
1684 2825 1957 2881 Laurentii
1993 2825 2090 2881 de—

506 2916 871 2982 precationem
905 2916 1083 2985 qualis
1114 2918 1381 2988 inhymno
1406 2919 1656 2984 habetur,
1680 2934 1801 2972 cum
1832 2933 1896 2972 ea
1928 2932 2090 2989 quam

506 3004 663 3060 levita
691 3008 1282 3064 sanctissimusChristo
1312 3019 1603 3080 martyrum
1628 3008 1737 3078 regi
1769 3008 1908 3063 inter
1933 3006 2092 3063 llam-

507 3113 716 3153 inarum
761 3100 1004 3156 turbines
1026 3102 1247 3164 obtulit,
1291 3101 1567 3171 paulisper
1597 3100 1847 3155 conferre
1877 3118 1889 3154 :
1924 3116 2086 3170 quam

506 3187 712 3241 scilicet
734 3189 999 3256 primaeva:
1030 3191 1191 3256 illius,
1221 3198 1277 3245 et
1309 3200 1365 3245 ut
1397 3192 1466 3244 ita
1496 3190 1743 3245 dicamus
1772 3191 2088 3262 archetypa:
2116 3165 2163 3230 Ο

509 3279 773 3335 orationis
802 3283 997 3351 stylus,
1035 3298 1147 3352 pra:
1171 3284 1490 3351 posterioris
1517 3285 1674 3351 hujus
1701 3283 1959 3353 exempli,
1984 3298 2087 3337 ca:-

508 3374 757 3442 teroqnin
789 3374 1193 3442 elegantissimi,
1236 3377 1538 3440 sublimior,
1583 3375 1853 3431 efficacior
1902 3390 1967 3430 ac
1997 3392 2092 3446 pe-

510 3466 826 3521 netrabilior
853 3477 997 3522 esset
1022 3468 1035 3519 !
1072 3470 1242 3535 Quam
1296 3485 1405 3540 pra:
1429 3468 1791 3524 Laurentiano
1816 3467 2091 3523 Prudentii

510 3555 785 3625 eloquium
836 3557 1030 3623 infans,
1080 3575 1259 3615 sermo
1305 3560 1473 3627 rudis,
1518 3560 1775 3616 indiserta
1802 3560 2087 3614 facundia!

510 3645 658 3710 Quos
686 3648 1055 3702 sanctissimus
1084 3650 1243 3703 levita
1277 3651 1526 3718 gemitus,
1585 3665 1703 3718 qua:
1763 3650 1903 3703 inter
1942 3648 2095 3703 llam-

511 3752 625 3792 mas
651 3740 903 3809 suspiria,
936 3755 1072 3808 quos
1098 3742 1334 3803 demum,
1369 3740 1680 3795 natantibus
1700 3738 1809 3809 jam
1842 3740 1893 3794 in
1920 3748 2095 3796 morte

512 3830 707 3897 oculis,
749 3847 994 3901 superna:
1044 3833 1463 3904 praehauriendae
1511 3832 1617 3887 luci
1649 3834 1927 3902 conjectus
1955 3832 2095 3888 caalo

513 3937 619 3975 non
656 3922 899 3992 infigeret
924 3927 937 3979 l
970 3923 1401 3981 Succumberent
1430 3925 1594 3996 plane
1620 3926 1796 3980 Attica
1826 3934 1881 3980 et
1903 3925 2097 3980 Roma-

515 4027 582 4065 na
612 4011 884 4082 facundia,
934 4018 1019 4070 vel
1051 4019 1093 4072 si
1123 4019 1494 4073 adumbrando
1526 4019 1857 4075 invictissimi
1888 4029 2091 4091 martyo

513 4103 588 4158 ris
621 4103 786 4170 iguito
815 4121 938 4160 vere
968 4108 1187 4177 eloquio
1216 4111 1429 4165 collatis
1458 4112 1707 4180 utrinque
1736 4112 1937 4167 viribus
1965 4129 2097 4167 con-

416 4230 423 4235 .
512 4190 773 4259 jurarent.
809 4192 918 4249 Nos
955 4204 1132 4252 tamen
1162 4199 1227 4252 ad
1258 4200 1475 4269 propria
1502 4199 1806 4257 redeamus.

588 4282 767 4353 Pergit
795 4287 1025 4343 subinde
1053 4299 1211 4359 poeta
1243 4299 1430 4346 noster
1456 4307 1719 4348 enarrans
1744 4302 2005 4362 quantum
2024 4309 2093 4349 ex

516 4372 791 4431 Laurentii
819 4379 1089 4449 triumpho
1102 4380 1424 4438 Christianis
1444 4384 1566 4438 fidei
1589 4400 1652 4439 ac
1674 4385 1903 4448 roboris,
1921 4386 2098 4441 ethni-

514 4466 593 4519 cis
633 4477 813 4521 autem
869 4470 1176 4538 ignominiae
1205 4489 1269 4528 ac
1308 4474 1589 4531 dedecoris
1638 4477 1951 4542 accesserit,
1994 4478 2097 4533 ho-

516 4573 635 4612 rum
674 4558 918 4629 inquiens
942 4562 1164 4619 delubra
1196 4565 1393 4620 sensim
1424 4566 1622 4631 deseri,
1665 4568 1925 4623 ecclesias
1970 4585 2099 4624 vero

464 4686 473 4693 ι
518 4652 683 4720 magis
712 4654 763 4706 in
795 4651 912 4708 dies
940 4653 1288 4724 frequentari.
1321 4656 1526 4712 [nvidet
1569 4659 1657 4728 pie
1679 4657 1938 4714 Romanis
1958 4660 2100 4729 quod

517 4746 685 4800 sacris
717 4745 991 4801 Laurentii
1021 4750 1229 4803 exuviis
1284 4750 1583 4819 potiantur,
1634 4765 1835 4818 easque
1864 4766 2103 4820 presen-

523 4843 600 4889 tes
626 4838 871 4891 venerari
903 4839 1125 4906 possint.
1164 4838 1215 4894 id
1237 4841 1377 4909 quod
1409 4841 1509 4910 ipsi
1553 4848 1633 4894 tot
1660 4840 1900 4895 locorum
1940 4841 2104 4897 inter-

522 4923 675 4979 vallis
702 4926 769 4977 ab
801 4924 945 4982 Urbe
975 4926 1242 4996 disjuncto
1269 4930 1489 4985 minime
1529 4945 1849 4985 concessum
1877 4931 1965 4985 sit.
1993 4932 2102 4984 Ad-

522 5012 602 5065 dit
626 5023 882 5082 pmterea
932 5025 1139 5072 tantam
1183 5020 1359 5075 inesse
1382 5019 1656 5075 Laurentii
1691 5021 1899 5076 meritis
1923 5020 2105 5077 effica-

523 5102 685 5167 ciam,
715 5113 773 5158 ut
800 5106 976 5162 nullus
1024 5110 1093 5163 ab
1123 5108 1241 5179 ejus
1289 5110 1542 5180 sepulcro
1573 5110 1743 5165 tristis
1780 5119 1874 5165 aut
1904 5126 2106 5166 vacuus

524 5192 805 5259 discedat;
862 5211 927 5251 ac
946 5197 1164 5252 demum
1189 5199 1331 5254 inter
1358 5199 1602 5269 ejusdem
1632 5200 1802 5256 cultui
1850 5200 2104 5255 addictos

526 5282 758 5352 benigne
779 5284 1021 5340 exaudiri
1050 5300 1444 5360 eomprecatur.
1477 5289 1559 5345 En
1580 5290 1926 5347 Laurentiani
1972 5290 2108 5346 Pru-

528 5373 695 5428 dentii
727 5374 917 5447 hymni
946 5392 1207 5433 summam
1239 5396 1303 5437 ac
1329 5382 1524 5437 seriem
1556 5382 1884 5447 universam,
1908 5381 1962 5435 in
1992 5396 2106 5451 quo

526 5465 769 5521 nonnihil
807 5465 985 5523 forsan
1020 5454 1114 5523 ἀδ
1144 5470 1426 5527 Blaucbini
1473 5472 1809 5543 propositum
1857 5481 2109 5542 spectans

530 5559 807 5617 invenient
858 5562 1184 5621 oculatiores
1228 5566 1359 5632 alii;
1433 5566 1563 5622 mihi
1595 5576 1746 5623 certe
1798 5582 2107 5637 quanquam

600 5742 676 5809 (ᾳ)
716 5742 935 5811 Stroph.
967 5759 1168 5805 LXXXII,
1196 5758 1336 5797 vers.
1366 5742 1492 5797 548.

603 5811 679 5880 (b)
720 5811 941 5882 Stropb.
967 5829 1037 5875 tv,
1071 5828 1209 5868 vers.
1228 5813 1310 5868 ’13
1337 5828 1491 5882 seqq.

2260 1917 2419 1985 Atqui
2445 1916 2577 1970 nihil
2605 1931 2743 1984 opus
2765 1924 2888 1970 erat
2916 1914 3183 1971 Merendae
3214 1923 3321 1968 tam
3350 1915 3554 1970 misere
3599 1914 3772 1969 conli-

2186 2023 2311 2063 cere
2339 2016 2501 2077 atque
2528 2007 2842 2061 excruciare
2870 2021 2991 2061 sese
3023 2006 3074 2059 in
3097 2004 3457 2075 exprimendo
3489 2004 3774 2058 Prudentii

2187 2101 2388 2171 hymno
2418 2116 2434 2165 ;
2464 2114 2585 2154 cum
2612 2098 2801 2152 nnllibi
2834 2114 2940 2152 non
2972 2097 3189 2152 obvium
3214 2098 3285 2152 sit
3314 2095 3517 2152 Leonis
3545 2098 3600 2150 in
3632 2111 3776 2150 eam-

2187 2192 2307 2246 dem
2337 2190 2664 2245 sententiam
2692 2189 2759 2243 de
2785 2186 3072 2243 Laurentio
3101 2187 3339 2253 dictum;
3371 2200 3594 2255 nempe,
3622 2202 3776 2254 quam

2188 2282 2480 2350 clariﬁcata
2510 2281 2608 2351 fuit
2647 2277 3015 2350 Hierosolyma
3036 2278 3326 2347 Stephano,
3380 2285 3489 2330 tam
3520 2277 3774 2331 illustrem

2188 2376 2416 2445 futuram
2451 2373 2669 2427 Romam
2700 2371 2978 2426 Laurentio
3002 2371 3077 2444 (c)
3104 2391 3119 2437 ;
3151 2370 3299 2442 quod
3329 2380 3510 2425 tamen
3541 2372 3633 2424 vix
3662 2372 3776 2424 scio

2189 2480 2257 2519 an
2283 2465 2350 2519 ab
2378 2465 2561 2533 aliquo
2588 2464 2946 2518 recentiorum
2978 2470 3323 2516 autveterum
3352 2476 3450 2531 pro
3482 2460 3775 2515 astruenda

2189 2552 2433 2607 Romana
2464 2552 2734 2606 Laurentii
2767 2551 2939 2621 patria
2961 2551 3223 2606 hactenus
3252 2559 3567 2620 usurpatum
3592 2548 3774 2603 fuerit.

2189 2644 2383 2712 Quidni
2408 2654 2588 2698 autem
2612 2643 2636 2696 ?
2699 2642 2916 2696 Scilicet
2943 2642 3070 2711 quia
3099 2649 3364 2697 noverant
3416 2657 3526 2696 non
3550 2657 3622 2695 (νο
3651 2640 3778 2696 loco

2188 2737 2255 2791 de
2278 2737 2452 2807 patria
2475 2734 2751 2789 Laurentii
2791 2749 2819 2787 a
2858 2733 3038 2788 Leone
3067 2733 3190 2801 agi:
3223 2747 3400 2802 neque
3419 2733 3475 2786 in
3508 2733 3778 2786 natalibus

2191 2827 2471 2897 utriusque
2500 2825 2751 2897 martyris
2774 2866 2789 2891 ,
2841 2824 2935 2878 sed
2967 2825 3019 2877 in
3041 2824 3338 2879 certamine
3365 2838 3432 2878 ac
3459 2822 3774 2892 triumphis.

2190 2932 2489 2989 eorumque
2551 2916 2723 2986 gloria
2781 2914 3203 2985 parallelismmn
3272 2914 3414 2967 inter
3463 2927 3559 2968 eas
3619 2914 3780 2967 urbes

2191 3021 2336 3069 stare
2361 3028 2376 3077 ;
2409 3025 2515 3080 quo
2544 3009 2673 3064 item
2701 3008 2895 3063 intuitu
2922 3007 3061 3062 bella
3088 3006 3389 3077 priscorum
3418 3004 3625 3060 ducum
3655 3020 3777 3059 cum

2197 3100 2468 3156 Laurentii
2499 3100 2665 3155 nostri
2693 3100 2932 3153 victoriis
2956 3097 3278 3152 Prudentius
3304 3094 3553 3162 confert;
3598 3104 3780 3149 tanto-

2194 3211 2298 3265 que
2327 3195 2425 3248 has
2477 3209 2585 3263 prae
2614 3192 2717 3247 illis
2763 3192 3087 3246 illustriores
3137 3189 3435 3246 censendas
3489 3187 3776 3259 praedicat.

2196 3293 2399 3356 quanto
2421 3284 2600 3354 superi
2631 3298 2751 3337 cum
2770 3280 2902 3337 Jove
2927 3282 3041 3350 ipso
3070 3295 3305 3346 sununo,
3335 3279 3659 3334 mortalibus
3685 3293 3779 3331 an-

2195 3375 2467 3431 tecellunt.
2502 3374 2611 3429 Hos
2628 3372 2930 3442 triumphos
2956 3372 3181 3434 scilicet.
3212 3372 3308 3425 has
3334 3379 3635 3441 martyrum
3665 3369 3776 3422 lau-

2195 3481 2336 3530 reas,
2355 3473 2564 3519 veteres
2578 3463 2830 3519 Ecclesia:
2848 3460 3034 3516 Patres
3048 3460 3413 3524 celebrabant,
3429 3458 3562 3513 nihil
3575 3459 3780 3512 interea

2196 3556 2390 3611 morati
2421 3553 2748 3623 temporales
2776 3553 2988 3608 illorum
3019 3552 3246 3621 patrias.
3294 3554 3498 3619 quippe
3526 3562 3667 3617 quas
3716 3545 3782 3600 ad

2193 3647 2448 3701 virtutem
2479 3645 2612 3699 nihil
2643 3643 2907 3714 profuisse
2932 3650 3169 3708 norant;
3199 3657 3294 3697 seu
3320 3650 3515 3710 praeter
3532 3637 3779 3694 Pruden-

2197 3742 2348 3804 tium,
2380 3738 2784 3809 locupletissimi
2813 3745 2977 3792 testes
3002 3733 3528 3801 sunt'l‘ertullianus,
3557 3730 3781 3804 Cypria-

2198 3848 2321 3897 nus,
2373 3830 2756 3902 Hieronymus,
2815 3829 3163 3895 Augustinus,
3196 3825 3537 3888 Ambrosius,
3590 3832 3650 3879 et
3694 3822 3784 3877 alii

2195 3938 2426 3992 quormn
2458 3926 2573 3976 loca
2601 3920 2911 3974 describere
2939 3934 3045 3973 non
3076 3926 3248 3972 vacat.

2271 4033 2409 4089 llinc
2452 4032 2563 4101 jam
2595 4030 2863 4087 Merendae
2893 4028 3204 4099 scrupulum
3252 4026 3406 4082 facile
3435 4024 3781 4079 eximendum

2198 4124 2314 4180 fore
2334 4125 2585 4179 arbitror.
2607 4121 2723 4177 Non
2751 4120 2950 4176 etenim
2969 4119 3240 4173 Laurentii
3273 4117 3479 4172 natales
3509 4132 3636 4171 cum
3652 4114 3783 4170 Cos-

2200 4217 2267 4282 si,
2289 4216 2518 4279 Camilli,
2551 4222 2647 4268 ant
2687 4211 2911 4267 Caesaris
2932 4209 3235 4264 natalibus:
3258 4208 3353 4263 sed
3384 4205 3644 4276 triumphi
3666 4219 3784 4259 cum

2203 4307 2484 4376 triumphis
2510 4322 2541 4360 a
2564 4303 2857 4358 Prudentia
2885 4302 2939 4355 in
2964 4301 3164 4373 hymno
3188 4298 3257 4353 de
3281 4314 3389 4368 quo
3415 4298 3627 4365 agimus
3653 4311 3783 4351 con-

2202 4402 2479 4460 feruntur;
2550 4400 2804 4467 buucque
2848 4396 3068 4451 omnino
3115 4401 3293 4465 poetae
3347 4406 3575 4461 scopum
3625 4388 3787 4443 fuisse

2206 4498 2485 4552 nobiscum
2509 4501 2789 4568 agnoscet,
2819 4489 3065 4560 quisquis
3087 4496 3266 4542 mente
3288 4501 3318 4539 a
3344 4483 3670 4554 prmjndiciis
3696 4497 3785 4534 va-

2207 4606 2306 4645 cua
2335 4590 2497 4644 verba
2546 4582 2601 4642 et
2625 4584 2835 4655 periodi
2873 4582 3198 4637 sententiam
3236 4578 3588 4633 considerare
3637 4574 3785 4627 velit.

2204 4681 2261 4735 Si
2295 4689 2474 4735 tamen
2524 4675 2986 4746 comparationem
3021 4674 3087 4727 ad
3120 4671 3324 4742 patrias
3344 4683 3565 4739 quoque
3592 4676 3785 4721 exten-

2205 4772 2335 4827 dere
2365 4769 2614 4824 Merenda
2641 4767 2790 4833 velit,
2821 4764 3140 4833 adigendum
3173 4779 3296 4818 eum
3329 4772 3583 4832 putamus
3610 4775 3677 4814 ex
3709 4759 3788 4826 ip-

2204 4876 2267 4917 so
2300 4859 2573 4915 Prudentii
2603 4859 2823 4929 hymno,
2851 4865 2912 4909 ut
2939 4858 3024 4911 vel
3047 4857 3261 4909 Petrum
3283 4863 3338 4909 et
3363 4852 3586 4906 Paulum
3617 4850 3787 4920 patria

2209 4952 2509 5013 Romanos,
2568 4957 2663 5003 aut
2700 4963 2731 5002 e
2756 4948 3028 5003 contrario
3064 4946 3331 5000 Neronem
3376 4942 3663 4997 Galilazum
3698 4948 3788 4994 ant

2208 5040 2527 5096 Tarsensem
2551 5037 2713 5094 fuisse
2741 5046 2966 5093 asserat.
3000 5036 3290 5092 Videamus
3315 5049 3425 5104 quo
3447 5034 3592 5101 jure.

2280 5129 2488 5185 lnducit
2519 5129 2841 5184 Prudentius
2871 5129 2922 5183 in
2953 5144 3020 5184 eo
3068 5128 3268 5199 hymno
3299 5125 3517 5179 levitam
3543 5130 3786 5177 nostrum

2207 5222 2301 5291 qui
2330 5221 2517 5275 Jovem
2544 5221 2811 5275 acerrime
2835 5220 3150 5280 insectatus.
3181 5218 3267 5271 his
3296 5216 3398 5283 ipsi
3425 5213 3612 5271 verbis
3640 5210 3784 5268 exsi-

2211 5314 2339 5369 lium
2363 5314 2432 5369 ab
2461 5312 2605 5367 Urbe
2633 5312 3020 5380 sempiternum
3045 5310 3367 5381 imperat(d)
3395 5325 3409 5362 :

2550 5403 2782 5464 Discede,
2806 5402 2996 5451 adulter
3014 5402 3263 5465 luppiter,

2549 5468 2728 5527 Stupro
2747 5471 2927 5527 sororis
2945 5464 3096 5527 oblite
3118 5464 3132 5519 ξ

2554 5526 2799 5590 Relinque
2823 5526 3259 5590 Romamliberam.

2556 5587 2861 5650 l’lebeinque
2879 5590 2977 5649 jam
2999 5587 3177 5637 Christi
3197 5587 3331 5647 fuge.

2288 5739 2359 5803 (c)
2401 5737 2578 5792 Serm.
2610 5734 2677 5791 de
2700 5734 2872 5790 Natali
2902 5733 2957 5789 S.
2994 5734 3287 5789 Laurentii.

2288 5809 2365 5880 (Δ)
2407 5808 2626 5878 Stroph.
2657 5821 2857 5875 uxvn,
2886 5820 3025 5861 vers.
3055 5804 3156 5857 4611
3184 5817 3297 5872 seq.
