4046 6364
526 354 629 410 63³

1340 356 1660 411 ADDENDA
1706 342 1794 410 tiu
1826 357 2149 422 QUUSDAM
2193 358 2717 416 PRECliltENTES
2750 362 2998 419 TUMOS.

3703 372 3809 427 1-ῖο

524 469 650 534 fert,
680 470 950 535 intereant,
994 485 1261 524 memores
1288 487 1481 524 nervos
1510 480 1671 539 atque
1697 479 1843 524 artus
1870 486 1988 525 esse
2028 487 2112 525 δα-
2146 476 2189 533 Λ
2221 472 2478 541 Simplicii
2514 491 2661 544 papa:
2691 480 2984 542 mentione,
3015 495 3174 548 quam
3201 479 3250 533 lu
3275 496 3339 536 eo
3365 482 3802 542 Sacratneutario

526 557 744 628 pistatia:
774 574 879 612 non
908 568 1111 612 temere
1140 559 1360 613 credere
1385 560 1483 628 (a).

597 647 710 716 Ego
737 664 865 702 vero
898 666 965 703 ne
1010 649 1300 703 Blanchino
1344 650 1499 703 uim's
1532 650 1732 703 interea
1766 651 2112 706 metienlosus

530 739 743 803 videar,
778 739 911 792 nihil
963 741 1231 803 utorabor,
1279 740 1322 792 si
1373 756 1467 808 per
1523 750 1791 794 nostrates
1849 740 2112 810 Hispanos

526 834 688 895 licet,
715 832 1203 905 Sacramentarium
1233 847 1394 900 quant
1419 832 1523 885 late
1552 833 1679 886 illud
1710 841 1859 901 patet
1884 834 1941 888 S.
1979 824 2115 887 Leo¥

522 924 577 978 ni
626 924 794 991 gratis
840 920 1127 976 dscribere.
1173 922 1281 975 Nec
1314 937 1503 974 vereor
1544 931 1837 990 prmtetca,
1873 924 2113 977 sub-itue

521 1014 575 1067 in
613 1028 699 1077 eo,
732 1013 821 1082 qui
855 1013 1008 1066 nobis
1041 1011 1291 1079 objicitur
1322 1020 1541 1076 tractus,
1576 1013 1758 1065 vilium
1801 998 2015 1084 aliquod
2045 1031 2111 1069 ex

526 1103 609 1158 bis
640 1118 757 1170 qua:
787 1103 944 1170 vu‘go
969 1103 1019 1155 in
1053 1111 1262 1156 veteres
1291 1101 1520 1156 Codices
1550 1117 1612 1155 ex
1646 1103 1799 1169 longa
1834 1119 2110 1172 possesso-

527 1210 647 1250 rum
671 1194 1036 1255 successione,
1065 1192 1321 1259 varioque
1343 1192 1580 1261 ipsorum
1611 1192 1825 1260 ingenio
1855 1192 2114 1262 adrrpere

527 1284 699 1339 solent
729 1301 741 1332 :
774 1299 899 1336 num
925 1282 1048 1350 quid
1076 1282 1281 1336 scilicet
1308 1282 1359 1335 in
1402 1298 1467 1336 eo
1507 1282 1755 1334 abrasutn
1788 1294 1879 1335 aut
1907 1284 2111 1337 interli-

528 1385 638 1428 tum
688 1375 1072 1439 sittglossave
1124 1373 1347 1441 aliqua,
1400 1388 1559 1441 quam
1606 1373 1872 1441 postil'am
1925 1374 2114 1442 vulgus

531 1464 802 1533 appellat,
836 1463 1001 1515 textui
1049 1461 1387 1525 subinducta,
1421 1462 1534 1514 sive
1577 1462 1701 1531 quid
1731 1462 1941 1516 demum
1971 1463 2113 1517 aliud

529 1552 673 1619 quod
716 1552 961 1605 lectionis
991 1549 1147 1604 litem
1179 1550 1369 1618 quovis
1398 1559 1557 1618 pacto
1581 1550 1870 1605 sublestam
1903 1552 2108 1606 reddat.

530 1642 589 1698 Si
613 1642 737 1712 quid
766 1646 951 1695 hormn
979 1640 1120 1695 ineo
1144 1650 1316 1694 tractu
1338 1656 1372 1709 _a
1402 1640 1694 1695 Blanchino
1723 1641 2111 1711 deprehensum

532 1738 739 1802 fuisset,
774 1738 1006 1792 arbitror
1054 1738 1260 1805 ipsum,
1309 1753 1410 1806 qua
1462 1739 1729 1809 probitate
1776 1748 1889 1802 est,
1940 1738 2026 1792 vel
2070 1739 2113 1794 si

2218 564 2434 631 reperit,
2462 565 2730 621 coniicere
2759 567 2990 634 videtur,
3031 584 3152 624 cum
3191 569 3497 640 Simplicius
3525 575 3801 642 aliquanta

2216 670 2375 723 quam
2421 653 2528 711 Leu
2574 660 2843 713 recentior
2868 660 3029 714 tuerit
3061 678 3075 714 :
3105 676 3208 715 non
3239 663 3416 731 hujus,
3447 668 3542 720 sed
3588 667 3801 738 Simpli—

2215 742 2283 795 cii
2309 753 2548 812 tempore
2575 740 2939 816 conscriptum
2982 764 3104 803 eum
3133 749 3386 806 Codicem
3416 752 3605 818 fuisse,
3631 772 3807 824 neque

2217 828 2382 889 Leoni
2412 835 2627 888 attribui
2672 852 2848 904 pnsse.
2883 836 3019 893 Huic
3048 849 3225 893 autem
3261 853 3612 909 argumento,
3657 848 3799 915 quod

2214 936 2374 990 quam
2403 923 2472 976 sit
2514 924 2701 979 eﬂicax
2749 942 2907 981 nemo
2959 943 3065 981 non
3095 929 3260 995 videt,
3288 933 3523 1007 Acautus
3552 935 3802 1002 expedito

2214 1017 2525 1084 respondet,
2549 1018 2632 1071 vel
2663 1018 2926 1085 adjectam
2953 1017 3139 1077 Codici
3178 1033 3299 1091 post
3327 1034 3557 1080 mortem
3591 1025 3803 1096 Simpli-

2214 1106 2309 1171 cii,
2353 1107 2594 1174 ejusdem
2621 1112 3228 1180 commemorationem,
3254 1123 3311 1169 ut
3340 1115 3400 1168 tit
3423 1117 3477 1170 in
3511 1116 3665 1171 libris
3712 1122 3802 1187 qui

2216 1201 2331 1255 usui
2364 1200 2722 1258 Ecclesiarum
2755 1205 2995 1271 deputati
3026 1212 3183 1274 Sunt;
3212 1219 3301 1262 mit
3339 1213 3627 1280 antiquarii
3667 1218 3802 1267 οεείο

2214 1292 2377 1344 tantia
2407 1309 2500 1360 pro
2521 1293 2825 1362 StLvss-rat,
2849 1298 2985 1366 quod
3005 1298 3226 1353 scribere
3248 1299 3512 1366 debuerat,
3541 1302 3800 1361 Sutrucu

2215 1399 2399 1437 nomen
2435 1386 2490 1438 in
2520 1402 2580 1439 eo
2617 1386 2803 1440 Codice
2832 1390 3109 1455 repositum
3141 1390 3239 1460 (si).

2284 1472 2393 1528 Nec
2417 1475 2604 1528 abnuit
2644 1476 2713 1530 cl.
2764 1476 3106 1543 Muratorius,
3147 1482 3237 1549 qui
3274 1481 3470 1537 alicubi
3502 1484 3572 1538 de
3615 1487 3797 1540 eadem

2215 1567 2314 1621 hac
2341 1566 2600 1636 Simplicii
2644 1570 2917 1622 mentione
2948 1570 3175 1640 loquens
3223 1574 3298 1625 ait
3349 1575 3421 1643 (e)
3457 1576 3618 1628 :Jam
3648 1594 3802 1646 supra

2213 1659 2431 1713 vidimus
2455 1675 2628 1728 preces
2652 1659 2761 1714 Deo
2784 1661 2985 1716 oblatas
3012 1664 3171 1733 fuisse
3191 1666 3244 1717 in
3260 1664 3687 1722 Sacramentario
3711 1670 3799 1722 hoc

2217 1765 2309 1817 pro
2339 1751 2509 1801 animo
2536 1751 2787 1805 Sturucn
2828 1754 3085 1820 episcopi.
3142 1753 3390 1809 Vitiatum
3427 1774 3546 1826 eum
3573 1759 3744 1811 locum
3767 1776 3797 1810 ι

529 1830 713 1884 Codex
740 1844 856 1882 esse
882 1828 992 1895 jam
1037 1828 1254 1880 omnino
1283 1828 1548 1891 desiisset,
1580 1828 1807 1896 ingenue
1840 1839 2003 1898 atque
2046 1844 2108 1882 ex

2212 1839 2232 1893 ι
2251 1840 2425 1894 brario
2452 1857 2574 1909 susp
2597 1843 2707 1894 cari
2742 1845 2825 1913 {as
2873 1853 2967 1896 est.
3006 1843 3072 1897 Et
3101 1861 3223 1900 mox
3257 1863 3275 1899 :
3307 1845 3579 1916 Conjicere
3623 1866 3799 1915 possit.

530 1921 635 1975 title
679 1936 799 1988 qua:
846 1918 1158 1987 religiosum
1207 1918 1378 1972 virum
1413 1919 1635 1973 addecet
1679 1935 1783 1973 non
1816 1919 2111 1974 dissimula-

531 2020 731 2065 turum.

604 2101 677 2153 De
707 2099 919 2154 Codicis
948 2092 1299 2166 antiquitate,
1335 2099 1475 2168 quod
1503 2109 1780 2170 superest,
1808 2116 2110 2171 quanquam

530 2206 639 2244 non
682 2206 895 2245 onmem
939 2191 1151 2260 penitus
1191 2191 1499 2261 scrupulum
1546 2194 1700 2247 nobis
1748 2194 1952 2247 adimat
1986 2211 2112 2264 spe-

529 2284 706 2336 cimen
736 2283 1064 2337 characteris
1107 2283 1346 2349 ejusdem
1389 2300 1418 2337 a
1453 2285 1746 2339 Blanchino
1775 2286 1914 2339 inter
1943 2286 2114 2341 Anas-

531 2374 650 2428 tasii
681 2372 1065 2441 Prolegomena
1095 2374 1296 2428 editum
1343 2374 1441 2443 (ὑ),
1488 2375 1769 2428 commode
1818 2384 1995 2430 tamen
2042 2376 2112 2430 ad

537 2463 793 2517 smeulum
832 2473 1106 2525 octavum,
1136 2471 1228 2515 aut
1253 2465 1531 2532 sequentis
1575 2465 1752 2519 saeculi
1785 2466 1987 2519 initium
2030 2482 2115 2519 re-

530 2552 657 2607 ferri
689 2569 845 2622 posse
866 2554 1133 2607 existimo.
1162 2551 1382 2608 Juvaret
1408 2565 1584 2609 tamen
1608 2569 1944 2625 pergamenzc
1966 2557 2117 2611 rharc

531 2653 597 2697 tte
626 2645 959 2713 qualitatem,
993 2654 1132 2697 tersa
1166 2660 1231 2698 an
1264 2644 1483 2698 subacta
1508 2632 1533 2709 ς’
1558 2648 1786 2701 maxime
1817 2663 1944 2700 vero
1978 2647 2112 2715 ligu—

529 2751 675 2799 ram,
707 2736 907 2803 quadra
958 2736 1161 2789 sclicct
1205 2751 1272 2789 an
1323 2736 1552 2803 oblonga
1599 2737 1698 2798 sit,
1746 2738 1899 2791 nobis
1930 2738 2111 2791 itideut

530 2825 855 2882 Blanchinus
882 2826 1168 2892 iudicaret;
1199 2828 1278 2882 his
1315 2828 1456 2881 enint
1484 2828 1740 2896 prazsidiis
1772 2829 1820 2882 in
1848 2844 1905 2882 re
1931 2828 2113 2895 dubia,

525 2918 703 2985 qualis
734 2918 1046 2987 plerumque
1074 2930 1203 2972 tetas
1232 2916 1491 2972 Codicum
1531 2927 1646 2983 est,
1678 2918 1858 2987 opinio
1886 2919 2115 2987 antiqui-

525 3008 653 3063 tatis
703 3010 936 3074 ipsorum
990 3008 1376 3073 contis-matur,
1426 3010 1535 3062 imo
1588 3009 1794 3063 validas
1846 3008 2112 3063 interdum

531 3113 600 3152 ex
649 3098 778 3167 ipsis
825 3098 1163 3167 conjecturas
1194 3100 1388 3154 elicere
1430 3100 1714 3168 peritiores
1755 3099 2111 3169 palmographi

532 3186 733 3240 solent.

613 3277 783 3332 Unum
815 3280 919 3333 hoc
948 3295 1052 3332 non
1088 3279 1280 3347 injuria
1309 3280 1569 3348 suspicer,
1602 3294 1729 3332 num
1762 3279 1971 3334 scilicet
2004 3288 2114 3334 tra-

534 3381 657 3425 ctus
700 3371 768 3426 de
816 3386 923 3440 quo
952 3373 1219 3442 loquimur
1258 3372 1546 3442 antiquarii
1586 3372 1870 3426 oscitantia
1927 3388 2115 3427 corru-

530 3470 695 3529 ptus;
725 3464 1017 3529 pnesertim
1052 3479 1178 3517 vero
1207 3479 1330 3517 num
1378 3463 1501 3517 bina
1533 3463 1622 3517 illa
1653 3464 1813 3516 verba
1858 3465 2115 3520 nascendo

527 3534 652 3605 civis
682 3566 746 3605 ex
778 3553 1095 3619 antiquioris
1123 3553 1336 3609 Codicis
1365 3554 1541 3622 glossa
1567 3556 1618 3608 in
1650 3563 1850 3608 textum
1883 3555 2022 3624 irrep
2053 3572 2116 3610 e-

529 3641 661 3709 rint,
711 3650 804 3695 aut
851 3643 982 3697 alias
1022 3643 1340 3713 interpolata
1390 3645 1606 3697 fuerint.
1650 3642 1863 3698 Prteivit
1901 3645 2111 3715 quidem

530 3732 688 3786 nobis
714 3733 765 3786 in
794 3748 898 3787 non
927 3733 1167 3787 dissimili
1190 3733 1497 3803 suspicione
1524 3733 1775 3797 Acamas,
1805 3749 2110 3803 quanquam

535 3823 670 3876 tanti
703 3823 867 3892 ipsius
897 3824 1180 3879 interesset
1208 3824 1457 3880 Codicem
1488 3824 1554 3878 de
1593 3840 1700 3894 quo
1729 3826 1933 3893 agimus
1972 3827 2111 3881 inte-

528 3930 681 3982 grum
746 3926 907 3985 atque
969 3918 1332 3984 incorruptum
1386 3932 1623 3971 scrvare.
1685 3916 1815 3970 Cum
1870 3918 2010 3971 enim
2067 3917 2113 3972 is

529 4004 723 4058 alicubi
750 4006 816 4059 ab
843 4008 1014 4062 altero
1036 4023 1103 4061 ex
1136 4007 1413 4062 Blanchini
1435 4007 1754 4062 adversariis
1784 4007 2109 4075 adigeretur,

529 4103 591 4147 ut
637 4110 977 4151 communem
1022 4099 1299 4167 utriusque
1343 4101 1411 4153 de
1464 4099 1580 4164 ejus
1624 4099 1836 4153 Codicis
1887 4106 2111 4154 auctore

530 4185 855 4238 sententiam
887 4195 1236 4254 retractaret,
1267 4187 1426 4255 idque
1456 4204 1521 4242 ex
1565 4188 1728 4258 ipsius
1760 4187 1970 4243 Codicis
1993 4204 2112 4242 ver-

528 4275 615 4331 bis
640 4295 651 4329 :
681 4277 856 4331 locum
882 4280 974 4347 qui
1002 4280 1100 4334 sibi
1129 4281 1510 4348 objiciebatur,
1542 4281 1829 4351 antiquarii
1883 4281 2113 4335 oscitan-

527 4367 601 4420 tia
651 4377 963 4436 corruptum
1011 4379 1103 4425 aut
1139 4372 1381 4426 vitiatum
1424 4387 1542 4427 esse
1589 4372 1940 4442 pronuntiare
1979 4370 2109 4427 nihil

528 4467 732 4514 vertus
762 4459 877 4514 fuit.
910 4460 1043 4516 Rem
1069 4478 1335 4532 exponam
1362 4463 1575 4517 ordine.

601 4572 755 4641 Cum,
790 4573 1040 4642 evulgato
1062 4577 1293 4645 primum
1333 4576 1628 4631 Veronensi
1656 4576 2105 4644 Sacramentario,

534 4681 639 4719 non
676 4675 780 4719 tam
811 4664 1066 4721 Codicem
1098 4671 1113 4733 (
1142 4676 1199 4722 ut
1235 4668 1368 4723 falso
1398 4669 1498 4723 sibi
1528 4668 1850 4724 Blanchinus
1889 4684 2108 4740 persua-

527 4753 638 4807 deri
669 4755 898 4823 voluit),
924 4770 1081 4823 quam
1107 4756 1333 4810 inditum
1357 4757 1407 4811 ei
1440 4756 1693 4812 Leonum
1725 4774 1938 4819 nomen,
1962 4768 2109 4813 eate-

526 4857 628 4897 nus
675 4844 995 4908 inauditum,
1032 4844 1290 4924 detnirata
1339 4845 1528 4901 fuisset
1569 4847 1938 4916 liturgicorum
1994 4864 2108 4903 res-

527 4935 772 5004 publica:
796 4935 1045 5003 przccipui
1068 4936 1304 4990 cultores
1325 4937 1441 5005 ejus
1468 4936 1651 4999 studii,
1675 4939 1863 4991 summi
1894 4938 2108 5004 quidem

529 5023 669 5086 viri,
721 5024 856 5076 tituli
898 5026 1134 5079 novitate
1186 5026 1375 5091 exciti,
1428 5027 1798 5081 communibus
1848 5026 2111 5095 suﬂragiis

530 5114 880 5169 Blanchinum
912 5116 1268 5184 pncjudicatte
1315 5118 1681 5171 attributiouis
1708 5133 1858 5171 reum
1905 5118 2108 5183 dixere,

530 5206 641 5259 suis
661 5206 884 5275 quisque
910 5212 1237 5271 argumentis
1263 5211 1751 5264 Sacramentarium
1773 5220 1958 5262 sancto
1981 5208 2114 5265 Leo-

534 5296 588 5351 ni
640 5295 827 5364 Magno
858 5297 1247 5366 abjudicautes.
1297 5300 1355 5354 ln
1411 5300 1494 5353 bis
1535 5300 1603 5355 cl.
1653 5298 1886 5353 Meratus
1926 5300 1997 5369 (ε)
2047 5315 2112 5354 ex

607 5450 711 5523 (τι)Δ
745 5447 1054 5515 Epicharmi
1100 5453 1327 5523 verbum
1380 5452 1520 5523 apud
1574 5450 1687 5507 Cic.
1740 5451 1803 5505 de
1863 5451 2116 5505 Petitione

534 5520 846 5580 consulatus,
881 5536 1025 5573 num.
1058 5521 1141 5575 10.

609 5592 683 5660 (b)
721 5590 874 5661 Tom.
907 5588 971 5642 IV
1002 5591 1290 5655 Anastasii.
1322 5608 1441 5661 pag.
1472 5592 1561 5650 9.1.

610 5658 679 5731 te)
720 5661 776 5715 In
805 5658 1073 5731 observat.
1101 5675 1155 5716 et
1178 5658 1343 5717 addit.
1373 5658 1437 5716 ad
1461 5663 1721 5718 Thesaur.
1752 5676 1889 5715 sacr.
1918 5662 2113 5714 rituum

539 5730 686 5785 Bart.
717 5730 973 5800 Cavanti,
1010 5739 1137 5784 tom.
1164 5732 1215 5797 1,
1246 5742 1385 5799 part.
1420 5749 1469 5797 ι,
1503 5745 1623 5800 pag.
1648 5732 1681 5783 8
1703 5731 1855 5800 Apud
1900 5730 2121 5800 Aram,

543 5802 682 5855 Dass.
712 5803 777 5855 de
803 5798 1485 5863 SacramentarioYet-on"
1507 5798 1657 5869 part.
1684 5798 1897 5869 u,'-pag.
1934 5798 2057 5852 126.

2138 4516 2187 4577 ι)

2209 1948 2322 1985 mus
2354 1942 2453 1984 tres
2478 1932 2755 1986 Orationes
2785 1936 2838 1987 in
2868 1936 3116 1988 honorem
3142 1940 3311 1991 sancti
3341 1936 3631 1992 SILVESTBI
3657 1943 3796 2009 posi-

2212 2031 2290 2075 tas
2322 2024 2480 2092 fuisse
2516 2025 2569 2076 in
2617 2022 2873 2078 Codice...
2930 2024 3223 2081 Librarium
3276 2045 3430 2093 vero,
3478 2031 3601 2083 dum
3646 2033 3809 2085 istam

2211 2115 2408 2167 collecti
2426 2130 2555 2166 mem
2585 2114 2843 2180 scriberet,
2869 2117 3151 2171 iucauteea:
3172 2136 3272 2173 una
3300 2136 3390 2187 per
3408 2121 3600 2175 saltum
3630 2132 3813 2185 trans--

2211 2203 2332 2257 iisse
2358 2204 2411 2255 in
2448 2204 2685 2257 alteram.
2732 2203 2786 2258 Si
2835 2207 3048 2276 utrique
3094 2221 3223 2274 ergo
3260 2208 3385 2263 huic
3429 2211 3702 2278 scriptori.
3746 2221 3799 2266 et

2211 2294 2440 2347 maxime
2471 2293 2700 2359 Acamo,
2739 2295 2825 2348 ubi
2855 2293 3266 2350 Sacratnentarii
3293 2298 3453 2351 verba
3500 2314 3695 2367 parum
3731 2314 3793 2353 ex

2213 2383 2329 2452 ejus
2350 2392 2403 2437 et
2434 2383 2707 2438 Blanchini
2747 2385 3011 2438 sententia
3042 2385 3360 2454 procedunt,
3394 2388 3616 2455 impune
3645 2404 3795 2442 asse-

2213 2489 2333 2527 rere
2386 2473 2514 2527 licet
2562 2473 2801 2527 vitiatum
2850 2484 2941 2527 aut
2988 2484 3299 2544 corruptum
3352 2476 3527 2530 locum
3573 2494 3686 2547 quo
3733 2480 3795 2532 de

2214 2566 2420 2633 agitur,
2476 2580 2579 2634 qua
2631 2576 2781 2633 parte
2833 2565 3036 2619 scilicet
3084 2566 3229 2636 ipsos
3267 2567 3454 2636 pungit
3485 2584 3499 2619 :
3532 2584 3631 2621 cur
3690 2584 3791 2621 non

2216 2654 2339 2707 item
2372 2654 2523 2707 nobis
2548 2652 2731 2706 eadem
2765 2654 2915 2707 venia
2943 2657 3307 2719 concedenda,
3341 2663 3398 2708 ut
3426 2657 3477 2708 iu
3508 2656 3791 2710 Contesta-

2217 2746 2391 2809 tione,
2424 2761 2540 2813 quat
2573 2745 2722 2813 nobis
2760 2745 3028 2812 objicitur,
3060 2746 3220 2801 verba
3254 2748 3512 2801 nascendo
3543 2748 3703 2811 ciris,
3744 2750 3789 2801 si

2224 2836 2427 2889 eisdem
2463 2836 2730 2889 Laurentii
2763 2837 2989 2905 patriam
3017 2837 3278 2891 contineri
3305 2838 3572 2898 volumus,
3601 2837 3792 2905 adjun-

2216 2935 2327 2986 Cta,
2362 2935 2453 2977 aut
2502 2924 2913 2993 superindueta,
2961 2926 3074 2979 sive
3124 2927 3256 2980 alias
3305 2927 3633 2996 interpolata
3682 2944 3795 2982 esse

2216 3015 2578 3081 suspicentur?
2606 3011 2649 3067 Ο
2684 3022 2844 3083 cupct
2872 3022 3170 3068 extremum
3201 3016 3423 3070 scabies.

2286 3101 2623 3170 Conjrcturzn
2646 3112 2903 3173 prmterea
2929 3118 3045 3171 qua:
3066 3104 3320 3171 augenda:
3352 3105 3477 3161 huic
3506 3108 3792 3175 suspicioni

2146 3171 2191 3233 (ί
2223 3190 2654 3261 ηοςριίιηίδεῐιηθ
2693 3192 3034 3257 conducunt,
3064 3193 3260 3247 nedum
3292 3195 3555 3250 lectorem
3583 3214 3791 3265 aequum

2217 3292 2377 3349 atque
2427 3283 2829 3349 immerentem,
2885 3281 2980 3334 sed
3035 3280 3258 3335 Fabium
3302 3283 3474 3351 ipsum
3526 3285 3795 3340 delassare

2215 3372 2395 3425 valent
2426 3388 2441 3425 :
2476 3379 2584 3425 tam
2616 3372 2758 3423 varia
2793 3378 2876 3425 est
2904 3383 2959 3424 et
2985 3371 3260 3440 multiplex
3293 3387 3478 3426 earum
3510 3376 3694 3443 copia.
3724 3374 3795 3429 Ne

2215 3460 2301 3515 cui
2342 3469 2520 3515 autem
2568 3460 2891 3526 occupandis
2935 3460 3222 3530 legentium
3274 3463 3466 3517 animis
3519 3464 3797 3531 splendido

2216 3553 2317 3607 hoc
2364 3552 2532 3620 magis
2571 3568 2729 3619 quam
2771 3567 2895 3605 vere
2943 3552 3143 3607 dictum
3192 3553 3452 3616 videatur,
3501 3554 3795 3623 pnecipuas

2213 3642 2477 3698 adducere
2529 3658 2708 3711 operte
2772 3642 3003 3712 pretium
3060 3644 3235 3698 fuerit.
3296 3642 3534 3697 Diximus
3593 3646 3791 3714 pridem

2214 3734 2468 3788 Ecclesiae
2492 3732 2677 3788 Patres
2701 3742 2754 3788 et
2781 3734 3089 3804 scriptores,
3115 3735 3255 3804 quod
3275 3738 3469 3789 attinet
3491 3737 3559 3788 ad
3595 3746 3794 3805 tempo-

2213 3824 2351 3876 rales
2371 3832 2661 3892 martyrum
2687 3823 2905 3891 patrias,
2930 3824 3212 3877 verborum
3237 3825 3580 3893 parcissimos
3611 3826 3791 3888 fuisse,

2213 3927 2333 3967 Cum
2360 3928 2390 3966 e
2415 3913 2685 3966 contrario
2713 3913 2764 3965 in
2788 3912 3153 3967 descriheudis
3175 3915 3409 3982 ipsorum
3436 3915 3790 3984 passionibus,

2213 4001 2653 4070 designandisqne
2683 4002 2812 4055 locis
2841 4002 2893 4055 in
2923 4003 3116 4070 quibus
3146 4019 3221 4056 ea:
3244 4015 3471 4072 peracta:
3494 4013 3643 4072 sunt,
3675 4006 3791 4057 dili-

2211 4094 2502 4163 gentissimi
2531 4094 2785 4158 inissent;
2824 4109 3009 4147 verum
3055 4094 3106 4147 id
3153 4103 3328 4148 tatnen
3365 4094 3528 4165 paulo
3567 4110 3793 4164 genera—

2213 4184 2333 4238 lius.
2366 4183 2497 4238 Illud
2532 4200 2671 4237 nunc
2700 4184 2964 4245 addimus,
2998 4199 3172 4252 neque
3202 4186 3251 4237 in
3282 4186 3430 4239 Actis
3460 4195 3790 4256 martyrum,

2212 4274 2301 4342 qui
2326 4274 2574 4343 proprius
2601 4272 2997 4342 quodammodo
3027 4274 3176 4328 locus
3198 4275 3492 4339 videbatur,
3521 4291 3644 4330 cum
3669 4276 3801 4329 alias

2211 4369 2458 4422 universa
2489 4383 2605 4435 quae
2625 4384 2811 4422 eorum
2844 4368 3122 4437 passiones
3150 4376 3397 4436 spectant
3440 4368 3793 4419 minutissime

2212 4459 2477 4528 descripta
2501 4462 2628 4524 sint,
2654 4460 2753 4513 nisi
2780 4461 3063 4513 admodum
3093 4474 3236 4523 raro,
3268 4466 3563 4527 martyrum
3592 4461 3792 4526 patrias

2210 4550 2465 4604 enarrari.
2496 4548 2633 4616 Quid
2664 4549 3063 4621 Martyrologia,
3098 4549 3149 4603 in
3177 4549 3372 4619 quibus
3396 4548 3507 4601 fere
3530 4557 3792 4617 perpetuo

2210 4643 2469 4712 passionis
2497 4644 2675 4709 locus,
2721 4643 2988 4696 rarissime
3037 4641 3225 4696 natalis
3255 4648 3600 4703 recensetur;
3649 4638 3793 4706 quod

2209 4741 2265 4788 et
2293 4733 2463 4800 ipsum
2489 4733 2540 4785 in
2572 4734 2635 4787 iis
2662 4741 3053 4802 quas'veteres'
3068 4731 3252 4785 Patres
3279 4731 3346 4784 de
3374 4730 3705 4800 martyribus
3732 4729 3793 4781 ad

2210 4828 2462 4898 populum
2490 4828 2801 4891 conciones,
2832 4843 2924 4881 seu
2955 4827 3204 4880 bomilias
3250 4825 3555 4889 habebant;
3600 4824 3713 4880 imo
3741 4823 3794 4876 in

2212 4917 2339 4986 ipsis
2366 4925 2672 4971 sanctorum
2697 4915 2830 4971 Vitis
2858 4917 3149 4970 observare
3179 4916 3337 4969 licet?

2282 5028 2433 5084 Mitto
2461 5027 2829 5091 Prudentium,
2862 5027 2928 5080 de
2953 5042 3061 5094 quo
3098 5027 3229 5081 satis
3257 5039 3527 5094 superque
3555 5024 3793 5088 dictum;

2212 5118 2367 5173 mitto
2397 5127 2607 5172 veteres
2644 5117 2800 5180 alios,
2830 5124 3023 5183 praeter
3049 5130 3213 5169 unum
3243 5114 3636 5183 Hieronymum
3657 5152 3674 5176 ,
3703 5111 3793 5179 qui

2215 5211 2265 5263 in
2297 5218 2523 5262 tractatu
2566 5207 2633 5261 de
2677 5206 2813 5262 Viris
2844 5207 3134 5260 illustribus
3176 5221 3298 5260 cum
3348 5220 3534 5258 eorum
3587 5204 3678 5270 qui
3728 5202 3794 5254 ab

2214 5302 2522 5373 apostolicis
2572 5301 2899 5369 temporibus
2946 5299 3013 5353 ad
3062 5308 3275 5352 atatem
3332 5312 3486 5351 suam
3536 5295 3793 5347 doctrinas

2287 5449 2363 5511 (Δ)
2395 5449 2579 5503 Acam.
2609 5457 2749 5517 part.
2775 5463 2841 5509 tt.
2868 5462 2988 5516 pag.
3023 5447 3123 5500 19.6
3154 5467 3165 5500 :
3202 5448 3393 5501 Ut'rero
3420 5443 3663 5517 potrebbe
3698 5443 3790 5495 ris-

2215 5520 2455 5589 pondersi
2484 5520 2576 5571 clte
2612 5514 2703 5589 per
2727 5514 3024 5589 negligenza
3048 5519 3102 5571 di
3122 5518 3203 5569 citi
3231 5518 3390 5589 rapio
3418 5516 3456 5567 il
3478 5514 3784 5589 δας-ωηιξη)

2219 5581 2351 5642 tario
2381 5591 2431 5642 in
2463 5605 2576 5641 cecc
2596 5589 2647 5640 di
2670 5586 2731 5642 S.
2755 5581 3082 5652 S'tLvtas'rno,
3115 5590 3161 5640 vi
3196 5587 3274 5640 sio
3313 5596 3448 5637 stato
3472 5583 3729 5636 sostituito
3757 5581 3793 5632 il

2217 5675 2365 5713 name
2396 5658 2446 5710 di
2476 5658 2533 5711 S.
2560 5658 2852 5712 Sutructo.
2880 5656 3078 5711 Eadem
3104 5657 3263 5709 habet
3296 5667 3414 5723 pag.
3441 5668 3556 5723 seq.

2293 5727 2531 5849 {magism
2562 5730 2628 5782 de
2660 5726 2860 5795 Liturg.
2890 5726 3130 5782 Romana
3162 5719 3325 5788 Vetf,
3349 5719 3481 5777 tom.
3508 5722 3549 5784 l,
3586 5735 3684 5789 cap
3728 5719 3761 5771 5

2220 5802 2323 5853 col.
2358 5802 2436 5849 iii
3390 5824 3391 5827 η
