4046 6364
237 306 337 363 till

1150 307 1597 366 DISSERTA'NO
1635 304 2045 359 υνμοωιειδυ
2084 304 2169 357 ΕΤ
2209 304 2624 369 ιΑυιιΕΝτιο,

3411 320 3515 385 βιι

236 396 393 476 laude
424 419 718 473 ﬂoruerunt
748 420 945 486 scripta
1004 422 1244 491 vitasque
1292 422 1529 477 breviter
1556 420 1815 474 attexuis-
1846 422 1886 474 Α
1916 413 2134 468 omnino
2166 413 2526 482 (ieriviletur,
2549 419 2856 490 quicunque
2883 423 3097 478 tandem
3132 426 3183 479 in
3209 428 3291 483 his
3314 429 3514 488 Sacra-

232 519 317 565 set
343 528 357 563 :
384 510 428 565 si
454 509 717 565 iustitium
740 524 802 565 ac
831 509 1069 565 Pliilrani
1095 514 1299 578 demas,
1320 528 1547 581 quorum
1570 529 1823 582 expresse

231 604 481 672 designat
520 603 744 671 patrias,
791 612 847 657 et
892 602 1240 674 Cyprianum,
1286 620 1447 674 quem
1494 606 1822 673 generaliter

230 697 424 752 Afrum
454 696 602 760 dicit,
636 696 828 750 nullius
857 704 1114 765 prieterea
1144 713 1208 750 ex
1239 697 1300 749 iis
1326 697 1415 764 qui
1445 705 1706 766 martyres
1730 712 1822 751 oc-

229 788 471 840 rubuere
501 786 677 840 natale
708 786 881 839 solum
914 785 1169 855 prodidit.
1206 785 1330 854 Ejus
1370 787 1447 841 rei
1478 803 1717 852 causam,
1753 802 1819 841 ne

228 880 352 944 quis
383 877 549 946 gratis
580 876 631 929 id
659 892 688 930 a
717 877 988 932 veteribus
1016 877 1211 931 factum
1243 878 1551 942 arbitretur,
1577 878 1819 946 adjungi-

231 985 353 1022 inus
379 988 391 1019 :
417 970 542 1035 quia
573 983 769 1037 nempe
808 969 972 1032 Acta,
1001 968 1277 1035 Homiliie,
1326 969 1736 1038 Martyrologia,
1764 978 1821 1024 et

230 1058 365 1111 Vitae
387 1066 716 1124 sanrtorum,
750 1075 857 1113 non
886 1060 1217 1116 illustrandis
1249 1062 1468 1116 urbibus
1492 1074 1583 1117 aut
1612 1063 1820 1118 demul-

229 1147 417 1202 cendis
447 1147 685 1210 antibus,
713 1148 806 1202 sed
835 1147 1184 1205 informandis
1206 1151 1271 1204 ad
1303 1153 1554 1219 pietatem
1586 1153 1816 1211 ﬁdelium

227 1239 426 1292 animis
463 1237 862 1303 scribebantur;
894 1240 979 1293 cui
1018 1240 1194 1295 studio
1222 1243 1355 1296 nihil
1401 1253 1695 1314 martyrum
1728 1260 1821 1314 ge-

228 1345 332 1384 niis
360 1338 415 1385 et
443 1330 661 1399 proavi,
693 1331 846 1385 valde
879 1342 1058 1385 autem
1089 1333 1311 1387 multum
1338 1336 1550 1407 egregia
1580 1339 1817 1409 ipsorum

226 1428 381 1487 gesta
425 1420 812 1490 passionesque
855 1421 1220 1478 conducibiles
1250 1435 1423 1481 erant.

306 1510 510 1565 Eodem
539 1526 671 1565 sane
700 1513 949 1577 consilio,
978 1528 1080 1567 nec
1108 1514 1225 1569 siiie
1271 1516 1452 1571 divino
1483 1534 1700 1575 nurnine
1747 1537 1815 1576 an

226 1600 473 1656 Ecclesia
498 1602 610 1669 jam
654 1603 776 1657 inde
797 1620 824 1657 a
856 1605 1047 1673 priscis
1073 1607 1283 1662 sarculis
1311 1610 1661 1666 constitutum
1694 1612 1813 1680 fuit,

229 1699 291 1745 ut
330 1708 399 1746 ex
450 1692 595 1747 Actis
640 1702 969 1763 martyrum,
1001 1696 1277 1764 perbrevis
1315 1700 1577 1767 passionis
1625 1718 1813 1757 eorum
1861 1759 1871 1767 _

1922 506 2196 560 mentaris
2226 506 2373 562 locus
2406 508 2564 573 (idem
2597 510 2667 564 de
2687 515 2895 567 caneris
2924 515 3072 570 libris
3101 520 3376 589 liturgicis,
3401 541 3514 581 ma-

1924 598 2063 649 xime
2091 611 2221 650 vero
2268 598 2335 652 de
2382 598 2466 653 his
2507 601 2599 669 qui
2642 602 2707 655 ad
2765 603 3015 661 Ecclesia:
3058 608 3313 668 Romana:
3357 632 3513 671 usum

1921 686 2163 741 adornati
2189 686 2336 743 fuere
2363 690 2621 756 judicium
2653 696 2802 766 esto)
2828 703 3179 767 temporalem
3210 718 3513 779 martyrum

1922 776 2149 842 patriam
2165 792 2399 843 geniusve
2411 782 2688 837 continere
2704 784 3156 859 deprehendatur,
3173 797 3316 863 quod
3333 776 3513 855 tamen

1920 864 2195 920 ι’.ιι·ἱπείηιθ
2245 870 2542 938 continget.
2586 888 2707 927 eum
2761 886 3015 947 tanquim
3067 898 3250 950 parum
3302 890 3513 956 Spiritui

1918 953 2170 1009 Ecclesiae
2201 957 2579 1026 cohaerentem,
2618 963 2741 1031 jure
2770 982 2867 1034 pro
2896 981 3150 1039 suspecto
3182 974 3510 1034 habendum.

1987 1041 2103 1097 Jam
2135 1044 2259 1099 hinc
2278 1046 2573 1104 Blaiieliiuo
2605 1056 2845 1110 nonnihil
2868 1064 3103 1129 scrupuli
3158 1065 3510 1133 injiciendum

1922 1130 2041 1185 l‘ore
2069 1133 2342 1201 existimo,
2375 1137 2419 1188 si
2442 1138 2619 1192 verbis
2646 1142 2749 1196 illis
2778 1148 3036 1200 nascendo
3077 1152 3203 1205 civis
3232 1154 3509 1214 Laurentii

1923 1220 2150 1289 patriam
2175 1225 2442 1278 contineri
2479 1233 2788 1297 contendat,
2815 1235 2986 1303 qualis
3018 1237 3230 1293 demum
3252 1243 3331 1298 eis
3380 1247 3512 1301 lides

1917 1310 2215 1366 adhibenda
2245 1315 2333 1368 sit.
2376 1314 2540 1371 Levia
2563 1329 2738 1375 tamen
2768 1323 2883 1378 huic
2912 1337 3057 1392 sunt,
3090 1331 3190 1384 nisi
3220 1336 3507 1390 consilium

1914 1400 2106 1455 silendi
2137 1414 2429 1475 martyrum
2460 1409 2659 1476 patrias
2680 1412 2733 1464 in
2763 1413 3020 1483 liturgicis
3044 1420 3214 1486 libris,
3246 1436 3509 1494 perpetuo

1913 1505 2136 1560 quoque
2192 1491 2448 1550 Ecclesiae
2507 1514 2604 1552 usu
2659 1502 3030 1560 conﬁrmatum
3078 1491 3285 1568 viderit.
3339 1491 3509 1586 Legati

1911 1595 2097 1649 quaeso
2124 1582 2490 1653 Gelasianum,
2534 1588 2922 1658 Gregorianuni
2961 1599 3175 1668 triplex,
3216 1601 3506 1673 Bovieiise,

1915 1683 1968 1723 et
1996 1673 2039 1725 si
2062 1687 2179 1742 qua:
2205 1684 2330 1728 sunt
2354 1677 2458 1730 alia
2481 1688 2678 1733 veter.s
2705 1686 2836 1738 ritus
2857 1685 3291 1746 Sacramentaria
3336 1698 3503 1764 (con-

228 1783 492 1837 memoria
522 1783 588 1836 ad
616 1760 1039 1851 sacne'liturgiae
1069 1788 1230 1842 libros
1252 1760 1624 1865 permanare};
1654 1794 1815 1864 inque
1844 1760 1892 1835 Β
1921 1761 2063 1865 ξυιίθ
2090 1760 2606 1865 Ῑ⁴⁴ἶ⁰⁰ί³¹¹ἶ¹¹¹¹ξῗ¹ίιξ⁰
2635 1771 2699 1824 de
2735 1786 2841 1865 (³⁸9
2886 1774 2949 1828 “5
2975 1784 3077 1842 θδίν
3113 1785 3363 1852 quorum"
3402 1800 3505 1840 suo

226 1873 463 1941 propriis
501 1873 812 1927 earumdem
858 1874 1036 1929 missis
1055 1917 1069 1942 ,
1100 1886 1386 1947 martyrum
1416 1890 1667 1935 tormenta
1696 1900 1814 1937 suc-

224 1965 396 2017 cincte
443 1974 845 2029 recenserentur,
869 1974 928 2019 ut
951 1964 1235 2022 Hildninus
1261 1970 1333 2023 ait
1359 1972 1434 2040 (a)
1459 1987 1473 2036 ;
1505 1972 1555 2026 id
1578 1973 1718 2041 quod
1748 1989 1816 2028 ex

224 2054 606 2108 vetustissimis
670 2044 830 2109 etiam
889 2055 1115 2126 liturgiis
1180 2060 1464 2116 conliruiat
1522 2063 1818 2119 luculenter

222 2144 547 2199 Ruinartius
573 2146 824 2214 inquiens
855 2147 930 2216 (ὁ)
966 2166 977 2200 :
1012 2147 1264 2204 Caeterum
1293 2154 1575 2222 principum
1616 2164 1816 2225 iiiarty-

227 2250 346 2288 rum
380 2234 623 2288 actiones
651 2235 786 2288 inter
813 2236 953 2304 ipsas
980 2240 1135 2291 etiam
1178 2242 1349 2295 missa:
1402 2259 1577 2311 preces
1616 2245 1814 2299 insere-

216 2323 437 2389 bantur,
472 2333 528 2375 ut
552 2340 617 2377 ea:
644 2326 1016 2393 antiquissimis
1045 2326 1286 2398 liturgiis,
1315 2329 1613 2399 Gallicana,
1636 2332 1815 2388 Maza-

229 2411 434 2479 rabica,
485 2424 533 2467 et
561 2415 674 2483 ipsa
703 2416 857 2467 etiam
899 2412 1222 2489 Gregoriana
1260 2422 1469 2489 probari
1513 2433 1698 2497 potest.
1732 2425 1815 2478 Ilii

226 2507 365 2557 enim
391 2506 564 2559 missa:
584 2509 976 2560 contestationcs
994 2549 1007 2572 ,
1042 2527 1169 2578 quas
1198 2512 1346 2582 vulgo
1377 2529 1512 2568 nunc
1541 2519 1811 2587 prcefalio-

228 2611 319 2648 nes
359 2597 709 2664 appellamus,
742 2599 870 2651 iii/iit
898 2600 1041 2652 aliud
1068 2611 1186 2653 sunt
1212 2620 1368 2673 quam
1410 2614 1701 2677 martyrum
1744 2609 1814 2663 de

227 2685 424 2753 quibus
470 2686 628 2743 missa
659 2688 960 2743 celebratur
988 2691 1243 2759 pimclare
1278 2705 1548 2762 gestorum
1592 2702 1813 2768 exposi-

230 2778 325 2829 tio.
356 2774 517 2830 Juvat
552 2793 764 2848 quoque
798 2780 847 2833 in
881 2780 1018 2836 hanc
1060 2798 1172 2837 rem
1214 2783 1455 2854 Gregorii
1489 2788 1812 2847 Turonensis

228 2867 407 2920 locum
438 2867 700 2923 adducere
725 2871 795 2942 (ε)
817 2869 1066 2927 :Factum
1094 2888 1167 2929 est
1192 2875 1408 2948 (inquit)
1439 2881 1492 2934 in
1525 2883 1608 2936 die
1628 2886 1813 2938 solem-

226 2958 406 3012 nitatis
441 2957 500 3012 Β.
534 2958 771 3026 Martini,
801 2962 947 3016 nobis
977 2966 1162 3019 missas
1203 2967 1505 3035 dicentibus,
1546 2987 1661 3027 cum
1716 2977 1814 3028 rite

226 3060 560 3103 sacrosancta
598 3052 849 3106 solemnia
902 3055 1205 3111 celebrando
1254 3064 1699 3118 contestationem
1745 3064 1813 3120 de

224 3145 398 3199 sancti
451 3144 653 3200 domini
703 3148 989 3205 virtutibus
1043 3148 1458 3222 enarraremus,
1507 3156 1675 3213 subito
1717 3156 1809 3214 illa
1838 3145 1883 3208 (ἶ

224 3236 396 3303 paeda
419 3238 707 3308 priralytica
737 3240 1016 3311 t'ociferare
1040 3246 1210 3311 coepit,
1243 3256 1349 3305 etc.

299 3328 378 3380 Ex
409 3329 599 3398 quibus
627 3331 887 3399 liquidum
933 3335 1045 3390 lieri
1076 3347 1227 3407 puto,
1261 3341 1556 3396 secundum
1590 3343 1640 3398 id
1666 3346 1809 3415 quod

227 3433 278 3470 in
314 3420 481 3483 Actis,
516 3420 780 3490 Homiliis,
814 3434 976 3495 atque
1007 3425 1254 3485 Historiis
1282 3442 1575 3505 martyrum
1601 3451 1632 3491 a
1661 3445 1811 3493 vele-

227 3508 376 3562 ribus
404 3507 654 3565 Ecclesize
702 3510 948 3571 Patribus
987 3526 1252 3588 perpetuo
1298 3523 1640 3579 observatum
1672 3526 1808 3580 vidi-

226 3615 366 3663 mus,
398 3599 604 3655 scilicet
635 3611 693 3656 ut
722 3619 909 3672 parum
935 3606 1002 3661 ab
1032 3624 1219 3663 eorum
1264 3614 1572 3668 auctoribus
1599 3622 1807 3686 tempo-

226 3688 367 3742 rales
405 3699 696 3762 martyrum
726 3695 910 3763 patriae
954 3708 1310 3754 curarentur:
1334 3702 1413 3757 sic
1439 3710 1495 3757 et
1537 3704 1589 3758 in
1615 3704 1809 3761 Sacra-

226 3783 505 3837 mentariis
531 3786 865 3857 propriisque
887 3798 1181 3861 martyrum
1204 3794 1397 3859 missis,
1423 3794 1644 3852 miriﬁca
1670 3799 1809 3854 inter

228 3871 418 3928 Patres
482 3884 537 3929 et
582 3891 790 3932 sacrant
840 3879 1110 3950 liturgiam
1162 3888 1555 3952 consensione,
1600 3890 1807 3944 illorum

226 3974 505 4030 tormenta,
529 3969 884 4039 prtecipuaque
904 3984 1064 4042 gesta,
1082 3982 1140 4027 tit
1154 3972 1444 4044 Gregorius
1458 3987 1511 4032 et
1527 3978 1808 4037 Hilduinus

223 4055 481 4120 edixere,
531 4073 636 4111 non
669 4075 795 4133 vero
825 4071 1117 4132 martyrum
1149 4066 1346 4134 patrias
1384 4069 1660 4137 enarrari;
1694 4078 1808 4124 tan-

228 4156 390 4217 toque
419 4149 505 4204 hic
549 4151 724 4207 minus
753 4168 911 4221 quam
941 4156 994 4210 in
1018 4157 1185 4222 Actis,
1216 4157 1608 4231 Martyrologiis
1647 4174 1808 4232 atque

228 4239 492 4306 Honiiliis,
523 4253 726 4313 quanto
766 4247 957 4302 horum
999 4251 1240 4305 omnium
1280 4253 1629 4323 scriptoribus
1652 4256 1809 4312 latior

226 4336 447 4403 patebat
482 4337 717 4392 dictandi
756 4348 917 4409 atque
960 4342 1248 4411 eloquendi
1271 4360 1510 4416 campus,
1556 4362 1715 4418 quam
1752 4349 1811 4403 li-

226 4426 415 4494 turgize
465 4429 867 4496 conditoribus;
908 4448 1029 4487 cum
1074 4433 1126 4488 in
1169 4435 1272 4491 hac
1316 4436 1570 4506 perbrevis
1597 4450 1648 4492 et
1687 4457 1807 4495 suc-

225 4519 393 4572 cincta
421 4521 588 4574 solum
633 4522 889 4591 passionis
934 4532 1217 4595 martyrum
1246 4533 1659 4586 commemoratio
1687 4534 1805 4603 ﬁeri
1832 4508 1885 4567 D

227 4621 419 4680 posset.

297 4723 567 4781 Jamvero
594 4742 716 4781 cum
739 4736 949 4783 constet
970 4739 1153 4786 vetera
1182 4730 1434 4790 Ecclesiae
1486 4737 1807 4813 Sacramen-

228 4816 364 4868 taria
393 4813 757 4883 Gelasianum,
808 4817 1220 4889 Gregorianum,
1254 4824 1532 4894 ipsumque
1582 4829 1650 4883 de
1701 4845 1809 4899 quo

230 4907 438 4973 agimus
491 4904 839 4974 Leoniauuni,
870 4911 1002 4964 nihil
1032 4912 1176 4967 aliud
1200 4928 1319 4969 esse
1366 4931 1529 4984 quam
1568 4918 1810 4975 missales

229 4992 460 5051 Codices
482 5011 618 5065 quos
646 4998 711 5051 ad
734 5014 942 5054 sacram
966 5000 1232 5070 liturgiam
1263 5005 1469 5074 priores
1498 5007 1574 5062 illi
1599 5022 1668 5062 ex
1688 5010 1810 5077 qui-

230 5087 332 5139 bus
361 5089 576 5142 nomina
598 5092 822 5145 mutuati
844 5101 969 5146 sunt
998 5094 1279 5163 pontiﬁces
1304 5099 1617 5163 adhibuere,
1651 5111 1813 5171 atque

236 5174 492 5231 Romana:
539 5177 789 5236 Ecclesiae
828 5184 1055 5240 utendos
1082 5201 1444 5257 proposuere:
1477 5208 1814 5263 consequens

309 5328 385 5419 (ιε)
426 5327 483 5383 In
525 5329 1162 5419 EpilstgednLudovicu‘m
1201 5340 1391 5419 Pium,
1423 5350 1817 5419 Areopagiticis

234 5401 451 5520 pndis;
476 5403 633 5485 apud
658 5402 757 5456 Th.
788 5403 1031 5462 Ruinart.
1077 5409 1230 5489 Praef.
1265 5415 1316 5468 in
1337 5401 1455 5470 Act.
1486 5401 1809 5492 Marco,

234 5484 383 5520 num.
455 5508 469 5520 .

234 5484 383 5523 num.
418 5484 469 5524 ἶ).

302 5540 384 5619 to)
417 5538 569 5619 grief.
601 5542 651 5619 iii
682 5542 800 5619 Aet.
830 5545 986 5602 Mart.
1014 5549 1169 5619 paulo
1198 5552 1435 5611 inferius.

310 5607 714 5701 {cjlqrelgi'i’riui
727 5607 1027 5701 Till'Ol‘lglti'é
1056 5607 1583 5701 Μὶςδςλξξῧίξίηίηἱ,
1616 5631 1709 5687 lib.
1734 5650 1770 5689 ti
1796 5674 1812 5701 ,

233 5676 477 5750 capgit,
501 5680 640 5734 Ειιίι.
679 5680 841 5739 Paris.
877 5685 1032 5750 1699,
1064 5691 1169 5745 col.
1199 5676 1352 5749 lOtG.

310 5747 390 5819 td)
431 5747 523 5805 Eat
546 5750 764 5818 quidem
794 5754 845 5810 in
864 5747 1060 5813 Missa-li
1087 5747 1420 5821 .llozarabico
1453 5766 1624 5825 Leslci
1648 5772 1814 5846 (quod

1915 1850 2128 1903 demum
2157 1851 2276 1907 loco
2306 1853 2614 1923 singillatim
2643 1862 3058 1918 examinandum
3085 1850 3329 1940 veniet}:
3363 1873 3506 1942 legat

1916 1940 2042 1995 item
2068 1941 2328 2009 Missales,
2360 1944 2741 2019 Legendarios,
2771 1951 3139 2012 Orat;onarios
3171 1971 3506 2034 caeterosque

1916 2030 2140 2088 Codices
2184 2036 2457 2104 liturgicos
2493 2056 2521 2093 a
2562 2039 2822 2108 Panielio,
2863 2046 3188 2117 Mahillonio,
3239 2030 3504 2110 cardiu-ali

1916 2119 2228 2191 Tliomasio,
2253 2135 2309 2179 et
2328 2125 2618 2184 Murutorio
2646 2133 2922 2200 cvulgatos
2952 2154 2963 2189 :
2998 2141 3198 2208 relegat
3228 2154 3503 2211 postremo

1914 2209 2313 2269 Orationariuni
2343 2220 2695 2289 antiquissimi
2725 2226 2859 2279 ritus
2886 2225 3122 2296 Gothici,
3170 2209 3330 2303 quem
3386 2238 3503 2307 ipse

1917 2306 2061 2359 netis
2091 2306 2414 2364 illustratum
2437 2313 2638 2380 edidit;
2670 2316 2715 2370 si
2759 2329 2941 2373 autem
2973 2322 3024 2375 in
3056 2324 3136 2387 iis,
3177 2340 3338 2393 quam
3394 2306 3503 2384 late

1916 2404 2123 2465 patent,
2182 2409 2276 2451 aut
2339 2415 2529 2454 eorum
2580 2405 2760 2473 aliquo
2800 2409 3022 2464 veibum
3071 2412 3353 2471 oll'enderit
3396 2436 3506 2488 quo

1914 2498 2209 2555 martyrum
2254 2491 2305 2543 iii
2357 2491 2487 2561 ipsis
2541 2506 2916 2552 contentorum
2945 2503 3115 2569 patria
3159 2505 3243 2560 vel
3298 2510 3506 2565 eminus

1915 2576 2225 2647 designetur
2244 2622 2258 2648 ,
2292 2592 2418 2638 tunc
2442 2600 2527 2639 ine
2556 2586 2695 2641 bona
2722 2588 2844 2657 lide,
2871 2593 3186 2664 seclusaque
3209 2602 3353 2654 omni
3376 2618 3507 2671 cap-

1916 2672 2063 2724 tione
2104 2671 2427 2729 Veronensis
2458 2675 2874 2734 Sacramentarii
2905 2690 3377 2759 contestationeni,
3432 2693 3501 2748 de

1914 2774 2019 2830 qua
2037 2763 2263 2830 agimus,
2288 2775 2449 2834 atque
2471 2769 2607 2822 adeo
2637 2773 2797 2824 verba
2829 2774 2915 2827 illa
2940 2779 3197 2833 nascendo
3222 2782 3364 2845 ciris,
3402 2799 3499 2852 pro

1914 2866 2065 2915 vero,
2098 2867 2357 2921 germano
2390 2866 2551 2925 atque
2588 2859 2904 2930 incorrupto
2945 2868 3115 2922 sancti
3148 2868 3342 2925 Leonis
3388 2873 3501 2929 fetu

1916 2942 2218 2998 habiturum
2239 2947 2500 3016 spondeo.

1988 3032 2064 3088 Ne
2089 3044 2267 3089 tamen
2319 3037 2370 3089 in
2426 3038 2638 3106 publica
2680 3042 2965 3097 commoda
3009 3060 3239 3114 peccare
3292 3049 3497 3115 videar,

1915 3122 1959 3175 si
1990 3122 2102 3177 viro
2122 3126 2457 3192 gravioribus
2479 3129 2721 3185 districto
2754 3140 2955 3187 tantum
2981 3137 3119 3191 taedii
3139 3142 3502 3200 devorandum

1914 3212 2213 3281 objecero:
2269 3227 2552 3287 persancte
2600 3220 2897 3279 Blanchino
2950 3227 3217 3286 aflirniare
3258 3250 3499 3303 possum.

1914 3304 2023 3358 iiiio
2062 3307 2224 3361 etiam
2275 3311 2575 3380 conceptis,
2607 3313 2651 3365 si
2685 3328 2819 3381 opus
2865 3317 2952 3380 sit,
3000 3321 3175 3375 verbis
3233 3323 3499 3393 dejerare,

1912 3409 1997 3448 me
2019 3394 2449 3452 Sacramentaria
2481 3416 2599 3469 qua:
2629 3405 2785 3472 vulgo
2841 3406 3172 3463 circumferri
3192 3414 3369 3468 solent
3413 3432 3501 3470 se-

1911 3484 2036 3539 dulo
2064 3487 2348 3553 evolvisse,
2376 3488 2721 3547 Gelasianuni
2758 3497 2966 3550 scilicet
3014 3502 3301 3556 cardinalis
3348 3502 3509 3559 Tlio-.

1912 3577 2093 3630 masii':
2125 3578 2311 3647 triplex
2343 3578 2732 3651 Gregorianum
2774 3584 2959 3642 Jacobi
3009 3589 3248 3659 Pamel.i,
3307 3595 3497 3666 Aiigeli

1911 3664 2159 3732 Rocchin,
2186 3678 2240 3723 et
2266 3668 2504 3738 llugonis
2533 3675 2769 3731 Mcnardi
2792 3696 2804 3730 :
2836 3676 3166 3737 Gallicanum
3184 3664 3496 3755 Mabidoiiii,

1909 3760 2055 3826 quod
2082 3759 2343 3816 Bobiense
2366 3762 2673 3834 frequenter
2693 3769 2841 3822 audit
2866 3790 2880 3824 :
2906 3772 3032 3825 item
3055 3776 3195 3827 aliud
3217 3774 3495 3834 Gt‘illlOidO

1910 3845 2247 3916 inscriptum,
2276 3864 2484 3904 necnon
2502 3852 2785 3923 Anonymi,
2819 3857 3043 3913 Alcuiiio
3083 3865 3495 3930 attrihiitum,et

1909 3950 1939 3987 a
1972 3933 2209 3989 Paiuelio
2237 3937 2509 4006 vulgatum
2537 3960 2550 3994 :
2583 3941 2823 3999 Missales
2849 3956 3107 4015 praeterea
3136 3950 3361 4008 Codices
3388 3956 3497 4011 Go-

1912 4025 2447 4099 thico-Gallicanum,
2476 4031 2825 4102 Francorum,
2858 4038 3191 4096 Gallicanqu
3224 4054 3488 4115 veterem,

1908 4129 2005 4171 seu
2050 4117 2575 4178 Altisiodorenseni:
2630 4124 3021 4195 Legendarium
3075 4138 3493 4193 vetustissimum

1909 4204 2277 4264 Luxoviense:
2307 4208 2744 4271 Prmfationarios
2791 4216 3203 4278 Ambrosianum
3230 4235 3285 4279 et
3330 4226 3492 4284 Gela-

1909 4300 2148 4353 sianum:
2173 4299 2399 4357 Ordines
2413 4305 2685 4364 Romanos
2696 4319 2908 4366 veteres
2930 4313 3199 4385 Hittorpii,
3226 4317 3493 4388 Martenii,

1908 4398 1964 4445 et
1988 4389 2299 4459 Muratorii;
2330 4410 2394 4450 ac
2424 4396 2637 4454 demum
2690 4399 3088 4459 Oiationarium
3138 4410 3492 4477 antiquissimi

1911 4484 2046 4539 ritus
2072 4482 2605 4558 Gotliico-llispaniti
2629 4507 2658 4545 a
2710 4492 3002 4551 Blancliino
3032 4500 3170 4552 inter
3206 4503 3494 4560 cardinalis

1912 4574 2182 4640 Thomasii
2248 4576 2483 4647 Operum
2539 4584 2915 4651 prolegomene
2973 4588 3197 4656 editum,
3244 4592 3494 4659 notisque

1912 4665 2265 4723 illusuatum:
2299 4687 2476 4740 neque
2499 4681 2676 4729 tamen
2702 4677 2959 4736 haetenus
2980 4681 3157 4735 locum
3184 4684 3236 4736 in
3263 4682 3341 4737 eis
3385 4685 3488 4738 ali~

1911 4772 2070 4825 quem
2092 4775 2199 4827 quo
2227 4772 2533 4817 sanctorum
2592 4768 2776 4835 patriai
2819 4770 3210 4836 contineantur,
3259 4772 3364 4827 imo
3421 4790 3490 4828 ex

1912 4860 2021 4915 quo
2042 4865 2111 4904 ne
2133 4850 2442 4918 conjectura
2474 4855 2689 4922 quidem
2713 4873 2804 4912 eas
2833 4860 3044 4928 assequi
3074 4869 3167 4913 aut
3206 4862 3490 4919 subrimari

1914 4937 2093 5004 liceat,
2126 4942 2413 5009 reperisse,
2453 4953 2650 5013 praeter
2671 4949 2978 5017 apocrypha
3011 4950 3098 5003 illa
3123 4950 3349 5007 Missalis
3376 4951 3487 5007 Go-

1914 5026 2347 5086 thico‘Gallic-ani
2394 5035 2581 5101 verba,
2633 5038 2826 5104 quibus
2875 5036 3166 5095 Clementis
3210 5056 3358 5111 papa:
3433 5054 3489 5097 et

1914 5120 2162 5188 martyris
2184 5124 2375 5191 patria,
2400 5136 2673 5195 genusque
2697 5136 2752 5183 et
2780 5129 2969 5184 itinera
2991 5131 3132 5187 dese;
3148 5133 3365 5188 ibuntur
3386 5136 3488 5206 (rt).

1914 5203 2029 5271 Qua
2059 5207 2126 5262 de
2154 5224 2213 5264 re
2244 5226 2344 5265 nos
2368 5212 2522 5267 alias.

1916 5362 2177 5451 absoluta.
2196 5366 2415 5451 demum
2435 5369 2933 5451 liaclucubratione
2955 5378 3158 5451 editum
3186 5379 3348 5435 fuisse
3378 5384 3489 5451 pri-

1916 5431 2038 5506 dem
2072 5435 2345 5506 digiinus),
2403 5440 2454 5491 in
2493 5441 2668 5496 missis
2714 5431 3021 5500 sanctorum
3055 5431 3488 5506 vilici—iiiii'niéé-

1918 5503 2070 5576 tyris,
2117 5502 2414 5572 Fructuosi,
2458 5518 2513 5562 et
2559 5512 2773 5566 Eulalia:
2830 5502 3491 5576 Barcinonensis‘viiientio

1915 5574 2160 5651 mundani
2189 5590 2372 5629 eorum
2405 5581 2623 5645 patriar;
2669 5585 2865 5649 prioris
2894 5587 3034 5641 illius
3075 5591 3291 5651 quidem
3322 5574 3490 5650 uene;

1916 5640 2044 5693 ralis
2070 5651 2298 5727 tantum,
2349 5640 2417 5701 ei
2459 5664 2562 5716 qia
2596 5640 2811 5706 levitam
2846 5640 3271 5719 sanctissiiiiuii‘i,
3299 5640 3493 5727 liispa-

1916 5724 2046 5792 niim
2077 5712 2568 5792 luisse(niar.tyre.n
2597 5730 2796 5786 tamen,
2829 5740 2896 5777 an
2920 5728 3157 5792 civem?)
3207 5712 3336 5781 nihil
3376 5712 3489 5781 tini-

1917 5779 2054 5847 plius
2077 5781 2195 5838 elici
2227 5779 2439 5853 potest;
2492 5779 2930 5849 Fructuosi'vero
2968 5805 3022 5850 ct
3050 5779 3485 5866 soc'ioruniipres-
