4046 6364
534 327 639 385 643

1330 320 1652 378 ADDENDA
1687 321 1776 376 AD
1817 320 2140 387 QUOSDMI
2183 320 2699 375 PliaECEDENTES
2738 319 2983 375 TUMUS.

3708 320 3807 378 6η

607 436 716 490 Nec
743 442 921 487 vetera
967 446 1085 500 quae
1140 431 1344 500 pridem
1396 430 1627 484 diximus
1682 428 2110 483 Sacramentaria
2146 439 2188 493 Α
2220 437 2365 482 tanta
2392 429 2674 483 missarum
2716 438 2771 484 et
2798 430 3103 485 orationum
3127 429 3321 499 quibus
3373 431 3619 487 abundat
3656 433 3805 502 silva,

534 526 829 598 praesertim
854 527 915 577 ait
934 521 1187 577 Εςςιςείιιε
1207 520 1459 575 Rmnana:
1487 536 1639 573 usum
1662 519 1918 573 adornata
1946 535 2117 587 usque

535 620 675 675 adeo
703 619 769 672 ah
800 616 1073 671 hodieruis
1117 614 1355 668 dissimili
1383 622 1514 666 strui
1536 622 1654 667 tura
1695 621 1839 675 sunt,
1883 620 1939 666 ut
1984 612 2026 666 si
2050 612 2116 666 ab

536 711 618 765 his
648 708 930 763 Lectiones
958 714 1012 759 et
1035 703 1316 771 Evangelia
1346 718 1443 771 per
1472 703 1595 756 anni
1626 702 1885 756 circulum
1934 703 2117 756 demas

539 805 692 871 (quae
719 801 844 854 olim
878 801 928 853 in
974 796 1293 865 legendariis
1340 804 1395 848 et
1436 795 1810 863 evangeliariis
1834 793 2117 865 Codicibus

534 891 758 946 seorsim
789 888 1119 942 habebantur
1148 888 1190 954 ),
1220 902 1326 938 non
1358 885 1631 953 multiplex
1658 885 1709 937 in
1733 884 1970 953 utrisque
1992 898 2117 936 ana~

536 983 678 1049 logia
732 978 1197 1049 dvprelientlatur;
1230 976 1421 1029 saltem
1463 976 1711 1028 eumdem
1761 976 1918 1039 olim,
1955 982 2118 1041 atque

536 1085 680 1125 nunc
701 1080 801 1132 est,
834 1079 1254 1138 perpetuumque
1283 1065 1536 1121 Ecclesia],
1563 1066 1614 1118 in
1642 1064 1936 1121 condendis
1968 1066 2119 1120 litur-

534 1159 669 1228 gicis
700 1159 844 1212 libris
869 1158 1115 1227 spiritum
1150 1156 1333 1221 fuisse,
1390 1156 1593 1211 scilicet
1622 1165 1678 1209 ut
1714 1165 2005 1227 martyrum
2064 1164 2120 1211 et

534 1260 844 1304 sanctorum
872 1247 1134 1315 exemplis
1167 1246 1401 1300 lidelium
1456 1247 1627 1316 pietas
1679 1244 1968 1310 invertatur,
2002 1245 2117 1299 ani-

535 1341 715 1407 mique
741 1338 808 1391 ad
842 1338 1181 1408 martyrium,
1206 1339 1250 1391 si
1274 1337 1487 1391 occasio
1510 1337 1558 1390 id
1588 1335 1775 1400 ferret,
1804 1337 1889 1391 vel
1918 1337 1983 1389 ad
2014 1338 2111 1390 litt-

533 1445 704 1483 manu:
736 1429 856 1482 vita:
888 1430 1162 1482 molestias
1192 1428 1460 1497 patienter
1491 1426 1796 1480 tolerandas
1826 1427 2117 1481 alicriores

535 1522 741 1582 tierent,
775 1534 880 1572 non
908 1518 1223 1573 dilﬁtebitur
1250 1517 1574 1572 Blanchinus
1604 1533 1620 1583 ;
1660 1518 1744 1570 vix
1774 1526 1953 1571 tamen
2002 1519 2117 1571 scio

531 1628 600 1668 an
633 1614 683 1666 in
741 1612 1006 1666 hodierno
1036 1610 1236 1665 Missali
1265 1610 1332 1663 de
1355 1609 1526 1679 patria
1572 1619 1865 1681 martyrum
1896 1609 2111 1671 alicubi,

533 1722 602 1763 ne
625 1722 723 1777 per
750 1706 1085 1761 occasionem
1114 1707 1327 1775 quidem
1358 1712 1577 1771 agatur;
1610 1704 1739 1757 mihi
1787 1704 1977 1756 saltem
2005 1703 2116 1756 nul-

2223 519 2436 573 unicum
2466 519 2618 574 nobis
2647 520 2951 590 exemplum
2986 530 3183 590 praeter
3213 519 3635 578 Laurentianam
3666 524 3809 581 il-lam

2221 603 2681 662 Contestationem
2700 610 2932 663 occurrit
2951 610 3002 663 in
3023 610 3185 665 missa
3206 613 3378 665 sancti
3402 610 3703 670 Clementis
3720 631 3813 686 ρει

2221 709 2301 763 pa:
2327 703 2381 749 et
2406 697 2675 767 martyris,
2700 698 2855 768 cujus
2884 700 3046 755 verba
3075 701 3269 757 sistere
3299 706 3671 760 necessarium
3712 706 3813 762 du-

2222 784 2528 855 ximuslb):

2304 873 2437 927 Vere
2457 876 2685 947 dignum.
2706 878 2891 934 Sancti
2915 878 3190 935 Clementis
3213 886 3458 954 martyris
3475 887 3550 939 tui
3573 888 3812 942 natalitia

2218 965 2555 1033 celebrantes,
2580 969 2664 1040 qui
2687 974 3045 1045 cognationem
3068 974 3267 1041 reliquit
3280 986 3328 1028 et
3347 980 3610 1046 patriam;
3632 990 3682 1033 et
3702 993 3813 1049 post

2218 1059 2427 1112 odorem
2457 1065 2680 1116 nominis
2707 1067 2778 1117 tui
2820 1075 2984 1118 terras
3013 1068 3276 1137 mariaque
3299 1072 3694 1134 transmittens;
3720 1073 3811 1123 ab-

2219 1166 2513 1221 negansque
2532 1155 2881 1224 semetipsum,
2904 1167 2959 1209 ut
3001 1166 3049 1211 ts
3071 1174 3163 1227 per
3207 1162 3562 1226 apostolorum
3609 1172 3813 1216 tuorum

2218 1242 2431 1312 ves'tigia
2465 1255 2780 1310 sequeretur.
2810 1245 2904 1300 Cui
2956 1257 3029 1312 tu,
3085 1247 3323 1314 Domine,
3369 1254 3654 1304 secundum
3692 1271 3811 1320 pro-

2219 1332 2512 1385 missionem
2539 1333 2666 1387 Filii
2698 1338 2792 1403 tui,
2821 1346 2924 1390 tam
2963 1338 3018 1390 in
3052 1341 3295 1407 praesenti
3342 1356 3499 1410 quam
3529 1343 3582 1393 in
3643 1343 3812 1410 future

2218 1423 2405 1474 steculo
2434 1425 2658 1493 centupli
2681 1428 2907 1480 muneris
2936 1430 3154 1495 prtentia
3186 1431 3470 1498 repensasti
3488 1445 3505 1480 :
3539 1447 3663 1482 nam
3694 1431 3813 1483 bea-

2220 1511 2402 1565 tissimi
2428 1512 2569 1567 Petri
2593 1532 2715 1568 mox
2735 1517 2927 1571 tradito
2951 1518 3259 1585 disciplinis,
3295 1529 3549 1589 parentes
3576 1535 3722 1589 quos
3754 1522 3804 1575 in

2218 1600 2436 1667 genitali
2468 1603 2585 1657 solo
2608 1603 2939 1672 perdiderat,
2968 1607 3023 1658 in
3045 1615 3261 1659 externa
3284 1609 3493 1677 regione
3550 1591 3801 1662 restituis.

2219 1689 2421 1745 Deinde
2444 1695 2685 1764 magistri
2714 1697 2795 1749 sui
2817 1698 3064 1750 vicariam
3091 1715 3184 1764 per
3206 1700 3440 1751 ordinem
3458 1700 3805 1770 subrogando.

532 1772 640 1850 Iuni
661 1796 728 1851 de
755 1812 842 1860 eo,
861 1804 956 1850 aut
974 1772 1454 1864 afﬁniargutnento
1478 1793 1850 1864 exemplumin
1867 1804 2120 1864 protnpiu
2153 1787 2197 1847 Β
2226 1772 2483 1839 Romam:
2507 1786 2677 1852 urbis.
2711 1787 2863 1855 Cuj'ls
2914 1796 3138 1857 Ρΐορῑυῐ·
3186 1796 3239 1841 ιθ
3265 1788 3596 1858 despexerat
3641 1791 3811 1859 digni-

532 1887 819 1942 succurrit.

606 1998 759 2052 Nunc
813 2007 989 2051 autem
1020 1995 1195 2064 (quod
1220 1995 1347 2049 olim
1397 1995 1620 2065 polliciti
1669 1994 1880 2056 fuimus,
1924 2006 2118 2061 resque

534 2091 654 2159 ipsa
704 2090 1105 2159 quodannnotzo
1134 2087 1404 2156 pOstulare
1431 2085 1682 2154 videtur)
1732 2083 2117 2153 inspiciendum

531 2191 616 2235 est
639 2196 763 2233 num
797 2176 1657 2239 Leonianum.Sacratnentarimn,
1685 2182 1880 2242 praeter
1914 2171 2116 2226 Conte-

534 2272 820 2326 stationem
843 2272 909 2324 de
926 2276 1112 2323 sancto
1126 2267 1434 2332 Laurentio,
1448 2283 1607 2335 quam
1632 2266 1783 2321 nobis
1795 2265 2118 2320 Blanchinus

532 2364 739 2433 objicit,
768 2363 895 2432 quid
925 2360 1068 2415 aliud
1101 2361 1296 2414 habeat
1321 2359 1802 2428 circatemporales
1823 2367 2116 2427 tnartyrmn

535 2454 756 2525 patrias.
801 2452 859 2506 ln
891 2460 1002 2507 toto
1029 2467 1096 2506 eo
1118 2450 1315 2505 Codice
1345 2450 1537 2520 (quam
1582 2448 1895 2515 longissime
1939 2456 2113 2516 patet,

538 2553 597 2599 ut
622 2559 742 2598 eam
764 2543 1032 2613 praecipue
1074 2542 1143 2595 ob
1190 2556 1408 2596 causam
1449 2538 1925 2594 reverendissimus
1976 2538 2116 2592 sacri

532 2635 714 2706 palatii
743 2633 1025 2703 apostolici
1054 2635 1307 2699 magiSIer
1334 2628 1520 2684 Orsius
1542 2633 1616 2700 (α)
1636 2646 1741 2683 non
1761 2628 2118 2693 Leonianum,

533 2726 628 2781 sed
678 2725 898 2779 omnino
944 2720 1286 2777 Gelasianutn
1332 2736 1454 2775 esse
1489 2718 1815 2789 contendit),
1858 2727 2020 2788 atque
2065 2721 2117 2773 ia

532 2921 664 2984 sior,
690 2933 810 2972 cum
842 2933 893 2969 in
926 2930 1110 2969 eorum
1144 2916 1318 2968 missa:
1332 2914 1731 2985 admonitione,
1782 2930 1879 2970 seu
1912 2930 2119 2985 pra;pa«

534 2993 734 3042 ratoria
783 2987 1108 3041 allocutione
1148 2985 1296 3053 (Pag.
1329 2984 1453 3048 510,
1484 2986 1588 3039 col.
1618 2984 1670 3053 l)
1702 2986 1939 3053 legatur:
1988 2984 2118 3038 0m-

534 3060 806 3127 nipotentis
832 3055 941 3127 Dei
966 3054 1277 3123 ineffabilem
1311 3058 1634 3127 majgtatem
1679 3056 1912 3124 rogando
1939 3056 2120 3127 laude-

2221 1879 2409 1942 tatem,
2439 1885 2609 1929 tenere
2647 1878 2916 1930 constituis
2942 1877 3288 1947 principatum

2288 1987 2412 2042 llaec
2440 1998 2618 2045 autem
2643 1991 2768 2047 bina
2795 1993 3017 2047 omnino
3046 1995 3293 2063 exempla
3324 2010 3446 2048 cum
3472 1994 3585 2050 sint
3627 1994 3647 2067 (
3669 1997 3808 2065 quod

2217 2078 2273 2133 in
2297 2096 2404 2134 non
2435 2082 2667 2136 minima:
2701 2084 2855 2138 molis
2875 2100 3042 2153 opere
3068 2085 3167 2138 nisi
3190 2086 3590 2140 consultissime
3617 2087 3807 2141 factum

2217 2169 2476 2224 sciremus
2521 2170 2762 2226 miraculi
2808 2173 2929 2228 loco
2985 2173 3340 2242 habendum)
3384 2177 3626 2245 priorem
3668 2178 3807 2230 illam

2217 2260 2433 2328 quidem
2477 2263 2651 2317 sancti
2687 2262 2959 2319 Laurentii
2989 2268 3439 2321 contestationem
3469 2284 3565 2322 sua
3596 2284 3657 2323 se
3711 2270 3809 2325 lida

2220 2349 2378 2420 (quae
2402 2366 2563 2420 quam
2593 2352 2796 2407 lubrica
2824 2354 2893 2407 sit
2923 2355 3171 2410 novimus
3198 2358 3218 2424 )
3253 2357 3389 2410 tueri
3412 2367 3672 2426 Oportet;
3702 2375 3803 2413 non

2218 2441 2360 2496 enim
2387 2442 2549 2496 alium
2581 2457 2611 2496 e
2640 2452 2719 2496 tot
2740 2443 2999 2511 liturgicis
3035 2443 3200 2499 Codic
3224 2447 3324 2500 bus
3373 2449 3802 2501 consentientem

2218 2529 2413 2597 habet;
2446 2534 2717 2600 posterior
2746 2542 2926 2587 autem
2954 2534 3055 2587 ista
3081 2536 3251 2588 sancti
3292 2535 3607 2601 Clementis,
3642 2537 3807 2589 mille-

2221 2623 2381 2676 naria:
2402 2623 2731 2692 antiquitatis
2760 2632 2947 2677 testem
2972 2640 3069 2693 pro
3098 2639 3156 2679 se
3189 2624 3425 2690 adducit,
3455 2624 3680 2681 Missale
3707 2630 3805 2689 sci-

2219 2710 2344 2768 licet
2366 2711 2955 2769 Gothico-Gallicanum
2975 2714 3262 2770 cardinalis
3282 2713 3580 2779 Thomasii.
3608 2718 3661 2770 in
3688 2732 3791 2786 quo

2218 2918 2349 2958 vero
2376 2912 2433 2957 ut
2457 2912 2733 2959 crescente
2762 2904 2813 2958 in
2853 2905 2968 2959 dies
2997 2904 3347 2961 Emeritensis
3396 2905 3620 2960 Eulalia:
3664 2907 3801 2962 cele-

2219 2973 2437 3035 britate,
2471 2974 2880 3055 Barcinonensis
2910 2976 3114 3055 interea
3161 2978 3338 3057 cultus
3386 2976 3797 3057 refrigescere“

2222 3053 2727 3115 nomenque_ipsum
2757 3054 2811 3099 et
2841 3053 3010 3113 patria
3042 3053 3393 3099 sanetissimm
3422 3053 3648 3114 virginis
3678 3063 3802 3115 pau-

539 3112 673 3193 mus,
723 3129 807 3198 qui
855 3124 998 3203 nobis
1050 3112 1903 3203 sanesane»;'Ttnnscossﬁmuu
1944 3123 2116 3203 lFm-
2146 3143 2191 3203 ο
2226 3112 2373 3203 latim
2404 3112 2857 3203 eslllispanorom
2886 3115 3079 3203 animis
3118 3116 3423 3203 ellluerent.
3460 3112 3653 3203 ἰωῆς,
3680 3112 3802 3203 ergo

541 3192 963 3265 ctuosifAugurii
993 3206 1042 3248 et
1062 3192 1294 3264 Eulogii,
1317 3211 1407 3265 per
1427 3194 1776 3248 beatissimam
1816 3197 2108 3265 passionem

537 3284 729 3336 magna
761 3264 1008 3336 Ecclesia;
1026 3266 1273 3336 prwsidia
1295 3264 1501 3336 donauit
1521 3274 1570 3317 et
1596 3267 1802 3336 patrita.
1820 3264 1993 3318 Paulo
2015 3282 2112 3319 au-

538 3334 645 3391 tem
684 3336 930 3388 inferius:
964 3334 1033 3386 Et
1056 3350 1171 3387 cum
1198 3334 1292 3386 illa
1318 3335 1391 3386 eis
1436 3335 1491 3386 in
1522 3334 1857 3388 delectatione
1882 3337 1948 3387 sit
1970 3336 2110 3403 regio

537 3421 651 3475 qua:
686 3405 906 3472 suscepit
949 3403 1166 3475 (iculum
1187 3403 1501 3471 videlicet);
1538 3404 1639 3456 ista
1668 3420 1769 3456 non
1791 3406 1857 3457 sit
1896 3405 1949 3457 in
1982 3406 2110 3459 obli-

537 3473 687 3533 eione
707 3490 821 3545 qu
848 3475 1040 3543 genuit.
1086 3473 1303 3537 Verum,
1333 3488 1455 3527 cum
1486 3482 1698 3527 constet
1726 3475 1824 3527 hos
1853 3483 2113 3545 martyres

538 3544 866 3608 Tarracone,
896 3559 998 3608 qua
1030 3545 1082 3597 in
1116 3544 1246 3613 urbe
1274 3544 1415 3611 passi
1443 3550 1587 3607 sunt,
1615 3546 1682 3597 ad
1712 3544 2113 3613 ctelestem’pa-

538 3617 696 3670 triam
739 3617 1004 3676 evolasse,
1044 3629 1150 3667 non
1193 3612 1307 3667 haec
1337 3613 1403 3665 de
1429 3614 1710 3681 temporali
1744 3629 1837 3682 per
1858 3612 2111 3668 nativita-

538 3696 669 3750 tem,
710 3687 803 3738 sed
833 3687 899 3737 de
939 3692 1139 3737 interna
1168 3699 1263 3752 per
1297 3684 1609 3752 martyrium
1642 3686 1992 3751 generatione
2018 3700 2111 3738 ac-

538 3753 786 3825 cipienda
816 3761 970 3825 sunt;
1000 3758 1242 3825 sequitur
1269 3757 1410 3825 enim
1435 3756 1730 3825 continuo:
1785 3752 1990 3807 Habeat
2016 3756 2112 3807 illa

538 3822 795 3896 (cmlestis
822 3824 1027 3896 scilicet
1051 3823 1249 3896 palria)
1280 3822 1574 3896 inrcollegio
1601 3840 1694 3896 suo
1736 3840 1861 3894 quos
1885 3841 2107 3878 corona-

538 3840 795 3896 (caatesus
822 3840 1027 3878 scutcet
1050 3840 1249 3945 patria)
1280 3840 1335 3876 sn
1362 3840 1574 3892 cottegto
1601 3840 1694 3876 suo
1736 3840 1861 3894 quos
1885 3841 2107 3878 corona-

538 3900 645 3948 t'it:
678 3895 861 3965 habeat
893 3894 993 3946 ista
1027 3898 1044 3965 (
1095 3897 1305 3955 arraco)
1338 3895 1392 3965 in
1422 3895 1711 3961 patrocinio
1763 3911 1886 3964 quos
1936 3904 2108 3965 trans-

540 3966 698 4018 misit.
725 3964 877 4029 Quod
909 3974 1237 4032 postremum
1267 3964 1508 4027 vet-bum,
1534 3965 1693 4017 sicuti
1715 3979 1769 4018 et
1793 3965 1969 4032 priora
1998 3964 2106 4018 ila:

539 4051 632 4102 per
658 4033 1001 4087 beatissimam
1022 4035 1329 4100 passionem,
1357 4033 1543 4086 setlulo
1567 4033 1801 4087 notanda
1825 4044 1978 4100 sunt;
2005 4050 2111 4088 non

542 4104 683 4156 enim
713 4104 842 4156 uicit
866 4119 989 4173 quos
1011 4104 1233 4171 peperit,
1268 4118 1367 4155 nec
1393 4119 1481 4173 per
1508 4104 1847 4169 nativitatem,
1879 4115 1969 4158 sed
1984 4120 2108 4173 quos

545 4173 847 4241 transmisit,
878 4171 1037 4224 astris
1065 4172 1288 4238 scilicet,
1312 4187 1402 4241 per
1424 4171 1771 4227 beatissimam
1791 4171 2106 4240 passionem.

542 4272 611 4283 —-—
634 4241 1135 4295 Luculentissimum
1162 4244 1397 4294 omnium
1425 4245 1491 4295 de
1512 4255 1709 4298 sancta:
1740 4244 1951 4297 Eulalia:
1980 4245 2109 4297 Bar-

542 4312 847 4382 cinoitensis
878 4314 1048 4380 patria
1099 4311 1462 4382 testimonium
1516 4314 1741 4367 habetur
1790 4315 1839 4380 ᾖσι
1870 4314 2106 4382 ejusdem

542 4381 698 4436 Missa
730 4380 880 4449 (Pag.
913 4382 1035 4441 305,
1064 4382 1169 4435 col.
1192 4380 1285 4450 2);
1326 4381 1520 4448 legitur
1538 4384 1680 4436 enim
1714 4401 1726 4435 :
1759 4380 1967 4435 Festum
1988 4384 2109 4436 bea-

542 4460 610 4525 ta:
636 4453 850 4521 virginis
873 4450 1097 4525 Eulalia:
1114 4452 1422 4522 suscipimus
1441 4453 1792 4525 incolentium,
1820 4455 1874 4506 in
1904 4470 2001 4525 quo
2028 4471 2110 4507 ea-

543 4522 658 4574 dem
678 4520 876 4591 niartyr
901 4520 1377 4575 Barcinonensnun
1407 4523 1537 4576 civis
1567 4533 1622 4576 et
1649 4526 1845 4585 incola,
1873 4520 2106 4592 genitale

540 4594 714 4644 solum
744 4593 887 4659 quod
919 4594 1232 4646 meritorum
1264 4592 1428 4646 titulis
1456 4594 1689 4660 praetulit
1735 4594 1930 4646 honore
1954 4596 2108 4647 etiam

536 4662 815 4732 illustravit
867 4662 1118 4730 sepulcri,
1160 4671 1291 4728 etc.,
1344 4663 1542 4729 quibus‘
1574 4664 1919 4732 temporaletn
1956 4664 2110 4732 plane

539 4731 753 4802 inclytae
774 4735 1023 4802 martyris
1052 4733 1277 4802 patriam
1307 4732 1572 4798 designari
1595 4731 1969 4800 agnoscimus;
2019 4749 2109 4788 ve-

538 4799 666 4854 rum
708 4801 775 4871 id
804 4800 856 4854 in
887 4799 1270 4857 Barcinonensi
1300 4802 1507 4855 Eulalia
1539 4799 1833 4871 singulare,
1867 4820 1965 4858 nec
1994 4806 2109 4858 sine

536 4886 701 4925 causa
755 4869 951 4924 factum
1009 4872 1172 4927 fuisse
1196 4869 1647 4938 existimandum;
1697 4888 1821 4927 cum
1862 4875 2006 4927 enim
2041 4889 2109 4929 ex

538 4941 921 4994 communione
942 4945 1172 4996 nominis
1190 4945 1553 5009 Actorutnque
1583 4944 1722 4997 inter
1747 4957 1866 4996 eam
1889 4952 1943 4997 et
1963 4942 2110 4998 Eme-

539 5010 797 5064 ritensem
841 5009 1096 5083 Eulaliam
1133 5013 1417 5083 al'linitate,
1451 5023 1733 5083 utramque
1759 5015 1886 5066 olim
1916 5015 2110 5067 conlu-

543 5094 681 5151 sam,
720 5090 880 5151 atque
917 5094 981 5133 ex
1010 5079 1208 5151 duplici
1234 5098 1412 5146 unam,
1443 5079 1669 5150 eamque
1694 5082 2105 5151 Emeritensem,

544 5148 737 5221 iactam
788 5148 948 5221 fuisse
977 5148 1240 5214 sciamus;
1295 5152 1348 5205 id
1400 5153 1542 5221 quod
1583 5148 1791 5206 nedum
1835 5150 2107 5207 Prutentii

543 5219 941 5291 hymnus,‘se_d
963 5221 1349 5291 celeberrimus
1400 5219 1539 5291 apud
1567 5231 1795 5285 veteres,
1849 5224 1894 5275 si
1945 5238 2107 5276 unum

538 5286 773 5357 eicipias
803 5286 1023 5353 Bedam,
1059 5290 1274 5345 Eulalia:
1290 5286 1633 5346 Emeritensis
1661 5293 1836 5345 cultus
1865 5293 1995 5345 satis
2021 5308 2109 5346 os-

541 5360 714 5432 tendit
741 5374 904 5432 :_cun_i
935 5373 967 5413 e
1008 5362 1279 5432 contrario
1307 5360 1623 5415 Kalendaria
1650 5372 1705 5415 et
1729 5361 2107 5432 Martyrologia

541 5428 735 5495 paSsim
749 5428 1201 5484 Barcinonensem
1217 5431 1473 5484 Eulaliam
1489 5433 1709 5485 sileant:
1739 5428 2104 5496 hinc'lactuin,

541 5498 716 5567 primo
738 5509 797 5552 ut
826 5499 982 5567 hujus
1003 5498 1216 5553 Eulalia:
1243 5511 1389 5568 gesta
1407 5500 1723 5556 Emeritensi
1750 5502 2109 5555 attribueren-

541 5575 650 5641 t_ur,
672 5568 813 5639 quod
840 5570 1129 5641 Prudentio
1156 5572 1415 5641 accidisse
1452 5572 1700 5641 existimo
1725 5587 1739 5635 ;
1767 5572 2108 5641 vicissimque

542 5636 952 5710 [iarcinonensis
982 5638 1413 5710 Eulaliaaalicubi
1457 5637 1733 5710 Deccmbri
1780 5657 1966 5696 mense
2011 5636 2108 5710 pro

540 5705 856 5764 Emeritensi
869 5710 1133 5779 coleretur
1150 5707 1460 5776 (Kalendar.
1478 5707 1801 5764 Corbeiense
1815 5712 1950 5779 apud
1971 5705 2110 5762 Mar-

542 5779 761 5845 lenium,
816 5790 947 5834 tom.
971 5778 1036 5834 lll
1066 5779 1226 5835 Thes.
1273 5780 1472 5835 Auecd.
1497 5821 1511 5848 ,
1560 5781 1663 5834 col.
1688 5781 1767 5833 16
1791 5778 1878 5847 4)“;
1918 5781 2117 5837 deinde.

2221 3184 2423 3237 cultum
2452 3182 2755 3254 llispanicaa
2783 3184 3010 3252 liturgia:
3038 3189 3369 3254 conditores,
3422 3196 3479 3239 ut
3508 3185 3656 3254 apud
3684 3182 3805 3239 suos

2213 3253 2563 3319 excitarent;
2604 3254 2778 3322 deque
2825 3254 3204 3310 Baicinonensi
3257 3253 3461 3309 Eulalia
3512 3253 3805 3310 dubitatio-

2213 3338 2336 3377 nem
2366 3339 2579 3378 omnem
2623 3325 2692 3378 ab
2721 3323 2970 3393 Hispanis
3020 3334 3357 3389 amoverent,
3400 3326 3616 3380 sublata
3648 3341 3804 3380 occa-

2211 3394 2364 3464 sione
2403 3393 2470 3464 de
2514 3403 2711 3449 caetero
2756 3404 3038 3464 utramque
3080 3394 3344 3449 Eulaliam
3394 3394 3800 3450 confunueodi:

2212 3463 2386 3517 missu:
2414 3462 2827 3519 Barcinonensis
2867 3462 3106 3529 Eulaliae,
3156 3468 3224 3519 de
3269 3481 3373 3533 qua
3419 3466 3537 3519 sola
3583 3468 3800 3519 dubium

2212 3547 2336 3587 esse
2365 3541 2600 3604 poterat,
2628 3543 2814 3588 contra
2846 3543 3121 3604 receptum
3143 3535 3379 3604 alioquin
3407 3545 3513 3588 tam
3537 3537 3591 3589 in
3614 3535 3799 3589 eadem

2212 3616 2372 3669 quam
2415 3603 2466 3656 in
2517 3603 2632 3674 aliis
2681 3603 2929 3674 liturgiis‘
2956 3620 3204 3666 morem,
3254 3603 3568 3674 temporalis
3622 3605 3804 3674 patria:

2216 3675 2432 3746 titulum
2459 3673 2759 3746 prmlixere.
2791 3672 2864 3746 -έ-
2887 3672 2999 3746 Nec
3029 3675 3165 3746 alias
3195 3672 3495 3746 mirandum
3527 3672 3695 3740 foret,
3720 3677 3802 3728 vel

2212 3742 2257 3796 si
2287 3742 2453 3814 gratis
2490 3744 2550 3814 id
2578 3742 2776 3814 factum
2826 3742 2988 3798 fuisse
3029 3742 3350 3808 diceremus,
3392 3748 3538 3813 quod
3589 3746 3647 3799 in
3696 3750 3803 3814 pri-

2212 3821 2349 3866 vata:
2377 3810 2631 3867 Ecclesiae
2656 3813 2861 3883 Missali
2888 3814 3132 3868 nonnihil
3159 3810 3806 3883 ejusdem—conditoribus

2214 3891 2407 3951 praeter
2434 3891 2711 3951 receptum
2737 3887 2789 3938 in
2818 3882 2938 3937 aliis
2967 3882 3200 3952 liturgiis’
3232 3900 3382 3938 usum
3411 3884 3613 3938 alicubi
3658 3886 3804 3939 exci-

2212 3952 2377 4007 disset
2402 3968 2413 4017 ;
2447 3952 2746 4021 praesertim
2775 3955 2920 4024 circa
2950 3963 3246 4024 martyrum
3277 3955 3726 4018 domesticorum,
3757 3954 3806 4008 id

2212 4030 2293 4074 est
2319 4038 2658 4077 comtnunem
2692 4022 2942 4092 patriam,
2969 4022 3119 4093 cujus
3148 4025 3537 4093 ampliﬁcandae
3562 4026 3801 4078 studium

2211 4094 2480 4161 neitiinem
2526 4107 2632 4146 non
2675 4100 2848 4161 urget.
2882 4122 2954 4135 —-
2980 4092 3205 4149 Adulesis
3242 4092 3585 4148 mentionem
3636 4096 3693 4146 in
3742 4108 3804 4149 eo

2213 4160 2626 4234 Missalipatria:
2654 4160 2944 4234 Vincentii,
2973 4162 3255 4234 Fructuosi
3279 4174 3332 4234 et
3363 4163 3586 4234 Eulala:
3606 4164 3803 4234 in'ipso

2210 4233 2390 4285 statim
2421 4230 2698 4287 Missarum
2729 4233 2932 4299 limine,
2961 4233 3013 4287 id
3045 4241 3129 4287 est
3172 4233 3224 4286 in
3269 4233 3648 4288 admonitione
3680 4230 3805 4300 prte-

2213 4303 2482 4369 paratoria
2510 4301 2623 4356 lieri
2650 4318 2665 4369 ;
2712 4318 2820 4357 non
2843 4314 3023 4357 autem
3052 4304 3104 4356 in
3133 4301 3497 4366 Orationibus,
3530 4312 3629 4357 aut
3657 4303 3800 4358 Con-

2212 4372 2604 4442 testationibus,
2638 4387 2733 4425 seu
2762 4372 2813 4425 in
2837 4371 3035 4439 Missa},
3064 4380 3122 4425 ut
3150 4374 3223 4425 ita
3254 4374 3515 4436 dicamus,
3547 4388 3798 4442 corpore.

2210 4441 2440 4494 Constat
2480 4451 2660 4495 autem
2687 4456 2808 4495 eam
2856 4442 3275 4497 admonitionem
3308 4442 3526 4511 praprie
3575 4441 3800 4497 adnis-

2137 4509 2187 4570 D
2211 4526 2326 4581 sam
2359 4526 2462 4566 non
2492 4512 2815 4581 pertinuisse
2841 4527 2857 4577 ;
2902 4513 3034 4566 nihil
3061 4513 3203 4566 enim
3230 4509 3348 4566 erat
3375 4509 3477 4566 nisi
3504 4516 3801 4567 sacerdotis

2210 4580 2463 4635 allocutio
2491 4579 2559 4633 ad
2590 4582 2868 4651 populum,
2902 4582 3136 4636 indicata
3163 4584 3511 4652 solemnitate
3542 4590 3609 4635 ad
3641 4598 3799 4652 quam

2207 4660 2591 4719 convenerant,
2643 4660 2702 4704 ut
2733 4652 2910 4705 eidem
2963 4652 3048 4719 pie
3078 4666 3142 4705 ac
3189 4651 3382 4706 devote
3429 4651 3795 4718 interessent;

2209 4718 2479 4792 tiebatque
2503 4731 2632 4774 ante
2670 4721 2927 4792 indictum
2965 4718 3022 4792 7a
3053 4720 3285 4775 diacono
3324 4722 3631 4789 silentium,
3684 4739 3800 4792 post

2209 4790 2352 4859 quod
2381 4801 2595 4844 demum
2624 4793 2784 4846 missa
2813 4790 3104 4859 incipiebat
3132 4805 3162 4843 a
3189 4794 3517 4845 salutatioiie
3545 4790 3797 4846 sacerdo-

2211 4864 2280 4913 tis
2308 4860 2375 4913 ad
2406 4863 2679 4929 p0pulum.
2710 4860 2779 4913 At
2810 4861 3173 4916 testimonium
3199 4877 3231 4914 e
3261 4860 3563 4915 Veronensi
3604 4862 3799 4915 Sacra-

2209 4930 2474 4999 mentario
2504 4944 2533 4983 a
2580 4929 2875 4985 Blanchino
2923 4931 3235 4993 adductum,
3290 4946 3399 4999 qno
3444 4932 3797 4999 temporalem

2211 4997 2483 5053 Laurentii
2532 5001 2757 5067 patriam
2806 5001 3073 5054 contineri
3117 5000 3163 5053 is
3207 4997 3399 5054 auctor
3443 4997 3743 5066 existimat,
3769 5017 3796 5053 ο

2210 5070 2385 5138 inedia
2413 5068 2579 5137 ipsius
2622 5071 2797 5123 missa:
2843 5068 3253 5126 Contestatione
3298 5076 3646 5138 desumptum
3676 5080 3792 5134 est;

2209 5137 2263 5192 in
2290 5153 2395 5206 qua
2437 5148 2704 5195 tormenta
2737 5141 3148 5207 passionemque
3175 5137 3504 5193 sanctissimi
3527 5141 3705 5193 levita:
3732 5155 3798 5194 es

2212 5208 2454 5283 gregarii
2506 5217 2563 5263 et
2609 5207 2844 5264 Hilduini
2891 5211 3248 5283 auctoritate,
3300 5221 3462 5279 atque
3508 5218 3797 5283 ex_niente

2209 5274 2483 5350 Ecclesiae,
2520 5288 2698 5348 potius
2726 5295 2889 5347 quam
2919 5280 3087 5349 ipsius
3115 5281 3340 5349 patriam
3368 5274 3612 5334 enarrari
3639 5295 3794 5350 opor-

2212 5348 2336 5401 tuit.

2282 5438 2359 5510 (α)
2390 5437 2891 5510 Revercndissimus
2936 5436 2997 5510 P_.
3028 5438 3088 5492 S.
3118 5436 3179 5510 Ρ,
3207 5437 3272 5491 Α.
3308 5437 3586 5510 magister
3610 5437 3792 5510 Orsius

2210 5507 2264 5563 in
2292 5506 2538 5579 epistola
2592 5524 2693 5563 ms.
2742 5509 2808 5562 ad
2849 5509 2917 5564 cl.
2945 5506 3255 5579 pioseph'um
3307 5506 3674 5563 Blaucbinum
3703 5507 3792 5579 Ade

2210 5577 2435 5634 auctore
2478 5578 2895 5634 Sacramentarii
2945 5577 3305 5641 Veronensis,
3358 5592 3511 5647 cuius
3550 5577 3791 5634 meminit

2214 5648 2463 5715 Acamas,
2496 5656 2634 5718 par-t.
2666 5664 2726 5713 ιι,
2759 5649 2788 5719 §
2824 5648 2908 5716 15,
2937 5662 3059 5719 pag.
3095 5646 3197 5700 152
3224 5663 3337 5717 seq.

2286 5736 2359 5808 (ὁ)
2392 5737 2544 5794 Tom.
2575 5737 2639 5792 ιν
2675 5736 2949 5805 Anastas,
2975 5736 3304 5808 Pxolegom.,
3327 5751 3579 5811 μεγιιι.
