2023 3182
160 185 213 214 ΜΗ

592 180 816 210 BlSSEItTATlO
837 179 881 206 DE
901 177 1040 206 DAMASO
1059 177 1101 204 ΕΤ
1121 177 1328 205 [ΛυΙῑΕΝΤΙυ.

1750 184 1802 211 6w

162 243 276 270 titidem
303 241 392 268 verbis
417 245 497 274 atque
522 240 547 267 iu
570 239 707 267 Leonianu
726 235 954 267 Sacramentario.
971 236 993 264 Α
1008 233 1116 267 trabem,
1127 235 1242 270 exempli
1255 242 1346 267 causa,
1360 237 1432 262 oneri
1446 237 1552 271 ferendo
1562 245 1660 273 parem,
1673 240 1800 276 virginem

160 288 323 317 sanctissimi
341 287 467 322 martyris
480 287 578 321 patria,
594 285 719 320 cognatio
739 285 908 317 dignitasque
928 282 955 309 in

161 334 278 369 propria:
293 333 381 360 missm
393 332 590 359 contestatione
604 331 746 358 habentur.
763 328 828 356 Uter
845 328 878 355 ab
895 331 957 355 utro

161 379 254 406 Codex
268 381 405 405 mutuatus
413 377 484 403 hunc
497 379 612 404 tractum
628 375 718 407 fuerit,
735 382 785 401 nec
799 373 878 408 hujus
891 372 954 406 loci,

162 432 251 459 neque
267 424 344 451 facile
357 423 477 450 divinare
492 426 533 450 est
545 431 552 455 ;
568 422 716 457 pmsertim
730 428 790 448 eum
802 420 837 455 ad
845 425 954 446 manum

162 471 177 496 ii
188 469 303 496 Codices
327 476 380 495 non
396 468 464 499 sint;
480 472 508 495 et
534 467 600 494 alias
619 466 725 494 Missale
739 465 804 493 illud
825 464 957 492 Gothico-

159 514 329 541 C-illicanum
343 522 396 540 non
409 513 521 540 ntinoris
535 513 604 539 forte
618 511 784 546 antiquitatis
797 518 856 538 esse
871 517 954 544 quam

161 561 317 587 Veronense
344 559 604 591 Sacramentarium,
634 566 667 585 ex
701 557 742 585 his
766 564 827 592 qua!
860 556 953 583 cardd.

161 607 235 634 Bona
248 607 286 642 (α)
300 610 327 634 ει
339 605 498 633 Thomasius
510 605 547 640 (b)
562 604 704 640 prodidere
717 604 814 631 merito
824 602 954 636 suspicari

160 654 303 688 possimus.
494 670 496 674 ι

197 694 264 724 Illud
284 702 376 725 tamen
398 697 501 724 interea
515 695 609 730 liquet,
623 695 852 723 Contestationem
863 693 896 720 de
907 701 955 728 pa-

161 744 211 771 tria
226 748 254 771 et
267 743 426 778 cognatione
451 741 596 769 Clementis
607 740 722 768 anilibus
737 739 832 767 fabulis
847 739 953 774 plenam

160 797 235 818 esse:
248 793 342 823 utpote
355 795 416 822 qua:
426 796 458 815 ex
471 787 588 814 conficto
602 785 675 814 Petri
686 785 802 821 apostoli
813 784 954 812 Itinerario

161 834 245 870 (quod
265 834 322 861 libri
335 833 557 869 .Recegnitionum
583 831 748 866 inscribitur)
764 838 779 857 a
796 829 904 857 Gelasio
918 829 953 864 lc)

160 888 230 916 papa
249 880 285 906 *in
308 879 422 907 concilio
451 878 573 905 Romano
595 886 603 905 ι
627 877 698 905 inter
728 876 881 911 apocrypha
912 883 954 902 rc-

1007 279 1061 306 m‘ro
1075 283 1213 314 maturam,
1231 284 1260 307 et
1273 280 1370 307 similia
1385 288 1446 315 qua:
1459 288 1492 308 ex
1502 288 1631 316 germana
1652 282 1801 313 Latinitate

1006 329 1068 352 sunt
1080 333 1089 358 ;
1102 325 1145 353 vel
1157 325 1180 353 si
1191 325 1350 360 simpliciter
1356 325 1520 354 Gerundiutn
1535 328 1653 362 ponitur,
1665 336 1700 357 ex
1710 335 1802 360 vetera

1007 369 1033 397 id
1056 369 1146 404 aliqua
1166 374 1249 405 atque
1272 370 1392 398 obsoleta
1403 370 1659 406 iurisconsultorum
1683 368 1801 404 formula

1002 414 1169 444 descendere
1187 417 1334 452 putandum
1347 421 1399 445 est.

1043 461 1078 488 De
1086 466 1166 490 :ctate
1178 467 1268 490 autem
1279 463 1407 497 phraseos
1415 465 1545 491 nascendo
1552 465 1640 496 civem.
1647 474 1798 502 mgenunm,

1006 511 1052 534 aut
1065 507 1118 535 tale
1130 508 1228 542 aliquid
1240 516 1305 542 esse,
1319 509 1421 536 nullum
1436 510 1500 537 mihi
1513 510 1651 541 hactenus.
1668 520 1717 540 nec
1728 514 1798 547 apud

1006 553 1086 580 medii
1109 553 1159 580 :evi
1183 555 1330 588 scriptores
1350 556 1503 590 excit-plum
1519 558 1639 590 reperire
1661 558 1747 590 licuit,
1765 567 1799 586 ex

1005 605 1059 631 quo
1073 598 1145 625 illam
1165 598 1264 627 elicere
1285 600 1428 634 possimus.
1454 600 1494 628 CI.
1519 600 1672 635 Ducangius
1690 603 1799 630 unicum

1006 642 1136 677 proferte
1151 642 1388 678 Langobardorum
1414 645 1518 679 legibus
1547 647 1572 673 in
1589 647 1686 680 quibus
1717 649 1800 675 hahe-

1006 692 1049 715 tur
1057 688 1089 724 σι
1099 697 1105 714 :
1114 688 1148 715 Et
1158 689 1202 716 ille
1209 690 1252 725 qui
1264 690 1361 724 pulsat,
1370 695 1395 716 et
1404 691 1515 717 uadiam
1523 693 1642 726 suscepit,
1659 700 1799 720 rnoxntto-

1005 742 1054 761 ttss
1059 742 1283 762 SACRAIIENTALBS
1293 743 1335 766 QUI
1347 743 1482 763 NASCENDO
1490 744 1557 764 sum
1565 737 1654 764 debeat
1665 739 1800 765 nominare

1006 786 1114 807 tantum.
1142 780 1209 813 Quze
1235 788 1390 816 quanquam
1404 781 1496 809 Latine
1515 783 1615 816 scripta
1644 784 1796 816 viJeantur,

1008 827 1045 853 ita
1061 835 1104 854 me
1130 827 1200 855 Deus
1215 832 1297 860 amet,
1324 835 1377 854 non
1398 828 1481 863 magis
1502 835 1553 862 ego
1576 829 1696 864 intelligo
1716 838 1797 865 qugm

1007 871 1146 899 Paenulum
1174 871 1276 905 Plauti;
1297 880 1347 900 nec
1367 873 1418 899 nisi
1452 873 1485 900 ab
1499 874 1654 908 septimum,
1677 875 1799 902 fortassis

158 911 226 955 lato,
242 922 299 950 fere
323 922 355 948 ad
371 922 488 948 litteram
513 920 654 954 desumpta
665 920 715 952 sit;
741 926 856 953 eamque
871 918 953 945 etiam
972 911 993 939 Β
1006 917 1181 944 ettamnisiad
1188 922 1313 944 octavum
1321 918 1460 949 saeculum,
1474 918 1567 945 rtl'erri
1579 926 1658 953 posse
1668 919 1796 946 arbitror.

158 967 195 994 ob
205 974 313 994 causam
328 974 343 992 a
357 965 468 999 reliquis
479 965 608 998 liturgicis
621 964 694 991 libris
708 964 805 990 merito
821 963 955 997 proscrip-

158 1016 214 1038 tam
226 1011 318 1043 fuisse,
334 1010 405 1045 quod
420 1017 471 1037 nec
486 1009 647 1037 Blanchinus
662 1008 835 1036 inliciabitur.
858 1008 954 1035 Eliciat

157 1056 221 1084 hinc
235 1063 325 1091 quaeso
342 1057 424 1083 lector
437 1062 541 1090 mquus,
559 1062 620 1082 cum
640 1062 694 1082 non
707 1054 795 1081 minus
817 1052 952 1081 Laurentii

156 1102 337 1135 Cuntestatio,
348 1109 428 1136 quam
443 1101 524 1129 modo
538 1101 653 1129 adducta
668 1100 824 1133 Clementis,
837 1100 952 1135 patriam

155 1148 319 1175 sanctissimi
344 1148 431 1175 levitas
456 1147 612 1183 prteselerre
633 1147 771 1180 videatur,
796 1147 952 1182 nullumque

156 1197 289 1227 pmterea
304 1201 320 1220 e
334 1196 374 1220 tot
394 1193 522 1227 liturgicis
533 1192 674 1221 Codieibus
688 1192 714 1220 in
729 1192 857 1219 auxilium
872 1200 950 1220 summ

156 1238 291 1266 advocare
302 1243 393 1272 queat,
402 1243 502 1272 quanta
513 1237 620 1265 demum
632 1238 657 1265 ei
671 1237 736 1265 fides
746 1237 895 1265 adhibenda
903 1237 948 1265 sit.

193 1283 313 1310 Vidimus
327 1290 360 1309 ex
385 1290 439 1309 uno
465 1282 674 1317 importunitatis
689 1283 839 1316 argumenti
861 1283 950 1317 capite

155 1328 195 1361 (si
211 1328 324 1362 patriam
338 1327 476 1355 Laurentii
505 1328 530 1355 in
545 1327 605 1362 ejus
629 1327 718 1354 missa;
733 1327 947 1361 Contestatione,

153 1381 216 1408 quae
225 1373 441 1408 nobisobjicitur,
454 1374 586 1401 contineri
603 1373 765 1400 Blanchinus
771 1372 845 1407 velit)
861 1381 947 1408 quan-

153 1424 212 1446 tum
227 1427 259 1447 ea
273 1419 442 1447 Contcstatio
456 1419 492 1447 de
505 1419 640 1451 falsitatis,
657 1423 704 1446 aut
732 1419 947 1454 interpolatiunis

153 1466 222 1493 vitio
236 1470 360 1500 suspecta
377 1466 421 1492 sit.
435 1465 510 1493 Nunc
523 1466 545 1493 si
560 1465 593 1492 ad
609 1465 726 1500 pbrasim
739 1465 871 1492 nascendo
885 1466 946 1492 civis

152 1518 209 1537 esse
225 1510 343 1537 animum
359 1511 489 1545 tantisper
503 1509 643 1538 advertere
657 1509 798 1538 volumus:
810 1518 870 1538 eam
883 1518 945 1545 pro-

153 1556 225 1583 fecto
244 1563 293 1584 nec
315 1555 401 1583 Latini
425 1556 557 1584 sermonis
581 1556 671 1591 genio,
694 1563 782 1590 neque
804 1556 876 1584 :etati
898 1559 945 1583 aut

1005 964 1058 990 Sed
1072 963 1137 998 quid
1153 965 1286 998 exemplis
1310 971 1378 998 opus
1392 965 1456 991 est?
1482 964 1568 991 Verba
1587 965 1643 999 ipsa
1667 966 1797 993 nascendo

1005 1010 1067 1036 ciui:
1079 1017 1145 1042 esse,
1157 1010 1253 1044 pingue
1264 1010 1355 1036 nescio
1370 1009 1433 1043 quid
1447 1014 1527 1044 atque
1542 1015 1656 1044 agreste,
1672 1010 1728 1038 imo
1737 1011 1798 1038 bar-

1003 1054 1098 1081 barum
1109 1055 1244 1086 sonantia,
1256 1062 1289 1081 ex
1304 1054 1401 1080 intima:
1416 1053 1570 1082 Latinitatis
1581 1055 1689 1082 faecibus
1700 1056 1798 1083 hausta

1003 1107 1019 1127 e
1034 1100 1145 1134 vestigio
1155 1107 1215 1128 sese
1228 1100 1355 1135 produnt,
1369 1100 1401 1128 iis
1414 1101 1461 1135 qui
1474 1099 1541 1128 Latii
1559 1110 1612 1129 non
1629 1095 1736 1137 penitus
1748 1103 1797 1131 ho-

1001 1145 1085 1180 spites
1106 1145 1216 1173 fuerint.
1636 1170 1640 1172 ν

1036 1191 1101 1224 Qua:
1128 1199 1190 1219 cum
1214 1192 1251 1219 ita
1273 1192 1347 1224 sint,
1372 1193 1394 1221 si
1423 1194 1484 1227 quis
1506 1194 1653 1222 etiamnum
1688 1195 1798 1230 phrasin

1000 1236 1035 1264 de
1048 1244 1100 1271 qua
1116 1237 1253 1271 loquimur
1266 1245 1327 1265 cum
1342 1238 1414 1274 stylo
1428 1239 1513 1266 sancti
1527 1238 1625 1267 Leonis
1635 1247 1797 1274 congruere,

999 1286 1047 1308 aut
1060 1289 1095 1309 ex
1110 1282 1192 1317 ipsius
1207 1290 1255 1310 ore
1265 1284 1400 1317 protlnisse
1413 1285 1560 1311 contendat
1573 1294 1579 1311 :
1592 1293 1633 1312 na:
1649 1285 1722 1313 illum
1737 1286 1797 1314 elo-

998 1327 1175 1361 quentissimo
1190 1327 1310 1362 pontifici
1325 1328 1451 1362 injurinm
1466 1328 1524 1356 fore
1539 1337 1650 1357 necesse
1663 1334 1715 1358 est.
1730 1331 1797 1358 Scio

997 1371 1134 1406 equidem,
1151 1377 1180 1400 et
1193 1374 1220 1400 in
1241 1373 1300 1407 ejus
1317 1374 1388 1408 s:ylo
1406 1374 1542 1409 reperisse
1553 1375 1626 1409 quod
1649 1382 1794 1411 carperent

996 1419 1161 1446 morosiores
1175 1419 1225 1446 ωνί
1241 1419 1326 1447 nostri
1343 1421 1546 1454 grammaticos,
1562 1421 1638 1455 queis
1649 1429 1708 1456 cor,
1721 1430 1797 1449 sum-

996 1464 1088 1498 utique
1115 1464 1165 1498 ipsi
1188 1464 1332 1498 digitorum
1362 1465 1468 1492 articuli
1497 1464 1648 1493 Tullianum
1672 1467 1795 1501 sapiunt;

996 1516 1046 1536 nec
1056 1509 1231 1536 dissimulabo
1246 1509 1373 1536 nonnulla
1397 1510 1424 1536 in
1440 1510 1498 1544 ejus
1522 1508 1654 1545 Operibus
1680 1511 1796 1539 inveniri

994 1561 1054 1590 quae
1066 1562 1120 1581 non
1132 1554 1198 1582 satis
1212 1562 1327 1582 nervoso
1337 1553 1409 1582 dicta
1426 1554 1508 1582 videri
1524 1556 1645 1590 possint;
1662 1556 1794 1585 Iinnulum

152 1600 224 1634 stylo
237 1599 334 1627 Leonis
355 1600 451 1634 Magni,
467 1600 508 1628 cui
529 1604 619 1628 tamen
641 1596 805 1628 Blanchinus
833 1601 944 1628 omnino
958 1591 981 1622 ε
996 1603 1129 1634 praeterea
1144 1600 1268 1627 dictionis
1277 1606 1373 1634 genus,
1389 1599 1524 1635 nimisque
1538 1601 1661 1629 fortassis
1684 1602 1793 1630 anxiam

153 1645 312 1672 attributam
322 1646 390 1678 vult,
402 1646 536 1673 ullatenus
543 1646 690 1673 convenire
700 1645 944 1680 deprehendemus.

156 1689 273 1722 L’rimum
288 1690 360 1724 quod
373 1694 488 1725 spectat,
503 1698 592 1722 nemo,
605 1691 713 1726 opinor,
739 1690 868 1718 lectorum
895 1691 946 1718 erit

152 1736 199 1768 qm‘
209 1736 312 1763 nesciat
321 1743 414 1770 parum
424 1735 519 1763 Latine
526 1736 578 1763 dici
586 1737 717 1763 nascendo
725 1743 798 1771 quem
808 1736 945 1769 αἰπυμῆ-

153 1785 326 1814 genuum,aut
339 1780 486 1807 libertinum
501 1788 566 1808 esse.
577 1780 697 1812 Veteres,
705 1780 758 1807 imu
769 1780 863 1808 media:
876 1788 945 1815 quos

154 1830 254 1852 vocant
267 1825 420 1853 Latinitatis
433 1830 568 1860 auctores,
584 1825 704 1853 dicerent
717 1834 723 1853 ε
740 1831 845 1859 natura,
859 1834 907 1853 seu
921 1827 943 1854 si

153 1871 235 1904 paulo
242 1870 395 1905 depressius
406 1870 479 1904 loqui
490 1870 590 1898 vellent
601 1879 608 1897 :
618 1871 789 1902 naturaliter;
801 1878 856 1904 quo
863 1878 942 1898 sensu

152 1914 386 1949 Carthaginienses
395 1915 490 1942 Cicero
503 1920 597 1942 natura
607 1915 742 1942 mendaces
754 1915 793 1950 (ά)
804 1915 942 1943 victoriato

154 1964 248 1987 natura
258 1960 394 1995 superbam
409 1959 444 1995 (e)
460 1965 556 1993 vocat;
573 1959 711 1993 Horatius,
726 1967 834 1987 carmen
848 1965 943 1987 natura

153 2003 353 2039 laudabile”),
380 2003 517 2031 Romanos
539 2008 635 2031 natura
656 2004 777 2031 sublimes
796 2003 835 2038 (g)
862 2008 943 2039 atque

153 2049 199 2075 alii
213 2054 337 2076 auctores
350 2048 459 2084 passim.
474 2048 537 2076 Scio
552 2049 677 2083 equidem
699 2048 822 2076 solvendo
846 2049 942 2084 [ideju-

152 2093 243 2125 bendo,
255 2094 320 2121 satis
335 2093 422 2120 dando
438 2101 493 2120 esse
507 2092 677 2120 Lntinissime
691 2101 706 2120 a
741 2092 879 2120 veteribus
901 2094 942 2128 ju-

153 2139 321 2166 risconsultis
336 2139 389 2166 dici
405 2148 413 2172 ;
434 2140 485 2166 into
500 2139 664 2174 agnascendo
686 2140 871 2174 proximiorem
886 2140 941 2167 Im:-

149 2184 238 2212 rcdem
258 2185 325 2219 ﬁeri,
341 2189 516 2212 tutamentum
528 2185 621 2220 rumpi,
633 2185 704 2219 quod
726 2189 753 2212 et
778 2185 848 2220 apud
864 2184 941 2213 Cicc~

150 2239 244 2258 ronem
260 2231 372 2266 legimus
387 2231 443 2267 (It);
458 2236 487 2260 et
503 2231 627 2265 Virgilius
639 2231 736 2259 alicubi
757 2231 890 2259 fortunam
905 2233 941 2269 {e-

996 1646 1023 1672 in
1037 1646 1155 1680 periodis
1169 1650 1218 1674 τῶν
1230 1647 1370 1678 ἰσοκώλων,
1391 1653 1440 1673 seu
1455 1647 1666 1681 parimembrium
1680 1655 1794 1677 consec—

996 1691 1125 1717 tationem
1142 1699 1148 1723 ;
1165 1698 1257 1718 verum
1273 1695 1303 1717 ut
1316 1694 1390 1718 certa
1399 1698 1430 1718 ea
1445 1691 1509 1723 sint,
1525 1692 1598 1726 quod
1612 1700 1661 1720 nos
1676 1701 1729 1721 non
1743 1695 1793 1721 de-

996 1737 1113 1768 linimus,
1120 1736 1153 1763 ad
1164 1737 1324 1763 sententiam
1333 1737 1696 1772 orationisquestructuram,
1705 1741 1794 1774 potius

995 1789 1076 1816 quam
1088 1781 1121 1808 ad
1130 1782 1274 1809 verborum
1287 1783 1479 1817 propriezatem
1490 1788 1632 1818 spectant;
1649 1785 1676 1812 in
1691 1786 1792 1819 quibus

995 1827 1246 1863 alioquigserendis,
1261 1828 1284 1855 si
1300 1836 1381 1855 unum
1397 1832 1445 1855 aut
1458 1828 1571 1856 alterum
1586 1830 1719 1857 nzevulum
1740 1839 1791 1858 ex-

994 1874 1088 1907 cipias,
1103 1874 1211 1908 egregie
1222 1877 1330 1901 cautum
1345 1873 1544 1901 sanctissimum
1555 1878 1693 1902 doctorem
1708 1875 1792 1904 fuisse

994 1920 1106 1946 scimus.

1031 1964 1128 1991 Verum
1143 1972 1193 1999 ego
1207 1969 1296 1993 tamen
1308 1973 1358 1994 nec
1368 1966 1497 2001 phrasees
1509 1968 1640 1995 nascendo
1652 1969 1714 1996 civis
1726 1970 1788 1998 stri-

994 2010 1098 2043 dorem,
1111 2018 1198 2045 neque
1209 2013 1358 2045 argumenti
1370 2012 1602 2050 importunitatem
1617 2014 1720 2042 interea
1730 2023 1790 2044 ino-

993 2063 1078 2088 raius,
1095 2055 1206 2082 aliavia
1222 2056 1283 2083 bina
1306 2056 1350 2083 illa
1365 2057 1445 2084 verba
1470 2057 1504 2093 (si
1520 2057 1555 2086 ad
1570 2057 1667 2087 Leonis
1680 2065 1788 2088 atatem

994 2108 1025 2127 ea
1048 2108 1109 2127 cum
1138 2100 1284 2128 Blanchitto
1302 2101 1395 2129 referri
1408 2102 1545 2138 volumus)
1567 2105 1678 2138 incerta,
1699 2106 1790 2134 incon-

993 2148 1081 2180 cinna,
1094 2152 1142 2175 aut
1165 2149 1232 2175 male
1245 2157 1303 2175 cum
1325 2149 1385 2176 aliis
1410 2149 1567 2178 cohaerentia
1592 2151 1736 2179 ostendere
1761 2152 1788 2178 in

992 2195 1085 2222 animo
1096 2194 1199 2228 habeo;
1214 2195 1269 2223 imo
1284 2196 1403 2230 ipsorttm
1414 2197 1559 2224 occasione
1575 2197 1705 2230 integrant
1718 2196 1788 2224 Lau-

992 2241 1123 2268 rentiattm
1136 2242 1170 2268 de
1189 2249 1241 2276 qua
1253 2242 1357 2277 agimus
1372 2243 1460 2270 missae
1473 2243 1704 2270 Contsstationem
1716 2245 1788 2278 (qua:

149 2278 230 2304 renda
244 2277 417 2311 superandam
429 2277 460 2313 (ἱ)
472 2277 549 2305 dixit.
561 2277 670 2305 Diversa
682 2281 773 2304 tamen
783 2276 841 2305 htec
860 2283 939 2311 sunt;

997 2285 1028 2313 de
1046 2289 1146 2314 cmtero
1159 2291 1284 2314 sanctum
1303 2286 1420 2315 Leonem
1437 2288 1561 2315 fortassis
1575 2292 1715 2315 auctoretn
1737 2289 1787 2316 ha-

148 2322 174 2349 in
191 2322 233 2349 his
243 2322 316 2349 enim
331 2322 484 2356 phrasibus,
510 2330 591 2350 voces
605 2323 713 2350 idoneus
728 2322 770 2350 vel
785 2331 833 2358 par
848 2324 940 2351 subin-

148 2366 262 2394 tellectze
275 2367 396 2394 eﬂiciuut
409 2370 439 2394 ut
452 2366 547 2395 eadem
560 2367 595 2394 sit
607 2367 708 2395 locutio
723 2374 756 2395 ac
776 2367 799 2394 si
819 2367 941 2396 dicamus

182 2455 220 2489 (α)
235 2454 300 2490 Ber.
316 2455 432 2490 Liturg.,
446 2455 492 2482 lib.
511 2463 528 2488 ι,
540 2463 598 2490 cap.
618 2455 661 2487 12,
678 2463 704 2482 n.
720 2455 746 2482 6.

182 2491 220 2525 (ιι)
235 2489 313 2525 Tom.
329 2489 426 2522 Il,col.
443 2490 505 2524 διδ,
525 2489 594 2519 mss.
616 2490 657 2517 οι.
683 2490 823 2518 Muratorii
845 2491 880 2519 de
895 2491 939 2519 Li-

145 2529 220 2558 turg.
236 2524 356 2552 Romana
370 2530 471 2553 vetere.

183 2560 218 2594 (c)
230 2558 315 2587 Conc.
336 2559 415 2587 Rom.
430 2568 438 2587 ι
452 2560 501 2588 sub
514 2559 621 2588 Gelasio
635 2560 668 2588 ad
697 2567 760 2587 ann.
776 2559 839 2593 49L
851 2561 878 2589 in
891 2562 939 2590 de-

144 2599 221 2634 creto
240 2594 274 2621 dc
296 2595 456 2656 apocgphis
481 2595 631 2630 scripturis,
647 2595 704 2622 ibi:
720 2594 788 2622 Item
802 2604 812 2624 :
828 2596 938 2624 Itinera-

144 2637 211 2655 mtm
235 2637 339 2656 nomine
386 2631 434 2656 etri
453 2630 576 2656 apostoli.
589 2630 658 2656 auod
681 2630 828 2656 appellatur
852 2633 938 2656 sancti

144 2630 211 2666 ijum
235 2630 339 2666 nomine
361 2630 434 2666 Petri
453 2630 576 2666 apostoli,
589 2630 658 2665 quod
681 2630 828 2666 appellatur
852 2633 938 2659 sancti

144 2663 292 2722 "(Illinc-litis,
307 2664 366 2691 libri
379 2670 435 2692 octo
451 2663 520 2701 (aliis
534 2663 634 2700 novent,
650 2663 809 2702 aut'decem)
832 2675 937 2703 apocry-

169 2707 231 2725 "Im.

143 2708 231 2731 puum.

180 2733 220 2769 (ά)
230 2733 274 2769 Pe
288 2733 352 2769 1:93-
364 2734 460 2768 Asran

177 2767 214 2801 (ei
230 2767 282 2795 Pro
292 2768 327 2795 Μ.
343 2769 463 2797 Marce".
482 2777 519 2797 ix.

178 2804 221 2837 (f)
231 2802 262 2838 in
274 2804 338 2830 Arte
347 2809 437 2838 φηςι,
451 2813 522 2833 vers.
539 2805 600 2832 408.

176 2836 216 2871 (ς)
231 2836 311 2872 Epist.
329 2836 375 2864 lib.
391 2846 419 2869 ιι.
433 2839 460 2870 1,
475 2848 546 2869 vers.
559 2839 619 2869 165.

176 2872 216 2905 (lt)
231 2872 258 2898 In
275 2873 327 2900 ide
340 2872 417 2905 Orat,
427 2873 490 2902 2“.

179 2908 211 2937 ii)
226 2906 335 2935 Eneid.
354 2916 378 2942 ι’,
395 2908 456 2936 710,

990 2330 1036 2357 bet
1048 2329 1103 2366 [k])
1118 2330 1250 2363 vitiatam,
1259 2335 1341 2366 atque
1350 2339 1366 2359 e
1381 2332 1455 2359 libris
1465 2332 1597 2367 liturgicis
1607 2333 1786 2368 proseriptam

990 2373 1081 2403 fuisse.
1094 2374 1122 2402 Id
1138 2379 1167 2402 ut
1177 2376 1283 2411 plenius
1306 2377 1458 2405 innotescat
1471 2378 1611 2406 sciendum
1628 2382 1680 2410 est,
1704 2383 1783 2414 post-

1025 2465 1059 2502 (j)
1075 2466 1139 2495 Litt.
1153 2466 1186 2500 Ν,
1199 2466 1226 2494 in
1247 2465 1388 2494 Nascendo
1401 2476 1465 2500 use,
1481 2474 1497 2494 e
1518 2466 1583 2502 Leg.
1598 2466 1782 2503 Langobard..

989 2500 1035 2529 lib.
1052 2509 1079 2529 ιι.
1096 2502 1137 2529 tit.
1154 2502 1199 2529 2t.
1213 2502 1227 2529 8
1241 2501 1267 2529 9.

1000 2502 1035 2529 ib.
1052 2509 1079 2535 tt,
1096 2502 1137 2529 tit.
1154 2502 1199 2534 21,
1213 2502 1228 2535 §
1241 2502 1267 2529 9.

1024 2502 1200 2574 ῶῃίὲἶίβῗιέιῖ
1213 2502 1319 2564 ᾖεξὲίιεξιιι
1333 2558 1339 2569 ,
1368 2542 1413 2563 aut
1425 2536 1534 2574 gallinis?
1549 2538 1682 2574 sententia
1710 2541 1781 2574 apud

987 2576 1113 2600 sanctqu
1135 2572 1253 2600 Leonem
1278 2573 1431 2599 sermonel
1456 2573 1489 2599 de
1514 2573 1600 2599 Natali
1619 2572 1780 2607 apostolor.,

987 2606 1029 2634 his
1041 2606 1149 2634 verbis:
1170 2607 1263 2634 Verum
1279 2607 1402 2634 hodierna
1425 2608 1550 2640 festivitas
1567 2606 1651 2641 (Petri
1678 2609 1782 2637 scilicet

987 2646 1015 2668 et
1037 2641 1124 2678 Pauli)
1139 2647 1233 2676 praeter
1248 2642 1320 2668 illam
1336 2643 1503 2678 reuerentiam
1528 2651 1605 2678 quam
1621 2648 1673 2670 toto
1698 2648 1781 2671 terra—

987 2684 1044 2703 rum
1056 2676 1120 2712 orbe
1132 2678 1285 2712 promeruit,
1301 2677 1411 2707 speciali
1426 2682 1454 2704 et
1474 2676 1581 2712 propria
1595 2685 1694 2706 nostrae
1708 2681 1782 2706 urbis

986 2711 1167 2749 exsultatione
1188 2712 1339 2749 veneranda
1374 2717 1432 2744 est;
1459 2717 1486 2739 ut
1508 2713 1780 2749 ubirpraicipuorum

986 2745 1173 2783 apostolorum
1188 2747 1352 2783 glorilicatns
1365 2751 1407 2774 est
1421 2749 1518 2783 exitus,
1533 2748 1568 2775 ibi
1581 2745 1605 2775 in
1619 2745 1779 2783 dic'umm-

986 2781 1290 2820 rﬁ_eorum_sit__l:eti_ti_:r.
1305 2782 1479 2820 principatus.
1496 2782 1658 2820 Muratorius
1672 2781 1781 2820 quoque

987 2815 1110 2853 (Dissert.
1122 2816 1156 2844 de
1170 2816 1229 2844 Vet.
1244 2815 1359 2853 Litujrg.,
1373 2815 1433 2852 cap.
1450 2818 1475 2849 5,
1491 2819 1543 2845 col.
1570 2818 1614 2853 18)
1639 2815 1697 2846 eam
1712 2815 1778 2845 Εὸιι-

987 2851 1158 2887 testationetn
1172 2858 1256 2887 usque
1277 2852 1309 2878 ad
1334 2850 1414 2880 verba
1431 2853 1561 2881 nascendo
1574 2850 1646 2887 eicis,
1665 2853 1779 2881 Leonia-

986 2892 1048 2913 nam
1060 2885 1168 2921 phrasin
1182 2885 1278 2923 sapere
1291 2887 1387 2914 innuit.
