4046 6364
491 330 592 384 847

1237 308 1564 385 sensum
1605 327 1697 383 an
1733 325 2058 396 quosnam
2097 328 2621 393 rnacsnenrss
2662 334 2909 395 ranos.

3669 347 3771 402 σιδ

488 461 673 516 quam,
696 444 882 501 sedato
907 443 1344 513 persecutionum
1371 444 1604 509 turbine,
1635 443 1843 499 reddita
1870 442 1967 498 luit
1987 442 2088 500 Ec-
2118 452 2163 508 Δ
2194 449 2396 504 incerta
2426 461 2482 506 et
2523 468 2710 509 sensus
2739 455 3098 525 integritatem
3132 475 3239 515 non
3286 461 3564 529 habentia,
3617 483 3773 521 cura~

486 540 670 594 etesia:
695 553 791 607 per
813 536 1226 591 Constantinum
1254 551 1378 605 pas,
1396 551 1582 605 sparsa
1607 534 1845 590 ﬁdelium
1866 536 2081 601 animis,

487 631 688 701 diuque
709 630 926 685 occlusa
944 629 1373 698 pietatissemina
1404 629 1546 683 illico
1585 644 1891 698 erumpere,
1920 638 2083 697 atque

489 728 544 779 in
572 724 687 780 dies
735 738 980 779 crescere
1018 723 1267 793 ompisse,
1300 723 1411 777 Deo
1455 721 1661 777 scilicet
1692 721 2081 776 incrementum

489 815 676 868 dante.
707 812 847 869 l'liuc
869 828 1022 867 novae
1050 813 1249 867 sensim
1280 813 1332 866 in
1386 811 1626 867 Ecclesia
1666 824 1877 879 preces,
1930 825 2080 864 nova:

488 907 725 962 divinam
770 920 928 973 opem
974 905 1294 973 implorandi
1327 902 1593 968 formulae,
1645 917 1782 957 nova
1849 902 2081 971 denique

487 996 793 1049 orationum
826 994 1191 1062 liturgicaruni
1222 1008 1375 1062 seges
1404 1004 1593 1049 exorta
1625 1004 1728 1058 est,
1771 994 1879 1060 cui,
1909 1003 1970 1049 ut
1998 993 2078 1058 lit,

492 1085 741 1139 nonnihil
784 1086 945 1138 etiam
988 1084 1218 1139 inlelicis
1262 1084 1371 1139 lolii
1421 1088 1712 1142 succrevit.
1760 1088 2081 1155 Quanquam

487 1175 629 1227 eiiim
654 1190 731 1228 ea:
761 1190 951 1242 preces
981 1189 1012 1228 a
1037 1174 1162 1228 viris
1192 1175 1370 1230 doctis
1408 1176 1460 1230 in
1489 1192 1610 1230 eam
1660 1192 1774 1230 rem
1832 1177 2082 1231 adhibitis

486 1264 923 1333 frequentissime
947 1266 1363 1319 ordinarentur:
1397 1267 1670 1321 nonnulla:
1703 1275 1880 1321 tamen
1910 1268 2081 1337 pieta-

485 1356 553 1409 tis
583 1356 760 1423 potius
782 1370 944 1423 quam
972 1356 1236 1410 doctrina:
1250 1357 1523 1412 studiosos
1537 1367 1787 1417 auctores
1806 1359 2075 1423 habuere;

483 1437 647 1513 atque
672 1447 796 1501 hinc
817 1447 1014 1511 factum
1039 1458 1095 1501 ut
1133 1448 1361 1517 plurima
1391 1457 1637 1518 autsupei
1655 1448 1781 1513 llua,
1799 1459 1890 1503 aut
1915 1451 2076 1504 etiam

485 1545 708 1599 Incerta,
742 1553 1039 1608 parumque
1062 1554 1182 1591 cum
1212 1538 1333 1593 aliis
1359 1539 1693 1594 cohaerentia
1737 1556 1858 1593 cum
1878 1548 2077 1595 auclo-

484 1643 627 1691 rum,
652 1635 760 1680 tum
791 1628 953 1682 etiam
986 1628 1413 1697 antiquariorum
1439 1629 1572 1683 vitio
1594 1628 1646 1682 in
1670 1628 1897 1684 Codices
1918 1630 2075 1684 litur-

482 1716 631 1785 gicos
660 1718 981 1788 irreperent.

2184 541 2251 593 uit
2277 538 2551 613 Gregorius
2575 546 2904 601 rationabilia
2932 566 3137 619 qtta‘que
3159 553 3472 615 coadunure,
3498 565 3572 619 et,
3596 560 3747 625 seclu

2184 630 2258 684 sis
2310 631 2377 686 iis
2421 649 2541 702 qua:
2588 637 2672 689 vel
2731 637 2894 691 nimia
2943 642 3026 694 vel
3057 642 3397 715 ‘inconcinna
3426 648 3775 719 videbantur,

2182 727 2466 791 composuit
2494 728 2680 781 librum
2701 731 2785 799 qui
2807 732 2996 786 dicitur
3018 736 3501 800 Sacranteutorum.
3541 743 3678 796 sicut
3715 761 3779 798 ex

2183 818 2330 871 titulo
2356 819 2469 887 ejus
2500 823 2918 892 manifestissime
2956 828 3273 884 declaratur.

2252 908 2386 962 Cum
2418 911 2598 981 itaque
2624 915 2842 969 omnino
2865 927 3017 971 extra
3038 920 3256 975 dubium
3287 925 3373 984 sit.
3396 922 3676 980 Gelasium
3706 938 3765 984 et

2182 997 2498 1067 Gregorium
2528 1018 2623 1057 eos
2652 1009 2883 1063 maxime
2925 1010 3200 1078 liturgicos
3225 1013 3451 1069 Codices
3480 1017 3768 1074 ordinasse

2182 1097 2344 1159 atque
2375 1091 2426 1145 in
2458 1093 2736 1148 meliorem
2769 1095 2993 1152 lormani
3025 1101 3323 1169 reduxisse,
3346 1105 3544 1172 quibus
3578 1105 3771 1162 Eccle-

2180 1179 2259 1234 sia
2285 1179 2526 1236 Romana
2550 1184 2833 1253 utebatur;
2891 1204 2991 1244 nec
3037 1193 3279 1260 potuisse
3332 1196 3468 1251 alios
3521 1198 3627 1252 nisi
3678 1202 3770 1268 qui

2181 1270 2420 1338 priorum
2472 1275 2781 1342 pontilicum
2814 1281 3147 1348 temporibus
3173 1276 3459 1354 conscripti
3514 1286 3770 1357 fuissent,

2180 1361 2328 1429 quod
2361 1372 2651 1433 utrumque
2682 1367 2979 1424 νει-θηρηδί
3003 1371 3439 1430 Sacramentario
3484 1392 3553 1431 ex
3604 1377 3770 1433 Blan-

2180 1452 2323 1506 cliini
2358 1455 2445 1522 (ii,
2477 1454 2752 1512 Muratorii
2792 1459 2877 1530 (j),
2910 1469 2966 1514 et
2992 1462 3221 1517 aliorum
3255 1465 3327 1535 (Ιί)
3358 1469 3630 1522 sententia
3674 1470 3779 1525 mi-

2178 1542 2327 1597 rilice
2349 1546 2617 1611 congruit.
2646 1548 2910 1603 l’rzmerca
2968 1568 3110 1619 cum,
3168 1554 3306 1609 sicut
3357 1571 3423 1611 ex
3473 1556 3772 1613 Walafrido

2178 1630 2482 1697 didicimus,
2532 1639 2753 1703 incerta,
2807 1643 3138 1706 inconcinna,
3189 1645 3421 1712 maleque
3475 1663 3589 1700 cum
3653 1651 3770 1703 aliis

2179 1724 2495 1780 coluerentia
2525 1728 2772 1785 Gelasius
2808 1740 2863 1784 et
2914 1730 3207 1801 Gregorius
3258 1752 3327 1791 ex
3375 1739 3774 1807 antiquioribus

558 1829 692 1885 Huic
744 1831 908 1895 "mlo,
943 1832 1088 1900 quod
1119 1840 1362 1901 tempore
1387 1833 1718 1902 procedente
1747 1835 1855 1889 aue
1905 1835 1956 1889 in
2013 1835 2077 1888 ιε,
2111 1807 2154 1866 Β
2184 1816 2441 1873 Romanae
2486 1818 2738 1875 Ecclesia:
2776 1823 3217 1901 Sacramentariis
3251 1830 3637 1895 sustulissent;
3676 1848 3773 1887 ne-

485 1921 674 1989 turgiae
725 1921 981 1974 interiora
1033 1925 1409 1989 descenderat,
1460 1924 1570 1993 jam
1626 1925 1752 1980 inde
1810 1941 1839 1979 a
1886 1927 2083 1981 szcculo

489 2018 709 2078 quarto.
743 2022 832 2063 aut
878 2011 1097 2065 ineunte
1123 2014 1313 2079 quinto
1368 2028 1464 2082 per
1517 2018 1909 2072 ecclesiasticas
1936 2019 2082 2085 leges

492 2100 701 2154 mederi
729 2110 963 2170 emptum
987 2101 1102 2154 fuit.
1134 2100 1321 2172 Itaque
1358 2106 1571 2160 concilii
1630 2108 1919 2163 blilevitani
1977 2110 2080 2164 Pa-

489 2200 598 2247 tres
629 2210 640 2244 :
673 2208 736 2243 ne
764 2194 898 2263 forte
945 2194 1067 2263 quid
1113 2203 1294 2248 contra
1345 2196 1501 2266 fidem
1554 2217 1646 2269 per
1699 2202 2076 2271 ignorantiam,

487 2290 577 2333 aut
606 2282 771 2334 minus
800 2282 1023 2335 studium
1047 2296 1452 2353 componeretur,
1502 2298 1559 2341 ut
1606 2289 1706 2357 ipsi
1762 2292 2073 2360 loquuntur,

494 2371 665 2438 legem
693 2370 907 2424 edixere
935 2389 945 2424 :
980 2388 1043 2424 ne
1069 2376 1265 2427 scilicet
1309 2392 1501 2445 preces,
1553 2388 1641 2430 aut
1672 2382 1934 2434 orationes
1976 2384 2079 2435 ali-

488 2479 621 2534 quae,
650 2464 754 2515 sire
781 2462 1145 2535 Prtefationes,
1179 2454 1283 2519 sive
1310 2469 1798 2538 commendationes,
1827 2475 1930 2527 sive
1956 2490 2080 2527 nta-

489 2573 647 2610 nuum
674 2559 1026 2627 impositiones
1055 2563 1107 2615 in
1156 2563 1369 2616 ecclesia
1399 2564 1710 2632 dicerentur,
1742 2567 1845 2620 nisi
1893 2584 2007 2637 qua:
2045 2586 2078 2623 a

495 2649 914 2716 prudentioribus
945 2660 1198 2718 tractatae,
1254 2654 1330 2706 vel
1381 2655 1432 2706 in
1488 2656 1685 2724 synodo
1733 2657 2078 2726 comprobata:

490 2739 680 2808 fuerint
708 2742 783 2808 (α)
810 2781 824 2805 ,
854 2741 996 2808 qund
1018 2751 1072 2796 et
1102 2743 1274 2812 ipsum
1308 2745 1358 2797 in
1390 2745 1575 2800 codice
1601 2762 1867 2801 canonum
1902 2748 2079 2805 Eccle-

490 2826 583 2881 éite
615 2828 882 2885 Africana:
914 2832 1011 2901 (bi.
1042 2844 1204 2903 atque
1235 2838 1286 2891 in
1318 2838 1497 2908 aliquo
1525 2856 1590 2895 ex
1639 2841 2080 2915 Cartliaginensi-

488 2919 587 2973 bus
612 2923 870 2985 conciliis,
908 2931 1043 2978 teste
1090 2926 1384 2983 Walal‘rido
1436 2932 1702 2988 Strabone
1734 2934 1828 3006 (c),
1861 2946 2076 2992 cautum

488 3011 693 3079 pridem
760 3014 948 3069 lueiat.
1006 3014 1276 3072 Gelasium
1322 3037 1535 3090 quoque
1610 3039 1803 3093 papam
1880 3028 2077 3084 saeculo

484 3102 675 3168 quinto
707 3115 939 3159 exeunte
964 3108 1014 3161 in
1040 3108 1179 3161 idem
1212 3112 1446 3164 stulium
1497 3113 1821 3179 incubuisse,
1881 3116 2073 3171 Sacra-

488 3193 810 3247 mentarium
844 3194 962 3264 rjus
992 3198 1209 3253 nomine
1232 3200 1544 3272 inscriptum
1579 3214 1836 3272 testatur;
1858 3208 1907 3261 id
1932 3210 2076 3279 quod

490 3280 629 3333 idem
657 3280 852 3336 Strabo
881 3296 1041 3355 atque
1078 3289 1391 3345 Anastasius
1423 3293 1778 3361 conﬁrmant;
1811 3298 1900 3351 ille
1930 3301 2075 3354 enim

481 3366 755 3424 Gelasium
788 3382 897 3425 tam
920 3392 951 3427 a
989 3392 1043 3428 se
1070 3395 1222 3448 quam
1251 3379 1315 3432 ab
1365 3382 1484 3435 aliis
1540 3388 1847 3455 compositas
1903 3406 2078 3453 preces

487 3462 758 3516 ordinasse
816 3465 913 3535 (d),
968 3466 1055 3523 hic
1127 3485 1255 3525 vero
1295 3474 1573 3543 scriptor:
1620 3476 2077 3536 Sacramentorum

482 3555 815 3623 praefationes
845 3567 994 3612 cauto
1018 3576 1253 3615 sermone
1282 3563 1351 3635 [ε]
1383 3565 1476 3635 (id
1517 3578 1599 3621 est
1622 3584 1743 3622 cum
1775 3570 1985 3626 delectu
2024 3582 2078 3628 et

483 3641 671 3696 critice
699 3643 957 3701 adversus
993 3650 1419 3707 obtrectatorum
1453 3654 1607 3720 ictus.
1637 3673 1744 3728 quo
1774 3675 1933 3716 sensu
1956 3679 2075 3720 eam

482 3748 670 3789 vocem
699 3737 893 3793 alicubi
928 3739 995 3812 ff]
1027 3740 1283 3799 Horatius
1328 3751 1609 3818 usurpavit
1641 3754 1660 3822 )
1709 3758 2078 3826 composuisse

480 3828 747 3897 perbibet.

554 3919 631 3973 De
657 3930 847 3977 sancto
875 3922 1136 3993 Gregorio
1172 3927 1387 3999 Magno,
1418 3934 1511 4002 qui
1545 3951 1651 3991 non
1680 3952 1857 3994 minus
1883 3942 2075 4000 sedulo

482 4022 644 4076 quam
658 4010 901 4067 Gelasius
922 4024 1014 4068 aut
1038 4018 1244 4085 priores
1267 4021 1339 4075 illi
1358 4022 1543 4080 Patres
1565 4027 1614 4080 in
1632 4031 1873 4084 eamdem
1891 4049 2073 4089 curam

482 4098 742 4165 incubuit,
777 4103 1099 4172 locupletem
1124 4110 1382 4166 habemus
1432 4122 1622 4171 testem
1666 4119 1925 4176 Joannem
1954 4123 2076 4179 Dia-

482 4204 678 4244 conum
711 4192 764 4246 in
795 4192 961 4262 ipsius
1011 4196 1130 4251 Vita
1165 4216 1177 4251 :
1208 4200 1316 4255 Sed
1358 4212 1407 4257 et
1466 4204 1800 4264 Gelasianum
1855 4219 1870 4281 (
1905 4214 2076 4285 inquit

487 4284 566 4359 [g]
596 4288 613 4354 )
643 4285 885 4344 Codicem
923 4291 989 4345 de
1030 4296 1303 4350 missarum
1347 4300 1628 4368 solemniis,
1670 4308 1833 4360 multa
1863 4284 2073 4364 subtra-

491 4376 638 4441 hens,
667 4395 832 4447 pauca
858 4393 1173 4450 convertens,
1221 4391 1472 4445 nonnulla
1502 4395 1754 4464 adjiciens
1784 4416 1879 4468 pro
1908 4417 2071 4470 expo-

480 4467 662 4520 nendis
688 4484 731 4520 ei
744 4472 993 4540 angelicis
1022 4474 1342 4543 lectionibus,
1372 4482 1426 4533 in
1449 4486 1599 4537 unius
1646 4485 1767 4540 libri
1811 4491 2066 4547 columine

480 4561 761 4613 coarctanit
793 4576 812 4614 :
838 4563 963 4629 quid
992 4573 1171 4619 autem
1202 4584 1267 4622 ex
1291 4570 1551 4641 liturgicis
1599 4577 1749 4633 libris
1777 4580 2066 4650 Gregorius

477 4651 827 4717 subtraxerit,
860 4653 1059 4709 indicat
1097 4656 1423 4716 Walal’ridus
1454 4665 1573 4719 loco
1600 4662 1791 4735 citato,
1826 4671 2073 4741 inquiens

479 4739 558 4808 (Ii)
591 4758 604 4792 :
641 4738 708 4793 Et
736 4742 858 4813 quia
883 4754 989 4798 tam
1016 4748 1224 4803 incertis
1262 4756 1553 4808 auctoribus
1578 4760 1741 4814 multa
1768 4738 2072 4821 uidebantur

554 4893 647 4980 (pa).
669 4891 810 4980 pan:
833 4895 1080 4980 latent.
1123 4899 1190 4954 ΙΙΙ
1233 4902 1370 4957 Coll.
1401 4905 1677 4962 concilior.
1712 4910 1904 4980 Labb.,
1930 4913 2070 4971 Edit.

479 4959 706 5041 Veneta;
729 4965 1003 5041 θοι..ξόβᾶΔ
1027 4970 1290 5024 Incertum
1326 4982 1501 5028 tamen
1521 4959 1693 5032 Seston
1712 4959 2072 5041 is'éiii'ofiii

485 5045 531 5120 ξι
555 5048 621 5084 an
645 5034 721 5113 ad.
748 5049 812 5120 ιι.
831 5035 1194 5118 Milevitanum
1230 5044 1532 5120 concilium
1586 5034 1774 5105 referri
1804 5034 2068 5120 'Eiéiiéai';

484 5101 606 5180 bina
638 5102 779 5181 enim
799 5104 911 5181 haec
939 5107 989 5159 in
1019 5125 1203 5175 unum,
1222 5101 2071 5181 librariorum,aut—collaticium

485 5170 709 5251 incuria,
739 5173 1024 5251 conjuncta
1052 5170 1357 5251 suntlYide
1380 5181 1547 5239 Labb.
1578 5170 1706 5243 ibid.

484 5238 662 5316 Milev.
689 5258 726 5316 μ.
754 5238 993 5316 ejusdem
1026 5256 1153 5302 tom.
1180 5248 1267 5316 ΙΙΙ,
1297 5253 1402 5307 col.
1430 5238 1518 5309 85.

482 5308 825 5435 “mugiuit
856 5311 1049 5383 Labb.,
1102 5308 1332 5374 iom.'m
1377 5308 1514 5378 Coll.
1546 5318 1743 5395 conc,
1764 5333 1871 5386 col.
1904 5335 2065 5405 4356,

524 5450 624 5519 1(a)
660 5452 775 5505 Lib.
801 5450 1025 5532 ἀεῖ-ἢεί).
1056 5457 1451 5532 ecclesiasticis,
1494 5480 1614 5532 cap.
1650 5467 1719 5521 Ἡ
1771 5470 1912 5527 Edit.
1958 5475 2068 5529 Ro-

484 5535 656 5610 manae
685 5522 864 5610 uniuni
879 5522 1002 5610 55)},
1022 5541 1156 5610 pag.
1184 5528 1310 5610 346,
1339 5522 1448 5585 col.
1462 5522 2066 5610 gﬂ'ldeoque‘credimus

474 5593 503 5660 ,(
528 5590 635 5657 ait)
660 5593 890 5645 conciliis
912 5590 1305 5680 Carthaginensi
1352 5613 1418 5680 et_
1450 5590 1774 5664 Milevitana—

482 5669 538 5747 ut
563 5673 806 5747 preces-et
829 5665 1157 5720 arationes...
1182 5670 1284 5721 nisi
1304 5673 1534 5739 probata:
1556 5680 1749 5747 fuerint
1776 5683 1831 5735 in
1852 5665 1860 5667 ⁷

482 5730 554 5782 lio
582 5747 681 5785 non
713 5732 1019 5787 dicerentur.

558 5801 634 5866 (ά)
679 5800 820 5856 Loco
851 5806 1095 5872 proxime
1122 5800 1371 5875 allegato.

2186 1924 2292 1976 que
2318 1912 2545 1979 amplius
2571 1913 2682 1979 jam
2718 1914 2769 1966 in
2818 1913 3105 1970 Gelasiano
3161 1917 3445 1974 cardinalis
3468 1920 3769 1988 Tliomasii,

2186 2002 2352 2055 autin
2386 2004 2580 2073 triplici
2607 2003 2938 2073 Gregoriano
2987 2006 3232 2076 Parnelii,
3268 2009 3513 2077 Boot-liae,
3547 2023 3603 2067 et
3657 2014 3773 2069 Me-

2185 2095 2335 2148 nardi
2380 2095 2581 2150 Codice
2633 2099 2795 2152 verba
2845 2100 2933 2152 illa
2980 2104 3241 2156 nascendo
3302 2104 3444 2163 civis.
3503 2108 3616 2159 imo
3674 2124 3773 2163 nec

2185 2183 2553 2240 Laurentiaiite
2582 2189 2773 2251 missm,
2808 2189 2873 2243 de
2895 2205 2999 2259 qua
3029 2192 3257 2259 agimus,
3309 2193 3654 2251 Conteslatio
3684 2214 3776 2254 re-

2184 2275 2460 2342 periantur
2491 2295 2502 2329 :
2536 2292 2876 2347 consequens
2904 2274 3152 2335 ‘omnino
3207 2280 3319 2337 ﬁeri
3348 2285 3584 2352 videtur,
3638 2302 3776 2341 non-

2185 2368 2313 2422 nihil
2346 2369 2396 2422 in
2421 2384 2483 2424 ea
2510 2368 2920 2426 Contestatione
2953 2374 2971 2442 (
3000 2373 3084 2426 vel
3138 2376 3182 2427 si
3238 2376 3405 2441 ipsam
3458 2377 3529 2430 ad
3578 2376 3776 2434 Leonis

2184 2466 2427 2525 tempora
2456 2476 2579 2515 cum
2630 2460 2928 2516 Blancliino
2972 2460 3314 2537 referamus)
3366 2467 3648 2535 incertum,
3694 2470 3777 2522 ia-

2181 2550 2507 2612 concinnum,
2541 2564 2629 2605 aut
2660 2554 2795 2609 male
2846 2571 2966 2612 cum
3018 2560 3136 2613 aliis
3189 2574 3307 2625 qua:
3361 2559 3620 2613 historica
3678 2560 3777 2615 ﬁdo

2182 2639 2425 2695 nituntur
2463 2642 2726 2697 conterens
2752 2660 2781 2698 a
2824 2645 3041 2703 Gelasio
3064 2658 3120 2704 et
3165 2649 3425 2715 Gregorio
3474 2650 3779 2719 deprehen-

2181 2742 2297 2783 sum
2316 2728 2498 2793 fuisse,
2515 2734 2585 2785 ob
2604 2735 2749 2802 quod
2775 2736 2919 2791 illam
2949 2754 2981 2792 e
3009 2738 3272 2807 liturgicis
3302 2739 3449 2794 libris
3472 2741 3777 2806 proscribe—

2180 2827 2322 2874 rent.
2355 2820 2491 2885 Quid
2518 2834 2697 2879 autem
2730 2826 2802 2892 id,
2847 2831 3181 2896 qu.rso,.nisi
3212 2831 3373 2884 verba
3420 2831 3512 2885 illa
3553 2848 3776 2886 naserno

2181 2909 2249 2964 do
2291 2911 2447 2974 civis;
2500 2927 2624 2967 cum
2674 2917 2815 2983 quod
2880 2920 3148 2989 reliquum
3216 2920 3647 2977 Contestationis
3697 2932 3778 2978 est

2180 3000 2313 3054 nihil
2368 2994 2722 3070 incongruum
2789 3009 3084 3074 contineat.
3155 3010 3443 3081 Magnique
3514 3026 3778 3084 prmteres

2183 3089 2381 3149 Leonis
2406 3095 2603 3165 Stylum
2642 3112 2708 3152 ac
2732 3099 3037 3155 doctrinam
3059 3104 3250 3172 sapiat,
3282 3113 3341 3159 ut
3361 3105 3576 3175 pridem
3624 3107 3774 3163 dice-

2105 3177 2151 3239 C
2181 3186 2409 3244 bamus?

2252 3280 2367 3335 Jam
2396 3298 2526 3339 vero
2570 3284 2615 3339 si
2664 3296 2877 3342 nostras
2916 3287 3015 3344 has
3059 3303 3229 3358 nugas
3275 3288 3606 3346 Blanchinus
3659 3307 3776 3349 esse

2181 3369 2378 3440 aliquid
2408 3374 2699 3441 putaverit,
2724 3389 2792 3431 eo
2848 3376 3063 3431 demum
3120 3380 3235 3434 htec
3282 3381 3462 3434 omnia
3523 3392 3775 3450 spectare

2180 3460 2529 3526 existimabit,
2562 3472 2620 3517 ut
2648 3467 2824 3521 verbis
2857 3467 2959 3522 illis
2995 3470 3253 3525 nascendo
3300 3473 3441 3534 civis,
3493 3489 3594 3528 seu
3643 3490 3774 3545 spu-

2180 3549 2273 3603 riis
2311 3565 2373 3604 ac
2402 3553 2572 3606 textui
2627 3555 2979 3624 subinductis,
3011 3558 3208 3615 nullam
3250 3575 3470 3629 prorsus
3524 3564 3636 3617 vim
3681 3574 3771 3618 aut

2142 3652 2145 3653 '
2181 3637 2337 3693 ﬁdem
2362 3641 2537 3697 inesse
2564 3658 2884 3711 asseramus,
2919 3649 3164 3717 hancque
3184 3652 3553 3719 responsionis
3574 3661 3772 3707 nostra

2179 3744 2443 3783 summam
2472 3731 2618 3797 lore;
2652 3735 2782 3803 imo,
2810 3752 2913 3805 qua
2940 3749 3024 3792 est
3063 3740 3397 3807 providentia
3453 3757 3520 3796 ac
3567 3743 3775 3811 sagaci-

2181 3828 2232 3871 ta
2259 3835 2289 3872 c
2316 3820 2419 3886 vir,
2452 3836 2519 3875 ex
2552 3822 2662 3891 ipsa
2685 3825 2849 3878 etiam
2874 3828 3227 3896 responsione
3273 3831 3652 3898 urgentissime
3680 3833 3775 3884 ad-

2178 3930 2368 3968 versus
2391 3932 2488 3969 nos
2510 3917 2815 3972 eliciturum
2852 3937 2864 3973 :
2898 3938 3011 3974 eum
3066 3922 3274 3988 saltem,
3305 3926 3391 3994 qui
3449 3924 3604 3978 verba
3651 3941 3772 3980 ius.

2177 4017 2348 4055 canon
2376 4019 2511 4057 cms
2539 4002 2716 4060 Codici
2745 4008 3006 4078 adjunxit,
3042 4010 3305 4081 locumque
3334 4019 3397 4066 de
3437 4032 3537 4082 quo
3567 4018 3769 4085 agimus

2177 4093 2375 4146 vitiavit
2403 4102 2494 4145 aut
2520 4095 2870 4165 interpolavit,
2892 4104 3007 4169 jam
3036 4099 3100 4153 de
3121 4099 3394 4156 Laurentii
3418 4108 3593 4174 patria
3618 4105 3773 4159 dubi-

2180 4193 2348 4249 tasse;
2403 4188 2656 4255 quodque
2711 4188 2834 4243 huic
2880 4192 3186 4260 proximum
3235 4203 3363 4260 est;
3404 4196 3522 4265 jum
3574 4197 3703 4251 inde
3737 4213 3768 4249 α

2175 4275 2369 4329 swculo
2400 4290 2601 4345 octavo,
2632 4288 2723 4332 aut
2758 4281 2966 4335 ineunte
3016 4300 3172 4348 uano,
3194 4302 3293 4354 quo
3333 4285 3627 4343 Veronense
3660 4291 3768 4345 Sa-

2176 4369 2574 4422 cramentarium
2603 4381 2873 4426 exaratum
2921 4375 3127 4441 dicitur,
3172 4378 3236 4431 de
3278 4377 3547 4435 Laurentii
3596 4386 3771 4453 patria

2177 4458 2232 4511 in
2260 4468 2528 4526 utramque
2553 4472 2751 4531 partem
2779 4465 3099 4531 disputatum
3128 4471 3309 4540 fuisse.

2242 4548 2457 4607 Satisne
2512 4564 2691 4609 autem
2738 4558 2845 4612 sint
2885 4575 3004 4629 quas
3050 4563 3391 4631 adduximus,
3445 4575 3506 4621 ut
3575 4584 3764 4624 eorum

2178 4643 2462 4698 verborum
2519 4646 2650 4702 lides
2673 4649 2723 4702 in
2754 4652 3087 4707 universum
3118 4657 3448 4725 traducatur,
3500 4660 3765 4717 lectorum

2177 4734 2282 4788 erit
2309 4736 2587 4791 arbitrium
2618 4749 2782 4811 atque
2810 4744 3179 4813 existimatio;
3235 4752 3393 4806 nobis
3440 4752 3602 4821 longe
3656 4756 3760 4808 alia

2176 4837 2328 4879 mens
2357 4835 2458 4889 est,
2487 4842 2650 4896 quam
2675 4831 2856 4888 uthac
2883 4835 2969 4888 via
2998 4834 3278 4894 Blancbini
3328 4842 3617 4898 conatibus
3667 4859 3763 4899 oc-

2246 4977 2318 5047 (e)
2356 4976 2413 5033 ln
2428 4976 2548 5035 Vita
2573 4979 2792 5040 Gelasii.

2246 5068 2314 5139 (f)
2343 5068 2486 5139 Art.,
2517 5088 2658 5127 vers.
2691 5074 2827 5131 268:

2821 5146 2975 5198 Tutus
2996 5160 3050 5201 et
3074 5151 3195 5201 intra

2418 5203 2567 5265 Spem
2593 5210 2748 5257 venia:
2772 5218 2961 5260 cautus.

2200 5356 2207 5363 _
2246 5285 2321 5406 (ἵ)
2354 5285 2552 5368 quita
2581 5290 2741 5361 Greg.
2772 5294 2970 5379 Magni,
3002 5298 3176 5383 lib-ii,
3208 5318 3327 5374 cap.
3364 5305 3451 5360 l7.

2241 5359 2318 5406 lii
2362 5356 2476 5406 Lih.
2505 5361 2571 5406 ile
2596 5361 2729 5406 Roh-
2762 5370 3137 5406 ρίδρΙρειειεΙιιηο
3193 5388 3293 5406 Mn
3345 5375 3416 5406 oo

2241 5356 2342 5477 fit)2
2362 5356 2476 5411 Lib.
2505 5361 2571 5415 de
2596 5356 2731 5418 Beli.
2762 5356 3175 5437 ecclesiasticis;
3193 5356 3323 5443 cap.
3477 5391 3602 5447 pag.
3626 5380 3752 5447 346,

2170 5437 2406 5589 cogizzl'n‘
2430 5498 2785 5589 prmJlixqeid.
2817 5508 2991 5589 titulo,
3025 5519 3154 5566 tom.
3209 5512 3275 5567 ιν
3315 5518 3528 5589 Anas_t.,
3560 5536 3613 5589 p.
3668 5522 3750 5576 12.

2241 5567 2324 5659 βλ
2344 5567 2582 5659 insignite
2624 5570 2825 5644 Liturg.
2862 5567 3019 5634 lloni.
3055 5591 3238 5639 vetere
3288 5567 3751 5659 totii:_l',v,c'a‘p.-§,

2167 5639 2270 5687 col.
2316 5635 2375 5687 l8
2403 5646 2455 5690 et
2482 5638 2569 5691 ‘23.

2238 5704 2772 5802 filt')nl‘3i‘aseb.uAmort
2795 5719 2932 5802 apud
2962 5719 3218 5802 .fc-apium
3246 5722 3315 5802 Ρ.Δ
3337 5743 3402 5802 _u,
3435 5727 3463 5799 §
3504 5728 3593 5795 14,
3627 5746 3748 5802 pag.

2168 5773 2293 5841 H9,
2324 5784 2377 5829 et
2402 5777 2631 5833 Acanins
2655 5784 2767 5853 ipse
2800 5773 2857 5841 β.
2894 5805 2931 5859 i,
2967 5791 2992 5861 §
3020 5773 3120 5859 l3,
