4046 6364
215 371 323 437 tm
380 358 383 363 ’

1099 355 1557 417 DISSERTATIU
1597 352 1683 409 DE
1727 350 1864 407 DA.“
1887 347 2004 405 \SO
2046 349 2130 405 ET
2173 340 2581 423 LtUllENTlf).

3390 318 3494 394 usa

214 485 649 546 cnrrarnus.8td
678 481 814 550 lingu
847 491 1007 532 unam
1061 473 1311 545 Hispanis
1361 473 1414 526 in
1468 486 1533 525 ea
1583 482 1804 538 respon-
1832 470 1880 530 Α
1907 462 2103 519 Christi
2126 459 2461 516 millesimum
2512 472 2735 526 usquin:
2761 457 2811 508 in
2846 472 2940 510 usu
2998 455 3099 510 fn's
3129 468 3179 523 e,
3222 454 3365 523 quid
3416 456 3498 509 vel

224 586 386 640 sione
418 594 571 650 spem
598 577 914 634 collocatam
941 586 1082 627 esse.
1112 568 1224 624 Nec
1252 577 1381 622 tunc
1423 562 1610 619 delore
1637 560 1817 615 credi-

229 692 355 730 mus
381 674 526 744 quod
558 668 746 740 reponi
777 672 962 738 posset
988 680 1002 717 :
1031 662 1075 718 si
1102 662 1249 717 enim
1278 659 1406 713 data
1438 670 1603 724 opera
1628 650 1818 744 Codex

227 770 323 823 ille
349 742 419 821 ab
473 762 789 831 Antiquario
835 765 1123 826 corruptus
1172 752 1361 809 fuisset
1391 767 1405 803 :
1437 748 1623 817 utique
1673 745 1719 801 is
1754 742 1823 797 de

229 856 509 912 Laurentii
542 852 713 923 patria
760 850 1032 904 dubitasse
1076 842 1381 900 credendus
1430 846 1617 903 esset;
1647 848 1825 904 eoque

229 947 461 1004 consilio
512 943 675 1000 verba
716 939 978 995 mouendo
1031 937 1153 990 ciris
1200 932 1369 989 textui
1422 927 1823 987 subinduxisse,

231 1048 295 1093 ut
323 1038 471 1091 litem
496 1050 614 1103 qua:
634 1032 748 1101 jam
777 1039 884 1083 tuvn
924 1038 1044 1084 erat
1082 1025 1378 1080 dirimeret.
1408 1020 1608 1075 Verum
1638 1016 1823 1089 quidni

235 1130 443 1186 incuria
477 1130 528 1182 id
552 1127 734 1196 potius
769 1132 862 1179 aut
888 1122 1169 1178 oscitant‘a
1217 1116 1527 1187 antiquarii,
1584 1121 1646 1168 ut
1696 1113 1826 1169 olim

236 1224 292 1278 in
349 1219 610 1289 Simplicii
661 1216 934 1271 mentione
984 1210 1233 1280 contigit,
1282 1210 1479 1264 factum
1543 1206 1832 1277 putamus?

234 1314 456 1382 Quidni,
490 1311 642 1366 latini
671 1308 938 1365 sermonis
968 1305 1330 1374 ignoratione,
1356 1315 1478 1371 qua:
1531 1314 1643 1368 quo
1691 1309 1826 1353 tern-

237 1418 371 1474 pore
400 1402 635 1470 scriptus
659 1398 842 1453 Codex
864 1397 1079 1459 dicitur,
1136 1392 1358 1462 insigt-is
1405 1398 1460 1443 et
1507 1405 1676 1458 pr0pe
1719 1396 1821 1442 stn-

237 1494 418 1566 peuda
436 1492 595 1547 erat?
625 1488 806 1544 Potuit
860 1486 1113 1541 facillime
1167 1481 1486 1551 descriptor,
1529 1479 1656 1534 dum
1711 1492 1837 1532 ora-

238 1586 407 1641 tionis
429 1597 650 1638 sensum
682 1578 895 1648 assequi
957 1592 1064 1631 non
1114 1575 1281 1637 Valel,
1330 1572 1512 1641 priore
1569 1568 1838 1639 inexpleta

244 1674 467 1743 periodo
494 1672 708 1725 incaute
734 1668 788 1722 in
817 1665 977 1720 aliam
1010 1662 1260 1726 transire,
1310 1669 1476 1730 atque
1501 1674 1570 1713 ex
1634 1656 1841 1712 duabus

242 1783 431 1833 unam,
462 1763 743 1837 byhridam
781 1769 964 1815 tamen
1004 1756 1335 1813 sententiam
1361 1753 1652 1819 coniicere,
1697 1749 1841 1819 quod

1920 555 2092 625 ipsum
2121 553 2394 624 specimen
2422 550 2489 606 ch
2511 547 2750 603 tracteris
2771 545 3188 602 Sacramentarii
3241 544 3501 600 Leoniani

1921 662 1951 701 a
1972 646 2265 702 Blancltino
2292 644 2494 699 editum
2524 641 2720 696 doce‘e
2767 654 2862 695 eos
2891 637 3091 708 poterit
3116 637 3206 708 qui
3257 638 3354 692 has
3402 638 3509 692 mi-

1923 736 2100 791 nutias
2129 734 2472 803 negligendas
2497 731 2719 786 ducunt.

1995 848 2131 904 Hinc
2154 859 2333 902 autem
2367 844 2665 912 analogiam
2713 843 2853 897 inter
2904 854 3061 896 voces
3088 856 3237 895 curs
3269 849 3319 895 et
3352 857 3509 905 carri,

1927 940 1972 996 si
2001 939 2176 994 octavi
2206 936 2387 993 saeculi
2411 935 2727 1004 scripturam
2780 933 3141 997 attendamus,
3191 938 3353 1001 paulo
3401 932 3511 1000 jam

1929 1030 2297 1086 dilucidiorem
2330 1028 2443 1084 fore
2470 1028 2720 1082 arbitror.
2752 1024 3057 1080 Secundum
3115 1041 3233 1078 eam
3281 1023 3426 1079 enim
3459 1024 3512 1078 in

1930 1124 2128 1179 Codice
2158 1138 2225 1177 ex
2250 1136 2358 1190 quo
2401 1120 2730 1175 Leonianunt
2778 1117 3269 1174 Sacratae-marium
3314 1118 3517 1172 descri-

1934 1224 2081 1285 ptutn
2111 1214 2207 1269 fuit
2239 1214 2309 1268 ita
2341 1212 2560 1267 omnino
2606 1228 2697 1266 eas
2736 1227 2898 1265 voces
2945 1207 3148 1265 CUIUS
3200 1208 3397 1278 L'IUIS,
3427 1218 3533 1264 aut.

1938 1322 2043 1361 non
2069 1306 2243 1360 multo
2271 1303 2600 1359 dissimiliter
2645 1302 2806 1357 scribi
2836 1301 3093 1370 oportuit,
3117 1300 3260 1369 quod
3288 1310 3345 1354 et
3384 1300 3520 1353 mul-

1939 1396 2104 1467 tipliri
2157 1395 2404 1466 exemplo
2457 1408 2525 1448 ex
2563 1394 2679 1461 ejus
2718 1394 2903 1446 aetatis
2948 1389 3237 1446 Codicrbus
3291 1391 3522 1461 probare

1940 1503 2239 1559 possemus,
2272 1487 2373 1541 nisi
2397 1501 2485 1541 res
2512 1484 2791 1538 manifesta
2817 1492 2980 1538 esset.
3012 1481 3129 1536 iam
3178 1500 3307 1536 vero
3354 1483 3519 1537 libra

1943 1579 2055 1635 rius
2083 1578 2281 1641 Latini,
2316 1585 2374 1631 ut
2402 1575 2777 1647 supponimus,
2802 1573 3067 1629 sermonis
3115 1574 3349 1640 ignarus,
3397 1590 3520 1628 cum

1942 1669 1996 1725 itt
2052 1670 2278 1724 alteram
2332 1683 2519 1723 earum
2574 1666 2867 1729 incidisset,
2916 1673 3066 1719 ratus
3138 1674 3422 1737 utrumque
3470 1676 3526 1719 et

1944 1778 2093 1820 cvivs
2117 1771 2171 1817 et
2196 1778 2331 1819 cms
2358 1761 2557 1815 ibidem
2587 1760 2687 1829 legi
2713 1774 2893 1828 posse,
2940 1758 3132 1812 dubius
3166 1765 3349 1821 tamen
3407 1768 3526 1814 utra

246 1864 297 1915 in
330 1857 593 1927 Simplicii
624 1854 898 1909 mentione
926 1850 1187 1906 accidisse
1238 1847 1567 1903 Muratorius
1593 1844 1836 1914 suspica-
1872 1838 1912 1892 Β
1942 1857 2101 1912 lectio
2142 1855 2496 1925 pmslabitior
2526 1863 2690 1920 esset,
2722 1868 2790 1907 ex
2841 1850 3075 1922 simplici
3114 1850 3383 1920 geminam
3431 1866 3528 1903 vo-

243 1962 334 2006 tus
360 1950 479 2005 fuit.
510 1946 695 2001 Potuit
720 1944 967 2007 verbum,
1016 1955 1254 2004 comma,
1297 1938 1496 1999 colum,
1552 1942 1646 1989 aut
1692 1931 1840 1988 aliud

243 2041 547 2111 quidpiam,
572 2036 717 2108 quod
747 2038 799 2089 in
838 2032 1173 2103 antograplto
1197 2038 1360 2093 esset,
1411 2030 1685 2092 omittere,
1732 2044 1841 2095 quo

246 2131 466 2199 adjecto
504 2128 664 2197 longe
719 2126 825 2180 alia
876 2120 1289 2180 contestationis
1343 2118 1608 2174 sententia
1666 2115 1842 2170 futura

249 2237 368 2277 esse
375 2231 411 2274 ι.

326 2332 564 2389 Poturre
592 2331 718 2386 item
748 2325 873 2385 bina
899 2326 987 2382 iila
1027 2325 1189 2381 verba
1240 2326 1500 2379 nascrnJo
1548 2322 1701 2387 civis,
1752 2326 1846 2374 aut

259 2424 454 2479 saltem
483 2423 629 2492 prius
649 2419 780 2475 illud
833 2420 1090 2473 nascendo
1118 2434 1147 2471 a
1176 2418 1497 2486 glossatore,
1537 2414 1628 2483 qui
1660 2428 1761 2466 non
1793 2410 1846 2465 il

252 2516 325 2571 ad
357 2515 708 2586 temporalem
735 2512 1009 2567 Laurentii
1038 2512 1264 2581 patriam
1303 2509 1592 2573 retulisset,
1624 2504 1847 2569 margini

251 2606 580 2678 antiquioris
629 2603 841 2659 tlodicis
905 2601 1090 2671 adjici,
1142 2602 1196 2656 in
1219 2603 1375 2670 ’eqne
1424 2598 1492 2653 ab
1541 2596 1844 2666 anliquario

257 2700 401 2754 bona
432 2698 535 2752 lide
558 2698 609 2758 in
644 2703 853 2750 textum
892 2693 1102 2748 admitti
1130 2710 1145 2759 ;
1176 2698 1235 2746 ut
1287 2704 1543 2760 germana
1568 2687 1851 2742 Contesla-

260 2791 448 2855 limis,
471 2788 538 2842 de
562 2803 666 2857 qua
694 2788 919 2856 agimus.
951 2786 1127 2838 littera
1170 2784 1283 2839 haec
1333 2790 1477 2836 esset
1504 2797 1519 2833 :
1544 2778 1852 2849 peculiaria:

264 2878 434 2934 Roma
458 2878 686 2940 letatur,
717 2877 865 2947 cujus
884 2889 1034 2928 sacer
1058 2874 1309 2934 minister,
1360 2877 1470 2930 aut,
1516 2870 1664 2940 cujus
1708 2868 1850 2933 civis,

258 2985 411 3024 sacer
437 2970 690 3031 minister,
722 2976 830 3023 etc.
865 2963 1060 3032 Quidni
1083 2972 1266 3019 autem
1303 2964 1375 3017 ita
1423 2960 1622 3016 factum
1676 2961 1853 3029 suspi-

264 3076 474 3125 cemur,
496 3074 623 3115 cum
646 3059 692 3112 si
718 3067 1012 3127 utrumque
1036 3056 1091 3109 id
1121 3055 1363 3119 verbum,
1398 3053 1482 3107 vel
1531 3054 1680 3123 prius
1728 3050 1855 3105 ilnd

265 3151 536 3206 nascendo
562 3149 797 3204 funditus
826 3162 858 3203 e
892 3156 1045 3203 textu
1069 3146 1349 3210 avulseris,
1382 3144 1579 3199 nedum
1603 3142 1755 3213 perio
1775 3145 1857 3196 lus

264 3253 456 3299 senten
484 3244 643 3311 iaque
670 3248 982 3312 perseverat
1003 3240 1206 3309 integra
1235 3237 1424 3310 (quod
1450 3252 1555 3290 non
1576 3236 1852 3290 minimum

266 3344 355 3389 est
376 3332 715 3402 glossematis
738 3331 890 3387 hisce
935 3330 1362 3386 internoscendis
1390 3328 1771 3383 adminiculum
1801 3327 1854 3395 );

268 3426 364 3489 sed
393 3426 640 3496 geminus
693 3424 783 3479 ille
835 3423 1178 3490 barbarismi,
1233 3433 1394 3493 atque
1445 3420 1862 3492 importunitatis

269 3518 574 3590 argumenti
603 3516 860 3587 scopulus
886 3516 1186 3570 devitatur?

345 3630 526 3684 Potuit
552 3628 791 3693 demum,
816 3643 881 3679 ne
907 3627 1139 3681 lectores
1187 3623 1572 3692 obtnmlamus,
1628 3623 1865 3678 aliinitas

284 3736 477 3776 vocum
511 3735 659 3775 cvivs
684 3729 738 3772 et
765 3734 899 3773 crvts
929 3718 947 3788 (
977 3717 1020 3771 si
1041 3716 1225 3787 spreto
1264 3732 1398 3771 sono
1437 3732 1595 3785 quem
1648 3716 1865 3784 [rulaLc

288 3815 454 3867 edunt
481 3826 665 3866 earum
698 3820 903 3864 tantum
952 3808 1215 3879 picturam
1266 3807 1645 3876 attendamus)
1688 3807 1867 3861 verbis

282 3909 355 3963 de
383 3907 577 3975 quibus
603 3906 811 3973 agimus
831 3904 883 3958 in
914 3918 975 3958 ea
999 3902 1407 3957 Contestatione
1440 3900 1619 3955 locum
1667 3900 1864 3954 facere.

280 3997 407 4052 Haec
432 4005 611 4050 autem
633 3993 870 4049 aflinitas
901 4000 958 4045 ut
978 3992 1174 4047 clarior
1203 3992 1315 4054 liat,
1345 3989 1623 4045 sciendmn
1654 4001 1735 4047 est
1764 3989 1867 4043 ini-

281 4090 358 4143 tio
411 4087 643 4142 litteram
694 4083 758 4149 ν,
788 4100 886 4139 seu
936 4100 1037 4138 con
1068 4097 1173 4136 oua
1228 4082 1340 4136 sive
1388 4081 1592 4137 vocalis
1628 4088 1791 4148 esset,
1840 4094 1871 4134 e

283 4178 492 4233 duabus
517 4177 672 4231 lineis
693 4191 928 4244 superne
965 4173 1183 4244 patulis,
1228 4171 1433 4226 inferne
1462 4186 1591 4225 vero
1613 4171 1871 4225 connexis

282 4269 521 4339 atquein
543 4275 800 4339 punctum
823 4265 966 4335 quod
995 4266 1104 4321 basi
1129 4264 1279 4319 lineae
1296 4263 1559 4318 incumbit
1578 4263 1872 4317 desinenti-

286 4360 407 4424 bus,
464 4358 567 4413 hac
614 4356 781 4426 ﬁgura
836 4354 880 4410 V
924 4371 952 4409 a
1006 4354 1261 4409 Romanis
1311 4362 1575 4424 perpetuo
1624 4351 1869 4424 depingi;

288 4464 465 4520 neque
512 4448 614 4503 illis
636 4448 891 4511 lunatam,
922 4454 1015 4500 aut
1038 4454 1311 4500 arcuatam
1342 4444 1483 4499 illan
1510 4461 1612 4499 una
1665 4454 1870 4498 tantum

289 4541 486 4597 inﬂexa
514 4540 654 4595 linea
682 4544 1039 4603 constantem,
1068 4536 1221 4605 cujus
1268 4536 1371 4591 ima
1422 4544 1706 4590 curvatura
1754 4535 1865 4589 basi

290 4635 539 4689 innititur
558 4636 659 4687 hac
686 4630 854 4685 forma
886 4627 952 4693 U,
988 4629 1260 4697 cognitam
1303 4643 1526 4697 nsquam
1556 4626 1719 4682 fuisse
1746 4627 1863 4699 (a);

288 4725 385 4781 sed
414 4740 535 4781 eam
562 4738 631 4779 ex
668 4721 897 4777 Gothico
929 4721 1241 4776 charactere
1274 4718 1605 4775 descend:re
1635 4718 1732 4789 (b),
1763 4734 1870 4785 qua

287 4815 454 4871 etiam
504 4813 771 4883 posterior
822 4822 953 4867 mtas
1001 4811 1214 4880 adjecto
1267 4826 1296 4863 a
1343 4810 1556 4865 sinistra
1608 4810 1776 4864 fulcro
1820 4810 1871 4863 in

288 4907 436 4961 hunc
460 4903 675 4958 modum
709 4900 750 4957 U
780 4904 831 4957 in
858 4902 1036 4958 medio
1062 4901 1308 4957 dictionis
1331 4917 1422 4956 usa
1451 4909 1532 4955 est
1584 4900 1679 4974 (ε).
1732 4899 1875 4956 Con-

288 5005 397 5050 stat
415 5002 672 5065 praeterea
690 5009 755 5047 ex
785 4994 1055 5049 veteribus
1081 4993 1312 5048 nummis
1329 5002 1488 5060 atque
1509 4993 1870 5062 inscriptioni-

293 5086 393 5140 bus
418 5085 747 5154 incognitum
772 5083 1029 5139 Romanis
1053 5081 1218 5139 fuisse
1248 5093 1525 5153 punctum,
1555 5097 1660 5154 quo
1686 5100 1753 5137 ex
1775 5084 1874 5138 ho-

294 5176 486 5231 dierno
514 5191 612 5230 usu
642 5174 918 5230 litteraml
945 5175 998 5229 in
1025 5173 1217 5229 minori
1267 5174 1562 5245 praesertim
1610 5173 1876 5230 scribendi

296 5280 498 5338 genere
568 5267 811 5336 insigniri
858 5267 1132 5333 videmus;
1184 5280 1358 5336 neque
1408 5264 1458 5318 id
1506 5273 1633 5320 ante
1678 5278 1883 5321 annum

378 5424 455 5493 (α)
492 5421 695 5478 Forsan
727 5422 1011 5493 singularis
1050 5422 1151 5493 erit
1180 5431 1330 5493 vetus
1364 5421 1641 5478 Tibnrttta
1689 5424 1721 5476 i'
1744 5427 1879 5477 ειη-’-

301 5491 537 5563 μῦοὲψ.
571 5493 837 5563 ll'.tquit.
866 5491 1088 5563 Paulum
1118 5491 1459 5563 columnam,
1494 5494 1544 5545 in
1575 5508 1677 5561 qua
1700 5493 1880 5548 littera

305 5561 346 5618 υ
371 5578 609 5619 consona
631 5563 698 5615 ad
724 5561 955 5617 arcnauc
985 5562 1123 5616 illius
1151 5561 1397 5616 Gothica}
1424 5564 1643 5630 lignrant
1674 5565 1884 5619 accedit

302 5635 553 5701 apposito
581 5648 798 5704 quoque
823 5634 874 5686 in
902 5634 1116 5688 sinistra
1172 5642 1326 5702 parte
1370 5632 1631 5686 Oblllrilll'i
1690 5634 1881 5689 fulcro.

304 5703 432 5758 liam
457 5709 601 5773 quod
626 5703 813 5784 tectus
861 5711 1012 5757 eruta
1043 5711 1241 5784 atque,
1283 5712 1340 5759 ut
1368 5714 1638 5784 putamus.
1685 5705 1883 5758 inedita

303 5784 377 5828 sit
436 5790 503 5828 ex
554 5774 842 5844 archetypa
909 5788 937 5826 a
993 5774 1147 5828 nobis
1210 5773 1533 5843 descriptam
1593 5789 1881 5845 reprremn-

300 5856 489 5898 'tadms
522 5861 535 5897 :

599 5962 667 6015 PA
690 5971 864 6012 tunc.
916 5936 1193 6012 LXXIV.

1940 1965 2059 2004 cem
2088 1948 2234 2013 fecit,
2266 1948 2536 2015 aliamque
2562 1946 2615 2000 in
2646 1953 2820 2010 textu,
2854 1943 3013 1997 aiiam
3041 1943 3108 1996 ad
3139 1959 3286 1997 oram
3316 1941 3530 1997 Codicis

1941 2054 1973 2094 e
2019 2039 2240 2107 regione
2281 2037 2595 2100 collocavit;
2628 2049 2694 2090 eo
2733 2034 2979 2089 videlicet
3020 2023 3244 2089 consilio
3276 2041 3331 2087 ut
3369 2048 3530 2103 quant

1944 2131 2115 2186 lector
2141 2128 2443 2195 sentcntiae,
2475 2142 2635 2196 quam
2677 2126 2790 2197 ipsc
2833 2142 2938 2180 non
2971 2123 3372 2194 assequebatur,
3399 2139 3531 2177 con-

1943 2225 2309 2293 gruentiorem
2348 2219 2616 2290 indicaret
2647 2235 2763 2274 eam
2796 2218 2963 2272 altera
3006 2216 3082 2287 rej
3118 2227 3205 2272 cta
3236 2213 3530 2286 praeferret.

1947 2312 2061 2369 Hoc
2087 2322 2268 2367 autem
2299 2311 2465 2365 semel
2507 2310 2765 2373 admisso,
2801 2308 3052 2363 facillime
3098 2302 3535 2376 marginali'stox

1948 2404 2001 2459 in
2033 2412 2236 2457 textum
2279 2402 2515 2470 irrepere
2539 2399 2733 2469 potuit,
2766 2406 2819 2452 et
2838 2396 3089 2468 cnnjungi
3114 2412 3259 2453 cvivs
3280 2411 3442 2458 cms;
3476 2410 3541 2449 ac

1948 2496 2165 2550 demum
2199 2498 2423 2548 verbum
2463 2506 2739 2547 nascsspo
2783 2490 2847 2544 ad
2896 2492 3185 2545 tollendam
3228 2488 3541 2562 posterio:is
3630 2501 3635 2505 ·

1951 2588 2098 2643 vocis
2121 2586 2525 2655 ambiguitatem
2556 2581 2863 2654 superaddi.

2023 2697 2197 2767 Atque
2217 2697 2320 2752 bac
2343 2711 2443 2763 ego
2469 2695 2680 2750 ratione
2699 2694 3003 2764 pialliSSth'
3021 2690 3136 2748 ﬁeri
3158 2694 3397 2764 potuisse
3428 2692 3543 2747 exi-

1955 2787 2136 2867 stimo,
2163 2795 2220 2841 ut
2239 2787 2403 2842 verba
2436 2786 2524 2839 il'a
2552 2784 2810 2839 nascendo
2834 2784 2977 2846 ciris,
3000 2797 3118 2851 qua:
3146 2791 3225 2835 tot
3257 2784 3411 2836 nobis
3434 2790 3543 2834 tur-

1956 2883 2053 2937 bas
2078 2879 2440 2945 concitarunt,
2468 2879 2700 2947 genuino
2752 2878 2925 2931 sancti
2983 2874 3173 2929 Leonis
3197 2874 3389 2940 textui,
3424 2876 3543 2929 sine

1958 2971 2183 3040 alicujus
2206 2968 2429 3041 ﬂagitio,
2464 2984 2530 3024 ex
2561 2970 2674 3023 sola
2697 2968 3123 3038 antiquariorum
3145 2967 3413 3037 imperitia
3452 2976 3547 3021 aut

1959 3062 2243 3119 oscitantia
2285 3062 2608 3131 adreperent
2635 3078 2648 3124 ;
2679 3060 2824 3129 quod
2855 3059 3147 3114 innumeris
3179 3068 3437 3129 prasterea
3464 3061 3546 3113 vi-

1967 3156 2225 3211 tiatornm
2273 3153 2532 3210 Codicum
2561 3153 2822 3223 exemplis
2842 3152 3162 3209 conﬁrmare
3189 3154 3240 3208 in
3291 3160 3547 3224 promptu

1961 3253 2135 3311 esset,
2169 3244 2269 3299 nisi
2298 3251 2575 3315 praestaret
2603 3242 2885 3299 verborum
2914 3244 3293 3314 compendiunt
3340 3244 3544 3301 facere.

1960 3334 2105 3391 Sane
2152 3350 2281 3390 vero
2319 3334 2560 3389 vitiatam
2611 3349 2678 3388 an
2724 3335 2994 3404 integram
3057 3335 3380 3390 Blanchinus
3427 3350 3551 3391 eam

1960 3424 2421 3482 Conte:tationem
2472 3424 2635 3487 velit,
2677 3432 2860 3480 nostra
2906 3441 3012 3480 non
3070 3426 3295 3480 multant
3354 3426 3550 3489 refert,

1962 3535 2083 3576 eum
2131 3518 2536 3590 prxdixerimus
2591 3517 2695 3571 alia
2749 3534 2850 3572 nos
2891 3518 2973 3572 via
3036 3518 3205 3587 ipsius
3266 3519 3555 3577 conatibus

1965 3609 2491 3675 obstituros;refert
2519 3616 2699 3663 autem
2720 3607 2890 3663 sancti
2920 3607 3111 3663 Leonis
3160 3608 3445 3679 plurimum
3497 3618 3556 3665 ut

1966 3702 2034 3755 ab
2082 3701 2199 3770 ipso
2246 3697 2561 3754 barbarismi
2615 3697 2790 3752 labem
2843 3696 3108 3762 eluamus,
3160 3699 3330 3754 multo
3376 3709 3557 3754 autem

1966 3792 2183 3863 plusne
2240 3806 2274 3860 p
2305 3789 2687 3843 udentiss7mus
2727 3788 2962 3856 pontifex
3014 3786 3351 3858 importuna,
3390 3797 3556 3859 atque

1969 3898 1999 3935 a
2027 3881 2216 3950 spiritu
2267 3879 2517 3934 Ecclesia:
2541 3877 2894 3947 alienissima,
2928 3878 3189 3948 liturgicis
3236 3880 3387 3938 libris
3415 3881 3558 3938 inse-

1970 3970 2138 4027 ruisse
2167 3970 2393 4025 dicatur.

2042 4086 2309 4154 Quorsum
2353 4094 2530 4141 tamen
2574 4085 2699 4150 ista,
2730 4085 3049 4151 Blancbinus
3091 4087 3326 4159 inquiet,
3354 4090 3397 4147 si
3440 4091 3562 4162 qui.

1971 4177 2093 4232 dem
2118 4176 2250 4230 nihil
2299 4175 2421 4232 inde
2472 4176 2705 4247 prmsidii
2756 4179 3095 4248 responsioni
3137 4190 3337 4237 nostrae
3381 4181 3561 4239 afferri

1977 4267 2262 4324 volumus?
2290 4267 2510 4322 Scilicet
2554 4274 2613 4321 ut
2660 4282 2729 4322 ex
2774 4272 3053 4338 prmmissa
3105 4270 3351 4328 doctrina
3406 4272 3563 4329 binas

1975 4362 2175 4425 theses,
2199 4357 2307 4413 imo
2329 4373 2458 4412 vero
2479 4357 2724 4428 liturgica
2748 4367 2806 4413 ut
2826 4369 3079 4430 putamus
3095 4360 3348 4431 dogmata
3365 4362 3562 4420 elicere

1977 4451 2133 4505 nobis
2163 4465 2257 4521 per
2286 4450 2456 4520 ipsum
2489 4449 2668 4515 liceat,
2692 4465 2721 4506 e
2744 4466 2973 4522 quorum
2995 4452 3167 4507 altero
3195 4452 3565 4509 Contestatio-

1900 4574 1949 4633 ο
1977 4544 2061 4599 nis
2082 4543 2149 4599 de
2177 4558 2282 4614 qua
2304 4543 2512 4611 agimus
2549 4542 2925 4613 interpretatio
2951 4542 3172 4599 omnino
3201 4545 3433 4615 petenda
3455 4555 3556 4601 est.

1976 4635 2117 4692 Sunt
2138 4646 2317 4690 autem
2341 4635 2485 4691 haec:

2648 4746 2899 4801 Primum.

2049 4861 2293 4915 Alienum
2332 4868 2596 4931 perpetuo
2631 4875 2660 4913 a
2693 4860 2968 4931 pr0posito
3000 4858 3257 4915 Ecclesiae
3289 4860 3467 4927 fuisse,
3508 4873 3565 4919 ut

1979 4934 2303 4999 temporales
2330 4942 2640 4986 sanctorum
2671 4931 2873 4997 patrias
2915 4930 3173 4997 liturgicis
3218 4931 3366 4986 libris
3414 4932 3561 4987 inse-

1979 5014 2147 5068 reret;
2171 5016 2233 5057 ac
2276 5001 2497 5070 proinde
2525 5002 2569 5055 si
2598 5000 2725 5069 quid
2774 5002 2979 5070 uspiam
3028 5003 3144 5069 ejus
3179 5004 3477 5070 argumenti
3509 5004 3563 5060 itt

1979 5073 2251 5127 veteribus
2301 5071 2773 5135 Sacramentariis,
2815 5070 3045 5125 maxime
3089 5086 3217 5125 vero
3263 5075 3328 5126 ad
3373 5072 3563 5129 Eccle-

1979 5143 2073 5197 sia:
2114 5142 2369 5196 Romana:
2404 5157 2558 5215 usum
2578 5141 2866 5215 adornatis
2887 5180 2902 5203 ,
2934 5142 3266 5215 reperiatur;
3308 5152 3563 5215 tanquam

1982 5228 2171 5281 parum
2213 5212 2546 5281 cumrspiritu
2578 5209 2830 5266 Ecclesia:
2861 5209 3170 5276 eulrterens,
3199 5209 3443 5271 falsitatis
3471 5226 3567 5272 aut

1982 5280 2462 5337 vehementissitnze
2490 5282 2810 5352 SIISpiciOttis
2836 5282 2967 5335 vitio
3012 5281 3274 5340 laborare.

2627 5429 2899 5485 UllZTORI

2627 5500 2853 5555 HERCV
2868 5500 2927 5555 LI

2625 5572 2903 5626 SAtLRV'M

2061 5641 2135 5720 (lt)
2176 5640 2516 5720 llabillonins
2562 5641 2628 5720 de.
2677 5642 2753 5720 lle
2776 5640 3060 5720 Diplomat.
3092 5660 3131 5708 r,
3189 5644 3274 5710 ll,
3328 5644 3382 5711 ι,
3440 5660 3565 5720 pag.

1990 5710 2078 5768 Π.
2110 5709 2255 5785 apud
2282 5709 2552 5785 lieineec:
2570 5709 3008 5785 Fundatngt-tyli,
3044 5724 3181 5785 part.
3210 5709 3399 5785 t,7cap’.
3432 5709 3481 5781 l,
3513 5709 3567 5781 ὃ,

1993 5793 2107 5838 not.
2136 5778 2412 5852 μεθυατ.
2439 5782 2491 5841 in
2514 5778 2878 5852 Orthngrapli.
2913 5778 3127 5839 Latfde
3155 5778 3327 5839 vocali
3348 5778 3422 5839 'V.

2064 5852 2136 5926 (ι)
2165 5851 2414 5909 lleinecc.
2448 5852 2709 5913 Fundam.
2736 5851 2881 5924 styli,
2912 5863 3050 5925 part.
3077 5869 3110 5907 ι.
3145 5870 3197 5909 c.
3230 5854 3270 5920 I,
3300 5852 3354 5923 6,
3373 5864 3487 5914 not.
3514 5853 3571 5911 5.

3068 5966 3139 6026 21
