4046 6364
298 387 376 446 35
1209 383 1663 442 DISSERTATIO
1700 383 1789 438 DE
1833 379 2112 437 DAMASO
2148 380 2237 435 ΕΤ
2274 381 2682 438 LAL‘BENTIO.

3434 382 3546 437 δτι

320 505 454 560 Hace
487 511 665 557 autem
696 516 765 557 eo
793 501 1062 572 pertinent
1107 508 1163 557 ut
1194 498 1496 554 meminerit
1528 497 1853 551 Blanchinns
1883 499 1931 556 Α
1961 490 2263 547 Romanum
2296 493 2536 550 facimus.
2559 494 2676 562 Quo
2702 493 2846 549 enim
2874 502 3119 566 tempore
3151 493 3471 553 Laurentius
3492 498 3543 551 in

256 612 420 666 quam
448 610 554 650 non
578 603 783 649 temere
811 591 1133 647 centonibus
1153 590 1299 645 hisce
1314 588 1633 647 consutitiis.
1660 597 1852 641 utina-

249 689 400 742 xime
427 701 456 739 a
484 700 542 740 se
571 684 700 754 ipsis
728 682 983 755 purpurei
1024 696 1088 737 ac
1115 680 1336 751 pretiosi
1361 681 1485 745 sint,
1518 678 1605 733 ubi
1637 678 1689 732 in
1721 677 1855 731 alio-

252 792 373 831 rum
400 775 610 829 labores
627 774 817 829 diversi
836 772 1131 843 prmscrtim
1153 769 1451 839 argumenti
1477 769 1853 837 commigrant,

253 869 387 923 ﬁdes
405 866 704 921 adhibenda
722 866 808 920 sit.
824 865 960 932 Quid
978 880 1106 919 vero
1122 865 1166 921 si
1182 864 1373 918 llexilis
1389 873 1649 935 praeterea
1672 862 1857 931 plane-

245 973 363 1030 que
387 960 634 1029 ambigua
662 960 732 1013 sit
756 960 991 1028 ipsorum
1013 956 1278 1011 sententia
1296 956 1491 1025 (qualis
1518 963 1664 1011 certe
1688 953 1856 1009 Vero-

246 1053 439 1108 nensis
456 1050 884 1108 Sacramentxrii
917 1050 969 1103 in
1001 1050 1123 1102 loco
1149 1047 1219 1103 de
1264 1062 1377 1117 quo
1408 1046 1616 1115 agimus
1656 1046 1856 1100 Conte-

257 1143 427 1198 statio
477 1141 605 1211 est),
655 1139 1074 1211 multiplicisque
1121 1137 1580 1208 interpretationis
1632 1137 1856 1207 capax?

248 1232 355 1288 Eat
385 1248 525 1287 nunc
551 1246 680 1300 ergo
701 1246 820 1286 cum
873 1229 1072 1285 Codice
1110 1243 1211 1283 suo
1256 1228 1602 1295 Blanchinus,
1632 1226 1856 1281 extollat

251 1336 419 1393 quam
468 1330 646 1391 potest
702 1320 819 1389 ejus
872 1318 1268 1389 antiquitatem,
1323 1315 1481 1373 ﬁdem
1526 1326 1856 1387 ceterasque

254 1414 414 1467 dotes
442 1430 455 1464 :
488 1427 777 1481 nunquam,
814 1411 1028 1479 opinor,
1058 1416 1119 1464 ut
1139 1408 1307 1479 gratis
1346 1422 1467 1462 eum
1499 1423 1689 1478 purum
1721 1406 1853 1461 Leo-

246 1503 477 1557 nianum
504 1517 626 1557 esse
648 1501 1097 1566 concesserimus,
1123 1514 1247 1553 cum
1271 1498 1531 1553 Actorum
1560 1497 1849 1566 Apostolo-

252 1608 376 1647 rum
400 1592 673 1648 volumine
699 1589 1122 1659 comparandum
1152 1604 1274 1645 esse
1299 1587 1657 1653 existimabit;
1682 1602 1856 1658 neque

255 1686 391 1741 alias
421 1683 1204 1755 apertiusestSacramentarii
1231 1697 1330 1753 pro
1374 1681 1653 1736 Laurentii
1681 1682 1853 1750 patria

255 1773 830 1843 testimonium,quam
876 1788 975 1844 pro
1008 1770 1164 1827 Pauli
1210 1770 1364 1827 locus
1384 1770 1643 1826 Actorum
1693 1787 1850 1839 quem

256 1883 432 1938 nuper
468 1867 844 1937 expendimus.

327 1959 447 2016 lam
500 1976 628 2015 vero
651 1960 700 2015 si
734 1959 986 2016 volumus
1015 1957 1313 2013 Blaueltine
1340 1957 1671 2027 respondere
1694 1997 1708 2021 ,
1755 1969 1864 2025 quo

257 2067 424 2109 sensu
493 2050 694 2107 Paulus
742 2052 797 2107 in
862 2051 1048 2117 Actis,
1101 2049 1294 2105 eodem
1339 2058 1394 2104 et
1441 2050 1495 2102 in
1558 2048 1862 2103 Veronensi

246 2143 692 2202 Sacramentario
763 2144 1110 2199 Laurentium
1146 2145 1317 2197 civem
1366 2141 1657 2196 Romanum
1706 2141 1860 2205 dici,

249 2233 393 2289 nihil
422 2234 491 2288 ab
536 2232 807 2305 Hispanias
850 2233 1073 2290 urbibus
1118 2248 1237 2303 quae
1280 2232 1350 2287 de
1399 2231 1635 2287 Homero
1678 2242 1864 2288 nostro

259 2335 501 2392 certant,
533 2328 822 2398 quominus
849 2328 900 2382 id
927 2328 1094 2382 libere
1133 2340 1463 2390 asseramus,
1508 2324 1666 2379 nobis
1692 2324 1861 2380 obsti-

253 2428 440 2476 turum
461 2430 613 2491 puto.
628 2419 782 2477 Oscae
805 2421 971 2487 enim,
997 2435 1093 2475 seu
1124 2418 1304 2489 potius
1326 2417 1608 2477 Cordubae.
1641 2425 1734 2472 aut
1755 2417 1864 2473 Va-

259 2511 442 2566 lentia:
496 2520 693 2566 no~trac
724 2510 776 2565 in
824 2510 1077 2565 Edetanis
1119 2509 1465 2564 Laurentium
1494 2517 1680 2563 natum
1712 2509 1863 2563 dixe-

258 2602 430 2656 rimus
488 2603 697 2673 (quam
750 2617 850 2657 nos
901 2600 1320 2671 disputationem
1375 2598 1592 2653 missam
1639 2596 1863 2655 facimus

247 2691 405 2762 quod
444 2690 540 2745 vel
586 2698 879 2744 tractatam
926 2690 1195 2745 nitescere
1238 2703 1399 2759 posse
1444 2686 1859 2757 desperemus),

258 2800 371 2839 non
425 2784 606 2838 minus
678 2797 800 2835 eum
874 2780 1176 2834 Romanum
1237 2779 1411 2834 civem
1463 2778 1598 2831 tueri
1670 2792 1855 2846 possu-

258 2890 401 2941 mus,
431 2888 591 2942 quam
621 2872 705 2927 vel
738 2870 983 2937 Paulmn,
1014 2870 1160 2939 quod
1182 2867 1336 2923 Tarsi
1367 2869 1573 2924 natales
1600 2868 1858 2934 hauserit;

260 2983 387 3023 nam
421 2977 588 3021 terna:
626 2981 761 3036 quas
799 2963 1217 3020 memoravimus
1245 2962 1405 3017 urbes
1436 2961 1708 3028 (consulto
1749 2961 1862 3015 Cte-

247 3068 631 3128 saraugustam
665 3072 770 3112 non
794 3057 1100 3125 adjicimus)
1126 3055 1492 3109 Romanorum
1524 3053 1751 3109 colonim
1772 3061 1864 3108 aut

247 3152 551 3221 municipia
581 3159 739 3205 erant
769 3150 864 3219 (a).
894 3147 1106 3203 Scimus
1144 3154 1405 3216 prieterea
1434 3144 1725 3199 Cordubam
1766 3161 1865 3215 per

1958 587 2135 641 lucem
2164 587 2249 642 edi
2282 589 2477 656 potuit,
2509 597 2615 642 tam
2648 588 2956 657 pervulgata
2985 597 3103 642 erat
3143 587 3385 644 homana
3412 589 3547 644 civi-

1961 686 2042 732 tas
2073 679 2360 747 (πώιτιίαν
2396 680 2698 748 intelligo),
2742 688 2800 733 t-t
2837 680 3019 748 potius
3062 695 3167 733 non
3213 695 3333 735 esse
3374 680 3548 735 civem

1960 766 2264 837 ignominia:
2303 783 2367 823 ac
2411 768 2659 824 dedecori
2714 785 2872 839 quam
2914 784 2945 825 e
2975 785 3034 825 se
3063 769 3207 824 laudi
3239 770 3546 826 duceretur.

1958 854 2150 911 Pascis
2182 874 2293 911 rem
2323 858 2624 929 cxpeliam.
2660 858 3016 930 Temporibus
3044 859 3369 930 reipubliac,
3401 870 3454 915 et
3484 861 3552 916 il-

1958 945 2062 1002 lico
2087 957 2207 1018 pos-t
2235 964 2352 1003 eam
2381 965 2411 1003 a
2433 950 2644 1006 Ctesare
2667 960 2981 1022 occupatam
3010 952 3205 1007 civium
3222 951 3310 1019 jus
3336 968 3550 1009 summo

1960 1037 2165 1094 honore
2191 1040 2333 1109 apud
2374 1040 2646 1098 Romanos
2677 1044 2945 1110 habitum,
2976 1059 3079 1099 nec
3108 1043 3210 1099 nisi
3238 1045 3552 1114 parcissime

1957 1144 2079 1184 cum
2095 1132 2294 1186 exteris
2314 1132 2560 1200 gentibus
2572 1132 3027 1190 communicatum
3044 1135 3205 1190 fuisse
3225 1135 3426 1191 scimus
3443 1134 3545 1207 (e):

1958 1219 2259 1289 Augustum
2305 1238 2519 1293 quoque
2569 1224 2823 1280 Romamn
2870 1225 3104 1281 civitatis
3152 1233 3260 1281 tam
3306 1234 3552 1284 tenacem

1960 1313 2206 1383 legimus,
2236 1325 2296 1370 ut
2325 1315 2617 1381 amrmaret
2670 1319 2877 1389 [acilius
2906 1336 2961 1373 se
2998 1337 3269 1391 passurum
3305 1322 3432 1388 ﬁsco
3462 1323 3555 1375 de-

1960 1407 2123 1473 trahi,
2173 1426 2326 1479 quam
2356 1410 2506 1463 civita
2530 1411 2573 1463 is
2610 1410 2859 1465 Romana:
2899 1411 3144 1465 honorem
3190 1412 3420 1484 evulgari
3452 1414 3553 1486 (f).

1956 1498 2067 1555 Nec
2088 1498 2324 1557 Galbam
2352 1503 2426 1574 (θ)
2468 1519 2671 1575 eosque
2708 1504 2797 1573 qui
2842 1505 2906 1559 ad
2937 1504 3226 1575 Trajanum
3272 1507 3558 1578 imperium

1960 1598 2181 1647 tenuere
2204 1593 2373 1650 multo
2396 1594 2822 1663 indulgentiores
2839 1595 3001 1651 fuisse
3028 1607 3261 1653 constat.
3296 1598 3559 1670 Trajanus

1958 1693 2091 1735 vero
2122 1688 2178 1735 et
2214 1692 2337 1752 post
2365 1697 2488 1737 eum
2519 1682 2843 1748 Hadrianus,
2872 1684 3173 1742 Antoninus
3203 1686 3347 1753 Pius,
3381 1696 3436 1743 et
3465 1689 3555 1742 alii

1958 1772 2166 1852 crebris
2188 1774 2422 1829 trivitatis
2453 1774 2711 1829 Romana:
2740 1777 3184 1833 concessionihus
3212 1781 3410 1834 sensim
3438 1780 3559 1849 ejus

1890 1873 1937 1933 Β
1960 1857 2095 1917 luris
2123 1864 2355 1933 pretium
2407 1864 2747 1927 imminuere,
2789 1866 2963 1922 donec
3010 1866 3153 1923 edita
3185 1868 3252 1923 ab
3282 1868 3559 1927 Antonino

1966 1950 2243 2008 Caracalla
2275 1970 2372 2026 per
2394 1956 2632 2027 speciem
2655 1957 2952 2026 largitionis
2980 1959 3288 2014 avarissima
3312 1959 3429 2029 lege
3459 1962 3559 2033 (Ιι),

1967 2052 2023 2097 ιιι
2052 2046 2103 2097 in
2128 2048 2249 2101 orbe
2282 2046 2519 2104 Romano
2560 2050 2648 2122 qui
2681 2061 2872 2118 essent,
2903 2068 3080 2105 omnes
3121 2053 3250 2106 cives
3285 2054 3559 2126 efﬁceren-

1965 2145 2049 2189 tur
2080 2140 2140 2208 (i)
2169 2157 2181 2191 :
2212 2156 2478 2196 summum
2514 2142 2646 2197 illud
2684 2142 2881 2198 civium
2913 2143 3281 2200 Romanorum
3320 2146 3409 2215 jus
3438 2162 3563 2217 pes-

1964 2230 2273 2287 sumdatum
2304 2249 2368 2289 ac
2390 2249 2488 2304 pro
2521 2234 2686 2289 nihilo
2714 2235 2954 2291 habitum
2985 2234 3100 2290 fuit.
3124 2234 3250 2292 iam
3280 2254 3407 2294 vero
3436 2255 3560 2294 cum

1968 2337 2031 2376 ea
2064 2322 2147 2377 lex
2178 2324 2246 2379 ab
2294 2340 2437 2378 anno
2468 2322 2563 2379 ill
2620 2325 2687 2380 ad
2728 2325 2833 2380 2l8
2864 2341 2972 2396 quo
3006 2336 3247 2395 tempore
3282 2325 3562 2383 Caracalla

1965 2414 2275 2483 imperavit,
2326 2417 2664 2486 promulgata
2713 2416 2907 2481 fuerit;
2956 2415 3305 2473 Laurentium
3346 2427 3560 2486 autem,

1959 2503 2186 2574 juvenili
2232 2517 2392 2563 :etate
2430 2508 2711 2564 llorett'cm
2748 2525 2892 2564 anno
2934 2507 3060 2574 258,
3088 2508 3262 2565 Tusco
3311 2519 3367 2566 et
3396 2509 3563 2569 Basso

1958 2616 2131 2668 coss.,
2153 2617 2368 2673 passum
2419 2606 2651 2658 sciamus
2686 2622 2697 2656 :
2733 2603 2990 2674 liquidum
3043 2600 3157 2657 ﬁeri
3206 2604 3415 2659 videtur
3442 2614 3564 2676 post

1966 2694 2164 2749 editam
2189 2695 2404 2750 demum
2431 2695 2723 2750 Carae-athe
2752 2694 3193 2752 constitutionem
3221 2705 3384 2767 atque
3411 2696 3563 2752 evul-

1964 2795 2146 2854 gatum
2178 2787 2432 2841 ltomanzc
2454 2786 2689 2842 civitatis
2704 2785 2811 2855 jus,
2835 2786 3231 2842 sanctissimum
3265 2786 3480 2841 levitam
3506 2787 3560 2842 in

1967 2879 2141 2933 lucem
2165 2879 2451 2949 prodiisse,
2476 2895 2585 2950 quo
2614 2878 2822 2934 scilicet
2853 2889 3098 2949 tempore
3134 2878 3263 2933 nihil
3303 2879 3416 2949 jam
3447 2890 3564 2935 erat

1965 2986 2062 3027 cur
2087 2971 2444 3026 deLaurenlii
2474 2973 2690 3027 civitate
2711 2971 3043 3041 peculiar-ius
3069 2970 3241 3027 Roma
3265 2972 3560 3028 laetaretur.

2036 3062 2093 3117 Si
2122 3062 2174 3117 in
2206 3077 2268 3116 ea
2292 3061 2703 3116 Contestatione
2731 3076 2838 3115 non
2862 3060 2964 3115 alia
2991 3061 3366 3130 designaretur
3395 3077 3563 3133 pecu-

1966 3155 2116 3211 liaris
2154 3155 2350 3209 hctitia:
2388 3156 2549 3219 ratio,
2599 3168 2945 3225 agnoscerem
2994 3167 3096 3222 ego
3143 3153 3359 3223 quidem
3407 3153 3565 3225 hujus

263 3257 332 3298 ea
374 3252 617 3311 tempora
674 3242 842 3312 gloria
878 3250 927 3293 et
963 3239 1197 3307 polentia
1245 3235 1491 3291 celebrem
1538 3235 1636 3307 (bl.
1671 3231 1861 3289 Oscam
1891 3241 1932 3298 (Σ
1966 3247 2262 3313 argumenti
2296 3247 2431 3311 vim,
2482 3262 2667 3301 verum
2701 3246 2753 3300 in
2795 3246 2908 3316 ipsa
2938 3260 3151 3301 sacrum
3178 3262 3395 3317 quoque
3427 3247 3566 3302 Lau-

256 3331 373 3400 jam
401 3331 681 3386 aSertnrii
718 3337 881 3384 ιιι-ιω
930 3343 1172 3399 magnam
1221 3325 1429 3389 urbem,
1480 3324 1864 3394 studiorumque

260 3427 323 3479 in
363 3425 627 3496 Hispania
670 3431 935 3493 parentem
968 3422 1066 3492 (c),
1101 3419 1182 3473 Va
1196 3421 1400 3473 entiam
1450 3419 1682 3487 denique
1710 3415 1860 3471 aCn.

270 3517 524 3588 Pompeio
554 3517 774 3571 deletam
803 3516 883 3586 (tt)
926 3530 1048 3569 mox
1075 3514 1363 3568 restitutam
1385 3554 1402 3579 ,
1452 3522 1501 3568 et
1547 3512 1804 3569 coloniam
1833 3528 1865 3565 a

254 3608 470 3664 tmere
491 3612 706 3678 factam.
737 3606 889 3676 cujus
903 3616 958 3663 et
981 3621 1175 3661 nomen
1203 3606 1274 3660 ob
1297 3620 1414 3659 eam
1438 3620 1652 3660 causam
1675 3604 1864 3660 sortita

273 3702 440 3759 fuisse
461 3701 676 3756 dicitur.
706 3698 910 3754 Ternas
930 3699 1149 3768 insuper
1176 3697 1432 3753 cudenda:
1452 3688 1683 3752 monetae
1728 3712 1865 3766 prc-

260 3793 510 3863 rogativa
534 3792 838 3857 decoratas,
858 3798 914 3844 ut
936 3789 1217 3860 perplures
1237 3803 1424 3845 eorum
1454 3787 1659 3842 nunnni
1687 3786 1867 3843 decla-

271 3897 397 3943 rant
422 3902 454 3941 a
476 3885 766 3941 ‘Vaillantio
795 3893 850 3939 et
870 3883 987 3938 aliis
1007 3882 1260 3951 evulgati.

342 3998 541 4053 Verum
571 3996 872 4065 insurgeret
904 4004 1033 4049 tunc
1063 3992 1413 4055 Blanchinus,
1462 4007 1564 4046 nec
1592 3992 1722 4047 satis
1749 4006 1868 4046 esse

261 4098 448 4147 causa:
477 4089 701 4143 subesse
730 4088 964 4147 diceret.
997 4095 1054 4139 ut
1097 4086 1406 4154 peculiarius
1436 4102 1546 4155 pra:
1572 4094 1771 4139 awterts
1812 4086 1865 4139 in

272 4179 547 4234 Laurentii
572 4179 897 4233 solemnitate
930 4176 1094 4231 Roma
1116 4178 1409 4240 lauaretur,
1442 4177 1485 4229 si
1519 4193 1623 4230 non
1658 4177 1866 4246 specia-

267 4274 372 4330 iius
402 4283 564 4342 atque
608 4272 801 4326 Paulus
849 4271 947 4324 fuit
993 4286 1049 4325 sa
1076 4270 1387 4324 .ctissimnm
1421 4270 1636 4325 levitam
1694 4271 1866 4326 civem

341 4427 420 4498 (a)
444 4427 529 4498 De
541 4424 779 4480 Corduba
800 4425 921 4498 vide
947 4423 1172 4480 Plinium
1206 4425 1297 4480 lib.
1323 4441 1379 4480 Ill
1398 4469 1411 4490 ,
1433 4424 1519 4498 qui
1544 4441 1663 4481 eam
1680 4428 1865 4482 urbem

271 4496 413 4553 inter
440 4497 652 4552 Bzetica:
694 4496 932 4551 colonias
954 4505 1228 4566 numerat.
1262 4498 1414 4566 Apud
1460 4496 1539 4550 Cl.
1575 4498 1865 4552 Antonium

269 4570 629 4636 Augustinum
656 4568 916 4621 Dial.vm.
941 4566 1073 4622 ltem
1092 4565 1432 4621 Vaillantium
1461 4566 1616 4638 Num.
1648 4571 1820 4638 Imper

274 4610 916 4707 5:."c‘at',"r.;:;-.."“ring:
941 4610 1860 4707 ἔέῗιὸᾜὶιᾙὶιξῖόξᾞὸξὲιεὶἦῗὸί’
1894 4616 1942 4674 Ι)

272 4712 411 4763 rium
442 4710 792 4763 Romanorum
821 4709 1057 4777 appellat
1106 4707 1299 4762 alicubi
1341 4707 1542 4763 Plinius
1581 4709 1721 4778 apud
1754 4710 1865 4762 An-

274 4782 483 4833 tnnium
514 4780 866 4846 Augustinum
910 4779 1041 4832 Dial.
1067 4793 1160 4841 vn,
1190 4793 1350 4847 quam
1375 4793 1582 4841 vocem,
1638 4779 1864 4834 Munici-

274 4853 417 4922 pium
441 4852 826 4922 interpretatur
848 4850 1174 4922 clarissimus
1198 4851 1296 4922 vir.
1320 4849 1379 4903 ln
1408 4850 1637 4903 nummis
1669 4852 1866 4917 passim

273 4918 331 4974 ἦν.
374 4936 425 4973 v.
459 4936 584 4974 osos
603 4962 617 4984 ,
643 4920 701 4973 id
728 4929 829 4983 est,
862 4919 982 4973 urbs
1011 4920 1193 4973 victria:
1222 4933 1238 4969 :
1268 4918 1534 4972 interdum
1576 4936 1693 4974 \aa.
1723 4937 1862 4975 \‘lC'l'.

278 4991 399 5045 Viti.
426 4990 657 5044 Vaillant
685 4990 736 5043 in
761 4990 999 5061 August.,
1023 4999 1132 5043 tum
1157 4989 1171 5040 I
1202 4988 1391 5061 Col_._et
1415 4988 1608 5061 Munir.
1630 5002 1746 5059 pag.
1774 4991 1862 5045 555.

274 5062 610 5136 .—A\lalentia
641 5057 857 5114 demuni
882 5061 1108 5136 a__l_’linio
1132 5061 1272 5115 inter
1288 5057 1563 5136 liispanigc
1590 5057 1869 5136 citerioris

278 5132 522 5187 Colonias
543 5147 575 5185 ιι
601 5140 879 5196 nneratur,
913 5130 1106 5201 lib.tu.
1135 5146 1254 5197 cap.
1287 5129 1338 5183 5.
1361 5129 1475 5185 \‘id.
1501 5129 1621 5186 Ant.
1643 5133 1865 5201 August.

282 5202 421 5257 Dial.
453 5217 485 5253 v
511 5242 526 5263 ,
564 5211 620 5254 et
654 5203 882 5255 \‘aillant
911 5203 963 5255 in
991 5200 1155 5255 iulio.

351 5272 687 5347 (δλξιιιιιὶο,
721 5272 810 5326 ΙίΙὶ.
844 5288 903 5326 Ill
920 5290 949 5347 _:
984 5275 1221 5347 Illai'aroy
1248 5272 1290 5328 δ’
1336 5274 1366 5331 ’ἦ
1410 5271 1636 5347 κέρδυιῗα
1673 5272 1870 5347 «fama;

282 5342 564 5421 Μαρκέλλου
595 5348 886 5421 urguet-uati
914 5342 1033 5421 δόξῃ
1062 5344 1419 5421 καὶῌδυγάμιι.
1451 5342 1619 5421 Iri-cal.
1648 5361 1661 5396 :
1700 5344 1871 5421 Pluri-

280 5406 422 5467 mu'm
450 5422 621 5467 autent
656 5406 917 5481 Corduba,
960 5406 1198 5470 Marcelli
1226 5406 1374 5484 aptis,
1397 5423 1446 5467 et
1478 5415 1666 5485 gloria,
1692 5425 1741 5468 et
1765 5416 1868 5468 t's'r-

286 5495 391 5537 tute
412 5487 586 5537 rrerit.

358 5555 439 5628 (ε)Δ
476 5553 747 5608 P.utarch.
801 5555 852 5609 in
897 5555 1012 5609 Vita
1060 5556 1283 5610 Sertorii
1341 5574 1355 5609 :
1406 5560 1535 5628 Τοτξς
1582 5557 1680 5628 γὰρ
1733 5558 1874 5627 εὐιγεο

282 5624 574 5700 vincimus
605 5629 707 5700 ῥιπό
734 5634 832 5700 τῷν
880 5628 1028 5681 ἐθνῶν
1056 5636 1353 5700 συναγαγών
1400 5628 1471 5687 εἰς
1495 5624 1692 5681 "Daucia
1729 5624 1873 5680 πόλιν

285 5697 503 5769 μεγάλην
551 5694 883 5769 διδασκάλους
926 5694 1211 5760 inertiam}
1248 5694 1590 5769 Ἑλληνικὼνει
1618 5700 1720 5769 καὶ
1764 5710 1875 5769 Ῥω·

286 5766 477 5838 μαὶκῶν
500 5770 820 5838 μαὴμάῃην.
850 5766 1018 5833 Quem
1050 5770 1228 5823 locum
1257 5768 1512 5821 Smmnus
1532 5766 1869 5838 AVaillantius,

286 5835 415 5891 licet
461 5835 661 5904 alioqui
704 5835 891 5893 διξερε
938 5840 1358 5901 scientissimus,
1398 5836 1581 5892 nescio
1628 5853 1695 5891 an
1743 5841 1873 5892 satis

288 5916 566 5974 acturate,
599 5910 650 5961 in
682 5908 822 5962 hunc
849 5909 1066 5964 modum
1098 5910 1369 5964 transtulit
1410 5907 1587 5977 (Tom.
1618 5906 1635 5959 Ι
1667 5907 1784 5963 Col.
1820 5920 1873 5962 tt

1967 3339 2125 3393 rentii
2166 3339 2545 3401 ministerium,
2595 3338 2816 3409 ejusque
2846 3339 3025 3411 passio
3058 3339 3163 3411 (ita
3188 3341 3336 3396 enim
3382 3349 3568 3412 poste-

1969 3430 2113 3486 riora
2141 3432 2303 3487 verba
2334 3432 2559 3486 dicatum
2590 3432 2788 3486 nomini
2828 3442 2913 3487 tuo
2960 3450 3149 3488 munus
3176 3444 3254 3488 est
3295 3436 3563 3505 proprium

1968 3522 2313 3593 intelligenda
2346 3524 2505 3595 puto)
2551 3525 2921 3593 continentur,
2953 3540 3018 3579 ex
3057 3526 3252 3596 quibus
3289 3526 3563 3596 geminum

1969 3626 2228 3689 prseterea
2260 3618 2430 3675 Roma
2457 3620 2680 3674 duceret
2718 3617 2916 3673 laetitiae
2956 3619 3245 3688 peculiaris
3274 3632 3563 3688 argumen-

1962 3720 2102 3767 tum.
2134 3712 2427 3769 Audiamus
2473 3713 2707 3768 Leonem
2746 3711 2813 3768 de
2840 3712 3045 3768 sanctis
3091 3712 3351 3782 apostolis
3380 3713 3565 3768 dicen-

1970 3816 2076 3861 tem
2107 3824 2120 3859 :
2150 3806 2224 3860 ibi
2252 3806 2461 3875 (Romae
2490 3804 2720 3876 scilicet)
2754 3814 2991 3873 oportere
3016 3814 3072 3857 ut
3097 3806 3163 3858 sit
3187 3806 3386 3859 lwtitite
3412 3808 3562 3876 prin-

1967 3901 2189 3970 cipatus,
2209 3901 2296 3953 ubi
2322 3902 2550 3971 ipsorum
2568 3899 2897 3970 gloriﬁcatus
2924 3899 3089 3952 exitus
3122 3900 3220 3969 fuit
3252 3899 3361 3970 (j);
3391 3898 3562 3954 Maxi-

1967 4008 2113 4047 mum
2158 3994 2283 4048 item
2330 3992 2751 4059 Taurittensem,
2788 3992 2877 4061 qui
2922 3991 2989 4046 de
3030 3992 3370 4047 sanctissimo
3401 3993 3561 4049 levita

1969 4097 2155 4143 nostro
2182 4088 2443 4158 loquens:
2478 4088 2616 4143 Hinc
2644 4097 2721 4142 est
2751 4088 2968 4159 (inquit)
2998 4088 3135 4160 quod
3156 4088 3559 4160 insuperabilent

1969 4178 2238 4233 Laurentii
2260 4180 2418 4250 ﬁdem
2442 4179 2608 4235 latior
2635 4179 2798 4234 Roma
2822 4181 3041 4234 miratur
3065 4180 3139 4252 (lt)
3163 4198 3177 4245 ;
3208 4180 3558 4250 Augustinum

1967 4271 2183 4327 demum
2218 4282 2534 4343 veteresque
2584 4270 2838 4327 Ecclesia:
2888 4270 3093 4339 Patres,
3123 4272 3213 4341 qui
3261 4288 3328 4327 ex
3365 4273 3560 4326 trium-

1971 4426 2222 4499 Mnnirip.
2246 4498 2249 4499 ν
2271 4444 2391 4496 pa:.
2426 4425 2511 4499 55,
2556 4427 2607 4481 in
2640 4427 2892 4499 Augusto)
2926 4446 2937 4480 ε
2973 4425 3111 4480 Nam
3158 4441 3224 4479 ea:
3262 4428 3560 4496 parentibus

1969 4496 2064 4550 sibi
2092 4498 2326 4567 gentibus
2357 4496 2737 4552 nobilissimam
2762 4498 2964 4567 (forsan
2994 4498 3038 4551 is
3066 4507 3255 4550 auctor
3284 4499 3441 4551 vertit
3472 4516 3562 4551 no-

1969 4567 2277 4635 bilissimos)
2326 4568 2544 4638 Oscam,
2587 4570 2816 4638 amplam
2849 4569 3025 4621 urbem
3062 4568 3356 4638 contrusit,
3400 4569 3578 4637 iisque.

1970 4640 2201 4710 {lectores
2240 4642 2471 4710 prwl'ecit
2509 4636 2799 4692 litterarum
2825 4638 3120 4692 Graecarum
3149 4646 3198 4690 et
3228 4636 3556 4693 Latinarum.

1971 4707 2079 4780 Ego
2102 4712 2175 4759 sic
2199 4707 2504 4763 redderem:
2533 4710 2864 4780 Congregans
2884 4721 3054 4762 amem
3076 4710 3308 4777 (earum)
3333 4710 3559 4778 gentium

1970 4778 2314 4833 nobilissimos
2340 4781 2390 4832 iu
2412 4779 2619 4841 Oscam,
2642 4778 2816 4833 urbem
2839 4794 3099 4849 magnam.
3119 4781 3350 4847 prwfecit
3367 4786 3439 4833 eis
3461 4782 3555 4833 do—

1969 4860 2132 4903 rtores
2173 4851 2471 4904 Crtecarum
2500 4860 2547 4903 et
2578 4848 2935 4904 Romanarum
2960 4848 3380 4917 disciplinarum;
3414 4858 3470 4903 ut
3502 4856 3557 4905 τό

1969 4924 2360 4991 εὐγενεστάτους
2393 4936 2497 4976 non
2528 4919 2597 4974 ad
2626 4923 2832 4991 urbem,
2864 4921 2958 4974 sed
2994 4923 3068 4991 ad
3098 4918 3365 4991 Hispanos
3389 4920 3559 4989 ephe~

1970 4989 2085 5050 bos.
2117 5008 2252 5061 qno~
2277 4992 2327 5044 in
2356 5006 2475 5046 eam
2506 4991 2777 5061 contra_x_it
2801 4989 3092 5052 Sertorius,
3113 4989 3317 5061 _r_el'erri
3338 4990 3553 5045 debeat.

2045 5058 2273 5129 μέγιω.
2326 5061 2544 5116 Sallust.
2585 5077 2639 5115 ιιι
2686 5059 2964 5114 Historiar.
3014 5067 3069 5113 et
3113 5058 3459 5116 Vaillantium
3502 5062 3557 5118 iu

1967 5124 2131 5195 Julia,
2165 5143 2291 5185 tom.
2329 5133 2345 5186 l
2376 5133 2532 5187 Num.
2563 5134 2615 5186 in
2637 5130 2754 5185 Col.
2784 5141 2840 5186 et
2868 5130 3122 5200 Municip.

2043 5206 2113 5271 te)
2145 5201 2265 5255 VM.
2289 5201 2511 5272 Sueten.
2541 5204 2590 5256 in
2613 5200 2778 5263 Julia,
2805 5202 2896 5272 qui
2926 5212 3103 5254 tamen
3131 5201 3369 5258 secundo
3392 5203 3557 5270 ipsius

1970 5275 2249 5326 consulatu
2279 5271 2573 5326 Galitanos
2599 5281 2654 5324 et
2681 5272 2812 5340 alias
2853 5272 2959 5340 llis;
2983 5273 3120 5325 anizc
3152 5274 3311 5327 urbes
3339 5275 3557 5330 civitate

1970 5343 2211 5406 donavit,
2244 5354 2301 5395 ut
2321 5353 2509 5397 auctor
2537 5352 2617 5397 est
2647 5342 2744 5396 Dio
2765 5339 2947 5409 Cass,
2979 5343 3068 5397 lib.
3106 5361 3192 5399 xu
3220 5353 3275 5399 et
3297 5361 3445 5400 mn.

2043 5415 2118 5484 (Ῑ)
2147 5414 2388 5467 Suetonii
2422 5415 2581 5484 verba
2614 5422 2742 5466 sunt
2770 5414 2822 5466 in
2850 5413 3101 5484 Augusto.

2042 5482 2119 5553 (g)
2152 5484 2434 5555 Civitatem
2464 5482 2759 5555 Romanam
2786 5498 2910 5539 raro
2932 5482 3097 5555 dedit.
3118 5485 3268 5541 Suet.
3293 5487 3345 5540 in
3363 5485 3551 5542 Galba.

2042 5551 2125 5624 (li)
2166 5551 2515 5608 Occasionem
2559 5555 2675 5625 ejus
2727 5554 2859 5621 legis
2914 5551 3166 5618 edendte,
3238 5558 3354 5624 lege
3413 5560 3556 5625 apul

1975 5621 2342 5696 l_leineccium,
2374 5640 2438 5696 ex
2462 5639 2571 5693 quo
2601 5624 2715 5678 lucc
2744 5640 2843 5679 nos
2871 5629 3098 5681 mutuati
3130 5621 3341 5692 luimus,
3371 5621 3552 5696 Antiq.

1977 5694 2233 5769 Rnn._.lu
2254 5697 2359 5769 isp._
2390 5695 2579 5769 illustr.
2609 5695 2662 5769 in
2683 5696 2926 5769 append“.
2955 5696 3072 5769 libri
3103 5714 3137 5761 ι,
3166 5698 3193 5769 §
3226 5714 3337 5751 XIX.

2044 5769 2106 5833 (i)
2140 5764 2209 5819 Ea
2241 5776 2323 5821 est
2348 5765 2431 5819 lex
2468 5783 2481 5820 :
2512 5768 2565 5820 in
2598 5763 2734 5818 Orbe
2772 5766 2851 5827 l7,
2884 5764 2936 5819 ιγ.
2972 5765 3052 5821 De
3089 5763 3223 5822 stalu
3267 5768 3546 5821 hominum.

2046 5838 2117 5907 (j)
2149 5835 2321 5907 Serm.
2357 5836 2380 5889 l
2418 5837 2485 5891 de
2516 5838 2679 5891 natal.
2710 5833 2806 5890 SS.
2840 5839 3133 5904 apostolor.

2047 5908 2122 5978 (Β)
2157 5906 2348 5961 Hmnil.
2388 5906 2441 5960 ll
2479 5910 2545 5962 de
2571 5907 2628 5963 S.
2667 5907 2971 5961 Laurentio.

2444 6020 2465 6045 χ
3462 6021 3494 6035 J

4018 2016 4019 2077 l

4020 2120 4021 2167 ι

4024 2430 4027 2509 l

4026 2534 4029 2636 l
