4046 6364
303 439 399 495 6'5!

1190 444 1634 499 DlSSEli'l'ATlO
1677 445 1763 497 DE
1807 442 2080 495 l).\\l.-\SU
2121 442 2202 494 ΕΤ
2246 443 2654 499 ΙιηὶυΙὶΕΝῐΙΟ.

3467 447 3530 504 CC
3553 454 3573 504 3

302 555 606 611 Merendam
634 559 778 621 licet,
831 558 927 611 sed
957 559 1058 611 alia
1112 560 1320 613 ratione
1369 559 1722 629 Hispanorum
1770 554 1885 625 opi'
1916 558 1960 613 Α
1991 557 2333 610 Calviuistam
2367 558 2565 619 demas,
2600 559 2791 610 nullus.
2828 559 3062 627 Denique
3087 559 3129 612 Α
3151 561 3286 613 iouis
3324 564 3535 613 testium
3566 552 3569 553 ν

300 651 445 704 nioni
475 651 749 705 contraire
792 650 1029 705 Student.
1079 651 1134 705 Si
1186 653 1350 719 enim,
1402 651 1667 720 inquiunt,
1718 648 1883 701 Vero-

298 756 518 795 uensem
547 740 797 795 Codicem
828 742 878 794 in
907 757 1014 810 quo
1045 741 1316 797 Laurentii
1365 752 1525 798 conte
1560 742 1690 795 tatio
1727 756 1883 810 repe.

297 832 434 884 ritur
462 832 660 887 seculo
684 832 792 900 jam
820 842 1009 887 octavo
1048 834 1301 902 scriptum
1352 833 1513 887 fuisse
1544 834 1610 888 ab
1637 832 1682 885 ll
1705 832 1886 900 spanis

298 924 635 989 conceditur,
687 925 787 978 etsi
822 940 919 979 nos
948 926 1153 979 interea
1202 927 1367 993 gratis
1394 924 1472 981 eis
1500 924 1805 978 dederimus
1834 922 1883 975 id

296 1014 788 1070 Sacramentarium
829 1031 858 1070 a
902 1027 1090 1072 sancto
1136 1016 1317 1073 Leone
1365 1018 1722 1088 compositum
1776 1032 1883 1069 non

299 1106 485 1172 fuisse,
526 1105 786 1159 habemus
816 1106 1003 1161 saltem
1033 1122 1130 1175 pro
1162 1108 1315 1162 nobis
1344 1107 1615 1176 antiquius
1647 1108 1887 1161 test‘nto-

299 1196 446 1250 nium
490 1214 599 1270 pne
648 1198 711 1251 iis
753 1199 945 1266 quibus
995 1198 1218 1269 llispani
1266 1210 1515 1253 auctores
1564 1198 1884 1263 innituntur,

296 1299 463 1357 atque
493 1288 627 1342 adeo
660 1289 818 1356 longe
860 1290 1083 1343 validius
1132 1300 1525 1357 argumentum.
1578 1288 1639 1341 Et
1668 1289 1882 1357 quidem

297 1381 363 1439 si,
400 1380 594 1435 omissa
627 1382 831 1447 interea
860 1383 1221 1452 disputatione
1251 1382 1317 1437 de
1348 1384 1667 1452 antiquitate
1694 1382 1797 1436 Sac
1828 1397 1882 1433 a-

298 1476 549 1528 mentarii
598 1475 921 1531 Veronensis
973 1477 1075 1547 (a),
1131 1492 1254 1528 vo-ra
1305 1490 1423 1529 esse
1473 1475 1720 1528 volumus
1766 1490 1885 1543 qua:

294 1564 439 1616 circa
487 1573 697 1617 aitatem
740 1564 952 1620 CodicTs
982 1580 1010 1617 a
1042 1564 1334 1618 Blancliino
1382 1564 1520 1618 erui
1572 1564 1672 1617 sub
1724 1562 1885 1631 hujus

295 1653 493 1722 capitis
520 1655 727 1708 initium
777 1672 805 1708 a
846 1656 999 1711 nobis
1040 1657 1180 1725 dicta
1232 1665 1401 1710 sunt:
1448 1656 1711 1724 adigimur
1756 1672 1883 1723 pro-

296 1746 441 1802 fecto
471 1758 526 1801 ut
555 1763 911 1816 agnoscamus
952 1750 1160 1812 integro
1192 1748 1466 1801 minimuut
1517 1747 1715 1801 satculo
1744 1746 1883 1799 auti-

290 1839 696 1905 quioretneum
738 1839 994 1894 Codicem
1044 1855 1184 1905 esse,
1237 1854 1397 1907 quam
1447 1838 1563 1891 Ado
1609 1854 1677 1892 ex
1730 1836 1883 1905 cujus

1992 649 2134 701 nium
2168 658 2268 703 vet.
2292 658 2493 703 storum
2522 649 2763 704 codicum
2798 650 2921 716 lide,
2968 650 3355 722 multiplicique
3382 653 3566 720 conje-

1988 748 2136 794 ctura
2184 757 2248 793 ex
2296 740 2443 793 libris
2486 740 2762 808 liturgicis,
2811 750 2972 811 atjue.
3021 740 3273 795 Ecclesia:
3320 741 3568 797 Patribus

1989 830 2309 898 adjuvatur;
2353 831 2676 885 Veronensis
2704 830 2916 886 Codicis
2961 834 3250 887 auctoritas
3285 833 3568 901 singularis

1989 929 2091 983 est,
2137 936 2260 973 nam
2294 919 2538 973 Vaticani
2569 920 2783 975 Coticis
2830 922 2998 981 locus,
3047 936 3205 989 quem
3250 920 3571 976 Blanchinus

1991 1010 2202 1065 unicum
2237 1010 2287 1063 in
2318 1011 2435 1079 ejus
2465 1012 2929 1064 continuationem
2968 1011 3141 1075 alfert,
3192 1010 3323 1064 nihil
3353 1010 3569 1065 conclu-

1946 1132 1949 1135 λ
1988 1102 2088 1168 dit,
2122 1112 2179 1155 ut
2209 1101 2430 1156 inferius
2458 1102 2718 1157 dicemus.
2773 1102 2925 1157 Mitto
2956 1102 3218 1156 inﬁrmato
3250 1102 3571 1157 Veronensis

1988 1192 2199 1246 Codicis
2231 1192 2388 1246 tidem
2431 1194 2481 1245 in
2525 1209 2591 1247 eo
2641 1202 2812 1248 tractu
2857 1196 2948 1263 qui
2988 1194 3281 1249 Clementis
3328 1211 3474 1264 papa:
3516 1206 3573 1250 et

1991 1283 2239 1355 martyris
2271 1285 2497 1353 patriam
2525 1285 2776 1350 exhibet;
2832 1296 2889 1340 ut
2917 1287 2959 1340 si
2992 1288 3042 1339 in
3072 1286 3343 1340 Laurentii
3393 1286 3566 1341 Mieszn

1988 1376 2416 1442 (loutestatione,
2464 1377 2531 1431 de
2558 1378 2746 1430 eodem
2778 1388 3094 1446 argumento
3122 1382 3204 1449 agi
3234 1380 3561 1434 Blanchinus

1986 1469 2305 1533 contendat,
2354 1485 2471 1523 eam
2509 1486 2721 1540 quoque
2766 1468 3223 1525 Contestationem
3273 1474 3564 1526 sublestam

1988 1558 2103 1615 fore
2129 1563 2386 1615 credibile
2416 1562 2504 1616 sit.

2057 1650 2195 1719 Itiro,
2220 1651 2262 1705 si
2292 1667 2405 1705 rem
2439 1651 2599 1721 paulo
2624 1651 2930 1721 diligentius
2957 1656 3267 1708 examinare
3299 1656 3564 1718 volumus,

1988 1758 2092 1793 non
2123 1741 2253 1795 satis
2282 1741 2618 1810 exploratum
2647 1743 2766 1807 erit,
2802 1743 3067 1798 nustrisne
3090 1761 3156 1798 an
3182 1746 3359 1814 potius
3380 1746 3568 1799 adver—

1986 1831 2247 1884 sariorum
2284 1830 2649 1887 fundamentis
2696 1833 3033 1901 antiquitatis
3083 1836 3432 1904 prat'ogativa
3477 1836 3569 1891 dc-

290 1928 547 2002 Martyrol
588 1931 674 1999 gio
704 1932 939 1999 pressius
985 1947 1080 2001 pro
1112 1939 1290 1985 nostra
1335 1931 1603 1985 sententia
1635 1930 1869 1983 testium

1992 1921 2175 1973 bratur
2203 1937 2219 1979 ;
2262 1936 2384 1974 cum
2417 1921 2579 1982 enim,
2631 1921 2771 1975 sicut
2800 1923 3003 1991 pridem
3030 1923 3359 1988 dicebamus,
3407 1922 3568 1976 Bato-

292 2020 442 2074 uium
472 2023 694 2074 mutuati
728 2038 931 2075 sumus.

366 2111 561 2166 Verum
591 2129 735 2174 cum,
766 2113 972 2166 etiamsi
1001 2112 1199 2167 sa~culo
1220 2120 1412 2168 octavo
1438 2111 1881 2166 Blancltinianum

287 2204 543 2258 Calicem
573 2205 830 2273 scriptum
889 2203 1053 2259 fuisse
1097 2220 1418 2269 asseratnus,
1474 2205 1591 2273 ejus
1633 2207 1876 2259 testimo-

286 2298 438 2351 nium
468 2298 533 2351 de
564 2297 836 2353 Laurentii
878 2301 1097 2354 civitate
1127 2310 1219 2352 aut
1269 2300 1463 2370 patria,
1508 2302 1746 2368 quinque
1777 2302 1878 2354 mi-

286 2392 493 2443 nimum
523 2392 731 2446 St'ClliiS
778 2407 838 2446 re
866 2391 934 2447 tle
972 2410 1077 2463 qua
1110 2395 1426 2462 perhibetur
1466 2395 1735 2450 recentius
1765 2396 1880 2449 fore

284 2496 509 2537 necesse
534 2484 603 2536 sit
629 2501 641 2535 :
692 2500 797 2537 non
827 2484 983 2539 vidt-o
1031 2487 1157 2555 quid
1190 2488 1360 2555 major
1390 2487 1479 2541 illa
1515 2489 1670 2541 nttius
1699 2490 1877 2543 swtzuli

284 2590 398 2643 pra:
424 2574 611 2631 Adone
654 2578 967 2647 antiquitas,
1014 2590 1071 2631 ut
1115 2591 1302 2633 cratera
1345 2582 1451 2633 sint
1495 2582 1664 2647 paria.
1720 2582 1875 2637 tidem

280 2665 404 2735 ejus
431 2665 664 2734 Codicis,
699 2669 773 2724 rei
804 2668 871 2724 de
898 2685 1002 2741 qua
1030 2672 1237 2739 agimus
1276 2670 1659 2727 confirmanda:
1682 2672 1876 2740 juvare

282 2757 500 2823 possit;
532 2773 635 2812 non
668 2760 838 2827 magis
879 2776 941 2815 ac
987 2761 1029 2814 si
1074 2764 1213 2830 quis,
1266 2764 1496 2831 exetnpli
1546 2764 1744 2831 gratia,
1777 2781 1875 2834 pro

282 2847 578 2901 astruendo
608 2848 749 2903 facto
778 2852 915 2919 quod
950 2852 1000 2906 in
1029 2868 1227 2907 annum
1273 2854 1457 2909 incidit
1485 2853 1682 2909 Christi
1714 2856 1869 2918 1200,

279 2939 462 2992 saeculi
493 2956 596 2994 mi
626 2941 768 3011 quod
803 2943 1047 3012 proxime
1097 2944 1336 3014 elapsum
1379 2943 1499 3008 fuit,
1532 2962 1694 3015 quam
1741 2964 1869 3002 va

280 3028 468 3099 inquo
499 3032 747 3098 vivimus,
794 3034 1157 3087 testimonium
1212 3036 1565 3102 prmstabilius
1593 3038 1871 3092 exisziina-

280 3131 386 3173 ret.
418 3119 534 3175 Jam
564 3138 691 3178 γετο
721 3123 762 3178 Β
784 3141 814 3178 a
842 3125 1160 3180 :chinianutn
1215 3127 1492 3193 (Iudicem,
1547 3130 1656 3183 imo
1704 3130 1866 3183 etiam

280 3209 457 3265 Laure
500 3212 652 3265 tian.e
681 3213 1364 3277 missa:.Coutestatiouem,
1427 3220 1602 3287 qualis
1630 3236 1696 3275 ex
1746 3222 1865 3290 ipso

276 3302 433 3357 nobis
461 3302 729 3371 objicitur,
779 3306 977 3361 sacculo
1025 3322 1120 3362 vnt
1162 3309 1496 3377 antiquiores
1544 3326 1651 3365 non
1698 3327 1857 3366 esse:

276 3394 476 3464 prioris
504 3390 1004 3455 iliuscharactrris
1033 3401 1307 3467 specimen
1337 3418 1366 3455 a
1395 3401 1694 3459 Bianohiao
1722 3407 1868 3459 exhi-

275 3486 470 3550 bitum,
503 3498 557 3542 et
588 3491 908 3557 posterioris
931 3492 1090 3561 hujus
1122 3493 1332 3563 phrasis
1354 3496 1679 3564 conjiciendi
1708 3513 1864 3554 occa-

252 3578 483 3651 sionem
512 3581 770 3648 pra-bent.

346 3694 610 3749 Consulto
639 3698 811 3765 adjcci
840 3716 853 3751 :
909 3709 962 3751 ut
1003 3710 1187 3753 (πβρι-α
1216 3703 1321 3754 sint
1350 3703 1520 3771 paria.
1568 3702 1705 3769 Quid
1736 3718 1865 3759 vero

275 3784 323 3838 si
353 3785 529 3853 potior
558 3804 667 3857 pne
694 3789 996 3857 antiquiore
1023 3792 1292 3847 recentior
1316 3792 1531 3856 Codex,
1576 3805 1669 3848 aut
1701 3795 1863 3865 hujus

280 3891 387 3944 pra:
416 3877 559 3932 ilius
589 3880 957 3934 trstimonium
1008 3884 1246 3950 apertius
1296 3892 1461 3952 atque
1498 3885 1864 3956 incorruptius

277 3965 479 4019 fuerit?
521 3965 588 4020 Et
615 3968 829 4036 quidem
861 3969 1102 4026 Adonem
1149 3972 1354 4026 clarum
1385 3972 1563 4027 seculi
1594 3988 1645 4028 ut
1678 3986 1862 4030 aucto-

276 4071 410 4123 rem,
437 4058 822 4128 muttiplirique
856 4062 1166 4116 trstimonio
1193 4065 1627 4119 commendatum
1658 4066 1737 4137 (b)
1760 4068 1864 4122 sci-

275 4162 431 4213 mus;
480 4164 601 4203 cum
631 4152 872 4219 quisquis
922 4153 1010 4208 ille
1039 4153 1199 4205 fuerit
1256 4152 1581 4210 Veronensis
1623 4154 1857 4223 Codieis,

276 4239 401 4295 licet
425 4243 763 4313 antiquioris,
795 4245 1047 4314 scriptor,
1097 4262 1190 4299 seu
1223 4248 1400 4315 potius
1433 4250 1809 4306 consarcinata
1830 4270 1860 4315 ',

274 4332 447 4386 obvias
485 4350 809 4405 quascunque
850 4336 1115 4404 liturgicas
1138 4352 1311 4405 preces
1333 4337 1445 4389 sine
1468 4336 1686 4401 delectu,
1710 4347 1861 4408 atque

273 4425 457 4478 ordine
490 4429 560 4494 (c)
594 4426 646 4478 in
676 4443 831 4479 auum
874 4424 1113 4481 Codicem
1159 4428 1401 4496 coegerit.
1454 4424 1719 4481 Prmterea
1762 4426 1861 4481 Ve-

272 4517 519 4570 ronensis
548 4517 749 4571 codicis
780 4518 929 4572 locus
957 4535 1065 4572 non
1098 4520 1259 4573 modo
1289 4519 1357 4573 ad
1386 4519 1636 4587 patriam,
1665 4519 1856 4574 civita-

1987 2032 2021 2067 ιι
2045 2030 2104 2067 us
2132 2012 2302 2077 binos,
2329 2030 2513 2079 eosque
2534 2023 2844 2081 perretastos
2867 2014 3079 2069 Codices
3110 2016 3161 2069 in
3189 2013 3419 2069 Ecclesia
3442 2016 3563 2069 olim

1985 2106 2187 2158 recitari
2218 2105 2396 2158 solitos
2430 2121 2488 2159 se
2517 2104 2711 2159 vidisse
2755 2105 3005 2171 allirmet,
3057 2105 3109 2159 iu
3150 2106 3345 2173 quibus
3376 2105 3565 2160 Dama-

1982 2210 2072 2249 διδ
2101 2194 2371 2249 Laurentii
2427 2197 2768 2266 compatriota
2821 2197 3134 2266 legebatur;
3184 2208 3238 2251 et
3266 2199 3397 2255 alias
3444 2216 3566 2255 san-

1981 2296 2098 2339 ctus
2129 2287 2217 2340 ille
2240 2285 2481 2365 pontifex
2533 2287 2600 2341 ab
2647 2303 2713 2341 au
2753 2300 2869 2341 tore
2913 2289 3142 2358 catalogi
3198 2289 3561 2348 Romanorum

1980 2393 2090 2446 pra:
2106 2378 2264 2431 -ulutn
2288 2379 2386 2432 sub
2414 2379 2608 2444 Felice,
2631 2380 2679 2433 id
2702 2389 2802 2444 est,
2828 2381 3043 2435 ineunte
3060 2383 3258 2436 sa-culo
3282 2399 3332 2436 γι
3356 2383 3561 2453 scripti,

1978 2469 2327 2528 dilutissima
2363 2475 2631 2545 Hispanas
2663 2477 2965 2545 appelletur
2997 2494 3010 2530 :
3043 2478 3222 2546 quidni
3258 2479 3411 2535 binos
3443 2480 3562 2535 illos

1977 2561 2223 2623 Codices.
2276 2565 2356 2617 vel
2406 2580 2594 2619 eorum
2625 2567 2871 2631 alterum,
2927 2569 3125 2620 saeculo
3171 2584 3257 2644 vin
3289 2558 3579 2635 antiquio?

1978 2672 2087 2710 rem
2119 2656 2283 2712 fuisse
2312 2658 2686 2727 suspicemur;
2735 2666 2830 2712 aut
2874 2658 2923 2712 in
2958 2674 3061 2712 una
3112 2658 3319 2713 Damasi
3368 2661 3558 2729 patria,

1976 2761 2135 2815 quam
2163 2746 2470 2803 Felicianus
2500 2747 2813 2818 pontiﬁcum
2844 2748 3124 2819 catalogus
3150 2752 3321 2805 exhib
3351 2761 3400 2817 t,
3453 2769 3557 2807 non

1975 2842 2135 2894 etiam
2197 2840 2468 2895 Laurentii
2527 2841 2755 2910 patriam
2822 2842 3084 2895 contineri
3145 2842 3555 2910 existimemus;

1975 2930 2265 2998 praesertim
2314 2946 2435 2985 cum
2475 2945 2597 2984 eum
2645 2930 2852 2984 Damasi
2903 2930 3312 2999 compatriotam
3366 2931 3553 2997 fuisse,

1972 3021 2264 3076 adversarii
2298 3022 2374 3093 (ά)
2410 3023 2686 3077 nobiscum
2717 3023 3056 3092 agnoscant?
3105 3022 3211 3076 Sed
3238 3024 3305 3076 de
3334 3023 3414 3077 his
3445 3022 3554 3079 t'or-

1973 3111 2127 3167 tassis
2154 3112 2217 3165 ad
2250 3128 2524 3168 nauseam.

2565 3204 2793 3259 CAPUT
2826 3204 2953 3260 Vlll.

2067 3314 2301 3369 Extremi
2333 3316 2749 3369 adversariorum
2778 3328 2990 3371 conatus
3020 3318 3444 3387 comprimuntur.

2040 3427 2269 3493 bollem,
2303 3427 2446 3497 quod
2496 3443 2563 3482 ex
2614 3426 2769 3482 Tullii
2799 3430 3066 3483 sentent'a
3099 3428 3167 3500 (ε)
3200 3428 3378 3485 facere
3406 3430 3550 3486 iuer—

1967 3532 2047 3576 tes
2075 3529 2250 3591 poetae
2278 3520 2476 3585 solent,
2524 3530 2769 3575 extremo
2815 3521 2865 3575 in
2916 3531 3039 3576 actu
3089 3523 3444 3591 negligentior
3471 3524 3548 3578 vi-

1964 3614 2074 3667 deri
2105 3630 2120 3678 ;
2161 3628 2346 3665 verum
2379 3626 2483 3665 non
2513 3612 2690 3680 magni
2731 3613 3012 3678 momenti,
3058 3614 3279 3683 jamque
3305 3614 3432 3669 alibi
3478 3631 3542 3672 ex

1965 3714 2117 3775 parte
2145 3704 2417 3759 confutata
2449 3716 2577 3760 sunt
2605 3721 2725 3775 qum
2750 3707 2902 3762 nobis
2946 3707 3049 3761 hoc
3079 3709 3197 3762 loco
3228 3707 3548 3763 Blanchinus

1964 3796 2185 3865 objicit;
2235 3806 2291 3851 ct
2336 3796 2467 3851 alias
2496 3812 2616 3851 mos
2648 3797 2936 3852 lectoribus
2966 3798 3232 3864 gerendus
3260 3808 3361 3864 est,
3410 3814 3547 3868 qun-

1965 3905 2079 3941 rmn
2109 3890 2369 3942 hactenus
2404 3888 2659 3956 patientia
2693 3887 2933 3943 ﬂirmssis
2963 3890 3113 3943 abusi
3139 3906 3345 3946 sumus.
3380 3890 3541 3959 Ergo,

1963 3993 2120 4046 quam
2155 3979 2205 4031 in
2239 3978 2509 4045 prioribus
2540 3980 2867 4048 argumentis
2908 3980 3150 4036 eluendis
3171 4023 3186 4049 ,
3230 3997 3291 4037 re
3338 3983 3548 4041 scilicet

1964 4069 2036 4121 ita
2066 4070 2332 4135 exigente,
2367 4069 2577 4140 prolixe
2605 4070 2814 4138 egimus
2841 4089 2852 4123 :
2906 4073 2956 4125 iu
2993 4086 3060 4126 eo
3088 4072 3232 4140 quod
3263 4088 3426 4128 unum
3455 4089 3547 4128 su-

1964 4168 2141 4231 perest
2169 4170 2280 4214 tam
2307 4162 2590 4217 verborum
2623 4162 2771 4231 parci
2799 4160 2959 4216 futuri
2988 4178 3194 4217 sumus.

2031 4250 2228 4320 Objicit
2258 4251 2411 4321 igitur
2445 4253 2596 4307 nobis
2635 4260 2907 4322 postremo
2938 4253 3057 4308 loco
3090 4252 3410 4309 Blanchinus
3440 4253 3546 4309 Va-

1964 4343 2197 4397 ticanum
2229 4343 2482 4399 Colicetn
2515 4344 2735 4409 sa‘culo,
2776 4353 2833 4398 ut
2860 4346 2971 4412 ipse
2999 4345 3212 4412 asserit,
3244 4360 3386 4398 nono
3417 4361 3546 4399 exa-

1964 4447 2165 4500 ratum,
2197 4436 2434 4504 Actaque
2463 4446 2769 4491 sanctorum
2800 4434 2968 4500 Sixti,
3024 4434 3293 4489 Laurentii
3325 4445 3380 4488 et
3411 4434 3542 4505 [lip-

1963 4527 2128 4597 polyti
2159 4528 2298 4580 inter
2328 4527 2430 4581 alia
2461 4528 2847 4587 eoutinentem,
2883 4527 2932 4579 in
2962 4525 3157 4593 quibus
3178 4526 3336 4579 levita
3360 4536 3543 4581 uoster

273 4616 403 4669 tem.
443 4607 769 4676 passimtctlt.
809 4617 861 4662 et
912 4608 1201 4662 incolatu!"
1254 4608 1523 4663 Laurentii
1546 4608 1856 4677 Sislliﬁcan-
1894 4627 1939 4684 ι)
1964 4617 2300 4685 apertissime
2326 4617 2520 4671 dicitur
2542 4615 2808 4671 Romanus
2836 4615 2980 4670 civis.
3010 4615 3283 4669 luducitur
3310 4616 3359 4669 in
3392 4617 3540 4671 Actis

270 4697 398 4750 dum
428 4698 727 4767 ambiguus.
777 4699 871 4753 sed
904 4696 974 4752 de
1018 4699 1151 4752 vitio
1184 4707 1277 4752 aut
1323 4699 1739 4765 interpolatione
1767 4716 1857 4756 su-

269 4786 640 4849 spectissimus
668 4796 773 4853 est,
806 4797 865 4842 ut
890 4786 1119 4841 vidimus
1143 4805 1155 4839 :
1192 4787 1393 4843 Adonis
1424 4791 1767 4858 incorruptus
1795 4804 1859 4844 ac

273 4877 533 4944 pressior,
565 4876 741 4947 deque
769 4878 1091 4933 sanctissimi
1124 4878 1296 4931 levita:
1326 4877 1495 4946 patria
1527 4879 1749 4932 omnino
1780 4878 1860 4932 in-

272 4969 670 5036 terpretandus.
728 4970 960 5024 Rursum
1012 4969 1265 5025 :Adonis
1319 4970 1642 5024 sententiam
1699 4986 1860 5025 nemo

270 5075 379 5114 non
410 5068 680 5127 veterum,
731 5075 833 5115 nec
861 5061 1157 5115 recentium
1185 5062 1255 5111 ab
1286 5059 1526 5127 ejusdem
1572 5074 1688 5113 arvo
1727 5062 1857 5113 scri—

272 5158 487 5219 ptorum
512 5162 728 5205 secutus
754 5150 847 5204 fuit
875 5169 891 5215 ;
924 5150 1247 5205 Veronensis
1268 5148 1502 5212 Codieis,
1536 5149 1577 5204 si
1604 5149 1857 5203 Manli.qu

346 5353 422 5418 (ιι)
457 5351 529 5404 De
558 5352 660 5406 hoc
689 5362 1008 5420 argumento
1053 5352 1254 5419 pridem
1287 5366 1446 5421 egere
1472 5350 1579 5421 CC.
1616 5351 1729 5406 νγ.
1759 5352 1859 5405 Me-

272 5430 444 5487 ratus,
476 5422 771 5486 Autortius,
800 5422 1137 5485 Muratorins,
1171 5423 1425 5484 Conatus,
1457 5420 1642 5477 Orsius
1666 5431 1718 5475 et
1747 5423 1857 5485 alii,

273 5506 502 5555 quorum
533 5493 797 5547 sententia
827 5510 892 5547 eo
922 5494 1163 5547 recidere
1192 5491 1421 5553 videtur,
1451 5500 1509 5544 ut
1532 5492 1729 5546 simulo
1748 5493 1858 5561 jam

271 5561 463 5627 quinto
491 5561 977 5617 Sacramentarium
1001 5563 1303 5616 confectum
1338 5562 1499 5615 fuisse
1519 5563 1860 5626 existiment;

273 5641 397 5702 sunt
430 5640 608 5685 tamen
638 5632 880 5687 fortassis
912 5636 964 5689 in
994 5635 1110 5702 ipso
1128 5632 1292 5700 ,plura
1317 5631 1664 5700 sequentibus
1691 5647 1859 5686 sarcu-

274 5700 339 5754 lis
384 5702 588 5770 atljerta
637 5718 759 5771 quae
805 5704 929 5757 alibi
977 5700 1027 5756 a'
1064 5702 1216 5755 nobis
1262 5702 1602 5766 indicantur;
1664 5711 1863 5770 praeter

272 5787 559 5834 commune
590 5773 958 5841 liturgicorum
987 5773 1244 5827 Codicum
1286 5772 1560 5838 ingenium
1591 5775 1741 5825 novis
1771 5773 1859 5826 ad-

273 5842 563 5913 ditionibus
593 5853 803 5913 patens,
847 5845 986 5897 utin
1017 5843 1227 5898 caeteris
1273 5841 1511 5910 ejusdem
1560 5844 1854 5911 argumenti

276 5910 422 5968 libris
452 5910 646 5984 passim
676 5914 873 5970 factum
908 5915 1171 5969 videmus.

1961 4712 2163 4776 Sixtus,
2213 4711 2524 4764 imminente
2572 4710 2737 4778 ipsius
2769 4709 3037 4780 passione,
3072 4706 3412 4762 Laurentium
3440 4726 3540 4764 vo-

1961 4823 2109 4869 cans,
2156 4807 2313 4877 eique
2340 4803 2591 4859 Ecclesia:
2640 4802 2917 4857 facultates
2965 4802 3288 4871 pauperibus
3312 4815 3541 4869 eroganv

1960 4898 2054 4951 das
2085 4897 2447 4959 eonunittcns,
2478 4895 2561 4949 his
2590 4894 2767 4948 verbis
2798 4893 2872 4961 (f)
2905 4912 2914 4943 :
2950 4891 3175 4960 Cumque
3204 4893 3331 4956 hac,
3373 4901 3421 4945 et
3464 4892 3542 4946 Itis

1960 4991 2149 5045 similia
2177 5006 2267 5043 suo
2297 4998 2473 5041 sancto
2504 5002 2737 5040 sermone
2782 4984 3107 5037 disseruisset
3152 4982 3213 5054 (S
3237 4985 3405 5054 xtus),
3456 5001 3548 5039 vo-

1960 5086 2089 5136 cavit
2121 5081 2471 5143 errentium‘
2519 5076 2939 5132 archidiaconum
2965 5092 3131 5136 suum,
3166 5090 3325 5130 Clvszu
3368 5092 3541 5129 tton-

1962 5189 2103 5238 Nttu,
2152 5171 2364 5241 dignum
2410 5168 2540 5234 Deo,
2588 5178 2634 5221 et
2664 5165 2769 5221 Deo
2802 5164 2921 5235 (sic)
2960 5165 3142 5227 virum,
3195 5174 3243 5216 et
3291 5164 3462 5217 habitu
3491 5171 3540 5217 et

2032 5350 2104 5417 (b)
2140 5348 2255 5401 Vid.
2285 5346 2364 5401 C'.
2392 5340 2933 5417 Durninicusgcorgii
2962 5339 3011 5393 in
3043 5338 3195 5393 Praef.
3245 5356 3366 5392 nov.
3401 5339 3531 5394 edit.

1962 5412 2186 5478 Adonis,
2220 5421 2400 5470 Roma:
2436 5413 2587 5476 1745,
2620 5430 2673 5466 n.
2710 5412 2794 5464 10.

2030 5491 2101 5559 (ς)
2136 5488 2415 5559 Mora-gn,
2455 5485 2587 5537 Diss.
2620 5482 2688 5536 de
2719 5482 2923 5549 Liturg.
2970 5479 3123 5533 Ro'n.
3158 5487 3289 5543 νειμ,
3322 5494 3442 5548 cap.
3478 5479 3530 5543 5,

1961 5554 2155 5616 col-.9!
2190 5566 2245 5611 et
2267 5554 2354 5629 2'29.
2449 5624 2475 5629 ﬂ
2960 5620 2993 5629 ἡ
3150 5580 3167 5629 '_
3287 5620 3298 5629 ,
3396 5620 3463 5629 ,,

2032 5626 2403 5699 (ἀλλιθτεηιιη
2440 5624 2636 5695 Opusc.
2677 5632 2730 5676 rt
2775 5631 2911 5691 gest.
2960 5620 3170 5674 Damasi
3220 5620 3338 5673 sub.
3395 5620 3536 5685 lnit.,

1960 5698 2163 5771 pag.

2031 5763 2100 5840 ξε)
2134 5770 2208 5840 De
2235 5767 2723 5840 St‘tteclttlt‘,‘ttttftt.
2754 5763 2807 5816 ‘2.

2031 5832 2099 5909 (ι’)
2135 5838 2488 5899 Blancltinus,
2541 5838 2733 5890 Anuot.
2787 5850 2867 5888 cn
2920 5834 2969 5887 iu
3019 5832 3354 5896 Oratiouar.,
3411 5844 3539 5905 pag.

1958 5912 2079 5965 9.83.
