4106 6262
590 410 647 465 Η
1588 409 1647 467 S.
1687 409 1963 468 CYRILLI
2000 413 2473 473 ALEXANBRINI
2501 415 2824 475 ARCHIEP.
3756 421 3834 478 ἠ

592 546 810 590 naturas
831 539 1150 589 convertere
1174 546 1238 588 ac
1263 532 1560 589 traducere
1584 549 1597 585 :
1621 536 1767 604 quod
1788 537 2007 606 quidem
2029 554 2159 608 pro-

2265 542 2392 596 ἴδιον
2420 542 2513 597 τοῦ
2544 543 2685 597 κατὰ
2717 541 2877 614 φύσιν
2905 540 3063 595 Θεοῦ.
3109 539 3281 594 Τοῦτο
3320 533 3412 593 οὖν
3451 536 3699 608 βούλεται
3729 540 3837 594 διὶ-

585 622 764 691 prium
813 628 901 679 cst
928 619 1226 679 secundum
1253 627 1506 675 naturam
1551 620 1667 677 Dei.
1708 622 1825 677 Hoc
1853 624 2024 695 igitur
2048 626 2161 679 vult

582 711 890 776 ostendere,
936 727 1060 766 cum
1112 710 1285 764 dicit:
1320 727 1341 761 ι
1378 709 1710 767 Potestatem
1745 714 1922 769 habeo
1953 730 2161 785 ponere

583 803 844 867 animam,
894 813 947 857 et
995 808 1320 872 potestatem
1359 801 1535 856 habeo
1569 802 1998 872 acciperecam,
2040 824 2059 858 ι
2103 821 2163 862 se

585 906 692 948 non
735 894 952 962 jussum
998 893 1157 964 661
1206 899 1266 946 ut
1313 907 1534 948 servum
1560 899 1654 946 aut
1686 893 2023 959 ministrum,
2065 895 2160 951 sed

582 998 756 1053 neque
782 998 848 1038 ex
877 984 1209 1038 necessitate
1233 981 1320 1037 vel
1348 996 1379 1035 a
1403 980 1735 1052 quibusdam
1763 991 2043 1050 coactum,
2066 983 2161 1041 sed

581 1077 854 1131 volentem
890 1075 959 1129 ad
984 1073 1038 1129 id
1063 1075 1298 1130 venisse.
2121 1074 2131 1091 '

649 1165 719 1231 Χ,
754 1165 844 1221 18.
887 1164 1006 1220 Hoc
1037 1164 1347 1219 mandatum
1379 1164 1555 1235 accepi
1582 1181 1614 1219 a
1645 1162 1811 1220 Patre
1846 1182 1980 1221 meo.

648 1340 729 1397 Ne
751 1341 876 1412 quis
904 1341 1051 1397 enim
1091 1341 1260 1409 dicat,
1291 1350 1492 1413 praeter
1529 1341 1867 1398 voluntatem
1884 1341 2010 1397 Fiiii
2049 1358 2161 1398 non

579 1448 746 1504 posse
786 1433 1000 1488 Patrem
1048 1449 1268 1489 sumere
1307 1435 1548 1489 animam
1590 1435 1732 1503 ejus,
1770 1450 1946 1505 neque
1976 1451 2041 1489 ex
2095 1451 2163 1490 eo

580 1527 637 1579 in
674 1540 783 1579 una
816 1524 1019 1580 deitate
1064 1523 1245 1579 Patris
1283 1533 1339 1579 et
1372 1522 1493 1579 Filii
1518 1524 1812 1580 dissidium
1853 1534 1908 1582 et
1952 1526 2164 1582 discor-

581 1616 729 1671 diam
768 1615 957 1680 faciat,
988 1615 1210 1687 quando
1243 1615 1377 1671 dicit
1412 1632 1472 1673 se
1504 1616 1819 1672 mandatum
1855 1619 2160 1690 accepisse,

583 1708 638 1762 in
673 1709 779 1764 hoc
823 1710 1263 1781 consentientem
1315 1709 1849 1780 convenientemque
1880 1711 2163 1767 voluntate

581 1796 823 1852 ostendit
855 1796 1099 1866 Patrem,
1149 1808 1204 1853 et
1253 1807 1517 1868 tanquam
1572 1799 1640 1852 ab
1695 1813 1805 1853 una
1865 1806 2052 1855 mente
2106 1805 2162 1855 et

2265 633 2370 697 ξαι,
2386 632 2474 687 διὰ
2500 633 2592 687 τοῦ
2610 633 2808 703 λέγειν,
2845 651 2864 684 ι
2887 629 3160 698 Ἐξουσίαν
3192 626 3301 700 ἔχω
3329 629 3499 683 θεῖναι
3523 629 3621 701 τὴν
3636 628 3834 700 ψυχὴν,

2262 723 2355 777 καὶ¹
2380 721 2626 788 ἐξουσίαν
2663 723 2772 795 ἔχω
2804 721 2988 776 λαϐεῖν
3016 721 3222 791 αὐτήν·
3255 739 3273 771 ι
3309 720 3392 772 ὅτι
3423 719 3486 773 οὐ
3523 718 3835 782 κελευσθεὶς

2261 812 2336 875 ὡς
2365 810 2549 875 δοῦλος
2589 811 2622 882 ἢ
2658 811 2972 882 ὑπηρέτης,
3005 809 3117 863 ἀλλ’
3148 808 3271 862 οὐδὲ
3319 808 3394 873 ὡς
3436 807 3497 873 ἐξ
3525 808 3771 879 ἀνάγκης
3800 807 3835 878 ἢ

2265 902 2508 975 βιασθεὶς
2534 903 2687 974 παρά
2710 920 2894 971 τινων,
2910 901 3035 956 ἀλλ’
3056 900 3204 956 ἑκὼν
3236 896 3400 972 ἦλθεν
3428 900 3521 954 ἐπὶ
3552 900 3731 953 τοῦτο.

2337 1164 2569 1233 Ταύτην
2601 1163 2715 1232 τὴν
2745 1162 3006 1233 ἐντολὴν
3033 1161 3255 1217 ἔλαϐον
3285 1160 3444 1231 παρὰ
3476 1161 3582 1217 τοῦ
3607 1162 3839 1232 Πατρός

2252 1271 2397 1325 μου.
2747 1298 2753 1303 .

2334 1346 2454 1400 Ἷνα
2479 1347 2588 1420 γὰρ
2626 1345 2699 1418 μή
2721 1363 2805 1410 τις
2836 1345 2986 1418 εἴπῃ,
3013 1346 3094 1400 ὅτι
3121 1347 3274 1418 παρὰ
3304 1347 3404 1418 τὴν
3433 1345 3527 1400 τοῦ
3553 1344 3687 1399 Tim?
3711 1345 3839 1417 βού-

2262 1438 2418 1511 λησιν
2454 1440 2516 1493 οὐ
2556 1439 2778 1494 δύναται
2810 1439 2849 1491 ’ὁ
2892 1439 3084 1510 Πατὴρ
3110 1438 3294 1492 λαϐεῖν
3321 1437 3487 1492 αὑτοῦ
3520 1437 3618 1509 τὴν
3636 1438 3837 1507 ψυχὴν,

2262 1535 2356 1587 καὶ
2380 1535 2445 1587 ὲκ
2464 1532 2658 1586 τούτου
2687 1531 3022 1601 στασιασμὸν
3055 1531 3149 1584 καὶ
3183 1529 3447 1600 διχόνοιαν
3478 1528 3748 1601 εἰσαγάγῃ
3780 1529 3839 1581 ὲν

2260 1628 2328 1696 τῇ
2365 1626 2467 1697 μιᾷ
2499 1625 2714 1696 θεότητι
2745 1623 2841 1678 τοῦ
2869 1623 3079 1696 Πατρὸς
3120 1621 3329 1676 καὶτοῦ
3360 1620 3513 1686 Υἱοῦ,
3539 1620 3604 1673 δι’
3634 1612 3708 1673 ὧν
3731 1636 3838 1689 (ρη-

2265 1733 2370 1782 σιν,
2398 1715 2629 1769 Ἐλαὸον
2667 1715 2906 1785 ἐντολὴν,
2940 1713 3352 1785 συμφωνοῦντα,
3393 1713 3486 1766 καὶ
3518 1711 3839 1765 συνθέλοντα

2263 1807 2399 1878 πρὸς
2427 1806 2586 1860 τοῦτο
2639 1806 2878 1860 δείκνυσι
2935 1806 3031 1859 καὶ
3069 1806 3159 1858 τὸν
3216 1804 3457 1874 Πατέρα,
3491 1804 3583 1856 καὶ
3625 1803 3701 1864 ὡς
3731 1803 3839 1856 ἀπὸ

582 1904 751 1944 sensu
796 1888 864 1944 ad
920 1888 976 1945 id
1018 1904 1081 1946 se
1132 1890 1320 1945 venire
1366 1888 1590 1955 fatetur,
1638 1890 1858 1945 tametsi
1912 1891 2029 1961 ipse
2074 1899 2161 1947 est

2268 1897 2397 1968 μιᾶς
2426 1894 2653 1966 γνώμης
2697 1896 2780 1958 εἰς
2819 1894 2978 1947 τοῦτο
3026 1894 3317 1965 παρελθεῖν
3344 1893 3616 1965 ὁμολογεῖ,
3658 1896 3707 1947 εἰ
3746 1896 3841 1949 καὶ

582 1980 761 2035 Patris
792 1981 1113 2048 consilium,
1155 1979 1301 2051 quod
1344 1982 1509 2035 etiam
1565 1982 1857 2036 conveniet
1900 1983 2161 2038 incarna-

581 2071 739 2127 tioui.
784 2070 928 2143 Ergo
978 2072 1296 2126 mandatum
1362 2071 1569 2128 indicat
1631 2074 1984 2129 concordiam
2038 2090 2164 2129 cum

580 2162 778 2226 Patre,
828 2163 945 2218 etsi
1000 2162 1282 2217 humiliter
1336 2162 1610 2233 loquatur.
1660 2163 1974 2219 Mandatum
2029 2178 2165 2220 vero

579 2260 665 2308 est
695 2267 795 2324 pro
829 2251 1035 2306 mundo
1070 2254 1232 2308 mori.
1264 2250 1512 2306 Maudati
1543 2268 1676 2322 ergo
1725 2255 1847 2307 loco
1880 2254 2166 2323 accepisse

579 2361 640 2402 se
675 2345 867 2399 dicens
907 2344 960 2398 id
992 2343 1139 2413 quod
1165 2342 1310 2412 apud
1348 2342 1565 2397 Patrem
1597 2343 1775 2397 visum
1806 2351 1890 2398 est
1920 2358 1979 2398 se
2015 2353 2165 2400 recte

580 2434 808 2496 habere,
838 2447 950 2486 non
986 2431 1255 2485 minorem
1296 2444 1356 2484 se
1394 2429 1555 2485 Patre
1591 2430 1742 2496 facit,
1780 2439 1981 2486 natura
2012 2434 2162 2489 exsi-

581 2531 737 2578 stens
781 2519 949 2584 Deus,
973 2518 1068 2575 sed
1116 2530 1301 2574 servat
1333 2518 1389 2573 id
1434 2520 1584 2589 quod
1615 2523 1875 2577 convenit
1910 2522 2166 2578 humani-

579 2614 704 2670 tati.
729 2614 873 2681 Quin
906 2612 1074 2668 etiam
1109 2611 1334 2681 subiicit
1357 2612 1555 2667 animis
1588 2626 1648 2667 se
1684 2627 1808 2667 eum
1838 2614 2161 2683 prephetam

579 2694 724 2773 esse,
749 2706 817 2762 de
855 2719 965 2776 quo
999 2702 1134 2759 dicit
1183 2704 1346 2760 Pater
1378 2720 1394 2760 :
1431 2723 1450 2756 ι
1478 2702 1769 2774 Loquetur
1805 2704 2164 2775 quemadmo-

581 2799 714 2855 dum
764 2796 1214 2852 mandaverimus
1259 2795 1312 2851 ei
1345 2795 1363 2826 ¹
1399 2813 1414 2851 :
1445 2790 1907 2851 communionem"
1942 2797 2159 2852 consilii

581 2906 706 2946 cum
750 2887 864 2943 Deo
913 2895 970 2944 et
1008 2886 1170 2943 Patre
1228 2893 1489 2959 tanquam
1532 2887 1852 2942 mandatum
1891 2904 1951 2942 se
2002 2902 2162 2943 acce-

580 2984 728 3055 pisse
760 2982 970 3038 dicens.
1003 2979 1160 3047 Quod
1195 2980 1418 3051 quidem
1468 2980 1688 3036 dicebat
1719 2980 1786 3034 ad
1816 2978 2059 3044 Judaros,
2092 2995 2163 3036 ne

582 3075 986 3129 arbitrarentur
1024 3087 1151 3128 eum
1196 3080 1398 3143 praeter
1441 3072 1697 3127 mandata
1748 3069 1933 3128 Patris
1986 3071 2158 3142 loqui.

581 3165 773 3236 Neque
808 3180 942 3221 vero
970 3173 1024 3221 te
1054 3163 1238 3219 turbet
1270 3163 1415 3235 quod
1447 3160 1611 3220 Pater
1638 3163 1922 3233 proprium
1955 3160 2155 3216 Filium

2267 1987 2431 2050 αὑτός
2454 1989 2598 2039 ἐστιν
2636 1988 2672 2057 ἡ
2714 1984 2807 2038 τοῦ
2854 1985 3067 2056 Πατρὸς
3093 1984 3284 2056 βουλή*
3321 1985 3550 2056 ἁρμόσει
3589 1983 3646 2036 δὲ
3681 1985 3841 2038 τοῦτο

2263 2079 2360 2135 καὶ
2386 2080 2451 2152 τῇ
2483 2077 2620 2149 μετὰ
2655 2078 2857 2145 σαρκὸς
2889 2077 3189 2148 οἰκονομίᾳ.
3238 2075 3303 2130 Ἦ
3343 2072 3436 2129 οὖν
3469 2073 3656 2146 ἐντολὴ
3684 2075 3843 2146 δη).ιένῖ

2263 2170 2361 2242 τὴν
2387 2172 2638 2241 ὁμόνοιαν
2677 2169 2774 2240 τὴν
2809 2169 2945 2239 πρὸς
2968 2169 3058 2221 τὸν
3089 2167 3331 2238 Πατέρα,
3357 2169 3406 2220 εἰ
3449 2167 3544 2220 καὶ
3569 2168 3842 2230 ταπεινῶς

2263 2261 2434 2314 λαλεῖ.
2478 2262 2542 2312 Ἡ
2573 2260 2630 2313 δὲ
2661 2259 2847 2330 ἐντολή
2887 2260 3057 2325 ἐστιν,
3102 2258 3395 2313 ἀποθανεῖν
3435 2258 3574 2329 ὑπὲρ
3611 2257 3705 2311 τοῦ
3747 2259 3840 2312 κό-

2266 2367 2427 2422 σμου.
2466 2350 2719 2421 Ἐντολῆς
2759 2350 2815 2404 δὲ
2845 2349 2997 2415 τάξει
3034 2349 3428 2422 παρειληφέναι
3461 2350 3635 2419 λέγων
3666 2350 3726 2403 τὸ
3752 2350 3841 2403 δό-

2264 2444 2362 2512 ξαν
2386 2444 2537 2516 παρὰ
2574 2443 2653 2514 τῷ
2678 2443 2852 2515 Πατρὶ
2881 2441 3060 2515 ·όρθῶς
3088 2441 3253 2513 ἔχειν,
3284 2441 3619 2496 οὐκηὲλαττοῖ
3651 2442 3843 2495 ἑαυτὸν

2261 2534 2357 2590 τοῦ
2403 2535 2639 2605 Πατρὸς,
2671 2532 2746 2586 ὣν
2777 2533 2935 2601 φύσει
2963 2532 3114 2596 Θεὸς,
3146 2531 3282 2585 ἀλλὰ
3307 2532 3368 2586 τὸ
3406 2532 3503 2603 μὲν
3533 2532 3743 2603 πρέπον
3774 2534 3841 2603 τῇ

2264 2627 2677 2698 ένανθρωπήσει
2724 2627 2904 2697 τηρεῖ.
2935 2624 3081 2695 Πλὴν
3104 2624 3515 2695 ὑπομιμνήσκει
3553 2626 3635 2679 ὃτι
3682 2625 3845 2687 αὐτός

2264 2719 2412 2771 ἐστιν
2435 2718 2463 2770 0
2492 2717 2802 2788 προφήτης,
2844 2714 2975 2785 περὶ
3019 2707 3079 2767 οὗ
3111 2711 3263 2767 εἶπεν
3293 2717 3321 2767 ό
3350 2713 3562 2785 Πατὴρ,
3584 2716 3665 2767 ὅτι
3690 2734 3708 2766 ι
3737 2716 3846 2768 Aa-

2262 2808 2436 2880 λήσει,
2461 2808 2651 2863 καθότι
2683 2806 2748 2861 ἂν
2782 2804 3106 2874 ἑντεῐλωμεν
3149 2803 3295 2881 αὐτῷ
3322 2822 3336 2837 ·
3382 2824 3401 2857 ι
3440 2806 3539 2875 τὴν
3579 2805 3715 2878 πρὸς
3752 2807 3845 2859 τὸν

2262 2898 2398 2952 θεὸν
2424 2898 2518 2952 καὶ
2538 2898 2759 2970 Πατέρα
2803 2897 3194 2959 κοινοόουλίαν,
3231 2897 3307 2960 ὡς
3346 2897 3565 2967 ἐντολὴν
3597 2896 3846 2968 δεδέχθαι

2263 2990 2458 3052 λέγων.
2492 2990 2670 3062 Ὅπερ
2708 2989 2861 3057 ἔλεγε
2896 2988 3034 3061 πρὸς
3079 2987 3368 3052 Ἰουδαίους
3391 2988 3528 3059 πρὸς
3557 2987 3619 3041 τὸ
3649 2989 3724 3059 μὴ
3753 3006 3845 3042 νο-

2268 3078 2447 3152 μίζειν
2473 3079 2635 3133 αὐτὸν
2696 3079 2848 3152 παρὰ
2892 3079 2961 3134 τὰ
3017 3078 3110 3132 τοῦ
3144 3079 3359 3150 Πατρὸς
3390 3078 3571 3135 λαλεῖν
3600 3080 3845 3148 προστά-

2265 3187 2472 3242 γματα.
2505 3171 2567 3225 Ei
2596 3171 2652 3224 δὲ
2694 3171 2980 3242 προφήτην
3031 3171 3282 3242 ὠνόμασε
3330 3170 3421 3223 τὸν
3462 3171 3591 3224 ἴδιον
3640 3171 3771 3226 Υῑὸν
3813 3171 3849 3225 0

582 3256 1118 3315 consubstantialem
1146 3256 1469 3326 prophetam
1506 3253 1868 3326 appellaverit
1897 3272 1910 3308 :
1941 3253 2161 3324 quando

2265 3263 2456 3334 Πατὴρ
2493 3263 2583 3317 τὸν
2611 3263 2918 3335 ὸμοούσιον,
2953 3263 3026 3334 μὴ
3059 3261 3387 3334 θορυϐηθῇς’
3427 3263 3516 3317 ὅτε
3548 3263 3655 3332 γὰρ
3681 3263 3845 3333 γέγο-

581 3352 728 3406 enim
774 3348 955 3405 factus
981 3354 1066 3404 est
1109 3347 1300 3413 homo,
1345 3352 1482 3401 tunc
1527 3346 1834 3416 quadrasse
1875 3345 1979 3416 ipsi
2029 3359 2161 3414 pro-

581 3442 763 3513 pheta:
796 3456 1019 3504 nomen,
1049 3447 1184 3493 tunc
1221 3437 1475 3492 mandata
1516 3437 1565 3491 ei
1601 3451 1629 3488 a
1669 3435 1834 3491 Patre
1861 3435 1989 3490 data
2037 3451 2162 3492 esse

581 3532 944 3598 mconomice,
976 3532 1083 3585 hoc
1131 3537 1218 3584 est
1269 3535 1493 3584 servato
1536 3542 1723 3582 rerum
1765 3526 1981 3593 ordine,
2008 3526 2161 3582 dice-

582 3640 728 3681 mus.
773 3626 1100 3695 Quanquam
1161 3621 1256 3694 qui
1310 3619 1512 3690 accipit
1561 3618 1820 3673 mandata
1879 3633 1990 3675 non
2035 3633 2164 3689 pro-

583 3727 768 3788 pterea
802 3720 983 3772 minor
1006 3724 1105 3771 aut
1133 3713 1421 3771 dissimilis
1451 3709 1631 3782 quoad
1666 3719 1922 3766 naturam
1950 3721 2004 3767 et
2033 3711 2163 3768 sub-

584 3809 841 3864 stantiam
880 3806 1192 3870 mandanti,
1225 3804 1447 3874 quando
1478 3812 1532 3858 et
1556 3803 1806 3857 homines
1847 3802 2162 3858 hominibus

579 3901 800 3972 jubent,
846 3907 900 3954 et
933 3897 1113 3969 angeli
1140 3894 1375 3967 angelis,
1415 3909 1515 3950 nec
1562 3903 1788 3965 propter
1835 3894 1945 3950 hoc
1984 3905 2163 3950 tamen

584 3992 725 4047 alios
764 3999 961 4044 natura
1005 3987 1091 4043 vel
1138 3986 1437 4041 inferiores
1490 3986 1679 4056 iussos
1731 3984 1989 4054 dicimus.
2019 3983 2164 4055 Ergo

585 4096 767 4153 neque
813 4079 975 4135 Patre
1000 4077 1174 4135 Filius
1209 4075 1462 4141 inferior,
1510 4078 1617 4133 etsi
1651 4074 1832 4132 factus
1858 4084 1945 4132 est
1975 4076 2160 4142 homo,

587 4182 647 4231 ut
674 4173 835 4230 nobis
864 4172 1044 4228 omnis
1077 4170 1303 4226 virtutis
1332 4169 1641 4239 exemplum
1678 4167 1831 4223 fieret
1865 4188 1878 4222 :
1909 4182 2082 4239 quare
2111 4174 2165 4223 et

585 4268 691 4324 boc
728 4267 886 4323 docet
933 4273 1186 4335 oportere
1232 4278 1338 4319 nos
1370 4263 1521 4318 dicto
1568 4260 1858 4316 audientes
1902 4274 2027 4316 esse
2065 4275 2165 4329 pa—

583 4360 859 4423 rentibus,
908 4357 1013 4414 etsi
1066 4372 1231 4428 pares
1284 4370 1476 4413 sumus
1517 4353 1822 4410 secundum
1883 4359 2161 4407 naturam.

584 4449 904 4523 Aliquando
963 4464 1097 4506 vero
1145 4463 1175 4503 a
1210 4447 1374 4503 Patre
1410 4446 1644 4512 dictum,
1678 4444 1963 4510 mandabo,
1993 4444 2165 4515 signi-

586 4545 714 4599 ticat
745 4542 1159 4610 convenienter,
1204 4540 1425 4605 faciam,
1459 4548 1521 4593 ut
1560 4554 1688 4593 cum
1737 4537 1874 4593 dicit
1906 4558 1919 4594 :
1957 4557 1976 4590 ι
2011 4538 2164 4593 Mau-

2263 3371 2350 3408 νεν
2381 3353 2688 3426 ἄνθρωπος,
2714 3354 2835 3407 τότε
2871 3353 3148 3425 ἡρμόοθαι
3175 3353 3325 3424 αὑτῷ
3361 3355 3454 3405 καὶ
3492 3353 3551 3407 τὸ
3582 3352 3676 3406 τοῦ
3711 3370 3849 3424 προ-

2262 3445 2434 3515 φήτου
2476 3444 2677 3515 ὅνομα’
2707 3443 2828 3497 τότε
2883 3445 2977 3496 καὶ
3023 3441 3241 3505 ἐντολὰς
3290 3441 3437 3513 αὐτῷ
3468 3441 3710 3495 δεδόσθαι
3742 3459 3847 3511 φα-

2266 3535 2364 3606 μὲν
2388 3534 2538 3607 παρὰ
2570 3535 2662 3588 τοῦ
2699 3535 2910 3607 ΙῙατρὸς
2957 3534 3337 3606 οἰκονομικῶς.
3380 3533 3525 3603 Πλὴν
3566 3537 3595 3587 0
3632 3533 3845 3605 λαμϐά-

2262 3643 2369 3680 νων
2410 3625 2646 3690 ὲντολάς,
2674 3627 2735 3680 οὐ
2766 3626 2906 3681 κατὰ
2930 3626 3087 3681 τοῦτο
3117 3626 3354 3680 ἐλάττων
3387 3626 3419 3696 ἢ
3450 3625 3701 3695 ἀνόμοιός
3727 3627 3846 3680 ἐστι

2261 3714 2363 3786 τῆς
2392 3714 2485 3768 τοῦ
2513 3714 2892 3784 ὲντελλομένου
2935 3715 3123 3779 οὐσίας
3154 3714 3186 3787 ἢ
3229 3713 3464 3784 φύσεως,
3501 3714 3633 3767 ὅπου
3657 3731 3721 3783 γε
3752 3715 3846 3768 καὶ

2262 3806 2538 3879 ἄνθρωποι
2571 3805 2878 3878 ἀνθρώποις
2914 3807 3272 3872 ἐντέλλονται,
3304 3809 3399 3859 καὶ
3427 3805 3647 3873 ἄγγελοι
3672 3805 3845 3875 ἀγγέ-

2263 3899 2395 3963 λοις,
2424 3900 2520 3954 καὶ
2553 3900 2614 3953 οὖ
2652 3899 2743 3953 διὰ
2780 3899 2939 3954 τοῦτο
2981 3901 3296 3972 ὲτεροιρυείς
3328 3900 3361 3970 ἢ
3389 3897 3680 3962 ἐλάττονας
3718 3899 3844 3963 τοὺς

2266 3992 2725 4063 ἐπιταττομένους
2768 3991 3023 4061 λέγομεν.
3059 3991 3173 4044 Οὐκ
3204 3986 3299 4044 οὖν
3339 3989 3459 4044 οὔτε
3507 3989 3601 4043 τοῦ
3635 3991 3847 4061 Πατρὸς

2266 4086 2295 4138 ό
2323 4084 2449 4149 Υἱὸς
2481 4085 2736 4151 ἐλάττων,
2788 4087 2836 4137 εἰ
2868 4085 2961 4137 καὶ
2992 4083 3214 4153 γέγονεν
3250 4083 3534 4155 ἄνθρωπος
3568 4084 3653 4137 ἵνα
3686 4082 3845 4152 γένη-

2264 4194 2354 4230 ται
2383 4176 2512 4246 ἡμῖν
2545 4175 2723 4245 πάσης
2750 4171 3113 4245 ὑπογραμμὸς
3149 4171 3369 4244 ἀρετῆς
3402 4170 3482 4225 διὸ
3540 4172 3634 4225 καὶ
3686 4170 3847 4224 τοῦτο

2264 4267 2502 4323 διδάσκει
2550 4268 2634 4321 ὅτι
2668 4266 2775 4338 χρὴ
2810 4268 2923 4329 τοῖς
2962 4265 3210 4334 γονεῦσιν
3244 4262 3540 4318 ὑπακούειν
3585 4264 3751 4333 ἡμᾶς,
3796 4264 3844 4316 ει

2266 4358 2440 4412 καὶτὸ
2471 4356 2584 4410 ἴσον
2616 4356 2813 4427 ἔχομεν
2841 4356 2982 4410 κατὰ
3010 4355 3110 4425 τὴν
3137 4354 3319 4424 φύσιν.
3347 4353 3505 4406 Ἔστι
3534 4353 3590 4406 δὲ
3621 4354 3756 4406 ὅπου
3783 4353 3845 4407 τὸ

2268 4449 2418 4521 παρὰ
2453 4448 2547 4501 τοῦ
2596 4447 2807 4518 Πατρὸς
2835 4446 3146 4517 λεγόμενον,
3176 4445 3549 4514 ἐντελοῇιιαι,
3592 4445 3741 4516 δηλοῖ
3763 4446 3844 4512 τὸ,

2268 4538 2546 4609 ἀραρότως
2590 4537 2821 4607 ποιήσω,
2878 4536 2956 4600 ῶς
2988 4536 3116 4589 ὅταν
3145 4535 3297 4608 εῑπῃο
3329 4553 3348 4587 ι
3391 4535 3501 4588 Καὶ
3526 4535 3847 4607 ὲντελοῦμαι

584 4636 728 4692 dabo
773 4635 872 4690 toti
907 4633 1115 4688 mundo
1153 4632 1323 4700 mala,
1354 4641 1408 4687 et
1433 4630 1618 4701 impiis
1649 4638 1879 4701 peccata
1920 4645 2023 4686 sua
2051 4633 2095 4684 '.
2140 4650 2158 4684 ›

2267 4632 2333 4701 τῇ
2359 4628 2652 4699 οἰκουμένη
2675 4628 2772 4700 ὅλῃ
2817 4627 2987 4693 κακά,
3023 4627 3119 4681 καὶ
3148 4628 3261 4690 τοῖς
3294 4627 3514 4680 ἀσεϐέσι
3536 4626 3636 4689 τὰς
3667 4628 3849 4699 ἁμαρ-

584 4727 831 4784 Tametsi
866 4732 919 4781 et
956 4738 1356 4795 nonnunquam
1410 4724 1656 4790 loquitur
1689 4720 1861 4777 Filius
1895 4737 1993 4794 per
2025 4738 2163 4777 con-

583 4819 1031 4883 descensiouem,
1084 4824 1144 4872 ut
1195 4832 1296 4891 nos
1352 4815 1648 4871 inell‘abilia
1688 4815 1940 4877 oracula,
1984 4814 2165 4888 quoad

583 4914 706 4984 ejus
758 4911 876 4965 fieri
930 4916 1133 4982 potest,
1186 4908 1560 4980 intelligamus
1615 4926 1629 4963 :
1684 4915 1738 4962 et
1798 4915 1983 4961 tamen
2037 4923 2164 4963 eum

586 5002 907 5059 mandatum
949 5000 1232 5071 accepisse
1265 4999 1450 5055 dicere
1505 5014 1613 5055 non
1665 4998 1806 5053 tollit
1842 5001 2009 5052 Deum
2042 5013 2167 5054 esse

588 5104 786 5152 natura
823 5093 1179 5151 exsistentem
1208 5091 1401 5148 Deum.
1431 5089 1529 5147 Vel
1570 5090 1739 5162 igitur
1763 5089 1859 5157 ,dic
1889 5089 2080 5154 Deum,
2110 5097 2166 5144 et

586 5187 829 5243 concede
862 5185 1067 5241 habere
1091 5184 1278 5239 omnia
1308 5198 1432 5255 qua:
1459 5182 1650 5238 deitati
1685 5181 2046 5247 conveniunt,
2079 5181 2165 5236 vel

588 5280 679 5335 dic
728 5280 907 5349 ipsum
949 5286 1263 5334 creaturam
1319 5276 1632 5331 manifesto.
1664 5273 1776 5330 Nec
1810 5278 1954 5328 enim
2006 5288 2166 5328 accc-

589 5370 739 5441 pisse
777 5368 1091 5423 mandatum
1123 5367 1233 5421 ulla
1262 5366 1424 5438 662
1467 5375 1624 5436 parte
1660 5365 1997 5421 naturalium
2039 5380 2170 5435 per-

589 5473 855 5516 sonarum
881 5452 1119 5527 spoliat:
1153 5456 1604 5528 quandoquidem
1636 5471 1979 5526 quaecunque
2008 5454 2172 5510 Pater

590 5545 872 5605 mandavit
924 5546 1068 5602 Filio
1122 5548 1237 5602 haec
1290 5549 1567 5619 loquitur,
1613 5555 1667 5603 et
1718 5548 1794 5601 ait
1833 5566 1846 5602 :
1885 5565 1905 5598 ι
1950 5545 2063 5617 Ego
2114 5553 2170 5600 et

590 5637 754 5696 Pater
781 5654 950 5695 unum
977 5653 1171 5694 sumus
1195 5638 1237 5703 ³,
1278 5656 1295 5691 ι
1341 5653 1571 5695 necesse
1606 5639 1704 5694 tibi
1744 5647 1832 5694 est
1860 5638 2044 5694 dicere
2076 5637 2160 5691 vel

2269 4720 2393 4784 τίας
2424 4717 2624 4773 αὐτῶν.
2660 4737 2679 4770 ι
2724 4717 2871 4790 Πλὴν
2918 4718 3012 4772 καὶ
3065 4717 3548 4785 συγκαταϐατικῶς
3601 4716 3712 4770 ἔσθ’
3759 4719 3849 4771 ὅτε

2270 4810 2423 4866 λαλεί
2449 4813 2478 4864 0
2503 4810 2650 4874 Υἱὸς,
2683 4810 2771 4864 διὰ
2806 4810 2866 4863 τὸ
2906 4811 3054 4881 ἡμᾶς
3088 4810 3296 4880 νοῆσαι,
3326 4809 3400 4874 ὡς
3445 4808 3560 4863 ἔστι
3602 4808 3847 4876 δυνατὸν,

2270 4904 2340 4957 τὰ
2372 4905 2589 4974 ἄρρητα
2615 4902 2769 4971 λόγια
2799 4902 2947 4972 ὅμως
2976 4902 3036 4954 οὐ
3076 4901 3138 4954 τὸ
3166 4903 3339 4955 εἰπεῖν
3371 4901 3454 4954 ὅτι
3486 4899 3704 4971 ἐντολὴν
3726 4900 3851 4954 ἔλαι-

2272 4995 2386 5060 6εν,
2408 4998 2551 5048 ποιεῖ
2580 4995 2654 5066 μὴ
2685 4989 2821 5047 εἶναι
2845 4993 2977 5046 Θεὸν
3003 4993 3094 5046 τὸν
3128 4992 3285 5063 φύσει
3315 4992 3443 5046 ὅντα
3470 4993 3621 5046 Θεόν.
3664 4994 3733 5046 Ἥ
3755 4990 3851 5049 οὖν

2273 5085 2396 5154 λέγε
2423 5086 2574 5151 Θεὸν,
2612 5085 2707 5139 καὶ
2737 5085 2878 5137 δίδου
2911 5085 3012 5137 ὅσα
3030 5087 3097 5154 τῇ
3129 5084 3344 5155 θεότητι
3374 5083 3601 5155 ἁρμόζει
3629 5082 3847 5155 ἔχειν,ἢ

2271 5177 2396 5247 λέγε
2425 5179 2588 5232 αὑτὸν
2617 5177 2826 5247 κτίσμα
2852 5175 3120 5247 φανερῶς.
3152 5175 3227 5228 Οὐ
3256 5175 3364 5246 γὰρ
3394 5175 3456 5228 τὸ
3492 5175 3676 5229 λαϐεῖν
3696 5178 3843 5229 ἐντοο

2272 5269 2390 5343 λὴν,
2419 5271 2617 5341 γυμνοῖ
2640 5268 2748 5322 τῶν
2772 5266 3015 5336 φυσικῶν
3043 5284 3148 5320 τινι
3174 5265 3501 5338 προσώπωψ
3533 5267 3720 5338 ἐπειδὴ
3749 5268 3843 5321 ὅσα

2268 5364 2297 5417 0
2319 5361 2506 5433 Πατὴρ
2536 5359 2839 5415 ἐνετείλατο
2868 5358 2946 5430 τῷ
2973 5357 3089 5429 Υἱῷ
3126 5358 3295 5411 ταῦτα
3323 5357 3492 5424 λαλεῖ,
3522 5359 3617 5411 καί
3644 5375 3809 5429 φησιν
3834 5375 3845 5389 “

2276 5473 2295 5505 ι
2337 5452 2479 5521 Ἐγὼ
2507 5455 2601 5507 καὶ
2629 5452 2658 5504 0
2683 5450 2875 5522 Πατὴρ
2913 5452 2970 5504 έν
2999 5451 3187 5520 ἐσμεν,
3231 5470 3250 5502 ι
3291 5450 3603 5519 ἠνάγκασεν
3651 5452 3846 5516 εἰπεῖν,

2274 5544 2397 5615 ἦτοι
2430 5545 2513 5597 ὅτι
2536 5541 2825 5613 ἀληθεύειν
2856 5544 2884 5594 0
2906 5541 3094 5613 Πατὴρ
3123 5540 3425 5594 ἐνετείλατο
3449 5541 3526 5613 τῷ
3550 5540 3680 5612 Υἱῷ,
3704 5542 3737 5612 ἢ
3767 5541 3849 5596 ὅτι

2270 5632 2579 5706 ψεύδεσθαι.
2619 5635 2685 5686 "A
2712 5632 2821 5704 γὰρ
2852 5632 3040 5688 ἔλαϐεν
3086 5635 3114 5687 0
3158 5632 3287 5697 Υἱὸς
3341 5633 3559 5692 ἐντολὴν
3591 5633 3843 5706 λαλῆσαι,

666 5819 682 5852 ί
714 5804 895 5876 Jerem
966 5832 1121 5882 xxix,
1163 5816 1257 5873 23.
1333 5820 1354 5850 ²
1386 5814 1490 5873 lsa.
1522 5832 1642 5881 χιιι,
1670 5818 1758 5873 ii.
1834 5819 1854 5852 ³
1883 5815 2046 5875 Joan.
2079 5835 2133 5880 κ,
2170 5819 2262 5876 50.
