4106 6262
295 421 364 486 η
1071 419 1140 474 IN
1173 419 1605 476 JOANNEM.-—
1660 414 1791 474 LIB.
1837 419 1925 476 vn
1985 420 2074 476 ET
2129 421 2245 477 vm
2288 416 2732 478 FRAGMENTA.
3159 374 3167 382 ’
3466 433 3531 490 tt

297 541 466 596 λαλεϊδ
504 557 522 590 ι
563 537 620 590 '0
649 535 864 605 πέμψας
897 535 1026 606 γὰρ,
1069 536 1221 607 φησὶ,
1251 536 1460 607 Πατὴρ,
1489 536 1705 608 ἐντολὴν
1731 536 1859 590 ἐδω-

1964 536 2104 608 quod
2125 552 2249 593 vera
2275 538 2422 608 loqui
2443 536 2606 594 Pater
2628 535 2908 593 mandavit
2925 535 3088 607 Filio,
3107 541 3190 596 vel
3215 544 3358 616 quod
3380 561 3534 603 men-

299 649 362 686 κε
388 631 441 684 τί
467 631 602 683 είπω
631 628 724 682 καὶ
751 628 803 680 τί
825 628 1061 699 λαλήσω.
1096 647 1115 680 ι
1158 628 1219 680 Et
1241 628 1296 681 δὲ
1329 629 1422 681 καὶ
1448 624 1599 681 εἶπεν
1627 629 1708 682 ὅτι
1744 647 1762 680 ι
1807 630 1866 682 Ὀ

299 724 488 792 Πατήρ
505 739 606 790 μου
637 719 834 790 μείζων
867 719 968 791 μού
1003 721 1171 785 ἐστιν,
1199 738 1218 771 ι
1251 719 1400 773 οὐδὲν
1430 720 1686 774 ἐναντίον.
1717 720 1863 774 Καθὸ

304 814 400 885 μὲν
420 815 526 884 γὰρ
553 813 711 882 φύσει
737 813 888 878 Θεὸς,
917 813 1029 876 ἶσος
1061 813 1138 882 τῷ
1165 814 1356 884 Πατρὶ,
1385 813 1518 866 καθὸ
1551 813 1606 865 δὲ
1643 812 1862 881 γέγονεν

300 902 583 973 ἄνθρωπος
617 903 713 955 καὶ
763 901 1121 956 ἐταπείνωσεν
1151 897 1360 969 ἑαυτὸν,
1392 901 1460 955 τὰ
1490 903 1764 972 πρέποντα
1799 904 1864 974 τῇ

299 994 676 1066 ἀνθρωπότητι
719 995 936 1066 ῥήματα
979 994 1131 1047 λαλεῖ
1170 994 1547 1064 οίκονομικῶς.
1578 996 1766 1064 Ὅμως
1803 995 1866 1047 τὸ

299 1089 396 1156 τῆς
434 1085 652 1154 ἐντολῆς
696 1085 865 1154 ὄνομα
893 1084 1090 1150 ἔξωθεν
1123 1084 1222 1154 τῆς
1253 1085 1440 1148 οὐσίας
1475 1086 1734 1154 ὑπάρχον,
1768 1085 1868 1139 οὐκ

302 1177 366 1230 ἂν
384 1176 597 1243 γένοιτο
619 1175 720 1244 τῆς
745 1175 935 1238 οὐσίας
955 1176 1122 1246 ἐγκλη
1134 1193 1231 1245 μα’
1263 1175 1324 1228 οὐ
1358 1176 1464 1246 γὰρ
1495 1177 1550 1227 έν
1584 1176 1661 1245 τῷ
1686 1176 1866 1228 ἐντέλ-

301 1266 486 1320 λεσθαι
519 1265 611 1319 τὸν
640 1266 877 1336 Πατέρα,
910 1265 970 1318 τὸ
1000 1260 1139 1318 εἷναί
1165 1267 1280 1319 ἐστι
1308 1266 1384 1336 τῷ
1414 1265 1546 1335 Υίῷ,
1571 1265 1869 1320 οὐδὲτοῦτο

302 1356 509 1425 γένοιτό
538 1371 666 1410 ποτε
690 1360 790 1428 τῆς
823 1357 1010 1419 οὐσίας
1037 1358 1179 1424 ὅρος.
1221 1351 1340 1409 Οἵδε
1377 1355 1557 1409 τοίνυν
1587 1359 1615 1410 6
1647 1357 1772 1419 Υἱὸς
1792 1357 1868 1420 ὡς

305 1447 465 1518 βουλὴ
499 1447 592 1500 καὶ
624 1447 782 1514 σοφία
813 1446 908 1500 τοῦ
941 1445 1172 1517 Πατρὸς,
1208 1445 1267 1499 τὸ
1297 1446 1578 1516 ἀραρότως
1604 1447 1866 1517 κεκριμέ-

300 1555 391 1593 νον
418 1539 546 1610 παρ’
570 1537 755 1592 αὐτοῦ.
790 1539 851 1589 Εί
886 1537 940 1590 δὲ
969 1537 1044 1600 ὡς
1082 1536 1297 1607 ἐντολὴν
1346 1536 1576 1606 δέχεται,
1619 1536 1693 1607 μὴ
1735 1536 1866 1590 θαυ-

305 1627 504 1698 μάσῃς·
558 1627 916 1697 ἀνθρωπίνοις
943 1625 1052 1697 γὰρ
1081 1622 1260 1694 λόγοις
1303 1624 1372 1678 τὰ
1410 1625 1546 1696 ὑπὲρ
1577 1624 1732 1693 λόγον
1773 1642 1867 1696 ση-

306 1717 576 1787 μαίνεται,
613 1718 708 1770 καὶ
755 1718 823 1770 τά
859 1720 981 1780 ταῖς
1030 1717 1324 1788 ἡμετέραις
1364 1716 1578 1788 ἄρρητα
1642 1719 1868 1786 φωναῖς,

302 1805 656 1877 κατεσπάσθη
711 1806 848 1876 πρὸς
895 1807 985 1859 τὸν
1039 1805 1193 1875 λόγον
1244 1804 1336 1859 τὸν
1373 1807 1430 1858 ὲν
1462 1807 1613 1876 ἡμῖν,
1655 1805 1741 1858 ἴνα
1777 1805 1869 1858 καὶ

1968 630 2082 683 tiri.
2109 629 2240 695 Quae
2269 630 2416 684 enim
2451 630 2504 683 in
2529 628 2804 684 mandatis
2831 628 3020 684 habuit
3051 629 3222 689 Filius
3255 642 3313 688 ut
3341 635 3529 707 loqueo-

1970 726 2145 784 retur,
2183 719 2429 787 loquitur
2463 735 2474 770 :
2515 735 2533 767 ι
2563 716 2665 783 Qui
2708 732 2794 772 me
2822 720 2966 773 enim
2994 719 3141 774 misit
3173 719 3532 787 Pater,man-

1970 808 2158 862 datum
2201 808 2352 864 dedit
2387 807 2518 876 quid
2561 807 2738 861 dicam
2783 815 2837 862 et
2877 809 3020 877 quod
3053 811 3247 880 loquar
3274 813 3314 868 ⁸.
3361 831 3380 865 ι
3413 815 3533 872 Etsi

1966 913 2096 954 vero
2131 897 2271 953 dixit
2305 916 2319 952 :
2358 915 2378 948 ι
2424 895 2586 951 Pater
2622 912 2775 952 meus
2812 898 2990 968 major
3026 916 3111 956 me
3147 910 3229 956 cst
3257 903 3300 964 ⁸,
3339 921 3356 954 ι
3398 905 3534 960 nihil

1965 996 2050 1045 est
2104 990 2468 1044 contrarium.
2500 987 2555 1042 In
2604 996 2870 1057 quantum
2929 991 3072 1045 enim
3121 1001 3316 1047 natura
3368 993 3531 1061 Deus,

1966 1080 2200 1150 aequalis
2251 1087 2337 1134 est
2372 1079 2523 1132 Patri
2563 1096 2574 1132 :
2619 1079 2672 1131 in
2722 1087 2986 1148 quantum
3033 1097 3164 1137 vero
3217 1083 3396 1141 factus
3450 1098 3534 1142 est

1969 1171 2153 1236 homo,
2198 1178 2253 1225 et
2300 1171 2608 1223 bumiliavit
2660 1171 2928 1240 seipsum,
2957 1173 3122 1227 verba
3175 1191 3296 1245 quae
3342 1178 3536 1234 decent

1967 1260 2367 1315 humanitatem
2425 1261 2767 1315 meonomice
2821 1262 3085 1330 loquitur.
3147 1263 3534 1323 Verumtamen

1967 1354 2210 1407 mandati
2241 1367 2463 1416 nou'ten,
2488 1366 2610 1407 cum
2655 1363 2808 1408 extra
2853 1356 3148 1410 essentiam
3198 1357 3291 1423 sit,
3347 1361 3533 1414 nullo-

1968 1444 2132 1498 modo
2163 1443 2413 1498 essentiae
2451 1442 2772 1512 praejudicat
2809 1463 2821 1498 :
2857 1459 2967 1499 non
3016 1447 3163 1500 enim
3205 1448 3258 1502 in
3295 1464 3360 1503 eo
3391 1450 3534 1520 quod

1967 1530 2129 1587 Pater
2161 1533 2393 1602 imperat
2433 1541 2516 1586 est
2568 1548 2692 1588 esse
2742 1531 2906 1596 Filio,
2957 1550 3134 1604 neque
3188 1537 3239 1590 id
3292 1554 3532 1607 unquam

1972 1620 2133 1675 fuerit
2164 1623 2418 1676 essentia:
2449 1621 2722 1676 terminus
2755 1629 2849 1676 aut
2887 1621 3149 1677 deﬁnitio.
3179 1624 3337 1680 Novit
3368 1629 3534 1698 igitur

1969 1709 2142 1768 Filius
2170 1719 2448 1782 tanquam,
2469 1712 2757 1767 consilium
2782 1717 2836 1768 et
2866 1713 3133 1781 sapientia
3164 1714 3362 1783 Patris,
3390 1721 3534 1788 quod

1971 1802 2039 1856 ab
2065 1818 2130 1857 eo
2157 1803 2551 1858 convenienter
2575 1801 2883 1873 iudicatum
2911 1812 3012 1859 est.
3040 1802 3097 1858 Si
3119 1820 3246 1861 vero
3277 1817 3531 1878 tanquam

301 1899 441 1951 νοεῖν
492 1897 816 1968 ίσχύσωμεν.
849 1895 1227 1968 Δίτιασώμεθα
1272 1895 1470 1959 τοίνυν,
1524 1896 1586 1948 οὐ
1635 1895 1731 1966 τὴν
1775 1896 1859 1948 τοῐ

1973 1893 2286 1947 mandatum
2321 1893 2545 1963 accipit,
2574 1908 2644 1949 ne
2677 1893 2937 1962 mireris;
2963 1892 3220 1949 humanis
3244 1877 3530 1955 enimiser-

304 1989 625 2060 πράγματος
654 1989 904 2052 ἀτοπίαν,
938 1988 1074 2042 ἀλλά
1106 1988 1205 2060 τὴν
1247 1987 1355 2040 τῶν
1411 1987 1670 2058 ῥημάτων
1709 1987 1866 2040 ἀσθέ-

303 2093 450 2133 νειαν
490 2079 552 2132 οὐ
599 2079 910 2148 δυναμένων
958 2078 1265 2164 ἐφικέσθαι,
1318 2076 1436 2130 καθ’
1482 2076 1540 2129 ὃν
1587 2076 1691 2130 ἔδει
1738 2077 1864 2148 τρό-

303 2183 423 2231 πον,
457 2171 554 2238 τῆς
583 2169 689 2221 τῶν
723 2169 1060 2239 πραγμάτιον
1118 2166 1404 2235 ποιότητος
1451 2166 1545 2219 καὶ
1602 2165 1862 2235 ἀκριϐοῦς

305 2258 618 2327 ἑρμηνείας.

1973 1982 2228 2038 monibus
2257 1997 2378 2052 quae
2409 1996 2577 2052 supra
2612 1997 2924 2039 sermonem
2969 1991 3099 2038 sunt
3128 1985 3532 2055 significantur,

1970 2078 2024 2126 et
2053 2086 2174 2141 quae
2203 2072 2410 2128 nostris
2443 2073 2670 2128 vocibus
2711 2072 2947 2142 exprimi
2988 2087 3099 2127 non
3137 2083 3371 2144 possunt
3399 2091 3532 2131 con-

1970 2169 2146 2217 tracta
2190 2171 2319 2218 sunt
2368 2161 2438 2216 ad
2473 2162 2742 2216 rationem
2783 2161 3054 2215 internam
3105 2177 3223 2232 quae
3269 2163 3322 2216 in
3373 2165 3532 2220 nobis

1967 2261 2071 2318 est,
2100 2262 2157 2307 ut
2192 2241 2435 2322 cogitare
2460 2252 2758 2308 valeamus.
2789 2251 2968 2316 Quare
3005 2252 3377 2308 incusabimus
3419 2269 3532 2309 non

305 2367 494 2406 rerum
527 2351 874 2406 insolentiam
904 2359 959 2405 et
997 2351 1417 2413 absurditatem,
1471 2349 1567 2404 sed
1609 2348 1905 2403 verborum
1944 2346 2340 2412 inﬁrmitatem,
2391 2360 2512 2416 quae
2571 2359 2755 2398 rerum
2809 2345 3131 2414 qualitatem
3191 2356 3533 2400 accuratam-

303 2462 408 2517 que
445 2445 952 2516 interpretationem
987 2460 1088 2515 pro
1123 2461 1309 2500 earum
1345 2446 1612 2516 dignitate
1645 2445 1864 2514 assequi
1902 2455 2009 2499 non
2052 2448 2305 2512 possunt.

374 2542 609 2607 Σχίσμα
636 2533 749 2592 οὖν
786 2536 970 2590 πάλιν
1003 2537 1237 2606 ἐγένετο
1280 2537 1349 2591 ἐν
1375 2537 1495 2603 τοῖς
1539 2537 1858 2602 Ἰουδαίοις,

304 2627 399 2680 καὶ
430 2627 498 2679 τὰ
524 2627 670 2697 ἑξῆς.

375 2717 602 2771 Κάτεισι
675 2715 768 2770 τοῦ
845 2716 1093 2787 Σωτῆρος
1146 2719 1175 2770 6
1243 2716 1396 2785 λόγος
1462 2715 1542 2780 είς
1603 2717 1698 2781 τὰς
1756 2717 1863 2770 τῶν

301 2811 661 2880 ἀκροωμένων
705 2809 946 2880 καρδίας,
981 2809 1074 2862 καὶ
1105 2808 1521 2880 τρυφερωτέρας
1554 2808 1653 2880 μὲν
1687 2807 1862 2880 εὑρὼν

307 2899 665 2971 μεταπλάττει
700 2891 1058 2970 παραχρῆμα,
1099 2901 1194 2952 καὶ
1235 2900 1371 2970 πρὸς
1401 2898 1512 2963 ἕξιν
1549 2897 1864 2968 μεθίστησιν

303 2991 540 3061 ἀγαθήν
599 2989 856 3060 σκληραῖς
907 2989 963 3042 δὲ
998 2987 1306 3058 περιτυχὼν
1369 2990 1725 3044 ἀπανίσταται
1771 2992 1866 3044 καὶ

303 3081 550 3136 ἀπονεύει
578 3080 776 3151 τρόπον
801 3079 942 3132 τινά.
967 3077 1174 3131 Οὐκοῦν
1213 3081 1240 3132 6
1270 3079 1367 3149 μὲν
1401 3080 1616 3150 ἕτοιμόν
1645 3100 1761 3146 πως
1787 3084 1865 3148 είς

2042 2531 2108 2598 Χ,
2138 2533 2222 2586 t9.
2260 2531 2529 2586 Dissensio
2567 2532 2756 2584 iterum
2784 2530 2930 2598 facta
2952 2539 3030 2584 est
3061 2531 3195 2585 inter
3220 2530 3458 2586 Judteos.

2043 2709 2352 2765 Servatoris
2404 2722 2586 2764 sermo
2631 2708 2915 2764 descendit
2959 2709 3012 2762 in
3069 2709 3380 2765 auditorum
3435 2729 3531 2784 pe-

1971 2811 2147 2866 ctora,
2173 2815 2345 2872 eaque
2383 2809 2579 2855 nactus
2614 2799 2959 2868 aliquantum
3000 2799 3208 2866 mollia,
3241 2801 3532 2872 derepente

1973 2900 2149 2949 mutat
2180 2901 2234 2948 et
2281 2892 2348 2949 ad
2387 2892 2590 2949 bonum
2623 2890 2864 2948 traducit
2899 2889 3160 2946 ‘habitum
3205 2909 3219 2945 :
3251 2891 3530 2952 oﬂ‘endens

1967 2999 2099 3040 vero
2145 2984 2304 3050 dura,
2359 2983 2764 3054 quodammodo
2823 2983 3032 3038 recedit
3067 2998 3130 3038 ac
3180 2985 3526 3042 retrofertur.

1965 3074 2138 3147 Igitur
2189 3077 2278 3130 cui
2361 3090 2517 3131 mens
2580 3075 2648 3130 ad
2714 3076 3146 3132 benevolentiam
3215 3087 3529 3148 comparata

301 3172 714 3243 εὐγνωμοσύνην
740 3171 878 3240 ἔχων
900 3169 988 3222 τὸν
1019 3169 1162 3233 νοῦν,
1190 3171 1288 3224 τὸν
1320 3174 1583 3245 σωτήριον
1610 3175 1859 3245 ἁσμένως

1966 3168 2152 3235 fuerit,
2207 3168 2518 3223 Servatoris
2564 3182 2874 3223 sermonem
2931 3169 3108 3224 libens
3165 3171 3399 3242 excipit;
3433 3175 3528 3243 qui

300 3264 654 3334 παραδέξεται
680 3263 854 3330 λόγον,
885 3263 914 3312 ὁ
935 3260 989 3313 δὲ
1017 3259 1090 3330 μὴ
1113 3260 1366 3326 τοιοῦτος,
1387 3263 1588 3316 οὐκέτι.
1612 3263 1859 3317 Τοιοῦτόν

1964 3275 2123 3315 secus
2164 3275 2222 3314 se
2251 3259 2435 3324 habet,
2479 3274 2844 3330 nequaquam.
2876 3261 3066 3316 Simile
3102 3262 3359 3332 quiddam
3393 3280 3527 3320 usu-

299 3369 350 3405 τι
381 3355 577 3423 συνέϐη
602 3353 791 3406 παθεῖν
821 3351 946 3413 τοὺς
991 3350 1252 3403 Ἰουδαίων
1279 3350 1458 3414 λαούς.
1504 3352 1725 3424 Ἐπειδὴ
1755 3353 1859 3424 γὰρ

1967 3351 2117 3406 venit
2165 3348 2482 3406 Iudaeorum
2512 3353 2753 3422 populis.
2795 3351 3092 3422 Postquam
3135 3353 3280 3407 enim
3330 3353 3528 3409 Serva-

297 3444 406 3498 τῶν
427 3444 519 3497 τοῦ
550 3444 796 3513 Σωτῆρος
827 3440 1267 3511 κατηκροὰσαντο
1294 3440 1488 3510 λόγων,
1517 3443 1859 3514 κατασχίζον-

1968 3443 2106 3498 toris
2153 3444 2320 3498 verba
2353 3442 2677 3506 audierunt,
2733 3443 2787 3496 in
2842 3451 3029 3511 partes
3082 3443 3240 3498 scissi
3293 3455 3443 3510 sunt,
3473 3454 3529 3500 et

241 3593 252 3604 ,
296 3551 389 3590 ται
412 3535 548 3607 πρὸς
575 3535 856 3604 διχόνοιαν,
900 3533 994 3585 καὶ
1034 3533 1082 3584 οί
1135 3531 1233 3601 μὲν
1272 3532 1737 3605 αίσθητικώτεροι,
1775 3532 1859 3603 ῥέ-

1968 3533 2184 3601 quidem
2231 3533 2394 3602 paulo
2447 3532 2753 3587 teneriores
2799 3530 2914 3599 jam
2954 3530 3021 3584 ad
3059 3531 3277 3585 initium
3331 3535 3527 3589 salutis

296 3643 491 3680 πουσιν
526 3627 626 3696 ήδη
648 3625 782 3692 πρὸς
808 3623 1078 3694 σωτηρίας
1105 3623 1300 3693 ἀρχὴν
1334 3623 1384 3676 οἱ
1417 3623 1474 3676 δὲ
1499 3623 1743 3693 σκληροὶ,
1772 3640 1862 3675 νο-

301 3716 456 3770 σοῦσι
483 3718 761 3784 χειρόνως,
784 3713 925 3783 ῆπερ
955 3709 1097 3782 εἶχον
1130 3713 1187 3764 ὲν
1221 3712 1385 3782 ἀρχῇ.
1411 3711 1862 3782 Καταπλήττεται

299 3806 357 3859 δὲ
400 3804 590 3874 ὥσπερ
640 3805 668 3856 6
711 3802 993 3865 θεσπέσιος
1027 3799 1417 3871 εὐαγγελιστὴς
1453 3802 1502 3853 εί
1531 3801 1618 3854 sta
1645 3801 1863 3864 τούτους

296 3896 424 3958 τοὺς
453 3895 643 3962 λόγους
679 3891 872 3963 συνέϐη
904 3892 1189 3963 σχισθῆναι
1220 3891 1346 3954 τοὺς
1383 3891 1647 3944 Ἰουδαίων
1677 3890 1854 3954 λαούς.

308 3982 796 4055 Ἐμφαντικώτατα
827 3985 933 4053 γὰρ
951 3978 1105 4052 οἶμαι
1135 3981 1502 4050 λέγεινάὑτὸν
1536 3982 1596 4035 τὸ
1629 3983 1860 4053 σκληρὸν

291 4075 401 4129 τῶν
428 4075 836 4144 ἀπειθησάντων
863 4072 1232 4143 θαυμάζοντα,
1264 4074 1344 4127 ὅτι
1385 4075 1590 4146 σχίσμα
1645 4076 1859 4144 ἐγένετο

292 4165 380 4219 διὰ
412 4166 537 4229 τοὺς
559 4166 747 4233 λόγους
772 4164 988 4226 τούτους
1010 4163 1076 4216 δι’
1095 4163 1206 4227 οὓς,
1231 4165 1413 4234 φησὶν,
1446 4165 1551 4218 ἔδει
1583 4169 1708 4230 τοὺς
1731 4168 1858 4220 ’1ου-

293 4256 473 4320 δαίους
502 4255 741 4326 ἀκριϐῶς
772 4253 1154 4321 πεισθῆναιὸτι
1188 4253 1350 4317 αὑτός
1379 4255 1523 4308 ἐστιν
1553 4259 1580 4309 6
1602 4257 1851 4326 Χριστός·

292 4347 543 4400 τοσοῦτον
558 4346 697 4416 ἦσαν
713 4345 760 4397 οί
788 4343 880 4397 τοῦ
901 4345 1149 4414 Σωτῆρος
1177 4343 1323 4410 λόγοι
1350 4343 1669 4414 θαυμαστοί.
1699 4347 1856 4400 Ἀλλά

297 4438 388 4490 καὶ
441 4437 644 4490 τούτων
693 4436 875 4498 αὐτοῖς
924 4435 1226 4505 είρημένων
1277 4429 1360 4498 οἷς
1404 4437 1550 4499 εἰκὸς
1597 4432 1665 4506 ἦν
1720 4438 1855 4507 πρὸς

1961 3629 2218 3693 vergunt,
2246 3622 2369 3677 duri
2391 3637 2521 3677 vero
2553 3622 2842 3690 plusquam
2879 3629 3037 3674 antea
3072 3628 3356 3690 aegrotant.
3381 3621 3528 3688 Quo-

1962 3712 2254 3768 dammodo
2284 3725 2415 3768 vero
2442 3711 2783 3780 obstupescit
2814 3710 3037 3766 divinus
3063 3711 3398 3780 evangelista
3431 3717 3522 3784 qui

1963 3793 2133 3858 ﬁeret'
2162 3811 2223 3857 ut
2261 3808 2486 3872 propter
2530 3800 2633 3855 hos
2666 3812 2948 3855 sermones
2986 3796 3160 3853 ,ἰυᾱωὶ
3208 3800 3526 3856 scinderen-

1965 3902 2075 3951 tur.
2112 3893 2248 3948 Puto
2290 3892 2438 3948 enim
2468 3905 2595 3946 eum
2628 3891 2917 3945 mirantem
2949 3890 3205 3945 duritiem
3241 3892 3524 3947 rebellium

1970 3987 2304 4058 minimeque
2339 3985 2759 4056 obsequentium
2803 3984 2990 4039 dicere
3031 3984 3322 4040 admodum
3353 3986 3526 4055 signi-

1966 4075 2191 4131 ﬁcanter
2229 4076 2534 4132 scissuram
2567 4075 2770 4128 factam
2807 4088 2930 4128 esse
2966 4081 3188 4143 propter
3227 4075 3376 4142 ipsos
3405 4090 3523 4128 ser-

1966 4180 2179 4231 mones,
2219 4174 2440 4236 propter
2473 4179 2636 4234 quos,
2684 4164 2901 4232 inquit,
2947 4161 3151 4217 Judaeis
3203 4163 3525 4232 plenissime

1965 4269 2291 4325 persuasum
2323 4269 2446 4311 esse
2473 4253 2711 4322 oportuit
2733 4267 2856 4306 eum
2887 4266 3007 4306 esse
3031 4250 3332 4316 Christum,
3351 4267 3525 4320 usque

1964 4346 2102 4401 adeo
2134 4346 2440 4402 admirandi
2474 4353 2630 4400 erant
2661 4344 2967 4399 Servatoris
2991 4358 3290 4398 sermones.
3317 4343 3522 4399 Etcum

1964 4438 2078 4492 haec
2103 4439 2183 4493 eis
2203 4438 2350 4493 dicta
2383 4444 2590 4503 essent,
2613 4436 2814 4507 quibus
2844 4449 2940 4506 par
2969 4443 3114 4490 esset
3137 4435 3297 4506 663
3327 4452 3521 4506 quem-

294 4525 601 4579 εὐπείθειαν
629 4522 1023 4594 σαγηνεύεσθαι
1046 4523 1139 4575 καὶ
1158 4523 1250 4576 τὸν
1278 4523 1478 4595 σφόδρα
1501 4525 1854 4595 δυσθήρατον,

1964 4529 2091 4584 libet
2113 4529 2197 4582 vel
2235 4528 2473 4582 maxime
2511 4527 2635 4596 capi
2674 4524 2947 4579 diliicilem
2993 4525 3059 4579 ad
3084 4527 3409 4595 obsequium
3449 4527 3524 4580 ir-

298 4619 496 4688 σχίσμα
521 4617 743 4684 γέγονεν
777 4615 979 4676 αὐτοῖς.
1027 4613 1426 4684 Ἀποθαυμάξει
1455 4617 1633 4669 τοίνυν
1658 4619 1853 4680 αὐτοὺς

293 4711 370 4771 είς
396 4709 745 4778 ἀναίσχυντον
778 4704 1062 4776 παρακοὴν
1087 4705 1314 4768 ἀνοσίως
1359 4703 1848 4778 ὲκτετρὰμμὲνους.

290 4799 536 4869 Τοσούτῳ
567 4798 706 4869 γὰρ,
735 4792 907 4867 οἶμαι,
939 4795 1361 4866 κατηγορεῖσθαι
1392 4797 1605 4861 δίκαιοι,
1637 4799 1854 4868 ὅσῳπερ

286 4887 356 4941 ἂν
382 4888 606 4950 εἰκότως
633 4890 661 4940 6
685 4885 925 4958 περὶτοῦ
949 4887 1198 4957 Σωτῆρος
1219 4884 1376 4956 ήμῶν
1405 4885 1730 4957 θαυμάζοιτο
1761 4887 1851 4940 λό-

287 4995 400 5046 γος.
445 4978 504 5029 Ὀ
538 4978 632 5046 μὲν
660 4974 752 5030 οὖν
786 4976 963 5029 ἐλάλει
988 4975 1264 5046 θεοπρεπῆ
1302 4975 1394 5027 καὶ
1420 4975 1562 5046 άπερ
1582 4977 1853 5046 ὑπερανα-

287 5067 463 5124 6αίνει
494 5067 796 5138 ἄνθρωπον·
845 5069 878 5137 ἡ
929 5067 984 5119 δὲ
1023 5065 1129 5120 τῶν
1177 5065 1316 5137 ὑπὲρ
1360 5064 1642 5133 ἄνθρωπον
1681 5067 1854 5135 λόγων

288 5159 610 5228 λαμπρότης
631 5159 723 5210 καὶ
753 5159 784 5227 ἡ
812 5155 1116 5226 θεοπρεπὴς
1139 5156 1437 5228 παρρησία,
1463 5156 1598 5224 πρὸς
1619 5155 1853 5226 ἄκρατον

293 5248 548 5301 ἀϐουλίαν
575 5247 818 5316 ἐξίστησι
841 5245 966 5308 τοὺς
991 5245 1236 5307 πολλοὺς.
1256 5245 1365 5298 Καὶ
1391 5244 1618 5313 ἐπείπερ
1643 5241 1708 5314 ἦν
1734 5244 1853 5307 ἕθος

286 5341 399 5400 τοῖς
449 5337 663 5408 άληθῶς
708 5336 1174 5406 δαιμονιζομένοις
1226 5336 1621 5407 προχειρότατα
1650 5337 1854 5407 δυσφη-

293 5433 427 5498 μεῖν,
459 5429 554 5482 ἆτε
606 5429 670 5496 δὴ
714 5426 1094 5496 λελυττηκόσιν
1152 5427 1388 5489 εὐκόλως
1443 5427 1536 5479 καὶ
1589 5429 1853 5491 συνέσεως

289 5521 501 5588 ἀπάσης
536 5518 640 5583 ἔξω
680 5519 968 5586 κειμένοις,
1008 5515 1174 5586 ᾤοντο
1205 5515 1260 5568 δὲ
1289 5516 1376 5569 τὸν
1404 5516 1606 5586 Κύριον
1631 5516 1852 5588 ἄνθρω-

290 5627 384 5661 πον
433 5605 570 5662 εἶναι
605 5607 778 5676 ψιλὸν,
806 5607 906 5659 οὐκ
939 5604 1261 5666 ἐννοοῦντες,
1298 5607 1377 5658 ὅτι
1409 5606 1540 5669 Θεὸς
1575 5603 1640 5675 ἦν
1667 5607 1844 5674 φύσει,

367 5776 556 5841 δίυοη.
595 5802 692 5850 xn,
722 5788 810 5840 49.
890 5783 1087 5839 διιοξιιι.
1121 5782 1352 5846 x1v,28.

1960 4620 2134 4687 retiri,
2164 4619 2402 4674 schisma
2431 4618 2633 4673 factum
2667 4626 2750 4672 est
2777 4617 2878 4671 eis.
2918 4614 3144 4670 Miratur
3169 4632 3299 4686 ergo
3332 4633 3427 4672 eos
3466 4619 3520 4672 in

1960 4714 2068 4760 tam
2125 4707 2498 4777 impudentem
2547 4704 2950 4760 contumaciam
2991 4704 3156 4774 impie
3200 4720 3516 4760 conversos.

1959 4795 2135 4851 Tanto
2179 4795 2354 4867 magis
2391 4795 2536 4851 enim
2584 4795 2834 4850 accusari
2869 4805 3166 4858 merentur,
3202 4805 3406 4864 quanto
3436 4795 3519 4848 vi-

1959 4887 2160 4942 delicet
2185 4886 2498 4942 Servatoris
2523 4899 2705 4941 sermo
2727 4884 2928 4954 majori
2958 4884 3300 4938 admirationi
3329 4881 3516 4937 fuerit.

1957 4977 2054 5032 Ille
2104 4978 2249 5032 enim
2295 4976 2408 5031 Deo
2463 4977 2623 5046 digna
2657 4983 2714 5032 et
2748 4975 3022 5030 hominem
3074 4972 3515 5029 transcendentia

1956 5066 2591 5137 loquebatur;splendor
2624 5079 2758 5118 vero
2786 5064 3074 5118 verborum
3103 5060 3325 5115 homine
3345 5059 3518 5114 subli-

1955 5158 2192 5211 miorum
2240 5165 2294 5211 et
2347 5158 2684 5212 conveniens
2724 5155 2834 5209 Deo
2868 5151 3127 5222 loquendi
3178 5151 3401 5206 libertas
3448 5149 3514 5204 ad

1956 5246 2307 5302 immodicam
2341 5250 2650 5302 vecordiam
2690 5253 2743 5302 et
2791 5244 3153 5298 temeritatem
3182 5240 3376 5310 vulgus
3410 5242 3515 5295 im-

1957 5340 2132 5408 pellit.
2166 5339 2232 5392 Et
2259 5341 2387 5407 quia
2427 5340 2599 5393 moris
2639 5347 2720 5392 est
2756 5337 2822 5390 iis
2853 5334 2943 5402 qui
2980 5333 3157 5401 reipsa
3186 5331 3514 5386 daemonium

1959 5431 2160 5486 habent
2188 5429 2521 5484 elTusissime
2548 5427 2899 5486 maledicere,
2925 5429 3116 5489 utpote
3147 5422 3241 5490 qui
3273 5420 3433 5476 facile
3461 5422 3515 5474 in

1958 5519 2162 5574 rabiem
2201 5526 2453 5588 agantur,
2497 5525 2552 5573 et
2584 5519 2650 5573 de
2679 5522 2824 5571 statu
2859 5512 3056 5568 mentis
3087 5512 3309 5566 omnino
3347 5511 3515 5566 emoti

1961 5609 2090 5675 sint,
2121 5610 2390 5677 putabant
2418 5609 2702 5662 Dominum
2734 5605 3006 5658 hominem
3036 5601 3342 5670 simplicem
3375 5613 3516 5658 esse.
