4106 6262
587 404 653 458 ΗΞ
1542 397 1624 452 -“S.
1667 397 1944 454 C'YRILU
1985 395 2454 453 ALEXANDRINI
2493 394 2816 452 ARCIHE‘P.
3748 398 3814 448 ιδ

587 517 730 573 haud
757 513 1258 570 animadvertentes
1286 526 1414 568 eum
1433 527 1555 568 esse
1575 522 1770 568 natura
1796 514 1984 577 Deum,
2005 513 2153 568 ideo-

2261 516 2340 568 διά
2365 513 2522 567 τοῦτο
2549 514 2624 576 ὼς
2646 513 2969 584 ἀκρατήτως
2999 512 3207 582 βλασφη
3218 510 3460 581 μοῦντες,
3483 511 3820 582 δαιμονῶντα

587 624 693 678 que
722 608 787 661 ad
820 606 1178 661 contumelias
1208 603 1440 659 eﬂ‘renes
1474 605 1578 673 ipsi
1608 605 1856 659 dmmone
1885 607 2150 674 agitatum

588 701 877 755 vocabant.
926 697 1234 750 Audiebant
1271 696 1415 750 enim
1451 696 1720 750 dicentem
1768 711 1830 750 ea
1883 711 2004 765 qua:
2056 697 2147 748 uni

593 790 702 842 Deo
747 787 929 841 dicere
979 786 1346 855 competebat,
1395 792 1655 852 tanquam
1710 800 1881 837 unum
1933 799 2066 838 vero
2100 798 2152 838 -e

589 879 752 933 nobis
782 877 1048 942 videntes,
1075 887 1128 929 et
1173 876 1302 943 quis
1353 874 1660 929 secundum
1708 882 1962 927 naturam
2010 883 2155 928 esset

588 971 830 1024 nondum
879 976 1299 1038 cognoscentes,
1347 981 1473 1020 cum
1529 965 1732 1034 aliquid
1769 964 1877 1019 Deo
1927 965 2152 1034 dignum

589 1061 821 1119 diceret,
848 1058 1224 1127 blaspliemias
1264 1056 1788 1124 interpretabantur.
1812 1054 1978 1125 Igitur
2005 1070 2156 1110 (eco-

589 1152 804 1204 nomice
851 1159 907 1204 et
948 1163 1130 1204 rerum
1175 1148 1367 1201 ordine
1418 1155 1644 1217 pmpter
1683 1146 2019 1200 audientium
2057 1147 2155 1198 im—

591 1237 938 1292 becillitatem
970 1249 1346 1304 ssepenumero
1380 1234 1655 1289 submisse
1681 1241 1733 1287 et
1759 1235 1962 1288 usitato
1996 1234 2155 1289 nobis

591 1341 849 1382 sermone
892 1327 1156 1394 loquitur.
1187 1326 1331 1393 Ergo
1383 1324 1657 1378 scinditur
1697 1323 2155 1393 Judaeorumpo-

592 1420 778 1488 pulus,
813 1426 867 1471 et
924 1417 1017 1470 alii
1074 1415 1296 1484 quidem
1354 1430 1700 1484 nequaquam
1758 1415 2157 1484 perpendentes

592 1507 849 1578 mysteria
887 1521 1007 1575 qua:
1056 1505 1113 1558 in
1161 1505 1250 1559 his
1300 1512 1482 1569 erant,
1544 1505 1713 1572 impie
1767 1504 2153 1559 contumeliosi

592 1599 862 1663 sunt;alii
893 1614 1023 1652 vero
1054 1597 1221 1650 animi
1249 1596 1437 1650 habitu
1467 1596 1862 1652 moderatiores
1881 1611 1989 1651 non
2022 1611 2160 1665 prat-

593 1705 825 1758 propere
855 1688 1244 1743 condemnant.
1275 1686 1634 1743 Revolventes
1686 1699 1865 1741 autem
1921 1688 2062 1756 apud
2099 1701 2160 1740 se

591 1781 714 1848 ejus
752 1781 916 1834 verba
945 1790 998 1834 et
1035 1789 1290 1836 accurate
1327 1779 1719 1850 expendentes,
1747 1793 1940 1832 eorum
1978 1777 2161 1832 suavi-

2254 607 2500 661 ἐκάλουν.
2541 607 2778 658 ’Ἤκουον
2812 605 2919 675 γὰρ
2945 605 3194 672 λέγοντος
3225 604 3363 675 ἆπερ
3392 605 3458 656 ἂν
3493 605 3694 674 πρέποι
3729 604 3821 672 μό-

2255 716 2329 768 νῳ
2350 699 2524 765 λέγειν
2546 695 2623 766 τῷ
2641 696 2759 765 Θεῷ
2776 714 2787 725 ·
2816 696 2890 758 ὼς
2915 696 3009 748 ἕνα
3035 696 3090 747 δὲ
3117 696 3222 748 τῶν
3253 695 3373 747 καθ’
3390 697 3542 765 ἡμᾶς
3567 695 3820 763 ὁρῶντες,

2253 790 2346 841 καὶ
2382 788 2464 852 τίς
2495 791 2609 840 ἐστι
2635 786 2776 840 κατὰ
2815 784 2975 854 φύσιν
3007 785 3162 839 οὔπω
3193 787 3571 852 γινώσκοντες,
3616 785 3819 852 δυσφη-

2257 883 2378 950 μεῖν
2413 880 2660 950 ἐνὸμιζον
2697 880 2786 932 ὅτε
2814 896 2866 930 τι
2901 877 3047 944 λέγει
3082 876 3400 946 Θεοπρεπές.
3441 875 3648 929 Οὐκοῦν
3677 878 3823 928 οίκσ-

2255 972 2498 1042 νομικῶς
2525 970 2613 1025 διὰ
2639 970 2736 1041 τὴν
2761 970 2870 1022 τῶν
2895 969 3261 1040 ἀκροωμένων
3286 968 3564 1021 ἀσθένειαν
3599 965 3825 1036 ὑφειμέ-

2255 1079 2360 1124 νως
2413 1061 2672 1124 πολλάκις
2723 1061 2816 1113 καὶ
2861 1059 2939 1128 τῷ
2987 1059 3108 1112 καθ’
3154 1059 3302 1129 ἡμᾶς
3348 1059 3610 1128 κέχρηται
3661 1057 3822 1128 λόγῳ.

2256 1149 2659 1220 Κατασχίζεται
2705 1149 2884 1201 τοίνυν
2917 1148 3024 1201 τῶν
3067 1147 3335 1200 Ἰουδαίων
3373 1150 3400 1200 ὁ
3427 1149 3616 1216 δῆμος,
3646 1149 3740 1201 καὶ
3775 1151 3823 1200 oi

2244 1242 2380 1312 ιμέν,
2409 1241 2558 1294 οὐδὲν
2593 1241 2942 1304 ἐννοήσαντες
2983 1238 3118 1300 ὅλως
3143 1237 3250 1291 τῶν
3281 1238 3367 1290 ἐπ’
3403 1237 3584 1300 αὐτοῖς
3616 1255 3825 1308 μυστη-

2247 1331 2412 1400 -ρίων,
2444 1329 2671 1390 ἀνοσίως
2687 1327 2918 1397 -ὑϐρίζου
2928 1344 3029 1391 σιν,
3049 1329 3096 1379 οἰ
3119 1326 3173 1378 δέ
3190 1327 3286 1394 τὴν
3303 1326 3415 1391 ἕξιν
3433 1327 3826 1400 ἐπιεικέστεροι

2259 1418 2565 1489 προχείρως
2590 1417 2649 1469 οὐ
2677 1417 3114 1486 κατακμνουσιν.
3133 1413 3582 1484 Ἀναμασώμενοι
3611 1416 3669 1467 δὲ
3697 1416 3826 1478 τοὺς

2259 1508 2390 1576 παρ’
2414 1507 2577 1560 αὑτοῦ
2618 1506 2808 1573 λόγους
2827 1507 2925 1558 καὶ
2947 1505 3096 1573 μετὰ
3117 1505 3400 1576 ἀκριϐείας
3423 1505 3825 1574 βασανίζοντες,

2259 1602 2357 1670 τῆς
2386 1602 2443 1653 ἐν
2476 1600 2656 1663 αὐτοῖς
2685 1600 3018 1669 γλυκύτητος
3055 1597 3491 1661 ὑπαισθάνονται,
3523 1599 3828 1667 δοκιμωτά-

2233 1679 2358 1761 ’την
2404 1709 2464 1744 τε
2501 1689 2643 1743 οὕτω
2684 1689 2960 1743 ποιοῦνται
2987 1690 3086 1759 τὴν
3115 1690 3405 1760 διάκρισιν,
3436 1691 3701 1760 νήφοντας
3732 1687 3827 1744 καὶ

2261 1781 2529 1843 συνέσεως
2570 1781 2670 1845 τῆς
2693 1779 2974 1850 ἀνωτάτης
3016 1781 3284 1850 γέμοντας
3325 1781 3534 1849 λόγους,
3573 1784 3692 1845 ταῖς
3720 1781 3826 1834 τῶν

593 1880 766 1926 tatem
814 1871 1249 1935 subodorantur,
1298 1879 1352 1926 et
1407 1872 1481 1925 ita
1519 1870 1964 1941 probatissimum
2007 1867 2158 1938 judi-

2261 1871 2554 1942 δαιμονίων
2582 1870 2868 1941 ἐλαφρίαις
2889 1871 2950 1922 οὐ
2979 1869 3344 1940 χαριζόμενοι.
3375 1871 3535 1934 Ἔθος
3557 1871 3664 1940 γὰρ
3681 1871 3826 1924 ἐκεί-

592 1968 740 2018 cium
796 1963 1000 2030 ferunt,
1041 1973 1153 2018 tam
1207 1965 1421 2021 sobrias
1476 1965 1829 2034 caelestisque
1882 1961 2162 2030 sapientia:

593 2058 784 2126 plenas
813 2071 976 2110 voces
1008 2056 1211 2110 levitati
1254 2055 1564 2110 dmmonum
1597 2055 1828 2109 minime
1857 2054 2162 2108 attribuen-

592 2157 693 2200 tes.
739 2145 834 2200 Est
873 2147 1016 2200 enim
1047 2146 1218 2200 moris
1253 2146 1362 2200 illis
1397 2146 1543 2200 inter
1572 2146 1956 2200 insaniendum
1996 2145 2162 2198 inter-

589 2235 832 2290 cidentia
882 2242 936 2288 et
983 2235 1278 2290 titubantia
1331 2234 1500 2305 loqui.
1541 2235 1712 2304 Igitur
1759 2237 1865 2304 ipsi
1901 2234 2161 2288 Pharisaei

593 2328 814 2396 magisa
842 2325 1088 2378 dzemone
1113 2326 1471 2388 vexabantur,
1499 2325 1666 2377 talem
1701 2325 2039 2393 appellantes
2065 2325 2161 2393 qui

592 2420 660 2470 ab
691 2433 754 2471 ca
787 2415 1202 2484 perturbatione
1237 2414 1497 2466 immunis
1537 2421 1622 2467 est
1649 2414 1714 2478 ν,
1747 2428 1846 2468 nec
1879 2413 2068 2468 vident
2103 2428 2164 2468 se

593 2511 817 2563 insitum
859 2506 964 2560 sibi
1014 2505 1269 2558 morbum
1326 2505 1612 2574 evulgare,
1661 2505 1907 2575 adeoque
1953 2507 2158 2560 malum

593 2611 702 2667 quo
775 2592 1166 2649 conﬂictantur
1217 2606 1328 2661 prae
1402 2591 1680 2658 imperitia
1754 2602 1808 2646 et
1861 2594 2162 2648 stoliditate

595 2690 772 2759 palam
807 2685 1010 2738 facere.
1038 2681 1105 2734 Et
1145 2697 1264 2734 meo
1307 2681 1529 2750 quidem
1558 2681 1770 2750 judicio
1799 2698 2012 2737 summa
2047 2699 2164 2737 ma-

597 2779 711 2832 litia
743 2777 939 2830 dicunt
971 2772 1258 2826 Dominum
1293 2771 1492 2825 habere
1521 2770 1869 2826 daemonium.
1905 2771 2161 2839 Quando-

593 2867 815 2938 quidem
849 2864 997 2918 enim
1031 2871 1291 2931 tanquam
1328 2870 1581 2931 pastores
1621 2864 1912 2919 incusabat
1945 2865 2164 2918 timidos

594 2968 649 3013 et
671 2956 1064 3018 mercenarios,
1089 2955 1290 3024 quippe
1324 2955 1412 3021 qui
1452 2955 1830 3025 relinquerent
1853 2971 1981 3013 oves
2011 2957 2161 3026 lupo,

589 3062 898 3119 parumque
941 3046 1228 3100 admodum
1261 3045 1328 3100 de
1361 3061 1524 3115 grege
1563 3045 1783 3101 solliciti
1816 3055 2023 3113 essent,
2055 3063 2161 3101 non

596 3139 950 3195 mediocriter
977 3138 1337 3200 consternati,
1363 3137 1629 3206 veritique
1654 3153 1723 3192 ne
1755 3139 1940 3208 populi
1977 3140 2164 3208 utique

597 3231 962 3300 intelligentes
991 3228 1158 3298 quod
1197 3228 1405 3282 dictum
1459 3237 1595 3292 erat,
1647 3228 1909 3300 deinceps
1957 3231 2026 3284 ab
2081 3231 2162 3285 eis

597 3323 750 3392 pasci
789 3323 1187 3382 detrectarent,
1234 3329 1288 3374 et
1341 3320 1395 3373 in
1435 3319 1785 3389 disciplinam
1844 3319 2053 3375 Christi
2103 3336 2163 3376 se

596 3415 827 3467 darent:
860 3421 1149 3482 propterea
1205 3411 1404 3466 animis
1449 3410 1821 3478 gregariorum
1876 3411 2160 3464 hominum

586 3506 785 3558 .lucum
833 3503 1096 3557 facientes
1133 3501 1343 3556 aiunt:
1379 3517 1399 3551 ‹
1436 3499 1776 3554 Βαιηιοηὶυω
1819 3501 2003 3566 habet,
2031 3502 2159 3570 quid

586 3597 749 3652 illum
775 3596 978 3651 auditis
996 3597 1057 3627 ⁵⁸·
1076 3594 1098 3647 ?
1117 3613 1136 3646 ι
1166 3591 1324 3659 Quod
1344 3605 1866 3660 cumper-summam
1896 3591 2159 3646 malitiam

593 3689 868 3754 dicerent,
893 3686 1187 3741 consilium
1224 3694 1406 3738 tamen
1440 3683 1549 3738 illis
1587 3683 1641 3737 in
1673 3684 2010 3740 contrarium
2041 3698 2160 3738 ces-

598 3778 671 3832 sit
704 3797 717 3831 :
746 3785 800 3831 et
833 3777 922 3829 alii
945 3775 1108 3846 664
1139 3773 1358 3843 quidem
1383 3781 1665 3843 perspecta
1696 3775 1989 3828 verborum
2026 3788 2159 3844 qua-

602 3861 747 3916 litate
779 3876 841 3915 ea
875 3870 1026 3915 recte
1071 3860 1468 3929 judicant,nec
1500 3861 1627 3913 talia
1655 3861 1849 3916 cadere
1895 3862 1952 3915 in
1980 3863 2159 3916 homi-

597 3965 724 4005 nem
763 3965 793 4004 a
837 3951 1084 4004 daemone
1128 3964 1444 4018 possessum
1479 3965 1492 4002 :
1533 3956 1718 4002 tamen
1765 3948 2156 4003 miraculorum

597 4041 910 4096 ellectiones
979 4039 1405 4110 inexpugnabile
1455 4039 1838 4093 testimonium
1898 4039 2164 4108 prabent,

599 4131 694 4183 ait.
745 4131 1033 4186 Etsi-enim
1071 4131 1347 4185 accusatis
1381 4130 1544 4184 verba
1583 4139 1639 4183 ut
1674 4146 1781 4184 non
1825 4141 1972 4186 recte
1996 4131 2162 4194 dicta,

597 4232 839 4277 attamen
896 4223 1010 4276 lieri
1066 4238 1177 4276 non
1231 4230 1412 4290 potest
1469 4231 1528 4274 ut
1579 4222 1704 4298 quis
1764 4221 2059 4276 identidem
2111 4231 2166 4277 et

2263 1981 2368 2016 νων
2397 1965 2454 2014 ἐν
2483 1961 2559 2031 τῷ
2592 1962 2946 2032 παραπαίειν,
2977 1961 3038 2013 τὸ
3093 1961 3476 2032 παρεμπίπτον
3524 1961 3721 2015 λαλεῖν.
3761 1962 3824 2013 υί

2261 2049 2354 2106 οὖν
2387 2055 2665 2123 Φαρισαῖοι
2699 2052 2898 2122 μᾶλλον
2913 2047 3058 2123 ἦσαν
3085 2051 3540 2121 οίδαιμονῶντες,
3577 2053 3626 2103 οἱ
3647 2049 3825 2105 τοιοῦ-

2261 2161 2352 2197 τον
2396 2144 2686 2205 καλοῦντες
2726 2143 2816 2196 τὸν
2860 2143 3062 2204 παντὸς
3108 2142 3390 2212 ἐλεύθερον
3439 2143 3664 2208 πάθους,
3729 2143 3826 2196 καὶ

2261 2234 2546 2302 λελήθασιν
2569 2233 2793 2295 ἑαυτοὺς
2824 2231 2922 2302 τὴν
2948 2231 3170 2285 ἐνοῦσαν
3199 2233 3382 2294 αὐτοῖς
3412 2232 3826 2302 ἐξαγορεύοντες

2261 2324 2416 2375 νόσον
2461 2324 2555 2376 καὶ
2608 2323 2665 2376 τὸ
2717 2322 2935 2393 συνέχον
2979 2322 3176 2386 αὐτοὺς
3207 2321 3372 2375 κακὸν
3408 2321 3468 2386 ἐξ
3492 2323 3712 2391 ἀγνοίας
3740 2322 3826 2388 ἐξ-

2259 2413 2509 2483 ηγεῖσθαι
2546 2414 2607 2467 ού
2647 2413 3087 2485 παραιτούμενοι.
3115 2409 3281 2482 Οἶμαι
3306 2413 3362 2466 δὲ
3390 2411 3562 2481 ἔγωγε
3591 2429 3826 2483 κακουρ-

2261 2504 2502 2572 γοτάτως
2528 2504 2730 2574 σφόδρα
2758 2503 2938 2571 λέγειν
2959 2503 3174 2565 αὐτοὺς,
3198 2502 3279 2554 ὅτι
3302 2501 3529 2572 δαιμονᾷ
3549 2504 3577 2554 ὁ
3602 2501 3823 2574 Κύριος.

2275 2595 2491 2663 Ἐπειδὴ
2537 2593 2646 2662 γὰρ
2693 2593 2770 2654 ὡς
2815 2593 3075 2663 ποιμένας
3120 2595 3414 2664 κατῃτιᾶτο
3463 2593 3672 2656 δειλοὺς
3732 2594 3826 2647 καὶ

2265 2682 2591 2752 μισθωτοὺς,
2616 2681 2691 2744 ῶς
2741 2682 2965 2744 ἀνέντας
2997 2683 3074 2751 τῷ
3106 2683 3254 2752 λύκῳ
3300 2685 3368 2736 τὰ
3418 2685 3686 2753 πρόϐατα,
3732 2688 3827 2738 καὶ

2261 2772 2416 2840 ὀλίγα
2445 2772 2724 2834 παντελῶς
2774 2773 2871 2842 τῆς
2925 2773 3124 2841 ἀγέλης
3181 2774 3590 2843 φροντίσαντας,
3633 2777 3828 2847 οὐμε-

2261 2865 2430 2934 τρίως
2453 2863 2918 2934 καταπτοούμενοι
2961 2863 3035 2934 μὴ
3061 2864 3167 2933 ἄρα
3200 2865 3470 2928 συνιέντες
3498 2867 3734 2938 οἱδῆμοι
3765 2869 3828 2922 τὸ

2264 2954 2571 3025 εἰρημένον,
2603 2956 3050 3024 παραιτήσωνται
3084 2955 3182 3026 μὲν
3208 2957 3308 3027 ἢδη
3340 2957 3402 3010 τὸ
3423 2957 3513 3011 ὑπ’
3537 2960 3716 3022 αὐτοῖς
3746 2959 3824 3012 ἔτι

2266 3044 2664 3114 ποιμαίνεσθαι,
2697 3045 3086 3116 προσδράμωσι
3105 3046 3162 3099 δέ
3189 3051 3254 3118 τῇ
3284 3049 3387 3100 ὑπὸ
3413 3049 3629 3120 Χριστῷ
3654 3050 3829 3122 μαθη-

2264 3136 2404 3206 τείᾳ,
2427 3136 2512 3188 διὰ
2543 3135 2698 3188 τοῦτο
2727 3135 2816 3188 τὸν
2848 3135 2972 3189 νοῦν
2995 3136 3102 3188 τῶν
3132 3138 3401 3206 ἀγελαίων
3425 3140 3824 3208 φενακίζοντες,

2265 3225 2416 3294 φασίο
2455 3243 2479 3276 ί
2519 3225 2802 3295 Δαιμόνιον
2859 3225 2991 3296 ἔχει,
3051 3213 3104 3279 τί
3140 3227 3304 3281 αὐτοῦ
3346 3229 3604 3297 ἀκούετες
3652 3248 3670 3280 ›
3717 3230 3828 3282 Καὶ

2264 3314 2436 3369 ταῦτα
2475 3315 2696 3368 ἐκείνων
2749 3315 2838 3369 διά
2890 3317 3227 3386 κακουργίαν
3285 3318 3567 3387 λεγόντων,
3628 3320 3708 3380 είς
3766 3317 3830 3370 τὸ

2263 3407 2502 3459 ἐναντίον
2532 3408 2714 3469 αὐτοῖς
2741 3406 2919 3479 ἐπέϐη
2969 3407 3028 3461 τὸ
3064 3409 3307 3479 σκέμμα,
3335 3410 3482 3463 ἄλλοι
3515 3409 3570 3462 δὲ
3594 3409 3699 3462 ἀπὸ
3731 3409 3828 3479 μὲν

2263 3495 2361 3566 τῆς
2387 3495 2495 3549 τῶν
2512 3497 2696 3565 λόγων
2725 3498 3025 3568 ποιότητος,
3045 3499 3235 3568 ὀρθοὺς
3258 3496 3396 3554 εἶναι
3426 3502 3667 3571 κρίνουσι
3701 3501 3830 3564 τοὺς

2263 3587 2357 3640 τοῦ
2390 3589 2598 3660 Κυρίου
2633 3588 2847 3657 λόγους,
2872 3590 2952 3653 ῶς
2983 3591 3084 3644 οὐκ
3105 3591 3275 3644 όντων
3301 3591 3407 3644 τῶν
3427 3591 3684 3646 τοιούτων
3710 3591 3827 3644 δαι-
3857 3583 3860 3586 ’

2270 3682 2642 3753 μονιζομένου·
2675 3683 2902 3752 ὅμωςαί
2923 3683 3378 3754 θαυματουργίαι,
3409 3685 3593 3754 φησιν,
3618 3685 3828 3754 ἄμαχον

2265 3774 2448 3842 ἔχουσι
2477 3773 2804 3844 μαρτυρίαν.
2831 3775 2895 3827 Εἰ
2923 3773 3146 3843 γὰρκαὶ
3175 3776 3281 3828 τῶν
3311 3776 3482 3842 λόγων
3515 3775 3589 3838 ὡς
3609 3776 3707 3828 ούκ
3734 3776 3828 3846 ὀρ-

2266 3863 2373 3926 Θῶς
2430 3863 2740 3934 λεγομένων
2810 3868 3186 3936 κατηγορεῖτε,
3251 3865 3365 3919 ἀλλ’
3428 3866 3705 3935 ἀμήχανον
3769 3865 3829 3915 ἐν

2264 3953 2446 4021 ταυτῷ
2504 3971 2622 4007 τινα
2670 3955 2765 4008 καὶ
2814 3955 3088 4025 δαιμόνιον
3148 3957 3311 4026 ἔχειν,
3358 3957 3582 4010 κάκεῖνα
3635 3957 3824 4008 ποιεῖν.

2279 4044 2410 4096 Ἀπὸ
2469 4039 2563 4098 οὖν
2617 4045 2726 4098 τῶν
2780 4047 3006 4117 καρπῶν
3072 4049 3120 4101 οἱ
3177 4048 3340 4101 αἴσιοι
3405 4048 3588 4119 κριταὶ
3643 4045 3830 4113 ἐπεγί-

2266 4151 2472 4188 νωσκον
2503 4136 2684 4200 αὐτὸν,
2716 4137 2854 4208 μετά
2882 4138 2974 4192 καὶ¹
3007 4139 3099 4192 τοῦ
3129 4139 3424 4210 θαυμάζειν
3455 4140 3547 4192 τὸν
3577 4141 3702 4209 παρ’
3731 4139 3830 4191 αύ-

2265 4224 2360 4278 τοῦ
2395 4225 2571 4296 λόγον.

598 4314 928 4370 daemonium
960 4314 1158 4369 habeat
1187 4321 1240 4368 et
1270 4313 1364 4368 illa
1400 4313 1584 4367 faciat.
1648 4314 1693 4366 A
1735 4313 2004 4369 fructibus
2036 4315 2205 4385 igitur
2241 4318 2378 4387 aequi
2410 4320 2627 4389 judices
2667 4322 3072 4394 cognoscebant
3113 4337 3258 4386 eum,
3324 4322 3486 4377 simul
3523 4329 3584 4376 =et
3621 4334 3821 4376 sermo~

599 4425 724 4466 nem
757 4409 880 4476 ejus
912 4407 1352 4462 admirabantur.

668 4501 840 4566 X,‘22.
870 4499 1039 4553 Facta
1066 4509 1188 4552 sunt
1214 4509 1386 4552 autem
1407 4497 1664 4554 Encwniu
1685 4502 1736 4554 in
1756 4501 2158 4573 Hierosolymis,

2337 4502 2599 4571 Ἐγένετο
2619 4504 2686 4556 δὲ
2710 4504 2787 4557 ’τὰ
2807 4503 3197 4573 Ἐγκαίνιαιὲν
3221 4503 3344 4569 τοῖς
3372 4503 3828 4574 Ἰεροσολύμοις,

595 4605 643 4650 et
679 4595 841 4648 hiems
872 4601 1006 4646 erat.

671 4687 936 4739 Intererat
964 4690 1148 4735 autem
1171 4680 1336 4737 festis
1366 4681 1654 4750 Dominus,
1688 4681 1797 4737 non
1839 4693 1898 4737 ut
1928 4699 1990 4738 ea
2032 4700 2157 4739 cum

595 4775 802 4831 Iudaeis
828 4773 1165 4837 celebraret;
1196 4772 1290 4840 qui
1322 4771 1378 4826 id
1407 4773 1553 4826 enim
1583 4773 1699 4827 lieri
1737 4781 1949 4842 poterat
1987 4777 2057 4830 ab
2094 4791 2160 4830 eo

597 4861 1062 4934 quidixerat,0di
1084 4872 1143 4916 et
1172 4876 1373 4932 respuo
1392 4861 1528 4916 festa
1547 4864 1874 4919 vestra?sed
1911 4873 1970 4918 ut
2002 4866 2162 4920 utiles

597 4968 732 5008 suos
766 4966 1053 5007 sermones
1083 4967 1270 5006 coram
1311 4953 1513 5021 populo
1556 4953 1728 5007 multo
1779 4954 2010 5018 diceret,
2042 4972 2158 5010 ma-

597 5043 856 5098 nil‘estum
891 5059 952 5098 se
984 5043 1189 5097 Judacis
1222 5043 1447 5107 sistens,
1486 5050 1540 5096 et
1575 5059 1888 5113 quanquam
1927 5063 2034 5101 non
2069 5062 2157 5102 re-

595 5136 833 5206 quisitus
884 5149 942 5189 se
982 5134 1090 5187 illis
1148 5132 1482 5187 admiscens.
1537 5131 1919 5189 Encaeniorum
1976 5145 2156 5190 autem

596 5227 818 5280 nomine
868 5226 956 5280 hic
1007 5231 1090 5279 est
1148 5222 1565 5292 intelligendum
1599 5225 1682 5279 vel
1734 5225 1971 5294 primum
2025 5225 2159 5279 illud

595 5313 794 5368 festum
831 5329 939 5382 quo
991 5311 1254 5366 Salomon
1301 5325 1502 5364 novum
1554 5313 1814 5382 templum
1849 5311 2152 5378 dedicavit;

593 5408 679 5460 vel
715 5406 847 5459 illud
897 5403 1275 5465 Zorobabelis,
1311 5402 1404 5472 qui
1444 5403 1638 5458 deinde
1679 5419 1802 5459 cum
1843 5402 1996 5470 Jesu,
2037 5415 2160 5475 post

595 5497 834 5551 reditum
855 5510 884 5550 e
901 5492 1194 5563 Babylone,
1213 5493 1476 5563 templum
1504 5493 1646 5550 idem
1663 5495 2156 5551 restauravit.Cum

661 5631 702 5660 "
732 5625 890 5682 Joan.
918 5641 1038 5688 vni,
1066 5626 1154 5678 48.
1230 5627 1294 5656 "‘
1324 5625 1458 5680 ibid.

2265 4593 2363 4649 καὶ
2395 4593 2613 4662 χειμὼν
2631 4589 2728 4661 ἦν.

2340 4684 2528 4753 Παρῆν
2545 4684 2622 4752 (1)
2647 4683 2704 4735 δέ
2725 4685 2783 4735 ἐν
2801 4687 2921 4747 ταῖς
2939 4685 3153 4755 ἑορταῖς
3171 4687 3199 4738 ὁ
3220 4683 3447 4754 Κύριος,
3477 4686 3572 4754 οὐχ
3597 4685 3676 4749 ὡς
3703 4703 3830 4739 συν-

2267 4776 2560 4845 εορτάσωνο
2578 4773 2693 4836 πῶς
2713 4775 2852 4842 γάρς
2872 4775 2900 4825 ὁ
2923 4773 3109 4836 εἰπὼν,
3122 4774 3437 4844 Μεμίσηκα,
3459 4775 3718 4844 ἀπῶσμαι
3733 4777 3832 4838 τὰς

2267 4867 2459 4936 ἑορτὰς
2486 4865 2638 4936 ὑμῶν
2667 4883 2680 4896 ·
2709 4866 2821 4919 ἀλλ’
2855 4866 2944 4918 ἶνα
2973 4865 3098 4929 τοὺς
3126 4867 3423 4934 ἐπωφελεῑς
3452 4867 3616 4920 αὐτοῦ
3643 4867 3832 4936 λόγους

2267 4960 2358 5012 ἐπὶ
2374 4958 2642 5028 παρουσίᾳ
2669 4955 2876 5010 πολλῶν
2908 4955 3054 5026 εἴπῃ,
3103 4958 3317 5027 ἐμφανῆ
3349 4959 3536 5010 ἐαυτὸν
3557 4962 3832 5029 καταστή-

2267 5067 2361 5112 σας
2386 5051 2500 5110 τοῖς
2535 5047 2829 5109 Ἰουδαίοις,
2854 5047 2949 5098 καὶ
2968 5047 3257 5115 ἀζητήτως
3287 5049 3469 5111 αὐτοῖς
3501 5049 3693 5101 ἑαυτὸν
3725 5066 3829 5102 καο

2263 5137 2514 5207 ταμίξας.
2581 5135 2858 5203 Ἐγκαίνια
2908 5135 2964 5188 δέ
3011 5137 3216 5205 οἰητέον
3269 5135 3517 5201 ἐνταῦθα,
3563 5138 3678 5207 ἤτοι
3731 5139 3832 5207 τὴν

2264 5224 2484 5296 πρώτην
2536 5225 2746 5295 ἑορτὴν,
2805 5223 2926 5276 καθ’
2976 5224 3096 5294 ﬁve
3144 5224 3392 5294 Σολομὼν
3435 5227 3716 5279 ἐπετέλεσε
3765 5226 3832 5278 τὰ.

2273 5316 2551 5384 Ἐγκαίνια
2577 5332 2589 5344 ·
2624 5315 2655 5384 ἢ
2684 5315 2771 5366 ὅτε
2795 5314 2824 5364 ὁ
2847 5313 3148 5382 Ζοροϐάϐελ
3178 5313 3399 5377 ὕστερον
3430 5316 3524 5368 σὺν
3547 5314 3623 5384 τῷ
3653 5316 3828 5385 Ἰησοῦ

2269 5406 2405 5475 μετὰ
2423 5403 2520 5475 τὴν
2547 5406 2610 5456 ἐκ
2640 5401 2955 5464 Βαϐυλῶνος
2997 5402 3271 5468 ἐπάνοδον,
3316 5403 3405 5455 τὸν
3446 5403 3572 5457 ναὸν
3631 5405 3826 5474 ᾠκοδό-

2271 5513 2462 5567 μησεν.
2490 5492 2772 5564 Χειμῶνος
2794 5492 2850 5545 δὲ
2879 5493 2973 5546 καὶ
3010 5493 3166 5545 ὑετοῦ
3195 5493 3344 5557 ὄντος
3388 5495 3708 5565 τηνικαῦτα,
3749 5497 3831 5550 εί-

661 5763 737 5832 (l)
776 5763 980 5833 Παρῆν
1003 5804 1016 5818 .
1045 5802 1058 5818 .
1085 5801 1100 5818 .
1122 5800 1135 5816 .
1166 5763 1384 5831 λόγους
1411 5779 1473 5816 ex
1505 5773 1692 5820 catena
1734 5765 1991 5821 Vaticana
2015 5807 2029 5830 ,
2060 5765 2156 5821 fol.

2261 5767 2322 5834 ιο,
2359 5781 2446 5837 ap.
2486 5766 2586 5822 Mai
2608 5767 2748 5823 Bibl.
2778 5768 2911 5824 Nov.
2947 5769 3083 5835 PP.,
3109 5768 3192 5837 ΙΙΙ,
3225 5771 3348 5826 154.
