4106 6262
316 372 386 431 ιξι
1081 363 1152 418 ΙΝ
1190 359 1610 419 JOANNEM.-—
1644 356 1775 410 LIB.
1805 352 1895 407 ιἰι

2005 354 2024 406 Γ
2063 353 2175 409 VIII
2206 355 2626 413 FRAGMENTA
3482 362 3551 424 19

316 490 490 545 κότως
518 483 758 538 ἅπαντες
783 477 876 531 ὲπὶ
903 477 1001 548 τὴν
1018 470 1180 530 στοὰν
1205 476 1445 546 ἔτρεχον.
1470 473 1561 526 Διὸ
1580 472 1673 525 καὶ
1697 471 1725 523 6
1751 470 1883 539 Χρι-

2005 466 2172 524 iiems
2202 478 2352 527 esset
2381 479 2437 526 et
2471 480 2602 527 tunc
2630 474 2864 542 plueret,
2884 477 3091 542 cuncti,
3117 484 3176 530 ut
3200 491 3296 546 par
3321 486 3460 539 erat,
3482 476 3546 530 ad

319 574 443 639 στδς
473 574 588 625 ἐκεῖ
612 566 903 641 ἦλθενίῖνα
922 568 1055 620 πᾶσι
1083 566 1322 636 γνωρίσῃ
1356 565 1544 618 ἑαυτὸν
1564 564 1675 621 τοῖς
1703 559 1886 613 θέλου-

320 666 406 720 σιν
436 662 594 716 αὐτὸν
626 660 777 724 ἰδεῖν,
808 658 902 712 καὶ
927 654 1139 727 μεταδῷ
1160 656 1344 718 αὐτοῖς
1363 650 1648 722 ὠφελείας.
1683 650 1747 703 Οἱ
1778 648 1886 719 γάρ

320 757 551 828 ὁρῶντες
566 752 837 823 ⁴ι’λκονῶνιιτο
867 750 1003 821 πρὸς
1033 749 1094 802 τὸ
1115 748 1324 819 ἐρωτᾷν
1346 763 1398 799 τι
1425 744 1585 798 αὐτόν
1616 758 1630 774 ·
1667 744 1748 796 ὅτι
1796 740 1888 794 καὶ

323 849 520 921 μᾶλλον
544 850 603 902 ὲν
632 849 751 911 ταῖς
780 844 998 916 άργίαις
1020 840 1325 910 πεφύκασιν
1366 839 1416 891 οἱ
1449 836 1722 905 ἄνθρωποι
1763 833 1889 894 τοὺς

318 938 592 1001 τοιούτους
608 935 880 1007 ὲπιμελῶς
907 932 1180 986 ἀνακινεῖν
1211 928 1421 996 λόγους.

405 1112 796 1167 Ἔκύκλωσαν
837 1101 947 1160 οὖν
995 1101 1183 1157 αὐτὸν
1234 1104 1298 1154 οὶΔ
1346 1097 1637 1162 Ἰουδαῖοι,
1687 1095 1779 1147 καὶ
1823 1092 1892 1149 τὰ

324 1202 473 1274 ὲξῆςο

396 1296 752 1368 Παραιτεῖται
814 1293 913 1364 μὲν
969 1290 1167 1353 αὐτοὺς
1219 1287 1291 1340 τὸυ
1321 1285 1401 1347 είς
1434 1281 1615 1335 πίστιν
1647 1278 1740 1346 ὀξὺ
1779 1276 1893 1347 δρι-

329 1387 553 1459 μύσσων
586 1388 613 1440 6
643 1384 856 1454 φθόνος·
893 1383 1205 1445 ἐκϐιάζεται
1226 1378 1287 1433 ,δὲ
1327 1374 1461 1447 πρὸς
1489 1373 1636 1442 ἡμᾶς
1670 1369 1729 1423 τὸ
1761 1368 1894 1421 θαῦ-

330 1494 407 1546 μα
465 1475 573 1527 τῶν
625 1472 963 1542 τελουμένων
1010 1470 1071 1524 τὸ
1117 1466 1365 1539 μέγεθος.
1412 1459 1798 1515 Ὑπαιτιῶνταί
1829 1474 1893 1525 γε

331 1567 439 1637 μὴν
470 1566 560 1619 τὸν
597 1565 778 1633 λόγον,
823 1562 919 1616 καὶ
950 1560 1017 1615 τὸ·
1056 1559 1155 1629 τῆς
1186 1552 1532 1616 διδασκαλίας
1572 1548 1894 1622 περιεσταλ-

332 1658 513 1727 μινον,
568 1654 823 1726 ἐμπόδιον
884 1652 1066 1712 αὐτοῖς
1116 1643 1257 1700 εἷναί
1326 1659 1481 1713 φασι,
1509 1640 1623 1695 τοῦ,
1660 1638 1895 1692 συνιέναι

325 1746 586 1803 δύνασθαι
619 1744 798 1807 καλῶς
831 1743 975 1813 άπερ
1003 1740 1110 1794 ἔδει
1140 1738 1354 1810 μαθεῖν.
1401 1732 1636 1799 Ἀξιοῦσι
1677 1744 1897 1798 τοιγαρ-

1988 560 2264 628 porticum
2326 562 2696 619 conﬂuebant.
2752 564 2930 631 Quare
2993 575 3049 621 et
3110 566 3363 622 Christus
3420 566 3548 620 illuc

1987 650 2160 714 venit,
2198 658 2259 706 ut
2304 666 2365 707 se
2409 655 2750 710 cunctis-sui
2793 655 3014 711 videndi
3063 657 3327 712 studiosis
3360 664 3546 710 osten-

1988 740 2164 809 deret,
2186 752 2240 798 et
2267 744 2558 799 utilitatem
2585 745 2830 814 aliquam
2860 748 3252 817 impertiretur.
3274 743 3408 799 Nam
3433 745 3552 799 viso

1989 848 2076 898 eo,
2102 834 2170 891 ad
2224 834 2678 904 interrogandum
2710 837 2779 892 de
2829 853 2889 892 re
2932 840 3117 907 aliqua
3161 837 3547 892 acuebantur:

1990 924 2170 980 solent
2212 926 2357 980 enim
2395 926 2667 992 homines,
2714 943 2841 982 eum
2894 925 3549 998 [ει-ἱειιιιιι*,1ιυ]ιιεωυι1ὶ

1991 1030 2273 1071 sermones
2311 1016 2563 1072 libenter“
2580 1033 2944 1074 commovere.

2062 1103 2129 1172 Χ,
2156 1105 2248 1161 24.
2279 1106 2747 1164 Circumdederunt
2773 1110 2935 1180 igitur
2961 1125 3079 1163 eum
3111 1107 3309 1175 Itulwi,
3338 1115 3445 1163 etc.

2064 1297 2372 1365 Quominus
2403 1301 2470 1357 ad
2504 1301 2665 1358 fidem
2698 1301 3066 1372 pelliciantur,
3096 1300 3322 1372 impedit
3346 1315 3441 1355 eos
3475 1300 3555 1353 vis

1993 1390 2279 1445 restuantis
2326 1391 2563 1457 invidiae,
2612 1393 2710 1448 sed
2766 1392 2869 1446 alia
2925 1401 3081 1462 parte
3120 1391 3292 1445 trahit
3331 1405 3556 1460 operum

1994 1480 2322 1536 miraculum
2375 1491 2430 1538 et
2468 1484 2804 1555 magnitudo.
2840 1485 3153 1541 Causantur
3185 1482 3403 1552 quidem
3441 1496 3559 1535 ser-

1996 1586 2213 1627 monem
2246 1582 2300 1628 et
2332 1575 2596 1629 doctrinae
2619 1583 2959 1631 contractam
2989 1576 3404 1637 obscuritatem,
3440 1587 3561 1640 quae

1997 1661 2391 1732 impedimento
2430 1666 2504 1720 sit
2551 1681 2622 1720 ne
2661 1674 2810 1721 recte
2844 1665 3147 1736 intelligere
3188 1663 3403 1736 possint
3439 1679 3562 1731 ιιιιειι

1997 1751 2263 1808 discenda
2300 1762 2448 1811 sunt.
2488 1754 2688 1811 Petunt
2734 1756 2904 1827 igitur
2932 1763 2991 1811 ut
3039 1756 3300 1826 loquatur
3336 1753 3561 1809 eviden-

327 1834 421 1889 οὖν
470 1836 644 1887 εἰπεῖν
706 1832 867 1887 αὐτὸν
920 1829 1345 1900 ἐναργέστερον,
1402 1824 1579 1879 καίτοι
1638 1819 1894 1880 πολλάκις

2005 1843 2133 1907 tius,
2161 1846 2381 1901 tametsi
2428 1862 2570 1917 saepe
2603 1819 2879 1904 audierint
2925 1849 3060 1905 satis
3093 1819 3365 1918 prolixam
3399 1846 3467 1900 de
3497 1861 3563 1900 eo

328 1926 732 1996 ἀκροασάμενοι
811 1922 907 1978 καὶ
966 1920 1183 1992 μακρὰν
1243 1918 1335 1972 ἐπὶ
1397 1915 1572 1984 τούτῳ
1644 1911 1900 1972 λαϐόντες

327 2015 607 2084 ἐξήγησιν.
638 2013 702 2066 El
736 2011 844 2082 γὰρ
888 2011 999 2065 καὶ-
1023 2010 1099 2081 μὴ
1138 2009 1242 2080 ἔφη
1278 2005 1485 2077 σαφῶς
1529 2002 1683 2072 Ἐγώ.
1707 2005 1822 2071 εἰμι
1868 2004 1897 2055 6

327 2103 588 2174 Χριστὸς,
642 2102 780 2157 ἀλλὰ
855 2101 963 2155 τῶν
1026 2102 1312 2173 προσεῖναι
1377 2097 1697 2166 πεφυκότων
1749 2093 1897 2164 αὐτῷ

328 2195 676 2266 ἀξιωμάτων,
707 2193 877 2247 πολλὰ
899 2192 1146 2264 παρῆγεν
1178 2191 1260 2253 είς
1291 2189 1476 2260 μέσον,
1519 2186 1649 2240 ποτὲ
1687 2186 1784 2256 μὲν
1814 2184 1899 2237 λέ-

331 2302 461 2354 γων·
491 2304 511 2337 ι
544 2284 686 2352 Ἐγώ
714 2284 828 2352 εἰμί
864 2286 898 2355 ὴ
927 2284 1221 2345 ἀνάστασις
1249 2281 1342 2334 καὶ
1370 2281 1403 2350 ἡ
1433 2279 1569 2348 ζωή*
1621 2275 1759 2346 Ἐγώ
1783 2279 1897 2347 εἰμι

331 2380 367 2447 ἡ
396 2377 533 2440 ὁδός⁸
580 2375 725 2444 Ἐγώ
740 2377 854 2446 ειμι
879 2377 913 2445 ἠ
940 2374 1096 2445 θύρα·
1137 2372 1277 2441 Ἐγώ
1304 2373 1420 2442 εἰμι
1451 2372 1481 2423 6
1515 2368 1713 2441 ποιμὴν
1743 2371 1772 2423 ὁ
1801 2385 1899 2422 κα-

331 2468 442 2530 λός·
479 2486 497 2519 ι
535 2465 595 2531 ἐξ
624 2460 699 2520 ὧν
732 2465 839 2536 γάρ
876 2464 1046 2517 ταῦτα
1096 2462 1287 2517 ἑαυτὸν
1338 2460 1609 2531 ὀνομάζει,
1646 2459 1900 2529 σημαίνει

330 2560 414 2611 ὅτι
458 2559 486 2610 6
533 2557 765 2628 Χριστός
795 2556 932 2608 ἐστι.
960 2555 1085 2616 Τοῖς
1119 2554 1227 2623 γάρ
1261 2550 1522 2615 τοιούτοις
1573 2549 1900 2620 ἀξιώμασιν,

333 2649 524 2706 εἴωθεν
559 2649 593 2718 ὴ
622 2647 811 2718 Γραφὴ
843 2644 1138 2714 στεφανοῦν
1174 2643 1550 2715 τδννΧριστόν·
1581 2644 1631 2697 ει
1661 2643 1755 2696 καὶ
1783 2641 1902 2695 λευ-

331 2739 444 2801 κῶς
475 2736 632 2790 τοῦτο
663 2736 823 2791 αὐτὸν
852 2736 1094 2807 ἀπῄτουν
1136 2736 1196 2789 οἱ.
1223 2734 1477 2788 Ἰουδαῖοι.
1502 2734 1698 2795 εἰπεῖν,
1729 2730 1902 2795 άλλως

330 2848 391 2882 τε
433 2830 575 2898 τάχα
628 2844 741 2890 πως
796 2827 892 2880 καὶ
945 2826 1005 2879 οὐ
1047 2825 1250 2894 σφόδρα
1294 2824 1698 2896 εὐπαράδεκτον
1741 2823 1803 2877 τὸ
1843 2823 1902 2876 ὲν

331 2920 529 2984 ἁπλαῖς
558 2919 738 2987 λέγειν
769 2919 996 2987 φωναῖς,
1037 2917 1180 2983 Ἐγώ
1234 2917 1349 2987 ειμι
1406 2919 1436 2970 6
1492 2915 1750 2987 Χριστὸς.
1801 2915 1901 2985 οὐχ

335 3013 614 3083 ἑπομένων
642 3012 722 3073 είς
748 3009 1020 3073 ἀπόδειξιν
1058 3009 1165 3063 τῶν
1209 3008 1570 3079 πραγμάτων,
1617 3007 1685 3060 δι’
1717 3001 1802 3061 ὧν.
1835 3005 1901 3059 ἄν

1996 1933 2417 2002 expositionem.
2484 1935 2599 1991 Etsi
2658 1937 2805 1991 enim
2875 1950 2986 1991 non
3042 1936 3274 1991 dixisset
3342 1942 3561 2004 aperte,

2004 2021 2115 2092 Ego
2182 2038 2304 2078 sum
2347 2023 2636 2091 Christus,
2680 2036 2920 2082 attamen
2973 2028 3144 2081 multa
3210 2027 3266 2081 in
3325 2025 3562 2079 medium

2002 2113 2231 2169 adduxit
2281 2122 2446 2170 tanta;
2500 2117 2836 2187 dignationis
2900 2118 3161 2188 adjuncta
3246 2126 3300 2172 et
3368 2132 3567 2187 praero-

2001 2205 2255 2275 gativas,
2307 2205 2601 2261 identidem
2659 2208 2887 2274 dicens,
2945 2227 2963 2260 ι
3030 2207 3141 2278 Ego
3208 2222 3329 2263 sum
3377 2222 3567 2262 resur-

2001 2297 2177 2351 rectio
2199 2306 2253 2351 et
2281 2297 2395 2351 vita
2417 2298 2520 2359 ⁸·⁶·,
2551 2295 2665 2366 Ego
2699 2312 2820 2353 sum
2852 2298 2935 2352 via
2954 2298 2996 2363 ',
3028 2297 3141 2367 Ego
3165 2312 3287 2352 sum
3330 2295 3497 2365 janua
3520 2296 3564 2356 ',
3650 2339 3657 2347 .

2004 2384 2116 2455 Ego
2149 2400 2269 2440 sum
2308 2393 2499 2454 pastor
2531 2385 2713 2441 bonus
2739 2385 2761 2417 '
2794 2402 2808 2439 :
2849 2404 2868 2438 ι
2903 2401 2970 2440 ex
3004 2400 3070 2440 eo
3106 2385 3252 2439 enim
3287 2384 3432 2453 quod
3464 2383 3567 2437 sibi
3623 2371 3630 2378 ’

2001 2477 2133 2530 talia
2169 2477 2442 2541 attribuit,
2475 2476 2754 2547 significat
2805 2491 2866 2531 se
2913 2475 3197 2531 Christum
3233 2490 3377 2530 esse.
3410 2472 3570 2542 Ejus-

2001 2567 2151 2622 modi
2192 2569 2338 2624 enim
2374 2567 2696 2623 honoriﬁcis
2735 2556 3195 2637 appellationibus
3242 2565 3383 2620 solet
3417 2563 3569 2617 Seri-

2002 2667 2167 2730 ptura
2217 2659 2483 2715 decorare
2527 2658 2832 2721 Christum,
2874 2666 2928 2713 et
2970 2671 3281 2728 quanquam
3319 2655 3569 2725 postula—

2001 2748 2136 2803 bant
2186 2746 2360 2802 Judaei
2411 2755 2471 2802 ut
2516 2748 2758 2803 dilucide
2814 2748 3152 2817 loqueretur,
3212 2761 3322 2800 non
3389 2752 3570 2798 tamen

2004 2851 2400 2907 usquequaque
2460 2836 2622 2892 tidem
2652 2836 2845 2893 facile‘
2884 2836 3126 2902 fecisset,
3157 2835 3388 2890 dicendo
3438 2834 3572 2888 sim-

2006 2926 2240 2996 plicibus
2285 2926 2534 2991 vocibus,
2566 2925 2689 2997 Ego
2728 2942 2849 2981 sum
2882 2926 3161 2990 Christus,
3190 2924 3309 2979 nisi
3340 2923 3406 2978 ad
3447 2938 3573 2992 pro-

2007 3018 2511 3087 bationem-opera
2581 3025 2980 3087 sequerentur,
3032 3016 3237 3085 quibus
3293 3027 3391 3084 par
3455 3019 3573 3066 erat

338 3103 560 3167 εἰκότως
594 3100 888 3171 ἐπιστεύθη
924 3101 999 3164 ὡς
1034 3100 1199 3164 αὐτὸς
1239 3100 1335 3171 εῐην
1359 3101 1388 3152 ὁ
1420 3099 1674 3169 Χριστός.
1711 3100 1903 3167 Ἀσυγ-

2006 3106 2159 3161 credi
2184 3120 2319 3160 eum
2347 3120 2473 3161 esse
2496 3105 2805 3161 Christum.
2823 3105 2891 3160 Et
2922 3106 3144 3176 quidem
3174 3112 3329 3158 extra
3353 3117 3570 3157 omnem

334 3194 537 3265 κρίτως
567 3193 625 3245 δὲ
651 3195 898 3263 κρεῖττον
943 3192 1018 3262 μὴ
1072 3193 1131 3257 ἐξ
1161 3183 1235 3244 ὧν
1260 3191 1421 3255 αὐτὸς
1461 3190 1612 3259 ἔλεγε
1641 3188 1903 3261 γνωρίζες

338 3284 463 3339 σθαι
492 3281 677 3347 αὑτὸν,
718 3283 800 3337 ὅτι
828 3282 992 3342 αὑτός
1022 3284 1170 3335 ἐστιν
1205 3282 1234 3335 6
1264 3279 1519 3351 Χριστὸς,
1556 3279 1671 3333 ἀλλ’
1704 3282 1768 3333 ὲκ
1796 3279 1906 3333 τῶν

336 3378 620 3447 προσεῖναι
671 3372 994 3441 πεφυκότων
1048 3372 1269 3441 μᾶλλον,
1299 3373 1396 3425 καὶ
1440 3370 1499 3437 ἐξ
1551 3362 1627 3424 ὧν
1672 3371 1729 3422 αἱ
1766 3368 1906 3423 θεῖαι

337 3468 465 3538 περὶ
493 3465 659 3520 αὐτοῦ
679 3463 1061 3535 χρησμῳδοῦσι
1093 3463 1329 3534 Γραφαὶ,
1362 3462 1456 3516 καὶ
1483 3460 1718 3533 φανερὸν
1745 3459 1907 3514 αὐτὸν

336 3557 558 3612 ἔσεσθαι
590 3556 907 3628 μηνύουσιν.
934 3556 1113 3625 Ἀπερ
1144 3555 1219 3626 μὴ
1249 3556 1538 3626 νοήσαντες
1565 3554 1616 3607 οί
1643 3552 1905 3618 Ἰουδαῖοι,

335 3649 413 3712 ὼς
440 3650 580 3715 άγαν
624 3646 1102 3717 μαροψυχοῦντες,
1132 3646 1504 3713 φασίν·‹’¹Εως
1528 3645 1658 3698 πότε
1683 3644 1779 3715 τὴν
1807 3645 1910 3711 ψυ-

340 3738 444 3809 χὴν
474 3736 834 3808 ἡμῶνηαῐρεις
855 3753 870 3802 ;
895 3755 914 3788 ι
955 3736 1117 3800 Ἐλθος
1145 3735 1255 3806 γὰρ
1276 3737 1387 3799 τοῖς
1416 3734 1739 3805 ὀλιγωροῦσι
1753 3734 1911 3788 τοῦτο

340 3828 547 3896 λέγειν.

358 3974 363 3977 _
420 3921 497 3975 Τὰ
516 3920 659 3989 ἔργα
691 3919 731 3973 d
752 3918 873 3989 ἐγὼ
895 3919 1042 3972 ποιῶ
1066 3918 1136 3972 ἐν
1172 3916 1252 3983 τῷ
1277 3918 1520 3987 ὀνόματι
1550 3915 1656 3970 τοῦ
1676 3918 1907 3985 Πατρός

337 4030 479 4083 μου,
508 4012 693 4066 ταῦτα
706 4010 1006 4081 μαρτυρεῖ
1020 4009 1153 4079 περὶ
1182 4009 1349 4078 ἐμοῦ.

412 4102 669 4176 Περιττὸν
702 4097 795 4155 οὖν
820 4101 1039 4171 ἐνόμισε
1066 4101 1160 4153 καὶ
1188 4102 1217 4153 6
1241 4098 1472 4170 Χριστὸς
1512 4100 1624 4162 τοῖς
1650 4097 1912 4161 πολλάκις

341 4194 608 4249 ἀκούσασι
646 4195 742 4246 καὶ
785 4192 860 4262 μὴ
904 4190 1194 4253 πεισθεῖσι,
1232 4190 1395 4244 πάλιν
1430 4188 1501 4242 τά
1542 4189 1681 4243 αὐτὰ
1710 4189 1908 4242 εἰπεῖν.

342 4286 588 4358 Χρὴλγὰρ
614 4285 721 4339 ἀπὸ
746 4284 845 4353 τῆς
866 4282 973 4335 τῶν
994 4282 1295 4352 γινομένων
1323 4280 1605 4351 ποιότητος
1625 4277 1914 4349 δοκιμάζε-

348 4379 469 4432 σθαι
518 4376 873 4439 τά-έκάστου,
899 4376 995 4428 καὶ
1026 4375 1086 4427 οὐ
1142 4374 1360 4436 πάντως
1411 4373 1492 4435 είς
1532 4371 1723 4440 λόγους
1754 4372 1906 4442 ὁρᾷν.

2006 3197 2483 3269 comparationem
2531 3198 2728 3253 melius
2759 3208 2847 3253 est
2891 3213 3001 3252 non
3050 3213 3115 3252 ex
3157 3197 3224 3251 iis
3269 3209 3392 3265 quae
3435 3193 3575 3248 dixit

2007 3301 2135 3340 eum
2171 3300 2506 3357 cognoscere
2530 3286 2680 3358 quod
2712 3286 2831 3357 ipse
2860 3286 2933 3342 sit
2960 3286 3237 3347 Christus,
3272 3284 3369 3339 sed
3401 3283 3574 3352 magis

2006 3392 2088 3432 ex.
2116 3376 2185 3433 iis
2217 3392 2339 3446 quae
2369 3377 2559 3431 insunt
2589 3377 2717 3446 ipsi,
2754 3378 2932 3447 iisque
2984 3378 3147 3430 etiam
3180 3373 3422 3429 oraculis
3451 3388 3574 3442 qua:

2006 3465 2076 3521 de
2102 3482 2168 3521 eo
2194 3465 2394 3522 divinae
2418 3468 2718 3537 Scriptura:
2743 3477 2970 3531 canunt,
3001 3476 3053 3521 et
3086 3465 3331 3520 futurum
3366 3471 3425 3517 ut
3456 3465 3574 3532 ipse

2009 3558 2324 3613 innotescat
2372 3557 2698 3627 pradieunt.
2736 3556 2868 3623 Quae
2911 3572 3036 3611 eum
3081 3571 3188 3610 non
3230 3556 3575 3624 perpendant

2007 3649 2205 3713 Judaei,
2234 3648 2382 3703 velut
2425 3649 2766 3702 consternati
2795 3647 2997 3700 animis
3023 3648 3178 3700 aiunt
3215 3664 3227 3701 :
3267 3664 3285 3695 ι
3319 3644 3574 3709 Quandiu

2009 3741 2247 3795 animam
2286 3750 2531 3794 nostram
2581 3754 2905 3810 suspensam
2935 3738 3126 3795 tenes?
3158 3755 3176 3787 ι
3216 3736 3382 3791 Moris
3428 3734 3574 3790 enim

2010 3837 2095 3885 est
2123 3828 2526 3899 negligentibus
2551 3843 2616 3884 ac
2653 3827 3065 3882 fastidientibus
3097 3826 3202 3880 hoc
3234 3825 3404 3894 loqui.

2083 3918 2150 3982 Χ,
2180 3920 2274 3974 ‘25.
2305 3917 2478 3989 Opera
2501 3934 2619 3988 quae
2645 3933 2738 3989 ego
2759 3918 2900 3987 facio
2924 3918 2980 3971 in
3006 3916 3213 3972 nomine
3242 3913 3423 3968 Patris
3451 3913 3573 3978 mei,

2010 4011 2121 4065 hwc
2144 4010 2209 4064 de
2234 4027 2313 4065 me
2340 4020 2619 4066 testantur.

2084 4098 2431 4169 Superfluum
2466 4100 2639 4170 igitur
2676 4098 2833 4154 duxit
2861 4098 3117 4154 Christus
3169 4097 3311 4167 apud
3334 4111 3444 4151 eos
3483 4096 3576 4165 qui

2012 4189 2175 4244 toties
2204 4189 2496 4244 audierant
2528 4203 2630 4245 nec
2657 4189 3021 4245 crediderant
3041 4203 3237 4242 rursus
3277 4184 3465 4241 eadem
3499 4200 3579 4238 re-

2013 4287 2221 4351 petere.
2260 4280 2490 4351 Oportet
2519 4282 2665 4337 enim
2711 4296 3161 4352 unumquemque
3210 4294 3276 4333 ex
3312 4278 3577 4348 qualitate

2014 4386 2244 4441 operum
2289 4372 2547 4441 spectari,
2573 4385 2676 4426 nec
2708 4371 2776 4427 ad
2819 4372 2936 4427 sola
2970 4371 3133 4425 verba
3166 4369 3576 4438 respiciendum

356 4464 729 4535 Ἀποπληροῦν
759 4464 825 4517 δὲ*
845 4464 992 4531 λέγει
1025 4462 1217 4517 ἑαυτὸν
1236 4462 1304 4515 τὰ
1328 4462 1465 4530 ἔργα
1489 4462 1546 4514 ὲν
1575 4460 1654 4532 τῷ
1681 4462 1903 4532 ὀνόματι

2010 4469 2116 4517 est.
2169 4461 2253 4517 Se
2288 4479 2418 4517 vero
2470 4464 2770 4534 adimplere
2825 4462 2971 4516 dicit
3015 4476 3181 4530 Opera
3246 4461 3300 4513 in
3360 4459 3580 4514 nomine

343 4552 699 4621 τοῦΠατρὺς,
725 4551 915 4622 οῖλτὴν
941 4552 1146 4605 ἄνωθεν
1172 4551 1317 4608 καθά
1357 4568 1443 4613 τις
1479 4552 1634 4618 ἅγιος
1658 4552 1908 4623 καρπού-

348 4662 505 4717 μενος
537 4644 788 4713 δύναμιν,
815 4643 922 4696 οὐδ’
951 4643 1027 4706 ὡς
1056 4643 1358 4713 ἀδυναμίαν
1383 4642 1558 4713 ἑαυτῷ
1585 4645 1908 4715 κατηγορῶν

342 4740 373 4791 6
403 4735 534 4799 Θεὸς
562 4736 627 4787 ἐκ
660 4732 819 4787 Θεοῦο
849 4736 877 4787 6
915 4732 1011 4786 τοῦ
1044 4732 1254 4804 Πατρὺς
1286 4732 1588 4803 ὁμοούσιος,
1616 4736 1650 4804 ὴ
1680 4734 1909 4804 δύναμις

343 4826 436 4882 τοῦ
468 4826 700 4897 Πατρὸς,
734 4825 848 4878 ἀλλ’
875 4825 950 4888 ὡς
971 4825 1262 4894 ἀπονέμων
1283 4827 1350 4896 τῇ
1381 4824 1501 4896 θείᾳ
1528 4825 1654 4897 δόξῃ
1676 4826 1776 4898 τὴν
1801 4826 1911 4878 τῶν

343 4917 679 4988 τελουμένων
703 4915 952 4986 δύναμιν,
1002 4919 1067 4969 ὲν
1090 4916 1177 4986 τῷ.
1204 4915 1430 4983 ὀνόματι
1466 4915 1560 4968 τοῦ
1593 4917 1804 4987 Ματρὸς
1842 4917 1912 4970 τὰ

345 5007 484 5078 ἔργα
516 5008 650 5075 φησι
683 5009 874 5060 ποιεῖν.
906 5005 1053 5074 Πλὴν
1095 5009 1191 5060 καὶ
1223 5006 1413 5074 ἀνάγει
1449 5007 1540 5060 ἐπὶ
1568 5007 1660 5060 τὸν
1694 5008 1913 5077 Πατέρα

346 5097 445 5167 τὴν
471 5096 659 5167 τιμήνο
702 5097 793 5149 ἵνα
837 5096 921 5167 μὴ.
954 5096 1030 5168 δῷ
1068 5101 1179 5161 τοῖς
1232 5097 1507 5160 Ἰουδαίοις
1540 5097 1790 5167 ἀφορμὴν
1822 5098 1914 5151 τοῦ

349 5187 676 5256 ὶπιφύεσθαι
703 5188 880 5258 αὐτῷ..
902 5190 1090 5259 Ὅμως
1117 5190 1211 5242 καὶ
1234 5188 1383 5255 ἄξιον
1408 5189 1653 5260 ἡγήσατο
1683 5189 1758 5260 μὴ
1782 5206 1916 5260 παρ-

351 5280 525 5334 ελθεῖν
554 5281 617 5335 τὸ
660 5282 856 5353 μέτρον
906 5283 1013 5353 τῆς.
1048 5283 1234 5337 δούλου
1280 5282 1498 5355 μορφῆς
1526 5285 1621 5337 καὶ
1649 5284 1914 5355 ὑπάρχειν

351 5370 482 5434 Θεδς
503 5372 597 5426 καὶ
612 5372 833 5442 Κύριος·
866 5374 1034 5428 εἰπὼν
1055 5376 1113 5429 δὲ
1135 5377 1217 5429 ὅτι
1240 5376 1298 5429 ὲν
1324 5375 1548 5446 ὀνόματι
1563 5407 1567 5411 -
1584 5375 1679 5428 τοῦ
1709 5375 1916 5444 Πατρὺς

356 5461 498 5512 ποιεῖ
521 5459 589 5512 τά
622 5460 776 5530 ἔργα,
800 5463 1040 5517 διδάσκει
1065 5465 1231 5517 ὅτιαοῖ
1263 5465 1509 5519 Ἰουδαῖοι
1542 5463 1920 5535 βλασφημοῦν·

354 5563 446 5611 τες
473 5547 681 5618 ἔλεγον,
706 5552 764 5605 ὲν
786 5550 1111 5616 Βεελζεὸοὺλ
1138 5553 1419 5609 ὶκσάλλειν
1448 5554 1609 5608 αὐτὸν
1645 5555 1714 5609 τά
1739 5554 1922 5625 δαιμό-

2012 4552 2216 4617 Patris,
2244 4569 2353 4608 non
2389 4555 2541 4609 velut
2580 4555 2781 4624 aliquis
2815 4560 3041 4608 sanctus
3078 4553 3314 4621 desuper
3340 4558 3579 4621 potesta-

2015 4653 2135 4699 tem
2164 4645 2459 4714 accipiens,
2486 4645 2579 4700 sed
2615 4661 2715 4699 nec
2743 4645 2910 4699 etiam
2942 4644 3093 4698 illam
3138 4643 3195 4697 in
3234 4657 3296 4698 se
3339 4641 3582 4697 imbecil-

2013 4734 2226 4789 litatem
2252 4749 2554 4801 accusans;
2589 4734 2979 4806 665‘quippe
2996 4750 3064 4789 ex
3096 4732 3208 4788 Deo
3236 4731 3401 4796 Deus,
3432 4729 3580 4783 Patri

2015 4827 2530 4891 eonsubstantialis,
2586 4828 2768 4882 Patris
2825 4827 3019 4891 virtus,
3072 4833 3129 4879 et
3173 4825 3325 4879 velut
3384 4822 3581 4877 divinae

2010 4920 2203 4990 gloriae
2229 4934 2419 4974 eorum
2453 4933 2577 4988 quae
2602 4920 2751 4973 {fiunt
2783 4920 2890 4973 vim
2921 4917 3228 4981 aseribens,
3273 4917 3329 4969 in
3360 4915 3581 4968 nomine

2012 5011 2198 5067 Patris
2229 5027 2289 5067 se
2327 5025 2497 5081 Opera
2531 5011 2711 5065 facere
2735 5010 2887 5065 dicit.
2924 5009 3235 5075 Quinetiam
3266 5015 3320 5061 et
3364 5006 3429 5059 ad
3480 5003 3577 5058 Pa-

2015 5112 2155 5158 trem
2182 5104 2447 5157 honorem
2480 5101 2672 5164 refert,
2697 5116 2766 5155 ne
2787 5101 2936 5153 illam
2971 5098 3181 5153 Iudaeis
3210 5097 3264 5150 in
3306 5112 3366 5151 se
3393 5110 3579 5149 ansam

2014 5194 2280 5263 praebeat;
2330 5193 2504 5245 Simul
2563 5205 2781 5261 aequum
2835 5191 3051 5244 censuit
3111 5187 3333 5241 modum
3398 5185 3586 5238 forma:

2018 5284 2165 5338 servi
2195 5298 2305 5337 non
2349 5281 2658 5351 transgredi
2697 5289 2751 5336 et
2782 5281 3053 5334 exsistere
3094 5278 3234 5331 Deus
3283 5291 3350 5331 ac
3401 5275 3586 5329 Domi-

2020 5391 2127 5430 nus
2161 5393 2174 5427 :
2214 5374 2404 5428 dicens
2438 5387 2566 5427 vero
2616 5372 2674 5425 in
2717 5373 2940 5425 neruine
2971 5367 3154 5422 Patris
3192 5381 3358 5436 opera
3405 5380 3463 5419 se
3503 5364 3585 5415 fa-

2022 5479 2167 5526 cere,
2206 5459 2447 5516 ostendit
2491 5457 2712 5513 Judaeus
2768 5452 3145 5521 blasphemare
3192 5453 3285 5522 qui
3333 5448 3587 5502 dicebant

2027 5569 2151 5608 eum
2185 5552 2239 5606 in
2264 5550 2547 5607 Beelaebul
2577 5548 2777 5616 ejicere
2800 5544 3068 5599 daemonia
3095 5563 3107 5599 :
3134 5544 3259 5615 quia
3285 5554 3413 5597 vero
3429 5536 3589 5590 Pater

429 5723 515 5758 ⁸⁸⁸·
541 5722 703 5781 Joan.
737 5728 928 5794 xuii.
1004 5731 1023 5761 ⁶
1047 5729 1206 5785 Joan.
1242 5746 1352 5793 xxv,
1390 5732 1443 5786 6.
1520 5731 1538 5762 τ
1574 5729 1729 5786 Joan.
1769 5745 1822 5793 κ,
1858 5731 1903 5782 9.

2005 5728 2010 5755 ‘
2041 5724 2177 5779 Ibid.
2224 5727 2308 5779 II.
