4106 6262
525 359 597 418 19
1516 361 1572 416 S.
1611 361 1888 421 CYRILLI
1920 363 2391 427 ALEXANDRINI
2426 371 2741 428 ARCHIEP.
3526 410 3529 411 ν
3684 372 3766 437 ’20

526 491 640 531 non
664 473 793 546 quia
828 472 988 531 Pater
1017 484 1107 531 est
1139 475 1272 531 facit
1294 477 1578 544 miracula,
1611 481 1706 534 sed
1736 482 1865 550 quia
1899 492 2091 537 natura

2200 506 2306 543 νια·
2334 492 2456 544 ἐπεὶ
2492 489 2549 543 δέ
2579 491 2608 542 ὁ
2634 488 2844 561 Πατὴρ,
2880 489 2979 542 οὐκ
3014 490 3202 560 ἐπειδὴ
3244 491 3432 560 Πατήρ
3459 492 3597 555 ἐστι,
3624 494 3767 547 ποιεῖ

527 565 674 622 Deus
705 574 810 630 est,
841 573 898 621 et
924 565 1098 621 Filius
1141 581 1335 622 rursus
1364 582 1470 622 non
1500 570 1631 637 quia
1666 569 1866 641 Filius,
1905 572 2001 627 sed
2032 582 2094 627 ut

529 662 672 715 Deus
702 673 770 713 ex
797 657 908 713 Deo
931 665 1109 728 potest
1165 658 1332 713 etiam
1374 658 1493 729 ipse
1537 674 1703 730 opera
1727 660 1908 718 Patris
1954 678 2093 733 prte-

525 754 700 813 stare,
719 747 842 802 ideo
860 746 1196 802 meonomice
1217 755 1271 802 et
1293 759 1510 804 servato
1533 764 1716 804 rerum
1744 752 1941 807 ordine
1959 752 2094 808 dicit

525 854 587 894 se
613 839 670 894 in
694 840 912 895 nomine
946 838 1126 895 Patris
1150 854 1318 909 opera
1347 838 1550 895 facere.

594 1014 676 1077 X,
735 1014 827 1070 26.
870 1014 973 1069 Sed
1024 1032 1111 1070 vos
1165 1016 1295 1068 mihi
1349 981 1451 1071 non
1500 1017 1753 1085 creditis,
1804 1020 1931 1089 quia
1992 1038 2097 1076 nou

521 1108 650 1162 estis
679 1122 746 1161 ea:
779 1108 961 1162 ovibus
987 1109 1138 1175 meis.

588 1195 856 1251 Iudicium
907 1206 961 1251 et
1030 1205 1412 1267 argumentum
1472 1201 1849 1255 certissimum
1906 1204 2092 1257 ovium

519 1286 724 1343 Christi
768 1295 854 1343 est
895 1286 1056 1342 facile
1095 1287 1285 1344 audire
1313 1299 1367 1344 et
1397 1298 1649 1359 paratum
1687 1307 1812 1349 esse
1861 1295 1928 1347 ad
1965 1296 2091 1350 ohe-

519 1378 806 1441 dlendum,
856 1378 1001 1434 sicut
1044 1385 1099 1433 et
1146 1379 1451 1434 alienarum
1508 1397 1618 1436 non
1667 1382 1917 1454 obsequi.
1956 1384 2088 1440 Nam

522 1470 715 1524 audire
751 1470 832 1526 sic
881 1471 1330 1541 interpretamur,
1377 1473 1544 1530 dictis
1592 1474 1749 1531 ﬁdem
1806 1477 2085 1547 adhibere.

519 1560 601 1616 llli
650 1576 779 1616 vero
812 1571 1224 1633 cognoscuntur
1262 1579 1293 1619 a
1340 1564 1455 1621 Deo
1506 1566 1599 1636 qui
1647 1567 1880 1623 audiunt
1915 1583 2087 1623 eum:

517 1652 776 1721 cognosci
808 1666 937 1707 vero
978 1652 1257 1723 signiﬁcat
1307 1654 1617 1725 conjungi:
1665 1656 1894 1711 omnino
1943 1657 2088 1712 enim

2199 580 2265 633 τὰ
2296 579 2569 650 θαύματα,
2601 580 2715 634 ἀλλ’
2738 579 2923 649 ἐπειδὴ
2949 579 3078 643 Θεός
3110 581 3224 634 ἐστι
3249 579 3430 650 φύσει·
3467 583 3559 635 καὶ
3584 585 3613 637 ό
3638 581 3767 647 Υίδς

2199 672 2327 741 ἄρα,
2355 673 2456 725 οὐκ
2482 671 2670 742 ἐπειδὴ
2700 671 2848 736 Υἱὸς,
2872 670 2986 724 ἀλλ’
3011 670 3086 734 ὡς
3108 670 3240 735 Θεὸς
3271 673 3336 724 ἐκ
3367 671 3523 735 Θεοῦ,
3546 672 3766 729 δύναται

2201 764 2293 815 καὶ
2337 763 2501 827 αὐτὸς
2564 762 2633 816 τὰ
2681 762 2776 818 τοῦ
2831 763 3040 833 Πατρός
3096 761 3231 834 ἔργα
3297 766 3488 815 ποιεῖν·
3555 763 3636 816 διδ
3688 764 3765 816 οἰ-

2201 854 2507 925 κονομικῶς
2559 851 2730 919 εἶπεν,
2781 855 2839 908 ἐν
2878 854 3103 926 ὀνόματι
3157 853 3248 906 τοῦ
3278 855 3490 926 Πατρδς
3534 854 3604 906 τὰ
3629 854 3765 925 ἔργα

2198 947 2392 997 ποιεῖν.

2281 1035 2429 1088 Ἀλλ’
2459 1035 2628 1104 ὑμεῖς
2666 1037 2738 1089 οὐ
2778 1034 3090 1089 πιστεύετέ
3123 1053 3244 1104 μοι,
3269 1035 3356 1089 ὅτι
3387 1036 3499 1087 οὐκ
3528 1033 3668 1087 ἐστὲ
3695 1033 3763 1086 ἐκ

2193 1126 2313 1180 τῶν
2336 1129 2646 1196 προϐάτων
2666 1127 2783 1181 τῶν
2799 1126 2974 1198 ἐμῶν.

2279 1219 2577 1282 Ἀπόδειξις
2605 1220 2712 1272 τῶν
2734 1218 2828 1272 τοῦ
2852 1217 3086 1289 Χριστοῦ
3118 1216 3426 1288 προϐάτων,
3451 1216 3511 1269 τὸ
3539 1218 3766 1283 εὐήκοον

2198 1313 2292 1367 καὶ
2320 1311 2380 1363 τὸ
2400 1310 2614 1381 ἕτοιμον
2641 1313 2720 1373 εἰς
2743 1310 3072 1371 εὐπείθειαν,
3114 1309 3302 1378 ὥσπερ
3333 1307 3443 1362 τῶν
3468 1308 3765 1377 ἀλλοτρίων

2197 1402 2263 1473 τὸ,
2286 1402 2527 1465 ἀπειθές.
2555 1402 2628 1455 Τὸ
2655 1401 2764 1472 γάρ
2789 1401 3007 1455 ἀκούειν
3026 1394 3127 1453 ὧδε
3156 1401 3402 1470 νοοῦμεν,
3437 1399 3500 1451 τὸ
3532 1400 3642 1461 τοῖς
3679 1395 3764 1449 λε-

2198 1496 2453 1565 γομένοις
2510 1493 2814 1562 πεισθῆναι.
2869 1493 3098 1545 Ἐκεῖνοι
3148 1491 3205 1543 δὲ
3258 1487 3615 1558 γινώσκονται
3660 1486 3764 1538 ὐπὸ

2197 1587 2331 1640 Θεοῦ
2364 1588 2412 1639 οί
2435 1585 2723 1648 ἀκούοντες
2750 1583 2935 1637 αὐτοῦ’
2956 1583 3017 1636 τὸ
3049 1582 3104 1636 δὲ
3130 1579 3493 1650 γινώσκεσθαι
3523 1577 3672 1648 δηλοῖ
3701 1575 3765 1629 τὸ

2197 1675 2545 1730 οἰκειοῦσθαι·
2572 1673 2798 1737 καθόλου
2821 1672 2928 1743 γὰρ
2952 1671 3121 1734 οὐδεὶς
3149 1670 3253 1723 ὐπὸ
3271 1669 3364 1721 τοῦ
3389 1666 3523 1720 Θεοῦ
3554 1666 3764 1733 ἀγνοεῖ-

515 1740 702 1794 uullus
733 1755 763 1795 a
793 1739 906 1797 Deo
933 1734 1240 1812 ignoratur.
1265 1744 1405 1799 Cum
1428 1758 1559 1799 vero
1585 1745 1741 1813 dicit,
1766 1765 1785 1797 ι
1808 1746 2091 1818 Cognosce

2196 1788 2302 1824 ται.
2336 1770 2504 1823 Ὀταν
2551 1763 2644 1821 οὖν
2710 1734 2935 1834 lit-57st,}
2977 1763 3236 1816 Γινώσκω
3282 1759 3352 1814 τὰ
3385 1757 3514 1830 ἐμά,
3551 1775 3570 1809 ι
3608 1755 3763 1809 τοῦτό

516 1829 728 1897 meas‘,
769 1850 788 1883 ι
817 1830 922 1886 hoc
953 1832 1112 1897 dicit,
1152 1837 1449 1904 amplectar
1468 1844 1523 1891 et
1551 1837 1777 1906 jungam
1809 1838 1941 1893 mihi
1971 1854 2085 1910 my-

516 1922 657 1977 stice
705 1931 762 1978 et
807 1938 905 1993 per
963 1924 1286 1981 relationem
1341 1926 1589 1983 affectus.
1643 1928 1928 2000 Quispiam
1961 1944 2092 1985 vero

519 2012 717 2067 dixerit
739 2028 885 2079 eum,
914 2023 1189 2085 quatenus
1227 2016 1395 2072 homo
1419 2018 1595 2075 factus
1633 2026 1737 2085 est,
1771 2035 1967 2075 omnes
2000 2020 2093 2074 ho-

513 2102 693 2159 mines
732 2104 835 2158 sibi
888 2106 1224 2187 conjungere
1273 2117 1496 2179 propter
1529 2109 1971 2164 communionem
2000 2125 2091 2179 ge-

511 2193 665 2248 neris
708 2202 760 2249 et
800 2196 1385 2265 consanguinitatem,
1429 2199 1504 2251 ita
1533 2204 1594 2254 ut
1625 2213 1818 2255 omnes
1865 2198 2089 2254 Christo

512 2282 793 2353 conjuncti
820 2285 998 2341 simus
1027 2295 1083 2343 et
1117 2287 1313 2344 afﬁnes
1346 2303 1447 2357 per
1476 2288 1864 2345 habitudinem
1899 2290 2088 2359 mysti-

511 2387 632 2431 cam
671 2373 728 2429 in
757 2385 1023 2446 quantum
1056 2377 1219 2432 homo
1249 2377 1424 2435 factus
1452 2390 1568 2448 est;
1604 2381 1772 2436 alieni
1799 2396 1933 2437 vero
1966 2382 2090 2452 qui-

513 2479 732 2534 cunque
772 2464 1112 2521 coul'ormem
1143 2469 1460 2524 sanctitatis
1488 2470 1784 2540 imaginem
1818 2485 1930 2525 non
1975 2485 2091 2527 ser«

512 2563 664 2610 vant.
701 2555 794 2612 Sic
829 2564 885 2612 et
925 2556 1100 2613 Judaei
1132 2573 1258 2614 cum
1300 2569 1489 2617 essent
1533 2560 1722 2618 aﬂines
1760 2569 1818 2616 et
1863 2562 2092 2632 conjun-

512 2646 590 2701 cti
626 2648 928 2703 secundum
966 2664 1142 2721 genus
1179 2649 1457 2706 Abraham
1503 2650 1708 2717 ﬁdelis,
1764 2651 1890 2708 ideo
1941 2652 2089 2723 quod

513 2740 763 2797 inﬁdeles
790 2741 919 2797 facti
942 2751 1072 2798 sunt
1085 2750 1310 2815 propter
1323 2759 1536 2800 morum
1556 2744 2086 2810 dissimilitudinem,

512 2831 583 2890 ab
600 2832 721 2902 ejus
737 2832 997 2889 aﬁinitate
1011 2837 1349 2892 exciderunt.
1370 2836 1513 2895 Dicit
1533 2853 1685 2905 vero,
1709 2856 1729 2890 ι
1756 2835 1821 2892 Ει
1844 2852 2090 2907 sequun-

512 2930 606 2977 tur
637 2937 723 2977 me
752 2937 886 2979 oves
914 2942 929 2980 :
967 2942 988 2977 ι
1022 2925 1118 2995 qui
1142 2925 1289 2981 enim
1331 2926 1590 2989 credunt,
1622 2926 1809 2982 divina
1853 2925 2086 2996 quadam

512 3012 688 3081 gratia
711 3014 879 3067 etiam
906 3013 1114 3070 Christi
1146 3016 1395 3086 vestigiis
1418 3016 1704 3079 insistunt,
1728 3029 1837 3069 non
1857 3013 2088 3084 amplius

515 3103 779 3175 legalibus
817 3103 1029 3161 umbris
1073 3107 1397 3171 servientes,
1429 3106 1526 3162 sed
1569 3106 1838 3162 mandata
1872 3106 2080 3160 Christi
2116 3108 2161 3168 ο

481 3202 569 3250 -et
603 3209 914 3252 sermonem
947 3196 1068 3266 ejus
1098 3211 1193 3266 per
1220 3197 1453 3267 gratiam
1490 3202 1805 3266 sequentes,
1854 3195 1923 3251 ad
1967 3195 2088 3265 ejus

513 3283 910 3355 dignationem,
945 3293 1133 3355 utpote
1173 3286 1271 3340 ﬁlii
1319 3286 1414 3342 Dei
1449 3286 1628 3340 vocati
1659 3287 1725 3351 '°,
1760 3285 2085 3341 ascendent.

513 3375 737 3432 Christo
778 3376 926 3433 enim
953 3375 1290 3431 ascendente
1321 3376 1374 3429 in
1418 3375 1641 3439 cmlum,
1691 3375 1855 3430 etiam
1888 3376 1967 3430 illi
2003 3391 2088 3431 se-

515 3474 751 3534 quentur
784 3484 797 3519 :
828 3466 1133 3521 mercedem
1161 3480 1293 3521 vero
1322 3473 1376 3520 et
1406 3463 1692 3534 praemium
1724 3479 1783 3520 se
1812 3467 2091 3535 sequenti-

497 3556 620 3611 bus
651 3556 816 3610 vitam
869 3563 1127 3611 aeternam
1175 3570 1237 3611 se
1279 3554 1471 3626 largiri
1514 3553 1611 3620 ait,
1664 3562 1927 3625 praeterea
1978 3571 2085 3612 nec

516 3646 714 3717 subjici
744 3648 904 3702 morti
935 3652 1035 3700 aut
1072 3644 1441 3715 corruptiohi,
1490 3657 1594 3699 nec
1634 3645 1927 3701 tormentis
1967 3659 2091 3716 qum

516 3734 970 3805 delinquentibus
1000 3749 1030 3788 a
1080 3733 1270 3804 judice
1313 3731 1646 3803 irrogantur.
1699 3731 1780 3786 Ex
1837 3746 1904 3788 eo
1941 3731 2088 3787 enim

516 3825 666 3895 quod
705 3824 799 3878 dat
826 3825 1015 3888 vitam,
1050 3824 1293 3879 ostendit
1331 3838 1391 3879 se
1426 3831 1623 3877 natura
1650 3838 1775 3879 esse
1804 3823 1970 3877 vitam
2004 3823 2089 3892 ip-

518 3929 657 3979 sam,
700 3914 866 3985 666
894 3929 1066 3984 seque
1092 3929 1215 3969 eam
1255 3914 1612 3986 suppeditare
1655 3927 1686 3967 a
1719 3914 1928 3983 seipse,
1976 3928 2086 3967 non

518 4007 591 4062 ab
623 4007 733 4061 alio
762 4014 1049 4077 acceptam
1085 4024 1099 4061 :
1130 4011 1295 4063 vitam
1323 4014 1509 4062 autem
1540 4005 1904 4076 intelligimus
1931 4012 2091 4060 aeter-

520 4112 680 4163 nam,
714 4112 824 4155 non
861 4097 1124 4168 temporis
1146 4098 1470 4154 immensam
1488 4096 1935 4159 diuturnitatem,
1983 4110 2090 4165 qua

517 4203 709 4245 omnes
744 4197 855 4244 tam
902 4187 1032 4244 boni
1075 4204 1243 4260 quam
1293 4188 1422 4244 mali
1464 4196 1589 4259 post
1623 4186 2089 4243 resurrectionem

520 4282 794 4349 fruentur,
842 4284 936 4341 sed
992 4285 1051 4339 in
1092 4285 1260 4340 animi
1307 4283 1709 4353 tranquillitate
1746 4290 1800 4338 et
1832 4296 1966 4352 pace
1997 4281 2093 4339 de-

519 4390 664 4446 gere.
695 4374 1002 4432 Possumus
1036 4385 1090 4432 et
1120 4377 1290 4431 vitam
1329 4375 1579 4446 accipere
1606 4373 1895 4445 mysticam
1935 4375 2089 4430 eulo-

2198 1877 2381 1931 φησιν,
2399 1861 2480 1913 ὅτι
2506 1857 2877 1929 Προσδέξομαι
2902 1854 2997 1908 καὶ
3016 1851 3371 1921 οἰκειώσομαι
3399 1847 3537 1901 αὐτά
3569 1861 3761 1915 μυστι-

2195 1951 2308 2013 κῶς
2340 1967 2397 2002 τε
2432 1949 2526 2002 καὶ
2553 1946 2834 2019 σχετικῶς.
2861 1945 3019 1999 Εἴποι
3058 1943 3101 1996 δ’
3132 1942 3197 1996 ἄν
3236 1957 3322 2004 τις
3365 1941 3445 1993 ὃτι
3490 1936 3585 1990 καὶ
3628 1934 3764 1989 καθὸ

2195 2040 2482 2111 ἄνθρωπος
2516 2039 2726 2107 γέγονε,
2751 2037 2956 2098 πάντας
2986 2031 3302 2104 ἀνθρώπους
3335 2027 3649 2101 ᾠκειώσατο
3676 2025 3764 2079 διά

2193 2132 2254 2185 τὸ
2272 2131 2549 2201 ὁμογενὲς*
2580 2129 2721 2182 ὥστε
2751 2130 2941 2181 οἰκεῖοι
2968 2125 3166 2187 πάντες
3195 2122 3358 2192 ἐσμὲν
3380 2118 3600 2191 Χριστῷ
3620 2116 3766 2176 κατά

2197 2221 2379 2291 σχέσιν
2420 2217 2704 2289 μυστικὴν,
2731 2216 2868 2269 καθὸ
2900 2215 3122 2283 γέγονεν
3154 2211 3457 2283 ἄνθρωπος’
3493 2207 3763 2277 ἀλλότριοι

2193 2312 2249 2364 δὲ
2279 2312 2393 2364 ὅσοι
2426 2309 2499 2379 μὴ
2530 2307 2858 2378 φυλάττουσι
2903 2306 3002 2376 τὴν
3042 2303 3366 2375 σύμμορφον
3411 2301 3511 2369 τῆς
3544 2297 3765 2366 ἁγιότη-

2194 2420 2284 2466 τος
2331 2401 2535 2454 είκόνα.
2573 2398 2730 2454 Οὕτω
2763 2398 2857 2453 καλ⁹
2898 2396 3141 2450 Ἰουδαῖοι
3193 2395 3383 2447 οἰκεῖοι
3433 2392 3586 2452 ὄντες
3623 2388 3762 2443 κατά

2193 2497 2350 2563 γένος
2388 2493 2482 2548 τοῦ
2528 2493 2779 2563 Ἀϐραὰμ
2805 2490 2898 2545 τοῦ
2924 2488 3134 2552 πιστοῦ,
3166 2480 3225 2551 ἐξ
3251 2478 3325 2538 ὧν
3357 2483 3575 2537 ἄπιστοι
3606 2480 3764 2548 γεγός

2193 2603 2368 2650 νασιν,
2397 2583 2770 2653 ἐστερήθησαν
2800 2583 2898 2650 τῆς
2935 2577 3143 2632 ἐκείνου
3187 2572 3508 2642 συγγενείας
3543 2570 3630 2622 διὰ
3664 2570 3764 2638 τὴν

2192 2677 2302 2733 τῶν
2331 2675 2546 2744 τρόπων
2572 2669 2951 2741 ἀνομοιότητα.
2985 2667 3122 2736 Φησὶ
3154 2665 3212 2716 δέ
3236 2665 3317 2715 ὅτι
3351 2681 3367 2712 ι
3391 2662 3502 2713 Καὶ
3535 2659 3762 2711 ἀκολου-

2194 2763 2348 2819 θοῦσί
2383 2761 2563 2833 μοιτά
2592 2758 2860 2830 πρόϐατα·
2888 2776 2905 2809 ι
2933 2757 2983 2809 οἱ
3005 2754 3112 2825 γὰρ
3139 2750 3472 2819 πειθόμενοι,
3497 2747 3765 2800 καὶέπον-

2192 2871 2284 2908 ται
2319 2852 2425 2906 ἀπό
2449 2867 2592 2912 τινος
2613 2847 2891 2901 θεοσδότου
2926 2843 3148 2915 χάριτος
3172 2839 3292 2894 κατ’
3320 2837 3465 2907 ῐχνος
3497 2834 3759 2906 Χριστοῦ,

2192 2944 2376 2999 οὐκέτι
2419 2945 2540 3005 ταῖς
2577 2940 2825 3009 νομικαῖς
2864 2933 3204 2995 δουλεύοντες
3240 2931 3439 2992 σκιαῖς,
3473 2926 3586 2981 ἀλλ’
3615 2920 3697 2988 οἶς
3735 2927 3764 2978 ό

2193 3034 2425 3105 Χριστὸς
2470 3030 2750 3086 ἐπιτάττει
2779 3027 2874 3081 καὶ
2917 3025 2995 3095 τῷ
3031 3021 3194 3077 αὐτοῦ
3235 3018 3651 3080 ἀκολουθοῦντες
3684 3016 3765 3069 λό-

2192 3142 2294 3196 γῳ,
2323 3123 2425 3177 διὰ¹
2444 3122 2688 3193 χάριτος,
2718 3120 2797 3182 είς
2822 3118 2883 3170 τὸ
2915 3114 3081 3169 αὐτοῦ
3118 3112 3481 3182 ἀναϐήσονται
3524 3108 3762 3196 ἀξίωμα,

2194 3195 2302 3266 uici.
2321 3211 2455 3265 Θεοῦ
2490 3208 2836 3278 καλούμενοι.
2859 3202 3096 3281 Χριστοῦ
3128 3201 3238 3271 γὰρ
3267 3200 3507 3261 ἀνιόντος
3536 3199 3615 3260 είς
3636 3195 3763 3258 τοὺς

2193 3304 2476 3374 οὐρανοὺς,
2517 3301 2758 3354 κάκεῖνοι
2817 3294 3271 3365 ἀκολουθήσουσιν
3308 3288 3476 3360 αὐτῷ·
3528 3286 3765 3358 ἀμοιϐὴν

2192 3393 2249 3447 δὲ
2292 3394 2384 3446 καὶ
2414 3392 2581 3463 γέρας
2621 3392 2735 3454 τοῖς
2785 3388 3068 3459 ἑπομένοις
3123 3381 3272 3453 αὐτῷ
3331 3382 3430 3453 τὴν
3480 3380 3627 3451 ζωὴν
3665 3378 3764 3448 τὴν

2193 3484 2412 3539 αἰώνιον
2446 3480 2774 3556 χαρίσασθαί
2813 3496 2968 3550 φησι,
3000 3476 3093 3531 καὶ
3124 3475 3184 3530 τὸ
3213 3473 3287 3546 μὴ
3313 3469 3633 3527 ὑποκεῖσθαι
3670 3469 3766 3521 θα-

2193 3577 2400 3648 νάτῳῆ
2435 3575 2611 3647 φθορᾷ
2652 3573 2747 3627 καὶ
2790 3574 2911 3635 ταῖς
2949 3570 3201 3640 βασάνοις
3245 3567 3365 3628 ταῖς
3396 3556 3766 3648 ἐπαγομέναις

2196 3643 2347 3738 παρά
2385 3643 2480 3719 τοῦ
2514 3643 2701 3735 κριτοῦ
2738 3662 2851 3724 τοῖς
2893 3656 3338 3730 πλημμελήσασι.
3381 3651 3461 3704 Δι’
3491 3643 3567 3704 ὧν
3597 3648 3654 3738 δέ
3682 3647 3787 3738 δί-Δ

2193 3736 2325 3811 δωσι
2363 3755 2528 3827 ζωὴν,
2562 3753 2832 3809 δείκνυσιν
2861 3749 3021 3810 αὐτὸς
3054 3745 3169 3817 ζωὴ
3205 3743 3281 3797 ὢν
3312 3741 3493 3812 φύσει,
3525 3737 3659 3827 καὶ-
3683 3736 3766 3790 ὅτι

2196 3848 2356 3910 αὐτὸς
2393 3825 2594 3914 ταύτην
2628 3841 2855 3913 χορηγεῖ
2886 3836 2947 3902 ἐξ
2970 3831 3164 3889 ἐαυτοῦ
3208 3831 3303 3886 καὶ
3344 3829 3445 3882 οὐκ
3487 3825 3548 3890 ἐξ
3576 3825 3766 3895 ἐτέρου

2194 3936 2394 3992 λαϐών.
2425 3935 2577 4005 Ζωὴν
2606 3932 2664 3986 δέ
2702 3930 2928 3999 νοοῦμεν
2958 3925 3195 3989 αἰώνιον,
3229 3921 3288 3975 οὐ
3320 3919 3419 3989 τὴν
3452 3914 3767 4005 μακροημὲ-

2200 4038 2403 4093 ρευσιν,
2438 4014 2505 4091 ἧς
2536 4003 2757 4080 πάντες
2811 4013 3093 4085 μέλλουσιν
3137 4006 3451 4071 ἀπολαύειν,
3492 4003 3632 4075 μετά
3664 4003 3766 4071 τὴν

2196 4114 2491 4167 ἀνάστασιν
2555 4108 2712 4163 καλοί
2764 4124 2824 4161 τε
2881 4104 2976 4159 καὶ
3027 4100 3221 4157 κακοί·
3273 4098 3410 4153 ἀλλὰ
3461 4096 3557 4150 καὶ
3607 4095 3670 4149 τὸ
3704 4095 3763 4147 ἐν

2197 4202 2429 4274 εὐθυμία
2476 4200 2707 4269 διάγειν.
2754 4196 2990 4251 Δυνατδν
3034 4195 3093 4248 δέ
3139 4191 3286 4261 ζωὴν
3339 4191 3502 4253 νοεῖν,
3544 4187 3641 4241 καὶ
3665 4184 3765 4254 τὴν

2202 4293 2468 4365 μυστικὴν
2523 4291 2772 4359 εὐλογίαν
2825 4289 2894 4342 δι’
2932 4280 2998 4359 ἧς
3051 4281 3350 4356 ἐμφυτεύει
3403 4277 3635 4350 Χριστὸς
3667 4275 3766 4346 τὴν

2198 4381 2396 4438 ἐαυτοῦ
2437 4379 2604 4450 ζωὴν,
2647 4379 2736 4434 διά
2784 4378 2887 4448 τῆς
2946 4372 3300 4447 μεταλήψεως
3335 4369 3436 4438 τῆς
3464 4366 3597 4428 ἰδίας
3634 4381 3766 4433 σαρ-

519 4468 684 4536 giam,
700 4481 798 4537 per
821 4482 988 4537 quam
1010 4466 1207 4534 inserit
1223 4466 1483 4522 Christus
1510 4481 1666 4522 suam
1692 4466 1870 4535 ipsius
1896 4465 2089 4530 vitam,

2196 4474 2290 4538 κὸς
2329 4474 2440 4535 τοῖς
2473 4472 2701 4533 πιστοῖς,
2753 4467 2896 4522 κατά
2939 4466 3001 4519 τὸ
3039 4462 3347 4534 εἰρημένονο
3380 4477 3400 4510 ι
3446 4457 3505 4512 '0
3539 4455 3765 4527 τρώγω›

520 4557 646 4612 data
671 4557 909 4627 propriae
946 4557 1133 4614 carnis
1167 4557 1421 4614 ﬁdelibus
1459 4556 1901 4628 participatione,
1933 4557 2089 4627 juxta

518 4646 572 4700 id
607 4646 752 4718 quod
787 4646 998 4702 dictum
1033 4651 1121 4704 est
1152 4663 1166 4702 :
1210 4665 1229 4699 ι
1267 4646 1372 4713 Qui
1406 4645 1705 4703 manducet
1747 4662 1923 4703 meam
1969 4662 2092 4703 car-

521 4751 669 4805 nem,
691 4744 749 4793 et
786 4737 927 4794 bibit
954 4751 1136 4794 meum
1159 4737 1507 4809 sanguinem,
1539 4737 1704 4794 habet
1732 4737 1899 4792 vitam
1927 4745 2082 4793 aeter-

521 4842 647 4882 nam
689 4828 755 4883 ¹¹.
797 4846 818 4880 ι

595 4916 677 4984 Χ,
728 4917 817 4975 29.
860 4917 931 4974 Et
962 4934 1112 4975 nemo
1156 4928 1326 4988 potest
1375 4922 1557 4987 rapere
1596 4917 1659 4973 de
1698 4934 1859 4972 manu
1913 4916 2092 4971 Patris

521 5007 644 5060 mei.

592 5095 808 5154 Fideles
838 5099 1104 5167 auxilium
1139 5098 1350 5155 habent
1378 5108 1432 5154 et
1472 5112 1504 5153 a
1541 5098 1785 5165 Christo,
1829 5112 1953 5151 cum
1998 5110 2094 5151 eos

523 5185 576 5257 in
603 5188 840 5257 praedam
867 5189 1076 5247 habere
1097 5188 1354 5245 diabolus
1387 5194 1624 5258 nequeat
1653 5205 1667 5242 :
1694 5186 1809 5241 sive
1841 5197 1968 5240 cum
1999 5183 2097 5238 ha-

526 5278 690 5334 beant
723 5281 1126 5338 indesinentem
1162 5281 1435 5339 bonorum
1470 5294 1629 5336 usum
1666 5293 1730 5332 ac
1753 5275 2094 5339 fruitionem,

526 5374 752 5420 manent
777 5367 834 5423 in
865 5383 951 5436 eo,
976 5370 1198 5426 nemine
1236 5369 1364 5425 illos
1390 5384 1420 5423 a
1452 5368 1586 5424 data
1630 5368 1711 5421 eis
1738 5365 1906 5421 animi
1943 5374 2094 5418 tran-

528 5453 801 5522 quillitate
847 5457 922 5513 ad
953 5474 1168 5529 ptenam
1198 5469 1253 5517 et
1294 5460 1577 5516 cruciatus
1627 5455 1951 5526 abripiente.
1983 5452 2094 5509 Nec

527 5545 673 5600 enim
703 5546 818 5602 ﬁeri
857 5556 1034 5618 potest
1068 5558 1130 5605 ut
1161 5551 1258 5621 qui
1293 5555 1425 5607 sunt
1466 5549 1522 5604 in
1570 5562 1733 5602 manu
1779 5544 1984 5600 Christi
2026 5542 2093 5599 ad

597 5726 621 5758 θ
657 5723 815 5780 Joan.
852 5739 905 5790 ι,
940 5724 1027 5779 Η.
1106 5723 1148 5757 ι’
1182 5724 1337 5781 Joan.
1379 5740 1457 5790 ιιι,
1495 5724 1545 5779 1.
1625 5722 1665 5754 ¹¹
1695 5718 1852 5776 Joan.
1887 5736 1961 5786 vi,
2001 5718 2089 5773 55.

2202 4579 2302 4634 μου
2342 4560 2442 4632 τὴν
2480 4559 2661 4631 σάρκα
2697 4558 2791 4612 καὶ
2843 4556 3012 4610 πίνων
3061 4570 3163 4629 μου
3195 4551 3257 4605 τὸ
3292 4544 3432 4620 αἷμα
3479 4547 3592 4619 ἔχει
3623 4545 3765 4619 ζωὴν

2199 4653 2436 4713 αἰώνιον.
2474 4670 2495 4703 ι

2271 4915 2378 4970 Καὶ
2412 4912 2612 4977 οὐδεὶς
2643 4912 2901 4981 ἁρπάσει
2926 4910 2995 4964 ἐκ
3033 4907 3141 4976 τῆς
3173 4909 3370 4975 χειρὸς
3403 4901 3510 4957 τοῦ
3540 4900 3758 4968 Πατρός

2195 5022 2337 5148 μοέί
2367 5092 2550 5147 πιστοὶ
2577 5093 2672 5147 καὶ
2698 5091 2800 5163 τὴν
2830 5088 3149 5159 ἐπικουρίαν
3183 5086 3364 5157 ἔχουσι
3388 5083 3481 5136 τοῦ
3504 5078 3763 5148 Χριστοῦ,

2203 5184 2264 5238 οὐ
2296 5183 2597 5255 δυναμένου
2630 5182 2722 5237 τοῦ
2749 5180 2997 5236 διαϐόλου
3034 5177 3302 5249 ἁρπάζειν
3333 5172 3550 5235 αὐτούς·
3573 5171 3691 5241 ἢτοι
3716 5169 3767 5223 οἱ

2202 5275 2415 5345 ἔχοντες
2444 5274 2864 5329 ἀκατάπαυστον
2907 5270 3017 5324 τῶν
3046 5265 3266 5336 ἀγαθῶν
3307 5262 3628 5325 ἀπόλαυσιν,
3666 5256 3767 5327 μέ-

2201 5381 2381 5419 νουσιν
2432 5366 2489 5419 ἐν
2537 5362 2707 5435 αὐτῷ,
2759 5362 2855 5431 οὐχ
2892 5358 3229 5432 ἁρπάζοντος
3272 5352 3466 5414 αὐτοὺς
3502 5350 3584 5401 ἔτι
3624 5345 3767 5435 τινος

2200 5454 2309 5508 ἀπὸ
2350 5454 2453 5525 τῆς
2493 5431 2740 5523 δοθείσης
2779 5431 2961 5513 αὐτοῖς
2994 5447 3282 5517 εὐθυμίας,
3322 5445 3402 5506 είς
3431 5431 3765 5525 τιμωρία.νῇ

2204 5522 2484 5614 βασάνονςι
2523 5544 2598 5599 Οὔ
2650 5522 2757 5614 γὰρ
2802 5538 3025 5599 δυνατὸν
3078 5536 3203 5600 τοὺς
3252 5534 3410 5597 δντας
3453 5532 3511 5583 ἐν
3559 5530 3629 5598 τῇ
3670 5522 3766 5578 τοῦ

3848 4000 3895 4035 ἡ
