4106 6262
323 359 403 417 9}
1108 363 1179 421 ΙΝ
1216 363 1553 422 ιθΑΝΝΕΜ.
1579 394 1646 406 --
1678 363 1807 422 LIB.
1848 365 1888 421 γ

1993 366 2064 421 ΞΤ
2098 368 2213 426 νιιι
2240 367 2684 428 FRAGMENTA.
3497 375 3571 428 22

325 476 567 549 Χριστοῦ
602 477 769 548 χειρὶ,
796 478 1114 550 άρπαγῆναι
1146 481 1227 545 εἰς
1253 481 1316 535 τὸ
1336 482 1694 552 χυλωθῆναι,
1720 481 1811 536 διὰ
1840 483 1891 537 τὸ

2003 484 2333 555 supplicium
2354 486 2665 557 rapiantur,
2700 485 3097 555 prawalentcin
3119 485 3392 542 inﬁnitum
3408 487 3573 546 Chri-

324 567 469 634 ἄγαν
516 565 718 635 ἰσχύειν
744 566 836 618 τὸν
863 568 1118 638 Χριστόν.
1161 568 1227 622 Ἦ
1273 568 1382 639 γὰρ
1418 571 1640 642 χεὶρ,ὲν
1663 574 1731 643 τῇ
1778 570 1898 643 θείᾳ

326 653 540 725 Γραφῇ,
569 653 669 726 τὴν
698 654 927 727 δύναμιν
965 655 1135 728 δηλοῖ’
1174 658 1257 712 ὅτι
1302 658 1401 729 μὲν
1431 656 1537 715 οὖν
1564 661 1821 731 ἀνίκητος
1862 663 1895 733 ἡ

325 745 419 800 τοῦ
452 746 689 816 Χριστοῦ
712 748 837 819 χεὶρ
856 749 950 802 καὶ
971 750 1052 811 εἰς
1082 750 1264 805 πάντα
1287 750 1565 821 ἰσχύουσα,
1596 752 1899 825 ἁναμφίῦο-

327 836 437 892 λον.
474 837 610 892 Ἀλλ’
643 839 872 910 ἐπείπερ
896 838 1043 913 ἐώρα
1072 840 1199 904 τοὺς
1241 841 1523 906 Ἰουδαίους
1551 843 1896 913 καταγελῶν-

331 945 429 991 τας
459 929 625 983 αὐτοῦ
662 930 741 994 ὡς
766 931 1055 1003 ἀνθρώπου
1088 932 1265 1003 ψιλοῦ,
1298 933 1373 1005 μὴ
1404 933 1657 998 νοοῦντας
1690 936 1771 989 ὅτι
1795 934 1896 1006 φύ-

329 1030 410 1067 ωι
441 1014 572 1079 Θεὸς
600 1011 666 1086 ἦν
698 1016 978 1089 ὁρώμενος
1013 1021 1107 1074 καὶ
1148 1020 1547 1093 ψηλαφώμενος
1587 1023 1892 1096 ἄνθρωπος,

327 1107 527 1161 πείθων
567 1111 764 1176 αὐτοὺς
795 1113 877 1168 ὅτι
905 1115 1069 1180 αὑτός
1117 1118 1267 1171 ἐστιν
1305 1120 1340 1189 ἠ
1377 1119 1470 1173 τοῦ
1500 1121 1711 1192 Πατρός
1736 1122 1897 1178 δύνα-

328 1216 440 1271 μις,
464 1202 648 1271 φησὶν,
682 1205 764 1258 ὅτι
794 1223 814 1257 ι
849 1206 1038 1270 Οὐδεὶς
1063 1208 1170 1262 ἀπὸ
1206 1209 1307 1279 τῆς
1336 1210 1518 1282 χειρὸς
1557 1213 1651 1268 τοῦ
1688 1214 1901 1288 Πατρός

329 1305 450 1359 μου,
466 1309 483 1341 ι
505 1289 650 1344 τοῦτ’
673 1291 841 1360 ἐστιν,
885 1294 1072 1366 Ἐμοῦ.
1092 1294 1317 1351 Ἑαυτὸν
1338 1298 1445 1370 γάρ
1475 1312 1607 1369 φησι
1632 1302 1733 1372 τὴν
1759 1320 1893 1358 πανο

323 1379 621 1452 τοδύναμον
653 1383 749 1437 τοῦ
780 1386 994 1457 Πατρος
1027 1386 1227 1452 δεξιὰν,
1276 1388 1352 1453 ὡς
1399 1390 1467 1444 δι’
1508 1392 1673 1447 αὑτοῦ
1722 1393 1903 1452 πάντα

326 1470 675 1544 ὶνεργοῦντος
724 1474 818 1530 τοῦ
860 1478 1094 1549 Πατρός·
1130 1479 1205 1544 ὡς
1237 1482 1331 1534 καὶ
1371 1481 1458 1539 διὰ
1491 1484 1591 1554 τῆς
1625 1485 1897 1558 ἡμετέρας

327 1565 506 1637 χειρὸς
535 1567 604 1622 τὰ
630 1567 763 1639 παρ’
791 1568 947 1639 ἡμῶν
974 1571 1379 1642 ἐνεργούμεναμ
1403 1572 1491 1628 Ἐν
1533 1575 1749 1640 πολλοῖς
1786 1577 1895 1648 γάρ

323 1656 423 1726 τῆς
453 1658 676 1728 Γραφῆς
704 1659 911 1725 τόποις,
936 1663 966 1715 6
1011 1663 1245 1732 Χριστδς
1281 1664 1411 1736 χεὶρ
1442 1666 1767 1738 ὀνομάζεται
1800 1670 1894 1724 καὶ

2004 584 2112 632 sto.
2144 577 2337 634 Manus
2378 579 2529 633 enim
2579 578 2635 632 in
2680 578 2866 634 divina
2910 576 3198 648 Scriptura
3245 586 3570 649 potestatem

2004 666 2319 737 signiﬁcat:
2351 669 2499 738 quod
2530 684 2659 725 vero
2692 670 2899 725 invicta
2946 669 3019 725 sit
3059 669 3267 725 Christi
3297 686 3494 728 manus
3521 685 3573 729 ct

2002 759 2060 813 in
2089 759 2272 814 omnia
2303 767 2518 828 potens,
2557 774 2670 816 non
2705 761 3023 830 ambigitur.
3062 761 3281 816 Etenim
3313 762 3572 831 quoniam

2001 848 2221 905 videbat
2246 848 2466 906 Iudaeos
2497 850 2676 920 ipsum
2712 858 2772 905 ut
2797 852 3103 922 simplicem
3139 851 3417 909 hominem
3447 854 3576 907 irri-

2002 938 2217 1001 dentes,
2259 953 2359 994 nec
2411 939 2916 997 animadvertentes
2968 941 3150 1011 ipsum
3210 958 3329 999 esse
3378 952 3574 998 natura

2002 1028 2167 1084 Deum
2195 1029 2292 1099 qui
2330 1038 2654 1087 cerneretur
2682 1041 2739 1087 et
2776 1040 3098 1102 tangeretur
3126 1034 3310 1102 homo,
3343 1035 3425 1092 eis
3452 1051 3579 1106 pcr-

2004 1120 2235 1175 suaderc
2263 1121 2457 1178 volens
2489 1137 2550 1178 se
2569 1138 2700 1179 esse
2715 1122 2903 1179 Patris
2922 1126 3206 1193 virtutem,
3235 1129 3336 1184 ait:
3365 1147 3386 1180 ι
3403 1129 3575 1185 Nemo

2002 1226 2032 1265 e
2061 1226 2223 1266 manu
2255 1211 2432 1299 Patris
2456 1214 2583 1279 mei,
2616 1232 2638 1266 ι
2660 1215 2768 1270 hoc
2790 1224 2876 1271 est
2910 1232 3053 1273 mea.
3087 1216 3343 1289 Seipsum
3372 1222 3577 1292 quippe

1998 1300 2131 1355 dicit
2186 1302 2622 1372 omnipotentem
2676 1304 2861 1361 Patris
2927 1306 3240 1370 dexteram,
3308 1317 3570 1379 tanquam

1998 1390 2161 1448 Patre
2189 1408 2290 1463 per
2320 1408 2445 1450 eum
2487 1395 2675 1450 omnia
2704 1404 2989 1465 operante,
3032 1398 3181 1453 sicut
3205 1408 3259 1454 et
3295 1415 3360 1455 ea
3393 1416 3514 1471 quae
3544 1415 3573 1454 a

2000 1484 2160 1540 nobis
2188 1492 2318 1540 sunt
2349 1501 2447 1555 per
2478 1501 2709 1541 manum
2734 1496 2979 1544 nostram
3012 1499 3266 1561 operata.
3298 1492 3355 1546 In
3387 1493 3576 1549 multis

2000 1578 2146 1634 enim
2177 1577 2480 1651 Scriptum
2532 1582 2674 1638 locis
2706 1581 2967 1639 Christus
3005 1586 3330 1640 nominatur
3377 1600 3576 1642 manus

2000 1670 2307 1728 et'dextera
2356 1670 2558 1738 Patris,
2607 1674 2757 1744 quod
2802 1682 2967 1730 sonat
3005 1684 3334 1745 potestatem
3370 1693 3435 1732 ac
3460 1679 3575 1734 vir-

323 1747 472 1812 δεξιὰ
514 1749 608 1803 τοῦ
648 1751 880 1823 Πατρός·
919 1754 1056 1825 ὅπερ
1087 1756 1341 1826 σημαίνει
1374 1758 1474 1829 τὴν
1516 1760 1766 1831 δύναμιν·
1799 1764 1891 1817 καὶ

1996 1769 2183 1819 tutem
2212 1780 2228 1819 :
2267 1772 2321 1821 et
2353 1766 2681 1837 simpliciter
2715 1780 2927 1823 manus
2951 1768 3041 1823 Dei
3083 1776 3442 1839 nuncupatur
3493 1771 3574 1827 vis

322 1839 509 1902 ἁπλῶς
538 1843 659 1914 χεὶρ
681 1843 1004 1914 ὀνομάζεται
1031 1845 1163 1900 Θεοῦ
1185 1848 1217 1919 ἠ
1244 1851 1619 1923 παντουργικὴ
1648 1852 1901 1925 ἐνέργεια

324 1930 417 1981 καὶ
437 1929 612 1999 ἰσχύς.
654 1932 921 2002 Ἀμείνων
945 1937 1053 2007 γάρ
1085 1953 1209 2001 πως
1229 1938 1318 1993 ἀεὶ
1351 1942 1671 2012 σωματικῆς
1694 1960 1898 2011 φαντα-

325 2018 454 2083 σίας
491 2023 525 2073 ό
550 2023 682 2093 περὶ
717 2022 857 2077 Θεοῦ
883 2024 1058 2094 λόγος·
1084 2027 1305 2097 λέγεται
1333 2030 1390 2083 δὲ
1422 2033 1451 2084 6
1481 2032 1672 2104 Πατὴρ
1693 2034 1896 2088 διδόναι

321 2110 398 2181 τῷ
423 2110 558 2182 Υἱῷ,
588 2115 688 2185 οὐχ
714 2114 789 2178 ὠς
816 2114 892 2187 μὴ
923 2117 1099 2188 ἔχοντι
1123 2120 1210 2174 ἀεὶ
1240 2122 1346 2175 ὑπὸ
1373 2125 1535 2194 χεῖρα
1566 2125 1665 2196 τὴν
1698 2127 1896 2193 κτίσιν,

323 2199 537 2265 ἀλλ’ὡς
565 2202 677 2258 ὄντι
720 2206 869 2277 αὐτῷ
910 2208 1073 2275 φύσει
1130 2210 1269 2283 ζωῇ,
1317 2215 1703 2285 προσκομίζων
1751 2219 1897 2289 ἡμᾶς

323 2291 450 2382 τοὺς
480 2294 861 2365 ὲπιδεομὲνους
889 2299 1056 2369 ζωῆς,
1087 2301 1178 2356 ῖνα
1209 2304 1314 2358 ὑπὸ
1349 2304 1444 2360 τοῦ
1474 2307 1607 2362 Υῖοῦ
1635 2309 1901 2382 ζωοποιη-

326 2379 509 2454 θῶμεν
559 2385 657 2439 τοῦ
708 2387 860 2451 ὄντος
922 2390 1087 2459 φύσει
1126 2394 1291 2463 ζωῆς,
1317 2397 1410 2450 καὶ
1447 2398 1658 2453 οἴκοθεν
1685 2379 1899 2471 ἔχοντος

321 2474 503 2531 τοῦτο.
540 2478 700 2550 Πλὴν.
728 2481 822 2534 καὶ
873 2482 1017 2537 καθὸ
1053 2484 1274 2553 γέγονεν
1312 2487 1614 2560 ἄνθρωπος,
1665 2493 1898 2562 ἁρμόζει

323 2565 493 2637 αύτῷ,
531 2568 592 2621 τὺ
621 2570 794 2623 αἰτεῖν
826 2588 887 2625 τε
922 2572 1018 2626 καὶ⁸
1045 2572 1345 2644 λαμϐάνειν
1382 2577 1534 2649 παρὰ
1555 2578 1652 2632 τοῦ
1685 2579 1897 2652 Πατρός

321 2657 361 2712 ἃ.
382 2653 529 2728 εἶχεν
559 2660 636 2724 ὡς
659 2661 817 2730 φύσει
848 2661 1001 2728 Θεός.

402 2750 548 2821 Ἐγὼ
574 2753 674 2807 καὶ
702 2756 737 2808 ό
764 2755 970 2825 Πατὴρ
994 2756 1064 2811 ἐν
1084 2757 1291 2829 ἐσμεν.

401 2841 599 2905 ’Βάπτας
616 2870 617 2873 η
636 2844 761 2915 γὰρ.
782 2844 850 2899 τὰ
876 2846 1194 2919 ἀνθρώπινα
1224 2853 1252 2905 6
1283 2853 1535 2924 Χριστὸς,
1571 2855 1665 2910 ἐπὶ
1693 2856 1755 2910 τὸ
1777 2856 1909 2911 Oso-

306 2912 526 3007 πρεπὲς
550 2912 724 2989 αὑτοῦί
737 2912 1028 3008 ἀνατρέχει
1061 2938 1298 3012 ἀξίωμα,
1329 2912 1755 3017 έναόρῦνόμενος
1781 2951 1897 3013 τοῖς

323 3030 566 3094 φυσικοῖς
590 3028 758 3081 αὐτοῦ
792 3029 1237 3102 πλεονεκτήμασι
1266 3035 1355 3090 διά
1393 3037 1456 3091 τὸ
1485 3039 1757 3110 χρήσιμον
1785 3041 1896 3095 τῶν

1997 1866 2052 1914 et
2091 1868 2335 1928 potestas
2362 1860 2613 1916 omnium
2653 1859 2926 1917 eﬁectrix.
2963 1860 3192 1931 Semper
3215 1863 3361 1919 enim
3393 1878 3574 1920 sermo

1996 1952 2069 2005 de
2111 1951 2226 2007 Deo
2272 1952 2449 2022 major
2497 1959 2586 2009 est
2613 1966 2780 2023 quam
2828 1960 2891 2009 ut
2940 1966 3066 2008 eum
3107 1967 3377 2025 corporeo
3408 1970 3573 2011 sensu

1996 2044 2285 2114 imaginari
2321 2060 2387 2101 ac
2429 2046 2763 2103 adumbrare
2804 2047 3087 2117 possimus
3119 2067 3133 2103 :
3165 2048 3372 2104 dicitur
3409 2048 3576 2105 Pater

1999 2137 2129 2191 dare
2158 2134 2318 2203 Filio,
2350 2151 2461 2191 non
2500 2143 2765 2206 tanquam
2798 2152 2907 2191 non
2950 2138 3178 2193 babenti
3225 2154 3444 2209 semper
3468 2140 3577 2195 sub

1998 2242 2164 2283 manu
2186 2236 2520 2294 creaturam,
2557 2230 2652 2285 sed
2683 2236 2948 2298 tanquam
2979 2228 3030 2283 ei
3061 2228 3349 2284 exsistenti
3376 2238 3573 2285 natura

1998 2323 2124 2376 vita:
2147 2334 2248 2377 nos
2273 2321 2386 2376 vita
2414 2320 2728 2392 indigentes
2749 2319 3011 2385 offerens,
3038 2327 3150 2374 uta
3176 2319 3343 2384 Filio,
3361 2322 3453 2391 qui
3474 2336 3574 2376 εχσ-

1999 2413 2148 2468 sistit
2182 2420 2380 2467 uatura
2404 2412 2517 2467 vita
2540 2419 2596 2467 et
2620 2412 2988 2467 domesticum
3017 2411 3125 2466 hoc
3167 2411 3353 2477 habet,
3393 2411 3573 2467 viviﬁ-

1998 2520 2208 2560 cemur.
2239 2504 2344 2561 Sed
2371 2512 2647 2575 quatenus
2679 2502 2862 2560 factus
2889 2510 2973 2559 est
3008 2503 3197 2569 homo,
3232 2504 3493 2559 convenit
3521 2504 3571 2561 ei

2000 2607 2189 2670 petere
2218 2607 2273 2655 et
2306 2597 2556 2670 accipere
2583 2614 2612 2654 a
2643 2596 2809 2655 Patre
2837 2611 2901 2654 ea
2935 2612 3057 2669 quae
3095 2604 3155 2653 ut
3186 2604 3385 2653 natura
3426 2598 3572 2655 Deus

1996 2692 2161 2747 etiam
2206 2691 2466 2747 habebat.

2071 2782 2115 2836 Χ
2138 2823 2151 2844 ,
2179 2784 2268 2839 50.
2316 2782 2426 2854 Ego
2468 2793 2525 2838 et
2557 2782 2717 2838 Pater
2743 2797 2907 2836 unum
2950 2799 3154 2837 sumus.

2069 2872 2316 2928 Humana
2351 2874 2494 2928 enim
2529 2872 2808 2928 facessere
2839 2872 3043 2943 jnbens
3070 2872 3349 2937 Christus,
3380 2873 3445 2928 ad
3483 2873 3570 2927 di—

1996 2964 2155 3020 vinas
2182 2979 2316 3020 suas
2345 2963 2507 3019 dotes
2534 2963 3023 3034 dignationemque
3045 2965 3302 3029 recurrit,
3340 2973 3572 3018 natura—

1997 3056 2146 3112 libus
2177 3056 2293 3113 suis
2322 3056 2706 3127 praarogativis
2730 3056 2898 3129 637
2930 3056 3283 3128 triumphans
3314 3058 3386 3113 ob
3418 3058 3569 3111 utili-

321 3117 526 3172 πιστῶν
556 3122 650 3173 καὶ
672 3121 773 3192 τὴν
827 3123 957 3190 ὑγιᾶ
988 3122 1190 3191 πίστιν,
1230 3126 1352 3195 ἥτις
1398 3129 1515 3182 ἐστὶ
1542 3129 1603 3183 τὸ
1654 3131 1891 3202 μηδόλως

1996 3154 2167 3202 tatem
2195 3117 2468 3202 et~sanam
2503 3117 2665 3201 ﬁdem
2698 3117 2964 3213 ﬁdelium,
2997 3117 3120 3218 qua;
3147 3156 3265 3204 erat
3295 3149 3567 3218 ejusmodi

319 3207 644 3264 ὑποπτεύειν
668 3212 928 3267 ἐλάττονα
948 3210 1088 3270 εἶναι
1102 3215 1199 3270 τοῦ
1222 3218 1438 3289 Πατρδς
1452 3219 1544 3274 τὸν
1565 3222 1713 3276 Υἰόν.
1739 3223 1895 3279 Οὕτω

317 3299 425 3373 γὰρ
454 3302 725 3359 δείκνυται
767 3306 934 3361 εἰκὼν
970 3309 1165 3380 ἀσινὴς
1195 3310 1290 3364 τοῦ
1335 3299 1569 3384 Πατρδς,
1602 3314 1896 3389 ὁλόκληρον

316 3394 374 3445 ὲν
400 3394 578 3466 ἑαυτῷ
610 3398 702 3450 καὶ
727 3397 855 3468 ὑγιῆ
891 3398 1174 3463 διασώζων
1211 3403 1304 3455 τὸν
1344 3403 1438 3457 τοῦ
1471 3405 1682 3477 Πατρδς
1717 3425 1897 3479 χαρα-

315 3485 510 3556 κτῆρα.
551 3488 649 3542 Ἐν
675 3488 732 3542 δὲ
754 3489 987 3561 λέγομεν
1017 3494 1108 3545 τὸν
1140 3493 1267 3547 Υἰόν
1290 3494 1383 3548 καὶ
1407 3495 1499 3551 τδν
1531 3498 1770 3568 Πατέρα,
1793 3502 1893 3556 οὐκ

315 3577 682 3648 ἁναφύροντες
706 3580 806 3644 τὰς
838 3583 898 3635 ὲν
944 3584 1160 3655 ἀριθμῷ
1211 3587 1445 3665 μονάδας
1471 3627 1486 3650 ,
1518 3591 1713 3654 καθώς·
1747 3609 1897 3657 τινες

315 3668 407 3722 τὸν
431 3670 592 3723 αὐτὸν
621 3667 760 3724 εἶναι
791 3673 1011 3740 λέγουσι
1042 3677 1263 3747 Πατέρα
1282 3679 1377 3731 καὶ
1404 3679 1554 3743 Υῖὸν,
1585 3681 1722 3736 ἀλλὰ
1748 3683 1894 3748 ἰδίως

318 3760 617 3828 ὑφεστάναι
666 3764 1017 3839 πιστεύοντες
1064 3766 1156 3820 τὸν
1201 3769 1440 3839 Πατέρα,
1483 3771 1578 3824 καὶ
1630 3772 1777 3837 ἰδίως
1799 3774 1895 3829 τὸν

316 3849 468 3917 Υῖὸν,
500 3854 627 3916 τοὺς
665 3853 721 3907 δὲ
771 3854 865 3908 δύο
917 3858 997 3921 εἰς
1038 3858 1168 3928 μίαν
1214 3860 1402 3925 οὐσίας
1429 3862 1733 3933 ταυτότητα
1762 3882 1897 3921 συν-

315 3943 560 4010 άγοντες,
596 3944 689 3999 καὶ
720 3945 850 4015 μίαν
895 3950 1117 4019 ἔχοντας
1174 3951 1331 4021 ἰσχὺν
1367 3953 1585 4018 εἰδότες.
1626 3956 1702 4021 ὡς
1731 3958 1789 4011 ἐν
1809 3957 1889 4031 τῷ

314 4034 485 4104 ἑτέρῳ
515 4035 701 4105 ἕτερον
746 4037 1184 4109 ἀπαραλλάκτως
1225 4043 1484 4113 δρᾶσθαιο
1523 4045 1623 4110 τὰς
1647 4047 1705 4101 δέ
1733 4064 1797 4118 γε
1829 4049 1888 4104 ἐν

311 4127 425 4187 τοῖς
469 4125 819 4195 Εὐαγγελίοις
854 4128 950 4183 τοῦ
1004 4130 1255 4204 Σωτῆρος
1307 4135 1465 4204 ήμῶν
1503 4137 1708 4205 φωνὰς,
1760 4138 1887 4195 οὕτε

313 4215 640 4270 ὑποστάσεσι
665 4217 838 4284 δυσὶν,
871 4219 993 4274 οὔτε
1021 4222 1131 4293 μὴν
1158 4225 1468 4295 προσώποις
1512 4230 1887 4304 καταμερίζο-

318 4323 435 4375 μεν.
466 4308 676 4381 Οὑνγάρ
712 4313 828 4365 ἐστι
873 4312 1095 4378 διπλοῦς
1124 4317 1153 4369 6
1192 4311 1272 4382 εἷς
1303 4318 1398 4373 καὶ
1430 4320 1591 4392 μόνος
1627 4323 1884 4394 Χριστὸς,

313 4397 414 4450 κᾶν
434 4400 497 4452 ὲκ
520 4399 615 4454 δύο
636 4402 839 4472 νοῆται
856 4405 950 4458 καὶ
986 4405 1260 4479 διαφόρων
1292 4413 1634 4483 πραγμάτων
1663 4398 1744 4479 εἷς
1767 4416 1886 4470 ἑνό-

1996 3248 2056 3294 ut
2089 3237 2283 3293 Filium
2322 3238 2480 3293 Patre
2519 3238 2787 3293 minorem
2818 3253 2943 3294 esse
2971 3238 3292 3292 nullomodo
3319 3239 3563 3307 suspica-

1993 3331 2208 3381 rentur.
2239 3322 2332 3379 Sic
2366 3325 2516 3380 enim
2543 3325 2872 3381 intemerata
2901 3325 3084 3382 Patris
3112 3327 3291 3397 imago
3321 3325 3567 3381 ostendi—

1993 3417 2374 3487 turintegrnm
2392 3424 2445 3472 et
2461 3416 2704 3472 solidum
2737 3433 2969 3474 servans
2996 3419 3049 3472 in
3078 3433 3137 3474 se
3160 3417 3340 3474 Patris
3368 3418 3564 3473 chara-

1992 3515 2220 3562 cterem.
2263 3504 2617 3562 Unum'vero
2662 3507 2904 3564 dicimus
2960 3507 3179 3562 Patrem
3228 3517 3283 3563 et
3336 3507 3560 3572 Filium,

1990 3610 2100 3652 non
2148 3596 2389 3652 unitates
2439 3596 2497 3650 in
2527 3598 3206 3655 numero‘conl‘undentes
3241 3642 3256 3666 ,
3294 3601 3561 3669 quemad-

1980 3685 2216 3743 modum
2260 3685 2517 3740 nonnulli
2560 3688 2814 3742 eumdem
2849 3703 2979 3743 esse
3017 3688 3209 3743 dicunt
3242 3691 3460 3746 Patrem
3510 3699 3564 3747 ct

1988 3772 2214 3838 Filium,
2246 3775 2343 3830 sed
2367 3774 2588 3845 proprie
2625 3789 2689 3829 ac
2723 3780 2955 3832 seorsim
2994 3778 3299 3834 subsistere
3327 3778 3563 3835 creden-

1988 3872 2075 3922 tes
2106 3866 2351 3929 Patrem,
2390 3866 2615 3936 proprie
2640 3872 2695 3920 et
2725 3866 2960 3922 seorsim
3003 3864 3227 3933 Filium,
3266 3867 3406 3925 duos
3431 3885 3561 3925 vero

1990 3956 2045 4012 in
2087 3972 2250 4011 unam
2292 3957 2620 4014 substantias
2658 3957 3005 4013 identitatem
3045 3960 3464 4032 conjungentes,
3508 3971 3564 4017 et

1988 4062 2154 4103 unam
2188 4048 2394 4104 habere
2417 4049 2529 4103 vim
2568 4062 2633 4103 ac
2676 4055 3011 4119 potestatem
3060 4051 3323 4115 scientes,
3378 4052 3450 4105 ita
3499 4060 3561 4106 ut

1989 4141 2129 4195 alter
2161 4140 2216 4195 in
2245 4141 2421 4196 altero
2452 4140 2937 4197 indiscriminatim
2974 4152 3268 4212 cernatur;
3301 4152 3559 4200 caeterum

1989 4230 2305 4288 Servatoris
2343 4231 2524 4288 nostri
2559 4231 2619 4287 in
2650 4230 2967 4302 EVangeliis
2987 4248 3177 4297 voces,
3207 4250 3383 4305 neque
3426 4236 3562 4290 dua-

1986 4319 2093 4375 bus
2123 4320 2519 4392 hypostasibus
2553 4334 2730 4389 neque
2773 4320 3029 4391 personis
3071 4321 3393 4377 dividimus.
3439 4321 3557 4377 Non

1988 4411 2136 4467 enim
2172 4411 2370 4482 duplex
2408 4418 2494 4468 est
2539 4427 2684 4467 unus
2732 4418 2788 4468 et
2840 4411 2996 4468 solus
3026 4411 3305 4477 Christus,
3350 4415 3455 4471 etsi
3491 4430 3559 4469 ex

309 4504 448 4558 τητα
471 4491 567 4559 τὴν
589 4492 883 4562 ἀμέριστον
914 4499 1389 4569 συνενηνεγμένος,
1411 4503 1665 4576 καθάπερ
1689 4507 1883 4577 ἀμέλει

1993 4503 2207 4560 duabus
2235 4512 2290 4559 et
2315 4503 2696 4559 diﬁ'erentibus
2726 4503 2894 4559 rebus
2925 4504 2982 4559 in
3016 4504 3276 4560 unitatem
3308 4505 3559 4561 indivisi-

310 4580 403 4632 καὶ
436 4579 720 4652 ἄνθρωπος
771 4585 849 4639 ὲκν
877 4586 1056 4657 ψυχῆς
1102 4589 1197 4643 καὶ
1235 4592 1507 4663 σώματος,
1556 4598 1617 4651 οὐ
1662 4598 1884 4664 διπλοῦς

313 4670 531 4739 μᾶλλον,
571 4673 686 4726 ἀλλ’
709 4669 788 4738 εἷς
815 4675 874 4740 ἐξ
907 4679 1132 4748 ἀμφοῖν.
1175 4681 1335 4737 Ἀλλὰ
1356 4685 1451 4738 atat
1477 4685 1576 4750 τὰς
1601 4687 1699 4741 ἀνθ
1708 4690 1880 4759 ρωπί-

308 4779 405 4828 νας
434 4765 529 4818 acad.
554 4764 653 4829 τὰς
678 4765 868 4832 θεῖκὰς
896 4769 1028 4841 παρ’
1057 4770 1176 4835 ἑνὸς
1207 4773 1459 4844 εἰρῆσθαί
1505 4794 1713 4848 φαμεν,
1748 4795 1882 4851 φρο-

306 4854 523 4920 νοῦντες
555 4857 730 4929 ὀρθῶς
750 4876 768 4891 ο
797 4860 925 4914 ὅταν
959 4865 1057 4932 μὲν
1079 4863 1189 4935 γὰρ
1223 4865 1541 4936 θεοπρεπῶς
1571 4858 1705 4941 λέγῃ
1752 4860 1882 4942 περῖ

308 4946 502 5000 ἑαυτοῦ
523 4964 537 4977 ο
570 4969 589 5000 ι
634 4949 776 5019 Ἐγὼ
810 4951 903 5004 καὶ
929 4955 957 5005 ὀ
986 4954 1176 5026 Πατὴρ
1199 4954 1257 5008 ἓν
1288 4957 1473 5025 ἐσμεν,
1514 4978 1531 5010 ι
1572 4960 1669 5028 τὴν
1695 4958 1883 5031 θεῖκὴν

307 5039 472 5093 αὐτοῦ
501 5042 594 5093 καὶ¹
619 5044 930 5114 ἀπόρρητον
958 5046 1246 5116 ἐννοοῦμεν
1286 5046 1468 5115 φύσιν,
1510 5048 1634 5101 καθ’
1674 5049 1741 5121 ἣν
1787 5051 1881 5105 καὶ

305 5130 364 5183 ἕν
390 5133 505 5184 ἐστι
540 5132 676 5202 πρὸς
709 5133 799 5186 τὸν
823 5134 1019 5188 ἑαυτοῦ
1051 5137 1288 5207 Πατέρα
1314 5136 1402 5190 διὰ
1439 5137 1538 5209 τὴν
1576 5140 1878 5212 ταυτότητα

305 5219 404 5289 τῆς
435 5221 644 5285 οὐσίας,
694 5222 858 5276 εἰκών
893 5241 952 5277 τε
982 5227 1075 5279 καὶ
1109 5227 1398 5299 χαρακτὴρ
1426 5228 1519 5281 καὶ
1545 5230 1881 5304 ἀπαύγασμα

303 5311 403 5381 τῆς
430 5311 586 5382 δόξης
618 5313 784 5366 αὑτοῦ
808 5328 821 5344 ο
851 5316 981 5369 ὅταν
1025 5315 1081 5369 δὲ
1112 5317 1172 5370 τὸ
1203 5318 1302 5388 τῆς
1344 5318 1761 5393 ἀνθρωπότητος
1792 5324 1880 5394 μέ-

304 5417 431 5470 τρον
465 5402 563 5454 οὐκ
592 5402 894 5473 ἀτιμάζων,
920 5405 1033 5467 τοῖς
1074 5405 1350 5470 Ἰουδαίοις
1378 5408 1657 5478 προσλαλῇ
1678 5424 1691 5437 ·
1716 5429 1734 5459 ‹
1764 5410 1878 5464 Νῦν

303 5490 359 5543 δὲ
386 5490 599 5560 ζητεῖτὲ
632 5509 698 5563 με
730 5494 1048 5548 ἀποκτεῖναι
1079 5496 1384 5567 ἄνθρωπον,
1411 5497 1469 5562 ὃς
1491 5498 1589 5568 τὴν
1621 5499 1878 5570 ἀλήθειαν

305 5583 430 5651 ὑμῖν
453 5582 725 5652 λελάληκα
748 5602 762 5616 ·
810 5605 828 5636 ι
861 5587 1023 5641 πάλιν
1049 5589 1201 5641 οὐδὲν
1238 5585 1398 5660 ἦττον
1443 5591 1500 5642 ἐν
1540 5590 1744 5659 ἰσότητι
1784 5589 1875 5643 τοῦ

305 5673 532 5743 Ιιατρὸς,
562 5675 653 5727 καὶ
672 5676 737 5728 ὲκ
766 5676 875 5727 τῶν
908 5678 1006 5751 τῆς
1031 5680 1450 5752 ἁνθρωπότητος
1471 5679 1634 5734 αὑτοῦ
1658 5681 1873 5752 μέτρων

377 5785 417 5816 ⁵³
451 5783 608 5838 Juan.
639 5799 759 5852 \‘Ill,
796 5783 880 5837 57.

1987 4594 2153 4649 bilem
2187 4594 2411 4649 collatis
2435 4594 2798 4665 intelligatur,
2820 4595 3282 4665 quemadmodum
3303 4598 3559 4652 videlicet

1986 4686 2151 4739 homo
2202 4692 2287 4741 est
2335 4685 2517 4739 anima
2565 4693 2622 4741 et
2654 4701 2889 4755 corpore
2935 4702 3048 4743 non
3088 4689 3313 4758 duplex,
3345 4689 3438 4742 sed
3489 4706 3555 4743 ex

1984 4788 2219 4849 utroque
2248 4794 2413 4835 unus.
2446 4777 2554 4835 Sed
2592 4787 2647 4835 et
2684 4778 2957 4834 humanas
2997 4787 3052 4835 et
3095 4782 3308 4835 divinas
3335 4780 3410 4834 ab
3448 4795 3555 4834 uno

1984 4870 2232 4940 prolatas
2262 4869 2518 4933 dicimus,
2568 4878 2721 4924 recto
2777 4869 3001 4940 quidem
3066 4886 3273 4926 sensu:
3330 4868 3554 4938 quando
3659 4939 3665 4943 _

1986 4961 2155 5027 enim,
2194 4968 2383 5030 prout:
2430 4960 2600 5015 Deum
2645 4960 2827 5026 decet,
2865 4961 2945 5016 de
2996 4961 3180 5030 seipse
3244 4960 3486 5029 loquitur
3534 4976 3550 5014 :

1993 5068 2011 5101 ι
2050 5049 2164 5119 Ego
2208 5058 2263 5105 et
2310 5050 2469 5103 Pater
2506 5064 2673 5104 unum
2715 5064 2931 5115 sumus,
2982 5069 3001 5101 ι
3048 5051 3286 5103 divinam
3334 5049 3454 5117 ejus
3501 5061 3555 5103 et

1985 5139 2315 5195 ineffabilem
2358 5140 2664 5209 cogitamus
2705 5149 2984 5202 naturam,
3032 5139 3335 5208 secundum
3385 5153 3549 5206 quam

1986 5247 2157 5286 unum
2191 5239 2275 5286 est
2301 5246 2426 5284 cum
2456 5244 2567 5285 suo-
2597 5229 2757 5284 Patre
2790 5239 3013 5299 propter
3042 5229 3369 5283 substantia:
3400 5229 3553 5283 iden-

1983 5321 2221 5384 titatem,
2265 5320 2448 5387 imago
2486 5332 2705 5386 quoque
2755 5326 2808 5371 et
2852 5316 3138 5369 character
3183 5323 3237 5370 et
3290 5315 3555 5384 splendor

1984 5411 2173 5480 gloria:
2196 5408 2313 5476 eius
2342 5429 2355 5462 :
2390 5409 2610 5477 quando
2641 5423 2768 5461 vero
2799 5405 3155 5460 humanitatis
3186 5407 3410 5461 modum
3442 5421 3552 5460 non

1985 5514 2256 5569 spernens
2286 5497 2506 5553 Judzeos
2532 5497 2869 5564 alloquitur:
2910 5513 2928 5543 ‹
2960 5493 3115 5547 Nunc
3145 5512 3277 5551 vero
3307 5494 3553 5563 quan-itis

1986 5605 2072 5643 me
2100 5589 2410 5643 interﬁcere
2442 5587 2716 5640 hominem
2749 5585 2843 5654 qui
2882 5585 3169 5639 veritatem
3204 5584 3363 5640 vobis
3407 5582 3555 5634 locn-

1984 5688 2074 5736 tus
2107 5695 2228 5734 sum
2264 5680 2343 5743 “;
2411 5697 2428 5730 ι
2479 5691 2674 5730 rursus
2729 5675 3085 5730 nihilominus
3138 5677 3192 5729 in
3241 5671 3554 5743 :cqualitatc
