4106 6262
521 353 595 405 2?)
1513 355 1568 410 Β.
1603 354 1881 411 CYRILLI
1917 353 2388 411 ALEXANDBINI
2423 357 2748 418 AHCHIEP.
3342 309 3359 325 ⁸
3690 367 3765 428 Ἃ

523 462 706 518 Patris
732 463 900 517 etiam
932 479 996 518 ex
1033 462 1394 520 humanitatis
1440 456 1562 533 ejus
1590 465 1770 521 modis
1803 464 2092 535 cognosci-

2198 466 2649 538 ὲπιγινώσκομεν.
2697 469 2760 522 ει
2791 470 2899 541 γὰρ
2927 470 3255 542 πιστεύομεν
3291 473 3374 526 ὅτι
3399 473 3531 538 Θεὸς
3560 473 3638 529 ὢν
3659 474 3762 545 φύς

522 569 667 609 mus.
703 552 759 607 Si
781 555 926 609 enim
954 554 1233 608 credimus
1264 555 1391 622 quia
1417 555 1560 610 Deus
1584 564 1780 610 natura
1814 557 2090 612 exsistens

523 644 688 698 homo
732 643 914 700 factus
959 652 1066 710 est,
1117 645 1201 698 vel
1231 644 1378 715 quod
1416 655 1674 718 tanquam
1713 647 1881 701 homo
1907 647 2090 701 anima

522 734 778 788 rationali
810 735 1106 798 animatus,
1134 749 1256 802 quae
1288 736 1430 790 ratio
1459 745 1564 798 est.
1595 751 1758 791 voces
1798 736 1919 806 ejus
1963 751 2090 790 eru-

521 825 770 892 bescere,
803 824 947 894 quod
991 825 1104 880 sint
1137 825 1348 880 homini
1376 827 1808 883 convenientes?
1854 826 1910 880 Si
1943 828 2087 881 enim

519 916 847 970 detrectaret
874 930 1158 971 sermones
1183 917 1463 974 hominem
1489 920 1768 990 decentes,
1794 918 1917 989 quis
1935 919 2087 972 illum

519 1009 696 1078 coegit
732 1008 1007 1064 hominem
1046 1011 1347 1066 secundum
1383 1028 1484 1068 nos
1509 1013 1668 1068 ﬁeri?
1700 1013 1800 1080 Qui
1836 1029 1967 1069 vero
1989 1013 2089 1068 de-

520 1097 670 1151 misit
699 1098 941 1167 seipsum
983 1109 1211 1170 propter
1256 1118 1357 1158 nos
1385 1103 1452 1157 ad
1499 1105 1871 1158 voluntariam
1907 1104 2088 1158 inani-

520 1195 687 1241 tatem
741 1189 820 1253 ",
857 1205 1022 1259 quam
1071 1191 1151 1245 ob.
1175 1207 1396 1246 causam
1442 1195 1609 1249 verba
1660 1188 1788 1281 huic
1838 1195 2086 1249 inanitati

522 1279 908 1334 convenientia
943 1281 1309 1338 detrectaret?
1333 1284 1437 1340 Uni
1475 1287 1642 1356 igitur
1678 1279 1929 1357 personae
1966 1302 2088 1341 om-

520 1384 620 1424 nes
653 1384 819 1425 voces
865 1373 923 1425 in
969 1371 1302 1443 Evangeliis,
1351 1376 1445 1428 uni
1495 1376 1777 1447 hypostasi
1817 1375 1979 1431 Verbi
2008 1378 2089 1431 in-

522 1462 738 1515 carnati
767 1463 1131 1520 attribuenda:
1161 1474 1313 1520 sunt.
1346 1465 1609 1522 Dominus
1643 1469 1787 1522 enim
1823 1485 1968 1523 unus
2001 1467 2089 1524 Je-

521 1567 618 1607 sus
645 1551 915 1620 Christus,
937 1557 1240 1611 secundum
1257 1571 1444 1612 voces.
1476 1557 1741 1614 Praeterea
1761 1559 1808 1615 si
1834 1559 2089 1615 omnibus

520 1642 700 1712 major
718 1653 800 1699 est
831 1644 1016 1712 Pater,
1046 1647 1288 1702 divinam
1321 1649 1577 1704 videlicet
1602 1651 1956 1704 eminentiam
1993 1651 2089 1704 ha-.

519 1734 655 1790 beus
697 1743 755 1789 ut
790 1751 920 1807 erga
964 1738 1226 1807 facturas,
1286 1748 1342 1796 et
1394 1752 1546 1796 extra
1597 1743 1783 1797 omnia
1825 1751 1880 1798 et
1923 1758 2089 1812 supra

2201 572 2284 608 σει
2320 556 2540 624 γέγονεν
2567 558 2870 627 ἄνθρωπος,
2904 559 3032 630 ἢὼς
3059 561 3344 632 ὥνθρωπος
3374 564 3767 636 ὲμψυχωμένος

2197 647 2340 718 ψυχῇ
2375 647 2590 720 λογικῇ,
2627 653 2776 702 ποῖον
2801 651 2867 705 ἂν
2911 651 3025 723 ἔχοι
3056 653 3213 722 λόγον
3242 656 3303 708 τὸ
3342 656 3764 726 ἐπαισχύνεσθαι

2195 742 2316 802 ταῖς
2341 739 2471 810 παρ’
2504 741 2668 794 αὐτοῦ
2694 745 2918 810 φωναῖς,
2959 745 3008 796 εἰ
3047 745 3333 822 γεγόνασιν
3375 747 3766 819 ἀνθρωποπρε-

2197 831 2347 897 raise;
2379 834 2442 886 El
2471 833 2581 904 γὰρ
2625 837 2939 905 παραιτοῖτο
2976 839 3102 899 τοὺς
3141 837 3414 908 ἀνθρώπῳ
3454 839 3766 910 πρέποντας

2195 921 2406 991 λόγους,
2439 923 2523 986 τίς
2551 925 2578 976 6
2606 925 2920 993 ἀναγκάσας
2945 927 3198 994 γενέσθαι
3237 928 3358 980 καθ’
3386 931 3532 1000 ἡμᾶς
3565 930 3765 1000 ἄνθρω-

2197 1031 2332 1079 πον;
2378 1016 2436 1067 Ὀ
2467 1015 2524 1068 δὲ
2561 1015 2748 1080 καθεὶς
2781 1017 2973 1070 ἑαυτὸν
3019 1018 3086 1071 δι’
3110 1020 3256 1089 ἡμᾶς
3289 1020 3366 1082 εἰς
3396 1019 3640 1072 ἑκούσιον
3669 1019 3762 1072 κέ-

2197 1123 2381 1170 νωσιν,
2404 1105 2492 1159 διὰ
2513 1107 2670 1160 ποίαν
2695 1108 2871 1162 αἰτίαν
2897 1112 3212 1179 παραιτοῖτο
3245 1110 3310 1163 ἂν
3341 1111 3466 1173 τοὺς
3492 1113 3558 1181 τῇ
3597 1113 3764 1162 κενώ-

2198 1215 2278 1250 σει
2303 1197 2613 1268 πρέποντας
2646 1198 2867 1266 λόγουςς
2908 1199 3022 1252 Ἑνὶ
3048 1200 3337 1271 τοιγαροῦν
3359 1200 3636 1271 προσώπῳ
3665 1200 3766 1262 τὰς

2197 1289 2254 1340 ὲν
2286 1291 2398 1352 τοῖς
2446 1289 2798 1356 Εὐαγγελίοις
2832 1289 3010 1353 πάσας
3059 1291 3344 1345 ἀναθετέον
3396 1291 3600 1360 φωνὰς,
3637 1292 3767 1343 ὑπο-τ

2199 1381 2384 1432 στάσει
2424 1382 2522 1450 μιᾷ
2543 1378 2637 1433 τοῦ
2655 1380 2827 1448 Λόγου
2856 1383 3293 1451 σεσαρκωμένουι
3313 1381 3518 1452 Κύριος
3550 1380 3656 1451 γὰρ
3685 1375 3766 1444 εἷς

2209 1470 2414 1542 Ἰησοῦς
2452 1470 2706 1540 Χριστὸς,
2746 1469 2888 1524 κατά
2911 1471 3010 1534 τὰς
3065 1470 3267 1539 φωνάς.
3295 1472 3414 1523 Ἔτι
3445 1473 3494 1524 ει
3547 1471 3768 1522 πάντων

2199 1561 2402 1632 μείζων
2430 1562 2575 1615 ἐστὶν
2599 1563 2627 1614 6
2653 1563 2860 1632 Πατὴρ,
2903 1561 3177 1633 θεοπρεπῆ
3204 1560 3444 1633 δηλονότι
3475 1561 3573 1630 τὴν
3598 1561 3767 1629 ὑπερ-

2195 1652 2326 1722 οχὴν
2357 1651 2493 1720 ἔχων
2542 1650 2617 1713 ὡς
2656 1651 2792 1721 πρδς
2839 1651 2907 1705 τά
2955 1653 3250 1721 ποιήματα,
3293 1651 3385 1704 καὶ
3408 1650 3510 1715 ἔξω
3549 1649 3766 1704 πάντων

2197 1742 2288 1796 καὶ
2310 1742 2402 1794 ἐπὶ
2427 1741 2603 1794 πάντα
2638 1741 2788 1793 ἔσται
2811 1757 2824 1768 '
2854 1743 2882 1794 6
2909 1740 2965 1794 δὲ
2989 1741 3161 1804 οὕτως
3185 1741 3323 1812 ἔχων
3349 1739 3562 1808 φύσεώς
3586 1757 3645 1793 τε
3671 1741 3766 1792 καὶ

521 1826 714 1880 omnia
753 1829 826 1883 sit
858 1846 870 1881 :
905 1831 1001 1902 qui
1042 1845 1174 1886 vero
1215 1831 1289 1886 ita
1323 1847 1384 1887 se
1415 1831 1582 1889 habet
1618 1835 1798 1901 quoad
1833 1841 2089 1888 naturam

2198 1832 2522 1903 ἀξιώματος,
2579 1832 2636 1885 ἓν
2687 1834 2834 1885 ἐστιν
2872 1832 2948 1892 ὡς
2977 1833 3112 1902 πρὸς
3145 1834 3234 1886 τὸν
3273 1834 3432 1885 Υἱόν⁶
3477 1829 3596 1884 εἶτα
3647 1830 3765 1894 πῶς

521 1925 576 1971 et
599 1933 666 1974 es
707 1917 997 1989 dignitate,
1031 1937 1200 1976 unum
1222 1933 1308 1978 est
1335 1931 1394 1978 ut
1421 1939 1550 1996 erga
1580 1922 1782 1978 Filium
1815 1943 1829 1979 :
1862 1940 2090 1995 quomo-

523 2006 615 2072 do,
635 2008 854 2076 amabo,
872 2012 1087 2078 genitus
1103 2011 1211 2066 erit
1236 2012 1336 2082 qui
1351 2013 1596 2084 ingenito
1617 2012 1763 2068 Patri
1788 2012 2090 2069 secundum

522 2096 887 2152 substantiam
937 2099 1080 2156 idem
1148 2101 1269 2158 est?
1309 2102 1405 2157 Vel
1459 2105 1738 2174 quomodo
1782 2106 1837 2159 in
1903 2105 2088 2160 omni-

521 2188 628 2242 bus
659 2194 718 2241 ut
750 2189 960 2244 [actura
983 2193 1300 2248 censebitur
1331 2196 1421 2265 qui
1452 2197 1619 2268 668
1651 2197 1825 2266 major
1857 2207 1942 2252 est
1974 2212 2091 2251 om-

520 2279 684 2338 nibus
725 2294 848 2334 cum
893 2281 1082 2350 Patre,
1117 2293 1172 2338 et
1204 2287 1422 2354 quidem
1473 2289 1646 2356 major
1683 2303 1750 2342 co
1789 2288 1951 2344 modo
1983 2304 2090 2357 quo

523 2369 676 2430 Deus
693 2369 858 2424 fuerit
879 2385 1010 2440 erga
1046 2373 1294 2431 facturas
1324 2375 1494 2429 suas?

595 2457 706 2528 Ego
734 2468 782 2512 et
815 2459 978 2513 Pater
1001 2477 1161 2516 unum
1187 2479 1389 2518 sumus.
1420 2463 1622 2535 Nempe
1644 2468 1912 2524 vocabulo
1931 2476 2091 2524 unum

523 2549 768 2621 ejusdem
810 2566 932 2609 esse
973 2569 1039 2607 se.
1066 2555 1386 2611 substantiae
1421 2573 1544 2610 cum
1578 2557 1740 2614 Patre
1781 2560 2090 2630 signiﬁcat;

523 2639 694 2696 verbo
722 2651 903 2696 autem
939 2659 1120 2698 sumus
1159 2646 1212 2699 in
1245 2647 1354 2701 duo
1370 2647 1562 2702 dividit
1595 2664 1706 2704 rem
1739 2650 2089 2717 intellectam,

525 2748 825 2803 rursusque
857 2735 912 2788 in
943 2750 1104 2789 unam
1140 2737 1351 2809 colligit
1389 2739 1668 2794 deitatem.

595 2820 678 2886 Χ,
726 2823 812 2877 51.
857 2821 1196 2886 Sustulerunt
1246 2843 1366 2901 ergo
1410 2844 1595 2883 rursus
1659 2826 1839 2882 Judwi
1889 2830 2089 2899 lapides

523 2921 584 2972 ut
609 2912 906 2981 lapidarem
931 2931 1068 2973 eum.

594 3002 714 3059 Non
743 3007 888 3067 enim
915 3005 1153 3064 ferentes
1193 3025 1318 3066 eum
1361 3013 1452 3082 qui
1481 3028 1600 3068 sese
1630 3029 1798 3068 unum
1821 3029 1944 3070 esse
1965 3029 2089 3067 cum

527 3092 689 3156 Patre
717 3096 949 3163 diceret,
980 3100 1046 3161 ad
1079 3102 1443 3158 occidendum
1473 3120 1597 3160 eum
1620 3107 1824 3177 impetu
1854 3107 2089 3177 quodam

2194 1917 2346 1978 ἔσται
2375 1923 2634 1994 γεννητὸς
2656 1924 2684 1977 6
2719 1922 2797 1993 τῷ
2831 1922 3109 1992 ἀγεννήτῳ
3152 1921 3324 1992 Πατρὶ
3360 1923 3480 1975 κατ’
3515 1923 3703 1976 οὐσίαν
3735 1924 3765 1974 6

2194 2015 2390 2080 αὐτόςς
2425 2017 2492 2068 Ἢ
2517 2015 2633 2079 πῶς
2656 2016 2718 2069 ὲν
2733 2016 2844 2078 τοῖς
2860 2015 3024 2068 πᾶσιν
3049 2013 3124 2078 ὡς
3147 2013 3360 2082 ποίημα
3384 2013 3764 2082 λογισθήσεται

2193 2110 2223 2161 6
2255 2107 2458 2178 μείζων
2475 2108 2689 2161 πάντων
2718 2107 2856 2177 μετά
2883 2107 3121 2176 Πατρὺς,
3153 2103 3354 2175 μείζων
3381 2104 3437 2157 δὲ
3469 2103 3660 2168 οὕτως,
3688 2102 3764 2176 ὡς

2195 2199 2262 2256 ἂν
2285 2200 2368 2271 εἴη
2398 2199 2528 2264 Θεὸς
2561 2199 2700 2270 πρὸς
2719 2198 2786 2252 τὰ
2818 2199 3127 2268 ποιήματα;

2281 2461 2424 2530 Ἐγὼ
2462 2461 2538 2529 (1)
2575 2460 2672 2514 καὶ
2695 2462 2727 2514 ό
2752 2460 2953 2529 Πατὴρ
2979 2460 3050 2513 ἓν
3077 2461 3282 2527 ἐσμεν.
3333 2457 3431 2511 Διὰ
3479 2458 3575 2527 μὲν
3603 2457 3663 2510 τὸ
3691 2455 3762 2510 ἓν

2194 2552 2294 2624 τὴν
2340 2553 2643 2621 ταυτότητα
2695 2552 2792 2621 τῆς
2849 2551 3040 2612 οὐσίας
3091 2550 3381 2621 σημαίνει·
3430 2549 3519 2602 διὰ
3569 2549 3626 2601 δὲ
3658 2546 3751 2600 τοῦ

2196 2643 2384 2712 ἐσμὲν
2411 2646 2490 2706 εἰς
2518 2642 2685 2696 δυάδα
2713 2643 2901 2712 τέμνει
2928 2643 2990 2694 τὸ
3039 2642 3343 2713 νοούμενον,
3373 2642 3467 2695 καὶ
3495 2642 3655 2695 πάλιν
3682 2643 3763 2699 εἰς

2201 2737 2327 2806 μίαν
2355 2734 2608 2805 περισφίγ
2623 2749 2702 2801 γει
2737 2733 2984 2802 θεότητα.

2277 2825 2650 2878 Ἐϐάστασαν
2673 2819 2787 2877 οὖν
2815 2823 2999 2877 πάλιν
3018 2826 3071 2877 οἱ
3113 2822 3385 2878 Ἰουδαῖοι
3409 2823 3634 2888 λίθους,
3663 2821 3769 2874 ἵνα

2195 2915 2528 2969 λιθάσωσιν
2552 2915 2754 2968 αὐτόν.

2268 3006 2360 3076 Μὴ
2393 3005 2753 3075 ἀνασχόμενοι
2781 3005 2890 3075 γὰρ
2907 3003 3092 3066 αὐτοῦ,
3119 3003 3177 3057 ἓν
3207 2997 3346 3056 εἶναι
3373 3001 3563 3054 ἑαυτὸν
3583 3001 3765 3068 λέγον-ν

2197 3116 2288 3161 τος
2310 3097 2444 3167 πρὸς
2477 3096 2566 3148 τὸν
2592 3095 2809 3165 Πατέρα
2829 3135 2842 3159 ,
2884 3095 2976 3146 ἐπὶ
3004 3095 3064 3146 τὸ
3091 3093 3346 3162 φονεῦσαι
3388 3093 3545 3146 αὑτὸν
3573 3093 3764 3163 ὥρμη-

525 3185 668 3256 rapti
698 3196 847 3254 sum,
875 3189 1001 3248 licet
1034 3194 1467 3264 unumquodque
1519 3212 1744 3266 operum
1782 3199 1902 3266 ejus
1927 3198 2092 3254 Deum

2199 3205 2298 3243 σαν
2321 3205 2338 3227 ε
2359 3189 2560 3259 καίπερ
2587 3188 2817 3247 ἑκάστου
2842 3185 2949 3238 τῶν
2979 3187 3109 3254 παρ’
3127 3185 3296 3238 αὑτοῦ
3317 3185 3615 3256 γινομένων
3632 3184 3768 3237 Θεὸν

527 3290 652 3332 esse
686 3277 841 3338 illum
870 3289 1069 3336 natura
1107 3282 1242 3337 satis
1279 3283 1623 3352 praedicaret.
1650 3284 1769 3339 Non
1797 3285 1972 3339 solum
1997 3302 2094 3341 au-

529 3379 638 3429 tem
664 3385 831 3435 nunc,
869 3372 964 3427 sed
1009 3379 1063 3427 et
1111 3372 1249 3428 alias
1281 3374 1515 3430 sublatis
1557 3375 1834 3447 lapidibus
1879 3387 1940 3432 ut
1971 3394 2094 3434 eum

531 3457 932 3524 interﬁcerent,
983 3461 1296 3519 immobiles
1349 3470 1617 3521 steterunt
1657 3467 1709 3519 vi
1754 3475 1808 3520 et
1857 3466 2095 3522 eliicacia

527 3547 733 3603 Christi
756 3567 768 3602 :
789 3564 854 3604 ex
875 3565 984 3620 quo
1011 3550 1220 3620 liquido
1236 3560 1456 3613 constat
1481 3571 1628 3620 eum,
1659 3557 1763 3610 nisi
1792 3557 2088 3623 volentem,

528 3654 808 3710 nunquam
849 3655 1143 3709 passurum
1187 3641 1378 3700 fuisse.
1426 3645 1794 3705 Nihilosecius
1825 3665 1922 3719 per
1947 3667 2097 3705 sum-

529 3743 673 3781 mam
698 3728 1171 3789 mansuetudinem
1193 3732 1446 3792 Christus
1473 3735 1743 3793 furiosum
1775 3751 1965 3792 eorum
1994 3739 2095 3793 im-

527 3827 714 3888 petum
744 3820 992 3879 cohibuit
1026 3821 1221 3878 dicens
1252 3843 1265 3877 :
1299 3823 1556 3896 Nunquid
1589 3829 1659 3883 ob
1697 3829 1923 3897 aliquod
1969 3845 2093 3884 ver-9

528 3913 660 3973 bum
689 3911 834 3980 quod
886 3911 1000 3966 dixi
1047 3912 1376 3980 irascimini,
1432 3925 1524 3970 aut
1572 3918 1644 3972 ob
1682 3919 1905 3988 aliquod
1958 3935 2097 3990 opus

527 4002 678 4073 quod
707 4003 846 4058 feci?
875 4002 930 4058 Si
963 4006 1108 4062 enim
1139 4021 1248 4060 non
1281 4009 1452 4062 multa
1497 4008 1747 4064 fecissent
1784 4009 1890 4065 Deo
1933 4012 2100 4081 digna

527 4110 810 4166 opera,me
840 4105 1038 4153 natura
1067 4099 1237 4156 Deum
1266 4115 1392 4156 esse
1415 4101 1699 4163 testantia,
1725 4103 1924 4158 merito
1954 4102 2099 4157 indi-

526 4185 832 4255 gnaremini
866 4186 1152 4248 audientes
1189 4203 1275 4243 me
1303 4204 1448 4244 nunc
1485 4189 1760 4244 dicentem
1799 4209 1810 4243 :
1851 4209 1872 4243 ι
1909 4190 2021 4260 Ego
2046 4197 2100 4244 et

526 4277 687 4337 Pater
730 4294 899 4332 unum
935 4294 1162 4346 sumus;
1207 4297 1225 4330 ›
1262 4279 1357 4335 sed
1395 4295 1503 4335 non
1535 4279 1638 4334 hoc
1669 4280 1952 4346 dixissem,
1992 4280 2098 4334 nisi

525 4385 626 4438 per
653 4371 840 4423 omnia
875 4385 997 4440 qua
1038 4372 1143 4425 feci
1175 4372 1521 4441 probassem.
1566 4371 1656 4428 Ait
1700 4388 1829 4427 vero
1873 4389 1901 4427 a
1939 4372 2099 4427 Patre

526 4469 581 4516 et
608 4476 717 4514 non
743 4477 771 4514 a
800 4463 985 4532 seipso
1011 4477 1199 4533 opera,
1232 4463 1500 4518 modestia
1544 4464 1802 4518 nimirum
1840 4473 2004 4519 utens
2030 4463 2096 4518 ad

2195 3283 2356 3335 αὑτὸν
2388 3278 2827 3350 ἀναγορευόντων
2857 3276 3038 3345 φύσει.
3070 3277 3144 3330 Οὐ
3185 3277 3343 3346 μόνον
3378 3277 3434 3330 δὲ
3483 3277 3595 3340 νῦν,
3632 3275 3767 3330 ἀλλὰ

2195 3374 2290 3427 καὶ
2323 3371 2508 3426 ἄλλοτε
2544 3369 2798 3431 λαϐόντες
2843 3368 3022 3430 λίθους
3045 3368 3137 3420 ἐπὶ
3175 3367 3253 3436 τῷ
3296 3367 3458 3420 αὐτὸν
3489 3367 3764 3434 φονεῦσαι,

2195 3463 2444 3532 ἀκίνητοι
2473 3462 2707 3531 ἔστησαν
2730 3458 2978 3530 ἐνεργείᾳ
3001 3461 3066 3528 τῇ
3095 3457 3186 3511 τοῦ
3215 3455 3448 3527 Χριστοῦ
3467 3473 3484 3490 ο
3515 3457 3589 3519 ὡς
3611 3456 3768 3525 δῆλον

2196 3556 2291 3609 καὶ
2322 3556 2388 3607 ἐκ
2427 3553 2616 3607 τούτου
2663 3552 2937 3620 γενέσθαι,
2980 3551 3063 3602 ὅτι
3087 3549 3186 3602 οὐκ
3229 3548 3294 3601 ἂν
3327 3548 3584 3617 ἔπασχεν,
3615 3548 3662 3598 εἰ
3692 3547 3768 3616 μὴ

2197 3646 2360 3700 ἑκών.
2394 3645 2584 3715 Ὅμως
2609 3643 2694 3696 διὰ
2714 3641 2982 3711 ὴπιότησα
3003 3642 3032 3692 6
3063 3639 3296 3708 Χριστὸς
3321 3639 3644 3692 κατέστελλε
3669 3639 3768 3708 τὴν

2196 3740 2418 3793 ἐκείνων
2464 3736 2655 3804 ἄλογον
2699 3734 2893 3806 ὁρμὴν,
2925 3733 3100 3800 λέγων
3121 3774 3136 3796 ,
3177 3732 3260 3794 οὐ,
3302 3731 3399 3784 Διά
3431 3734 3580 3783 ποῖον
3609 3731 3767 3797 λόγον

2197 3833 2254 3885 ὃν
2276 3827 2448 3894 εἷπον,
2473 3826 2776 3899 θυμοῦσθε;
2805 3823 2961 3890 ἀλλὰ,
2977 3823 3077 3876 Διά
3103 3824 3252 3875 ποῖον
3274 3821 3432 3892 ἔργον
3450 3821 3477 3874 ὃ
3500 3821 3730 3889 ἐποίησα
3751 3839 3765 3880 ;

2198 3923 2261 3974 Εἰ
2290 3921 2398 3990 γὰρ
2439 3921 2513 3990 μὴ
2541 3919 2792 3985 ἐποίησα,
2823 3917 2977 3982 φησι,
3024 3913 3193 3966 πολλὰ
3232 3911 3506 3983 θεοπρεπῆ
3539 3911 3672 3982 ἔργα
3703 3912 3770 3970 τὰ

2198 4013 2479 4065 δεικνύντα
2517 4026 2582 4077 με
2621 4007 2781 4076 φύσει
2827 4005 2978 4069 Θεὸν,
3039 4004 3262 4066 εἰκότως
3291 4004 3356 4056 ἂν
3387 4005 3765 4072 ἠγανακτεῖτε,
3865 4011 3872 4016 ’

2198 4103 2293 4157 νῦν
2322 4099 2608 4161 ἀκούοντές
2642 4115 2742 4167 μου
2763 4097 3010 4165 λέγοντος
3031 4113 3042 4126 ·
3083 4114 3100 4146 ι
3142 4094 3282 4163 Ἐγὼ
3311 4097 3404 4149 καὶ
3429 4099 3457 4148 6
3493 4095 3680 4164 Πατὴρ
3711 4095 3768 4147 ἓν

2198 4197 2366 4257 ἐσμεν
2400 4211 2417 4242 ι
2451 4189 2589 4243 Ἀλλ’
2615 4190 2716 4242 οὐκ
2751 4188 2816 4242 ἂν
2864 4183 3016 4240 εἷπον
3042 4186 3219 4246 τοῦτο.
3243 4188 3289 4239 εἰ
3321 4186 3394 4257 μὴ
3438 4187 3527 4240 διὰ
3555 4186 3771 4239 πάντων

2199 4278 2274 4338 ὧν
2308 4283 2559 4350 ἐποίησα,
2597 4279 2760 4338 τοῦτο¹
2785 4278 2979 4343 ἔδειξα.
3009 4280 3146 4349 Φησὶ
3174 4279 3230 4330 δὲ
3259 4277 3411 4349 παρά
3443 4277 3536 4331 τοῦ
3560 4279 3772 4349 Πατρδς

2199 4377 2260 4432 οὑ
2293 4373 2423 4446 παρ’
2457 4369 2651 4425 ἑαυτοῦ
2689 4369 2758 4424 τὰ
2803 4369 2941 4440 ἔργα
2969 4410 2983 4431 ,
3029 4367 3434 4439 μετριοφρονῶν
3488 4368 3624 4438 πρὸς
3672 4367 3770 4435 τὴν

2199 4466 2356 4538 ἡμῶν
2385 4463 2673 4532 ὠφέλειαν,
2703 4461 2790 4518 ἵνα
2823 4460 2897 4532 μὴ
2925 4461 3052 4514 ὃταν
3092 4460 3347 4530 λάϐωμέν
3367 4474 3421 4511 τι
3443 4458 3593 4529 παρὰ
3610 4458 3768 4522 Θεοῦ,

528 4564 774 4614 nostram
813 4557 1126 4621 utilitatem,
1172 4573 1238 4611 ne
1269 4573 1397 4612 cum
1429 4559 1634 4628 aliquid
1675 4574 1704 4611 a
1735 4557 1846 4613 Deo
1881 4559 2093 4629 accepi-

2201 4551 2675 4621 ἀλαζονευώμεθα.
2720 4549 3025 4620 Δεδειχέναι
3064 4550 3120 4604 δὲ
3172 4550 3300 4620 περὶ
3339 4548 3432 4602 τοῦ
3464 4549 3674 4619 Πατρδς
3705 4548 3772 4603 τὰ

527 4663 675 4715 mus,
711 4657 1036 4717 arrogantes
1060 4649 1254 4704 simus.
1276 4649 1597 4706 Ostendisse
1627 4666 1758 4705 vero
1788 4665 1847 4706 se
1879 4664 1909 4702 a
1939 4650 2101 4704 Patro

527 4753 696 4808 opera
729 4738 886 4800 dicit.
918 4755 1029 4792 non
1059 4754 1117 4794 se
1145 4740 1215 4795 ab
1250 4755 1437 4794 eorum
1464 4739 1657 4796 effectu
1691 4751 1746 4796 et
1783 4741 2100 4811 operatione

527 4833 768 4886 alienum
815 4829 1229 4894 demonstrans,
1271 4832 1381 4886 imo
1435 4833 1606 4887 totius
1655 4834 1880 4889 deitatis
1931 4847 2099 4903 opera

526 4937 652 4976 esse
683 4921 906 4976 docens.
941 4920 1128 4978 Deitas
1172 4939 1307 4980 vero
1355 4941 1463 4980 una
1510 4927 1834 4997 intelligitur
1863 4943 1893 4982 a
1937 4927 2100 4982 nobis

527 5013 584 5066 iu
619 5010 782 5065 Patre
811 5019 865 5066 et
893 5011 1034 5066 Filio
1059 5021 1114 5068 et
1148 5014 1363 5084 Spiritu
1395 5028 1609 5072 sancto.
1650 5017 1807 5084 Quod
1839 5019 1984 5072 enim
2015 5020 2100 5072 vi-

528 5104 725 5158 delicet
778 5103 908 5171 facit
947 5103 1131 5168 Pater,
1186 5107 1292 5161 hoc
1327 5109 1613 5178 perﬁcitur
1660 5124 1758 5180 per
1790 5109 1989 5163 Filium
2043 5109 2098 5164 in

531 5191 759 5262 Spiritu.
811 5192 878 5247 Et
926 5210 1125 5250 rursus
1176 5198 1321 5266 quod
1370 5197 1546 5255 Filius
1597 5199 1749 5263 iacit,
1781 5201 1885 5255 hoc
1937 5203 2102 5255 Pater

531 5281 710 5338 facere
737 5287 790 5338 in
829 5285 1038 5356 Spiritu
1072 5287 1297 5346 dicitur.
1326 5289 1508 5356 Quare
1531 5300 1586 5346 et
1627 5293 1743 5362 ipse
1769 5292 1910 5347 dixit
1942 5310 1955 5346 ;
1989 5311 2008 5343 ι
2055 5293 2098 5345 Α

529 5374 740 5443 meipso
772 5377 908 5430 nihil
953 5378 1114 5446 facio,
1157 5378 1319 5438 Pater
1345 5398 1476 5438 vero
1516 5385 1572 5438 iu
1604 5401 1688 5440 me
1714 5401 1947 5441 mancus
1980 5385 2098 5454 ipse

530 5458 662 5516 facit
685 5477 872 5532 opera.
917 5481 934 5512 ›

603 5573 648 5607 ⁸³
677 5572 915 5643 Philipp.
947 5591 1004 5640 ιι,
1048 5576 1096 5628 ’1.

603 5714 842 5788 (mare
882 5754 933 5767 ..

2202 4649 2340 4720 ἔργα
2370 4648 2554 4716 φησὶν.
2589 4644 2688 4698 οὐκ
2717 4642 2994 4712 ἀλλότριον
3032 4641 3224 4694 ἑαυτὸν
3259 4641 3474 4706 δεικνὺς
3502 4640 3603 4708 τῆς
3625 4641 3769 4691 ὲκεί-

2203 4752 2308 4788 νων
2340 4730 2640 4801 ἐνεργείας,
2665 4728 2801 4793 ἀλλά
2821 4729 3086 4782 διδάσκων
3117 4729 3198 4781 ὃτι
3235 4729 3332 4798 τῆς
3353 4730 3480 4800 ὅλης
3513 4731 3627 4781 ἐστὶ
3651 4729 3770 4782 θεό-

2202 4837 2363 4890 τητος
2391 4818 2457 4871 τά
2492 4817 2648 4887 ἔργα.
2689 4816 2893 4885 Θεότης
2924 4815 2978 4870 δὲ
3005 4817 3102 4884 μία
3135 4819 3332 4870 νοεῖται
3368 4818 3497 4888 παρ’
3530 4818 3684 4888 ήμῶν
3714 4819 3771 4870 ἐν

2204 4911 2377 4980 Πατρὶ
2397 4909 2490 4962 καὶ
2510 4907 2624 4976 Υἱῷ
2650 4907 2744 4959 καὶ⁹
2782 4905 2920 4973 ἁγίῳ
2945 4904 3244 4975 Πνεύματι.
3270 4907 3447 4978 Ὅπερ
3476 4910 3584 4979 γὰρ
3613 4910 3768 4977 eux?»

2205 5003 2350 5053 ποιεῖ
2384 5000 2412 5051 6
2432 4997 2642 5068 Πατὴρ,
2665 4995 2825 5058 τοῦτο
2852 4993 3084 5053 τελεῖται
3119 4996 3186 5049 δι’
3229 4997 3357 5050 Υἱοῦ
3380 4999 3438 5050 ὲν
3467 4999 3767 5067 Πνεύματι.

2204 5092 2312 5146 Καὶ
2341 5091 2524 5153 πάλιν,
2573 5088 2602 5142 δ
2654 5089 2795 5148 ποιεῖ
2839 5087 2868 5146 6
2897 5087 3043 5153 Υἱὸς,
3085 5089 3242 5142 τοῦτο
3274 5089 3491 5157 λέγεται
3522 5094 3549 5143 6
3583 5090 3772 5160 Πατὴρ

2206 5184 2379 5245 ποιεῖν
2424 5184 2482 5238 ἐν
2526 5179 2822 5248 Πνεὺματι.
2877 5179 2966 5231 Διὸ
3011 5181 3104 5236 καὶ
3142 5181 3301 5245 αὐτὸς
3340 5183 3555 5251 ἔλεγεν·
3588 5201 3606 5234 ι
3651 5183 3768 5247 Ἀπ’

2208 5271 2445 5343 ἐμαυτοῦ
2485 5271 2634 5326 οὐδὲν
2665 5270 2823 5332 ποιῶ,
2857 5270 2885 5322 6
2909 5270 2964 5324 δὲ
2985 5272 3172 5346 Πατὴρ
3211 5273 3269 5324 ὲν
3292 5273 3415 5349 ἐμοὶ
3450 5273 3644 5344 μένων,
3674 5274 3772 5327 aiio.-

2205 5366 2295 5428 τὸς
2327 5366 2470 5417 ποιεῖ
2498 5359 2568 5415 τὰ
2595 5361 2752 5431 ἔργα.
2797 5380 2814 5411 ›

971 5757 981 5767 .
1013 5757 1022 5768 .
1055 5716 1301 5782 θεότητα
1335 5718 1458 5772 add.
1494 5731 1559 5774 ex
1588 5725 1777 5774 catena
1807 5718 1953 5784 νειμ,
1992 5717 2086 5773 fol.
2129 5717 2232 5772 206
2265 5715 2322 5782 Β,
2360 5733 2443 5787 ap.
2485 5715 2583 5769 .‘lai
2620 5715 2755 5772 ibid.
