4106 6262
398 372 473 427 ‘25

1174 375 1247 430 IN
1283 375 1620 433 JOANNEM.
1663 409 1733 418 —-
1772 380 1903 436 LIB.
1946 383 2036 438 VII
2078 383 2164 440 ET
2205 384 2316 441 VIII
2348 386 2794 444 FRAGMENTA.
3566 387 3638 444 96

481 491 619 562 Περὶ
650 489 838 546 καλοῦ
867 489 1043 560 ἔργου
1069 493 1140 545 οὺ
1173 493 1488 562 λιθάζομέν
1525 508 1623 560 σε,
1656 494 1817 550 ἀλλὰ
1835 498 1967 566 περὶ

2141 499 2223 567 Χ,
2263 499 2351 555 53.
2393 502 2470 556 De
2502 503 2636 557 bona
2675 517 2823 572 opere
2850 516 2954 554 non
2997 499 3299 568 lapideum
3345 507 3414 566 te,
3456 499 3545 553 sed
3570 501 3634 550 de

413 584 824 652 βλασφημίας.

486 674 738 744 Ἔχοντες
763 673 922 743 ζῆλον
943 673 1099 739 Θεοῦ,
1119 674 1235 727 ἀλλ’
1264 675 1325 726 οὐ
1357 677 1477 729 κατ’
1505 677 1821 744 ἐπίγνωσιν,
1841 677 1980 746 ἠγα-

412 766 639 822 νάκτουν
696 765 986 829 ἀκούοντες
1039 765 1133 818 τοῦ
1163 765 1400 836 Χριστοῦ
1450 767 1732 835 λέγοντος·
1763 785 1782 818 ι
1837 767 1980 836 Ἐγὼ

411 858 502 911 καὶ
533 855 770 926 eum";
799 855 858 909 ἓν
903 856 1091 926 ἐσμεν.
1139 875 1158 907 ι
1197 857 1261 910 Τί
1301 857 1410 928 γὰρ
1439 857 1500 912 τὸ
1555 857 1766 911 κωλύον
1819 859 1980 912 αὐτὸν

410 943 550 998 εἶναι
587 945 644 996 ἓν
677 943 812 1014 πρὸς
863 945 953 997 τὸν
994 944 1236 1012 Πατέρα,
1289 947 1448 1016 εἰπερ
1506 948 1832 1000 ἐπίστευσαν
1895 948 1977 1000 ὅτι

411 1037 542 1100 Θεὸς
568 1033 636 1106 ἦν
657 1039 800 1090 κατὰ
831 1037 993 1106 φύσιν
1013 1054 1026 1102 ;
1048 1038 1140 1089 Διὸ
1169 1038 1261 1090 καὶ
1298 1037 1539 1102 λιθάζειν
1578 1040 1736 1093 αὑτὸν
1765 1039 1979 1109 ἐπεχεί-

414 1144 560 1198 ρουν,
587 1129 679 1180 καὶ
701 1127 1128 1196 ἀπολογούμενοι
1165 1128 1231 1181 δι’
1259 1129 1327 1197 ἣν
1353 1131 1532 1182 αἰτίαν
1560 1130 1717 1183 τοῦτο
1735 1130 1973 1195 ἐποίουν,

412 1218 596 1296 φασιν,
628 1220 709 1271 ὅτι
741 1219 841 1288 οὐχ
863 1218 1046 1271 ἕνεκεν
1074 1211 1150 1272 ὧν
1185 1220 1451 1290 ἐποίησας
1472 1220 1650 1275 καλῶν
1685 1220 1976 1290 λιθάζομέν

413 1326 495 1371 σε,
522 1309 636 1362 ἀλλ’
659 1311 741 1362 ὃτι
759 1310 1098 1382 βλασφημεῖς
1119 1331 1136 1344 ο
1153 1313 1306 1368 αὐτοὶ
1336 1315 1401 1366 ἐκ
1428 1313 1521 1366 τοῦ
1543 1314 1786 1367 ἐναντίου
1810 1315 1976 1384 βλασ-

411 1398 738 1468 φημοῦντες,
769 1399 836 1452 δι’
860 1394 933 1452 ὧν
972 1400 1160 1470 ἦθελον
1205 1401 1446 1466 λιθάζειν
1477 1402 1568 1454 τὸν
1605 1403 1734 1456 ὄντα
1762 1403 1977 1474 άληθῶς

412 1489 564 1552 Θεὸν,
597 1490 917 1558 ἀγνοοῦντες
941 1492 1020 1545 ὅτι
1053 1493 1116 1546 οὐ
1147 1497 1326 1564 γυμνῇ
1359 1497 1424 1564 τῇ
1461 1494 1670 1564 θεότητι
1695 1494 1917 1564 ἔμελλεν
1945 1496 1976 1548 6

423 1576 628 1647 Ἰησοῦς
656 1579 958 1648 ἐπιδημεῖν,
987 1579 1120 1634 ἀλλὰ
1150 1581 1521 1652 σαρκούμενος
1567 1583 1631 1634 ἐκ
1663 1583 1975 1653 σπέρματος

410 1669 596 1732 Δαὸὶδ,
629 1669 977 1741 βλασφημίαν
1012 1667 1150 1724 εἶναι
1175 1672 1424 1739 λέγοντες
1450 1673 1548 1743 τὴν
1584 1672 1750 1743 ὀρθὴν
1779 1674 1974 1744 ὁμολο-

414 1759 558 1827 γίαν.
585 1761 888 1825 Φάσκοντος
915 1757 1028 1827 οὖν,
1060 1782 1079 1814 ι
1102 1763 1242 1830 Ἐγὼ
1265 1765 1359 1816 καὶ
1381 1764 1409 1816 6
1431 1763 1614 1835 Πατὴρ
1645 1764 1704 1816 ἓν
1733 1765 1918 1835 ἐσμεν,
1949 1784 1967 1813 ι

2078 591 2420 658 blasphemia.

2146 678 2335 734 Zelum
2371 677 2466 734 Dei
2499 679 2802 746 habentes,
2847 679 2945 735 sed
2987 694 3095 733 non
3126 677 3427 734 secundum
3463 676 3639 731 scien-

2077 769 2248 831 tiam,
2304 769 2740 840 indignabantur
2789 771 3079 825 audientes
3137 769 3410 823 dicentem
3478 766 3641 822 Chri-

2076 869 2218 914 stum
2254 879 2268 914 :
2308 879 2326 910 ι
2362 859 2474 930 Ego
2517 869 2571 916 et
2602 860 2765 916 Pater
2797 877 2971 916 unum
3014 876 3226 915 sumus.
3261 879 3281 911 ι
3325 858 3463 924 Quid
3495 858 3638 912 enim

2076 949 2292 1003 vetabat
2323 965 2446 1004 eum
2483 966 2606 1006 esse
2641 966 2810 1005 unum
2852 966 2978 1004 cum
3008 949 3192 1015 Patre,
3238 951 3284 1005 si
3320 949 3482 1003 modo
3516 963 3639 1002 cre-

2075 1039 2342 1095 didissent
2401 1056 2524 1095 eum
2577 1057 2701 1097 esse
2760 1043 3062 1097 secundum
3116 1050 3370 1096 naturam
3430 1039 3642 1094 Deum?

2076 1128 2254 1193 Quare
2297 1137 2351 1184 et
2400 1130 2609 1198 lapides
2651 1131 2704 1183 in
2749 1145 2872 1184 eum
2899 1130 3086 1198 jacere
3137 1130 3555 1200 aggrediuntur,
3588 1135 3642 1180 et

2076 1219 2343 1273 rationem
2371 1220 2668 1274 reddentes
2693 1234 2792 1274 cur
2820 1220 2875 1273 id
2911 1218 3180 1280 facerent,
3213 1220 3388 1283 aiunt,
3420 1217 3536 1270 Non
3571 1217 3642 1270 ob

2075 1324 2140 1365 ea
2189 1325 2310 1378 quae
2359 1310 2618 1378 praeclare
2666 1308 2843 1364 fecisti
2880 1310 3188 1379 lapidamus
3237 1317 3318 1371 te,
3373 1310 3467 1364 sed
3513 1309 3642 1377 quia

2075 1400 2420 1470 blasphemas
2459 1419 2472 1454 :
2516 1415 2641 1455 cum
2682 1401 2788 1470 ipsi
2841 1416 2870 1455 e
2904 1401 3187 1455 contrario
3236 1400 3638 1468 blasphemeut,

2075 1490 2142 1544 ad
2179 1489 2534 1559 lapidandum
2569 1506 2718 1555 eum,
2752 1490 2845 1559 qui
2878 1505 3006 1546 vere
3039 1499 3125 1545 est
3167 1490 3332 1554 Deus,
3369 1489 3641 1555 accincti,

2075 1581 2326 1635 videlicet
2373 1582 2590 1651 ignari,
2642 1597 2753 1636 non
2805 1582 2862 1636 in
2912 1582 3153 1652 simplici
3203 1582 3408 1640 deitate
3454 1579 3643 1635 Jesum

2074 1673 2438 1728 adventurum
2489 1689 2554 1728 ac
2604 1673 3105 1744 peregrinaturum,
3153 1673 3250 1728 sed
3301 1689 3364 1727 ex
3427 1672 3637 1727 semine

2076 1764 2242 1819 David
2273 1765 2648 1829 incarnatum,
2679 1775 2734 1820 et
2765 1773 2972 1819 rectam
3013 1764 3415 1820 confessionem
3445 1763 3498 1817 in
3530 1763 3643 1816 bla-

414 1851 487 1919 μὴ
514 1850 760 1916 νοοῦντες
779 1853 837 1906 δὲ
859 1852 941 1916 τίς
968 1856 998 1907 ὁ
1021 1853 1192 1908 ταῦτα
1217 1855 1389 1922 λέγων
1415 1855 1586 1918 ἐστὶν,
1614 1855 1752 1908 ἀλλὰ
1775 1858 1855 1919 εἰς
1874 1857 1970 1927 τὴν

2077 1857 2379 1925 sphemiam
2412 1857 2863 1925 interpretantes.
2910 1855 3047 1911 Cum
3083 1857 3251 1926 igitur
3299 1854 3470 1925 669
3501 1854 3645 1908 dice-

412 1939 590 2010 σάρκα
633 1941 800 2011 μόνην
844 1941 1165 2011 βλέποντες,
1205 1945 1520 1998 καταλεύειν
1556 1944 1716 1998 αὐτὸν
1759 1947 1972 2015 ἐπεχεί-

416 2048 558 2103 ρουν,
585 2033 931 2104 βλασφημίας
955 2035 1257 2105 ἐγκλήματι
1279 2035 1714 2106 περιϐάλλοντες.
1743 2037 1840 2090 Διὰ
1865 2038 1972 2107 γὰρ

409 2124 504 2177 τοῦ
535 2125 729 2192 φάναι,
771 2145 791 2177 ι
833 2125 972 2195 Ἐγὼ
1011 2126 1108 2179 καὶ⁹
1135 2129 1164 2180 6
1192 2125 1384 2197 Πατὴρ
1428 2127 1488 2180 ἓν
1524 2128 1689 2198 ἐσμεν
1713 2166 1728 2190 ,
1762 2146 1782 2179 ι
1820 2128 1970 2194 φασὶ,

410 2213 541 2267 Θεὸν
571 2216 792 2269 σεαυτὸν
821 2217 963 2269 κατὰ
983 2216 1144 2284 φύσιν
1171 2220 1373 2279 ποιεῖς’
1425 2217 1584 2270 τοῦτο
1619 2218 1775 2287 μόνον
1797 2217 1973 2271 νοοῦν-

411 2320 503 2366 τες
531 2303 725 2372 ὀρθῶς.
745 2305 1036 2374 Κρείττους
1059 2302 1150 2358 οὖν
1181 2305 1289 2358 τῶν
1321 2305 1550 2359 ἀνοσίων
1590 2305 1877 2378 Ἀρειανῶν
1922 2308 1971 2358 οἱ

424 2395 684 2459 Ἰουδαῖοι,
725 2395 814 2448 τὸν
846 2397 980 2459 ὅλως
1002 2399 1171 2450 εἰπεῖν
1215 2397 1563 2468 θαρσήσαντα
1585 2413 1601 2428 °
1649 2417 1666 2448 ι
1710 2398 1850 2466 Ἐγὼ
1878 2398 1974 2451 καὶ

411 2486 440 2536 6
462 2486 652 2555 Πατὴρ
677 2487 734 2538 ’ἐν
775 2489 960 2556 ἐσμεν,
997 2506 1016 2538 ι
1055 2489 1244 2556 ὥσπερ
1271 2488 1328 2552 ἐξ
1355 2488 1649 2555 ἀναγκαίου
1682 2487 1839 2555 λόγου
1864 2488 1973 2540 λοι-

413 2577 514 2629 πὸν
542 2578 676 2646 πρὸς
706 2578 763 2630 τὸ
789 2578 887 2646 τῆς
913 2577 1163 2647 θεότητος
1193 2578 1498 2631 ἀναϐαίνειν
1534 2578 1753 2646 ἀξίωμα
1793 2579 1975 2632 διαϐε-

413 2667 742 2737 ϐαιούμενοι.
777 2668 902 2730 Πῶς
934 2668 1042 2738 γὰρ
1067 2667 1132 2721 ἂν
1165 2667 1222 2721 ἓν
1260 2669 1491 2738 ὑπάρχοι
1529 2668 1664 2737 πρὸς
1702 2668 1790 2720 τὸν
1817 2670 1974 2736 φύσει

409 2754 562 2818 Θεὸν,
592 2755 620 2806 6
653 2754 725 2824 μὴ
755 2755 910 2807 τοῦτο
941 2757 1236 2826 ὑπάρχων;
1291 2756 1506 2826 Ἐπειδὴ
1532 2756 1588 2808 δὲ
1611 2757 1668 2808 οὐ
1700 2756 1972 2825 ψεύδεται,

411 2845 552 2898 κατὰ
594 2845 753 2913 φύσιν
785 2847 892 2916 ἄρα
936 2846 1028 2898 καὶ
1063 2846 1224 2908 αὐτὸς
1258 2846 1518 2915 ὑπάρχων
1563 2844 1726 2910 Θεὸς,
1763 2846 1821 2900 ἓν
1860 2849 1976 2900 ἐστι

413 2936 547 3007 πρὸς
583 2937 674 2990 τὸν
697 2939 946 3008 Πατέρα’
983 2940 1012 2991 6
1040 2938 1096 2990 δὲ
1116 2938 1354 3000 τοιοῦτος
1384 2936 1502 3001 πῶς
1537 2936 1604 2990 ἂν
1635 2938 1717 3007 εἴη
1751 2939 1976 3008 γενητὸς

411 3027 444 3098 ἢ
475 3043 670 3096 πεποιη
681 3027 866 3095 μένος;

413 3117 540 3174 dum
581 3127 830 3173 naturam
881 3120 996 3187 ipse
1030 3117 1170 3172 Deus
1197 3118 1495 3181 exsistens,
1529 3133 1701 3172 unum
1763 3127 1848 3173 est
1877 3132 2001 3172 cum

414 3209 612 3270 fuerit?

491 3301 632 3372 Ἐγὼ
657 3299 795 3356 εἶπα
815 3318 830 3333 ⁸
875 3303 1010 3357 Θεοί
1037 3301 1198 3368 ἐστε,
1218 3303 1310 3356 καὶ
1335 3303 1404 3357 τὰ
1435 3303 1583 3372 ἑξῆς.

478 3393 592 3446 Νῦν
631 3393 869 3463 ἐλέγχων
892 3393 1016 3456 τοὺς
1054 3393 1360 3459 Ἰουδαίους,
1390 3396 1471 3455 ὅτι
1494 3395 1556 3447 οὐ
1582 3393 1669 3446 διὰ
1693 3393 1753 3446 τὸ
1782 3394 1975 3446 εἰπεῖν·

415 3505 436 3538 ι
469 3484 612 3552 Ἐγὼ
635 3484 729 3538 καὶ
750 3486 777 3537 6
803 3483 991 3553 Πατὴρ
1018 3483 1075 3535 ἓν
1100 3486 1288 3553 ἐσμεν,
1335 3503 1352 3536 ι
1381 3484 1622 3548 ὲλίθαζον
1643 3483 1822 3547 αὐτὸν,
1844 3481 1979 3535 ἀλλὰ

415 3577 610 3646 μάτην,
645 3574 826 3643 φησένο
857 3575 941 3639 Εἰ,
973 3575 1200 3646 ἐπείπερ
1234 3569 1386 3627 εἷπον
1407 3575 1641 3644 ἐμαυτὸν
1661 3574 1811 3639 Θεὸν,
1838 3573 1980 3626 δοκῶ

415 3664 777 3733 βλασφημεῖν,
807 3665 948 3717 διατί
976 3665 1070 3716 τοῦ
1103 3666 1318 3733 Πατρὸς
1343 3665 1629 3734 εἰρηκότος
1661 3665 1749 3717 διὰ
1769 3664 1864 3716 τοῦ
1895 3664 1982 3716 νό-

417 3771 517 3824 μου
547 3754 680 3823 πρὸς
716 3756 840 3816 τοὺς
870 3753 1206 3823 ἀνθρώπους,
1260 3755 1381 3806 Θεοί
1413 3757 1556 3819 ἐστε,
1588 3755 1688 3807 οὐκ
1731 3754 1979 3824 ἐκρίνατε

412 3843 568 3896 τοῦτο
607 3840 744 3897 εἶναι
772 3843 1151 3914 βλασφημίαν;
1183 3846 1352 3898 Τοῦτο
1373 3847 1426 3898 δέ
1447 3863 1635 3915 φησιν,
1668 3846 1785 3914 οὐχὶ
1814 3864 1979 3914 προσ-

413 3934 740 4003 καλούμενος
768 3936 962 3998 αύτοὺς
996 3938 1170 3988 εἰπεῖν
1199 3953 1250 3989 τι
1279 3937 1420 3990 κατὰ
1457 3936 1552 3989 τοῦ
1585 3937 1795 4008 Πατρός
1816 3953 1829 3967 ·
1863 3937 1978 3990 ἀλλ’

411 4027 645 4096 ἐλέγχων
673 4028 751 4080 ὃτι
773 4027 863 4079 τὸν
887 4028 1048 4097 νόμον
1067 4027 1321 4095 ἀγνοοῦσι
1345 4027 1437 4080 καὶ
1465 4027 1563 4090 τὰς
1590 4028 1979 4092 θεοπνεύστους

411 4118 649 4186 Γραφάς.
695 4118 913 4187 Ἐπειδὴ
951 4119 1008 4170 δὲ
1055 4119 1164 4172 τῶν
1216 4120 1518 4189 εἰρημένων
1563 4120 1699 4173 θεῶν
1740 4121 1834 4172 καὶ
1884 4119 1977 4173 τοῦ

409 4204 567 4271 φύσει
601 4205 757 4271 Θεοῦ,
789 4206 923 4258 πολὺ
953 4207 1014 4259 τὸ
1041 4207 1236 4276 μέσον,
1267 4207 1333 4260 δι’
1361 4202 1434 4260 ὧν
1468 4209 1616 4276 λέγει
1647 4209 1888 4262 διδάσκει
1918 4209 1978 4261 τὸ

407 4295 657 4365 διάφορον
681 4313 694 4328 '
753 4297 801 4348 εἰ
829 4295 936 4367 γὰρ
984 4299 1034 4348 οἰ
1067 4297 1342 4369 ἄνθρωποι
1392 4299 1528 4369 πρὸς
1567 4298 1659 4362 οὓς
1697 4300 1921 4369 γέγονεν
1950 4300 1978 4351 6

408 4385 496 4438 τοῦ
521 4385 654 4438 Θεοῦ
694 4386 871 4455 λόγος,
912 4388 1024 4441 θεοὶ
1053 4388 1364 4458 κέκληνται,
1397 4390 1491 4443 καὶ
1516 4389 1976 4461 ὲλαμπρύνθησαν

406 4480 472 4548 τῇ
495 4477 594 4547 τῆς
624 4479 876 4548 θεότητος
897 4481 1050 4549 τιμῇ,
1085 4479 1176 4532 τὸν
1208 4479 1303 4534 τοῦ
1338 4479 1471 4532 Θεοῦ
1494 4480 1650 4548 λόγον
1680 4481 1976 4533 εἰσοικισά-

410 4585 558 4638 μενοι
587 4569 682 4620 καὶ
703 4569 1094 4638 εἰσδεδεγμένοι
1118 4570 1258 4623 κατὰ
1300 4571 1499 4641 ψυχὴν,
1528 4570 1643 4633 πῶς
1677 4571 1776 4622 οὐκ
1802 4570 1866 4623 ἂν
1889 4570 1972 4642 εἴη

2076 1954 2158 2002 ret
2187 1965 2200 2000 :
2233 1965 2251 1997 ι
2287 1947 2398 2016 Ego
2428 1956 2481 2002 et
2512 1945 2672 2001 Pater
2701 1961 2868 2001 unum
2903 1963 3116 2010 sumus,
3151 1965 3169 1998 ι
3223 1961 3332 2000 non
3371 1959 3643 2014 cognove—

2077 2043 2206 2090 runt
2233 2036 2358 2104 quis
2387 2047 2534 2090 esset
2561 2036 2655 2106 qui
2699 2038 2804 2091 hoc
2832 2037 3063 2099 diceret,
3094 2036 3187 2090 sed
3221 2034 3276 2088 in
3296 2049 3517 2090 carnem
3548 2048 3640 2088 so-

2077 2124 2186 2177 lam
2216 2125 2583 2187 intendentes,
2626 2127 2860 2182 obruere
2893 2127 3172 2195 lapidibus
3199 2141 3323 2181 eum
3362 2126 3639 2189 volebant,

2077 2217 2436 2286 blasphemiae
2484 2217 2692 2270 crimen
2723 2218 3062 2287 aﬂingentes.
3101 2217 3255 2283 Quod
3297 2218 3438 2270 enim
3486 2215 3642 2270 dixe-

2078 2314 2164 2361 rat
2198 2325 2212 2359 :
2254 2325 2272 2357 ι
2313 2305 2428 2376 Ego
2455 2314 2510 2360 et
2543 2306 2708 2362 Pater
2738 2323 2906 2361 unum
2939 2323 3155 2369 sumus,
3205 2327 3224 2360 ι
3269 2308 3442 2371 aiunt,
3480 2305 3643 2373 Teip-

2078 2412 2200 2452 sum
2230 2395 2397 2451 Deum
2433 2396 2733 2450 secundum
2781 2405 3034 2451 naturam
3071 2396 3224 2459 facis,
3275 2397 3380 2449 hoc
3421 2395 3640 2463 quidem

2078 2487 2253 2542 solum
2287 2495 2435 2542 recte
2478 2486 2882 2542 existimantes.
2938 2486 3127 2556 Itaque
3182 2486 3363 2556 impiis
3421 2483 3642 2538 Arianis

2080 2579 2334 2632 meliores
2363 2585 2492 2633 sunt
2521 2577 2729 2644 Judaei,
2763 2593 2888 2632 eum
2929 2581 3022 2648 qui
3054 2578 3280 2632 omnino
3330 2577 3512 2632 dicere
3545 2590 3644 2628 au-

2080 2685 2175 2724 sus
2226 2667 2428 2732 fuerat,
2477 2686 2496 2719 ι
2545 2668 2662 2738 Ego
2708 2676 2762 2723 et
2794 2668 2960 2724 Pater
2995 2684 3159 2722 unum
3204 2683 3417 2732 sumus,
3461 2686 3479 2718 ι
3519 2673 3642 2718 tan-

2080 2773 2244 2827 quam
2286 2773 2350 2812 ex
2386 2757 2696 2812 necessaria
2737 2756 2949 2811 ratione
2997 2757 3255 2825 deinceps
3306 2758 3370 2807 ad
3419 2753 3641 2808 deitatis

2081 2849 2300 2903 culmen
2364 2849 2667 2904 ascendere
2727 2849 3081 2904 affirmantes.
3154 2845 3439 2913 Quomodo
3492 2845 3643 2900 enim

2081 2953 2250 2992 unum
2283 2952 2406 2990 cum
2459 2947 2657 2992 natura
2701 2937 2811 2992 Deo
2849 2944 3015 3002 esset,
3051 2938 3142 3006 qui
3191 2952 3298 2990 non
3332 2936 3434 2990 hoc
3458 2936 3641 3003 ipsum

2078 3027 2340 3082 haberet?
2374 3029 2514 3094 Quia
2556 3045 2686 3084 vero
2731 3044 2840 3084 non
2885 3031 3169 3092 mentitur,
3214 3029 3401 3097 utique
3445 3038 3642 3080 secun-

2078 3119 2288 3178 Patre:
2341 3124 2434 3192 qui
2478 3138 2606 3178 vero
2651 3122 2919 3194 ejusmodi
2973 3132 3081 3188 est,
3132 3121 3406 3192 quomodo
3461 3118 3640 3174 factus

1997 3306 2040 3363 α
2147 3301 2224 3365 Χ,
2257 3301 2344 3356 54.
2382 3299 2494 3371 Ego
2528 3301 2680 3354 dixi:
2714 3300 2801 3354 Dii
2835 3303 2959 3356 estis
2980 3342 2994 3367 ,
3016 3309 3070 3356 et
3101 3301 3327 3369 reliqua.

2150 3391 2307 3445 Nunc
2363 3391 2704 3460 redarguens
2757 3391 3008 3455 Iudaeos,
3051 3390 3145 3460 qui
3188 3405 3296 3444 non
3353 3397 3642 3459 propterea

2079 3482 2225 3551 quod
2258 3484 2491 3539 dixisset
2517 3485 2576 3552 εξ(
2607 3482 2717 3551 Ego
2739 3492 2793 3537 et
2817 3483 2976 3537 Pater
2999 3499 3168 3536 unum
3197 3497 3424 3542 sumus,
3456 3500 3473 3532 ι
3506 3482 3642 3550 lapi-

2079 3572 2284 3626 dabant
2335 3587 2483 3634 eum,
2535 3570 2632 3624 sed
2678 3571 2907 3634 frustra,
2966 3557 3165 3639 inquit.
3212 3569 3268 3623 Si
3309 3570 3454 3623 enim
3495 3584 3637 3636 quo-

2078 3661 2226 3716 niam
2264 3662 2374 3716 dixi
2417 3662 2685 3730 meipsum
2724 3661 2894 3715 Deum
2923 3699 2938 3724 ,
2980 3661 3170 3714 videor
3225 3659 3637 3727 blasphemare,

2079 3767 2178 3808 cur
2221 3766 2346 3805 cum
2385 3750 2548 3804 Pater
2576 3751 2778 3806 dixerit
2811 3767 2907 3821 per
2934 3751 3103 3820 legem
3136 3750 3203 3802 ad
3229 3750 3482 3804 homines
3507 3789 3520 3813 ,
3556 3747 3638 3801 dii

2078 3843 2212 3897 estis
2232 3880 2247 3904 ,
2287 3857 2395 3895 non
2428 3841 2822 3911 blasphemiam
2852 3855 2975 3895 esse
3001 3839 3341 3908 judicastis?
3370 3837 3483 3891 Hoc
3509 3851 3640 3891 vero

2077 3933 2215 3987 dicit
2262 3947 2372 3986 non
2415 3948 2546 3997 eos,
2595 3940 2658 3984 ut
2703 3930 2910 4000 aliquid
2943 3938 3136 3983 contra
3167 3927 3384 3983 Patrem
3419 3927 3638 3992 dicant,

2079 4024 2351 4088 incitans,
2388 4024 2481 4079 sed
2510 4032 2773 4093 tanquam
2807 4022 2942 4091 legis
2971 4030 3025 4075 et
3061 4035 3344 4076 sacrarum
3389 4017 3641 4087 Scriptu-

2077 4127 2262 4166 rarum
2313 4112 2533 4181 ignaros
2580 4113 2942 4166 convincens.
2997 4107 3458 4177 Quandoquidem
3507 4122 3640 4162 vero

2079 4203 2223 4255 inter
2252 4202 2433 4256 dictos
2464 4203 2596 4256 deos
2625 4208 2678 4256 et
2706 4200 2874 4256 Deum
2910 4209 3109 4252 natura
3144 4213 3404 4266 magnum
3435 4197 3641 4251 discri-

2079 4309 2200 4347 men
2229 4302 2334 4357 est,
2359 4293 2740 4356 differentiam,
2769 4307 2864 4360 per
2890 4291 3004 4344 haec
3025 4304 3146 4358 quae
3173 4289 3341 4350 dicit,
3363 4288 3638 4342 ostendit:

2078 4383 2124 4436 si
2159 4384 2303 4436 enim
2339 4383 2591 4438 homines
2625 4383 2691 4436 ad
2723 4397 2864 4449 quos
2903 4396 3084 4436 sermo
3128 4379 3218 4434 Dei
3263 4379 3484 4434 habitus
3511 4387 3639 4443 est,

2077 4472 2150 4526 dii
2183 4474 2359 4526 vocati
2401 4480 2570 4536 sunt,
2611 4480 2665 4526 et
2707 4470 2935 4524 deitatis
2976 4470 3187 4523 honore
3223 4470 3502 4534 decorati,
3547 4466 3641 4521 Dei

2076 4567 2243 4618 verbo
2279 4566 2421 4618 intra
2462 4565 2704 4617 animam
2749 4571 3009 4630 recepto,
3054 4560 3332 4630 quomodo
3375 4576 3486 4614 non
3538 4559 3643 4613 erit

407 4657 736 4726 φύσειΘεὸς,
768 4660 796 4710 6
833 4656 899 4710 δι’
931 4658 988 4711 ὃν
1043 4661 1238 4712 ἐκεῖνοι
1300 4661 1447 4726 θεοί;
1489 4660 1622 4720 Θεὸς
1684 4660 1790 4729 γὰρ
1839 4655 1905 4729 ἦν
1946 4663 1972 4713 6

2080 4667 2271 4712 natura
2302 4655 2444 4709 Deus
2475 4655 2521 4708 is
2555 4669 2650 4722 per
2674 4668 2835 4722 quem
2871 4652 2950 4704 illi
2977 4652 3094 4706 dii?
3122 4671 3138 4702 ι
3174 4652 3316 4706 Deus
3345 4654 3490 4706 enim
3523 4657 3642 4702 erat

405 4748 594 4817 Λόγος,
629 4747 771 4802 κατὰ
786 4749 881 4818 τὴν
933 4749 1179 4803 Ἰωάννου
1213 4751 1398 4820 φωνήν
1423 4767 1436 4781 ο
1474 4753 1502 4802 ὁ
1536 4751 1629 4802 καὶ
1658 4753 1770 4809 τοῖς
1794 4750 1970 4812 ἄλλοις

403 4838 559 4890 τοῦτο
606 4839 944 4909 προξενήσας
989 4840 1051 4892 τὸ
1093 4840 1366 4910 λαμπρόν.
1407 4841 1469 4893 Εἰ
1512 4840 1621 4911 γὰρ
1653 4844 1682 4895 6
1710 4841 1805 4894 τοῦ
1834 4841 1968 4894 Θεοῦ

404 4929 574 4996 Λόγος
599 4929 686 4982 διὰ
701 4931 794 4983 τοῦ
815 4930 970 4997 ἁγίου
999 4930 1315 5001 Πνεύματος
1337 4933 1524 4999 ἀνάγει
1547 4933 1680 5003 πρὸς
1709 4933 1806 5003 τὴν
1831 4934 1969 5004 ὑπὲρ

405 5018 687 5088 ἄνθρωπον
719 5021 897 5090 χάριν,
926 5021 1020 5074 καὶ
1057 5024 1394 5090 κατακοσμεῖ
1428 5022 1580 5092 θεῖκῇ
1607 5026 1736 5093 τιμῇ
1757 5025 1882 5086 τοὺς
1915 5029 1971 5079 ἐν

403 5104 484 5172 οἷς
517 5109 583 5163 ἂν
612 5111 838 5177 γένοιτο,
873 5112 962 5164 διὰ
980 5113 1052 5176 τί,
1073 5114 1230 5182 φησὶ,
1270 5114 1480 5181 λέγετε,
1514 5116 1595 5168 ὅτι
1647 5115 1967 5185 βλασφημῶ,

403 5198 574 5267 λέγων
597 5202 832 5270 ἐμαυτὸν
862 5202 987 5254 Υἰὸν
1015 5203 1149 5257 Θεοῦ
1206 5205 1300 5257 καὶ
1337 5204 1502 5267 Θεόν;
1539 5206 1753 5276 Καίπερ
1799 5207 1865 5257 δι’
1895 5199 1970 5258 ὧν

405 5289 775 5360 ὲνεχειρίσθην
833 5296 963 5366 παρ’
1015 5294 1179 5347 αὐτοῦ
1230 5296 1673 5365 μαρτυρούμενος
1719 5297 1968 5359 ὅτιθεὸς

405 5381 518 5448 εἰμι
541 5380 718 5448 φύσει.
767 5383 1025 5450 ’Δγιάσας
1060 5385 1166 5457 γάρ
1199 5403 1267 5456 με
1305 5386 1622 5439 ἀπέστειλεν
1645 5391 1724 5450 εἰς
1767 5387 1856 5440 τὸν
1881 5394 1970 5441 κό-

408 5485 542 5539 σμον
569 5472 796 5541 Σωτῆρα
822 5473 915 5528 τοῦ
951 5475 1188 5545 κόσμου·
1245 5478 1382 5548 ὅπερ
1437 5477 1599 5546 μόνου
1646 5480 1763 5530 ἐστί
1809 5478 1966 5545 φύσει

404 5558 557 5623 Θεοῦ,
591 5560 651 5612 τὸ
679 5561 936 5617 δύνασθαι
957 5550 1182 5629 διασῶζε
1195 5584 1240 5619 ιν
1269 5568 1332 5620 ἐκ
1352 5567 1444 5620 τοῦ
1477 5567 1720 5621 διαϐόλου
1755 5569 1845 5622 καὶ
1873 5569 1969 5637 τῆς

474 5739 513 5768 ”
548 5737 701 5793 Joan.
735 5756 773 5797 ι,
816 5742 862 5800 I,

2081 4751 2348 4808 Verbum.
2379 4747 2581 4816 ijuxta
2629 4745 2896 4800 Joannem
2950 4746 3016 4810 ”,
3057 4745 3150 4814 qui
3201 4752 3253 4798 et
3304 4744 3427 4797 aliis
3475 4742 3642 4810 hujus

2075 4840 2384 4910 splendoris
2409 4837 2736 4892 conciliator
2761 4851 2826 4890 ac
2864 4837 3116 4906 pararius
3154 4835 3274 4888 fuit.
3303 4833 3358 4887 Si
3381 4833 3524 4887 enim
3549 4831 3643 4886 Dei

2077 4932 2321 4986 Verbum
2350 4946 2448 4999 per
2476 4929 2736 4999 Spiritum
2774 4937 3024 4982 sanctum
3049 4928 3113 4980 ad
3142 4928 3374 4997 gratiam
3403 4926 3642 4981 hominis

2076 5019 2390 5074 conditione
2431 5017 2692 5086 majorem
2724 5016 2943 5080 evehit,
2979 5025 3032 5069 et
3073 5016 3281 5067 honore
3314 5012 3500 5067 divino
3546 5028 3642 5066 eos

2077 5111 2447 5182 quibusinest
2520 5110 2804 5164 illustrat:
2852 5122 3156 5178 quorsum,
3203 5105 3414 5172 inquit,
3459 5103 3642 5158 dicitis

2075 5220 2163 5258 me
2218 5201 2626 5270 blasphemare,
2687 5215 2813 5254 cum
2867 5200 2993 5252 dico
3048 5211 3131 5248 me
3183 5196 3380 5247 Filium
3445 5195 3535 5248 Dei
3589 5202 3642 5247 et

2078 5294 2284 5357 Deum,
2330 5293 2580 5361 quamvis
2609 5307 2670 5345 ex
2706 5291 2775 5345 iis
2808 5304 2930 5358 qua:
2963 5287 3092 5338 ιιίἰιιὶ
3128 5287 3198 5340 ab
3232 5301 3298 5340 eo
3340 5285 3642 5340 commissa

2077 5393 2205 5438 sunt
2237 5382 2371 5437 satis
2399 5381 2692 5435 testimonii
2712 5379 2923 5432 dederit
2952 5392 3036 5429 me
3059 5391 3184 5430 esse
3204 5389 3401 5431 natura
3428 5377 3641 5431 Deum?

2075 5474 2177 5529 Ubi
2208 5474 2350 5528 enim
2385 5489 2469 5526 me
2503 5468 2867 5527 sanctificat-it
2890 5507 2904 5530 ,
2939 5467 3088 5519 misit
3122 5467 3177 5520 in
3212 5467 3476 5522 mundum
3509 5464 3640 5517 Ser-

2078 5573 2319 5619 vatorem
2349 5563 2571 5626 mundi,
2597 5559 2742 5632 quod
2774 5561 2936 5613 unius
2964 5567 3048 5612 cst
3073 5566 3272 5613 natura
3307 5558 3399 5612 Dei
3423 5595 3437 5620 ,
3476 5567 3642 5623 posse
