4106 6262
462 388 531 447 17
870 432 875 435 -
1479 397 1537 455 S.
1568 396 1852 453 CYR‘ILLl‘
1881 396 2361 453 ALEXANDRINI‘
2382 394 2702 452 ARCHIEP.

3625 394 3709 450 es!

462 500 715 557 homines
743 515 773 555 ι
803 500 1023 558 diabolo
1049 512 1103 559 et
1133 516 1352 574 peccato
1379 514 1432 563 et
1464 509 1689 564 interitu
1718 509 2023 565 vindicare.

2134 508 2409 580 ἁμαρτίας
2441 507 2669 578 καὶτῆς
2725 504 2932 577 φθορᾶς
2980 505 3106 567 τοὺς
3155 503 3493 575 ἀνθρώπους.
3559 505 3699 560 Ἀλλ’

463 591 571 647 Sed
613 590 846 648 forsitan
878 609 1002 649 cum
1035 595 1221 650 divina
1265 598 1557 668 Scriptura
1598 600 1750 654 dicat
1790 614 1821 653 a
1866 598 2031 655 Patre

459 682 659 739 Filium
693 700 820 739 esse
863 685 1094 740 missum
1121 729 1137 753 ,
1181 689 1367 744 statim
1408 689 1705 746 haereticus
1731 690 2028 745 dictionem

459 772 517 827 in
548 773 636 828 sui
666 773 872 828 erroris
904 776 1161 841 pabulum
1188 778 1383 848 arripit
1402 819 1416 844 ,
1446 786 1500 834 et
1528 780 1751 835 omnino
1779 780 2031 836 dicturus

460 870 586 929 est,
612 880 714 919 vos
743 866 834 934 qui
877 865 1076 925 Fiﬁum
1109 867 1273 925 Patre
1320 872 1589 926 minorem
1637 872 1821 928 dicere
1864 888 2032 928 recu-

463 955 641 1019 satis,
675 957 951 1026 qnomodu
981 956 1107 1012 non'
1146 960 1341 1016 videtis
1389 962 1458 1016 ab
1508 976 1578 1016 eo
1627 963 1855 1019 missum
1900 970 2028 1019 tan-
2074 980 2077 981 '

459 1059 624 1113 quam
671 1047 740 1100 ab
790 1049 977 1118 aliquo
1012 1051 1221 1119 majore
1253 1054 1419 1124 67o
1451 1068 1516 1108 ac
1551 1055 2036 1124 supereminente?

458 1125 598 1192 Quid
649 1143 783 1199 ergo
825 1130 1110 1198 dicemus,
1147 1136 1255 1191 nisi
1304 1137 1454 1207 quod
1495 1139 1784 1195 missionis
1830 1155 2029 1196 nomen

457 1215 623 1270 modo
657 1226 712 1273 et
743 1222 1045 1276 conditioni
1093 1224 1387 1281 inanitatis
1422 1230 1660 1281 maxime
1693 1232 1987 1285 conveniat
2009 1231 2039 1285 ξι

456 1307 631 1364 Audis
663 1312 807 1364 enim
839 1321 896 1365 ut
929 1312 1139 1370 Paulus
1183 1318 1298 1370 ista
1338 1318 1448 1372 duo
1479 1318 1822 1390 coniungens
1849 1322 2029 1387 dicat,

457 1407 590 1452 tunc
621 1402 851 1456 missum
883 1419 912 1457 a
941 1403 1099 1460 Patre
1132 1405 1333 1461 Filium
1355 1450 1369 1474 ,
1396 1409 1619 1478 quando
1648 1409 1829 1466 factus
1853 1420 1938 1466 est
1964 1428 2028 1468 ex

458 1494 689 1550 muliere
709 1535 723 1558 ,
757 1506 809 1550 et
840 1497 946 1552 sub
976 1498 1147 1568 legem
1178 1499 1468 1554 nobiscum
1505 1501 1656 1554 venit
1691 1503 1755 1567 “',
1790 1503 1921 1557 licet
1952 1505 2032 1558 le-

458 1585 694 1653 gislator
736 1588 1012 1644 exsistens
1056 1597 1112 1643 et
1144 1588 1410 1645 Dominus
1456 1592 1520 1644 '°.
1566 1591 1625 1645 Si
1663 1607 1799 1647 vero
1831 1594 2033 1649 intelli-

455 1686 620 1746 gatur
646 1686 809 1733 natus
836 1679 891 1732 in
932 1680 1075 1735 servi
1127 1679 1303 1734 forma
1351 1679 1551 1744 Filius,
1580 1682 1779 1737 deinde
1818 1684 2032 1739 dicatur

455 1767 665 1823 missus
706 1783 734 1821 a
775 1771 974 1833 Patre,
1026 1771 1237 1824 nullum
1286 1772 1513 1827 omnino
1548 1774 1674 1828 inde
1700 1775 1903 1844 accipit
1935 1775 2030 1831 de-

455 1856 779 1913 trimentum
820 1900 835 1923 ,

457 1946 630 2016 gloria
662 1964 783 2018 par,
816 1951 1079 2021 nullaque
1112 1968 1173 2007 re
1207 1969 1436 2024 prorsus
1472 1956 1819 2012 imminutus.
1854 1956 2028 2014 Voces

454 2036 726 2106 siquidem
772 2048 976 2095 nostrae
1007 2042 1055 2096 si
1083 2042 1151 2097 de
1182 2041 1296 2098 Deo
1336 2044 1722 2111 enuntientur,
1751 2060 1859 2099 non
1892 2045 2028 2101 adeo

452 2135 771 2181 accuratum
801 2144 1030 2184 examen
1060 2132 1361 2186 admittunt
1380 2172 1394 2197 ,
1426 2149 1529 2189 nec
1553 2149 1647 2191 eas
1672 2136 1927 2205 accipere
1953 2140 2026 2189 ita

451 2225 670 2284 oportet
707 2226 767 2272 ut
795 2234 863 2274 ex
892 2231 1080 2274 nostra
1113 2223 1516 2281 consuetudine
1547 2234 1752 2283 sonant
1779 2266 1793 2290 ,
1828 2227 1923 2283 sed
1965 2233 2027 2280 ut

449 2307 651 2363 divinae
702 2326 1084 2382 suprema‘que
1123 2325 1338 2370 naturae
1363 2318 1646 2371 convenit.
1671 2319 1815 2384 Quid
1842 2320 1986 2373 enim
2008 2356 2027 2381 ,

450 2397 497 2452 si
526 2398 768 2451 hominis
801 2400 984 2467 lingua
1009 2418 1119 2454 non
1146 2404 1311 2458 habet
1335 2421 1500 2461 voces
1524 2408 1591 2460 ad
1615 2410 2024 2464 enarrationem

448 2487 649 2540 divinae
669 2487 852 2555 gloria:
867 2488 1119 2545 idoneas?
1138 2492 1323 2556 Quare
1336 2496 1640 2549 absurdum
1663 2506 1771 2564 est,
1799 2508 2025 2569 propter

451 2578 709 2631 humana:
742 2578 940 2647 linguae
970 2579 1344 2637 inﬁrmitatem
1372 2592 1426 2639 et
1459 2586 1720 2642 dictionis
1757 2588 2024 2658 jejunita-

457 2674 568 2721 tem
630 2682 694 2722 ac
747 2669 1024 2739 inopiam,
1084 2687 1356 2742 supremae
1430 2677 1784 2744 coelestisque
1837 2680 2024 2750 gloria:

445 2759 799 2813 eminentiam
850 2763 990 2818 laedi.
1036 2763 1350 2820 Memineris
1389 2768 1705 2837 Salomonis
1744 2772 2020 2829 dicentis:

452 2869 472 2902 ι
497 2846 682 2904 Gloria
715 2851 926 2907 Domini
957 2855 1204 2911 occultat
1230 2872 1598 2913 sermonem»
1618 2860 1851 2918 Curiose
1874 2865 2020 2919 enim

445 2939 786 3008 inquirentes
809 2943 1026 2999 Domini
1051 2947 1280 3017 gloriam
1300 2989 1314 3013 ,
1336 2949 1547 3005 similes
1569 2951 1682 3007 illis
1710 2967 1905 3008 sumus
1929 2954 2021 3023 qui

445 3032 630 3102 palmo
663 3034 859 3087 cmlum
890 3038 1068 3092 metiri
1103 3039 1295 3094 volunt
1328 3042 1394 3096 ιτ.
1426 3040 1599 3113 igitur
1627 3059 1750 3098 cum
1782 3044 2022 3099 humano

446 3136 598 3175 more
624 3125 832 3192 aliquid
860 3125 1070 3182 dicitur
1098 3131 1165 3185 de
1210 3130 1322 3187 Deo
1343 3175 1357 3198 ,
1387 3135 1692 3203 accipiatur
1718 3144 1779 3190 ut
1808 3138 1875 3191 de
1905 3136 2015 3192 Deo

2132 600 2261 663 ἴσως
2281 601 2409 654 ὅταν
2440 602 2473 671 η
2501 599 2620 652 θεία
2652 597 2842 668 Γραφὴ
2890 596 3045 666 λέγῃ,
3073 595 3223 666 παρά
3246 596 3340 650 τοῦ
3360 596 3572 668 Πατρὺς
3591 597 3713 653 ἀπε-ι

2130 690 2385 745 εστάλθαι
2418 690 2510 744 τὸν
2548 689 2700 755 Υίὺν,
2729 686 2891 750 εὐθὺς
2923 689 2952 741 ὁ
2972 687 3246 758 αἱρετικὺς
3275 686 3480 758 τροφὴν
3516 689 3581 758 τῇ
3620 686 3700 741 cl—

2130 784 2254 857 κείᾳ
2286 783 2461 855 πλάνῃ
2507 785 2740 836 ποιεῖται
2766 781 2863 852 τὴν
2887 778 3048 843 λέξιν.
3087 780 3202 849 ὲρεί
3242 777 3299 831 δέ
3341 795 3443 831 που
3481 777 3703 842 πάντως

2129 875 2211 928 ὅτι
2236 875 2395 945 ὑμεῖς
2413 875 2462 927 οἱ
2483 870 2906 946 παραιτούμενοι
2938 869 3119 937 λέγειν
3160 867 3253 921 τὸν
3282 866 3412 921 Υίδν
3442 866 3703 920 ἐλάττονα

2130 965 2222 1019 τοῦ
2258 966 2492 1035 Πατρὸς,
2524 963 2641 1026 πῶς
2665 965 2764 1033 οὐχ
2794 962 2957 1033 ὁρᾶτε
2985 962 3114 1030 παρ’
3147 958 3312 1014 αὑτοῦ
3347 958 3700 1030 πεμπόμενον

2128 1057 2205 1120 ὣς
2236 1055 2389 1127 παρά
2418 1053 2680 1125 μείζονος.
2706 1069 2851 1116 τινος
2887 1052 2982 1107 καὶ
3021 1050 3450 1131 ὑπερκειμένου;
3496 1050 3561 1103 Τί
3603 1046 3698 1103 οὖν

2130 1145 2457 1218 ἑροῦμεν;ῆ
2503 1146 2585 1199 ὅτι
2640 1143 2703 1197 τὸ
2748 1144 2848 1214 τῆς
2879 1141 3183 1211 ἀποστολῆς
3227 1141 3419 1210 ϐνομα,
3467 1140 3701 1211 μάλιστα

2133 1239 2234 1309 μὲν
2271 1237 2483 1309 πρέπει
2522 1237 2636 1299 τοῖς
2674 1235 2774 1306 τῆς
2829 1232 3109 1297 κενώσεως
3156 1232 3407 1302 μέτροις;
3455 1232 3698 1297 Ἀκούεις

2129 1329 2238 1400 γάρ
2267 1329 2349 1381 ὅτι
2390 1328 2673 1380 συνάπτων
2708 1325 2737 1376 ὁ
2773 1324 2986 1387 Παῦλος
3024 1323 3328 1393 ἀμφότερα,
3380 1322 3502 1375 τότε
3535 1323 3716 1391 φησὶν.

2132 1417 2468 1473 ἀπεστάλθαι
2495 1416 2644 1487 παρά
2670 1415 2764 1469 τοῦ
2792 1414 3003 1486 Πατρὸς
3030 1415 3122 1468 τὸν
3153 1415 3281 1467 Υιὺν
3301 1456 3316 1481 ,
3355 1415 3443 1467 ὅτε
3483 1415 3577 1467 καὶ
3606 1413 3699 1480 γέ-

2131 1525 2288 1578 γονεν
2312 1509 2377 1560 ὲκ
2404 1505 2664 1576 γυναικὸς
2690 1507 2788 1559 καὶ
2824 1504 2929 1557 ὑπὸ
2956 1504 3118 1574 νόμον
3160 1504 3237 1568 ὡς
3264 1504 3546 1574 ἄνθρωπος
3578 1502 3715 1573 μεθ’·

2131 1598 2306 1669 ἡμῶν,
2336 1598 2513 1651 καίτοι
2538 1594 2837 1666 νομοθέτης
2863 1593 2941 1647 ὢν
2974 1594 3068 1648 καὶ
3099 1593 3324 1665 Κύριος.
3348 1594 3412 1645 Et
3447 1593 3505 1647 δὲ
3528 1596 3706 1648 νοοῖτο

2130 1689 2368 1760 γεγονὼς
2400 1689 2457 1742 ὲν
2485 1690 2552 1759 τῇ
2588 1686 2775 1741 δούλου
2800 1690 2979 1757 μορφῇ
3001 1690 3030 1740 ὁ
3049 1686 3194 1751 Υἱὸς,
3227 1682 3345 1740 εἷτα
3369 1686 3694 1740 ἀποστέλλε-

2134 1779 2257 1833 σθαι
2298 1779 2509 1847 λέγοιτο
2534 1777 2681 1849 παρά
2706 1776 2799 1830 τοῦ
2824 1777 3056 1846 Πατρδς,
3081 1776 3234 1831 οὐδὲν
3274 1776 3410 1841 ὅλως
3437 1776 3696 1847 ὑπομένει

895 1860 1258 1918 nihilominus
1315 1863 1365 1919 ei
1418 1865 1916 1922 consubstantialis
1974 1876 2023 1922 et

2126 1871 2187 1922 τὸ
2215 1869 2429 1939 βλάϐος,
2456 1870 2536 1932 εἰς
2578 1869 2638 1921 τὸ
2660 1863 2797 1921 εἶναι
2822 1868 2918 1920 καὶ
2940 1867 3222 1938 ἀμοούσιος
3249 1868 3396 1938 αὐτῷ
3447 1868 3538 1922 καὶ
3587 1868 3703 1923 ίσοει

2126 1961 2289 2030 κλεὴς
2326 1961 2421 2013 καὶ
2445 1960 2564 2013 κατ’
2593 1958 2742 2012 οὐδὲν
2782 1958 2918 2022 ὅλως
2960 1957 3458 2029 μειονεκτούμενος.
3494 1959 3559 2011 Αἱ
3585 1957 3711 2027 γάρ..

2124 2068 2208 2105 τοι
2232 2049 2406 2115 λέξεις
2429 2051 2484 2104 αἱ
2518 2048 2647 2120 παρ’
2683 2048 2839 2119 ἡμῶν
2864 2050 2914 2102 εί
2959 2048 3089 2119 περὶ
3112 2048 3249 2102 Θεοῦ
3279 2047 3690 2118 προσφέροιντο,

2126 2144 2224 2216 τὴν
2248 2140 2449 2213 ἀκριϐῆ
2477 2140 2871 2212 παραιτοῦνται
2892 2138 3126 2209 βάσανον
3146 2156 3160 2171 ο
3196 2138 3302 2210 χρὴ
3324 2140 3385 2192 δὲ
3405 2138 3572 2201 αὐτὰς
3594 2137 3692 2207 οὐχ

2126 2235 2267 2288 οὕτω
2298 2236 2437 2287 νοεῖν
2482 2231 2624 2285 κατά
2658 2232 2757 2301 τὴν
2789 2231 2845 2283 ἐν
2890 2233 3023 2300 ἡμῖν
3054 2231 3338 2302 συνήθειαν
3381 2230 3540 2299 λέγω,
3576 2229 3709 2285 ἀλλ”

2124 2324 2299 2388 ὡς’ἃν
2330 2324 2466 2393 αὑτῇ
2511 2322 2708 2391 πρέποι
2733 2323 2799 2393 τῇ
2827 2321 2947 2393 θείᾳ
2989 2322 3082 2375 καὶ
3114 2322 3392 2394 ὑπερτάτη
3424 2321 3602 2391 φύσει.
3628 2321 3694 2375 Τί

2124 2417 2253 2487 γὰρ,
2272 2418 2320 2469 ει
2342 2415 2418 2485 μὴ
2447 2413 2559 2485 ἔχει
2577 2413 2761 2483 φωνὰς
2788 2414 2822 2485 ἡ
2846 2413 3135 2488 ἀνθρώπου
3161 2413 3375 2482 γλῶττα
3391 2413 3693 2484 δυναμένας

2124 2507 2353 2579 ἀρκέσαι
2384 2508 2449 2577 τῇ
2489 2505 2609 2577 θείᾳ
2641 2504 2768 2577 δόξῃ
2813 2505 2952 2574 πρὸς
2994 2504 3289 2575 ὲξήγησιν;
3339 2505 3491 2557 Ἐστι
3514 2503 3694 2557 τοίνυν

2122 2600 2322 2652 ἄτοπον
2350 2598 2436 2651 διὰ
2458 2598 2557 2666 τὴν
2581 2595 2682 2665 τῆς
2732 2593 3079 2665 ἀνθρωπίνης
3136 2593 3380 2664 γλώττης
3409 2595 3694 2648 ἀσθένειαν

2124 2689 2217 2744 καὶ
2248 2689 2346 2758 τὴν
2375 2689 2432 2740 ὲν
2454 2685 2596 2750 λέξει
2625 2684 2917 2754 πτωχείαν,
2944 2686 3043 2753 τῆς
3077 2686 3336 2738 ἀνωτάτω
3373 2686 3561 2736 πασῶν
3593 2685 3694 2736 δό-

2125 2778 2220 2849 ξης
2243 2775 2541 2832 ἀδικεῖσθαι
2570 2773 2668 2846 τὴν
2693 2773 2987 2844 ὑπεροχήν.
3011 2772 3274 2842 Μέμνησο
3299 2771 3393 2825 τοῦ
3416 2771 3694 2839 Σολομῶνα

2120 2888 2212 2933 τος
2234 2868 2482 2938 λέγοντος
2503 2884 2518 2899 -
2555 2886 2574 2920 ι
2613 2866 2749 2932 Δόξα
2770 2866 2977 2935 Κυρίου
3012 2863 3243 2934 κρύπτει
3269 2862 3446 2931 λόγον.
3482 2881 3502 2915 ι
3527 2863 3692 2934 Περι-

2124 2961 2475 3033 εργαζὸμενοι
2514 2957 2624 3028 γὰρ
2678 2954 2923 3028 ἀκριϐῶς
2978 2955 3076 3023 τὴν
3126 2955 3220 3008 τοῦ
3258 2953 3466 3025 Κυρίου
3511 2953 3721 3022 δόξαν,·

2122 3052 2378 3121 ἐοίκαμεν
2405 3050 2517 3112 τοῖς
2540 3048 2780 3102 ἐθέλουσι
2809 3046 3055 3117 σπιθαμῇ
3105 3046 3381 3117 μετρῆσαι
3407 3045 3500 3098 τὸν
3522 3046 3693 3117 ούρα-

2121 3143 2231 3198 νόν.
2267 3140 2477 3195 Οὐκοῦν
2508 3141 2635 3194 ὅταν
2662 3138 3015 3209 ἀνθρωπίνων
3049 3155 3101 3191 τι
3126 3136 3350 3206 λέγηται
3378 3138 3506 3208 περὶ
3531 3137 3687 3205 Θεοῦ,

442 3215 716 3267 convenit.
739 3213 880 3280 Quid
903 3218 1051 3272 enim
1077 3235 1207 3290 agas
1230 3238 1357 3277 eum
1380 3224 1571 3280 audias
1592 3235 1882 3281 canentem
1910 3226 2018 3279 Da-

2123 3232 2345 3288 νοείσθω
2368 3231 2707 3302 θεοπρεπῶς.
2747 3231 2902 3285 Ἐπεὶ
2931 3230 2984 3283 τί
3014 3230 3257 3300 ποιήσεις
3295 3229 3421 3282 ὅταν
3452 3229 3690 3301 ἀκούσῃς
3780 3272 3789 3276 -

444 3304 658 3361 videm:
688 3325 706 3357 ‹
732 3305 835 3373 Qui
868 3308 1028 3365 sedes
1059 3325 1227 3381 super
1246 3313 1560 3380 Cherubin),
1589 3330 1816 3385 appare,
1842 3319 2021 3372 excita

443 3402 765 3464 potestatem
809 3407 983 3464 tuam,
1011 3411 1065 3455 et
1109 3404 1230 3457 veni
1274 3404 1340 3457 ad
1383 3405 1711 3459 servandum
1756 3422 1856 3461 nos
1902 3409 1970 3461 ³⁸.
1997 3428 2016 3461 ι

443 3485 732 3551 Quomodo
755 3491 900 3544 enim
931 3492 1083 3547 sedet
1109 3492 1254 3563 quod
1279 3502 1363 3548 est
1386 3498 1814 3564 incorporeum?
1840 3498 1905 3551 Et
1930 3498 2017 3552 ubi

444 3586 528 3632 est
556 3579 800 3635 universi
834 3580 983 3636 Deus
1008 3622 1022 3647 ,
1055 3600 1220 3654 quem
1253 3593 1314 3638 ut
1340 3585 1530 3641 veniat
1557 3587 1623 3639 ad
1652 3601 1754 3642 nos
1786 3588 2017 3655 invitat,

444 3667 716 3725 dicentem
743 3673 948 3742 alioqui
979 3689 1074 3744 per
1100 3677 1451 3744 prophetam:
1477 3695 1495 3728 ‹
1520 3674 1778 3748 Nunquid
1816 3680 2018 3735 coelum

444 3768 499 3813 et
523 3769 723 3813 terram
756 3778 856 3831 ego
886 3766 1108 3835 impleo,
1134 3768 1272 3822 dicit
1301 3768 1570 3826 Dominus
1590 3773 1702 3825 "1?»
1722 3770 2019 3838 Quomodo

447 3852 617 3920 igitur
671 3856 855 3906 veniat
901 3858 965 3907 ad
1015 3872 1119 3911 nos
1169 3859 1265 3927 qui
1300 3862 1482 3916 omnia
1537 3863 1772 3932 implet?
1803 3862 2018 3919 Rursus

446 3944 713 4012 scriptum
768 3955 852 4001 est
904 3948 1100 4003 turrim
1145 3950 1202 4004 in
1250 3953 1451 4006 cmlum
1500 3951 1881 4023 magnitudine
1923 3967 2016 4009 as-

446 4044 754 4103 surgentem
781 4038 1047 4104 quosdam
1074 4040 1345 4097 {ediﬁcare
1372 4057 1683 4113 aggressos;
1711 4052 1763 4098 et
1788 4044 2032 4104 descen-.

445 4125 522 4178 dit
565 4125 829 4183 Dominus
870 4138 929 4183 ut
963 4132 1171 4188 videret
1206 4135 1396 4189 urbem
1435 4142 1488 4189 et
1523 4136 1719 4189 turrim
1744 4176 1759 4199 ,
1793 4144 1846 4191 et
1881 4136 2018 4191 dixit

448 4213 743 4273 Dominus:
765 4221 1061 4290 «Agedum,
1082 4223 1480 4293 descendentes
1506 4225 1916 4282 conluudamus
1931 4244 2017 4283 eo-

454 4323 573 4361 rum
616 4311 832 4380 linguas
876 4315 1023 4369 illico
1063 4317 1128 4369 ”.
1161 4335 1178 4368 ι
1209 4316 1496 4383 Quomodo
1518 4317 1804 4373 descendit
1827 4318 2014 4373 Domi-

445 4414 580 4464 nus,
611 4404 691 4455 vel
728 4418 833 4471 qua
882 4407 1095 4461 ratione
1139 4418 1327 4463 sancta
1370 4407 1619 4462 Trinitas
1673 4410 1911 4479 seipsam
1947 4411 2012 4465 ad

443 4494 771 4549 descensum
805 4498 1057 4552 hortatur
1080 4498 1104 4551 ?
1130 4498 1269 4564 Quid
1295 4515 1457 4564 vero,
1485 4500 1577 4555 die
1605 4500 1740 4553 mihi
1764 4541 1777 4563 ,
1806 4509 1860 4555 ct
1895 4501 2014 4571 ipse

2122 3320 2414 3391 ψάλλοντος
2441 3319 2533 3372 τοῦ
2559 3318 2722 3372 Δαϐίδ
2741 3335 2755 3351 ο
2782 3336 2800 3370 ι
2840 3318 2900 3372 Ὀ
2917 3317 3224 3388 καθήμενος
3243 3318 3334 3370 ἐπὶ
3355 3317 3463 3371 τῶν
3485 3319 3688 3389 Χερου-

2122 3411 2257 3481 ϐὶμ,
2303 3409 2599 3479 ὲμφάνηθι,
2637 3408 2910 3479 ἑξέγειρον
2945 3409 3043 3478 τὴν
3079 3408 3395 3462 δυναστείαν
3427 3425 3555 3473 σου,
3596 3409 3703 3463 καὶ

2121 3501 2242 3555 ἐλθὲ
2268 3502 2349 3564 είς
2378 3501 2440 3555 τὸ
2465 3501 2635 3555 σῶσαι
2663 3503 2840 3572 ἡμᾶς;
2872 3519 2891 3551 ο
2924 3500 3050 3563 Πῶς
3075 3500 3184 3570 γὰρ
3216 3500 3446 3569 κάθηται
3467 3500 3527 3552 τὸ
3548 3501 3688 3554 ἀσώ-

2124 3610 2324 3664 ματον;
2358 3592 2468 3646 Ποῦ
2493 3594 2551 3646 δὲ
2577 3593 2703 3647 ὄντα
2723 3592 2830 3646 τῶν
2853 3593 2989 3646 ὅλων
3009 3591 3140 3645 Θεὸν
3165 3592 3299 3662 πρὸς
3330 3593 3481 3662 ἡμᾶς
3499 3589 3698 3659 ἀφικέ-’

2121 3685 2244 3740 σθαι
2295 3684 2604 3757 παρακαλεῖ
2648 3684 2740 3738 τὸν
2790 3683 3018 3751 λέγοντα
3069 3682 3156 3735 διὰ
3205 3680 3311 3735 τῶν
3362 3680 3684 3752 προφητῶν·

2125 3797 2143 3828 ‹
2166 3777 2255 3847 Μὴ
2282 3777 2402 3848 οὐχὶ
2430 3777 2520 3830 τὸν
2541 3775 2765 3847 οὐρανὸν
2781 3775 2875 3827 καὶ
2904 3774 3001 3844 τὴν
3026 3773 3131 3842 γῆν
3153 3770 3260 3838 ἐγὼ
3290 3771 3514 3840 πληρῶ;
3543 3771 3696 3839 λέγει.

2101 3867 2345 3941 Κύριος.
2384 3868 2495 3921 Ποῦ
2518 3868 2698 3921 τοίνυν
2732 3866 2799 3920 ἀν
2827 3864 2955 3936 έλθῃ
2978 3863 3114 3935 πρὸς
3139 3863 3285 3932 ἡμᾶς
3305 3864 3330 3915 ὁ
3358 3862 3531 3916 πάντα
3553 3860 3689 3932 πλη-

2120 3959 2263 4032 ρῶν;
2317 3960 2484 4012 Πάλιν
2533 3958 2884 4028 γέγραπται,
2943 3956 3025 4008 ὅτι
3078 3952 3285 4022 πύργον
3335 3952 3687 4020 οὐρανομήκη

2117 4047 2515 4110 κατεσκεύαζόν
2560 4064 2724 4109 τινες.
2780 4045 2890 4098 Καὶ
2916 4043 3122 4110 κατέϐη
3178 4041 3381 4112 Κύριος
3436 4042 3558 4094 ἰδεῖν
3590 4041 3687 4112 τὴν

2118 4141 2271 4193 πόλιν
2292 4141 2385 4193 καὶ
2410 4139 2499 4191 τὸν
2520 4138 2728 4209 πύργον
2747 4153 2760 4168 ·
2794 4136 2885 4190 καὶ
2909 4131 3029 4188 εἶπε
3057 4133 3260 4207 Κύριος
3277 4151 3289 4164 ο
3334 4152 3353 4184 ι
3383 4132 3547 4185 Δεῦτε
3595 4132 3689 4184 καὶ

2117 4230 2451 4292 καταϐάντες
2503 4229 2819 4299 συγχέωμεν
2869 4226 3050 4279 αὐτῶν
3081 4225 3182 4289 τὰς
3209 4223 3457 4293 γλώσσας
3484 4224 3617 4275 ἐκεῖ.
3661 4242 3682 4274 ι

2117 4321 2224 4374 Ποῦ
2252 4321 2455 4391 κατέϐη
2506 4320 2741 4392 Κύριος;
2787 4318 2970 4390 ἢτίνα
3022 4318 3279 4389 τρόπονὴ
3341 4315 3470 4382 ἁγία
3520 4313 3688 4383 Τριάς

2116 4411 2312 4484 ἑαυτὴν
2336 4413 2415 4474 είς
2442 4411 2667 4465 κάθοδον
2696 4410 3055 4481 παροτρύνει;
3088 4408 3152 4461 Τί
3178 4407 3256 4472 δὲ,
3296 4405 3419 4458 εἰπέ
3448 4422 3558 4474 μοι,
3593 4404 3684 4457 καὶ

2119 4502 2278 4567 αὐτὸς
2307 4503 2333 4556 ὁ
2366 4503 2556 4573 Πατὴρ
2578 4501 2816 4572 πέμπειν
2850 4501 2981 4570 ἡμῖν
3015 4498 3076 4564 ἐξ
3107 4496 3336 4567 οὐρανοῦ
3372 4496 3464 4548 τὸν
3500 4495 3686 4564 Παρά-

444 4583 609 4641 Pater
638 4587 937 4642 missurum
972 4604 1030 4643 se
1066 4590 1227 4644 nobis
1262 4606 1292 4646 e
1325 4591 1468 4644 cmlo
1500 4589 1844 4645 Paracletum
1888 4606 2014 4661 pro-

2123 4594 2312 4665 κλητον
2335 4592 2725 4662 ἐπηγγέλλετος
2767 4591 2878 4644 Ποῦ
2902 4590 3008 4660 γὰρ
3036 4589 3069 4660 ἢ
3100 4587 3261 4641 πόθεν
3298 4586 3573 4656 πέμπεται
3626 4584 3687 4638 τὸ

444 4679 643 4733 misit?
676 4677 775 4733 Ubi
813 4680 960 4733 enim
996 4680 1077 4734 vel
1114 4681 1263 4735 unde
1296 4682 1537 4735 mittitur
1576 4682 1677 4736 hoc
1707 4682 1858 4751 quod
1893 4698 2011 4737 om-

443 4770 534 4823 nia
566 4770 793 4841 implet?
819 4789 839 4821 ‹
872 4768 1115 4839 Spiritus
1142 4772 1285 4825 enim
1315 4772 1528 4825 Domini
1557 4772 1791 4841 replevit
1822 4773 2011 4828 orbem

442 4866 711 4914 terrarum
757 4861 834 4923 ’⁸,
870 4878 889 4910 ι
926 4867 983 4912 ιιι
1017 4860 1284 4930 scriptum
1324 4868 1433 4916 est.
1474 4861 1644 4932 Igitur
1678 4877 1839 4917 voces
1892 4875 2015 4930 quae

442 4950 743 5003 secundum
766 4935 874 5003 'nos
907 4958 1064 5013 sunt,
1092 4951 1403 5020 signiﬁcant
1447 4966 1511 5006 ea
1559 4965 1682 5019 quae
1719 4967 1886 5022 supra
1915 4968 2017 5009 nos

442 5046 607 5104 sunt,
642 5039 688 5094 si
732 5040 800 5094 dc
849 5039 960 5094 Deo
993 5039 1267 5096 dicantur.
1326 5040 1423 5098 Vis
1467 5042 1758 5111 concipere
1808 5043 2017 5113 aliquid

443 5143 628 5183 rerum
662 5130 932 5198 ejusmodi
972 5131 1298 5197 diﬂicilium,
1352 5133 1551 5187 deinde
1600 5133 1698 5187 tibi
1749 5133 1815 5186 ad
1864 5148 2016 5187 com-

442 5222 864 5290 prehensionem
888 5224 1111 5279 animus
1133 5223 1444 5278 imbecillus
1462 5232 1568 5289 est,
1587 5224 1748 5293 idque
1771 5231 1885 5279 tute
1904 5225 2019 5293 ipse

443 5312 659 5367 sentis?
687 5314 759 5368 Ne
791 5317 981 5385 iniquo
1009 5317 1198 5369 animo
1234 5313 1399 5381 feras,
1428 5331 1462 5369 o
1497 5315 1662 5369 homo
1684 5355 1698 5378 ,
1733 5315 1904 5369 fatere
1936 5316 2014 5369 tui

441 5399 616 5468 ipsius
657 5410 868 5456 natura;
903 5404 1279 5457 inﬁrmitatem
1312 5445 1326 5467 ,
1369 5404 1690 5457 memineris
1728 5404 1969 5458 dicentis
1999 5423 2011 5457 :

448 5510 468 5541 ‹
498 5491 747 5547 Fortiora
778 5493 940 5564 671
980 5502 1031 5548 te
1058 5510 1127 5549 ne
1154 5510 1368 5563 quaaras
1401 5494 1448 5525 "
1475 5508 1489 5546 :
1522 5511 1540 5543 ι
1567 5508 1690 5547 cum
1731 5494 1786 5547 in
1823 5495 2012 5549 orbem

441 5583 581 5641 solis
609 5583 831 5638 oculum
861 5582 1110 5651 corporis
1138 5581 1445 5637 intenderis
1464 5619 1480 5647 ,
1507 5582 1691 5634 statim
1726 5569 2013 5646 averteris,

518 5696 560 5727 ’⁸
591 5694 767 5750 Galat.
804 5709 878 5759 Iv,
913 5695 968 5748 4.

431 5764 494 5825 .¹⁸
537 5765 769 5833 (iamsi,
798 5765 853 5819 7.
930 5765 971 5797 ²¹
1013 5763 1141 5832 Sap.
1176 5780 1222 5833 ι,
1251 5763 1304 5817 7.
1379 5766 1424 5797 "
1464 5763 1633 5819 Eccli.
1665 5778 1758 5830 Ill,
1788 5761 1878 5816 2:2.

2122 4686 2298 4738 πάντα
2333 4684 2601 4755 πληροῦνς
2641 4702 2660 4735 ι
2694 4681 2918 4752 Πνεῦμα
2945 4682 3053 4749 γὰρ
3103 4679 3310 4749 Κυρίου
3357 4677 3686 4746 πεπλήρωκε

2119 4773 2217 4844 τὴν
2241 4773 2586 4843 οἰκουμένην,
2620 4791 2637 4822 ι
2694 4770 2835 4824 καθά
2899 4770 3227 4838 γέγραπται.
3271 4764 3478 4818 Οὐκοῦν
3517 4765 3571 4816 at
3602 4762 3689 4815 λέ-

2120 4863 2232 4930 ξεις
2264 4865 2320 4916 αἱ
2353 4861 2475 4915 καθ’
2525 4863 2694 4931 ἡμᾶς,
2729 4860 2797 4914 τά
2836 4860 2975 4928 ὑπὲρ
3010 4859 3154 4927 ἡμᾶς
3204 4855 3583 4924 σημαίνουσιν,
3638 4854 3687 4905 εί

2119 4956 2211 5008 ἐπὶ
2232 4952 2366 5006 Θεοῦ
2397 4953 2657 5020 λέγοιντο.
2684 4951 2869 5004 Βούλει
2902 4967 2955 5003 τι
2977 4952 3165 5019 νοῆσαι
3193 4947 3299 5000 τῶν
3337 4948 3478 5000 οὕτω
3501 4947 3688 5015 δυσχε-

2120 5043 2249 5114 ρῶν,
2274 5038 2389 5095 εἶτά
2428 5057 2511 5093 σοι
2540 5040 2675 5111 πρὸς
2706 5035 3016 5106 κατάληψιν
3057 5038 3085 5088 ὁ
3117 5033 3241 5095 νοῦς
3287 5032 3503 5086 ἀσθενεῖ
3530 5069 3543 5092 ,
3592 5030 3688 5083 καὶ

2116 5132 2275 5185 τοῦτο
2328 5129 2538 5192 παθὼν,
2585 5128 2846 5200 αίσθάνῃ;
2887 5126 2976 5198 Μὴ
3028 5124 3357 5195 χαλεπήνῃς,
3410 5121 3684 5190 ἄνθρωπε,

2108 5223 2365 5294 ὡμολόγει
2385 5223 2483 5293 τῆς
2513 5220 2678 5275 αὑτοῦ
2710 5220 2924 5289 φύσεως
2957 5218 3055 5288 τὴν
3086 5215 3366 5269 ἀσθένειαν
3386 5251 3400 5274 ,
3444 5210 3688 5282 μέμνησο

2116 5313 2210 5366 τοῦ
2249 5313 2498 5382 λέγοντος
2521 5329 2534 5343 ·
2583 5331 2600 5362 ι
2637 5308 2981 5380 ’ἰσχυρότερά
3014 5324 3105 5359 σου
3163 5305 3236 5374 μὴ
3275 5303 3456 5371 ζήτει·
3497 5319 3515 5350 ι
3558 5301 3685 5352 ὅταν

2120 5407 2199 5468 είς
2232 5404 2320 5457 τὸν
2349 5402 2440 5456 τοῦ
2480 5404 2629 5473 ἡλίου
2653 5401 2850 5455 κύκλον
2891 5399 2983 5452 τὸν
3015 5396 3109 5450 τοῦ
3143 5395 3391 5464 σώματος
3411 5387 3686 5459 ὀφθαλμὸν

2121 5496 2427 5567 ἀνατείνῃς,
2472 5496 2631 5558 εὐθὺς
2665 5493 3046 5563 ἀποστρέφεις,
3098 5493 3164 5559 τῇ
3193 5487 3284 5540 τοῦ
3316 5483 3490 5553 φωτὸς
3519 5495 3687 5550 προσ-

2120 5587 2249 5657 ϐολῇ
2280 5586 2601 5655 νικώμενος.
2645 5583 2841 5637 ’ἰστέον
2861 5582 2925 5652 δὴ
2952 5576 3043 5635 οῦν
3071 5582 3153 5633 ὅτι
3192 5577 3284 5631 καὶ
3310 5578 3344 5644 ἡ
3371 5572 3489 5626 θεία
3526 5568 3686 5639 φύσις

1047 5695 1089 5727 ¹⁶
1117 5693 1233 5749 Jac.
1266 5710 1340 5760 IV,
1369 5695 1453 5747 ιε.
1531 5695 1573 5725 ’⁷
1603 5692 1764 5746 Prov.
1798 5709 1922 5762 xxv,
1948 5695 2000 5750 εὶ.
2083 5699 2125 5730 ¹⁸
2151 5696 2296 5754 Psal.
2331 5711 2519 5762 nm,
2546 5696 2609 5761 5;
2646 5693 2747 5751 lsa.
2779 5708 2987 5758 xxxv",
3017 5691 3101 5747 ιθ.
3180 5689 3221 5721 ¹⁹
3256 5686 3455 5744 Jercm.
3484 5693 3563 5747 tu,
3592 5680 3681 5735 24.
