4106 6262
358 358 439 415 an
1204 361 1270 417 IN
1305 363 1654 423 tom-xw.
1691 368 1910 425 —LlB.
1956 371 2043 426 vn
2076 372 2166 426 ET
2209 337 2322 428 vin
2365 374 2813 435 FRAGMENTA.
3374 362 3382 376 ’
3535 393 3603 448 ac

362 477 478 548 φῶς
507 478 797 551 ἀπρόσιτον
821 479 959 533 οίκεϊ
976 498 989 512 ·
1017 480 1310 551 ἀπρόσιτον
1343 482 1399 536 δὲ
1432 487 1554 548 ταῖς
1579 484 1685 538 τῶν
1710 504 1931 559 περιερ-

2036 490 2399 560 ejaculatione
2432 495 2637 551 lumine
2671 497 3002 566 perstrictus
3046 488 3353 572 victusque.
3417 504 3611 564 Scien-

360 569 677 639 ταξαμένων
697 569 973 634 διανοίαις.
998 571 1118 643 Χρὴ
1139 573 1336 637 τοίνυν,
1373 574 1502 627 ὅταν
1534 576 1626 629 καὶ
1658 576 1933 649 ἀνθρωπί-

360 677 478 724 ναις
504 663 709 729 φωναῖς
733 660 959 731 λαλῆται
978 662 1045 716 τὰ
1083 665 1212 734 περὶ
1236 664 1393 728 Θεοῦ,
1438 666 1604 735 μηδὲν
1626 667 1933 737 λογίζεσθαι

359 750 633 815 ταπεινὸν,
660 751 775 804 ἀλλ’
806 752 865 803 ὲν
888 754 953 823 τῇ
988 754 1233 825 πτωχείᾳ
1256 755 1365 809 τῶν
1388 756 1510 810 καθ’
1535 759 1683 827 ἡμᾶς
1708 758 1929 826 λέξεων,

359 838 448 891 τὸν
484 839 583 908 τῆς
613 838 764 903 Θείας
791 840 947 911 δόξης
977 842 1436 914 κατοπτρίζεσθαι
1472 845 1718 901 πλοῦτον.
1740 847 1804 900 Τί
1824 848 1932 921 γὰρ

358 932 407 983 εἰ
445 930 831 984 ἀποστέλλεται
863 932 1015 1004 παρὰ
1042 932 1135 987 τοῦ
1168 935 1377 1003 Πατρὸς
1406 939 1435 992 6
1480 936 1608 1000 Υίός
1634 954 1647 1001 ;
1675 933 1821 1008 *Δρα
1845 939 1934 993 διὰ

356 1020 516 1074 τοῦτο
564 1021 805 1075 ἐλάττων
850 1022 1036 1089 ἔσται;
1086 1025 1294 1080 Οὐκοῦν
1324 1028 1452 1081 ὅταν
1484 1031 1546 1083 ὲκ
1576 1029 1671 1082 τοῦ
1707 1029 1930 1100 ἡλιακοῦ

355 1111 611 1181 σώματος
638 1113 700 1166 τὸ
727 1114 787 1179 ἐξ
827 1115 991 1169 αὐτοῦ
1020 1118 1308 1189 πέμπηται
1339 1119 1475 1189 φῶς,
1499 1122 1785 1192 ἐτεροφυές
1814 1125 1932 1178 ἐστι

353 1219 427 1253 ποι
439 1203 487 1272 ρ’
519 1204 670 1268 αὐτὸ,
706 1206 800 1259 καὶ
828 1207 887 1260 ὲν
910 1207 1157 1262 ἐλάττοσι
1188 1211 1317 1280 παρ’
1355 1212 1547 1277 αὐτοῦς
1591 1215 1783 1268 Καίτοι
1816 1216 1933 1279 πῶς

354 1293 515 1348 τοῦτο
545 1297 637 1349 καὶ
683 1298 843 1367 μόνον
890 1300 1181 1371 ἐννοῆσαι,
1238 1304 1338 1356 οὐκ
1393 1305 1637 1375 ἁμαθές;
1665 1306 1786 1371 Φῶς
1836 1306 1931 1363 οὖν

361 1386 620 1458 ὑπάρχων
650 1391 744 1442 τοῦ
774 1391 986 1463 Πατρὸς
1015 1396 1043 1446 6
1067 1394 1214 1456 Υἱὸς.
1254 1394 1528 1465 πέμπεται
1584 1398 1713 1468 πρὸς
1758 1401 1928 1470 ἡμᾶς,

359 1475 434 1538 ὡς
458 1476 607 1545 ἡλίου
634 1478 795 1548 τυχὸν
828 1481 1001 1549 αὐγὴν
1034 1482 1509 1551 ἁπαστρὰψαντος.
1542 1486 1606 1537 Ὅ
1630 1484 1695 1555 δὴ
1728 1488 1822 1540 καὶ
1847 1504 1932 1555 γε·

361 1566 545 1621 νέσθαι
574 1568 875 1639 παρεκάλει
898 1569 1070 1638 λέγων
1103 1573 1131 1624 6
1159 1572 1321 1624 Δαϐίδ
1339 1588 1353 1602 ·
1383 1593 1402 1625 ι
1437 1573 1849 1639 Ἐξαπόστειλον
1872 1578 1931 1631 τὺ

362 1654 476 1723 φῶς
513 1673 606 1709 σου
637 1659 732 1711 καὶ
764 1658 862 1729 τὴν
883 1659 1140 1731 ἀλήθειάν
1161 1678 1275 1714 σου.
1309 1681 1328 1712 ι
1356 1664 1465 1716 Καὶ
1487 1665 1535 1716 εί
1558 1664 1686 1729 δόξα
1716 1666 1834 1720 ἐστὶ
1854 1667 1931 1738 τῷ

361 1744 559 1816 Πατρὶ,
590 1747 650 1799 τὸ
684 1746 799 1816 φῶς
828 1748 991 1818 ἔχειν,
1021 1750 1137 1813 πῶς
1162 1750 1406 1818 ἔλαττον,
1434 1753 1620 1824 φησὶν,
1663 1756 1828 1811 αὑτοῦ
1865 1759 1927 1812 τὺ

2033 579 2164 635 dum
2197 597 2415 653 quoque
2461 592 2714 639 naturam
2746 586 2990 642 divinam
3025 586 3277 646 habitare
3307 593 3363 648 in
3399 596 3610 656 lumine

2034 673 2322 728 inaccesso
2343 714 2357 734 .
2391 682 2445 729 et
2477 676 2697 745 quidem
2737 678 3024 734 inaccesso
3057 682 3408 739 curiosorum
3447 704 3605 743 men-

2033 764 2203 819 tibus.
2223 762 2404 829 Quare
2425 773 2666 832 oportet,
2702 767 2801 820 'ubi
2833 767 2900 821 de
2933 766 3044 823 Deo
3079 771 3341 827 humanis
3371 777 3607 831 vocibus

2034 870 2214 909 sermo
2267 855 2394 917 ﬁet,
2448 856 2586 910 nihil
2621 856 2896 926 abiectum
2933 869 3026 914 aut
3062 860 3266 918 humile
3323 867 3602 935 cogitare,

2033 941 2127 997 sed
2174 943 2230 996 in
2282 952 2608 1014 paupertate
2655 960 2721 1000 ac
2771 949 3129 1006 mendicitate
3175 962 3379 1009 nostra:
3411 957 3605 1012 dictio-

2031 1033 2153 1098 nis,
2186 1033 2387 1089 divina:
2414 1036 2607 1105 gloria:
2636 1045 2896 1106 tanquam
2936 1041 2990 1093 in
3023 1044 3251 1110 speculo
3284 1046 3485 1100 intueri
3520 1048 3606 1101 di-

2031 1127 2212 1181 vitias.
2239 1126 2382 1193 Quid
2405 1128 2554 1183 enim
2579 1128 2623 1183 si
2649 1128 2889 1183 mittitur
2911 1144 2940 1183 a
2960 1129 3125 1209 Patre
3148 1132 3325 1190 Filius
3343 1137 3365 1190 ?
3382 1138 3464 1190 An
3487 1153 3607 1208 pro-

2033 1226 2221 1287 pterea
2256 1220 2437 1273 minor
2479 1219 2629 1274 erit‘?
2691 1217 2863 1289 Igitur
2911 1236 3036 1274 cum
3081 1239 3112 1276 e
3161 1239 3393 1294 corpore
3435 1230 3603 1283 solari

2032 1306 2269 1361 mittitur
2287 1308 2402 1369 lux,
2422 1308 2656 1364 diversae
2674 1317 2886 1364 natura:
2910 1311 2976 1364 ab
2991 1326 3058 1365 eo
3074 1321 3156 1366 est
3185 1329 3248 1367 ac
3272 1316 3564 1375 deterioris
3580 1321 3606 1374 Ἰ

2032 1394 2186 1460 Quod
2214 1395 2434 1465 quidem
2474 1398 2556 1450 vel
2583 1404 2796 1451 tantum
2836 1399 3084 1468 cogitare
3116 1417 3300 1458 nonne
3329 1414 3415 1459 est
3453 1423 3604 1461 sum-

2032 1500 2134 1539 ma:
2165 1484 2501 1554 imperitiae?
2539 1485 2658 1539 Lux
2694 1487 2862 1557 igitur
2905 1489 3084 1545 Patris
3109 1494 3393 1550 exsistens
3429 1495 3607 1554 Filius

2032 1576 2268 1629 mittitur
2284 1576 2349 1630 ad
2381 1590 2506 1641 nos,
2535 1585 2802 1645 tanquam
2834 1580 2954 1633 sole
2986 1581 3178 1651 utique
3206 1584 3420 1639 radium
3450 1588 3605 1642 emit-

2032 1674 2199 1722 tente.
2225 1667 2379 1733 Quod
2405 1668 2626 1738 quidem
2655 1668 2771 1723 ﬁeri
2801 1672 3136 1740 precabatur
3162 1674 3332 1730 David
3367 1677 3556 1735 dicens
3583 1697 3599 1735 :

2037 1776 2056 1808 ι
2087 1756 2289 1812 Emitte
2319 1758 2494 1812 lucem
2526 1767 2674 1813 tuam
2700 1767 2753 1814 ct
2779 1761 3062 1816 veritatem
3096 1772 3248 1818 tuam
3292 1767 3361 1821 ³³.
3394 1786 3413 1819 ι
3443 1768 3508 1822 Et
3552 1770 3602 1826 si

361 1835 419 1887 ἐν
462 1828 506 1903 ᾧ
546 1836 857 1903 δοξάζεταις
892 1840 1001 1893 Καὶ
1027 1841 1189 1905 αὐτὸς
1218 1842 1275 1895 δὲ
1316 1845 1346 1895 6
1383 1843 1510 1907 Υίὸς
1565 1847 1693 1917 περὶ
1730 1847 1925 1901 ἑαυτοῦ

2034 1845 2207 1915 gloria
2237 1854 2322 1902 est
2349 1846 2530 1902 Patris
2563 1848 2738 1903 lucem
2770 1849 2975 1903 habere
2995 1888 3009 1911 ,
3043 1853 3319 1919 quomodo
3347 1853 3601 1920 inferius,

358 1925 540 1994 λέγει·
576 1945 595 1978 ι
643 1929 739 1982 Ὃν
766 1930 796 1981 6
820 1930 1009 2001 Πατὴρ
1041 1932 1234 2002 ήγίασε
1260 1935 1354 1986 καὶ
1386 1935 1691 1989 ἀπέστειλε.
1730 1956 1748 1987 ι
1775 1938 1848 1991 T6
1873 1938 1929 1992 δὲ

359 2017 615 2084 ’ἡγίασεν
656 2020 687 2089 ή
734 2020 925 2090 Γραφὴ
970 2022 1111 2075 κατὰ
1152 2023 1379 2088 πολλοὺς
1420 2025 1634 2095 δέχεται
1671 2028 1926 2098 τρόπους.

358 2106 589 2173 Λέγεται
607 2108 709 2177 μὲν
723 2109 830 2180 γὰρ
847 2111 1190 2190 ἀγιάζεσθαι,
1208 2115 1269 2167 τὸ
1290 2115 1508 2169 ἀνατιθέ
1516 2135 1676 2186 μενον
1696 2119 1773 2188 τῷ
1787 2119 1927 2190 Θεῷ.

360 2193 469 2246 Καὶ
495 2194 623 2261 γοῦν
649 2194 751 2267 ἔφη
779 2198 915 2267 πρὸς
931 2186 1133 2253 Μωσέα
1153 2218 1165 2231 ’
1200 2221 1218 2252 ι
1255 2202 1504 2270 Ἀγίασόν
1532 2222 1623 2275 μοι
1652 2186 1760 2260 πᾶν
1780 2186 1931 2280 πρω-

359 2282 595 2338 τότοκον.
629 2305 648 2337 ι
694 2288 1000 2355 Ἀγιάζεται
1029 2291 1086 2343 δὲ
1113 2293 1273 2346 πάλιν
1292 2294 1352 2347 τὸ
1379 2298 1758 2367 προχειρισθὲν
1780 2302 1930 2372 παρὰ

359 2375 494 2428 Θεοῦ
525 2376 660 2447 πρὸς
698 2379 759 2432 τὸ
798 2380 1000 2449 πρᾶξαί
1028 2400 1080 2435 τι
1115 2385 1223 2437 τῶν
1265 2386 1406 2440 κατά
1449 2387 1676 2458 γνώμην
1726 2391 1890 2444 αὐτοῦ
1912 2410 1926 2423 ·

358 2465 498 2519 οὕτω
531 2467 640 2538 γὰρ
667 2470 794 2539 περί
830 2488 888 2523 τε
918 2471 1014 2525 τοῦ
1043 2473 1228 2545 Κύρου
1254 2476 1346 2529 καὶ
1374 2478 1482 2531 τῶν
1520 2481 1718 2549 Μήδων
1742 2484 1925 2551 φησὶν,

358 2557 446 2608 ὅτε
478 2558 576 2628 τῆς
620 2559 978 2615 Βαϐυλωνίων
1013 2565 1209 2629 αὐτοὺς
1246 2572 1712 2639 καταστρατεύειν
1733 2573 1891 2644 ἤθελε
1912 2593 1925 2608 ο

365 2666 381 2695 ι
397 2646 651 2714 Γίγαντες
665 2649 910 2719 ἔρχονται
932 2653 1032 2722 πλη
1042 2655 1211 2724 ρῶσαι
1226 2657 1313 2711 τὸν
1330 2659 1498 2729 θυμόν
1513 2679 1637 2731 μου,
1650 2665 1931 2736 χαίροντες

360 2737 473 2805 ἅμα
507 2739 601 2792 καὶ
645 2739 954 2810 ὑϐρίζοντες
987 2746 1309 2815 ἡγιασμένοι
1363 2750 1504 2817 είσὶ,
1540 2755 1635 2805 xa‘t
1677 2755 1786 2822 ἐγὼ
1811 2757 1930 2825 ἁγω

360 2828 572 2891 αὐτούς.
611 2849 630 2879 ι
679 2830 987 2899 Ἀγιάζεται
1026 2835 1082 2887 δὲ
1101 2836 1262 2891 πάλιν
1288 2839 1349 2892 τὸ
1375 2842 1431 2893 ὲν
1466 2843 1680 2911 μεθέξει
1707 2848 1929 2915 γεγονὸς

358 2918 451 2971 τοῦ
487 2920 641 2988 ἁγίου
672 2923 1009 2992 Πνεύματος.
1036 2928 1245 2981 Οὐκοῦν
1267 2930 1526 3000 ήγιᾶσθαί
1552 2952 1718 3005 φησιν
1738 2940 1927 2993 ἑαυτὸν

360 3011 508 3080 παρὰ
557 3012 650 3064 τοῦ
689 3014 901 3084 [ἰατρὸς
929 3017 957 3069 6
989 3015 1151 3082 Υίὸς,
1185 3019 1260 3082 ὼς
1304 3025 1750 3093 προχειρισθέντα
1796 3032 1925 3100 παρ’

361 3099 523 3155 αὐτοῦ
580 3102 718 3173 πρὸς
764 3105 1100 3174 κατόρθωσιν
1133 3109 1230 3179 τῆς
1262 3109 1357 3163 τοῦ
1399 3113 1604 3183 κόσμου
1638 3116 1803 3186 ζωῆς,
1833 3099 1928 3172 καὶ

2031 1940 2245 2007 inquit,
2280 1954 2348 1993 eo
2374 1947 2461 1994 est
2494 1939 2545 1993 id
2574 1939 2632 1992 in
2661 1953 2771 2009 quo
2817 1940 3206 2009 gloriﬁcatur?
3252 1941 3371 2012 Ipse
3400 1945 3604 2015 quippe

2029 2029 2203 2085 Filius
2233 2032 2303 2087 de
2331 2031 2512 2101 seipso
2543 2032 2719 2086 dicit:
2754 2050 2774 2083 ι
2806 2031 2979 2098 Quem
3027 2031 3193 2087 Pater
3235 2036 3604 2089 sanctiﬁcavit

2031 2129 2086 2177 et
2117 2122 2267 2176 misit
2297 2121 2362 2176 “.
2394 2141 2412 2174 ι
2444 2121 2557 2177 Hoc
2581 2138 2709 2176 vero
2741 2123 3102 2188 sanctiﬁcavit
3137 2122 3427 2194 Scriptura
3456 2127 3602 2181 mul-

2033 2214 2104 2267 tis
2134 2213 2307 2267 modis
2336 2214 2560 2282 accipit.
2607 2212 2820 2268 Dicitur
2866 2216 3012 2267 enim
3068 2216 3406 2270 sanctiﬁcari
3456 2218 3605 2286 quod

2030 2305 2248 2360 dicatur
2278 2304 2406 2358 Deo.
2441 2307 2507 2358 Et
2532 2306 2751 2374 quidem
2796 2305 2939 2358 dixit
2966 2306 3031 2359 ad
3061 2305 3248 2361 Mosen
3278 2329 3289 2361 :
3327 2326 3348 2360 ι
3383 2309 3604 2365 Sancti-

2032 2393 2132 2447 ﬁca
2178 2393 2308 2447 mihi
2343 2407 2508 2446 omne
2552 2392 2973 2461 primogenitum
3001 2393 3066 2445 ".
3101 2413 3121 2446 ι
3151 2393 3365 2449 Rursus
3395 2398 3606 2450 sancti-

2034 2484 2228 2539 l'icatur
2274 2485 2419 2553 quod
2470 2484 2830 2538 commissum
2873 2491 2959 2537 est
2992 2498 3022 2535 a
3056 2482 3168 2537 Deo
3196 2492 3252 2537 et
3287 2485 3604 2553 delegatum

2030 2576 2095 2630 ad
2130 2575 2334 2645 aliquid
2366 2590 2592 2641 eorum,
2622 2589 2743 2643 quae
2774 2574 2875 2643 ipsi
2905 2574 3058 2628 cordi
3105 2586 3272 2638 sunt,
3311 2578 3602 2645 agendum.

2038 2664 2132 2719 Sic
2158 2666 2303 2718 enim
2333 2665 2400 2718 de
2430 2662 2575 2733 Cyro
2603 2672 2657 2717 et
2693 2663 2861 2718 Medis
2889 2665 2989 2725 ait,
3016 2665 3241 2732 quando
3271 2680 3365 2719 eos
3402 2667 3457 2720 in
3498 2667 3604 2720 Ba-

2030 2758 2282 2828 bylonem
2312 2756 2595 2825 suscipere
2614 2757 3019 2826 expeditionem
3048 2758 3221 2812 voluit
3252 2777 3264 2812 :
3295 2776 3312 2808 ι
3345 2757 3605 2828 Gigantes

2029 2850 2256 2903 veniunt
2283 2849 2509 2917 implere
2549 2848 2792 2902 animum
2835 2865 3055 2916 meum;
3101 2850 3406 2919 gaudentes
3436 2850 3603 2905 simul

2029 2947 2084 2994 et
2142 2938 2542 2992 insolescentes
2596 2935 2929 2991 sanctiﬁcati
2984 2944 3151 2998 sunt,
3194 2944 3248 2990 et
3299 2951 3400 3006 ego
3457 2937 3605 2991 duco

2030 3041 2125 3081 eos
2156 3027 2223 3079 ".
2259 3044 2277 3076 ι
2306 3024 2545 3078 Proinde
2578 3024 2741 3078 etiam
2786 3024 3184 3085 sanctilicatur,
3237 3024 3384 3093 quod
3433 3026 3605 3094 parti-

2036 3133 2166 3187 ceps
2198 3124 2286 3173 est
2315 3116 2559 3184 Spiritus
2586 3117 2786 3169 sancti.
2819 3115 2963 3185 Ergo
2996 3114 3169 3171 Filius
3197 3131 3257 3169 se
3289 3115 3605 3170 sanctiﬁca-

359 3190 501 3243 κατά
530 3193 629 3263 τῆς
662 3193 771 3247 τῶν
809 3196 1201 3267 ἀντικειμένων
1230 3200 1574 3267 καταλύσεως
1593 3222 1608 3236 ι
1643 3207 1675 3275 ἢ
1704 3209 1795 3259 καὶ
1826 3208 1926 3272 ἔτι,

2037 3216 2150 3262 ιιιιιι
2182 3208 2257 3260 ait
2288 3222 2318 3260 a
2344 3205 2540 3269 Patre,
2573 3216 2832 3275 tanquam
2866 3207 2934 3260 ab
2968 3220 3033 3259 eo
3067 3208 3133 3260 ad
3161 3205 3601 3261 emendationem

358 3279 494 3334 καθὸ
525 3283 784 3354 ἐπέμφθη
808 3287 888 3349 είς
909 3287 968 3341 τὸ
993 3287 1133 3360 ὑπὲρ
1158 3290 1258 3359 τῆς
1279 3290 1372 3343 τοῦ
1421 3293 1626 3363 κόσμου
1658 3299 1932 3367 σωτηρίας

362 3373 671 3442 σφαγῆναι·
700 3376 792 3459 καί
825 3377 933 3448 γάρ
963 3379 1095 3446 ἀγια
1120 3379 1436 3447 καλοῦνται,
1458 3385 1554 3437 καὶ
1585 3386 1653 3439 τὰ
1678 3389 1933 3459 ἀφοριζό-

363 3480 497 3533 μενα
529 3468 607 3528 είς
640 3456 830 3521 θυσίαν
856 3468 996 3539 Θεῷ.
1044 3472 1334 3539 Ἢγιᾶσθαι
1363 3474 1420 3527 δέ
1449 3492 1629 3545 φαμεν
1654 3456 1815 3531 αὐτὸν
1839 3480 1933 3533 καὶ

363 3553 478 3621 μεθ’
516 3555 675 3624 ἡμῶν
720 3557 1077 3628 ἀνθρωπίνως
1131 3562 1220 3614 ὅτε
1254 3562 1444 3630 γέγονε
1492 3563 1664 3636 σάρξ·
1701 3568 1929 3639 ἡγιάσθη

360 3644 468 3714 γὰρ
498 3646 662 3697 αὐτοῦ
684 3648 718 3713 ἡ
749 3648 905 3717 σὰρξ.
939 3650 1205 3722 δεξαμένη
1244 3657 1334 3705 τὸν
1370 3656 1637 3708 ὲνωθέντα
1667 3659 1802 3729 αὐτῇ
1833 3660 1934 3712 Λό-

360 3748 477 3798 γον,
522 3732 596 3802 μὴ
630 3729 761 3787 οὖσα
794 3736 954 3803 φύσει
1006 3739 1155 3806 ἁγία.
1204 3742 1282 3793 Δι’
1319 3735 1393 3795 ὧν
1421 3743 1479 3795 δὲ
1518 3744 1677 3797 τοῦτο
1704 3746 1930 3814 γίνεται,

361 3827 646 3895 ἁγιάζεται
682 3830 832 3898 παρὰ
864 3831 958 3885 τοῦ
1001 3835 1211 3906 Πατρός
1237 3852 1250 3866 ·
1300 3838 1397 3906 μία
1439 3838 1548 3908 γάρ
1594 3841 1806 3911 Πατρὸς
1841 3843 1933 3896 καὶ
1976 3844 1981 3847 ’

365 3918 494 3971 Υἱοῦ
518 3922 612 3973 καί
635 3921 787 3989 ἁγίου
808 3923 1170 3995 Πνεύματοςή
1200 3927 1409 3996 θεότης.
1442 3929 1586 3999 Πλὴν
1601 3933 1662 3984 οὐ
1686 3933 1933 4007 καθάπερ

362 4011 420 4061 ὲν
453 4012 668 4082 ἑκάστῳ
697 4013 802 4065 τῶν
832 4014 1003 4080 ἁγίων
1040 4018 1326 4089 γινόμενος
1352 4023 1380 4073 6
1400 4021 1533 4085 Θεὸς
1561 4024 1778 4091 ἁγιάζει
1806 4028 1933 4081 τού-

360 4117 505 4163 τους,
538 4100 711 4166 οὖτως
739 4104 856 4156 ἐστὶ
886 4105 979 4160 καὶ
1000 4106 1056 4158 ὲν
1078 4107 1156 4177 τῷ
1186 4107 1302 4178 Υίῷ
1322 4126 1335 4140 ·
1371 4110 1485 4164 ἀλλ’
1526 4114 1687 4176 αὐτὸς
1718 4117 1746 4168 6
1776 4117 1930 4181 Υἱὸς,

359 4189 589 4261 δύναμίς
646 4193 762 4246 ἐστι
808 4195 1096 4265 καὶσοφία
1146 4198 1240 4252 τοῦ
1275 4201 1508 4272 Πατρὸς,
1546 4205 1788 4272 ἁγιάζων
1831 4208 1933 4277 μὲν

362 4282 534 4337 πάντα
576 4285 645 4338 τὰ
698 4284 1002 4355 μετέχοντας
1030 4288 1196 4343 αὐτοῦ
1242 4292 1298 4343 ἐν
1332 4293 1609 4361 Πνεύματι
1634 4313 1648 4327 ·
1682 4298 1847 4362 αὐτὸς
1878 4299 1934 4352 δὲ

360 4374 518 4427 πάλιν
533 4375 594 4427 οὐ
611 4377 754 4430 κατά
772 4394 893 4431 τινα
914 4380 1222 4448 μετουσίαν,
1244 4383 1398 4451 ἅγιος
1428 4384 1505 4438 ὢν
1535 4386 1683 4439 ὥσπε
1692 4405 1724 4457 ρ
1746 4390 1930 4459 ἡμεῖς,

359 4465 479 4519 οὐδὲ
498 4466 641 4520 κατὰ
664 4469 823 4539 χάριν
852 4469 978 4534 Υἱὸς
1006 4471 1363 4543 κεκλημένος,
1397 4475 1534 4529 ἀλλὰ
1567 4477 1812 4548 γέννημα
1835 4481 1933 4547 τῆς

2031 3301 2157 3353 vitae
2189 3298 2376 3351 mundi
2408 3297 2752 3366 delegatum,
2801 3304 2855 3350 et
2890 3297 2943 3350 in
2992 3297 3436 3351 adversariorum
3486 3294 3602 3347 rui-

2032 3405 2157 3444 nam
2203 3405 2267 3444 ac
2309 3392 2681 3455 eversionem,
2726 3389 2807 3443 vel
2852 3389 3016 3443 etiam
3069 3398 3342 3457 quatenus
3395 3385 3602 3442 missus

2029 3492 2144 3542 est.
2205 3493 2263 3537 ut
2317 3499 2418 3552 pro
2476 3484 2653 3538 salute
2705 3480 2898 3535 mundi
2961 3489 3298 3534 mactaretur
3346 3497 3359 3532 :
3401 3478 3604 3548 quippe

2031 3584 2220 3630 sancta
2255 3585 2541 3640 vocantur,
2582 3591 2704 3644 quae
2740 3585 2798 3626 ut
2837 3572 2946 3626 Deo
2987 3573 3043 3625 in
3086 3572 3419 3627 sacrilicium
3472 3568 3606 3623 olfe-

2030 3674 2245 3727 rantur,
2281 3668 2483 3721 selecta
2532 3676 2682 3719 sunt.
2723 3661 3132 3717 Sanctiﬁcatum
3170 3663 3330 3715 etiam
3366 3661 3605 3715 dicimus

2031 3765 2085 3815 et
2115 3758 2402 3813 nobiscum
2434 3758 2672 3812 humano
2706 3756 2867 3811 modo
2890 3795 2905 3819 ,
2939 3754 3161 3824 quando
3196 3752 3374 3806 lactus
3399 3762 3481 3805 est
3511 3766 3605 3806 ca-

2032 3863 2134 3904 ro:
2169 3849 2511 3904 sanctiﬁcata
2539 3849 2684 3904 enim
2717 3853 2802 3902 est
2849 3846 2971 3915 ejus
3008 3860 3172 3906 caro,
3231 3845 3446 3897 unitum
3498 3843 3602 3897 sibi

2031 3938 2270 3995 Verbum
2302 3941 2522 4009 adepta,
2557 3955 2681 3993 cum
2714 3947 2916 3993 natura
2939 3952 3057 3991 Anon
3087 3943 3234 3990 esset
3263 3941 3478 3987 sancta.
3503 3931 3607 3987 Per

2031 4045 2154 4099 qua:
2203 4030 2348 4086 enim
2395 4030 2453 4084 lit
2495 4031 2680 4095 istud,
2726 4030 3108 4084 sanctiﬁcatur
3158 4042 3187 4080 a
3247 4027 3458 4081 Patre:
3496 4037 3603 4076 una

2032 4119 2300 4188 siquidem
2337 4118 2517 4173 Patris
2559 4127 2612 4173 et
2658 4117 2780 4171 Filii
2815 4126 2869 4172 et
2904 4115 3145 4185 Spiritus
3178 4114 3354 4167 sancti
3403 4112 3601 4167 deitas.

2037 4208 2424 4265 Verumtamen
2477 4225 2585 4262 non
2642 4207 3105 4276 quemadmodum
3165 4206 3218 4259 in
3272 4217 3606 4271 unoquoque

2033 4309 2349 4356 sanctorum
2386 4315 2509 4355 cum
2540 4309 2624 4353 est
2660 4299 2942 4357 Deus.eos
2973 4296 3299 4363 sanctiﬁcat,
3330 4296 3408 4349 sic
3434 4294 3601 4348 etiam

2031 4400 2117 4448 est
2151 4392 2205 4446 in
2242 4390 2423 4454 Filio,
2467 4389 2564 4446 sed
2595 4391 2714 4459 ipse
2777 4387 2952 4443 Filius
3001 4398 3247 4457 potestas
3290 4398 3371 4441 est
3413 4394 3468 4440 et
3516 4401 3605 4441 sa-

2040 4479 2245 4548 pientia
2277 4477 2462 4533 Patris
2493 4479 2561 4544 ’⁷,
2618 4477 2802 4531 omnia
2838 4491 2959 4545 quae
2997 4477 3329 4545 participant
3376 4490 3498 4528 eum
3546 4475 3603 4527 in

359 4555 453 4610 τοῦ
488 4558 701 4627 Πατρὸς
757 4560 947 4621 οὐσίας
1000 4562 1259 4632 ὑπάρχων
1311 4566 1499 4620 ἀΐδιον.
1545 4567 1768 4621 Ἑαυτὸν
1797 4569 1929 4637 γοῦν

2035 4568 2279 4639 Spiritu,
2321 4569 2712 4624 sanctilicans:
2760 4568 2880 4636 ipse
2932 4583 3065 4621 vero
3118 4582 3310 4621 rursus
3361 4574 3446 4620 est
3494 4581 3602 4618 non

360 4649 776 4704 ἀντιδιαστέλλει
805 4653 918 4714 τοῖς
934 4652 1075 4705 κατά
1098 4653 1425 4720 θέσινθεοῖς,
1446 4657 1523 4721 ὡς
1557 4656 1718 4722 αὐτὸς
1741 4659 1831 4729 δη)
1842 4677 1931 4712 ον-

359 4740 439 4792 ότι
491 4740 634 4794 κατὰ
665 4741 825 4810 φύσιν
852 4744 1135 4814 ὑπάρχων,
1171 4745 1307 4814 ὅπερ
1347 4746 1575 4811 ἐκείνοις
1611 4750 1668 4801 ὲν
1711 4750 1932 4820 χάριτος

363 4831 519 4901 μέρει
572 4832 971 4903 προστέθειται.
1027 4835 1116 4888 Διὸ
1164 4837 1292 4901 περὶ
1326 4838 1424 4906 μὲν
1466 4839 1630 4892 αὐτοῦ
1670 4838 1926 4908 λέγεταιο

368 4937 386 4967 ‹
416 4919 510 4983 Τίς
535 4921 717 4989 ὅμοιός
739 4939 820 4975 σοι
840 4924 897 4976 ὲν
920 4923 1082 4988 θεοῖς,
1105 4925 1313 4994 Κύριε;
1344 4945 1363 4977 ι
1388 4927 1463 4990 ὡς
1484 4928 1584 4982 οὐκ
1609 4917 1932 4986 ἐπείσακτον

358 5012 593 5082 ἔχοντος,
624 5016 759 5071 ἀλλὰ
784 5020 1009 5086 φυσικὸν
1036 5023 1096 5073 τὸ
1117 5021 1355 5092 ἀξίωμα.
1394 5025 1503 5077 Καὶ
1544 5026 1705 5081 πάλιν
1729 5042 1742 5057 ·
1778 5047 1796 5079 ι
1834 5029 1928 5093 Τίς

357 5104 418 5157 ὲν
449 5105 706 5174 νεφέλαις
740 5108 1064 5180 ίσωθήσεται
1106 5111 1183 5182 τῷ
1212 5114 1438 5185 Κυρίῳ;
1467 5115 1500 5186 ἢ
1540 5117 1620 5179 τίς
1665 5119 1931 5189 ὁμοιωθή-

361 5211 512 5247 σεται
536 5196 685 5267 αὒτῷ
713 5199 773 5250 ὲν
803 5201 937 5263 υἱοῖς
970 5202 1139 5267 Θεοῦ;
1164 5223 1182 5256 ι
1215 5205 1345 5258 Ἰδοὺ
1376 5204 1484 5276 γὰρ
1515 5207 1700 5260 ἐνθάδε
1744 5211 1930 5276 σαφῶς

357 5287 387 5338 6
420 5287 742 5360 Ψαλμῳδὸς,
777 5292 969 5347 οὐδένα
997 5296 1184 5363 φησὶν,
1217 5295 1341 5349 οὔτε
1373 5300 1430 5351 ὲν
1466 5301 1806 5369 προφήταις,
1836 5301 1929 5364 οὓς

359 5376 456 5429 καὶ
487 5378 713 5446 νεφέλας
751 5382 1157 5453 τροπικάηερον
1209 5384 1378 5453 λέγει,
1426 5385 1549 5439 οὔτε
1587 5387 1692 5457 μὴν
1724 5390 1783 5439 ὲν
1816 5391 1930 5451 τοῖς

359 5465 441 5527 εἰς
468 5467 689 5536 υἱότητα
714 5470 848 5524 Θεοῦ
891 5476 1383 5545 καταταττομένως
1423 5475 1511 5530 διὰ
1550 5476 1649 5546 τῆς
1684 5476 1925 5547 χάριτος,

434 5662 482 5694 ’³
521 5662 668 5741 Psal.
726 5682 875 5737 xw,
910 5671 962 5728 5.
1056 5672 1101 5705 ³³
1140 5670 1296 5728 Joan.
1334 5689 1401 5739 ιι,
1434 5675 1521 5732 56.
1599 5676 1644 5709 ³⁸
1686 5674 1859 5732 Exod.
1896 5690 2017 5741 ιιιιι,
2091 5676 2144 5729 2.

362 5745 559 5793 ωιτν.
590 5733 642 5787 8.

2031 4661 2333 4717 secundum
2365 4661 2604 4729 aliquam
2647 4659 2811 4730 672
2856 4659 3333 4727 participationem
3380 4662 3604 4709 sanctus

2032 4753 2312 4807 exsistens
2380 4750 2542 4806 sicuti
2579 4766 2719 4814 nos,
2766 4765 2947 4816 neque
3004 4749 3306 4803 secundum
3374 4748 3604 4816 gratiam

2036 4842 2214 4898 Filius
2263 4851 2527 4904 vocatus,
2581 4840 2677 4894 sed
2731 4840 2986 4911 genitura
3017 4849 3236 4895 aeterna:
3285 4839 3606 4893 substantia:

2034 4934 2214 4991 Patris
2242 4934 2536 4989 exsistens.
2585 4931 2838 5001 Seipsum
2889 4932 3059 5002 igitur
3088 4930 3378 5000 distinguit
3429 4945 3457 4981 a
3500 4931 3604 4985 diis

2035 5044 2132 5098 per
2176 5028 2564 5096 adoptionem,
2617 5040 2740 5078 cum
2793 5025 2911 5092 ipse
2959 5026 3145 5093 utique
3194 5039 3293 5091 per
3351 5031 3603 5076 naturam

2035 5119 2299 5180 exsistat,
2340 5116 2486 5186 quod
2521 5115 2742 5186 quidem
2774 5117 2882 5170 illis
2907 5116 3030 5169 loco
3059 5115 3250 5183 gratia:
3290 5113 3602 5183 appositum

2035 5215 2139 5261 est.
2188 5206 2312 5260 ldeo
2355 5205 2421 5258 de
2466 5205 2588 5272 ipso
2639 5204 2884 5258 dicitur:
2915 5223 2933 5253 (
2963 5203 3098 5267 Quis
3147 5200 3203 5253 in
3254 5201 3358 5255 diis
3405 5202 3605 5259 similis

2037 5295 2174 5357 tibi,
2219 5294 2448 5349 Domine
2473 5294 2563 5347 ’3?
2592 5312 2609 5344 ι
2642 5303 2900 5361 tanquam
2948 5306 3060 5345 non
3106 5289 3482 5354 adventitiam,
3511 5293 3603 5347 sed

2034 5389 2339 5441 naturalem
2369 5386 2694 5454 dignitatem
2727 5384 2981 5437 habente.
3012 5383 3077 5435 Et
3101 5396 3301 5438 rursus
3324 5382 3517 5447 :«Quis
3550 5387 3606 5438 in

2035 5476 2274 5532 nubibus
2305 5476 2613 5545 mquabitur
2638 5472 2912 5528 Domino?
2941 5473 3025 5527 vel
3051 5471 3180 5542 quis
3211 5473 3609 5530 assimilabitur

3376 5654 3420 5684 ’³
3462 5659 3607 5713 Psal.

2264 5675 2307 5705 "
2343 5671 2448 5726 lsa.
2499 5684 2624 5736 xm,
2658 5671 2713 5724 5.
2821 5669 2863 5700 ’⁷
2906 5666 3077 5723 lCor.
3115 5682 3170 5731 ι,
3214 5669 3307 5721 23.
