4106 6262
479 363 542 419 ει
1467 349 1536 420 ἐ.
1581 365 1857 422 CYR‘ILLI
1899 369 2370 424 snexsxomm
2405 371 2723 426 Altamen.-
3654 373 3734 430 sa

482 479 535 533 ei
563 475 621 532 ln
658 476 782 534 ﬁliis
815 464 909 534 Dei
939 481 1025 532 "1’
1057 499 1074 530 ι
1105 478 1243 532 Ecce
1269 479 1412 532 enim
1445 479 1766 537 Psalmistes
1795 483 1898 537 hoc
1929 485 2051 538 loco

2155 486 2266 537 ἴσον
2302 484 2520 538 ἔσεσθαι
2549 485 2624 555 τῷ
2651 501 2790 538 κατα
2823 485 2980 553 φύσιν
3013 485 3142 556 mp.
3180 487 3310 555 Περὶ
3337 487 3391 539 δέ
3443 476 3596 557 ἡμῶν
3625 488 3725 556 γέ-

483 568 781 625 menifeste
814 571 1087 624 neminem
1126 570 1201 621 ait
1229 577 1321 621 aut
1350 568 1404 621 in
1437 571 1754 638 prophetis,
1790 589 1932 642 quos
1960 589 2050 628 ne-

483 659 643 713 bulas
679 667 840 713 vocat
869 660 1077 728 tropice
1103 697 1118 721 ,
1152 667 1247 711 aut
1277 660 1329 712 in
1363 659 1431 712 iis
1462 662 1553 730 qui
1596 677 1695 732 per
1733 664 1962 732 gratiam
1994 666 2048 717 in

486 750 805 804 ﬁliationem
831 750 920 804 Dei
949 750 1106 804 asciti
1133 759 1284 812 sunt,
1308 753 1572 820 aequalem
1605 752 1720 807 fore
1746 755 2048 807 secundum

484 850 734 894 naturam
765 839 923 893 Filio.
965 838 1040 893 De
1071 841 1230 896 nobis
1263 858 1398 896 vero
1435 845 1705 914 scriptum
1737 851 1861 899 est‘:
1889 865 1905 896 ι
1943 845 2056 915 Ego

484 931 596 986 dixi
625 951 636 985 :
667 931 748 984 Dii
776 932 913 986 estis
941 939 995 986 et
1021 931 1116 986 lilii
1145 933 1414 988 Altissimi
1439 950 1629 992 omnes
1661 957 1672 990 :
1702 952 1800 992 vos
1827 953 1958 992 vero
1992 945 2061 991 ιιι-

484 1023 736 1076 homines
763 1022 1076 1077 moriemini
1107 1025 1171 1081 “.
1208 1043 1226 1076 ι
1256 1025 1333 1078 lta
1372 1036 1431 1080 ut
1466 1028 1572 1081 nisi
1614 1043 1773 1082 omne
1809 1031 2048 1084 studium

481 1121 537 1167 et
572 1115 980 1168 contentionem
1034 1116 1451 1171 adhibuerimus
1489 1117 1556 1171 ad
1595 1119 1797 1172 malum
1838 1120 2049 1190 fugien-

481 1204 650 1267 dum,
683 1203 843 1258 facile
868 1207 935 1260 de
962 1222 1152 1261 eorum
1192 1223 1312 1276 quae
1342 1209 1666 1278 accepimus
1697 1212 2061 1279 possessione

481 1295 823 1350 excidemus.
860 1297 1183 1366 Accepimus
1225 1305 1403 1352 autem
1451 1314 1546 1368 per
1587 1301 1854 1367 gratiam,
1901 1310 1959 1354 ut
1997 1309 2052 1355 et

485 1386 584 1438 ﬁlii
616 1385 711 1441 Dei
737 1396 790 1442 et
814 1389 887 1441 dii
919 1403 1241 1442 vocaremur
1281 1389 1323 1420 ³¹
1347 1430 1360 1451 ,
1398 1405 1520 1458 quae
1555 1390 1776 1458 quidem
1821 1399 2047 1443 natura-

485 1477 614 1531 liter
641 1479 826 1533 insunt
858 1479 1017 1534 Filio.
1058 1479 1248 1550 Magna
1295 1481 1482 1551 itaque
1531 1491 1588 1537 et
1637 1483 1849 1536 inﬁnita
1893 1483 2048 1538 diﬁc—

483 1569 663 1622 rentia
697 1570 837 1622 inter
865 1585 966 1626 nos
997 1571 1296 1626 secundum
1329 1574 1564 1643 gratiam
1609 1585 1830 1629 vocatos
1872 1575 2045 1641 ﬁlios,

479 1667 537 1714 et
564 1673 688 1713 eum
721 1661 813 1728 qui
839 1676 1004 1716 verus
1033 1671 1116 1716 est
1153 1678 1218 1716 ac
1251 1663 1557 1717 secundum
1599 1672 1876 1720 naturam.
1911 1664 2047 1720 Ver-

2153 591 2427 642 γραπται’
2469 595 2483 626 ι
2533 575 2672 643 Ἐγὼ
2700 573 2859 628 εἶπα·
2898 575 3020 628 Θεοί
3042 578 3163 628 ἐστε
3190 577 3284 630 καὶ
3323 579 3427 630 υἱοὶ
3466 578 3719 648 ⁹Υιζφίστου

2155 667 2356 728 πάντες
2382 682 2395 696 °
2430 666 2587 736 ὑμεῖς
2613 666 2668 719 δὲ
2693 666 2768 730 ὡς
2792 666 3066 735 ἄνθρωποι
3084 666 3475 739 άποθνήσκετε.
3517 688 3534 719 ι
3558 669 3720 722 Ὥστε

2155 758 2202 810 si
2237 757 2310 828 μὴ
2349 758 2529 810 πᾶσαν
2563 755 2927 826 ποιησαίμεθα
2950 757 3184 827 σπουδὴν
3222 761 3300 822 εἰς
3341 760 3400 812 τὸ
3440 762 3722 833 παραιτεῖ-

2158 848 2279 901 σθαι
2307 849 2366 901 τὸ
2396 847 2617 917 φαῦλον,
2648 849 2844 919 ῥαδίως
2881 849 2940 913 ἐξ
2968 843 3043 902 ὧν
3074 851 3396 920 εἰλήφαμεν,
3431 853 3722 906 ἀποπεσεῖν

2154 937 2448 1006 δυνάμεθα.
2480 936 2793 1008 Εἰλήφαμεν
2819 937 2875 989 δὲ
2901 937 3040 991 κατὰ
3061 939 3218 1009 χάριν
3239 939 3299 992 τὸ
3321 938 3601 992 καλεῖσθαι
3627 939 3720 991 καὶ

2153 1029 2257 1081 υἱοὶ
2289 1028 2424 1080 Θεοῦ
2457 1032 2550 1082 καὶ
2575 1029 2705 1094 θεοὶ,
2739 1029 2774 1082 ἃ
2799 1028 2860 1099 δὴ
2894 1029 3136 1096 φυσικῶς
3175 1031 3433 1102 πρόσεστι
3473 1030 3551 1100 τῷ
3581 1030 3718 1100 Υίῷ.

2153 1118 2328 1187 Πολλὴ
2359 1114 2452 1171 οὖν
2485 1119 2579 1170 καὶ
2602 1119 2839 1189 ἄμετρος
2882 1122 2914 1189 ἡ
2942 1119 3176 1190 διαφορά
3223 1120 3440 1190 μεταξύ
3466 1138 3522 1174 τε
3562 1125 3594 1191 ἡ
3606 1121 3720 1191 μῶν

2153 1210 2262 1262 τῶν
2291 1210 2433 1262 κατὰ
2457 1210 2616 1280 χάριν
2645 1209 2997 1279 κεκλημένων
3032 1211 3162 1263 υίῶν
3197 1212 3289 1264 καὶ
3316 1213 3409 1266 τοῦ
3445 1213 3586 1268 κατὰ
3616 1215 3718 1283 φύ-

2156 1319 2238 1354 σιν
2267 1301 2416 1364 ὄντος
2442 1303 2534 1354 καὶ
2563 1301 2839 1372 ἀληθινοῦ.
2870 1304 3043 1372 Λόγον
3071 1303 3126 1356 δὲ
3165 1304 3428 1356 ἀποκαλεῖ
3456 1303 3546 1356 τὸν
3569 1305 3716 1367 Υἱὸν,

2153 1395 2184 1444 6
2221 1391 2492 1460 Ἰωάννης,
2527 1392 2731 1461 ταύτην
2780 1393 2927 1462 αὐτῷ
2956 1393 3266 1463 κυριώτατα
3309 1393 3578 1457 ἀνατιθεὶς
3622 1395 3721 1463 τὴν

2155 1483 2471 1553 ἐπωνυμίαν
2501 1484 2596 1536 καὶ
2624 1484 2721 1553 τῆς
2748 1483 2939 1546 οὐσίας
2980 1483 3212 1554 μάλιστα
3252 1485 3614 1553 σημαντικήν.
3657 1485 3739 1536 ΕΓ

2155 1574 2212 1626 δὲ
2259 1574 2334 1644 μὴ
2364 1573 2524 1642 φύσει
2560 1574 2644 1644 είη
2676 1575 2766 1627 καὶ
2791 1577 2888 1644 τῆς
2935 1575 3122 1638 οὐσίας
3167 1574 3459 1644 δηλωτικὸν
3499 1575 3591 1627 ἐπὶ
3626 1574 3720 1627 τοῦ

2157 1666 2285 1718 Υίοῦ
2307 1666 2366 1718 τὸ
2389 1665 2557 1732 Λόγος
2585 1665 2772 1734 ὄνομα,
2799 1665 3054 1735 σημαίνει
3079 1683 3129 1717 τι
3153 1665 3368 1728 πάντως
3393 1664 3478 1716 ἐτε
3488 1681 3576 1735 ρον
3594 1682 3608 1696 ·
3630 1667 3733 1718 και

482 1747 610 1800 bum
659 1763 788 1802 vero
833 1758 994 1803 vceat
1053 1749 1253 1804 Filium
1301 1750 1578 1817 Joannes,
1633 1754 1946 1808 attribuens
1996 1754 2044 1808 ei

2155 1756 2336 1825 ζητεῖν
2361 1755 2678 1822 ἀναγκαῖον,
2719 1755 2770 1806 τί
2800 1754 2938 1807 κατὰ
2963 1753 3124 1822 φύσιν
3149 1752 3223 1805 ὢν
3255 1753 3284 1803 ὁ
3327 1751 3477 1814 Υίδς,
3517 1751 3732 1822 ἐκλήθη-

483 1838 721 1892 maxime
752 1841 971 1908 proprie
997 1840 1137 1894 hanc
1165 1843 1586 1912 appellationem
1613 1881 1627 1905 ,
1663 1850 1867 1913 tit-quae
1898 1844 2050 1896 miri-

484 1927 641 1979 ﬁcam
671 1927 780 1980 vim
811 1929 1160 1998 signiﬁhandi
1192 1931 1562 1986 substantiam
1601 1933 1724 2002 ejus
1764 1934 1950 1988 habet.
1993 1933 2050 1988 Si

482 2033 613 2072 vero
637 2016 878 2074 Verbum
909 2036 1105 2076 nomen
1132 2030 1328 2077 natura
1359 2038 1466 2077 non
1499 2025 1768 2094 signiﬁcet
1795 2026 2052 2080 substan-

483 2111 614 2163 tiam
651 2111 702 2164 in
741 2111 911 2177 Filio,
944 2113 1170 2166 omnino
1205 2112 1481 2183 signiﬁcat
1515 2115 1662 2169 aliud
1686 2154 1700 2179 ,
1736 2123 1790 2170 et
1825 2131 2053 2172 necesse

481 2208 568 2256 est
597 2217 843 2271 quaerere
877 2204 1011 2274 quid
1043 2205 1319 2261 exsistens
1347 2205 1518 2262 Filius
1549 2207 1852 2262 secundum
1886 2221 2052 2263 natu-

483 2308 600 2347 ram
632 2292 870 2348 Verbum
898 2304 1127 2349 vocatus
1154 2304 1238 2350 est
1269 2336 1284 2358 ,
1311 2297 1355 2350 si
1388 2312 1496 2350 non
1533 2298 1900 2351 substantiam
1929 2299 2053 2366 ejus

483 2397 684 2437 nomen
717 2385 942 2437 iudicat.
967 2383 1148 2439 Veluti
1179 2401 1302 2439 eum
1329 2387 1456 2454 quis
1479 2385 1615 2440 dicit
1642 2387 1861 2441 fabrum
1887 2427 1901 2450 ,
1935 2397 2050 2443 sta-

482 2474 725 2527 tuarium
749 2511 764 2536 ,
813 2476 1050 2528 scribam
1070 2515 1084 2538 ,
1133 2491 1242 2529 non
1291 2469 1552 2529 deﬁnitur
1581 2478 1712 2545 quid
1744 2479 1820 2540 sit
1847 2495 2052 2535 secun-

484 2566 616 2618 dum
671 2573 924 2619 naturam
974 2565 1026 2619 id
1075 2566 1221 2635 quod
1279 2567 1645 2636 signiﬁcatur,
1701 2569 1795 2622 sed
1839 2579 2050 2623 tantum

479 2668 649 2724 quam
689 2663 860 2709 artem
899 2653 1147 2722 factitet,
1189 2658 1455 2711 ostendit.
1498 2657 1552 2711 Si
1596 2659 1765 2727 igitur
1805 2660 1912 2712 hoc
1953 2675 2052 2712 no-

484 2760 609 2798 men
667 2761 774 2798 non
825 2746 1097 2815 signiﬁcet
1148 2748 1514 2802 substantiam
1571 2748 1727 2812 Filii,
1771 2757 1825 2804 et
1866 2751 2052 2804 vocari

486 2835 723 2890 Verbum
761 2852 871 2890 non
911 2837 1153 2892 declaret
1207 2841 1386 2907 ipsum
1435 2840 1567 2910 quid
1622 2842 1693 2895 sit
1745 2842 2054 2896 secundum

486 2933 740 2978 naturam
764 2965 777 2986 .
806 2926 901 2980 sed
933 2933 1061 2995 puta
1081 2967 1096 2992 ,
1127 2928 1270 2997 quod
1297 2929 1370 2984 sit
1399 2933 1521 2998 ejus
1549 2931 1894 2985 institutum:
1923 2933 2051 3000 quid

486 3015 690 3070 frustra
719 3018 1106 3086 evangelistam
1145 3020 1431 3081 miramur,
1457 3031 1508 3075 et
1533 3037 1796 3090 quorsum
1827 3031 2052 3076 vocatus

2153 1847 2343 1913 Λόγος,
2395 1847 2443 1897 εἰ
2493 1844 2567 1916 μὴ
2608 1845 2708 1915 τὴν
2736 1844 2926 1897 οὐσίαν
2956 1845 3133 1898 αὐτοῦ’
3160 1844 3413 1915 σημαίνει
3441 1844 3499 1896 τὸ
3530 1843 3718 1912 ὄνομα.

2152 1931 2278 1990 Οἷον
2297 1977 2310 2000 ,
2351 1935 2582 1988 τέκτονα
2626 1953 2710 2000 τις
2746 1933 2913 1988 εἰπὼν
2942 1933 2974 2005 ἢ
3007 1934 3245 1998 λιθοξόον
3273 1935 3305 2003 ἢ
3336 1933 3717 2003 ταχυγράφον,

2151 2027 2209 2079 οὑ
2239 2027 2292 2079 τί
2319 2028 2432 2079 ἐστι
2460 2025 2599 2080 κατὰ
2634 2026 2795 2094 φύσιν
2817 2025 2877 2078 τὸ
2901 2026 3296 2095 σημαινόμενον
3321 2023 3581 2094 ὁρίζεται,
3603 2021 3737 2075 ἀλλ”

2150 2113 2262 2170 οἷον
2293 2115 2405 2186 ἔχει
2435 2117 2495 2168 τὸ
2528 2117 2864 2186 ἐπιτήδευμα
2912 2116 3125 2185 μηνύει.
3184 2116 3246 2168 Εἰ
3298 2115 3475 2168 τοίνυν
3507 2116 3569 2167 οὐ
3620 2114 3722 2182 τὴν

2150 2208 2339 2261 οὐσίαν
2366 2207 2460 2260 τοῦ
2487 2206 2616 2259 Υίοῦ
2656 2206 2912 2276 σημαίνει
2938 2205 3194 2274 τοὺνομα,
3221 2206 3314 2260 καὶ
3346 2205 3408 2258 τὸ
3439 2205 3720 2258 καλεῖσθαι

2152 2297 2342 2364 Λόγον,
2367 2297 2424 2348 οὐ
2455 2295 2508 2348 τί
2532 2298 2646 2348 ἐστι
2670 2297 2809 2350 κατὰ
2831 2296 3012 2364 φύσιν,
3045 2296 3372 2368 παρίστησιν
3389 2297 3569 2358 αὐτὸν,
3588 2297 3723 2350 ἀλλὰ

2153 2390 2284 2460 φέρε
2315 2391 2509 2455 είπείν,
2547 2385 2657 2442 οἷον
2689 2390 2802 2460 ἔχει
2834 2391 2894 2443 τὸ
2921 2390 3294 2460 ἐπιτήδευμα·
3335 2392 3388 2443 τί
3434 2391 3610 2460 μάτην
3630 2391 3721 2442 τὸν

2152 2485 2542 2556 εὐαγγελιστὴν
2589 2485 2976 2555 θαυμάζομενς
3019 2485 3135 2547 πῶς
3169 2484 3225 2535 δὲ
3256 2485 3348 2537 καὶ
3376 2484 3576 2554 ἐκλήθη
3607 2483 3733 2550 υίὸς,

2155 2577 2401 2646 βροντῆς,
2422 2577 2496 2638 ὡς
2530 2577 2671 2645 μέγα
2694 2593 2744 2627 τι
2779 2575 3017 2644 λαλήσας
3055 2577 3148 2627 καὶ
3181 2576 3515 2645 ὑπέρογκον·
3545 2576 3720 2628 καίτοι

2153 2665 2366 2728 πολλοῖς
2395 2667 2650 2734 ὀνόμασιν
2705 2664 3084 2733 ἀποκαλούσης
3129 2664 3217 2716 τὸν
3263 2665 3389 2715 Υἱδν
3421 2667 3521 2733 τῆς
3570 2664 3722 2724 Θείας

2153 2756 2404 2826 Γραφῆς;
2469 2754 2631 2807 Ἀλλὰ
2681 2755 2850 2821 Λόγον
2887 2752 3122 2822 εἰρηκὼς
3145 2794 3159 2816 ,
3209 2753 3508 2822 παράδοξόν
3541 2770 3593 2804 τι
3627 2753 3728 2805 καὶ

2155 2846 2429 2916 ὑπερφυὲς
2473 2843 2773 2912 ἐφθέγξατο
2800 2885 2814 2906 ,
2872 2843 2964 2895 καὶ
3021 2843 3174 2894 οὐδὲν
3217 2843 3401 2912 ἕτερον
3451 2845 3542 2896 ἐπὶ
3575 2844 3727 2912 αὐτῴ

2154 2936 2534 3008 προστέθεικεν
2563 2977 2575 2998 ,
2615 2927 2724 2986 οἷον
2776 2935 2868 2986 ἐπὶ
2906 2932 2999 2986 τοῦ
3047 2933 3259 2985 Παύλου
3315 2934 3582 3002 φαίνεται,
3638 2934 3719 2996 τὸ,

2161 3044 2177 3075 ι
2217 3023 2428 3085 Παῦλος
2455 3022 2750 3084 ἀπόστολος
2772 3038 2785 3050 ·
2825 3040 2843 3072 ι
2867 3020 3112 3090 ἠρκέσθη
3147 3020 3202 3072 δὲ
3227 3021 3304 3092 τῷ
3337 3023 3530 3082 εἰπεῖν,
3562 3023 3590 3074 6
3623 3022 3722 3074 Λό-

485 3115 575 3161 cst
627 3106 773 3161 ﬁlius
829 3109 1097 3174 tonitrui,
1139 3119 1402 3180 tanquam
1447 3128 1700 3182 magnum
1745 3113 2053 3182 aliquod'et

2155 3131 2268 3182 γος,
2292 3115 2371 3176 είς
2398 3113 2456 3164 τὸ
2488 3115 2833 3182 παραστῆσαι
2876 3111 2970 3164 τοῦ
3003 3111 3129 3164 Υίδῢ
3171 3112 3267 3181 τὴν
3303 3111 3486 3165 οὐσίαν
3515 3129 3526 3142 ·
3563 3110 3722 3174 αὐτὸς

487 3198 723 3253 sublime
778 3199 1036 3264 locutus,
1094 3202 1220 3257 licet
1267 3203 1452 3258 divina
1508 3203 1794 3274 Scriptura
1863 3206 2053 3260 multis

487 3291 806 3348 nominibus
837 3291 1035 3347 Filium
1073 3294 1443 3365 indigitante?
1476 3297 1546 3350 At
1583 3311 1708 3350 cum
1749 3296 1886 3350 dixit
1923 3296 2057 3350 Ver-

487 3381 615 3434 bum
635 3423 650 3445 ,
676 3384 1001 3439 admirabile
1023 3386 1297 3455 quoddam
1317 3395 1371 3440 et
1394 3387 1815 3456 supernaturale
1840 3385 2056 3440 locutus

486 3480 604 3536 est,
647 3475 895 3544 nihilque
929 3477 1077 3529 aliud
1117 3477 1166 3530 ci
1215 3476 1450 3546 adjecit,
1492 3485 1552 3531 ut
1599 3491 1825 3531 cernere
1867 3483 1952 3531 est
1990 3477 2058 3531 de

487 3563 660 3620 Paulo
682 3607 696 3630 ,
735 3567 875 3629 huc,
906 3586 924 3617 ‹
945 3565 1150 3623 Paulus
1185 3570 1506 3638 apostolus:
1541 3589 1561 3620 ι
1583 3576 1876 3624 contentus
1925 3582 2057 3621 vero

488 3663 574 3710 est
595 3657 800 3720 dicere,
821 3656 1057 3713 Verbum
1082 3698 1096 3722 ,
1125 3660 1192 3713 ad
1222 3659 1607 3714 declarandam
1639 3657 1762 3714 Filii
1792 3660 2055 3715 substan-

488 3745 620 3797 tiam
644 3761 658 3809 ;
685 3747 802 3814 ipse
832 3747 997 3815 igitur
1022 3757 1104 3803 est
1132 3764 1319 3803 verum
1347 3747 1589 3804 Verbum
1620 3748 1800 3804 Patris
1820 3786 1836 3811 ,
1865 3758 1923 3803 et
1947 3765 2057 3803 non

491 3835 640 3890 alius
666 3837 956 3906 quisquam
984 3848 1180 3909 praeter
1208 3841 1383 3894 illum.
1408 3841 1563 3907 Quod
1594 3841 1642 3895 si
1670 3841 1740 3895 ob
1767 3841 1907 3895 hanc
1929 3855 2061 3895 cau-

491 3943 607 3982 sam
648 3929 1034 3985 existimarunt
1075 3932 1263 3988 hostes
1301 3933 1508 3988 Christi
1551 3948 1658 3987 non
1697 3948 1820 3988 esse
1859 3931 2057 3986 Filium

490 4020 638 4074 Patri
681 4022 1213 4079 consubstantialem
1237 4063 1250 4088 ,
1283 4025 1504 4094 quando
1534 4039 1715 4093 neque
1742 4022 1906 4078 Pater
1931 4024 2062 4077 Ver-

490 4111 621 4166 bum
648 4154 663 4178 ,
706 4130 886 4184 neque
926 4113 1168 4170 Verbum
1210 4117 1373 4170 Pater
1397 4158 1412 4181 ,
1449 4125 1505 4171 et
1539 4117 1806 4170 unitatem
1847 4123 2061 4169 naturae

488 4204 649 4275 673
687 4205 994 4261 differentia
1027 4209 1308 4262 nominum
1344 4208 1519 4264 scindi
1551 4208 1946 4273 crediderunt,
1975 4208 2060 4262 di-

491 4303 616 4347 cant
646 4297 807 4352 nobis
835 4299 1113 4367 quomodo
1142 4301 1463 4370 progenitor
1488 4300 1661 4354 Adam
1695 4299 2061 4353 consubstan-

491 4385 638 4439 tialis
668 4388 772 4439 erit
815 4402 844 4439 a
881 4404 939 4442 se
983 4389 1206 4458 genito,
1255 4404 1378 4443 cum
1435 4404 1537 4444 nec
1584 4391 1701 4458 ipse
1749 4387 1885 4442 Abel
1933 4401 2061 4442 esse

492 4476 696 4544 possit,
755 4493 931 4546 neque
993 4478 1210 4534 futurus
1271 4479 1342 4534 sit
1395 4493 1638 4548 unquam
1691 4477 1906 4531 Adam:
1961 4475 2058 4531 sed

491 4565 833 4621 identitatem
866 4579 1076 4624 naturae
1116 4586 1397 4639 nunquam
1435 4571 1589 4625 tollet
1629 4569 1911 4624 nominum
1949 4567 2058 4622 dif-

2155 3207 2264 3275 ἄρα
2284 3203 2430 3256 ἐστὶν
2457 3206 2484 3256 6
2510 3203 2760 3272 ἀληθινὸς
2782 3205 2953 3270 Λόγος
2981 3203 3073 3256 τοῦ
3097 3203 3329 3272 Πατρδς,
3363 3203 3456 3254 καὶ
3483 3203 3578 3272 οὐχ
3608 3203 3724 3254 ἐτε-

2157 3295 2349 3364 ρόςτῑς
2383 3293 2511 3362 παρ’
2537 3293 2764 3345 ἐκεῖνον.
2799 3294 2860 3346 Εἰ
2887 3294 2942 3346 δὲ
2975 3293 3062 3346 διὰ
3088 3293 3293 3363 ταύτην
3332 3293 3601 3346 ὑπέλαϐον
3626 3292 3724 3360 τὴν

2155 3383 2334 3436 αἰτίαν
2363 3383 2426 3434 ol‘
2451 3383 2830 3452 χριστομάχοι,
2889 3383 2964 3453 μὴ
2993 3379 3132 3437 εἶναι
3163 3383 3256 3435 τὸν
3288 3383 3413 3435 Υἱὸν
3441 3382 3723 3452 όμοούσιον

2155 3473 2234 3543 τῷ
2262 3472 2455 3542 Πατρὶ,
2486 3473 2606 3524 ἐπεὶ⁵
2637 3474 2774 3542 μήτε
2805 3476 2832 3527 6
2868 3474 3078 3544 Πατὴρ,
3107 3474 3298 3541 Λόγος,
3329 3475 3463 3544 μήτε
3491 3475 3520 3526 ό
3554 3473 3728 3541 Λόγος

2157 3568 2346 3637 Πατήρ
2368 3583 2382 3599 ο
2434 3569 2526 3621 καὶ
2565 3567 2664 3636 τὴν
2719 3566 2945 3635 ἑνότητα
2973 3565 3070 3634 τῆς
3111 3565 3346 3632 φύσεως,
3375 3566 3451 3635 τῷ
3485 3565 3726 3634 διαφόρῳ

2156 3656 2264 3709 τῶν
2289 3659 2568 3727 ὀνομάτων
2593 3655 2974 3727 διατέμνεσθαι
3011 3657 3407 3710 πεπιστεύκασι
3429 3673 3442 3686 ο
3491 3659 3726 3724 λεγέτω-

2161 3763 2258 3800 σαν
2285 3750 2438 3818 ἡμῖν,
2481 3747 2598 3811 πῶς
2624 3750 2652 3801 6
2699 3747 2999 3818 προπάτωρ
3043 3748 3215 3819 Ἀδὰμ
3256 3750 3534 3818 όμοούσιος
3573 3750 3725 3802 ἔσται

2159 3837 2293 3907 πρὸς
2331 3839 2419 3891 τὸν
2451 3839 2509 3905 ἐξ
2531 3837 2693 3892 αὐτοῦ
2726 3841 3007 3908 γεγονότα,
3035 3839 3159 3893 οὐτε
3202 3841 3365 3904 αὐτὸς
3397 3841 3560 3894 Ἀϐελ
3590 3837 3740 3894 εῖναι-

2148 3907 2473 3996 ⁹δυνάμενος,
2491 3927 2613 3980 οὐτε
2644 3907 2748 3998 μὴν
2773 3929 2864 3982 τοῦ
2897 3929 3064 3982 ’Λϐελ
3096 3933 3354 4000 ἐσομένου
3379 3932 3726 4002 ποτὲἈδάμ;

2160 4018 2276 4071 ἀλλ’
2305 4019 2402 4071 οὐκ
2435 4018 2654 4072 ἐκϐαλεῖ
2692 4020 2790 4089 τῆς
2830 4020 3015 4084 οὐσίας
3064 4022 3162 4092 τὴν
3201 4023 3504 4092 ταυτότητά
3547 4025 3581 4092 ὴ
3620 4023 3732 4074 τῶν

2161 4109 2438 4179 ὀνομάτων
2461 4109 2710 4180 διαφορά.
2753 4112 2814 4164 El
2841 4111 2895 4164 δὲ
2921 4112 3078 4166 τοῦτο
3108 4115 3204 4166 ἐπὶ·
3231 4115 3463 4184 γενητῆς
3491 4115 3584 4167 καὶ
3608 4131 3729 4166 κτι-

2164 4202 2293 4271 στῆς
2327 4201 2560 4269 φύσεως,
2596 4202 2714 4266 πῶς
2733 4204 2834 4255 οὐκ
2868 4203 3060 4267 ἀσεϐὲς
3093 4206 3186 4257 ἐπὶ
3214 4206 3312 4275 τῆς
3341 4207 3601 4276 ἀγενήτου
3630 4207 3732 4274 φύ-

2164 4309 2300 4355 σεως
2323 4293 2496 4346 ἐκεῖνο
2513 4293 2756 4359 δοξάζειν
2782 4295 2959 4348 πάντα
2977 4295 3376 4367 ὑπερκειμένης
3391 4296 3464 4349 ’τὰ
3493 4297 3693 4366 γενητὰ
3715 4313 3729 4360 ;

2162 4384 2236 4447 ὡς
2263 4379 2355 4438 οὖν
2393 4386 2548 4457 εἴπερ
2573 4382 2641 4456 ἦν
2669 4388 2995 4456 ἐτερούσιος,
3023 4388 3122 4441 οὐκ
3147 4387 3213 4440 ἂν
3233 4384 3299 4458 ἦν
3339 4389 3512 4456 Λόγος
3545 4387 3733 4459 ἀληθι-

2092 4458 2139 4516 Ῑ)
2165 4475 2272 4540 νὸς,
2315 4476 2487 4541 οὓτως
2535 4477 2829 4548 ἐπειδήπερ
2880 4479 3026 4534 ἐστὶν
3049 4479 3352 4550 όμοούσιος,
3379 4458 3644 4550 ἀληθινὸς
3667 4479 3734 4531 ἂν

2167 4569 2250 4640 εἴη
2276 4571 2463 4638 Λόγος.

493 4660 920 4728 ferentia.Quod
963 4665 1008 4717 si
1050 4664 1154 4717 hoc
1215 4665 1454 4734 ingenita
1493 4675 1549 4720 et
1586 4673 1774 4718 creata
1816 4673 2010 4718 natura
2046 4664 2140 4729 sit,
2175 4663 2454 4734 quomodo
2499 4679 2609 4716 non
2646 4663 2872 4734 impium
2907 4672 2992 4720 est
3031 4664 3161 4718 illud
3196 4665 3408 4734 Opinari
3447 4665 3501 4718 in
3538 4670 3735 4717 natura

491 4753 757 4824 ingenita,
789 4765 842 4809 et
876 4756 1058 4809 omnia
1097 4757 1282 4826 genita
1321 4757 1813 4827 supergrediente?
1853 4764 1912 4810 ut
1953 4756 2140 4826 igitur,
2178 4757 2224 4809 si
2265 4764 2414 4810 esset
2451 4755 2591 4810 alius
2625 4756 2975 4820 substantiae,
3022 4772 3131 4810 non
3177 4766 3322 4812 esset
3362 4771 3550 4812 verum
3601 4754 3737 4810 Ver-

491 4846 620 4900 bum
643 4887 657 4909 ,
703 4848 773 4899 ita
809 4846 936 4913 quia
961 4849 1551 4908 estconsubtanlialis.
1582 4865 1769 4903 verum
1809 4849 1999 4918 utique
2034 4847 2271 4902 Verbum
2307 4846 2562 4902 exsistet.

562 4942 632 5003 Χ,
667 4943 755 4996 37.
792 4940 850 4994 Si
880 4959 982 4995 non
1021 4943 1159 5010 facio
1199 4958 1357 5011 opera
1400 4943 1580 4996 Patris
1618 4944 1740 5010 mei,
1766 4961 1829 4998 ne
1865 4942 2062 4997 credite

493 5034 640 5093 mihi,
671 5043 777 5088 etc.

564 5123 716 5189 Quod
744 5123 899 5188 dicit,
929 5124 1246 5193 huiusmodi
1282 5132 1387 5182 est.
1419 5125 1871 5195 Quandoquidem
1905 5124 2065 5179 facile

493 5226 576 5270 est
611 5224 666 5268 ιιι
693 5217 890 5286 aliquis
927 5217 1078 5271 dicat
1120 5226 1330 5286 patrem
1363 5233 1521 5271 suum
1560 5219 1750 5281 Deum,
1784 5217 1878 5272 sed
1921 5216 2064 5270 διαι-

498 5308 622 5370 cile,
655 5308 764 5360 imo
791 5324 955 5377 supra
989 5317 1202 5363 naturae
1224 5316 1423 5362 creata:
1446 5308 1552 5361 vim
1582 5310 1844 5377 positum,
1872 5317 1929 5361 ut
1960 5307 2063 5362 hoc

499 5412 558 5452 re
586 5405 639 5452 et
670 5398 880 5454 ell'ectis
911 5401 1165 5456 ostendat
1205 5419 1217 5455 :
1253 5417 1350 5470 per
1393 5415 1478 5463 ea,
1523 5401 1722 5470 inquit,
1762 5415 1884 5470 qua~
1917 5409 2065 5453 recte

498 5496 551 5542 et
586 5489 977 5544 convenienter
1017 5490 1128 5546 Deo
1183 5491 1343 5556 facio,
1372 5491 1602 5560 aequalis
1652 5489 1762 5544 Deo
1810 5497 1864 5543 et
1916 5488 2062 5542 Patri

497 5595 718 5648 ('ernor,
749 5595 851 5634 nec
879 5595 1102 5637 causam
1150 5581 1336 5640 dicere
1365 5583 1596 5654 potestis
1649 5597 1750 5636 cur
1785 5595 1892 5635 non
1941 5594 2062 5634 cre-

573 5763 615 5794 ”
657 5762 802 5818 Psal.
836 5776 1104 5828 Lxxxvm,
1141 5763 1189 5820 7.
1270 5765 1310 5795 ³ο
1353 5764 1494 5822 l‘sal.
1531 5779 1693 5820 Lxxxt
1719 5804 1732 5830 ,
1765 5763 1831 5829 6,
1875 5762 1926 5818 7.

2237 4944 2308 4996 El
2361 4942 2433 4994 οὺ
2467 4939 2614 4994 ποιῶ
2654 4939 2728 4992 τὰ
2771 4939 2914 5008 ἔργα
2944 4938 3049 4993 τοῦ
3090 4939 3319 5007 Πατρός
3345 4957 3486 5008 μου,
3511 4941 3599 5010 μὴ’
3639 4959 3734 4994 π(-

2168 5031 2410 5088 στεύετέ
2436 5049 2556 5100 μοι,
2589 5032 2684 5084 καὶ
2708 5031 2777 5084 τὰ
2807 5030 2954 5100 ἐξῆς.

2245 5125 2310 5175 Ὀ
2348 5122 2516 5190 λέγει,
2555 5120 2790 5174 τοιοῦτόν
2831 5122 2998 5172 ἐστιν.
3057 5119 3272 5190 Ἐπειδὴ
3305 5119 3364 5172 τὸ
3411 5121 3585 5173 εἰπεῖν
3617 5137 3737 5172 τινα

2171 5215 2382 5285 πατέρα
2415 5215 2503 5267 τὸν
2533 5212 2664 5266 Θεὸν
2709 5212 2964 5282 εὐχερές’
2997 5210 3058 5263 τὸ
3089 5211 3186 5281 μέν
3223 5229 3305 5264 τοι
3347 5210 3517 5274 δεῖξαι
3544 5211 3614 5263 δι’
3646 5211 3737 5280 ἕρ-

2169 5324 2303 5375 γων,
2335 5305 2492 5358 τοῦτο
2517 5304 2773 5374 δυσχερὲς
2807 5303 2898 5355 καὶ
2937 5301 3196 5355 ἀδύνατον
3221 5306 3286 5374 τῇ
3321 5303 3514 5355 κτίσει·
3551 5305 3631 5356 Δι’
3660 5298 3737 5357 ὧν

2170 5395 2442 5467 κατορθῶ,
2475 5394 2608 5465 φησι
2631 5435 2645 5457 ,
2677 5393 2998 5463 θεοπρεπῶς
3021 5431 3036 5457 ,
3078 5393 3190 5456 ἴσος
3223 5394 3481 5463 φαίνομαι
3512 5391 3589 5463 τῷ
3617 5393 3736 5462 Θεῷ

2171 5489 2267 5543 καὶ
2293 5487 2462 5558 Πατρί
2486 5503 2499 5518 ο
2534 5485 2627 5539 καὶ
2653 5484 2878 5553 οὐδεμία
2903 5484 3027 5553 ὑμῖν
3053 5485 3313 5552 ἀπολογία
3339 5480 3642 5545 ἀπιστοῦσι,
3667 5485 3734 5552 τῇ

2173 5579 2338 5650 πείρᾳ
2361 5577 2644 5648 μαθοῦσιν,
2676 5576 2762 5630 ὅτι
2797 5575 2908 5639 ἴσος
2937 5575 3052 5646 εἰμὶ
3074 5575 3150 5646 τῷ
3178 5573 3374 5646 Πατρὶ,
3409 5575 3477 5629 δι’
3500 5571 3575 5632 ὧν
3602 5571 3738 5628 ποιῶ

2003 5763 2042 5794 ³⁸
2085 5759 2104 5814 1
2146 5759 2297 5817 Joan.
2331 5775 2425 5827 Ill,
2463 5761 2508 5813 I.
