4106 6262
426 319 499 374 35
1258 304 1340 371 ix
1378 310 1828 374 )OANNEM.‘—
1862 315 1999 375 UB.

2101 315 2114 371 I
2149 310 2235 372 ΕΤ
2272 314 2385 371 VIII
2420 316 2861 373 FRAGMENTA.
3605 326 3677 380 36

428 428 751 501 θεοπρεπῶν
798 428 974 499 ἔργων
1000 469 1016 495 ,
1049 427 1239 481 circa!"
1260 428 1348 482 διὰ
1377 428 1479 500 τὴν
1521 429 1700 500 σάρκα
1734 427 1892 493 ἔδοξά
1914 445 2000 493 τις

2105 427 2272 493 datis,
2305 442 2435 483 cum
2486 429 2823 499 experientia
2854 427 3163 485 didiceritis
3194 445 3281 487 me
3315 432 3459 488 Patri
3489 449 3677 507 πεφιλι-

427 517 566 576 εἶναι
596 521 725 590 παρ’
750 519 897 589 ὑμῖν,
928 518 1004 581 ὡς
1025 512 1105 582 εἷς
1120 518 1228 572 τῶν
1260 519 1493 573 πολλῶν.
1530 518 1809 572 Ἐντεῦθεν
1846 519 2004 571 δυνα-

426 611 519 665 τὸν
548 613 747 664 ἐννοεῖν
775 611 858 663 ὅτι
898 627 918 660 ι
955 608 1097 677 Ἐγὼ
1130 611 1188 662 ὲν
1213 608 1290 679 τῷ
1313 608 1487 680 Harp!
1525 609 1621 662 καὶ
1653 611 1682 662 6
1709 608 1898 680 Πατὴρ
1944 611 2003 661 ὲν

427 701 571 771 ἐμοί.
606 720 625 753 ι
673 701 738 754 Ἦ
775 700 885 770 γὰρ
929 702 1028 771 τῆς
1055 699 1243 762 οὐσίας
1269 700 1558 771 ταυτότης,
1583 698 1673 752 τὸν
1698 697 1917 769 Πατέρα
1944 700 2002 750 ὲν

427 791 541 860 Υίῷ
562 792 656 844 καὶ
686 792 781 844 τὸν
813 791 940 844 Υἱὸν
966 793 1023 844 ὲν
1051 791 1229 861 Harp!
1257 785 1397 844 εἶναι
1438 790 1533 845 καὶ
1569 789 1801 861 ὁρᾶσθαι
1836 789 1999 845 ποιεῖ.

427 882 536 935 Καὶ
566 882 677 953 γὰρ
707 882 805 935 καὶ
847 883 932 950 ἐφ’
983 882 1142 952 ἡμῶν
1180 884 1214 952 ἠ
1256 880 1350 935 τοῦ
1386 881 1597 952 Πατρδς
1646 880 1802 951 ἡμῶν
1844 879 2001 933 οὐσία

427 971 753 1039 γινώσκεται
781 974 841 1025 ὲν
890 972 966 1041 τῷ
1005 972 1135 1041 παρ’
1180 972 1347 1027 αὐτοῦ
1400 973 1669 1043 τεχθέντι,
1695 975 1789 1026 καὶ
1819 974 1878 1026 ὲν
1924 970 2003 1042 τῷ

428 1059 640 1113 τεκόντι
673 1059 834 1114 πάλιν
864 1062 898 1129 ἡ
940 1061 1035 1114 τοῦ
1077 1061 1379 1132 τεχθέντος.
1427 1058 1523 1127 Εἷς
1554 1064 1662 1136 γὰρ
1697 1065 1756 1115 ὲν
1781 1064 1946 1117 πᾶσιν
1974 1064 2004 1117 6

427 1152 525 1216 τῆς
551 1150 765 1220 φύσεως
789 1152 934 1222 ὅρος,
963 1153 1060 1206 καὶ
1093 1152 1150 1206 ἓν
1180 1156 1231 1207 οἱ
1256 1156 1456 1219 πάντες
1483 1157 1549 1226 τῇ
1598 1154 1779 1224 φύσει.
1827 1155 1915 1209 Ἐν
1943 1152 2003 1209 δὲ

430 1243 507 1314 τῷ
529 1242 955 1314 διακεχωρίσθαι
997 1246 1146 1314 ἡμᾶς
1183 1248 1297 1309 τοῖς
1344 1246 1591 1317 σώμασιν
1610 1285 1625 1310 ,
1656 1246 1837 1300 οὐκέτι
1872 1246 1930 1300 ἓν
1951 1247 2004 1300 οἱ

429 1332 648 1387 πολλοίο
695 1335 833 1404 ὅπερ
861 1334 962 1387 οὐκ
1003 1334 1151 1390 ἔστιν
1200 1338 1373 1390 εἰπεῖν
1412 1338 1505 1390 ἐπὶ
1546 1337 1642 1392 τοῦ
1675 1339 1815 1392 κατὰ
1842 1333 2004 1408 φύσιν

428 1423 586 1481 Θεοῦ.
630 1424 944 1496 ’Δσώματον
967 1425 1075 1498 γὰρ
1095 1427 1157 1481 τὸ
1183 1428 1344 1494 θεῖον,
1389 1429 1440 1481 εἰ
1467 1430 1562 1482 καὶ
1579 1431 1638 1483 ὲν
1673 1428 2005 1494 ἰδιαζούσαις

430 1513 700 1585 ὐπάρξεσι
720 1516 821 1584 τὴν
837 1515 999 1583 ἁγίαν
1018 1516 1250 1587 νοοῦμεν
1269 1517 1497 1589 Τριάδα.
1520 1517 1710 1590 Πατὴρ
1734 1519 1842 1591 γάρ
1853 1520 2005 1573 ἐστιν

430 1606 459 1656 6
491 1605 703 1675 Πατὴρ,
738 1606 833 1658 καὶ
858 1606 957 1677 οὐχ
986 1606 1117 1669 Υἱός
1138 1621 1152 1635 ⁸
1178 1606 1307 1670 Υίὸς
1340 1607 1399 1660 δὲ
1427 1606 1589 1661 πάλιν
1616 1609 1646 1661 6
1672 1608 1799 1671 Υίὸς
1822 1610 1916 1663 καὶ
1938 1611 2000 1665 οὐ

2106 519 2213 574 lem
2262 534 2407 585 esse,
2435 534 2503 574 ex
2554 521 2627 576 iis
2664 520 2927 591 operibus
2974 535 3095 589 qua:
3130 519 3273 576 facio
3313 519 3425 577 Deo
3471 539 3677 579 conve-

2105 609 2412 674 nientibus,
2459 611 2568 666 etsi
2623 619 2849 681 propter
2903 625 3121 666 carnem
3164 611 3315 667 visus
3366 614 3470 668 sim
3520 615 3680 671 vobis

2104 710 2369 770 tanquam
2400 717 2601 758 unuse
2629 703 2813 772 vulgo.
2849 699 3006 758 Unde
3034 710 3215 772 potest
3245 702 3481 774 intelligi
3505 705 3677 775 quod,

2066 774 2077 795 ¹
2112 810 2130 843 ι
2168 789 2283 861 Ego
2317 792 2371 846 in
2412 790 2593 858 Patre,
2615 800 2671 846 et
2696 794 2866 847 Pater
2891 792 2947 846 in
2983 808 3070 847 me
3093 794 3159 847 ⁸¹.
3194 814 3213 846 »
3257 794 3391 849 Nam
3419 774 3680 852 substan—

2104 884 2199 939 tia:
2231 883 2496 939 identitas
2528 882 2749 938 Patrem
2808 885 2862 939 in
2908 878 3053 939 Filio
3083 894 3139 940 et
3184 884 3381 940 Filium
3415 887 3466 941 in
3514 885 3680 944 Patre

2103 990 2229 1030 esse
2269 989 2334 1029 ac
2373 973 2544 1030 videri
2576 973 2728 1030 facit.
2750 972 2967 1029 Etenim
3001 976 3171 1031 etiam
3212 976 3266 1031 in
3304 978 3463 1033 nobis
3496 977 3677 1036 Patris

2105 1064 2281 1118 nostri
2317 1063 2631 1119 substantia
2676 1062 3042 1133 cognoscitur
3074 1063 3131 1117 in
3172 1078 3238 1117 eo
3265 1080 3423 1134 quem
3466 1067 3676 1135 genuit,

2102 1162 2160 1210 et
2192 1155 2435 1211 vicissim
2476 1156 2532 1210 in
2577 1155 2825 1226 genitore
2864 1150 3053 1225 geniti.
3087 1152 3242 1209 Unus
3284 1156 3429 1210 enim
3472 1157 3527 1211 in
3559 1172 3679 1212 om-

2102 1245 2266 1301 nibus
2291 1254 2374 1301 est
2402 1255 2613 1301 natura:
2638 1247 2929 1312 terminus,
2952 1255 3006 1299 et
3031 1260 3221 1301 omnes
3247 1254 3442 1300 natura
3482 1260 3675 1303 unum.

2104 1336 2213 1393 Sed
2253 1353 2321 1394 eo
2359 1343 2505 1409 quod
2537 1339 2868 1409 corporibus
2901 1338 3141 1408 separati
3173 1353 3388 1402 sumus,
3419 1339 3531 1408 jam
3565 1356 3678 1395 non

2102 1428 2344 1499 amplius
2377 1430 2539 1484 multi
2576 1444 2771 1495 unum,
2799 1429 2951 1499 quod
2975 1428 3197 1499 quidem
3224 1429 3334 1483 dici
3364 1445 3475 1483 non
3504 1438 3679 1499 potest

2103 1518 2172 1573 de
2228 1517 2341 1574 Deo
2385 1520 2688 1575 secundum
2744 1528 3023 1574 naturam.
3072 1517 3343 1574 Divinitas
3398 1520 3543 1575 enim
3594 1529 3681 1575 est

2107 1610 2463 1681 incorporea,
2487 1611 2711 1667 tametsi
2742 1611 2800 1666 in
2839 1610 3078 1682 propriis
3108 1612 3342 1666 seorsim
3367 1612 3678 1668 subsisten-

430 1695 650 1766 Πατήρ·
684 1698 779 1749 καὶ
809 1696 1033 1768 Πνεῦμα
1057 1697 1211 1766 ἅγιον
1230 1688 1542 1762 ’ἰδιαζόντως
1571 1698 1636 1752 τὸ
1672 1699 1916 1772 Πνεῦμα,
1953 1704 2000 1756 εί

2107 1699 2201 1754 tiis
2243 1706 2496 1754 sanctam
2557 1699 2905 1769 concipimus
2938 1698 3286 1754 Trinitatem.
3326 1698 3490 1755 Pater
3531 1703 3678 1756 enim

430 1787 523 1840 καὶ
544 1787 646 1839 οὐκ
674 1787 814 1840 εἰσὶν
844 1788 905 1840 ἐν
936 1787 1235 1853 διαστάσει,
1265 1789 1354 1843 διὰ
1388 1788 1489 1859 τὴν
1512 1791 1649 1863 πρὸς
1670 1791 1872 1863 ἄλληλα
1890 1811 2004 1848 κοι-

430 1875 623 1929 νωνίαν
653 1892 713 1929 τε
740 1877 836 1931 καὶ
861 1876 1107 1948 ἑνότητα.
1149 1880 1297 1943 Μιᾶς
1335 1879 1515 1935 τοίνυν
1553 1880 1722 1953 οὔσης
1751 1882 2004 1955 θεότητος

429 1968 486 2020 ὲν
510 1967 685 2036 Harp!
707 1967 802 2021 καὶ
824 1967 939 2038 Υἱῷ
969 1970 1064 2022 καὶ
1094 1969 1234 2041 ἁγίῳ
1258 1970 1558 2042 Πνεύματι,
1591 1973 1683 2026 τὸν
1706 1975 1922 2046 Πατέρα
1946 1977 2004 2030 ἐν

432 2057 565 2129 Υἱῷ,
594 2059 686 2112 τὸν
706 2060 762 2112 δὲ
790 2059 917 2112 Υίὺν
955 2062 1013 2113 ἐν
1042 2062 1219 2131 Harp!
1245 2062 1477 2133 λέγομεν
1521 2065 1770 2135 ὁρᾶσθαι.
1812 2066 2005 2135 ’Δναγ-

430 2153 582 2203 καῖον
602 2150 659 2203 δὲ
679 2150 900 2203 κάκεῖνο
919 2149 1137 2216 εἰδέναι,
1154 2139 1349 2223 ὅτιπερ
1363 2153 1425 2206 οὐ
1448 2153 1510 2207 τὸ
1529 2153 1812 2223 βούλεσθαι
1832 2156 2006 2211 ταυτα

431 2240 509 2310 τῷ
532 2241 709 2312 Harp!
733 2281 749 2306 ,
777 2241 896 2295 οὐδὲ
923 2241 986 2295 τὸ
1031 2242 1158 2311 μίαν
1186 2243 1333 2313 ἔχειν
1372 2244 1507 2316 πρὸς
1548 2246 1714 2300 αὐτὸν
1754 2247 2001 2319 γνώμην,

432 2331 845 2402 παρασκευάζει
859 2331 1037 2400 λέγειν
1060 2334 1149 2386 τὸν
1175 2334 1324 2387 Υίόν·
1345 2354 1363 2387 ι
1386 2335 1527 2405 Ἐγὼ
1544 2337 1603 2391 ὲν
1620 2338 1700 2409 τῷ
1717 2339 1890 2410 Πατρὶ
1910 2341 2005 2393 καὶ⁵

430 2423 459 2473 6
480 2420 666 2492 Πατὴρ
688 2424 746 2474 ὲν
776 2422 920 2493 ἐμοὶ,
942 2441 962 2474 ι
994 2424 1090 2477 καὶ
1118 2444 1136 2475 ι
1162 2424 1304 2494 Ἐγὼ
1328 2427 1422 2481 καὶ
1441 2428 1469 2480 6
1487 2427 1675 2498 Πατὴρ
1690 2428 1748 2481 ἓν
1779 2429 1964 2499 ἐσμενσ
1980 2450 1998 2481 ι

430 2512 545 2566 ἀλλ’
575 2514 660 2567 ὃτι
689 2514 787 2584 τῆς
837 2513 933 2566 τοῦ
986 2516 1199 2584 Πατρδς
1245 2517 1435 2580 οὐσίας
1486 2519 1712 2590 γνήσιον
1745 2519 2006 2591 ὑπάρχων

430 2604 698 2675 γέννημα,
732 2604 912 2673 φαίνει
948 2608 1047 2676 μὲν
1075 2610 1134 2660 ὲν
1164 2608 1343 2679 ἑαυτῷ
1366 2610 1458 2662 τὸν
1482 2610 1723 2681 Πατέρα,
1756 2611 2006 2680 φαίνεται

430 2695 485 2749 δὲ
527 2696 623 2750 καὶ
660 2697 823 2760 αὐτὸς
865 2700 921 2751 ὲν
957 2699 1151 2769 Πατρί.
1200 2701 1337 2769 Φησὶ
1368 2702 1476 2773 γὰρ
1504 2703 1586 2755 ὅτι
1632 2703 1701 2755 τὰ
1742 2703 1881 2756 αὐτὰ
1912 2703 2005 2757 καὶ

431 2787 679 2858 βούλεται
706 2790 802 2844 καὶ
837 2790 989 2844 λαλεῖ
1016 2792 1111 2845 καὶ
1155 2792 1330 2862 ίσχύει
1359 2794 1438 2863 τῷ
1462 2795 1658 2864 Πατρὶ,
1691 2794 1785 2849 καὶ
1807 2811 2007 2865 κατορ-

416 2879 514 2932 λθοί
532 2880 768 2943 εὐκόλως
795 2880 827 2933 ὃ
852 2880 1015 2944 θέλει,
1048 2881 1143 2935 καὶ
1169 2881 1312 2953 ἅπερ
1343 2884 1372 2936 6
1398 2885 1587 2955 Πατὴρ
1611 2887 1776 2943 ποιεῖ.
1813 2885 1898 2937 (va
1917 2885 2007 2938 διὰ

427 2971 646 3024 πάντων
671 2970 853 3042 δειχθῇ
888 2972 1170 3042 ὀμοούσιος
1196 2972 1345 3043 αὐτῷ
1380 2975 1473 3027 καὶ
1499 2974 1599 3043 τῆς
1625 2974 1812 3037 οὐσίας
1838 2973 2003 3029 αὐτοῦ

2104 1797 2188 1844 est
2220 1788 2383 1843 Pater
2404 1797 2459 1844 et
2492 1802 2602 1844 non
2626 1787 2824 1855 Filius,
2855 1782 3029 1845 Filius
3064 1804 3257 1844 rursus
3287 1787 3459 1845 Filius
3487 1800 3540 1845 et
3567 1805 3679 1846 non

2103 1881 2289 1943 Pater,
2332 1888 2386 1936 et
2445 1879 2689 1951 Spiritus
2739 1889 2971 1938 sanctus
3008 1882 3361 1951 peculiariter
3413 1882 3679 1954 Spiritus,

2105 1970 2327 2024 tametsi
2383 1970 2527 2025 inter
2577 1985 2638 2026 se
2688 1985 2797 2026 non
2843 1969 3103 2025 dill‘erant
3151 1979 3377 2042 propter
3428 1986 3681 2026 commu—

2105 2059 2325 2114 nionem
2367 2060 2511 2115 inter
2549 2075 2609 2116 se
2642 2073 2708 2114 ac
2745 2061 3029 2116 unitatem.
3054 2059 3194 2115 Cum
3241 2061 3413 2131 igitur
3457 2074 3564 2114 una
3606 2061 3683 2117 sit

2109 2150 2290 2205 deitas
2318 2151 2374 2204 in
2415 2150 2580 2206 Patre
2607 2159 2664 2207 et
2699 2150 2846 2206 Filio
2887 2159 2943 2207 et
2977 2152 3188 2222 Spiritu
3218 2160 3436 2220 sancto,
3461 2151 3681 2207 Patrem

2105 2239 2161 2295 in
2194 2240 2331 2295 Filio
2361 2251 2414 2297 et
2442 2240 2643 2298 Filium
2675 2244 2731 2298 in
2747 2243 2910 2299 Patre
2931 2243 3456 2314 conspicidicimus.
3488 2242 3595 2298 Sed
3623 2249 3681 2298 et

2106 2331 2239 2385 illud
2288 2331 2430 2387 scire
2457 2348 2685 2388 necesse
2718 2341 2823 2399 est,
2857 2349 2967 2387 non
2995 2333 3142 2402 quod
3182 2333 3374 2387 eadem
3402 2333 3532 2387 velit
3551 2347 3680 2387 cum

2105 2420 2293 2486 Patre,
2325 2422 2488 2492 eique
2529 2423 2691 2493 plane
2719 2424 3057 2488 consentiat,
3096 2423 3219 2477 ideo
3247 2422 3383 2477 ellici
3417 2434 3474 2477 ut
3504 2420 3679 2479 Filius

2104 2511 2252 2566 dicat
2284 2530 2298 2567 :
2341 2530 2359 2563 ι
2397 2511 2510 2581 Ego
2544 2513 2600 2566 in
2635 2511 2797 2568 Patre
2825 2519 2879 2568 et
2913 2510 3076 2566 Pater
3100 2512 3153 2566 in
3192 2528 3314 2577 me;
3348 2531 3367 2563 ι
3398 2522 3473 2575 et,
3506 2530 3525 2564 ι
3564 2511 3679 2582 Ego

2090 2610 2159 2657 .et
2182 2602 2347 2658 Pater
2382 2618 2551 2658 unum
2587 2620 2823 2659 sumus:
2853 2623 2871 2656 ι
2912 2598 3018 2659 Sed
3070 2605 3195 2674 quia
3227 2619 3351 2659 cum
3394 2604 3466 2658 sit
3498 2601 3680 2659 Patris

2105 2697 2429 2751 substantias
2461 2712 2759 2766 germanus
2799 2710 2864 2751 ac
2912 2696 3187 2767 ingenuus
3233 2692 3397 2761 fetus,
3436 2695 3680 2751 ostendit

2106 2786 2160 2841 in
2201 2788 2388 2857 seipso
2421 2786 2666 2851 Patrem,
2695 2787 3008 2843 ostenditur
3040 2796 3093 2842 et
3126 2789 3243 2858 ipse
3287 2788 3340 2843 in
3375 2786 3557 2843 Patre.
3586 2789 3679 2843 Ait

2104 2878 2250 2934 enim
2279 2881 2469 2933 eadem
2516 2895 2575 2934 se
2607 2880 2744 2934 velle
2772 2888 2826 2934 et
2858 2880 3010 2949 loqui
3037 2888 3091 2935 et
3134 2895 3298 2949 posse
3337 2894 3460 2933 cum
3488 2877 3676 2945 Patre,

2105 2982 2158 3024 et
2197 2969 2355 3025 facile
2391 2970 2651 3040 perlicere
2682 2969 2829 3041 quod
2853 2972 3002 3036 velit,
3031 2984 3084 3026 et
3135 2970 3301 3043 674
3331 2985 3678 3041 quaecunque

427 3063 640 3132 καρπὸς
677 3062 913 3134 ἀληθήςο
956 3064 1053 3117 καὶ
1079 3064 1142 3117 οὐ
1168 3065 1329 3134 μόνον
1364 3064 1503 3135 ἔχων
1537 3066 1672 3137 πρὸς
1708 3066 1870 3119 αὐτὸν
1895 3066 2000 3120 ἑνό-

2104 3061 2267 3117 Pater
2295 3061 2481 3125 faciat,
2530 3073 2590 3117 ut
2640 3078 2735 3131 per
2782 3064 2967 3119 omnia
3002 3065 3410 3119 demonstretur
3436 3062 3678 3118 consub-

425 3164 565 3223 τητα
584 3152 841 3221 σχετικὴν
859 3154 914 3204 ὲν
947 3152 1129 3222 μόνοις
1146 3154 1352 3224 ὁμοίοις
1372 3155 1499 3227 θελή
1508 3173 1641 3226 μασι
1665 3156 1760 3210 καὶ
1783 3155 2002 3227 θεσμοῖς

426 3245 649 3314 ἀγάπης
665 3243 730 3297 "-6
744 3244 976 3308 καὶτοῖς
996 3244 1259 3316 κτίσμασι
1282 3250 1565 3318 προσεῖναι
1588 3248 1841 3318 λέγομεν.
1884 3249 2004 3302 Ἔτι

426 3335 521 3387 καὶ
543 3336 571 3386 6
602 3335 729 3398 Υἱὸς
750 3335 817 3386 ἐν
846 3326 924 3405 τῷ
952 3336 1129 3407 Harp!
1158 3337 1253 3390 καὶ
1277 3339 1306 3390 6
1332 3337 1521 3408 Πατὴρ
1543 3340 1601 3391 ὲν
1631 3338 1709 3408 τῷ
1741 3337 1854 3408 Υίῷ
1883 3354 2007 3408 νοη-

427 3425 649 3496 θήσεται
681 3425 824 3480 κατὰ
859 3425 1047 3481 τοῦτον
1073 3427 1166 3480 τὸν
1202 3428 1426 3499 τρόπον’
1446 3429 1551 3491 ὅτι,
1576 3429 1637 3482 οὐ
1662 3429 1912 3498 καθάπερ
1936 3429 2005 3484 τὰ

426 3518 729 3587 κτίσματα,
763 3520 827 3571 ὲκ
860 3518 954 3572 τοῦ
988 3519 1063 3589 μὴ
1092 3518 1244 3583 ὄντος
1287 3521 1367 3582 εἰς
1409 3519 1470 3573 τὸ
1503 3516 1642 3573 εἶναι
1673 3519 1948 3591 παρῆλθεν
1976 3522 2005 3573 6

426 3607 576 3669 Υἱὸς,
605 3607 640 3674 ἢ
668 3608 865 3672 ἔξωθέν
902 3610 1070 3662 ποθεν
1098 3610 1198 3680 τὴν
1227 3610 1322 3663 τοῦ
1354 3608 1494 3664 εἶναι
1522 3610 1779 3664 σύστασιν
1819 3611 2002 3682 ἔσχεν,

428 3697 543 3750 ἀλλ’
572 3699 635 3749 ὲκ
664 3698 760 3767 τῆς
798 3698 892 3750 τοῦ
939 3698 1153 3770 Has-p6;
1200 3699 1388 3763 οὐσίας
1417 3700 1686 3772 προῆλθεν
1712 3700 1903 3773 ὥσπερ
1941 3705 2005 3757 ὲκ

430 3790 610 3855 φωτὸς
630 3787 1004 3856 ἀπαύγασμα,
1035 3786 1070 3857 ἢ
1094 3788 1188 3841 καὶ
1210 3788 1325 3841 ἀπό
1366 3806 1510 3851 τινος
1540 3789 1726 3860 πηγῆς
1764 3790 2004 3845 ἐκϐαίνοι

428 3880 690 3948 πσταμός.
729 3878 915 3932 Ἔστιν
941 3876 1036 3934 οὖν
1084 3883 1200 3944 τοῖς
1238 3881 1412 3952 ὁρῶσι
1457 3882 1549 3935 τὸν
1589 3882 1735 3949 Υίὸν,
1780 3885 1877 3955 τὴν
1907 3883 2002 3938 τοῦ

424 3970 638 4041 Πατρὸς
666 3969 852 4023 οὐσίαν
900 3972 1052 4042 ὀρᾷν,
1098 3972 1191 4025 καὶ
1226 3972 1290 4026 τὸ
1332 3972 1432 4026 τοῦ
1482 3975 1842 4042 γεννήσαντος
1876 3975 2005 4029 ἴδιον

421 4061 530 4114 ἀπό
566 4078 623 4113 τε
652 4060 842 4114 τούτου
869 4066 1007 4117 νοεῖν
1026 4080 1039 4094 ·
1066 4065 1259 4135 ὅτιπερ
1292 4065 1479 4133 ἐπειδὴ
1521 4065 1742 4136 σύμπαν
1780 4066 1842 4120 τὺ
1864 4064 2003 4122 εἶναι

423 4150 515 4205 τοῦ
543 4152 673 4205 Υἱοῦ
704 4154 767 4205 ὲκ
799 4153 898 4223 τῆς
929 4153 1022 4207 τοῦ
1056 4156 1267 4226 Πατρὸς
1311 4158 1499 4219 οὐσίας
1538 4158 1806 4227 πρόεισιν,
1841 4159 2004 4222 αὐτός

423 4241 573 4293 ἔστιν
602 4244 659 4294 ὲν
682 4243 855 4313 Πατρί
878 4260 891 4271 ·
924 4246 1016 4297 καὶ
1041 4244 1203 4298 πάλιν
1236 4247 1302 4299 ὲκ
1325 4246 1434 4298 τῶν
1455 4246 1730 4312 ἐναντίων,
1766 4251 1795 4302 6
1812 4250 2003 4320 Πατήρ

424 4332 573 4384 ἐστιν
602 4334 661 4384 ἐν
699 4333 814 4404 Υἰῷ
842 4375 857 4398 ,
891 4334 1081 4406 ἐπειδὴ
1135 4336 1273 4406 ὅπερ
1326 4338 1475 4391 ἐστὶν
1507 4338 1668 4401 αὐτὸς
1697 4342 1763 4410 τῇ
1819 4339 1998 4408 φύσει,

2107 3150 2389 3206 stantialis
2417 3152 2489 3212 ei,
2528 3159 2583 3206 et
2623 3151 2951 3206 substantias
2996 3152 3116 3220 ejus
3160 3150 3371 3207 fructus
3400 3167 3588 3216 verus,
3619 3159 3677 3206 et

2106 3254 2215 3294 non
2251 3241 2428 3296 solum
2467 3241 2675 3297 habens
2724 3239 2791 3295 ad
2823 3257 2947 3296 eum
2983 3243 3244 3297 unitatem
3289 3249 3343 3296 et
3390 3241 3674 3297 habitudi-

2106 3346 2227 3385 nem
2260 3333 2602 3402 reciprocam
2643 3334 2697 3387 in
2735 3330 2870 3389 solis
2911 3333 3186 3387 similibus
3217 3332 3593 3387 voluntatibus
3619 3342 3675 3388 et

2105 3423 2321 3495 legibus
2368 3424 2706 3491 dilectionis,
2760 3440 2881 3493 qtae
2920 3428 3081 3479 etiam
3135 3426 3189 3480 in
3232 3426 3502 3481 creaturis
3551 3440 3675 3482 esse

2105 3513 2362 3568 dicimus.
2404 3511 2675 3567 Praeterea
2727 3522 2782 3569 et
2825 3511 2997 3570 Filius
3048 3513 3104 3569 in
3157 3513 3316 3570 Patre
3344 3521 3397 3568 et
3429 3512 3590 3568 Pater
3616 3515 3672 3568 in

2104 3603 2246 3659 Filio
2292 3604 2633 3673 concipictur
2696 3620 2794 3674 per
2848 3598 2996 3659 hunc
3047 3605 3292 3667 modum,
3348 3604 3517 3673 quod,
3563 3617 3673 3659 non

2105 3695 2567 3764 quemadmodum
2606 3702 2892 3758 creaturae,
2924 3708 2954 3747 a
2985 3708 3092 3748 non
3128 3709 3252 3749 esse
3290 3695 3358 3747 ad
3388 3708 3511 3749 esse
3542 3708 3674 3763 pro—

2104 3784 2292 3848 cessit,
2321 3784 2406 3839 vel
2431 3784 2779 3839 extrinsecus
2809 3784 3063 3839 alicunde
3086 3783 3170 3840 sui
3213 3799 3336 3840 esse
3363 3783 3673 3839 subsisten-

2103 3878 2236 3931 tiam
2281 3877 2511 3941 habens,
2541 3875 2638 3932 sed
2698 3891 2764 3931 ex
2810 3875 2989 3931 Patris
3041 3877 3353 3931 substantia
3405 3876 3669 3941 manavit,

2105 3975 2371 4037 tanquam
2412 3981 2443 4020 a
2489 3965 2697 4020 lumine
2730 3965 3011 4036 splendor,
3040 3966 3123 4021 vel
3175 3966 3244 4021 ab
3287 3966 3472 4035 aliquo
3520 3966 3670 4022 ferite

2103 4061 2281 4115 oritur
2324 4059 2551 4114 ﬂumen.
2591 4059 2688 4114 Est
2744 4059 2915 4129 igitur
2966 4060 3319 4114 cernentibus
3367 4058 3562 4114 Filium
3613 4068 3670 4116 et

2103 4150 2286 4207 Patris
2330 4150 2693 4206 substantiam
2730 4165 2977 4214 cernere,
3008 4158 3061 4204 et
3090 4151 3357 4220 g‘bnitoris
3387 4153 3667 4220 proprium

2101 4258 2168 4297 ex
2204 4258 2270 4297 eo
2307 4242 2599 4311 concipere
2628 4262 2642 4297 :
2671 4242 2815 4312 quod
2867 4243 2992 4311 quia
3027 4243 3340 4297 universum
3374 4258 3496 4297 esse
3541 4240 3663 4295 Filii

2104 4349 2168 4388 ex
2200 4333 2381 4389 Patris
2417 4334 2727 4389 substantia
2757 4332 3024 4403 procedit,
3056 4334 3173 4402 ipse
3201 4341 3286 4387 est
3320 4333 3373 4385 in
3403 4329 3585 4399 Patre,
3612 4340 3667 4386 et

425 4424 582 4478 τοῦτο
614 4425 710 4478 καὶ
747 4427 776 4478 6
825 4425 885 4490 ἐξ
916 4427 1082 4479 αὐτοῦ
1127 4429 1406 4497 προελθὼν
1438 4432 1625 4500 Λόγος.
1654 4432 1907 4487 Φαίνεται
1938 4434 1996 4486 δὲ

2106 4442 2303 4482 rursus
2329 4441 2362 4479 e
2396 4435 2589 4481 contra
2618 4424 2778 4480 Pater
2809 4435 2894 4480 est
2939 4426 2994 4477 in
3031 4423 3192 4489 Filio,
3227 4426 3485 4494 quoniam
3519 4425 3664 4494 quod

423 4518 515 4571 καὶ
543 4515 691 4569 ἔστιν
740 4519 799 4570 ἐν
837 4518 972 4587 Υἱῷ,
1007 4519 1195 4590 ὥσπερ
1224 4518 1316 4575 οὖν
1344 4523 1437 4576 καὶ
1461 4525 1517 4576 ὲν
1563 4524 1642 4594 τῷ
1668 4524 1921 4594 ποταμῷ,
1960 4526 1993 4594 ἡ

420 4604 609 4658 τοῦτον
640 4606 1017 4671 ἀναϐλύζουσα
1047 4611 1220 4680 πηγή.
1248 4611 1320 4662 Τὸ
1348 4611 1456 4683 γὰρ
1484 4610 1609 4664 ἴδιον
1635 4612 1733 4681 τῆς
1754 4610 1850 4664 τοῦ
1882 4613 1994 4665 Πα-

420 4694 546 4764 τρδς
573 4696 756 4760 οὐσίας
788 4698 846 4749 ὲν
875 4696 989 4767 Υξῷ
1021 4699 1273 4769 κείμενον
1294 4738 1310 4763 ,
1349 4702 1444 4753 καὶ
1486 4703 1584 4771 τῆς
1628 4702 1900 4773 θεότητος,
1924 4704 1991 4757 ἶν’

421 4789 593 4853 οὓτως
625 4790 784 4852 είπω,
808 4791 869 4843 τὸ
898 4787 1058 4857 εἶδος,
1090 4790 1327 4844 δεικνύει
1359 4794 1515 4847 πάλιν
1541 4795 1704 4847 αὐτὸν
1734 4797 1792 4847 ὲν
1824 4794 1991 4864 αὐτῷ.

435 4881 791 4952 Ἐπιτηρῆσαι
820 4882 876 4935 δὲ
899 4883 1005 4953 χρὴ
1030 4885 1223 4952 ὅτιπερ
1252 4884 1313 4936 οὐ
1347 4884 1448 4952 τῆς
1485 4885 1758 4955 τυχούσης
1786 4887 1993 4938 οἰκονο-

424 4971 554 5038 μίας
603 4972 765 5024 ἓνεκα
814 4973 911 5041 τὴν
941 4974 1199 5045 τοιαύτην
1244 4975 1428 5045 φωνὴν
1455 4976 1675 5045 εἴρηκεν
1713 4977 1743 5028 ὁ
1778 4977 1989 5045 Σωτήρ.

434 5060 649 5133 Ἐπειδὴ
696 5064 803 5134 γὰρ
840 5065 940 5135 τὴν
984 5068 1292 5137 ταύτότητα
1344 5067 1445 5136 τῆς
1490 5067 1724 5135 φύσεως,
1765 5069 1830 5138 ἣν
1877 5067 1989 5138 ἔχει

420 5154 557 5224 πρὸς
581 5154 672 5208 τὸν
697 5156 1059 5226 Γεννήσαντα,
1086 5158 1255 5224 δεῖξαι
1291 5159 1576 5230 βουληθεὶς
1611 5155 1783 5222 εἶπεν,
1809 5179 1827 5211 ι
1852 5159 1990 5228 Ἐγὼ

420 5246 512 5296 καὶ
535 5246 562 5295 6
588 5246 776 5317 Πατὴρ
807 5247 864 5299 ἓν
899 5249 1068 5318 ἐσμεν
1094 5267 1107 5280 ο
1134 5269 1151 5301 ι
1188 5251 1275 5305 ἵνα
1313 5251 1387 5321 μή
1419 5268 1503 5313 τις
1536 5249 1695 5303 αὐτὸν
1727 5246 1862 5302 εἶναι
1896 5254 1991 5303 καὶ

421 5335 639 5405 Πατέρα
669 5336 907 5391 καὶΥίὸν
936 5340 1219 5405 ὑπολάϐοι,
1242 5342 1425 5410 μόνοις
1439 5341 1698 5410 ὀνόμασιν
1725 5342 1804 5403 εἰς
1826 5341 1992 5393 δυάδα

419 5422 910 5494 διαστελλομένους,
951 5429 1111 5492 ὄντας
1152 5430 1209 5482 δὲ
1241 5431 1338 5500 οὐχ
1375 5429 1545 5493 οὕτως
1570 5431 1627 5483 ὲν
1672 5431 1986 5494 ὑποστάσει,

420 5515 724 5584 ἀναγκαίως
744 5519 1182 5592 ἐπεξηγούμενος
1206 5524 1342 5594 ὅπερ
1370 5522 1579 5594 εἴρηκε,
1609 5523 1703 5577 καὶ
1729 5522 1989 5592 σαφέστε-

488 5693 532 5726 ³³
556 5694 713 5754 Joan.
748 5715 859 5765 xw,
893 5699 979 5754 ll.

2101 4527 2187 4574 est
2221 4519 2312 4572 ille
2351 4527 2572 4580 natura,
2604 4518 2709 4572 hoc
2742 4525 2796 4572 et
2835 4532 2900 4572 ex
2937 4531 3002 4572 eo
3047 4517 3372 4585 proveniens
3404 4516 3661 4571 Verbum.

2099 4611 2344 4680 Apparet
2377 4625 2506 4664 vero
2533 4617 2587 4664 et
2612 4617 2697 4664 est
2740 4610 2795 4663 in
2842 4608 3005 4670 Filio,
3038 4608 3310 4678 quomodo
3335 4618 3389 4663 et
3420 4609 3472 4660 in
3499 4607 3664 4660 lluvio

2100 4702 2193 4777 qui
2226 4701 2377 4754 illum
2420 4702 2651 4755 scaturit
2675 4708 2730 4755 et
2781 4701 2985 4755 emittit
3032 4699 3173 4754 fons.
3198 4698 3482 4767 Proprium
3517 4700 3659 4752 enim

2096 4790 2279 4847 Patris
2319 4792 2643 4847 substantia:
2672 4794 2725 4847 in
2757 4791 2898 4846 Filio
2929 4793 3090 4846 situm
3114 4809 3128 4858 ;
3151 4800 3205 4845 et
3229 4789 3472 4853 deitatis,
3502 4797 3561 4842 ut
3588 4800 3662 4843 ita

2096 4880 2312 4949 loquar,
2353 4881 2568 4950 species
2619 4881 2817 4935 iterum
2874 4882 3054 4950 ipsum
3094 4884 3146 4935 in
3180 4896 3245 4935 eo
3286 4886 3659 4948 repraesentat.

2098 4971 2205 5025 Sed
2242 4979 2296 5025 et
2334 4972 2745 5027 observandum
2782 4979 2884 5035 est,
2925 4987 3034 5026 non
3077 4970 3143 5025 de
3174 4970 3348 5024 nihilo
3380 4984 3522 5033 esse,
3565 4984 3662 5022 nec

2096 5063 2308 5132 absque
2359 5077 2572 5117 summa
2633 5062 2848 5118 ordinis
2905 5064 3138 5119 ratione.
3189 5059 3333 5129 quod
3389 5058 3659 5127 ejusmodi

2096 5170 2284 5209 vocem
2358 5154 2585 5224 protulit
2644 5153 2926 5208 Servatur.
2989 5151 3441 5219 Quandoquidem
3513 5152 3660 5204 enim

2096 5246 2444 5301 identitatem
2483 5257 2693 5300 natura:
2723 5260 2885 5314 quam
2921 5260 3044 5296 cum
3080 5243 3241 5295 Patre
3283 5241 3441 5294 habet
3470 5249 3660 5295 osten-

2092 5340 2223 5393 dere
2249 5338 2435 5391 volens
2473 5337 2610 5390 dixit
2639 5354 2652 5389 :
2694 5354 2712 5385 ι
2755 5336 2866 5402 Ego
2899 5342 2953 5386 et
2985 5333 3148 5388 Pater
3178 5348 3343 5385 unum
3384 5345 3597 5398 sumus,
3634 5350 3655 5382 ο

2096 5446 2161 5482 ne
2191 5429 2315 5497 quis
2352 5443 2478 5481 eum
2526 5441 2649 5481 esse
2681 5433 2737 5479 et
2777 5424 2987 5476 Patrem
3037 5432 3089 5478 et
3126 5421 3319 5476 Filium
3360 5419 3660 5483 existimet,

2095 5520 2227 5575 solis
2264 5518 2581 5574 nominibus
2624 5517 2679 5569 in
2724 5512 3003 5568 binarium
3048 5514 3281 5579 divisos,
3315 5523 3661 5580 nequaquam
