4106 6262
436 366 509 427 55
1428 363 1485 421 S.
1527 361 1801 421 CYRILLI
1840 364 2308 425 ALEXANDRINI
2345 368 2666 427 ARCHIEP.
3615 382 3685 443 εδ

439 496 572 540 vero
602 479 856 538 similiter
882 483 1191 555 hypostasn,
1211 483 1530 538 necessario
1547 484 1830 554 explicans
1860 482 2001 555 quod

2116 501 2205 555 ρον
2238 487 2349 548 τοῖς
2384 486 2754 556 ἀκροωμένοις
2801 485 2935 540 αὐτὸ
2981 483 3281 553 καθιστῶν,
3321 489 3571 566 ἐπιφέρει
3597 498 3679 560 τὸ.

438 573 602 639 dixit,
642 590 707 630 ac
740 575 1041 631 dilucidius
1069 573 1423 629 audientibus
1464 574 1596 627 illud
1626 574 1886 639 reddens,
1917 576 2012 630 ad-

433 664 617 736 jungit
649 667 751 721 hoc
785 686 796 720 :
838 686 855 718 ι
893 665 1002 735 Ego
1026 667 1078 718 in
1111 666 1288 728 Patre,
1315 672 1365 718 et
1393 663 1626 719 Paterin
1649 681 1757 731 me,
1799 685 1818 717 ›
1860 674 1920 720 ιιι
1943 681 2011 721 ex

438 751 543 807 hoc
571 756 790 823 quidem
840 754 982 823 quod
1014 754 1066 806 in
1104 753 1223 815 illo,
1257 759 1313 806 et
1342 752 1433 807 ille
1471 753 1525 807 in
1579 754 1685 809 hnc
1735 755 2008 822 cernitur,

439 845 780 901 identitatem
817 845 1058 906 deitatis,
1090 851 1144 899 et
1176 844 1506 899 substantiae
1534 845 1795 901 unitatem
1826 856 2011 902 osten-

440 933 555 989 dat.
588 934 661 987 Ex
694 949 759 988 eo
785 948 914 987 vero
949 932 1095 1002 quod
1127 934 1266 986 alter
1293 933 1346 986 in
1375 934 1546 988 altero
1573 935 1799 1008 sit,.non
1840 953 2007 991 unum

439 1023 566 1094 quid
593 1037 822 1078 numero
849 1024 1179 1092 accipiatur,
1200 1023 1422 1093 quando
1450 1025 1612 1079 modo
1643 1024 1826 1088 Pater,
1850 1028 2010 1083 modo

436 1114 608 1170 Filius
644 1115 873 1179 dicitur,
904 1114 1011 1175 sed,
1038 1130 1167 1169 vere
1226 1115 1616 1170 subsistentem
1666 1114 1903 1182 Patrem,
1956 1128 2010 1174 et

438 1208 829 1262 subsistentem
874 1204 1098 1271 Filium,
1146 1204 1420 1260 efﬁcacius
1459 1205 1819 1261 demonstret.
1846 1207 2010 1264 Pater

436 1299 581 1354 enim
614 1307 669 1352 et
710 1296 884 1351 Filius
920 1312 1089 1351 unum
1125 1295 1346 1366 quidem
1384 1306 1515 1352 sunt
1574 1298 1877 1351 secundum
1913 1314 2010 1352 na-

437 1398 638 1451 turam,
667 1387 777 1441 duo
808 1402 936 1441 vero
964 1401 1211 1447 numero,
1245 1402 1353 1440 non
1391 1396 1650 1453 tanquam
1686 1403 1795 1441 uno
1822 1388 2009 1458 aliquo

438 1480 512 1533 ita
547 1478 600 1532 in
633 1479 770 1532 duas
814 1488 999 1547 partes
1047 1477 1247 1541 diviso,
1278 1486 1341 1531 ut
1372 1478 1633 1547 deinceps
1666 1479 1816 1533 nulla
1854 1494 2008 1534 com-

437 1569 702 1621 munione
735 1566 882 1620 inter
912 1581 971 1621 se
1001 1574 1055 1621 et
1082 1566 1407 1621 habitudine
1440 1574 1627 1621 mutua
1649 1567 1961 1636 junguntur
1990 1586 2004 1622 :

435 1672 612 1728 neque
648 1643 844 1712 rursus
878 1664 1143 1728 tanquam
1181 1673 1290 1710 uno
1320 1656 1624 1728 eodemque
1653 1659 1873 1715 duobus
1907 1675 2010 1713 no-

436 1749 677 1804 minibus
711 1758 1054 1819 u‘uncupato,
1103 1758 1164 1803 ut
1199 1749 1564 1819 appellatione
1597 1757 1758 1804 tenus
1806 1749 2006 1804 binarii

433 1840 520 1895 vis
554 1848 832 1910 appareat.
866 1838 1052 1909 Neque
1079 1854 1245 1910 porro
1276 1840 1465 1894 eodem
1503 1841 1640 1895 alias
1670 1839 2004 1905 Patre,alias
2037 1829 2078 1884 Β

431 1916 574 1986 Filio
600 1932 770 1996 dicto,
799 1933 947 2001 quod
973 1943 1059 1987 est
1086 1931 1284 2002 dogma
1312 1931 1556 1987 Sabellii.
1584 1930 1689 1984 Sed
1736 1940 1866 1986 sunt
1903 1948 2007 1986 nu-

432 2037 584 2078 mero
627 2022 758 2090 duo,
803 2026 1007 2095 quippe
1054 2035 1138 2080 est
1197 2023 1358 2080 Pater
1412 2039 1627 2095 semper
1677 2023 1861 2089 Pater,
1907 2027 2002 2097 qui

430 2130 710 2187 nunquam
754 2116 808 2169 in
841 2114 1038 2170 Filium
1082 2123 1347 2181 mutatur,
1378 2124 1432 2171 et
1481 2132 1677 2172 rursus
1707 2124 1794 2173 est
1828 2116 2004 2175 Filius

432 2220 651 2275 semper
685 2204 879 2274 Filius,
925 2209 1015 2278 qui
1058 2223 1344 2278 nunquam
1386 2208 1441 2262 in
1478 2207 1693 2264 Patrem
1733 2209 2004 2266 transfor-

430 2305 611 2351 matur
638 2316 650 2352 :
673 2297 835 2369 675
866 2314 1099 2369 cumque
1143 2316 1203 2355 se
1241 2301 1315 2353 ita
1349 2315 1440 2355 res
1476 2301 1694 2363 habeat,
1727 2310 1782 2355 et
1811 2316 2005 2355 nume-

429 2404 528 2444 rus
577 2390 634 2443 in
677 2390 895 2443 biuario
939 2392 1010 2445 sit
1042 2391 1280 2460 positus,
1321 2399 1375 2444 et
1406 2405 1512 2443 una
1544 2402 1627 2444 est
1657 2398 1851 2444 natura
1882 2405 2002 2444 am-

428 2479 627 2541 bobus,
689 2486 745 2532 et
801 2480 994 2533 eadem
1055 2481 1314 2533 voluntas
1373 2494 1437 2534 ac
1493 2479 1692 2544 deitas,
1752 2480 2001 2549 genitura

430 2583 651 2639 semper
678 2570 987 2640 genitorem
1022 2579 1457 2640 repraesentante
1487 2587 1500 2622 :
1529 2578 1612 2625 est
1645 2570 1790 2624 enim
1821 2571 2002 2641 imago

429 2668 485 2716 et
538 2659 799 2729 splendor
848 2668 905 2715 et
957 2661 1248 2716 character
1300 2661 1624 2717 substantiae
1678 2660 1857 2716 Patris
1908 2660 2001 2716 Fi-

429 2750 537 2806 lius
565 2751 642 2819 ³³;
671 2753 751 2807 sic
782 2752 926 2806 enim
962 2768 1131 2806 unum
1165 2752 1405 2807 dicimus
1436 2767 1559 2807 esse
1587 2751 1753 2807 Deum
1784 2760 2003 2821 propter

429 2839 770 2898 identitatem
817 2854 1030 2899 natura:
1075 2843 1259 2898 Patris
1293 2860 1419 2898 cum
1451 2843 1592 2898 Filio
1632 2851 1687 2899 et
1715 2842 1839 2897 Filii
1873 2857 1999 2898 cum

428 2930 613 2988 Patre.
643 2934 1115 2999 Quemadmodum
1149 2947 1329 2990 autem
1364 2936 1549 2990 lumen
1582 2943 1635 2989 et
1669 2934 1939 3005 fulgorem
1969 2951 1999 2989 a

427 3024 543 3079 sole
569 3025 836 3079 emissum
866 3040 975 3079 non
1007 3028 1135 3098 quis
1168 3027 1368 3082 dixerit
1399 3027 1701 3083 secundum
1748 3037 1997 3082 naturam

429 3113 578 3169 aliud
623 3130 746 3171 esse
780 3116 963 3172 lumen
1008 3119 1078 3173 ab
1126 3119 1241 3183 illo,
1280 3126 1377 3174 aut
1419 3119 1723 3174 secundum
1763 3119 1997 3189 partici-

2118 596 2136 627 ι
2160 578 2299 645 Ἐγὼ
2330 580 2386 630 ὲν
2418 576 2497 647 τῷ
2524 577 2701 647 Πατρὶ
2743 577 2836 630 καὶ
2866 580 2894 631 6
2925 578 3112 650 Πατὴρ
3145 582 3204 632 ὲν
3233 582 3355 650 ἐμοὶ
3374 623 3388 645 ,
3429 602 3448 634 ι
3484 584 3570 638 ἵνα
3593 587 3684 641 διὰ

2115 666 2216 737 μὲν
2247 667 2341 720 τοῦ
2370 668 2559 721 τοῦτον
2588 669 2646 720 ἐν
2673 669 2885 739 ἐκείνῳ,
2924 671 3174 723 κάκεῖνον
3204 673 3260 723 έν
3294 672 3466 745 τούτῳ
3494 676 3682 742 φαίνε-

2113 757 2258 824 σθαι,
2313 758 2409 829 τὴν
2450 760 2751 831 ταυτότητα
2804 761 2902 832 τῆς
2950 760 3202 833 θεότητος
3240 765 3331 817 καὶ
3367 765 3466 834 τῆς
3495 768 3715 831 οὐσίας

2110 848 2208 918 τὴν
2237 848 2428 905 ἕνωσιν
2448 849 2614 921 δείξῃ.
2658 852 2756 904 Διὰ
2782 851 2838 905 δὲ
2876 851 2969 904 τοῦ
3009 853 3195 923 ἕτερον
3232 855 3289 907 ὲν
3312 855 3484 926 ἑτέρῳ
3517 853 3679 923 εἶναι,

2114 938 2187 1010 μὴ
2212 940 2269 992 ἒν
2302 957 2354 993 τι
2385 940 2460 993 ὢν
2490 941 2706 1012 ἀριθμῷ
2736 943 2920 1013 νοηθῇ,
2949 945 2977 997 ὁ
3006 945 3134 998 ποτὲ
3166 945 3263 1014 μὲν
3304 947 3517 1017 Πατὴρ,
3551 949 3681 1002 ποτὲ

2109 1032 2165 1084 δὲ
2210 1032 2338 1095 Υἱὸς
2390 1033 2624 1101 λέγεται.
2659 1034 2774 1087 ἀλλ’
2800 1034 2969 1098 ὅντως
3008 1035 3294 1103 ὑφεστῶτα
3335 1038 3552 1110 Πατέρα
3588 1041 3681 1093 καὶ

2111 1126 2394 1195 ὑφεστῶτα
2420 1126 2548 1179 Υίὸν
2578 1127 2966 1199 ἐναργέστερον
2999 1129 3276 1202 ἀποδείξῃ.
3301 1130 3388 1195 ,Ὃ
3423 1131 3533 1200 γὰρ
3565 1133 3678 1186 lla-

2110 1216 2213 1287 τὴρ
2248 1217 2341 1268 καὶ
2382 1219 2410 1269 6
2436 1217 2562 1279 Υἱὸς
2592 1216 2649 1268 ἓν
2701 1217 2800 1285 μὲν
2830 1219 2939 1271 eiul.
2987 1219 3128 1272 κατὰ
3171 1219 3366 1287 φύσιν,
3400 1221 3492 1274 δύο
3524 1222 3581 1275 δὲ
3620 1225 3678 1275 ἐν

2105 1306 2346 1377 ἀριθμῷ,
2375 1307 2472 1377 οὐχ
2497 1307 2569 1371 ὡς
2595 1307 2711 1370 ἑνός
2743 1324 2885 1370 τινος
2927 1310 3005 1371 εἰς
3045 1309 3137 1361 δύο
3181 1310 3678 1381 καταδιαιρεθέντος

2112 1396 2273 1467 μέρη,
2296 1397 2371 1458 ὡς
2402 1392 2540 1450 εἶναι
2564 1395 2751 1449 λοιπὸν
2777 1396 2877 1467 τῆς
2900 1396 3034 1467 πρὸς
3065 1397 3267 1467 ἄλληλα
3304 1400 3587 1463 κοινωνίας
3615 1416 3675 1453 τε

2109 1485 2204 1536 καὶ
2228 1485 2467 1554 σχέσεως
2502 1485 2790 1557 ἀμέτοχον
2839 1486 2961 1540 οὔτε
2999 1488 3104 1560 μὴν
3145 1489 3221 1551 ὡς
3250 1489 3341 1542 τοῦ
3385 1490 3550 1542 αὐτοῦ
3581 1494 3676 1546 καὶ

2109 1574 2226 1637 ἐνὸς
2261 1574 2455 1637 διττοῖς
2490 1574 2747 1644 ὀνόμασιν
2800 1576 3240 1648 ἀποκαλουμένου
3261 1595 3275 1609 ο
3326 1580 3411 1632 ἵνα
3438 1580 3496 1631 ὲν
3539 1580 3674 1652 μόνῃ

2108 1664 2447 1735 προσηγορίᾳ
2478 1664 2730 1734 φαίνηται
2755 1668 2854 1737 τῆς
2872 1668 3062 1731 δυάδος
3098 1670 3131 1739 ἡ
3166 1669 3411 1739 δύναμις.
3443 1671 3576 1723 Οὐδὲ
3599 1670 3675 1734 ὡς

2108 1752 2202 1806 τοῦ
2238 1755 2423 1820 αὐτοῦ,
2447 1756 2578 1809 ποτὲ
2619 1757 2717 1826 μὲν
2751 1758 2982 1828 Πατρὺς,
3030 1761 3157 1814 ποτὲ
3204 1761 3260 1813 δὲ
3287 1761 3415 1813 Υἱοῦ
3449 1761 3678 1832 λεγομέ-

2107 1862 2198 1898 νου
2221 1864 2235 1878 ·
2255 1846 2415 1900 τοῦτο
2438 1849 2547 1920 γὰρ
2575 1849 2863 1904 Σαδελλίου
2896 1852 2957 1904 τὸ
2993 1852 3187 1922 δόγμα.
3247 1854 3385 1907 Ἀλλ’
3422 1856 3526 1912 εἰσὶ
3554 1855 3672 1925 μὲν,

2107 1936 2324 2008 ἀριθμῷ
2348 1937 2470 1991 δύο’
2493 1939 2608 1992 ἔστι
2640 1939 2749 2012 γὰρ
2779 1942 2807 1993 6
2828 1941 3039 2012 Πατὴρ,
3063 1943 3149 1995 ἀεὶ
3186 1943 3392 2014 Πατὴρ,
3422 1944 3674 1996 οὐδέποτε

2107 2032 2187 2093 είς
2216 2030 2344 2082 Υίὸν
2380 2030 2863 2102 μεταποιούμενος,
2891 2033 2985 2084 καὶ
3019 2032 3180 2086 πάλιν
3210 2035 3238 2086 ὁ
3264 2033 3409 2099 Υἱὸς,
3444 2034 3530 2087 ἀεὶ
3545 2034 3676 2099 Υίὺς

2106 2120 2361 2174 οὐδέποτε
2391 2122 2471 2185 είς
2502 2122 2720 2193 Πατέρα
2746 2121 3209 2192 μεταϐαλλόμενος
3228 2136 3241 2148 ·
3276 2120 3418 2174 οὕτω
3441 2122 3496 2174 δὲ
3523 2123 3676 2187 ὄντος

2103 2211 2199 2266 τοῦ
2223 2212 2570 2284 πράγματος,
2607 2213 2703 2265 καὶ
2724 2215 2780 2264 ὲν
2805 2212 2957 2265 δυάδι
2984 2213 3234 2282 κειμένου
3258 2212 3352 2266 τοῦ
3396 2211 3627 2283 ἀριθμοῦ
3654 2251 3670 2278 ,

2107 2302 2208 2372 μία
2226 2319 2286 2355 τε
2319 2302 2476 2369 φύσις
2512 2302 2842 2373 ἀμφοτέροις
2870 2303 2964 2356 καὶ
2990 2305 3023 2373 ἡ
3053 2301 3188 2374 αὑτὴ
3212 2305 3307 2356 καὶ
3336 2303 3553 2374 θέλησις
3579 2303 3674 2357 καὶ

2104 2392 2317 2463 Θεότης,
2343 2393 2577 2457 ἐοικότος
2603 2394 2690 2447 ἀεὶ
2717 2394 2811 2448 τοῦ
2852 2396 3190 2467 γεννήματος
3216 2395 3294 2467 τῷ
3320 2397 3671 2466 γεγεννηκότι

2104 2482 2346 2552 φυσικῶς
2371 2500 2384 2514 ·
2413 2481 2577 2537 εἰκὼν
2607 2484 2716 2556 γάρ
2746 2485 2862 2538 ἐστι
2888 2486 2981 2539 καὶ
3012 2486 3351 2557 ἀπαύγασμα
3385 2487 3478 2539 καὶ
3496 2504 3671 2557 χαρα-

2104 2576 2243 2645 κτὴρ
2273 2575 2373 2644 τῆς
2396 2576 2491 2628 τοῦ
2537 2576 2752 2644 Πατρὸς
2791 2575 2980 2638 οὐσίας
3004 2577 3032 2629 6
3060 2576 3216 2640 Υἱός·
3268 2577 3408 2631 οὕτω
3439 2579 3547 2649 γὰρ
3575 2579 3670 2632 ἕνα

2103 2662 2283 2734 φαμὲν
2305 2660 2444 2717 εἶναι
2478 2665 2610 2717 Θεὸν
2634 2664 2722 2718 διὰ
2745 2665 2843 2735 τὴν
2859 2666 3164 2736 ταυτότητα
3194 2667 3293 2736 τῆς
3322 2667 3535 2734 φύσεως
3557 2671 3671 2722 Πα-

2100 2754 2227 2825 τρὸς
2253 2755 2387 2825 πρὸς
2419 2754 2546 2807 Υίὸν
2576 2756 2668 2807 καὶ
2686 2754 2814 2807 Υίοῦ
2840 2755 2979 2825 πρὸς
3000 2756 3239 2827 Πατέρα.
3263 2757 3370 2809 Καὶ
3397 2755 3583 2828 ῶσπερ
3608 2758 3671 2810 τὸ

2101 2845 2164 2896 ἐκ
2197 2843 2290 2896 τοῦ
2316 2843 2469 2914 ἡλίου
2505 2844 2858 2914 πεμπόμενον
2884 2843 2999 2913 φῶς
3029 2845 3121 2897 καὶ
3168 2845 3531 2916 ἀπαύγασμα,
3569 2848 3669 2901 οὐκ

2099 2934 2166 2987 ἄν
2195 2951 2278 2997 τις
2311 2932 2456 2987 εἴποι
2488 2933 2631 2987 κατὰ
2655 2934 2815 3002 φύσιν
2837 2934 3025 3005 ἕτερον
3047 2930 3186 2986 εἷναι
3216 2934 3329 3003 φῶς
3358 2935 3487 3006 παρ’
3522 2937 3669 2988 ἐκεῖ-

2099 3042 2208 3090 νον,
2249 3024 2282 3096 ἢ
2313 3024 2455 3079 κατὰ
2484 3025 2771 3094 μετουσίαν
2809 3025 2931 3079 τινά
2961 3025 3055 3077 καὶ
3084 3025 3268 3094 σχέσιν
3295 3025 3392 3097 τὴν
3415 3025 3473 3090 ἐξ
3503 3026 3668 3080 αὐτοῦ

2099 3117 2338 3170 τοιοῦτον
2366 3115 2639 3186 γενέσθαι,
2663 3115 2776 3169 ἀλλ’
2802 3116 2970 3180 δντως
3005 3117 3163 3187 φύσει
3190 3118 3375 3188 προϊὸν
3391 3118 3448 3184 ἐξ
3466 3117 3630 3172 αὐτοῦ
3649 3133 3667 3151 ⁰

427 3204 707 3273 pationem
744 3207 987 3277 aliquam
1041 3217 1095 3265 et
1144 3209 1521 3265 habitudinem
1566 3212 1634 3265 ab
1684 3225 1750 3266 eo
1797 3210 1999 3280 depen-

2103 3206 2196 3258 καὶ
2224 3205 2317 3259 δύο
2345 3204 2445 3276 μὲν
2469 3204 2642 3258 ταῦτα
2674 3205 2828 3275 φῶτα
2852 3210 2971 3260 κατ’
2993 3207 3235 3261 ἐπίνοιαν
3278 3209 3490 3278 ὁρᾶται,
3524 3207 3582 3261 ἓν
3610 3208 3669 3262 δέ

429 3294 649 3352 dentem
684 3299 792 3355 tale
822 3315 968 3365 esse,
1000 3300 1096 3356 sed
1127 3316 1255 3356 vere
1289 3309 1488 3356 natura
1528 3317 1594 3356 ex
1621 3317 1688 3357 eo
1719 3301 2003 3372 prodiens,

428 3392 484 3440 et
526 3386 637 3441 duo
690 3391 911 3458 quidem
967 3391 1082 3446 haec
1124 3392 1333 3446 lumina
1383 3392 1801 3461 concipiuntur.
1833 3407 2004 3446 unum

427 3491 556 3531 vero
604 3489 732 3533 sunt
788 3483 1094 3536 secundum
1145 3490 1401 3538 naturam
1445 3500 1459 3537 :
1505 3484 1587 3538 sic
1644 3497 1805 3537 nemo
1851 3490 2002 3537 recta

425 3584 549 3623 cum
581 3571 815 3634 ratione,
841 3573 1063 3628 tametsi
1111 3575 1396 3630 scindatur
1428 3573 1611 3630 Patris
1646 3581 1695 3629 et
1737 3572 1863 3629 Filii
1894 3590 2002 3629 nu-

425 3672 628 3722 merus,
662 3659 807 3714 aliud
841 3660 1108 3730 quiddam
1140 3663 1286 3718 dicet
1335 3678 1364 3717 a
1394 3662 1555 3718 Patre
1584 3662 1782 3717 Filium
1813 3661 1995 3734 quoad

424 3742 679 3801 deitatem
724 3755 779 3802 et
829 3750 1154 3805 substantiae
1198 3752 1561 3808 identitatem.
1599 3751 1703 3808 Sed
1733 3751 1994 3824 Quemad-

423 3835 646 3889 modum
681 3840 765 3892 sol
798 3839 853 3893 in
890 3840 1106 3909 fulgore
1142 3857 1170 3895 a
1201 3857 1261 3897 se
1297 3843 1624 3911 prodeunte,
1654 3851 1708 3899 et
1737 3844 1914 3913 fulgor
1940 3843 1993 3897 in

424 3927 540 3981 sole
570 3944 601 3983 a
641 3945 751 4000 quo
786 3933 1010 4001 prodiit,
1036 3936 1115 3989 sic
1153 3941 1238 3989 est
1269 3933 1429 3988 Pater
1459 3935 1513 3988 in
1547 3934 1706 3998 Filio,
1736 3944 1792 3990 et
1820 3935 1992 3990 Filius

422 4017 480 4074 in
510 4016 690 4085 Patre,
738 4038 969 4079 numero
1018 4024 1073 4078 in
1118 4025 1392 4080 binarium
1429 4025 1612 4089 divisi,
1642 4033 1696 4080 et
1732 4026 1815 4080 sic
1849 4026 1993 4081 exsi-

423 4116 633 4165 stentes
683 4112 738 4165 in
794 4112 1116 4184 hypostasi,
1164 4114 1457 4171 identitate
1488 4130 1620 4171 vero
1676 4123 1886 4171 naturae
1935 4115 1991 4170 in

421 4217 586 4257 unam
617 4204 871 4260 deitatem
909 4206 1205 4277 compacti.

491 4293 560 4359 Χ,
596 4295 685 4351 40.
718 4295 786 4350 Ει
822 4298 951 4351 abiit
981 4315 1167 4353 rursus
1198 4306 1345 4353 trans
1372 4295 1687 4365 Iordanem,
1716 4309 1826 4356 etc.

490 4473 721 4531 Relictis
748 4474 1150 4548 Hierosolymis
1171 4478 1436 4534 Servator
1456 4478 1512 4532 in
1531 4478 1713 4533 locum
1745 4478 1992 4535 fontibus

419 4566 814 4622 scaturieutem
858 4566 1108 4636 trajicit,
1143 4570 1295 4624 velut
1333 4570 1391 4624 in
1434 4567 1609 4639 ﬁgura
1646 4568 1903 4625 indicans
1934 4584 1993 4626 se

419 4657 745 4712 relicturum
799 4656 1084 4723 Iudaeam,
1140 4668 1195 4715 et
1257 4661 1325 4713 ad
1381 4662 1627 4730 gentium
1684 4660 1989 4718 Ecclesiam

421 4747 787 4814 migraturum
812 4788 830 4814 .
865 4764 989 4819 qua:
1026 4748 1210 4806 tentes
1255 4751 1421 4807 habet
1466 4752 1849 4820 baptismatis,
1881 4767 1990 4823 quo

419 4838 543 4893 loco
577 4840 733 4893 multi
771 4841 991 4909 quidem
1045 4843 1111 4897 ad
1165 4858 1291 4897 eum
1347 4843 1615 4898 accedunt
1661 4844 1990 4899 transmisso

416 4926 657 4984 Iordane
684 4949 697 4983 :
731 4931 842 4985 hoc
874 4933 1020 4987 enim
1056 4932 1301 4989 declarat
1332 4934 1480 4989 istud
1513 4941 1666 4990 trans
1694 4933 1987 4989 Iordanem

417 5020 690 5076 diversari
724 5020 1045 5082 Christum.
1072 5066 1086 5081 .
1124 5069 1137 5081 .
1168 5025 1269 5091 Qui
1305 5026 1477 5097 igitur
1504 5026 1844 5096 traiecerunt
1870 5023 1990 5079 Jor-

419 5109 619 5165 danem
648 5127 747 5183 per
769 5123 1027 5171 sanetum
1052 5115 1326 5186 baptisma
1348 5114 1674 5172 deferuntur
1692 5114 1757 5169 ad
1780 5113 1946 5168 Deum
1972 5130 1987 5167 :

485 5251 531 5283 ³³
570 5250 734 5307 Hebr.
770 5265 824 5317 I,
859 5251 914 5307 5.

489 5377 565 5447 (I)
588 5375 757 5447 Paulo
778 5383 932 5436 aliter
953 5379 1439 5437 catenaVaticana.
1462 5377 1556 5431 fol.
1574 5377 1680 5430 217
1700 5377 1761 5441 B,
1782 5393 1869 5446 ap.
1888 5376 1990 5430 Mai

416 5443 556 5504 Ibid.
576 5462 603 5519 ιθ
623 5450 698 5501 Δι’
721 5443 795 5502 ὧν
815 5451 912 5519 μέν
935 5470 1015 5504 τοι
1036 5452 1400 5505 ἀπανίσταται
1422 5448 1542 5519 τῆς
1573 5443 1927 5519 Ἰερουσαλὴμ
1961 5448 1990 5499 6

414 5518 704 5590 Χριστὸς,
733 5517 1028 5590 αίνίττεται
1074 5522 1155 5574 ὅτι
1207 5517 1678 5590 καταλείψει,μῷ
1723 5518 1822 5581 τὴν
1861 5519 1992 5590 Ἰου-

415 5586 589 5652 δαίαν,
627 5588 719 5658 ἐπὶ
745 5589 801 5658 δὲ
830 5588 926 5658 τὴν
957 5589 1278 5657 Ἐκκλησίαν
1307 5589 1405 5658 τὴν
1430 5586 1507 5658 ἐξ,
1528 5586 1696 5658 ὲθνῶν
1723 5656 1731 5658 _
1756 5587 1994 5658 μεταϐής

417 5668 585 5728 σεται,
602 5656 705 5726 τὴν
733 5655 959 5727 ἔχουσαν
976 5658 1046 5728 ᾼὲν
1067 5655 1230 5728 ἑαυτῇ
1251 5655 1687 5728 τὴνξπηγὴνμτὴν
1711 5656 1870 5728 ἁγίαν
1896 5655 1991 5709 τοῦ

420 5724 813 5797 βαπτίσματος,
834 5726 1079 5781 τουτέστι
1115 5724 1229 5780 τὸν”
1249 5724 1539 5795 Ἰορδάνην,
1568 5724 1626 5778 ὃν
1645 5724 1692 5778 οι
1724 5725 1995 5796 περάσαν-

2101 3298 2206 3350 είσι
2244 3296 2387 3349 κατὰ
2409 3295 2597 3366 φύσινο
2632 3296 2805 3360 οὕτως
2840 3298 2940 3351 οὐκ
2966 3297 3033 3351 ἄν
3060 3315 3146 3362 τις
3186 3298 3454 3366 εὐλόγως,
3498 3302 3546 3353 εί
3577 3298 3672 3354 καὶ

2101 3389 2182 3451 είς
2217 3386 2380 3440 δυάδα
2425 3387 2676 3457 τέμνοιτο
2704 3388 2918 3459 Πατρός
2949 3405 3007 3440 τε
3034 3388 3129 3441 καὶ
3169 3388 3298 3442 Υἱοῦ
3342 3391 3370 3442 6
3410 3389 3665 3460 ἀριθμὸς,

2099 3476 2287 3546 ἔτερόν
2313 3492 2367 3527 τι
2393 3475 2543 3546 παρὰ
2582 3475 2673 3528 τὸν
2702 3475 2922 3546 Πατέρα
2960 3476 3077 3544 ἐρεῖ
3114 3475 3206 3527 τὸν
3239 3473 3389 3539 Υίὸν,
3421 3476 3544 3528 ὅσον
3590 3477 3669 3538 εἰς

2100 3565 2200 3635 τὴν
2235 3565 2460 3633 θεότητα
2495 3565 2588 3618 καὶ
2630 3564 2728 3634 τὴν
2783 3566 3087 3635 ταυτότητα
3138 3564 3232 3632 τῆς
3273 3563 3479 3627 οὐσίας.
3530 3563 3666 3617 Ἀλλ’

2100 3653 2291 3724 ὥσπερ
2321 3654 2349 3706 6
2377 3653 2529 3725 ἥλιος
2547 3656 2606 3708 ὲν
2628 3654 2707 3725 τῷ
2739 3655 3135 3723 άπαυγάσματί
3169 3654 3286 3707 ὲστι
3308 3654 3384 3723 τῷ
3418 3652 3477 3718 ἐξ
3504 3652 3664 3707 αὑτοῦ

2100 3745 2452 3815 προελθόντι,
2495 3747 2588 3799 καὶ
2630 3746 2691 3798 τὸ
2743 3745 3082 3815 ἀπαύγασμα
3128 3746 3186 3798 ἐν
3220 3744 3298 3814 τῷ
3330 3744 3464 3815 ἡλίῳ
3486 3743 3576 3811 ἀφ’
3607 3737 3667 3799 οὗ

2100 3835 2197 3888 καὶ
2225 3834 2480 3905 ἐξῆλθεν
2506 3837 2680 3901 οὕτως
2708 3837 2825 3889 ἐστὶ
2851 3836 3039 3906 Πατὴρ
3075 3836 3132 3888 ἐν
3155 3834 3268 3905 Υἱῷ
3321 3835 3412 3888 καὶ
3452 3833 3576 3896 Υἱὸς
3607 3834 3666 3887 ὲν

2098 3926 2274 3996 Πατρί
2296 3942 2310 3956 ⁸
2343 3925 2559 3996 ἀριθμῷ
2594 3927 2689 3997 μὲν
2715 3927 2795 3990 είς
2819 3926 2987 3979 δυάδα
3019 3924 3350 3994 ,τεμνόμενοι
3399 3923 3492 3977 καὶ
3516 3923 3666 3986 ὄντες

2096 4014 2268 4079 οὕτως
2298 4018 2357 4069 ὲν
2376 4017 2688 4080 ὑποστάσει,
2722 4020 2787 4087 τῇ
2809 4016 2866 4070 δὲ
2893 4015 3181 4085 ταυτότητι
3213 4016 3310 4086 τῆς
3339 4013 3551 4083 φύσεως
3585 4014 3665 4077 είς

2101 4107 2229 4175 μίαν
2258 4107 2609 4177 σφιγγόμενοι
2640 4105 2887 4174 θεότητα.

2163 4282 2274 4336 Καὶ
2298 4283 2532 4353 ἀπῆλθε
2554 4283 2739 4338 πάλιν
2761 4282 2948 4351 πέραν
2968 4280 3073 4336 τοῦ
3103 4280 3405 4349 Ἰορδάνου
3426 4319 3442 4347 ,
3466 4280 3562 4335 καὶ
3594 4279 3663 4339 τὰ

2018 4385 2063 4441 D
2091 4376 2236 4447 ἑξῆς.

2174 4470 2262 4522 Ἐν
2291 4463 2439 4537 τόπῳ
2462 4467 2644 4538 πηγάς
2678 4467 2851 4538 ἔχοντι
2882 4465 3269 4538 μεθορμίζεται
3304 4466 3332 4518 6
3353 4462 3562 4534 Σωτὴρ,
3593 4461 3664 4515 τὰ

2101 4557 2449 4630 Ἱεροσόλυμα
2488 4556 2823 4622 καταλιπὼν,
2858 4557 2944 4609 ἵνα
2992 4557 3067 4620 ὡς
3100 4556 3188 4609 διὰ
3235 4554 3407 4608 τύπου
3451 4551 3662 4620 αἰνίξη-

2087 4668 2177 4705 ται
2203 4651 2278 4714 ὡς
2328 4649 2639 4718 καταλείψει
2688 4649 2787 4719 μὲν
2818 4650 2915 4720 τὴν
2988 4650 3284 4712 Ἰουδαίαν,
3316 4647 3408 4701 ἐπὶ
3450 4648 3549 4716 τὴν
3603 4642 3663 4708 ἐξ

2088 4743 2256 4798 ἐθνῶν
2289 4743 2347 4797 δὲ
2386 4741 2708 4810 Ἐκκλησίαν
2760 4742 3123 4813 μεταϐήσεται
3168 4741 3264 4812 τὴν
3306 4740 3533 4811 ἔχουσαν
3562 4736 3662 4800 τὰς

2098 4835 2278 4906 πηγὰς
2321 4833 2413 4888 τοῦ
2462 4832 2833 4904 βαπτίσματος
2874 4835 2970 4903 (1)’
3000 4833 3152 4901 ,ἔνθα
3193 4834 3288 4886 καὶ
3331 4831 3660 4903 προσέρχον-

2092 4944 2183 4980 ται
2232 4925 2381 4997 αύτῷ
2444 4925 2628 4978 πολλοὶ
2683 4924 3156 4996 διαπεραιούμενοι
3208 4925 3298 4977 τὸν
3367 4922 3659 4994 Ἰορδάνηνο

2092 5017 2250 5071 τοῦτο
2282 5018 2391 5087 γὰρ
2419 5016 2568 5088 δηλοῖ
2598 5017 2657 5070 τὸ
2693 5018 2864 5088 πέραν
2906 5017 3000 5071 τοῦ
3051 5016 3312 5086 Ἰορδάνου
3347 5011 3660 5077 αὐλίζεσθαι

2095 5110 2187 5163 τὸν
2230 5108 2484 5181 Χριστόν.
2532 5110 2597 5162 Οἱ
2630 5109 2808 5164 τοίνυν
2853 5108 3188 5181 περάσαντες
3236 5109 3326 5163 τὸν
3391 5105 3658 5175 Ἰορδάνην

2095 5374 2296 5447 τες-,διά
2320 5375 2412 5428 τοῦ
2439 5376 2596 5447 ἁγίου
2634 5376 3028 5447 βαπτίσματος.
3052 5420 3056 5425 .

2169 5444 2307 5497 Dum
2336 5446 2446 5514 abit
2491 5444 2871 5514 Hierusolymis
2906 5448 3168 5512 Christus,
3203 5449 3376 5502 innuit
3418 5465 3471 5502 se
3510 5451 3657 5503 dere-

2100 5514 2348 5589 licturum
2390 5512 2659 5589 luda’am,
2693 5512 2849 5586 atque
2892 5516 2960 5569 ad
3005 5519 3328 5571 ethnicorum
3377 5535 3659 5589 congregaf

2101 5586 2293 5657 tionem
2363 5587 2886 5657 transmigraturum,
2942 5604 3063 5657 ([th
3118 5597 3361 5641 sanctum
3412 5586 3653 5657 baptismi

2101 5654 2296 5724 fontem
2326 5656 2463 5721 apud
2503 5672 2556 5730 se
2593 5654 2767 5730 habet,
2818 5657 2870 5708 id
2900 5666 2979 5710 est
3029 5656 3343 5725 Iordanem,
3381 5654 3529 5730 quem
3567 5658 3655 5727 qui

2102 5739 2193 5793 per
2231 5733 2475 5778 sanctum
2507 5726 2824 5795 baptismum
2855 5736 3150 5794 transeunt,
3187 5737 3291 5783 etc.
