4106 6262
416 321 486 378 ετ
1256 310 1335 370 ἸΝ
1370 306 1719 370 ἸΟΑΝΝΕΜ.
1746 341 1815 352 -
1838 306 1976 365 LIB.

2104 305 2112 360 [
2142 305 2230 365 E'l'
2267 302 2382 363 VIII
2414 301 2865 361 FRAGMENTA.

3605 300 3677 360 38

416 437 509 493 διὰ
562 431 655 490 τοῦ
712 432 867 500 ἁγίου
932 428 1329 502 βαπτίσματος,
1385 427 1811 498 άποκομίζονται
1863 425 2001 496 πρὸς

2105 419 2377 492 siquidem
2411 418 2635 475 transiit
2659 432 2690 472 a
2714 416 3001 487 Synagoga
3020 412 3333 469 Iudaeorum
3366 415 3432 470 ad
3464 425 3678 488 gentes,

417 528 571 585 Θεόνο
600 528 693 583 καὶ
744 525 855 596 γὰρ
902 524 1106 595 μετέϐη
1143 523 1250 577 ἀπὸ
1271 523 1372 593 τῆς
1402 520 1510 575 τῶν
1552 518 1820 573 Ἰουδαίων
1862 518 1996 570 Συν-

415 618 637 688 αγωγῆς
664 616 761 670 ’ἐπὶ
791 614 861 668 τά
882 614 1035 685 ἐθνη’
1060 615 1155 667 καὶ
1181 613 1302 666 τότε
1332 612 1516 665 πολλοὶ
1542 607 1705 681 ἦλθον
1731 608 1867 680 πρὸς
1892 608 1990 663 αὑ-

416 709 526 771 τὸν,
557 708 650 760 καὶ
682 705 1005 760 ἐπίστευσαν
1028 706 1147 767 ταῖς
1171 704 1298 773 περὶ
1316 700 1480 756 αὐτοῦ
1513 700 1817 771 λεχθείσαις
1844 696 1994 770 παρὰ

416 798 523 852 τῶν
554 796 725 866 ἁγίων
778 798 1005 865 φωναῖς,
1040 795 1134 848 καὶ
1184 793 1501 847 πιστεύουσι
1527 793 1608 854 εἰς
1652 789 1814 844 αὐτὸν
1854 790 1990 851 ἐκεῖ,

418 889 552 943 ὅπου
597 888 655 940 αί
703 886 812 939 τῶν
861 885 1069 939 ὑδάτων
1109 883 1307 955 πηγαὶ,
1359 883 1494 936 ὅπου
1539 881 1600 935 τὸ
1636 881 1728 933 ἐπὶ
1774 875 1995 955 Χριστῷ

419 974 781 1046 διδασκόμεθα
806 976 1123 1045 μυστήριον.
1170 954 1226 1025 Ὀ
1265 972 1372 1043 γὰρ
1399 970 1632 1044 Χριστὸς
1661 971 1760 1022 οὐκ
1791 969 1849 1020 ἐν
1885 954 1996 1030 τὸῐς

421 1068 558 1137 πρὸς
614 1065 884 1137 Ἰορδάνην
926 1064 1158 1134 νάμασιν
1196 1058 1286 1132 ἦν’
1340 1061 1476 1114 ἀλλὰ
1521 1061 1693 1130 πέραν
1736 1072 1858 1110 που’
1902 1056 1998 1109 καὶ

422 1155 589 1210 ἐλθὼν
611 1154 824 1225 ἔμεινεν
864 1155 921 1206 ὲν
948 1154 1013 1223 τῇ
1048 1151 1108 1217 ἐξ
1130 1149 1300 1203 ἐθνῶν
1340 1147 1634 1218 Ἐκκλησία
1661 1144 1996 1218 προσμείνας

424 1246 653 1314 παγίως.
686 1244 949 1316 Τιμῶμεν
991 1243 1047 1296 δὲ
1076 1241 1166 1294 τὸν
1208 1241 1482 1308 Ἰωάννην,
1512 1240 1609 1308 οὐχ
1652 1237 1727 1300 ὡς
1765 1237 1993 1307 ἐνεργή-

424 1339 593 1394 σαντά
632 1355 684 1391 τι
724 1335 1050 1408 θεοπρεπὲς,
1094 1333 1207 1387 ἀλλ’
1249 1333 1324 1395 ὡς
1366 1330 1537 1400 ἀληθῆ
1585 1328 1713 1399 περὶ
1757 1324 1994 1398 Χριστοῦ

426 1432 863 1503 μαρτυρήσαντα.
927 1426 1002 1478 Οὐ
1051 1426 1218 1495 ,μόνον
1259 1424 1367 1493 γὰρ
1416 1421 1693 1482 Ἰωάννου,
1735 1418 1870 1473 ἀλλὰ
1902 1418 1996 1471 καὶ

426 1523 623 1585 παντὸς
652 1520 806 1589 άγίου
838 1520 867 1571 ὁ
910 1517 1142 1587 Χριστὸς
1189 1513 1645 1585 θαυμαστότερος·
1678 1512 1730 1564 oi
1761 1512 1858 1581 μὲν
1887 1511 1996 1581 γὰρ

428 1613 726 1684 προφῆται,
768 1613 797 1663 ό
824 1609 880 1662 δὲ
924 1609 1055 1671 Θεὸς
1090 1605 1521 1677 θαυματουργός.
1564 1603 1905 1675 Σημειωτέον
1941 1602 1998 1656 δὲ

2089 522 2305 569 ettunc
2327 512 2481 566 multi
2514 517 2789 568 venerunt
2813 507 2879 563 ad
2913 523 3068 574 eum,
3098 516 3152 562 et
3178 507 3532 564 crediderunt
3554 522 3680 563 vcr-

2094 604 2186 661 ωε
2224 604 2291 659 de
2321 618 2387 658 eo
2421 618 2517 674 per
2552 610 2783 658 sanctos
2823 599 3089 669 prolatis,
3126 608 3180 653 et
3220 599 3297 653 ibi
3339 599 3577 653 credunt
3618 601 3675 653 in

2099 710 2224 751 eum
2253 735 2266 757 ,
2309 694 2404 748 ubi
2454 707 2724 763 aquarum
2768 698 2899 746 sunt
2940 690 3160 755 fontes,
3197 689 3290 744 ubi
3332 689 3539 744 Christi
3579 690 3677 743 do-

2099 800 2290 840 cemur
2332 783 2679 855 mysterium.
2720 778 2977 837 Christus
3016 783 3160 836 enim
3201 796 3310 835 non
3349 790 3466 836 erat
3506 779 3570 834 ad
3605 782 3677 835 ri-

2097 891 2197 930 vos
2246 876 2396 929 circa
2446 872 2772 939 Iordanem,
2809 873 2905 928 sed
2947 873 3092 928 ultra
3128 873 3370 937 alicubi,
3405 886 3514 942 quo
3546 886 3676 925 cum

2102 966 2380 1033 venisset,
2421 966 2623 1019 mansit
2665 963 2719 1017 in
2755 962 2996 1032 gentium
3040 962 3285 1018 Ecclesia
3310 1004 3324 1027 ,
3356 972 3414 1017 et
3451 962 3676 1017 stabilis

2102 1058 2324 1112 mansit.
2355 1055 2605 1110 Colimus
2636 1068 2769 1108 vero
2796 1050 3066 1107 Joannem
3095 1094 3110 1119 ,
3144 1068 3253 1107 non
3285 1064 3541 1121 tanquam
3570 1050 3678 1104 ali-

2102 1147 2237 1217 quid
2283 1146 2531 1201 divimtm
2584 1151 2908 1216 operatum,
2967 1142 3060 1199 sed
3116 1151 3376 1211 tanquam
3433 1157 3561 1196 vera
3607 1139 3677 1195 de

2094 1238 2325 1296 Christo
2366 1222 2653 1292 testatum.
2694 1233 2814 1289 Non
2871 1235 3049 1289 solum
3093 1234 3238 1287 enim
3289 1231 3536 1296 Joanne,
3576 1231 3676 1285 sed

2100 1332 2249 1389 omni
2289 1338 2486 1386 sancto
2523 1327 2785 1383 Christus
2828 1335 2916 1382 est
2947 1325 3329 1381 admirabilior
3360 1343 3373 1379 :
3408 1325 3487 1378 illi
3524 1324 3677 1378 enim

2102 1424 2423 1495 prophetae,
2475 1420 2564 1474 hic
2618 1432 2753 1474 vero
2802 1417 2949 1473 Deus
2990 1418 3256 1471 miracula
3296 1416 3526 1472 faciens.
3563 1414 3676 1470 No-

2100 1511 2327 1567 tandum
2365 1508 2532 1580 676
2570 1521 2767 1576 porro,
2800 1515 2917 1561 tum
2953 1504 3185 1561 Joannis
3209 1545 3224 1569 ,
3258 1512 3375 1558 tum
3419 1505 3676 1573 reliquo-

2102 1618 2223 1659 rum
2266 1600 2665 1672 prophetarum
2721 1598 2891 1653 verba
2943 1597 3159 1651 munire
3214 1595 3360 1649 viam
3406 1595 3472 1649 ad
3515 1594 3676 1649 (idem

427 1704 510 1757 ὅτι
534 1703 648 1764 ὁδός
670 1704 807 1754 εἰσιν
831 1700 880 1751 oi
919 1697 1162 1751 Ἰωάννου
1203 1696 1295 1749 καὶ
1341 1695 1442 1747 τῶν
1473 1693 1677 1747 λοιπῶν
1707 1691 2002 1764 προφητῶν
2036 1695 2075 1750 Β
2101 1693 2329 1750 Christi.

427 1792 594 1861 λόγοι,
619 1794 697 1855 εἰς
724 1791 784 1843 τὸ
814 1788 1097 1843 πιστεῦσαι
1125 1785 1365 1858 Χριστῷ.

492 1880 603 1942 Ἦν
625 1884 693 1939 δέ
712 1902 803 1950 τις
826 1879 1101 1938 ἀσθενῶν
1134 1877 1416 1946 Λάζαρος,
1451 1878 1546 1930 καὶ
1573 1876 1645 1929 τὰ
1672 1875 1823 1946 ἑξῆς.

508 1974 791 2044 Ἐπίτηδες
821 1973 879 2026 δὲ
905 1972 1177 2043 μέμνηται
1214 1968 1325 2022 τῶν
1369 1967 1648 2036 ὀνομάτων
1673 1965 1782 2019 τῶν
1822 1980 2002 2032 γυναι·

429 2065 539 2121 κῶν
574 2069 603 2119 ὁ
629 2063 1043 2134 εύαγγελιστὴς,
1078 2061 1291 2123 δεικνὺς
1334 2060 1416 2112 ὅτι
1456 2059 1717 2128 ἐπίσημοι
1759 2052 1901 2128 ἦσαν
1922 2056 2001 2121 ὠς

431 2157 716 2220 θεοσεὸεἰς·
749 2155 828 2209 διὸ
862 2155 956 2207 καὶ
988 2152 1182 2222 ἠγάπα
1216 2150 1429 2213 αὐτὰςό
1455 2149 1674 2220 Κύριος.
1700 2148 1915 2202 Πολλῶν
1943 2148 2001 2202 δὲ

430 2249 749 2319 γεγονότων,
776 2247 851 2309 ὼς
875 2245 1041 2307 εἰκὸς,
1064 2244 1143 2307 είς
1171 2243 1261 2296 τὸν
1286 2242 1492 2311 Κύριον
1518 2240 1624 2292 ὑπὸ
1644 2240 1741 2309 τῆς
1761 2237 2000 2310 Μαρίας,

434 2339 527 2396 τοῦ
567 2339 735 2411 μύρου
790 2338 1056 2407 μέμνηται
1092 2335 1191 2404 οὐχ
1222 2334 1296 2396 ὡς
1333 2332 1544 2403 ἔτυχεν,
1581 2331 1697 2385 ἀλλ’
1737 2331 1823 2384 ἵνα
1855 2330 2003 2404 δείξῃ

434 2433 516 2486 ὅτι
572 2428 837 2497 τοσαύτην
888 2424 998 2497 εἶχε
1050 2425 1209 2494 δίψαν
1256 2426 1289 2493 ὴ
1338 2423 1523 2493 Μαρία
1564 2423 1695 2494 περὶ
1729 2423 1821 2476 τὸν
1869 2424 2003 2493 Χρι-

440 2522 582 2584 στὸν,
618 2522 698 2574 ὅτι
755 2518 981 2589 ὲξέμαξε
1039 2517 1165 2579 τοὺς
1216 2515 1382 2578 πόδας
1436 2514 1601 2568 αὑτοῦ
1648 2517 1771 2579 ταῖς
1847 2514 2004 2575 ίόίαις

430 2614 601 2684 θριξὶ,
644 2610 881 2682 ζητοῦσα
907 2608 1005 2681 τὴν
1038 2609 1101 2661 έκ
1132 2608 1229 2677 τῆς
1262 2607 1422 2676 ἁγίας
1471 2606 1673 2676 σαρκὸς
1707 2622 2007 2675 πνευματι-

432 2708 538 2776 τιὴν
579 2700 1251 2773 εύλογίανάναμάξασθαι.
1282 2700 1599 2770 Θερμοτέρα
1627 2699 1683 2753 δὲ
1722 2701 1755 2769 ἡ
1792 2698 2000 2770 Μαρία,

433 2796 524 2853 διὰ
546 2797 639 2851 τοῦ
671 2793 1049 2866 προσεδρεύειν
1070 2793 1494 2864 ἀπερισπάστως
1533 2792 1611 2864 τῷ
1640 2790 1880 2864 Χριστῷ,
1908 2791 2015 2862 τὴν¹

436 2890 572 2963 πρὸς
606 2887 767 2942 αὑτὸν
803 2883 1159 2956 ἐπισπωμένη
1179 2883 1511 2954 οἰκειότητα.

2169 1869 2262 1936 XI,
2305 1870 2353 1923 i.
2394 1867 2528 1923 Erat
2554 1876 2733 1922 autem
2764 1866 2978 1936 quidam
3005 1864 3257 1935 languens
3282 1863 3673 1929 Lazarus,etc.

2172 1958 2417 2015 Meminit
2447 1973 2513 2013 ex
2554 1956 2808 2026 professo
2846 1954 3183 2024 evangelista
3223 1953 3511 2007 nominum
3552 1966 3676 2006 mu-

2100 2049 2297 2104 lierum
2321 2090 2335 2113 ,
2366 2046 2673 2103 ostendens
2703 2059 2799 2101 eas
2828 2044 3007 2099 fuisse
3033 2044 3280 2098 illustres
3300 2081 3315 2106 ,
3342 2050 3530 2113 utpote
3556 2043 3677 2112 pias

2098 2150 2155 2196 et
2186 2140 2480 2211 religiosas
2503 2178 2518 2203 ,
2547 2144 2841 2207 prOpterea
2873 2142 2928 2190 et
2956 2133 3226 2188 Dominus
3261 2148 3359 2188 eas
3391 2132 3673 2202 diligebat.

2100 2232 2238 2290 Cum
2279 2239 2461 2286 autem
2514 2237 2803 2286 exstarent
2844 2228 3016 2282 multa
3059 2226 3113 2280 in
3152 2225 3440 2280 Dominum
3492 2224 3679 2279 Maria:

2104 2323 2404 2394 promerita
2427 2362 2442 2386 ,
2477 2320 2744 2390 unguenti
2778 2316 3064 2379 meminit,
3104 2332 3212 2370 non
3247 2329 3533 2385 perperam
3572 2328 3678 2370 nec

2104 2416 2253 2469 aliud
2284 2430 2473 2484 agens,
2504 2412 2601 2469 sed
2632 2420 2692 2466 ut
2719 2411 3064 2466 demonstret
3101 2416 3253 2461 tanta
3290 2407 3383 2462 siti
3444 2405 3677 2459 Mariam

2100 2523 2233 2578 erga
2270 2506 2552 2562 Christum
2606 2503 2911 2564 exarsisse,
2955 2507 3014 2554 ut
3063 2498 3232 2570 pedes
3289 2498 3410 2567 ejus
3461 2495 3677 2566 capillis

2072 2598 2465 2660 .absterserit,
2508 2595 2740 2665 cupiens
2782 2608 2845 2647 ex
2888 2598 3084 2647 sancto
3122 2605 3356 2661 corpore
3396 2603 3460 2643 ac
3501 2601 3672 2642 carne

2103 2690 2446 2765 spiritualem
2499 2686 2807 2756 exprimere
2846 2681 3312 2738 benedictionem.
3354 2679 3451 2734 Est
3492 2687 3680 2732 autem

2105 2780 2385 2836 ardentior
2419 2776 2613 2844 Maria,
2649 2783 2712 2831 ut
2746 2791 2866 2847 quae
2882 2785 3149 2846 perpetuo
3179 2773 3405 2828 Christo
3436 2771 3681 2826 adhaere-

2104 2882 2221 2938 ret,
2275 2887 2378 2928 nec
2426 2872 2495 2926 ab
2531 2885 2597 2925 eo
2650 2885 2711 2924 se
2761 2868 2921 2923 avelli
2973 2873 3275 2936 pateretur,
3328 2871 3492 2933 atque
3542 2858 3680 2915 adeo

2106 2978 2360 3035 magnam
2395 2978 2519 3017 cum
2554 2962 2659 3016 illo
2694 2959 2821 3015 inde
2856 2958 3231 3014 contraxisset
3264 2955 3608 3009 afﬁnitatem.

519 3062 964 3120 Ἀποστέλλουσιν
1007 3061 1063 3114 at
1111 3061 1365 3129 γυναῖκες
1402 3058 1538 3129 πρὸς
1562 3057 1653 3111 τὸν
1676 3057 1881 3129 Κύριον
1920 3057 2003 3111 ἀεὶ

2178 3054 2403 3109 Mittunt
2444 3053 2515 3108 ad
2559 3050 2855 3106 Dominum
2902 3049 3200 3110 mulieres.
3249 3061 3410 3116 quem
3456 3043 3682 3114 quidem

437 3156 543 3228 μὲν
586 3156 837 3209 θέλουσαι
884 3152 1046 3207 αὑτὸν
1099 3151 1244 3221 ἔχειν
1281 3150 1505 3222 πλησίον
1539 3149 1768 3212 ἑαυτῶν,
1806 3149 1924 3202 τότε
1949 3149 2007 3201 δὲ

441 3245 810 3319 εὐπροσώπους
842 3244 1000 3298 τοῦτο
1050 3242 1138 3296 διὰ
1184 3241 1275 3294 τὸν
1318 3239 1704 3314 ἀρρωστοῦντα
1736 3238 2005 3292 ποιοῦσαι.

456 3337 763 3390 Ἐπίστευον
783 3335 910 3405 γάρ,
933 3333 1007 3397 ὼς
1030 3335 1079 3386 εί
1103 3331 1295 3402 φανείη
1322 3332 1479 3401 μόνον
1500 3331 1528 3383 6
1554 3329 1807 3402 Χριστὸς,
1832 3329 2010 3383 ἁπαλ-

444 3424 633 3495 λαγείη
669 3425 765 3494 τῆς
808 3423 962 3475 νόσου
1009 3423 1037 3474 ό
1085 3421 1355 3490 κείμενος.
1400 3420 1904 3490 Ὑπομιμνήσκουσι
1953 3417 2010 3471 δὲ

445 3515 542 3584 τῆς
585 3513 808 3581 ἀγάπης
845 3507 913 3584 ἧς
961 3508 1074 3582 εἷχε
1139 3510 1275 3582 πρὸς
1305 3511 1395 3564 τὸν
1436 3509 1713 3574 νοσοῦντα,
1757 3508 2013 3563 ἕλκουσαι

446 3604 607 3659 αὑτὸν
652 3604 741 3656 διὰ
788 3603 977 3671 τούτου
1031 3604 1164 3655 ἐκεῖ*
1214 3601 1433 3672 ᾔδεισαν
1478 3600 1586 3669 γὰρ
1616 3601 1699 3652 ὅτι
1734 3600 2012 3669 ἐφρόντιζε

448 3693 660 3747 τούτου.
692 3694 803 3746 Καὶ
827 3692 1056 3761 ἠδύνατο
1096 3693 1197 3761 μὲν
1236 3692 1331 3745 καὶ
1374 3690 1527 3744 ἀπὼν
1548 3691 1621 3754 ὼς
1652 3691 1781 3754 Θεὸς
1809 3692 1903 3745 καὶ
1946 3690 2015 3745 τὰ

451 3786 629 3839 πάντα
670 3785 967 3855 περιέπων,
999 3783 1330 3855 θεραπεῦσαι
1376 3783 1558 3836 αὐτόν’
1585 3783 1734 3853 ὅμως
1767 3782 2014 3852 ἐνόμιζον

449 3878 533 3931 ὅτι
561 3878 609 3929 εἰ
644 3876 843 3946 παρῆν,
872 3876 1028 3947 χεῖρα
1056 3874 1120 3928 ἂν
1157 3874 1370 3945 ὀρέξας,
1406 3875 1624 3945 ἤγειρεν
1662 3873 1841 3928 αὐτόν.
1883 3876 2014 3925 Δυσ-

451 3968 674 4039 φοροῦσι
724 3968 800 4029 δὲ,
827 3966 904 4030 ὼς
955 3964 1123 4029 εἰκὸς,
1167 3965 1348 4034 οἴομαι
1386 3963 1442 4016 δὲ
1486 3963 1622 4034 μηδὲ
1667 3963 2015 4034 ἀρῤωστῆσαι

447 4060 582 4124 ὅλως
607 4059 699 4113 τὸν
732 4058 999 4125 Λάζαρον,
1034 4059 1084 4108 εἰ
1116 4055 1190 4127 μὴ
1224 4055 1496 4127 ἠμέλησεν
1520 4053 1683 4107 αὑτοῦ
1712 4057 1740 4107 6
1760 4052 2012 4123 Χριστός·

448 4148 633 4204 Πάντα
669 4148 797 4218 γὰρ,
831 4147 1010 4214 φασιν,
1052 4145 1283 4215 ἑχόντων
1318 4145 1386 4198 τὰ
1418 4143 1598 4214 ἀγαθά
1646 4142 1754 4197 τῶν
1793 4144 2018 4210 ἀγαπω-

452 4241 626 4312 μένων
653 4238 804 4309 παρὰ
846 4236 1002 4300 θεοῦ,
1025 4237 1111 4290 διὰ
1138 4237 1322 4291 χποίαν
1348 4236 1528 4290 αἰτίαν
1561 4222 1722 4297 αὐτὸς
1742 4234 1800 4287 ὃν
1823 4232 2015 4302 φιλεῖς,

2110 3162 2325 3218 semper
2354 3145 2461 3201 sibi
2492 3143 2809 3215 proximum
2838 3141 3044 3195 habere
3072 3138 3406 3209 cupiebant,
3439 3133 3534 3190 sed
3566 3144 3683 3188 tum

2111 3241 2349 3294 maxime
2378 3254 2487 3293 non
2524 3238 2642 3292 sine
2679 3242 2947 3306 praetextu
2979 3233 3214 3287 honesto
3244 3239 3470 3298 propter
3502 3241 3682 3296 aegro-

2110 3338 2341 3385 tantem.
2405 3328 2724 3383 Credebant
2780 3326 2927 3380 enim
2984 3323 3076 3376 ubi
3133 3321 3302 3376 semel
3349 3324 3683 3387 conspectus

2112 3428 2259 3476 esset
2288 3419 2544 3474 Christus
2564 3459 2581 3485 ,
2625 3433 2750 3473 eum
2783 3417 2875 3485 qui
2899 3415 3117 3484 jacebat
3161 3411 3355 3466 morbo
3383 3412 3683 3465 liberatum

2113 3512 2219 3566 iri:
2252 3519 2306 3565 et
2346 3511 2400 3564 in
2437 3508 2761 3564 memoriam
2798 3507 2847 3560 ei
2887 3511 3154 3559 revocant
3191 3501 3539 3557 dilectionem
3575 3514 3684 3569 qua

2112 3618 2316 3673 aegrum
2363 3608 2690 3671 prosecutus
2734 3604 2915 3661 esset,
2963 3611 3089 3650 eum
3145 3596 3247 3648 hoc
3295 3593 3457 3647 modo
3507 3592 3573 3645 ad
3624 3606 3686 3645 se

2113 3695 2434 3759 trahentes,
2497 3691 2641 3746 haud
2700 3690 2892 3758 utique
2945 3687 3154 3755 ignarae
3211 3684 3292 3738 illi
3356 3694 3685 3752 magnopere

2115 3801 2263 3842 cura:
2287 3799 2410 3840 esse
2441 3782 2681 3837 hominis
2717 3780 3177 3836 incolumitatem.
3214 3778 3281 3830 Et
3314 3783 3527 3844 poterat
3558 3773 3683 3841 qui-

2115 3878 2239 3933 dem
2272 3877 2404 3931 licet
2436 3876 2639 3931 absens
2665 3882 2935 3943 tanquam
2980 3869 3124 3925 Deus
3161 3876 3216 3923 et
3255 3867 3439 3921 omnia
3484 3867 3684 3934 guber—

2116 3982 2257 4021 nans
2281 3981 2406 4021 eum
2455 3978 2686 4030 curare;
2721 3972 2900 4017 tamen
2944 3958 3334 4014 existimabant
3376 3957 3420 4009 si
3465 3955 3693 4015 adesset

2116 4066 2373 4130 porrecta
2404 4072 2571 4111 manu
2599 4070 2723 4111 eum
2760 4053 2923 4109 facile
2949 4052 3339 4107 excitaturum.
3369 4047 3549 4113 Quare
3574 4061 3686 4100 non

2118 4149 2395 4204 immerito
2419 4148 2561 4201 banc
2585 4145 2891 4201 absentiam
2919 4157 3063 4213 aegre
3089 4141 3307 4196 ferunt:
3333 4139 3498 4193 credo
3519 4137 3684 4192 etiam

2117 4257 2224 4297 nec
2264 4240 2493 4304 omnino
2534 4245 2932 4309 aagrotaturum
2984 4234 3159 4293 fuisse
3208 4230 3519 4293 Lazarum,
3573 4225 3685 4282 nisi

449 4333 695 4397 ἀσθενεῖ;
746 4331 814 4382 Ἢ
848 4330 942 4382 καὶ
992 4328 1150 4381 τοῦτό
1194 4345 1345 4397 φασι·
1380 4327 1605 4397 Μεγάλη
1633 4327 1731 4395 τῆς
1775 4326 1931 4380 νόσου
1978 4327 2003 4395 ἡ

2120 4346 2244 4386 eum
2295 4331 2444 4386 velut
2496 4327 2763 4385 oblivioni
2821 4325 3145 4380 tradidisset
3200 4321 3509 4376 Christus:
3558 4332 3683 4372 cum

451 4423 744 4496 θρασύτης,
769 4422 849 4475 ὃτι
878 4419 1280 4490 κατετόλμησεν
1306 4417 1589 4471 ἐπιθέσθαι
1613 4420 1726 4481 τοῖς
1746 4417 1849 4470 ὑπὸ
1878 4417 2003 4470 Θεοῦ

2121 4424 2267 4478 enim
2323 4423 2419 4491 qui
2455 4420 2764 4490 diliguntur
2796 4432 2826 4471 a
2862 4418 2971 4470 Deo
2999 4415 3150 4470 nullo
3185 4429 3293 4467 non
3329 4425 3523 4482 genere
3556 4408 3684 4463 boni

448 4512 850 4581 άγαπωμένοις.
873 4509 1024 4579 Τάχα
1053 4508 1108 4561 δὲ
1138 4508 1231 4561 καὶ
1251 4506 1488 4560 τοιοῦτόν
1506 4524 1556 4558 τι
1577 4506 1791 4559 δοκοῦσι
1813 4506 2003 4575 λέγειν.

2121 4512 2400 4575 fruantur,
2430 4525 2595 4580 quam
2631 4509 2702 4563 ob
2736 4522 2961 4561 causam
2997 4508 3091 4560 ille
3124 4519 3288 4574 quem
3327 4517 3480 4555 amas
3513 4513 3687 4568 aegro-

458 4605 678 4674 Ἑπειδὴ
733 4602 828 4655 καὶ⁵
869 4603 995 4663 τοὺς
1013 4599 1235 4668 ἐχθροὺς
1266 4600 1486 4670 ἀγαπᾷς
1532 4599 1626 4652 καὶ
1666 4599 2003 4671 θεραπεύεις,

2119 4601 2246 4658 tat?
2295 4600 2387 4656 Vel
2420 4601 2522 4654 hoc
2553 4599 2718 4653 etiam
2750 4598 2940 4653 dicunt
2970 4615 2982 4651 :
3038 4610 3233 4662 magna
3292 4594 3478 4659 utique
3507 4588 3682 4642 morbi

450 4692 627 4763 πολλῷ
645 4691 841 4763 μᾶλλον
862 4690 1154 4761 χρεωστεῖς
1177 4689 1256 4750 είς
1276 4688 1401 4748 τοὺς
1423 4687 1750 4754 ἀγαπῶντάς
1781 4705 1839 4741 σε
1861 4689 2003 4745 τοῦτι

2115 4702 2200 4749 est
2234 4692 2464 4746 audacia
2487 4730 2502 4756 ,
2537 4691 2629 4760 qui
2664 4690 2825 4745 etiam
2862 4703 2957 4743 eos
2988 4702 3131 4757 quos
3166 4685 3306 4737 Deus
3339 4690 3483 4735 amat
3525 4681 3683 4733 inva-

448 4784 796 4848 ἐνδείξασθαι.
830 4781 1067 4834 Δύνασαι
1106 4777 1215 4848 γὰρ
1241 4778 1299 4829 ὲν
1331 4778 1473 4847 μόνῳ
1512 4778 1590 4847 τῷ
1624 4778 1797 4831 θέλειν
1842 4782 2003 4837 πάντα

2116 4784 2270 4839 serit.
2313 4781 2482 4835 Forte
2513 4796 2645 4835 vero
2671 4788 2726 4833 et
2760 4780 2866 4832 tale
2897 4777 3159 4847 quiddam
3188 4775 3371 4827 dicere
3394 4772 3680 4822 videntur:

449 4879 686 4945 ποιῆσαι.
737 4873 980 4934 Πίστεως
1020 4865 1114 4924 οὖν
1149 4871 1177 4922 ό
1219 4868 1375 4936 λόγος
1413 4868 1607 4937 μεστὸς
1647 4869 1744 4922 καὶ
1789 4872 1889 4942 τῆς
1934 4874 2003 4936 είς

2115 4870 2575 4941 Quandoquidem
2610 4871 2794 4925 hostes
2825 4868 3009 4936 diligis
3037 4875 3091 4921 et
3119 4879 3284 4919 curas
3312 4903 3327 4924 ,
3360 4861 3534 4913 multo
3566 4873 3685 4910 ma-

448 4966 677 5037 Χριστὸν
703 4963 1052 5036 γνησιότητος
1081 4959 1372 5024 ἀπόδειξις.

2122 4967 2205 5035 gis
2236 4965 2403 5019 debes
2443 4965 2495 5017 in
2527 4977 2623 5017 eos
2652 4962 2746 5031 qui
2781 4969 2832 5014 te
2863 4966 3048 5012 amant
3070 4958 3174 5011 hoc
3198 4952 3524 5010 beneﬁt-ium
3546 4965 3682 5003 con-

449 5057 613 5115 ferre.
652 5058 812 5112 P0tes
850 5054 1123 5124 siquidem
1156 5055 1271 5109 sola
1305 5051 1586 5107 voluntate
1616 5052 1801 5107 omnia
1834 5052 2037 5113 facere.
2081 5056 2224 5130 Ergo
2270 5060 2431 5129 plena
2460 5066 2545 5112 est
2581 5056 2705 5110 fidei
2753 5054 2868 5108 haec
2908 5052 3087 5105 oratio
3110 5089 3125 5115 ,
3162 5056 3216 5102 et
3265 5043 3484 5114 ingenui
3553 5054 3682 5109 erga

451 5150 616 5206 Deum
646 5148 875 5203 ali'ectus
904 5146 1322 5200 demonstratio.

515 5241 675 5307 Αὕτη
716 5239 753 5307 ἠ
789 5236 1072 5292 ἀσθένεια
1123 5236 1234 5289 οὐκ
1264 5233 1398 5287 ἔστι
1447 5233 1596 5300 πρὸς
1624 5231 1901 5304 θάνατον,
1918 5236 2010 5289 καὶ

444 5334 510 5386 τὰ
540 5332 682 5399 ἑξῆς.

516 5422 675 5489 Λέγει
704 5420 800 5489 μέν
822 5436 903 5491 τοι
932 5416 1106 5470 ταῦτα
1134 5418 1161 5469 ὁ
1198 5415 1420 5487 Κύριος,
1445 5416 1543 5485 οὐχ
1569 5415 1655 5470 ἵνα
1683 5417 2009 5481 ἀπελθόντες

2187 5232 2280 5301 XI,
2303 5234 2357 5288 4.
2399 5232 2528 5287 Πανε
2551 5231 2838 5301 inﬁrmitas
2869 5242 2972 5281 non
3006 5233 3082 5278 est
3114 5222 3183 5276 ad
3216 5232 3453 5286 mortem,
3484 5229 3591 5276 etc.

2185 5411 2311 5467 Haec
2345 5411 2562 5482 quidem
2595 5410 2730 5464 dicit
2763 5404 3026 5461 Dominus
3049 5442 3066 5468 ,
3094 5417 3206 5457 non
3236 5411 3295 5456 ut
3328 5401 3421 5472 qui
3453 5400 3687 5453 aderant

448 5516 495 5569 oi
538 5511 810 5582 ἄνθρωποι
845 5490 1221 5577 ἀπαγγείλωσι
1264 5510 1385 5570 ταῖς
1425 5507 1691 5575 ἀδελφαῖς
1747 5509 1842 5561 τοῦ
1897 5511 2003 5562 Aab

2115 5505 2378 5558 abeuntes
2427 5501 2809 5556 renuntiarent
2846 5494 3133 5550 sororibus
3167 5493 3361 5547 Lazari
3384 5531 3398 5555 ,
3433 5490 3527 5543 sed
3561 5497 3686 5539 tan-

448 5577 772 5672 ζάρουίάλλυ
804 5602 879 5665 ὡς
903 5600 1034 5662 Θεὸς
1078 5597 1354 5668 προλέγων
1381 5598 1440 5649 τὸ
1466 5597 1739 5665 ἐσόμενον,
1770 5600 1850 5651 ὅτι
1880 5599 2003 5668 πρὸς

2119 5612 2283 5665 quam
2319 5594 2462 5651 Deus
2495 5594 2740 5645 futurum
2790 5585 3132 5657 praedicens,
3186 5584 3449 5654 quoniam
3482 5577 3562 5630 rei
3590 5590 3685 5627 ex-

446 5696 598 5759 δόξαν
628 5691 763 5747 Θεοῦ
808 5691 950 5762 ἐώρα
974 5690 1034 5744 τὸ
1060 5688 1155 5743 τοῦ
1200 5688 1522 5759 πράγματος
1562 5689 1919 5753 ἀποτέλεσμα,
1951 5690 2003 5741 οἱ

2120 5662 2256 5741 itum
2289 5687 2354 5741 ad
2391 5683 2621 5752 gloriam
2666 5674 2767 5733 Dei
2789 5676 3066 5748 pertinere
3096 5674 3356 5734 videbat,
3389 5680 3498 5721 non
3538 5662 3686 5730 quod
