4106 6262
449 343 519 400 39
1426 341 1486 395 ε.
1521 338 1798 397 ογῐιιιιι
1838 328 1993 394 ALE".

2094 340 2312 397 N’DRiNi
2343 334 2662 400 ARCHIEP.
3615 345 3684 408 60

446 456 569 511 ideo
603 451 828 507 morbus
877 450 1168 508 accidisset
1213 457 1273 506 ut
1320 451 1745 521 gioriﬁcaretur,
1791 455 1993 509 stultun

2127 455 2213 510 διὰ
2245 455 2403 509 τοῦτο
2435 459 2718 529 συμϐάσης
2749 458 2845 530 τῆς
2876 457 3052 524 νόσου,
3077 451 3162 513 ἵνα
3193 455 3452 533 δοξασθῇ·
3497 460 3692 536 εὔηθες

445 547 594 602 enim
636 545 743 599 hoc
777 545 962 599 dicere
991 563 1004 611 ;
1075 543 1165 598 sed
1200 544 1640 613 quandoquidem
1673 546 2012 616 contigerat,

444 637 611 691 etiam
665 635 732 688 ad
785 635 1163 689 admirabilem
1206 633 1365 687 ﬁnem
1409 636 1718 702 Spectabat.
1763 635 2014 705 Seipsum

445 743 576 780 vero
606 727 768 797 677
798 728 873 780 ait
902 733 1095 780 natura
1129 725 1333 792 Deum,
1369 726 1574 796 quippe
1603 728 1659 780 in
1696 728 1871 797 ipsius
1902 729 2016 798 glo-

449 818 584 872 riam
618 817 821 870 factum
854 824 934 871 est
966 813 1110 884 quod
1144 813 1346 868 factum
1380 826 1486 870 est.
1516 816 1842 874 Proiocutus
1869 821 2013 874 enim

443 909 587 978 quod
627 907 738 961 hzec
776 905 1070 961 inﬁrmitas
1102 906 1168 960 ad
1204 907 1436 976 gloriam
1471 907 1563 963 Dei
1599 917 1766 974 esset,
1786 911 2008 980 adjecit,

452 1018 469 1050 ι
501 1000 572 1054 L't
603 999 998 1068 gloriﬁcaretur
1028 996 1123 1052 Dei
1171 996 1346 1054 Filius
1378 999 1431 1052 in
1461 1015 1546 1064 ea,
1578 1020 1597 1052 ›
1626 1001 1693 1056 de
1724 1003 1904 1072 seipso
1935 1003 2012 1056 io-

442 1106 637 1160 quens.
677 1088 822 1142 Nihil
857 1096 1040 1143 autem
1086 1090 1286 1144 mirum
1330 1091 1474 1161 quod
1514 1093 1712 1148 dixerit
1745 1109 1856 1148 non
1889 1109 2013 1150 esse

443 1182 508 1234 ad
541 1190 768 1236 mortem
796 1182 1169 1236 inﬁrmitatem
1197 1181 1387 1237 Lazari
1412 1227 1426 1249 ,
1457 1192 1510 1236 et
1537 1193 1717 1241 tamen
1751 1199 1900 1241 mors
1927 1199 2013 1242 ac-

441 1270 639 1324 ciderit
665 1287 678 1323 :
714 1270 780 1325 ad
811 1271 886 1324 rei
915 1271 1058 1325 enim
1087 1271 1295 1325 exitum
1329 1274 1720 1343 respicientes,
1753 1277 2010 1346 quodque

440 1361 607 1430 paulo
646 1371 771 1432 post
812 1369 930 1415 erat
976 1373 1428 1429 resurrecturus,
1481 1381 1589 1418 non
1643 1368 1780 1436 quid
1830 1370 2008 1424 medio

440 1457 683 1520 tempore
715 1452 1011 1521 contigerit
1045 1463 1363 1523 spectamus
1386 1495 1400 1518 ,
1433 1457 1524 1510 sed
1566 1457 1618 1510 in
1652 1474 1810 1528 quem
1844 1460 2005 1514 ﬁnem

439 1555 530 1593 res
563 1548 671 1592 tota
705 1541 978 1594 reciderit.
1007 1538 1195 1596 Voluit
1223 1544 1371 1596 enim
1402 1543 1668 1599 Dominus
1695 1553 1753 1600 ut
1782 1557 1833 1600 et
1865 1563 2008 1616 aeger

437 1636 689 1694 mortem,
725 1637 777 1683 et
811 1632 953 1700 quod
988 1632 1114 1686 inde
1134 1643 1378 1686 secutum
1411 1644 1519 1702 est,
1546 1636 1598 1690 in
1627 1637 1715 1690 Dei
1740 1638 1966 1707 gloriam
1987 1679 2001 1704 ,

436 1717 542 1772 hoc
565 1726 646 1772 est
665 1720 746 1772 sui
783 1719 981 1788 ipsius,
1018 1722 1352 1777 ostenderet.

505 1807 597 1873 XI,
631 1809 683 1862 5.
727 1809 983 1880 Diligebat
1018 1828 1134 1865 vero
1156 1812 1332 1877 Jesus,
1369 1821 1476 1869 etc.

506 1895 770 1966 Exposita
803 1900 1095 1954 mulierum
1131 1901 1365 1965 virtute,
1397 1903 1731 1974 evangelista
1761 1922 1857 1964 eas
1883 1925 2002 1966 me-

434 1983 546 2040 rito
586 1988 661 2040 ait
689 2003 717 2040 a
747 1987 1040 2044 Servatore
1076 1991 1306 2046 dilectas
1355 2010 1369 2046 :
1412 2008 1513 2048 nec
1545 1996 1739 2052 mirum
1772 2000 1818 2054 si
1853 2016 2002 2058 mors

431 2081 487 2129 et
518 2078 747 2134 morbus
777 2079 822 2133 ei
857 2095 1018 2149 quem
1053 2080 1198 2136 Deus
1229 2081 1492 2153 diligebat
1524 2089 1806 2144 acciderit.
1841 2093 2004 2146 Coms

431 2169 621 2220 munia
650 2169 796 2224 enim
843 2172 1086 2226 omnium
1138 2189 1258 2243 qua-
1297 2190 1359 2230 ex
1405 2177 1723 2236 inﬁrmitate
1761 2185 2003 2242 naturali

430 2261 798 2329 proveniunt,
829 2265 1045 2319 tametsi
1079 2265 1437 2336 diligentibus
1489 2270 1655 2327 Deum
1700 2279 1999 2344 peculiaris

429 2363 493 2402 ea
533 2353 708 2419 gratia
753 2354 877 2406 data
923 2363 1042 2420 est,
1093 2364 1152 2410 ut
1195 2371 1305 2412 non
1357 2360 1543 2430 iniquo
1591 2365 1774 2420 animo
1817 2368 1999 2424 ferant

427 2454 724 2496 aerumnas.

498 2531 590 2596 XI,
625 2534 677 2588 6.
710 2527 912 2588 Mansit
941 2535 995 2591 in
1027 2538 1203 2594 eodem
1235 2539 1350 2599 toto
1381 2544 1583 2604 duabus
1615 2547 1818 2604 diebus.

498 2622 722 2678 Distulit
767 2641 925 2680 suum
973 2629 1299 2698 adventUm,
1338 2641 1397 2688 ut
1426 2652 1532 2691 non
1568 2655 1688 2693 eum
1723 2647 1996 2711 aegrotan‘

431 2724 536 2770 tem
568 2724 822 2783 curaret,
846 2719 963 2785 sed,
983 2722 1125 2790 quod
1151 2725 1376 2794 majoris
1403 2737 1487 2782 est
1515 2734 1820 2799 potestatis,
1847 2750 1992 2789 mor-

428 2815 581 2861 tuum
612 2809 944 2874 suscitaret,
994 2823 1052 2866 ut
1083 2815 1257 2869 multo
1299 2820 1534 2888 amplius
1570 2822 1989 2892 gioriﬁraretur.

425 2893 617 2950 Merito
648 2913 779 2952 vero
821 2901 1092 2971 quispiam
1143 2904 1348 2960 dixerit
1402 2909 1626 2965 Mariam
1682 2915 1988 2984 symbolum

423 3000 548 3040 esse
604 2988 886 3056 gentium,
942 2991 1206 3046 Martham
1265 3005 1445 3050 autem
1497 2998 1986 3067 circumcisorum,

421 3075 648 3132 fratrem
680 3093 810 3133 vero
839 3094 1026 3134 earum
1063 3099 1092 3136 a
1123 3086 1360 3141 mortuis
1391 3089 1720 3143 suscitatum
1751 3105 1873 3145 eum
1907 3093 1990 3146 in-
2015 3120 2058 3181 ρ

422 3180 595 3222 nuere
623 3169 714 3238 qui
746 3169 818 3222 ub
847 3171 1030 3241 aliqua
1065 3183 1291 3242 peccata
1321 3176 1388 3230 ad
1435 3177 1641 3233 inferos
1689 3180 1989 3236 descende-

424 3259 528 3323 rit,
557 3259 712 3326 juxta
741 3260 912 3316 illud:
943 3281 960 3314 ι
993 3263 1328 3321 Avertantur
1359 3279 1675 3337 peccatores
1717 3272 1771 3324 in
1816 3272 1988 3328 infer-

422 3364 554 3404 num
585 3351 648 3406 “.
686 3351 842 3408 rNec
873 3355 1010 3408 citra
1041 3356 1311 3411 rationem
1345 3374 1410 3412 ex
1463 3361 1654 3416 ordine
1701 3363 1832 3432 legis
1878 3365 1990 3418 llo-

423 3441 585 3495 saicae
617 3443 824 3496 dictum
865 3446 940 3497 ait
967 3445 1192 3500 Marthae
1221 3466 1234 3501 :
1268 3467 1284 3498 ι
1316 3447 1550 3515 Martha,
1587 3450 1819 3519 Martha,
1845 3455 1988 3509 solli-

421 3530 528 3582 cita
559 3545 618 3586 es
647 3540 702 3585 et
735 3534 976 3588 turbaris
1009 3551 1134 3605 erga
1179 3538 1437 3606 plurima.
1468 3540 1646 3596 Unum
1693 3558 1856 3612 porro
1902 3556 1987 3601 est

421 3622 798 3675 necessarium
823 3661 838 3684 ,
875 3641 894 3674 ι
925 3624 1027 3678 hoc
1061 3633 1176 3692 est,
1211 3641 1385 3695 pauca
1415 3647 1429 3695 ;
1471 3630 1536 3683 ad
1569 3631 1801 3687 salutem
1839 3637 1982 3690 enim

421 3722 531 3760 non
579 3711 767 3764 multis
816 3715 1102 3782 praeceptis
1150 3731 1290 3786 opus
1332 3717 1489 3786 juxta
1547 3719 1686 3790 legis
1733 3726 1985 3792 praescri-

421 3804 573 3868 ptum
595 3838 610 3862 ,
646 3799 739 3852 sed
775 3803 962 3869 paucis
993 3805 1172 3872 iisque
1201 3805 1270 3860 de
1299 3808 1568 3863 charitate
1597 3825 1661 3865 ac
1691 3811 1986 3870 dilectione

420 3886 600 3948 datis,
633 3887 686 3940 in
714 3889 914 3956 quibus
947 3893 1127 3960 posita
1158 3902 1241 3947 est
1272 3897 1453 3950 omnis
1484 3897 1568 3951 lex
1599 3909 1653 3954 et
1681 3904 1982 3972 propheta.

489 3974 580 4037 XI,
613 3978 661 4028 7.
698 3978 898 4034 Eamus
920 3982 974 4034 in
1004 3981 1252 4036 Judwam
1283 4001 1490 4041 rursus.

489 4067 593 4122 Per
632 4070 774 4124 istud
827 4072 976 4140 quod
1023 4074 1238 4129 locutus
1284 4090 1367 4130 est
1402 4079 1698 4146 Dominus,
1733 4101 1751 4134 ι
1781 4081 1985 4142 Eamus

416 4175 614 4215 rursus
635 4200 648 4224 ,
682 4181 700 4214 ι
727 4163 940 4218 videtur
972 4165 1078 4219 hoc
1108 4167 1292 4222 dicere
1317 4187 1330 4223 :
1371 4170 1490 4225 Etsi
1520 4173 1728 4244 indigni
1751 4177 1862 4232 sint
1904 4178 1982 4232 illi

414 4247 712 4314 beneﬁcio,
746 4261 925 4306 tamen
961 4255 1090 4323 quia
1123 4264 1286 4311 vocat
1316 4261 1540 4314 occasio
1571 4277 1694 4331 qua:
1725 4264 1834 4320 illis
1875 4268 1983 4321 uti-

416 4337 624 4392 litatem
657 4341 935 4410 importet,
969 4344 1262 4401 redeamus
1311 4347 1379 4401 ad
1433 4349 1581 4405 illos.
1623 4354 1693 4407 At
1725 4354 1979 4427 discipuli

2118 544 2403 615 γάρτοῦτο
2438 549 2634 601 εἰπεῖν·
2683 549 2796 602 ἀλλ’
2834 549 3068 620 ἐπείπερ
3099 552 3298 622 συνέϐη
3333 555 3428 607 καὶ
3455 555 3536 618 εἰς
3562 557 3695 609 θαυ-

2121 636 2324 703 μαστὸν
2360 637 2507 708 ἑώρα
2541 637 2713 700 τέλος.
2733 639 2952 693 Ἑαυτὸν
2979 641 3036 694 δέ
3067 659 3198 712 φησι
3232 642 3322 695 τὸν
3345 644 3503 713 φύσει
3535 642 3687 698 Θεόνθ

2114 725 2278 778 αὐτοῦ
2309 727 2416 799 γὰρ
2445 730 2524 792 είς
2557 729 2716 796 δόξαν
2755 731 2946 799 γέγονε
2987 735 3050 784 τὸ
3080 735 3318 802 γεγονός.
3353 735 3540 790 Εἰπὼν
3579 738 3689 807 γὰρ

2115 815 2198 867 ὅτι
2246 815 2386 886 ὑπὲρ
2425 817 2526 887 τῆς
2549 819 2706 889 δόξης
2749 819 2844 873 τοῦ
2897 821 3034 873 Θεοῦ
3073 823 3294 890 γέγονεν
3334 827 3366 894 ἡ
3411 825 3682 885 ἀσθένεια,

2115 907 2416 976 ἐπήγαγεν,
2466 906 2582 963 Ἵνα
2607 912 2836 982 δοξασθῇ
2875 914 2903 966 ὁ
2927 913 3056 976 Υἱὸς
3101 915 3195 967 τοῦ
3251 911 3386 967 Θεοῦ
3430 917 3487 968 ὲν
3517 917 3680 988 αὐτῇ,

2114 999 2244 1068 περὶ
2288 1000 2482 1053 ’ἑαυτοῦ
2529 1002 2722 1070 λέγων.
2764 1005 2906 1056 Είδὲ
2941 1005 3100 1068 αὐτὸς
3145 1006 3242 1076 μὲν
3272 1003 3392 1061 εἷπε
3441 1008 3514 1079 μὴ
3544 1003 3682 1062 εἶναι

2113 1088 2249 1158 πρὸς
2295 1089 2524 1144 θάνατον
2567 1094 2666 1159 τὴν
2710 1093 2806 1146 τοῦ
2858 1095 3106 1166 Λαζάρου
3163 1096 3491 1167 ἀρρωστίαν,
3548 1115 3682 1168 συμά

2111 1174 2310 1247 ϐέϐηκε
2337 1179 2394 1232 δὲ
2422 1179 2450 1230 ό
2493 1181 2736 1246 θάνατος,
2776 1183 2927 1237 οὐδὲν
2961 1183 3288 1255 θαυμαστόν·
3323 1187 3461 1256 πρὸς
3485 1190 3592 1258 γὰρ
3619 1188 3681 1240 τὸ

2110 1268 2284 1338 πέρας
2329 1270 2564 1340 ὁρῶντες
2616 1272 2706 1325 τοῦ
2738 1273 3082 1344 πράγματος,
3113 1277 3208 1330 καὶ
3228 1278 3309 1330 ὅτι
3341 1277 3532 1347 ἔμελλε
3563 1280 3680 1348 μετ’

2107 1357 2286 1426 ὀλίγον
2310 1361 2627 1428 ἀναστῆναιδ
2669 1353 2787 1431 οὖχὶ
2812 1363 2868 1415 ’τί
2898 1365 3243 1435 συμϐέϐηκεν
3268 1369 3326 1420 ὲν
3357 1367 3434 1438 τῷ
3473 1365 3676 1435 μεταξὺ

2108 1448 2437 1518 σκοποῦμεν,
2476 1451 2591 1503 ἀλλ’
2625 1453 2703 1514 είς
2737 1456 2887 1506 ποῖον
2918 1454 3083 1524 ἀνέϐη
3112 1455 3172 1508 τὸ
3209 1457 3400 1526 πέρας.
3453 1459 3676 1528 Ἐκρινε

2105 1536 2212 1608 γὰρ
2279 1540 2306 1590 ὁ
2363 1539 2564 1609 Κύριος
2626 1541 2954 1596 ἀσθενοῦντα
3035 1545 3202 1608 δεῖξαι
3265 1548 3355 1604 τὸν
3425 1548 3674 1613 θάνατον,

2105 1628 2282 1682 καὶτὸ
2310 1630 2556 1700 συμϐάν,
2605 1635 2684 1697 εἰς
2730 1633 2887 1698 δόξαν
2931 1635 3065 1689 Θεοῦ
3123 1637 3311 1705 δεῖξαι,
3343 1639 3487 1693 τοῦτ’
3529 1639 3676 1693 ἐστιν

2104 1719 2318 1774 ἑαυτοῦ.

2035 1783 2076 1840 Β
2187 1812 2408 1880 Ἠγάπα
2435 1815 2503 1867 δὲ
2529 1818 2562 1868 ὀ
2590 1816 2846 1883 Ἰησοῦς,
2883 1819 2975 1872 καὶ
3003 1819 3072 1873 τά
3100 1813 3244 1890 ἑξῆς.

2175 1902 2492 1967 Καταλέξας
2532 1905 2588 1958 δὲ
2619 1905 2646 1957 6
2677 1907 3064 1980 εὐαγγελιστὴς
3101 1911 3198 1980 τὴν
3236 1911 3345 1963 τῶν
3397 1914 3671 1981 γυναικῶν

2102 1991 2321 2061 ἀρετὴν,
2347 1993 2570 2058 εἰκότως
2595 1997 2762 2060 αὐτάς
2787 1999 3103 2066 ἀγαπᾶσθαι
3129 2000 3280 2072 παρὰ
3300 2001 3392 2054 τοῦ
3421 2003 3670 2073 Σωτῆρος

2101 2082 2227 2153 ἔφη’
2282 2085 2375 2138 καὶ
2413 2086 2565 2139 οὐδὲν
2609 2088 2938 2159 θαυμαστὸν,
2981 2090 3029 2142 εί
3086 2092 3238 2154 νόσος
3295 2093 3389 2144 καὶ
3440 2093 3670 2156 θάνατος

2103 2174 2298 2243 συνέϐη
2353 2177 2430 2247 τῷ
2478 2179 2543 2231 ὲκ
2602 2179 2737 2232 Θεοῦ
2787 2181 3148 2251 ἠγαπημένῳ.
3205 2181 3374 2235 Κοινὰ
3432 2182 3538 2253 γὰρ
3598 2183 3667 2235 τά

2099 2264 2157 2331 ἐξ
2201 2267 2483 2331 ἀσθενείας
2543 2271 2776 2338 φυσικῆς
2820 2271 3188 2341 συμϐαίνοντα
3233 2273 3377 2343 πάθη
3403 2313 3418 2338 ,
3480 2275 3527 2326 εί
3573 2274 3666 2327 καὶ

2100 2355 2240 2427 ίδικὴ
2273 2357 2432 2428 χάρις
2476 2362 2589 2423 τοῖς
2622 2359 2874 2424 ἀγαπῶσι
2912 2363 3002 2415 τὸν
3045 2362 3174 2415 Θεὸν
3205 2363 3452 2430 δέδοται,
3479 2364 3540 2418 τδ
3588 2363 3664 2435 μὴ

2099 2445 2310 2518 βαρέως
2340 2450 2528 2521 φέρειν
2555 2451 2624 2503 τά
2643 2452 2876 2523 λυπηρά.

2169 2539 2439 2606 Ἕμεινεν
2468 2541 2537 2593 ἐν
2562 2540 2606 2604 ᾧ
2640 2537 2716 2611 ἦν
2745 2545 2904 2608 τόπῳ
2933 2542 3041 2595 δύο
3069 2543 3310 2612 ήμέραςε

2178 2630 2493 2684 Ἀνεϐάλετο
2543 2631 2641 2700 τὴν
2686 2632 2886 2701 ἄφιξιν,
2951 2634 3035 2687 ἵνα
3085 2635 3158 2704 μὴ
3202 2635 3458 2689 νοσοῦντα
3501 2635 3661 2689 αὑτὸν

2095 2724 2442 2795 θεραπεύσῃ,
2527 2723 2663 2777 ἀλλὰ
2724 2725 3120 2796 τελευτήσαντα
3181 2727 3477 2796 ἀναστήσῃ·
3525 2726 3660 2798 ὅπερ

2093 2818 2207 2869 ἐστὶ
2238 2812 2482 2886 μείζονος
2503 2813 2802 2887 δυνάμεως,
2836 2819 2920 2870 ἵνα
2956 2817 3214 2887 μειζόνως
3251 2817 3658 2888 δοξασθήσεται.

2092 2906 2330 2968 Εἰκότως
2379 2905 2443 2958 ἄν
2491 2922 2574 2968 τις
2619 2905 2761 2958 εἴποι
2800 2905 2898 2976 τὴν
2945 2906 3161 2976 Μαρίαν
3213 2906 3476 2976 σύμϐολον
3521 2901 3660 2962 εἶναι

2090 2994 2196 3048 τῶν
2231 2997 2336 3048 ἀπὸ
2365 2996 2552 3058 ἐθνῶν,
2587 2997 2684 3067 τὴν
2715 2997 2770 3049 δὲ
2799 2997 3047 3068 Μάρθαν,
3099 2997 3205 3051 τῶν
3246 3000 3309 3051 ἐκ
3338 3000 3652 3070 περιτομῆς,

2091 3087 2180 3138 τὸν
2212 3086 2268 3139 δὲ
2298 3088 2362 3138 ὲκ
2405 3087 2613 3158 νεκρῶν
2663 3089 3016 3158 ἀνιστάμενον
3061 3089 3284 3159 ἀδελφὸν
3317 3091 3518 3154 αὐτῶν,
3565 3092 3656 3145 τὸν

2088 3178 2175 3232 διά
2201 3195 2323 3232 τινα
2357 3180 2728 3250 ἁμαρτήματα
2754 3183 2831 3244 είς
2865 3181 2990 3252 ᾅδου
3027 3182 3455 3252 καταϐεϐηκότα,
3514 3180 3656 3237 κατὰ

2088 3269 2166 3332 τὸ,
2200 3288 2219 3320 ι
2265 3271 2802 3340 Ἀποστραφήτωσαν
2836 3272 2884 3324 οἱ
2915 3273 3226 3343 ἁμαρτωλοὶ
3245 3276 3323 3336 είς
3338 3273 3428 3326 τὸν
3454 3273 3605 3344 ᾅδην.
3627 3292 3646 3324 ι

2089 3361 2198 3414 Καὶ
2222 3361 2321 3413 οὐκ
2353 3361 2630 3425 ἀπιθάνως
2664 3361 2750 3415 διά
2779 3363 2877 3432 τὴν
2913 3365 2970 3415 ἐν
2997 3363 3073 3434 τῷ
3109 3365 3352 3428 Μωσέως
3382 3366 3531 3439 νόμῳ
3558 3380 3656 3418 πο-

2087 3447 2286 3503 λιτείαν
2312 3451 2477 3521 φησιν
2507 3451 2757 3523 εἰρῆσθαι
2782 3455 2846 3523 τῇ
2869 3453 3089 3525 Μάρθᾳ·
3129 3472 3147 3504 ι
3182 3455 3400 3523 Μάρθα,
3437 3453 3652 3525 Μάρθα,

2091 3543 2359 3612 μεριμνᾷς
2400 3545 2493 3596 καὶ
2533 3544 2778 3616 τυρϐἀζῃ
2819 3548 2947 3616 περὶ
2999 3546 3184 3600 πολλά.
3233 3547 3380 3609 Ἐνὺς
3427 3547 3485 3599 δέ
3541 3548 3654 3598 ἐστι

2087 3633 2264 3705 χρεία,
2306 3654 2322 3683 ι
2381 3637 2500 3706 ἦτοι
2549 3633 2762 3704 ὀλίγων·
2819 3639 2900 3700 είς
2951 3640 3224 3710 σωτηρίαν
3266 3640 3394 3710 γὰρ,
3443 3641 3502 3693 οὐ
3545 3640 3654 3693 τῶν

2086 3723 2296 3776 πολλῶν
2325 3724 2554 3779 ἐντολῶν
2577 3726 2734 3796 χρεία
2757 3728 2895 3782 κατά
2922 3728 2981 3780 τδ
3003 3729 3096 3781 τοῦ
3123 3730 3285 3800 νόμου
3305 3730 3651 3800 πρόσταγμα,

2069 3813 2197 3870 ,ἀλλ’
2230 3813 2424 3883 ὀλίγων
2450 3815 2556 3869 τῶν
2605 3817 2733 3887 περὶ
2769 3817 2990 3886 ἀγάπης
3040 3819 3564 3890 νενομοθετημένων,
3593 3821 3652 3872 ὲν

2085 3898 2165 3964 οἷς
2191 3906 2462 3976 κρέμαται
2482 3908 2598 3971 ὅλος
2621 3911 2649 3962 ὁ
2674 3910 2836 3978 νόμος
2869 3911 2962 3963 καὶ
2990 3911 3037 3963 οί
3072 3912 3364 3981 προφῆται.

2159 3990 2416 4062 Ἄγωμεν
2433 3998 2520 4061 εἰς
2547 3996 2662 4063 τὴν
2706 3997 2998 4050 Ἰουδαίαν
3021 3999 3225 4052 πάλιν.

2153 4085 2335 4138 Εἰπὼν
2366 4086 2467 4156 μέν
2512 4103 2592 4139 τοι
2630 4088 2658 4138 ὁ
2687 4089 2891 4157 Κύριος
2938 4089 3018 4154 τὸ,
3073 4108 3092 4140 ι
3139 4091 3308 4144 Πάλιν
3347 4091 3588 4163 ἄγωμεν,
3623 4111 3642 4144 ι

2083 4175 2227 4227 δοκεῖ
2269 4177 2647 4246 ὑπεμφαίνειν,
2684 4179 2855 4256 ὅτι-Εἰ
2889 4180 2982 4235 καὶ
3021 4180 3230 4248 ἀνάξιοί
3271 4185 3405 4235 εἰσιν
3456 4186 3648 4238 ἐκεῖνοι

2084 4269 2416 4337 εὐεργεσίας,
2453 4268 2590 4322 ἀλλὰ
2626 4271 2818 4340 καιροῦ
2859 4273 3150 4338 καλοῦντος
3174 4277 3266 4330 τοῦ
3298 4277 3651 4348 ἐμποιοῦντος

2083 4359 2263 4420 αὐτοῖς
2308 4361 2594 4430 ὠφέλειαν,
2642 4364 2965 4434 ἀπέλθωμεν
3027 4367 3163 4438 πρὸς
3205 4371 3419 4433 αὐτούς.
3475 4375 3536 4424 Oi
3593 4373 3648 4426 δὲ

414 4428 611 4484 aii'ectu
639 4447 769 4501 erga
800 4448 922 4487 eum
961 4435 1226 4502 impedire
1258 4440 1534 4506 videntur,
1591 4446 1893 4515 quinetiam
1925 4460 1981 4506 et

2094 4452 2321 4521 μαθηταὶ
2369 4428 2583 4507 δοκοῦσι
2625 4454 2711 4508 διὰ
2745 4454 2844 4526 τὴν
2869 4428 3104 4529 ’ἀγάπην
3142 4428 3241 4532 τὴν
3288 4428 3424 4532 προς
3465 4465 3645 4530 αὐτὸν,

413 4529 474 4575 ιιι
521 4521 588 4575 de
633 4521 853 4577 homine
898 4525 1178 4594 cogitant,
1222 4531 1379 4597 quasi
1432 4547 1730 4591 occurrens
1773 4538 1977 4596 Judaais

412 4609 718 4678 periculum
755 4611 1011 4668 aditurus
1042 4614 1145 4679 sit,
1175 4617 1391 4674 etiamsi
1435 4622 1570 4675 nolit
1592 4662 1606 4686 ,
1634 4625 1802 4696 678
1832 4627 1978 4683 ideo-

411 4713 518 4767 que
538 4699 828 4752 recordari
855 4701 1050 4768 jubent
1083 4701 1322 4758 furorem
1361 4715 1415 4761 et
1458 4708 1726 4765 insaniam
1763 4712 1977 4769 Judaao-

411 4804 530 4841 rum
558 4789 612 4841 in
642 4805 722 4855 se,
748 4791 1146 4860 propemodum
1179 4795 1424 4852 dicentes
1451 4815 1464 4851 :
1495 4797 1636 4865 Quid
1666 4817 1858 4859 rursus
1887 4806 1975 4858 in-

410 4887 494 4934 ter
543 4880 794 4934 inﬁdeles
840 4889 893 4936 et
939 4882 1187 4954 ingratos
1228 4892 1440 4944 versari
1496 4894 1685 4961 cupis,
1733 4897 1825 4965 qui
1874 4912 1976 4953 nec

411 4970 630 5035 verbis,
665 4986 766 5026 nec
808 4975 1073 5042 operibus
1124 4977 1281 5032 leniri
1332 4984 1611 5050 possunt?
1657 4986 1749 5054 qui
1795 4987 1974 5044 adhuc

409 5062 620 5128 spirant
651 5063 855 5119 caedem
884 5079 948 5119 ac
980 5069 1303 5137 sanguinem
1336 5072 1624 5128 adversum
1659 5084 1740 5141 te,
1772 5079 1973 5147 quibus

407 5152 624 5208 animus
671 5156 825 5211 rabie
859 5165 1040 5214 tumet
1070 5173 1134 5214 ac
1167 5159 1615 5221 eﬁervescit.Vei
1655 5167 1761 5222 hoc
1805 5170 1973 5240 igitur

406 5244 630 5310 dicunt,
675 5249 761 5302 vel
793 5249 900 5303 hoc
931 5265 1126 5305 eorum
1171 5269 1358 5309 sermo
1388 5257 1689 5327 signiﬁcat,
1719 5260 1869 5330 ipsos
1901 5263 1971 5315 ab

403 5347 470 5388 eo
513 5333 637 5388 duci
671 5336 725 5388 in
767 5338 1120 5396 manifestum
1153 5345 1483 5413 periculum.
1517 5347 1721 5405 Tamen
1758 5367 1967 5408 morem

399 5437 599 5499 gerunt
634 5431 934 5497 magistro,
969 5443 1228 5506 tanquam
1259 5439 1352 5508 qui
1389 5441 1624 5497 meliora
1654 5445 1820 5499 norit.

468 5517 563 5582 XI,
588 5517 642 5573 9.
685 5517 940 5588 Nunquid
975 5523 1253 5582 duodecim
1278 5539 1401 5584 sunt
1427 5531 1572 5587 horae
1605 5533 1751 5590 diei?
1783 5545 1888 5591 etc.

469 5626 634 5683 Forte
667 5640 955 5713 comparat
987 5635 1274 5695 hominum
1309 5651 1545 5702 mentem
1571 5645 1840 5703 novitatis
1867 5661 1964 5703 cu-

469 5757 516 5789 ”
551 5756 698 5814 Psal.
733 5775 819 5826 Ix,
853 5763 939 5822 18.

2084 4542 2311 4595 κωλύειν
2353 4544 2550 4610 αὐτὸν,
2602 4545 2738 4614 πλὴν
2775 4547 2848 4610 ὡς
2891 4547 3176 4619 ἄνθρωπον
3214 4549 3413 4605 οἴονται
3447 4553 3528 4605 ὅτι
3554 4553 3648 4606 καὶ

2081 4634 2228 4687 ἄκων
2259 4633 2590 4689 κινδυνεύσει
2631 4640 2742 4700 τοῖς
2782 4639 3052 4702 Ἰουδαίοις
3097 4642 3421 4712 περιτυχών·
3453 4643 3532 4696 διὸ
3553 4645 3647 4698 καὶ

2080 4724 2590 4795 ἀναμιμνήσκουσιν
2633 4727 2792 4781 αὑτὸν
2841 4730 2937 4799 τῆς
2998 4731 3266 4784 Ἰουδαίων
3303 4733 3440 4787 κατὰ
3485 4735 3645 4788 αὑτοῦ

2083 4813 2301 4881 μανίας,
2356 4817 2638 4885 μονονουχὶ
2676 4815 2944 4885 λέγοντες*
2985 4820 3050 4871 Τί
3097 4821 3258 4872 πάλιν
3293 4821 3474 4892 ζητεῖς
3511 4826 3649 4895 μετά

2079 4903 2189 4955 τῶν
2227 4900 2469 4957 ἀπειθῶν
2497 4907 2746 4974 γενέσθαι
2772 4910 2864 4962 καὶ
2892 4910 3198 4980 ἀχαρίστων
3234 4913 3340 4965 τῶν
3370 4916 3444 4985 μὴ
3471 4916 3649 4984 λόγοις

2085 4995 2218 5064 μηδὲ
2284 4995 2466 5066 ἔργοις
2523 4998 2973 5070 μαλασσομένωνς
3031 5004 3081 5054 οἱ
3134 5005 3229 5056 καὶ
3291 5006 3370 5058 ἔτι
3447 5008 3646 5076 φονῶσι

2078 5084 2218 5136 κατὰ
2249 5084 2363 5148 σοῦ,
2398 5087 2492 5139 καὶ
2514 5086 2700 5151 ζέοντα
2731 5091 2820 5142 τὸν
2852 5091 3019 5161 θυμὸν
3047 5093 3276 5164 ἔχουσιν.
3312 5097 3380 5148 Ἦ
3409 5094 3500 5150 οὖν
3521 5097 3646 5149 τοῦ·

2076 5171 2137 5223 τό
2173 5190 2352 5241 φασιν,
2396 5176 2428 5246 ἢ
2466 5176 2624 5232 τοῦτο
2660 5181 2909 5250 σημαίνει
2951 5185 2979 5236 ὁ
3015 5185 3170 5253 λόγος
3203 5187 3397 5239 αὐτῶν·
3434 5187 3516 5240 ὅτι
3566 5189 3645 5252 είς

2077 5267 2326 5336 προφανῆ
2354 5267 2596 5324 κίνδυνον
2617 5273 2815 5337 αὐτοὺς
2842 5276 2984 5342 ἄγει.
3009 5278 3192 5348 Ὅμως
3216 5279 3546 5334 ὑπακούουσι
3568 5282 3644 5350 τῷ

2074 5354 2396 5429 διδασκάλῳ,
2423 5360 2496 5423 ὡς
2516 5362 2677 5416 εἰδότι
2715 5363 2774 5415 τὸ
2801 5364 3026 5434 βέλτιον.

2140 5532 2289 5601 οὐχὶ
2319 5533 2543 5588 δώδεκα
2563 5531 2710 5605 ὧραί
2737 5542 2855 5592 εισι
2886 5540 2992 5607 τῆς
3011 5542 3262 5610 ἡμέρας;
3285 5544 3464 5600 καὶτὰ
3491 5546 3637 5618 ἑξῆς.

2143 5642 2295 5711 Τάχα
2325 5645 2380 5698 δὲ
2413 5649 2479 5717 τῇ
2508 5649 2605 5720 τῆς
2647 5649 2859 5720 ἡμέρας
2892 5653 3182 5727 ἀεικινήτῳ
3217 5659 3354 5728 φορᾷ
3377 5657 3626 5729 παρεικάν
