4106 6262
328 358 392 410 ιι
1181 361 1247 414 IN
1270 361 1610 419 JOA‘NNEM.
1642 395 1711 406 —-
1736 363 1864 420 LIB.
1904 365 1994 420 VII
2024 365 2116 421 ET
2147 366 2256 423 VIII
2298 369 2745 427 FRAGMENTA.
3097 327 3116 345 .
3503 385 3574 441 ιε

329 476 411 540 ζει
451 475 549 546 τὴν
592 476 942 547 εὐπάροιστον
977 481 1070 533 καὶ
1113 482 1416 550 φιλόκαινον
1448 488 1556 540 τῶν
1594 487 1898 558 ἀνθρώπων

2008 489 2188 558 pidam
2219 505 2284 544 ac
2319 491 2577 547 mobilem
2600 534 2614 557 ,
2651 506 2868 562 semper
2903 491 3091 547 ﬂuenti
3123 493 3337 548 dierum
3369 499 3570 556 motui.

329 567 591 632 διάνοιαν,
646 567 742 637 τὴν
787 568 866 639 μὴ
918 571 1212 642 ἱσταμένην
1264 576 1356 627 ἐπὶ
1421 579 1552 647 μιᾶς
1598 577 1903 648 δοκήσεως,

324 658 466 713 ἀλλὰ
501 659 896 730 μεταπηδῶσαν
948 660 1056 715 ἀπὺ
1100 664 1294 733 ἐτέρας
1326 666 1551 736 γνώμης
1593 669 1672 730 εἰς
1719 666 1905 737 ἄλλην,

325 748 404 812 ὡς
459 751 553 801 καὶ
610 751 643 820 ή
692 751 872 820 ἡμέρα
920 753 1026 804 ἀπὸ
1088 753 1237 824 ὥρας
1282 756 1448 827 ἄλλης
1480 761 1560 820 εἰς
1605 757 1768 828 ἄλλην
1815 777 1909 829 με-

324 832 592 888 ταϐαίνει.
637 837 870 908 Νοήσεις
917 839 970 891 δὲ
1013 842 1108 893 καὶ
1159 843 1330 907 οὕτως
1358 845 1438 910 τὸ,
1477 865 1495 896 ι
1533 847 1665 917 Οὐχὶ
1702 848 1910 902 δώδεκά

330 922 468 977 εἰσιν
526 925 584 976 αί
628 918 768 996 ὧραι
803 927 899 996 τῆς
931 929 1178 998 ἡμέρας;
1221 951 1237 982 ι
1287 933 1430 986 τοῦτ’
1487 935 1656 999 ἐστιν,
1698 937 1908 1009 Ἡμέρα

327 1016 442 1084 εἰμὶ
473 1016 566 1068 καὶ
618 1018 754 1086 φῶς.
801 1020 1012 1090 Ὥσπερ
1065 1019 1156 1074 οὖν
1186 1025 1287 1077 οὐκ
1336 1024 1402 1078 ἂν
1461 1027 1782 1098 καταλήξειε
1808 1030 1908 1099 τῆς

325 1105 537 1177 ἡμέρας
549 1107 609 1160 τὸ
626 1108 762 1177 φῶς,
783 1112 862 1180 μὴ
885 1112 1005 1181 οὐχὶ
1022 1113 1110 1166 τὸν
1145 1117 1481 1187 τεταγμένον
1507 1119 1910 1189 ἀποπληρῶσαν

326 1199 548 1268 καιρόν⁶
595 1199 766 1266 οὕτως
807 1203 905 1254 οὐκ
936 1203 1049 1256 ἔστι
1084 1205 1190 1258 τῶν
1236 1208 1621 1279 ἐνδεχομένων,
1657 1211 1746 1262 τὸν
1776 1191 1910 1281 παρ’

324 1288 460 1358 ἐμοῦ
522 1293 902 1347 συστέλλεσθαι
951 1297 1232 1367 φωτισμὸν
1278 1300 1386 1353 ἀπὸ
1433 1301 1540 1352 τῶν
1607 1301 1908 1368 Ἰουδαίων,

330 1383 405 1452 μὴ
452 1384 531 1447 εἰς
575 1384 635 1437 τὸ
680 1387 890 1456 πρέπον
934 1390 1030 1458 τῆς
1082 1390 1490 1462 φιλανθρωπίας
1545 1395 1912 1466 προελθούσης

331 1474 546 1544 μέτρον.
599 1475 840 1549 Ἢμέραν
871 1479 925 1531 δὲ
963 1480 1111 1548 λέγει
1139 1483 1228 1536 τὸν
1249 1485 1346 1553 τῆς
1371 1486 1674 1556 παρουσίας
1697 1487 1910 1556 καιρὸν,

325 1563 495 1616 νύκτα
521 1564 594 1628 δὲ,
627 1565 717 1617 τὸν
755 1566 858 1636 πρὸ
895 1567 1118 1638 ταύτης·
1149 1571 1223 1633 ὡς
1267 1574 1358 1624 καὶ
1392 1575 1520 1627 ὅταν
1565 1573 1720 1645 λέγ’έί⁹
1761 1595 1778 1628 ι
1820 1571 1915 1628 Δεῖ

324 1656 652 1728 ἐργάζεσθαι
692 1659 758 1712 τὰ
790 1659 926 1730 ἔργα
954 1661 1048 1714 τοῦ
1099 1664 1413 1732 πέμψαντός
1454 1683 1544 1735 με,
1587 1667 1690 1730 ἕως
1732 1668 1913 1738 ἡμέρα

318 1745 464 1799 ἐστί.
517 1767 534 1797 ι
574 1748 745 1802 Τοῦτο
787 1747 878 1804 οὖν
918 1753 1149 1807 ἐνταῦθά
1190 1771 1343 1830 φησι,
1385 1757 1470 1810 ὅτι
1507 1759 1620 1811 Οὐκ
1652 1758 1772 1811 ’ἐστι
1818 1759 1913 1813 νῦν

2007 595 2288 650 nunquam
2321 581 2550 637 lirmiter
2586 583 2640 636 in
2672 599 2778 637 una
2831 584 3095 654 Opinione
3140 588 3534 643 consistentem
3559 633 3572 655 ,

2009 671 2102 726 sed
2151 673 2220 726 ab
2249 679 2356 726 Una
2390 674 2446 727 in
2479 674 2639 727 aliam
2666 678 2994 731 sententiam
3029 677 3330 733 desultoria
3361 680 3578 735 levitate

2009 767 2387 815 transeuntem
2411 802 2426 826 ,
2459 764 2917 832 quemadmodum
2947 766 3066 822 dies
3107 769 3176 820 ab
3220 783 3326 822 una
3357 769 3492 824 hora
3522 770 3575 824 in

2011 852 2174 904 aliam
2203 853 2426 907 transit.
2457 851 2871 909 Poterisetiam
2909 858 2993 911 sic
3033 859 3382 928 interpretari
3437 861 3608 925 hoc,,

2015 959 2033 992 ι
2092 940 2366 1012 Numquid
2400 944 2685 1000 duodecim
2736 955 2866 1000 sunt
2913 948 3060 1003 horae
3091 950 3241 1005 diei?
3284 972 3303 1004 ι
3334 953 3574 1017 scilicet,

2010 1029 2128 1087 dies
2159 1049 2260 1103 ego
2289 1050 2415 1089 sum
2447 1045 2500 1090 et
2531 1037 2645 1089 lux.
2684 1034 2841 1090 Sicut
2872 1038 3037 1108 igitur
3071 1042 3164 1095 lux
3205 1042 3313 1098 diei
3347 1060 3454 1097 non
3489 1044 3580 1101 de-

2013 1122 2190 1188 liciet,
2220 1126 2326 1179 nisi
2360 1126 2520 1195 prius
2549 1128 2915 1183 constitutum
2967 1138 3207 1201 tempus‘
3231 1133 3574 1204 impleverit:

2013 1215 2086 1268 ita
2117 1232 2230 1271 non
2258 1227 2343 1272 est
2373 1219 2424 1271 in
2441 1219 2885 1288 contingentibus
2914 1230 2974 1275 ut
3002 1239 3181 1278 meum
3211 1226 3395 1280 lumen
3429 1243 3460 1280 a
3487 1226 3579 1283 ειυ-

2011 1307 2143 1362 datis
2177 1309 2402 1364 tollatur
2431 1320 2486 1366 et
2519 1313 2871 1378 obscuretur,
2922 1316 3241 1383 priusquam
3279 1318 3343 1372 ad
3380 1334 3576 1374 conve.

2014 1400 2256 1453 nieulcm
2288 1416 2354 1456 ac
2383 1403 2631 1458 debitum
2677 1405 3038 1459 humanitatis
3078 1406 3298 1461 modum
3340 1409 3572 1465 devene-

2015 1491 2104 1544 rit.
2150 1489 2325 1546 Porro
2359 1492 2502 1547 diem
2533 1493 2669 1547 dicit
2718 1503 2934 1564 tempus
2985 1498 3072 1549 sui
3120 1497 3425 1564 adventus,
3479 1515 3580 1552 no-

2013 1592 2157 1638 ctem
2212 1599 2343 1638 vero
2369 1601 2490 1656 qua:
2523 1586 2678 1640 illum
2714 1587 3011 1656 prmcedit,
3054 1589 3198 1643 velut
3243 1605 3365 1644 cum
3412 1593 3575 1646 etiam

2014 1676 2189 1731 dicit:
2225 1695 2243 1726 ς
2274 1674 2481 1731 Facere
2508 1686 2725 1748 oportet
2764 1694 2927 1748 opera
2968 1681 3088 1749 ejus
3130 1682 3226 1750 qui
3274 1682 3423 1736 misit
3453 1699 3574 1747 me,

2015 1771 2142 1825 dum
2172 1772 2292 1827 dies
2322 1781 2409 1827 est
2431 1773 2498 1826 ³⁵.
2529 1792 2545 1824 ›
2573 1772 2686 1827 Hoc
2715 1773 2882 1844 igitur
2908 1775 3032 1828 loco
3063 1775 3116 1828 id
3147 1775 3312 1829 dicit:
3345 1773 3465 1829 Non
3492 1785 3578 1832 est

323 1839 515 1910 καιρὸς
532 1843 825 1912 ἀποσχίσαι
853 1846 1091 1914 ἐμαυτὸν
1115 1848 1225 1900 τῶν
1260 1848 1550 1916 Ἰουδαίων,
1571 1852 1675 1905 κᾶν
1701 1852 1898 1906 ἀνόσιοι

2010 1881 2157 1920 nunc
2179 1874 2393 1934 tempus
2416 1874 2474 1921 ut
2505 1836 2819 1921 abstraham
2839 1882 2925 1922 me
2956 1882 2985 1920 a
3015 1866 3241 1932 Judaais,
3263 1868 3393 1922 licet
3424 1869 3574 1938 impii

321 1923 475 1994 ὦσιν,
511 1933 649 1986 ἀλλὰ
681 1935 859 1988 πάντα
893 1941 1066 1990 ποιεῖν
1100 1939 1168 1992 τὰ
1202 1942 1340 2010 πρὸς
1375 1941 1674 2013 θεραπείαν
1704 1944 1903 1998 αὐτῶν.

323 2023 398 2096 Οὐ
426 2023 533 2093 γὰρ
553 2025 633 2075 δεῖ
664 2025 860 2088 αὐτοὺς
897 2027 992 2080 νῦν
1028 2029 1372 2095 κολάζεσθαι,
1400 2033 1792 2104 ἁποχωρούσης
1812 2021 1908 2088 ἀπ’

323 2113 500 2166 αὐτῶν
530 2115 626 2184 τῆς
643 2115 800 2179 θείας
834 2119 1054 2187 χάριτος
1085 2121 1236 2190 ἡλίου
1278 2125 1456 2192 δίκην·
1491 2123 1604 2176 ἀλλ’
1638 2123 1824 2194 ὥσπερ
1847 2125 1908 2178 τὸ

327 2201 443 2267 φῶς
477 2204 575 2271 τῆς
613 2205 818 2275 ἡμέρας
870 2210 968 2260 οὐκ
1014 2210 1276 2277 ἐκλείπει,
1322 2216 1370 2266 εί
1425 2213 1499 2284 μὴ
1544 2214 1804 2286 πληρωθῇ
1845 2216 1906 2269 τὸ

325 2287 695 2360 δωδεκόιωρον·
748 2293 919 2357 οὕτως
971 2299 1114 2351 οὐδὲ*
1146 2302 1174 2352 ὁ
1224 2303 1354 2372 παρ’
1387 2303 1524 2372 ἐμοῦ
1562 2304 1905 2358 συστέλλεται

330 2382 606 2450 φωτισμὸς
639 2384 744 2454 πρὸ
767 2387 979 2456 καιροῦ,
1028 2390 1163 2444 ἀλλὰ
1201 2394 1361 2464 μέχρι
1393 2395 1486 2448 τοῦ
1526 2398 1904 2468 σταυρωθῆναι

333 2471 480 2540 μενῶ
541 2475 677 2542 μετὰ
714 2476 824 2529 τῶν
891 2479 1177 2545 Ἰουδαίων,
1234 2485 1395 2548 ἐνιεὶς
1454 2487 1633 2550 αὐτοῖς
1677 2488 1752 2551 ὠς
1789 2488 1905 2556 φῶς

327 2562 428 2629 τῆς
461 2561 785 2630 θεογνωσίας
826 2569 924 2637 τὴν
974 2570 1202 2626 σύνεσιν.
1243 2574 1455 2646 Ἐπειδὴ
1498 2577 1604 2650 γὰρ
1662 2579 1903 2632 Ἰουδαῖοι

326 2650 386 2702 ἐν
421 2653 598 2704 σκότει
648 2654 798 2718 ὄντες
838 2658 1113 2723 ἀπιστίας,
1153 2664 1587 2733 προσκόπτουσιν
1643 2669 1729 2718 ἐπ’
1778 2669 1902 2740 ἐμοὶ

319 2741 397 2803 ὡς
434 2742 589 2814 λίθῳ,
624 2744 702 2798 δεῖ
720 2748 976 2802 ἀπελθεῖν
1009 2752 1144 2819 πρὸς
1179 2755 1374 2819 αὐτοὺς
1409 2759 1502 2810 καὶ
1544 2759 1774 2826 φωτίσαι
1806 2761 1904 2815 αὖ·

321 2832 467 2894 τοὺς,
489 2832 578 2885 ἵνα
601 2835 914 2891 παύσωνται
933 2841 1030 2909 τῆς
1062 2841 1329 2913 θεομάχου
1361 2847 1577 2920 μανίας.
1612 2848 1682 2901 ’Ἡ
1704 2848 1899 2913 οὕτως⁹

333 2921 554 2995 Ἐπειδὴ
586 2926 634 2976 οί
687 2926 926 2998 μαθηταὶ
979 2933 1212 2986 ἐκώλυον
1245 2936 1336 2988 τὸν
1359 2937 1592 3006 Χριστὸν
1628 2939 1900 2994 συνελθεῖν

321 3017 431 3077 τοῖς
471 3017 762 3084 Ἰουδαίοις,
785 3021 845 3072 οὐ
873 3023 942 3073 δι’
977 3024 1220 3088 ἑαυτοὺς,
1248 3027 1383 3080 ἀλλὰ
1402 3027 1490 3081 διὰ
1515 3029 1614 3100 τὴν
1640 3032 1772 3100 πρὸς
1805 3033 1872 3085 αὐ

2011 1959 2140 2023 sint,
2174 1959 2268 2014 sed
2301 1969 2360 2013 ut
2392 1959 2458 2014 ad
2481 1960 2818 2015 curationem
2853 1976 3041 2015 eorum
3075 1962 3210 2015 nihil
3247 1963 3573 2018 intentatum

2011 2049 2342 2120 relinquam.
2375 2049 2493 2104 Non
2525 2052 2666 2105 enim
2693 2060 2908 2120 oportet
2936 2068 3031 2108 eos
3058 2068 3206 2106 nunc
3231 2055 3491 2125 castigari
3521 2064 3577 2111 et

2008 2141 2227 2208 puniri,
2261 2141 2586 2205 recedente,
2615 2143 2764 2196 velut
2799 2144 2936 2208 sole,
2970 2144 3038 2198 ab
3062 2145 3141 2199 eis
3168 2145 3350 2199 divina
3377 2148 3574 2217 gratia,

2008 2231 2101 2286 sed
2135 2232 2593 2300 quemadmodum
2645 2233 2829 2287 lumen
2877 2233 2986 2288 diei
3042 2250 3150 2287 non
3196 2235 3418 2301 deﬁcit,
3466 2238 3575 2293 nisi

2006 2322 2296 2378 duodecim
2327 2322 2586 2376 horarum
2622 2323 2873 2378 conlecto
2904 2326 3100 2392 spatio,
3130 2326 3211 2380 sic
3241 2341 3418 2395 neque
3448 2339 3573 2382 ante

2005 2422 2222 2484 tempus
2267 2429 2385 2469 mea
2438 2415 2787 2469 contrahitur
2835 2415 3200 2480 illuminatio,
3249 2419 3358 2472 imo
3401 2434 3575 2489 usque

2004 2505 2073 2558 ad
2102 2520 2321 2560 crucem
2352 2507 2584 2560 manebo
2603 2521 2726 2560 cum
2749 2504 3282 2568 Judmistmittens
3299 2508 3380 2564 eis
3402 2511 3572 2564 veluti

2005 2597 2190 2651 lumen
2223 2595 2317 2651 Dei
2353 2598 2686 2668 cognitionis
2716 2597 3163 2666 intelligentiam.
3213 2597 3574 2670 Quandoqui-

2004 2685 2127 2741 dem
2156 2686 2302 2741 enim
2330 2683 2524 2748 Judaei,
2559 2687 2613 2740 in
2654 2686 2992 2741 inﬁdelitatis
3010 2688 3256 2744 tenebris
3283 2699 3531 2746 errantes
3553 2731 3569 2754 ,

2001 2770 2060 2826 in
2103 2787 2189 2826 me
2232 2781 2292 2828 ut
2333 2775 2400 2828 ad
2445 2774 2683 2843 lapidem
2728 2775 3044 2840 oﬂ‘endunt,
3087 2778 3327 2832 eundum
3370 2789 3454 2835 est
3503 2780 3570 2834 ad

2003 2863 2129 2918 illos
2160 2871 2217 2918 ut
2246 2865 2650 2932 illuminentur,
2679 2877 2733 2920 et
2758 2867 3012 2922 desinant
3041 2868 3094 2922 in
3125 2867 3291 2924 Deum
3323 2886 3570 2941 pugnare

2002 2969 2066 3007 ac
2099 2953 2310 3023 furere;
2335 2956 2422 3011 vel
2451 2956 2556 3010 hoc
2585 2955 2748 3011 modo
2776 2975 2789 3010 :
2825 2958 3280 3030 Quandoquidem
3313 2963 3569 3033 discipuli

2000 3043 2280 3098 Christum
2311 3046 2568 3100 accedere
2602 3046 2666 3099 ad
2696 3045 2913 3102 Judazos
2956 3049 3252 3114 vetabant,
3296 3067 3405 3106 non
3448 3068 3570 3122 pro-

320 3110 411 3162 τὸν
467 3111 630 3180 δῆθεν
682 3113 879 3181 φειδὼ,
931 3119 1344 3189 παραθαρῥὺνει
1406 3123 1604 3185 αὐτοὺς
1665 3124 1750 3178 διὰ
1796 3124 1898 3194 τῆς

323 3202 638 3227 -..-..Δ²-ἻΖΑ
718 3206 790 3227 η--
868 3202 1112 3227 _'%!;_-_
1221 3210 1257 3227 ,l
1400 3211 1413 3227 ι
1599 3213 1623 3225 ο
1751 3214 1808 3227 -η

2003 3145 2122 3204 pter
2152 3136 2363 3205 seipsos
2385 3178 2400 3201 ,
2447 3138 2546 3192 sed
2577 3137 2725 3206 quod
2756 3139 2874 3208 ejus
2908 3141 3098 3210 utique
3149 3142 3314 3196 saluti
3369 3155 3568 3198 metuc-

323 3202 658 3271 παραϐολῆς,
714 3206 795 3256 ὅτι
863 3202 1116 3260 οὐδέποτε
1168 3210 1413 3262 πείσεταί
1457 3229 1511 3264 τι
1557 3213 1666 3268 τῶν
1741 3214 1897 3268 ἁϐου-

320 3293 515 3362 λήτων.
569 3295 628 3347 Εἰ
666 3297 773 3367 γὰρ
806 3300 834 3350 ό
887 3301 944 3350 ἐν
984 3299 1163 3370 ἡμέρᾳ
1210 3303 1547 3371 περιπατῶν,
1574 3305 1634 3357 οὐ
1666 3307 1899 3375 προσκό-

322 3400 468 3447 πτει,
514 3386 630 3448 πῶς
671 3389 698 3439 ὁ
739 3390 871 3441 πᾶσι
912 3390 973 3441 τὸ
1006 3389 1122 3457 φῶς
1172 3393 1353 3455 ἐνιεὶς,
1404 3395 1664 3464 ὑπομένοι
1695 3415 1747 3450 τι
1786 3398 1896 3449 τῶν

321 3474 600 3545 λυπηρῶν,
654 3480 831 3544 ἄκων;
886 3483 956 3533 “Il
1019 3483 1136 3545 πῶς
1193 3486 1221 3536 ὁ
1281 3487 1445 3538 πᾶσιν
1501 3487 1897 3542 ἀποκαλύπτων

317 3569 443 3629 τοὺς
475 3570 890 3639 κεκρυμμένους
923 3573 1028 3625 τῶν
1059 3574 1309 3645 πονηρῶν
1340 3577 1585 3646 βόθρους,
1621 3579 1896 3649 όλισθήσει

321 3656 379 3707 ὲν
408 3658 591 3718 αὐτοῖς
635 3660 708 3726 μὴ
727 3660 916 3724 εἰδώς;
952 3663 1024 3714 ’Ἠ
1050 3664 1111 3715 οὐ
1154 3666 1280 3734 περὶ
1306 3667 1497 3718 ἐαυτοῦ
1542 3668 1699 3720 τοῦτο
1725 3669 1893 3736 λέγει,

321 3745 460 3798 ἀλλὰ
488 3747 616 3816 περὶ
652 3747 759 3800 τῶν
792 3750 1068 3820 μαθητῶν,
1111 3754 1194 3807 ὅτι
1219 3756 1371 3809 οὐδὲν
1415 3760 1695 3812 πείσονται
1723 3760 1895 3814 δεινὸν

323 3836 576 3899 συνόντες
603 3835 680 3906 τῷ
703 3838 880 3891 πάντα
932 3842 1240 3909 φωτίζοντι,
1290 3849 1384 3900 καὶ
1423 3850 1483 3900 οὐ
1518 3849 1674 3918 μόνον
1712 3853 1891 3916 εἰδότι,

320 3929 460 3981 ἀλλὰ
515 3930 609 3981 καὶ
655 3930 862 4001 ἑτέροις
905 3935 1341 3992 ὰποκαλύπτοντι
1372 3941 1472 4004 τὰς
1513 3945 1895 4015 κεκρυμμένας

321 4019 518 4091 βουλὰς
548 4020 657 4074 τῶν
688 4023 959 4093 πονηρῶν·
990 4027 1070 4080 διὸ
1094 4029 1370 4100 προλέγων
1405 4033 1588 4098 αὐτοῖς
1619 4035 1675 4090 ἐν
1698 4054 1807 4090 τισι
1827 4040 1894 4092 τὰ

318 4112 553 4182 ἐσόμενα
591 4114 687 4165 καὶ
724 4116 1116 4183 καταφωτίζων
1151 4122 1366 4186 αὐτοὺς,
1416 4126 1517 4179 οὐκ
1555 4128 1620 4197 ἐᾷ
1668 4131 1891 4200 περιπίο

319 4218 472 4254 πτειν
503 4202 817 4265 σκανδάλοις
846 4206 904 4256 ἐν
933 4208 1043 4269 τοῖς
1066 4207 1516 4279 συμσησομένοις.

389 4441 648 4513 Λάζαρος
670 4446 704 4498 ὁ
739 4445 916 4513 φίλος
947 4444 1113 4514 ἡμῶν
1142 4449 1506 4518 κεκοίμηται.

402 4557 701 4626 ’Δξιόλογος
754 4560 1022 4628 πρόφασις
1069 4561 1215 4616 ἐλκει
1278 4581 1346 4632 με
1415 4567 1494 4628 είς
1535 4564 1890 4637 Ἰερουσαλὴμ

321 4647 402 4719 (τὸ
437 4647 567 4720 γὰρ,
611 4666 630 4701 ι
696 4651 754 4703 Ὀ
787 4652 938 4720 φίλος
976 4653 1132 4722 ἡμῶν
1173 4656 1516 4725 κεκοίμηται,
1552 4675 1570 4708 ι
1605 4657 1765 4711 τοῦτο
1799 4675 1890 4729 ση-

320 4741 544 4812 μαίνει),
585 4743 678 4794 καὶ¹
702 4742 796 4796 ἐὰν
829 4744 1160 4814 περιίδωμεν
1188 4745 1396 4809 τοῦτον,
1418 4748 1888 4820 ἀφιλοικτίρμονος

315 4833 666 4905 λαμϐάνομεν
705 4835 879 4900 δόξας.
925 4836 1015 4888 Διὸ
1059 4836 1426 4892 δυσωπεῖσθαι
1472 4841 1573 4912 χρὴ
1617 4843 1765 4911 ἡμᾶς
1797 4844 1888 4895 ἐπὶ

315 4925 512 4996 τούτῳ,
565 4927 659 4978 καὶ
711 4926 935 4996 δραμεῖν
981 4927 1073 4979 ἐπὶ
1101 4927 1200 4998 τὴν
1253 4929 1348 4981 τοῦ
1386 4931 1538 4998 φίλου
1593 4935 1886 5004 σωτηρίαν,

318 5013 700 5084 ὑπερορῶντας
738 5015 846 5068 τῶν
891 5016 1197 5069 Ἰουδαϊκῶν
1230 5019 1802 5086 ἑπιὸουλῶν..Δεικνὺς
1831 5022 1888 5076 δέ

314 5105 479 5158 αὐτοῦ
512 5105 611 5176 τὴν
645 5105 923 5176 θεοπρεπῆ
966 5107 1213 5178 δύναμιν,
1256 5109 1421 5163 ὕπνον
1463 5113 1618 5165 καλεῖ
1654 5115 1752 5183 τῆς
1791 5117 1886 5168 ἅν-

317 5196 594 5267 θρωπίνης
623 5196 802 5266 ψυχῆς
844 5197 943 5268 τὴν
994 5199 1101 5251 ἀπὸ
1144 5200 1238 5253 τοῦ
1281 5203 1526 5270 σώματος
1557 5203 1750 5267 ἔξοδον·
1799 5205 1888 5258 θάο

314 5303 473 5339 νατον
499 5285 604 5356 γὰρ
635 5287 735 5338 οὐκ
763 5286 993 5354 ἠξίωσεν
1023 5290 1192 5341 εἰπεῖν
1217 5291 1244 5342 ό
1284 5291 1474 5354 κτίσας
1502 5293 1591 5344 ἐπὶ
1613 5294 1888 5364 ἀφθαρσίᾳ

313 5375 404 5428 τόν
436 5375 741 5444 ἄνθρωπον,
777 5377 916 5429 κατὰ
943 5378 1003 5430 τὸ
1027 5381 1430 5450 γεγραμμένον,
1459 5383 1552 5435 καὶ
1586 5383 1885 5455 σωτηρίους

315 5465 599 5528 ἀναδείξας
642 5465 737 5529 τὰς
769 5467 1008 5535 γενέσεις
1050 5469 1144 5522 τοῦ
1185 5471 1411 5540 κόσμου.
1447 5473 1592 5543 Πλήν
1637 5477 1750 5527 ἐστι
1791 5475 1885 5528 καὶ

314 5554 520 5626 ἀληθὴς
538 5555 566 5606 ό
591 5553 763 5622 λόγος·
790 5554 956 5618 ὕπνος
981 5557 1088 5628 γὰρ
1111 5560 1276 5623 ὅντως
1299 5561 1451 5632 παρὰ
1474 5562 1708 5630 Θεῷ,κα“ι
1761 5563 1881 5616 ἐτε-

387 5731 434 5763 ⁸³
475 5731 634 5788 Joan.
671 5750 758 5797 Ix,
794 5735 845 5788 4.
923 5737 967 5768 ³⁵
1009 5740 1137 5809 Sap.
1178 5755 1230 5801 r,
1270 5739 1454 5791 15-16.

650 5823 925 5885 Parnm.
975 5828 1091 5886 (in.
1192 5827 1465 5887 LXXIV.

2003 3235 2163 3289 rent,
2217 3226 2503 3280 contirmat
2550 3244 2646 3284 eos
2696 3245 2794 3296 per
2846 3231 3198 3299 parabolam,
3231 3234 3378 3302 quod
3432 3235 3570 3290 nihil

2004 3333 2232 3386 usquam
2267 3326 2466 3386 printer
2507 3319 2844 3374 voluntatem
2879 3337 3146 3390 passurus
3178 3323 3271 3377 sit.
3334 3324 3390 3377 Si
3422 3327 3568 3379 enim

1999 3411 2092 3476 qui
2125 3410 2371 3463 ambulat
2403 3411 2456 3464 in
2482 3411 2574 3466 die
2603 3428 2710 3466 non
2741 3413 2966 3468 oﬂ‘endit
2989 3457 3003 3480 ,
3030 3417 3306 3484 quomodo
3337 3419 3429 3486 qui
3458 3434 3569 3472 om-

1999 3499 2161 3551 nibus
2185 3498 2365 3552 lumen
2391 3500 2669 3563 immittit,
2699 3509 2986 3570 pateretur
3012 3504 3217 3572 aliquid
3253 3507 3567 3560 ’molestum

1999 3586 2252 3644 invitus?
2287 3591 2394 3643 Aut
2422 3594 2700 3660 quomodo
2733 3595 2822 3662 qui
2858 3596 3115 3649 omnibus
3149 3598 3354 3650 revelat
3387 3600 3568 3651 occul-

1996 3687 2080 3734 tas
2119 3681 2384 3734 malorum
2431 3682 2642 3744 foveas,
2675 3685 2994 3754 imprudens
3023 3686 3077 3739 in
3109 3703 3201 3741 eas
3235 3688 3439 3744 cadet?
3467 3689 3565 3746 Vel

1997 3785 2110 3824 non
2143 3770 2208 3825 de
2238 3771 2420 3842 seipso
2454 3773 2556 3826 hoc
2587 3773 2750 3836 dicit,
2796 3775 2892 3830 sed
2939 3775 3006 3829 de
3050 3777 3342 3848 discipulis
3364 3820 3379 3844 ,
3428 3781 3562 3835 nihil

1996 3878 2092 3917 eos
2145 3865 2399 3918 acerbum
2477 3877 2778 3933 passuros,
2829 3865 2997 3936 679
3041 3868 3283 3936 quandiu
3313 3885 3436 3922 cum
3468 3872 3564 3926 illo

1996 3960 2189 4016 crunt,
2222 3956 2316 4023 qui
2372 3956 2557 4008 omnia
2614 3955 2920 4021 illuminat,
2972 3958 3179 4026 quique
3227 3975 3334 4012 non
3387 3961 3564 4016 solum

1996 4045 2136 4107 scit,
2169 4044 2264 4098 sed
2299 4046 2424 4100 aliis
2454 4046 2620 4099 etiam
2654 4048 2850 4116 retegit
2886 4050 3105 4102 occulta
3139 4050 3408 4103 malorum
3439 4066 3566 4106 cono

1998 4134 2154 4197 silia,
2185 4134 2417 4204 ideoque
2449 4135 2756 4204 praedicens
2797 4137 2881 4192 eis
2913 4137 2966 4190 in
2999 4139 3326 4206 quibusdam
3376 4141 3564 4195 futura

1991 4233 2052 4278 et
2081 4224 2396 4279 illuminans
2424 4240 2518 4279 eos
2539 4266 2554 4290 ,
2588 4241 2697 4279 non
2731 4226 2860 4280 sinit
2892 4227 3190 4298 impingere
3218 4229 3270 4282 in
3303 4231 3563 4284 scandala

1995 4315 2049 4367 in
2083 4315 2149 4369 iis
2187 4330 2308 4383 qua:
2343 4324 2607 4368 eventura
2636 4327 2785 4371 sunt.

2069 4441 2164 4508 XI,
2198 4445 2282 4498 11.
2317 4447 2555 4500 Lazarus
2585 4449 2784 4502 amicus
2817 4458 2992 4503 noster
3015 4455 3231 4505 dormit.

2067 4556 2262 4612 Gravis
2293 4558 2511 4612 occasio
2538 4559 2706 4611 trahit
2750 4575 2835 4612 mc
2875 4559 3218 4628 Jerusalem,
3267 4563 3370 4618 hoc
3415 4565 3561 4624 enim

1997 4650 2272 4718 signiﬁcat
2302 4649 2432 4702 illud
2465 4669 2476 4701 :
2517 4669 2534 4698 ι
2570 4651 2791 4706 Amicus
2837 4661 3024 4709 noster
3067 4653 3310 4722 dormit;
3350 4674 3368 4705 ι
3406 4670 3470 4707 ac
3513 4657 3559 4708 si

1994 4757 2118 4795 eum
2147 4742 2470 4811 neglexero.
2500 4743 2632 4796 mihi
2665 4745 2854 4812 Opinio
2880 4745 3328 4801 immisericordis
3354 4756 3407 4802 et
3435 4747 3558 4802 duri

1995 4833 2276 4886 subeunda
2325 4842 2432 4887 est.
2485 4833 2664 4898 Quare
2715 4835 2920 4904 pudere
2970 4852 3071 4891 nos
3123 4845 3369 4906 oportet,
3406 4845 3460 4893 et
3492 4840 3558 4893 ad

1995 4925 2158 4977 amici
2207 4925 2442 4979 salutem
2494 4927 2816 4989 convolare,
2863 4931 3192 4997 contemptis
3242 4928 3555 4982 Juda‘orum

1994 5016 2230 5070 insidiis.
2265 5016 2536 5072 Caeterum
2569 5020 2868 5074 ostendens
2902 5035 3200 5089 congruam
3236 5020 3341 5075 Deo
3375 5029 3559 5090 poten-

1994 5106 2122 5159 tiam
2153 5121 2216 5160 ac
2243 5109 2410 5170 vires.
2444 5109 2695 5164 humana:
2725 5111 2920 5164 anima:
2953 5128 2982 5164 a
3014 5128 3244 5181 corpore
3276 5128 3556 5168 secessum

1994 5213 2245 5252 somnum
2275 5207 2431 5252 vocat
2457 5217 2470 5254 :
2509 5217 2684 5269 neque
2715 5202 2858 5254 enim
2895 5211 3124 5254 mortem
3154 5218 3358 5256 vocare
3387 5204 3558 5257 voluit

1993 5293 2081 5360 qui
2109 5291 2311 5345 creavit
2330 5291 2600 5346 hominem
2625 5293 2687 5345 ad
2713 5292 3175 5345 immortalitatem
3198 5335 3211 5358 ,
3228 5294 3389 5362 juxta
3413 5293 3560 5346 Scri-

1995 5393 2184 5450 pturas
2217 5383 2284 5445 ",
2323 5390 2375 5437 et
2405 5384 2790 5453 generationes
2821 5379 3009 5433 mundi
3045 5381 3109 5432 ad
3146 5386 3376 5440 salutem
3408 5385 3556 5438 fecit.

1995 5469 2386 5528 Verumtamen
2421 5475 2582 5527 etiam
2621 5487 2779 5527 verus
2814 5478 2897 5523 est
2933 5485 3145 5536 sermo,
3206 5484 3260 5528 et
3311 5489 3434 5528 vere
3476 5480 3559 5527 est

1991 5578 2218 5619 somnus
2251 5563 2391 5632 apud
2425 5563 2591 5618 Deum
2662 5559 2906 5628 nihilque
2935 5557 3083 5611 aliud
3113 5572 3203 5616 est
3235 5568 3558 5629 temporaria

3229 5819 3264 5880 2
