  <div class='ocr_page' id='page_1' title='image "/cluster/home/n/w/nwhite01/storage/ocr_20150623/74/mdp.39015078384487/029.png"; bbox 0 0 4106 6262; ppageno 0'>
   <div class='ocr_carea' id='block_1_1' title="bbox 568 379 653 437">
    <p class='ocr_par' dir='ltr' id='par_1_1' title="bbox 568 379 653 437">
     <span class='ocr_line' id='line_1_1' title="bbox 568 379 653 437; baseline 0 0"><span class='ocrx_word' id='word_1_1' title='bbox 568 379 653 437; x_wconf 57' lang='lat'><strong>‘43</strong></span> 
     </span>
    </p>
   </div>
   <div class='ocr_carea' id='block_1_2' title="bbox 1576 369 3845 428">
    <p class='ocr_par' dir='ltr' id='par_1_2' title="bbox 1576 369 3845 428">
     <span class='ocr_line' id='line_1_2' title="bbox 1576 369 3845 428; baseline 0.001 -2"><span class='ocrx_word' id='word_1_2' title='bbox 1576 370 1633 426; x_wconf 86' lang='lat' dir='ltr'><strong>S.</strong></span> <span class='ocrx_word' id='word_1_3' title='bbox 1678 369 1955 424; x_wconf 72' lang='lat' dir='ltr'><strong>CYRILLI</strong></span> <span class='ocrx_word' id='word_1_4' title='bbox 1991 369 2458 426; x_wconf 62' lang='lat' dir='ltr'><strong>ALEXANDRlNi</strong></span> <span class='ocrx_word' id='word_1_5' title='bbox 2500 370 2800 425; x_wconf 74' lang='lat' dir='ltr'><strong>ARCHIEP</strong></span> <span class='ocrx_word' id='word_1_6' title='bbox 3778 380 3845 428; x_wconf 62' lang='grc' dir='ltr'>ιφ</span> 
     </span>
    </p>
   </div>
   <div class='ocr_carea' id='block_1_3' title="bbox 582 484 2168 561">
    <p class='ocr_par' dir='ltr' id='par_1_3' title="bbox 582 487 2161 561">
     <span class='ocr_line' id='line_1_3' title="bbox 582 487 2161 561; baseline -0.009 -7"><span class='ocrx_word' id='word_1_7' title='bbox 582 511 649 554; x_wconf 90' lang='lat' dir='ltr'><strong>ac</strong></span> <span class='ocrx_word' id='word_1_8' title='bbox 681 502 1067 552; x_wconf 83' lang='lat' dir='ltr'><strong>momentanea</strong></span> <span class='ocrx_word' id='word_1_9' title='bbox 1101 489 1352 561; x_wconf 88' lang='lat' dir='ltr'><strong>corporis</strong></span> <span class='ocrx_word' id='word_1_10' title='bbox 1387 489 1563 545; x_wconf 89' lang='lat' dir='ltr'><strong>nostri</strong></span> <span class='ocrx_word' id='word_1_11' title='bbox 1598 501 1748 543; x_wconf 90' lang='lat' dir='ltr'><strong>mors</strong></span> <span class='ocrx_word' id='word_1_12' title='bbox 1772 525 1786 550; x_wconf 86' lang='lat'><strong>,</strong></span> <span class='ocrx_word' id='word_1_13' title='bbox 1825 487 2070 557; x_wconf 84' lang='lat' dir='ltr'><strong>simplici</strong></span> <span class='ocrx_word' id='word_1_14' title='bbox 2105 497 2161 541; x_wconf 85' lang='lat' dir='ltr'><strong>et</strong></span> 
     </span>
    </p>
   </div>
   <div class='ocr_carea' id='block_1_4' title="bbox 2274 484 3845 561">
    <p class='ocr_par' dir='ltr' id='par_1_4' title="bbox 2274 484 3845 558">
     <span class='ocr_line' id='line_1_4' title="bbox 2274 484 3845 558; baseline 0.001 -19"><span class='ocrx_word' id='word_1_15' title='bbox 2274 504 2359 557; x_wconf 89' lang='grc' dir='ltr'><strong>ρον</strong></span> <span class='ocrx_word' id='word_1_16' title='bbox 2384 488 2559 553; x_wconf 73' lang='grc' dir='ltr'>οὐδὲν,</span> <span class='ocrx_word' id='word_1_17' title='bbox 2592 490 2620 540; x_wconf 87' lang='grc' dir='ltr'><strong>ὁ</strong></span> <span class='ocrx_word' id='word_1_18' title='bbox 2653 489 2985 558; x_wconf 78' lang='grc' dir='ltr'>πρόσκαιρος</span> <span class='ocrx_word' id='word_1_19' title='bbox 3015 485 3169 556; x_wconf 81' lang='grc' dir='ltr'>ἡμῶν</span> <span class='ocrx_word' id='word_1_20' title='bbox 3195 484 3286 538; x_wconf 74' lang='grc' dir='ltr'><strong>τοῦ</strong></span> <span class='ocrx_word' id='word_1_21' title='bbox 3322 486 3569 557; x_wconf 82' lang='grc' dir='ltr'>σώματος</span> <span class='ocrx_word' id='word_1_22' title='bbox 3597 488 3845 552; x_wconf 79' lang='grc' dir='ltr'>θάνατος,</span> 
     </span>
    </p>
   </div>
   <div class='ocr_carea' id='block_1_5' title="bbox 583 580 2156 659">
    <p class='ocr_par' dir='ltr' id='par_1_5' title="bbox 583 580 2156 659">
     <span class='ocr_line' id='line_1_5' title="bbox 583 580 2156 659; baseline -0.01 -12"><span class='ocrx_word' id='word_1_23' title='bbox 583 590 702 647; x_wconf 72' lang='lat' dir='ltr'><strong>seio</strong></span> <span class='ocrx_word' id='word_1_24' title='bbox 736 594 1017 659; x_wconf 81' lang='lat' dir='ltr'><strong>prostrata</strong></span> <span class='ocrx_word' id='word_1_25' title='bbox 1062 592 1198 638; x_wconf 85' lang='lat' dir='ltr'><strong>nutu</strong></span> <span class='ocrx_word' id='word_1_26' title='bbox 1245 583 1364 651; x_wconf 86' lang='lat' dir='ltr'><strong>ejus</strong></span> <span class='ocrx_word' id='word_1_27' title='bbox 1407 580 1503 650; x_wconf 89' lang='lat' dir='ltr'><strong>qui</strong></span> <span class='ocrx_word' id='word_1_28' title='bbox 1552 580 1854 634; x_wconf 87' lang='lat' dir='ltr'><strong>secundum</strong></span> <span class='ocrx_word' id='word_1_29' title='bbox 1899 587 2156 633; x_wconf 83' lang='lat' dir='ltr'><strong>naturam</strong></span> 
     </span>
    </p>
   </div>
   <div class='ocr_carea' id='block_1_6' title="bbox 585 673 2158 743">
    <p class='ocr_par' dir='ltr' id='par_1_6' title="bbox 585 673 2158 743">
     <span class='ocr_line' id='line_1_6' title="bbox 585 673 2158 743; baseline -0.008 -6"><span class='ocrx_word' id='word_1_30' title='bbox 585 696 740 738; x_wconf 84' lang='lat' dir='ltr'><strong>suam</strong></span> <span class='ocrx_word' id='word_1_31' title='bbox 781 680 889 735; x_wconf 85' lang='lat' dir='ltr'><strong>vita</strong></span> <span class='ocrx_word' id='word_1_32' title='bbox 926 688 1047 743; x_wconf 87' lang='lat' dir='ltr'><strong>est,</strong></span> <span class='ocrx_word' id='word_1_33' title='bbox 1090 677 1193 730; x_wconf 82' lang='lat' dir='ltr'><strong>hoc</strong></span> <span class='ocrx_word' id='word_1_34' title='bbox 1224 683 1309 730; x_wconf 88' lang='lat' dir='ltr'><strong>est</strong></span> <span class='ocrx_word' id='word_1_35' title='bbox 1347 674 1579 729; x_wconf 89' lang='lat' dir='ltr'><strong>Christi.</strong></span> <span class='ocrx_word' id='word_1_36' title='bbox 1620 673 2016 727; x_wconf 76' lang='lat' dir='ltr'><strong>Animadverte</strong></span> <span class='ocrx_word' id='word_1_37' title='bbox 2055 685 2158 726; x_wconf 88' lang='lat' dir='ltr'><strong>au-</strong></span> 
     </span>
    </p>
   </div>
   <div class='ocr_carea' id='block_1_7' title="bbox 563 764 2161 833">
    <p class='ocr_par' dir='ltr' id='par_1_7' title="bbox 563 764 2161 833">
     <span class='ocr_line' id='line_1_7' title="bbox 563 764 2161 833; baseline -0.007 -3"><span class='ocrx_word' id='word_1_38' title='bbox 563 788 692 830; x_wconf 78' lang='lat' dir='ltr'><strong>tem</strong></span> <span class='ocrx_word' id='word_1_39' title='bbox 719 789 842 829; x_wconf 89' lang='lat' dir='ltr'><strong>eum</strong></span> <span class='ocrx_word' id='word_1_40' title='bbox 877 788 984 826; x_wconf 89' lang='lat' dir='ltr'><strong>non</strong></span> <span class='ocrx_word' id='word_1_41' title='bbox 1008 770 1255 824; x_wconf 78' lang='lat' dir='ltr'><strong>dixisse:</strong></span> <span class='ocrx_word' id='word_1_42' title='bbox 1292 766 1804 821; x_wconf 77' lang='lat' dir='ltr'><strong>Lazarusmortuus</strong></span> <span class='ocrx_word' id='word_1_43' title='bbox 1826 764 2161 833; x_wconf 73' lang='lat' dir='ltr'><strong>est,etvado</strong></span> 
     </span>
    </p>
   </div>
   <div class='ocr_carea' id='block_1_8' title="bbox 567 855 2161 925">
    <p class='ocr_par' dir='ltr' id='par_1_8' title="bbox 567 855 2161 925">
     <span class='ocr_line' id='line_1_8' title="bbox 567 855 2161 925; baseline -0.002 -13"><span class='ocrx_word' id='word_1_44' title='bbox 567 861 1036 918; x_wconf 41' lang='lat' dir='ltr'><strong>.ad&#39;excitandum</strong></span> <span class='ocrx_word' id='word_1_45' title='bbox 1070 872 1238 925; x_wconf 83' lang='lat' dir='ltr'><strong>eum;</strong></span> <span class='ocrx_word' id='word_1_46' title='bbox 1286 857 1380 912; x_wconf 87' lang='lat' dir='ltr'><strong>sed</strong></span> <span class='ocrx_word' id='word_1_47' title='bbox 1432 857 1547 910; x_wconf 85' lang='lat' dir='ltr'><strong>ait:</strong></span> <span class='ocrx_word' id='word_1_48' title='bbox 1582 875 1600 908; x_wconf 77' lang='grc' dir='ltr'><strong>ι</strong></span> <span class='ocrx_word' id='word_1_49' title='bbox 1630 855 1871 922; x_wconf 86' lang='lat' dir='ltr'><strong>Dormit,</strong></span> <span class='ocrx_word' id='word_1_50' title='bbox 1910 875 1928 909; x_wconf 75' lang='grc' dir='ltr'><strong>ι</strong></span> <span class='ocrx_word' id='word_1_51' title='bbox 1957 855 2161 911; x_wconf 84' lang='lat' dir='ltr'><strong>fastum</strong></span> 
     </span>
    </p>
   </div>
   <div class='ocr_carea' id='block_1_9' title="bbox 586 947 2162 1021">
    <p class='ocr_par' dir='ltr' id='par_1_9' title="bbox 586 947 2162 1021">
     <span class='ocr_line' id='line_1_9' title="bbox 586 947 2162 1021; baseline -0.004 -14"><span class='ocrx_word' id='word_1_52' title='bbox 586 965 637 1007; x_wconf 84' lang='lat' dir='ltr'><strong>et</strong></span> <span class='ocrx_word' id='word_1_53' title='bbox 671 950 994 1021; x_wconf 72' lang='lat' dir='ltr'><strong>iactantiam</strong></span> <span class='ocrx_word' id='word_1_54' title='bbox 1029 949 1211 1003; x_wconf 82' lang='lat' dir='ltr'><strong>vitans</strong></span> <span class='ocrx_word' id='word_1_55' title='bbox 1254 947 1323 1002; x_wconf 89' lang='lat' dir='ltr'><strong>ad</strong></span> <span class='ocrx_word' id='word_1_56' title='bbox 1354 955 1613 1004; x_wconf 73' lang='lat' dir='ltr'><strong>nostram</strong></span> <span class='ocrx_word' id='word_1_57' title='bbox 1653 947 2058 1003; x_wconf 84' lang='lat' dir='ltr'><strong>institutionem</strong></span> <span class='ocrx_word' id='word_1_58' title='bbox 2095 954 2162 1001; x_wconf 81' lang='lat' dir='ltr'><strong>ac</strong></span> 
     </span>
    </p>
   </div>
   <div class='ocr_carea' id='block_1_10' title="bbox 586 1039 2164 1110">
    <p class='ocr_par' dir='ltr' id='par_1_10' title="bbox 586 1039 2164 1110">
     <span class='ocr_line' id='line_1_10' title="bbox 586 1039 2164 1110; baseline -0.002 -14"><span class='ocrx_word' id='word_1_59' title='bbox 586 1044 899 1097; x_wconf 81' lang='lat' dir='ltr'><strong>utilitatem.</strong></span> <span class='ocrx_word' id='word_1_60' title='bbox 951 1039 1075 1094; x_wconf 85' lang='lat' dir='ltr'><strong>Non</strong></span> <span class='ocrx_word' id='word_1_61' title='bbox 1123 1040 1272 1093; x_wconf 84' lang='lat' dir='ltr'><strong>enim</strong></span> <span class='ocrx_word' id='word_1_62' title='bbox 1324 1040 1461 1093; x_wconf 89' lang='lat' dir='ltr'><strong>adeo</strong></span> <span class='ocrx_word' id='word_1_63' title='bbox 1494 1039 1795 1093; x_wconf 82' lang='lat' dir='ltr'><strong>obscuram</strong></span> <span class='ocrx_word' id='word_1_64' title='bbox 1833 1040 2164 1110; x_wconf 83' lang='lat' dir='ltr'><strong>plenamque</strong></span> 
     </span>
    </p>
   </div>
   <div class='ocr_carea' id='block_1_11' title="bbox 587 1132 2163 1202">
    <p class='ocr_par' dir='ltr' id='par_1_11' title="bbox 587 1132 2163 1202">
     <span class='ocr_line' id='line_1_11' title="bbox 587 1132 2163 1202; baseline -0.002 -13"><span class='ocrx_word' id='word_1_65' title='bbox 587 1133 1054 1192; x_wconf 87' lang='lat' dir='ltr'><strong>dissimulationis</strong></span> <span class='ocrx_word' id='word_1_66' title='bbox 1086 1132 1365 1188; x_wconf 84' lang='lat' dir='ltr'><strong>emisisset</strong></span> <span class='ocrx_word' id='word_1_67' title='bbox 1400 1146 1626 1196; x_wconf 83' lang='lat' dir='ltr'><strong>vocem,</strong></span> <span class='ocrx_word' id='word_1_68' title='bbox 1666 1140 1725 1185; x_wconf 90' lang='lat' dir='ltr'><strong>ut</strong></span> <span class='ocrx_word' id='word_1_69' title='bbox 1760 1132 1849 1186; x_wconf 83' lang='lat' dir='ltr'><strong>vix</strong></span> <span class='ocrx_word' id='word_1_70' title='bbox 1887 1132 1990 1202; x_wconf 82' lang='lat' dir='ltr'><strong>ipsi</strong></span> <span class='ocrx_word' id='word_1_71' title='bbox 2021 1147 2163 1202; x_wconf 80' lang='lat' dir='ltr'><strong>quo-</strong></span> 
     </span>
    </p>
   </div>
   <div class='ocr_carea' id='block_1_12' title="bbox 584 1220 2163 1297">
    <p class='ocr_par' dir='ltr' id='par_1_12' title="bbox 584 1220 2163 1297">
     <span class='ocr_line' id='line_1_12' title="bbox 584 1220 2163 1297; baseline -0.001 -18"><span class='ocrx_word' id='word_1_72' title='bbox 584 1241 695 1297; x_wconf 83' lang='lat' dir='ltr'><strong>que</strong></span> <span class='ocrx_word' id='word_1_73' title='bbox 738 1224 995 1294; x_wconf 85' lang='lat' dir='ltr'><strong>discipuli</strong></span> <span class='ocrx_word' id='word_1_74' title='bbox 1033 1234 1341 1278; x_wconf 85' lang='lat' dir='ltr'><strong>sermonem</strong></span> <span class='ocrx_word' id='word_1_75' title='bbox 1399 1222 1793 1293; x_wconf 80' lang='lat' dir='ltr'><strong>intelligerent.</strong></span> <span class='ocrx_word' id='word_1_76' title='bbox 1850 1220 1967 1278; x_wconf 85' lang='lat' dir='ltr'><strong>Non</strong></span> <span class='ocrx_word' id='word_1_77' title='bbox 2010 1224 2163 1277; x_wconf 81' lang='lat' dir='ltr'><strong>enim</strong></span> 
     </span>
    </p>
   </div>
   <div class='ocr_carea' id='block_1_13' title="bbox 588 1315 2165 1373">
    <p class='ocr_par' dir='ltr' id='par_1_13' title="bbox 588 1315 2165 1373">
     <span class='ocr_line' id='line_1_13' title="bbox 588 1315 2165 1373; baseline -0.002 0"><span class='ocrx_word' id='word_1_78' title='bbox 588 1319 726 1373; x_wconf 82' lang='lat' dir='ltr'><strong>dixit</strong></span> <span class='ocrx_word' id='word_1_79' title='bbox 748 1315 946 1373; x_wconf 83' lang='lat' dir='ltr'><strong>:-Vado</strong></span> <span class='ocrx_word' id='word_1_80' title='bbox 979 1317 1358 1371; x_wconf 86' lang='lat' dir='ltr'><strong>vivillcaturus</strong></span> <span class='ocrx_word' id='word_1_81' title='bbox 1383 1322 1439 1370; x_wconf 91' lang='lat' dir='ltr'><strong>et</strong></span> <span class='ocrx_word' id='word_1_82' title='bbox 1470 1331 1499 1368; x_wconf 91' lang='lat' dir='ltr'><strong>a</strong></span> <span class='ocrx_word' id='word_1_83' title='bbox 1533 1317 1768 1371; x_wconf 83' lang='lat' dir='ltr'><strong>mortuis</strong></span> <span class='ocrx_word' id='word_1_84' title='bbox 1798 1318 2165 1371; x_wconf 79' lang='lat' dir='ltr'><strong>suscitaturus</strong></span> 
     </span>
    </p>
   </div>
   <div class='ocr_carea' id='block_1_14' title="bbox 589 1406 2165 1477">
    <p class='ocr_par' dir='ltr' id='par_1_14' title="bbox 589 1406 2165 1477">
     <span class='ocr_line' id='line_1_14' title="bbox 589 1406 2165 1477; baseline -0.001 -14"><span class='ocrx_word' id='word_1_85' title='bbox 589 1425 747 1476; x_wconf 85' lang='lat' dir='ltr'><strong>eum,</strong></span> <span class='ocrx_word' id='word_1_86' title='bbox 779 1409 897 1473; x_wconf 86' lang='lat' dir='ltr'><strong>sed,</strong></span> <span class='ocrx_word' id='word_1_87' title='bbox 951 1426 971 1459; x_wconf 71' lang='grc' dir='ltr'><strong>ι</strong></span> <span class='ocrx_word' id='word_1_88' title='bbox 1002 1406 1496 1477; x_wconf 77' lang='lat' dir='ltr'><strong>expergefacturus</strong></span> <span class='ocrx_word' id='word_1_89' title='bbox 1524 1447 1538 1470; x_wconf 96' lang='lat'><strong>,</strong></span> <span class='ocrx_word' id='word_1_90' title='bbox 1583 1424 1601 1459; x_wconf 74' lang='grc' dir='ltr'><strong>ι</strong></span> <span class='ocrx_word' id='word_1_91' title='bbox 1648 1407 1793 1476; x_wconf 91' lang='lat' dir='ltr'><strong>quod</strong></span> <span class='ocrx_word' id='word_1_92' title='bbox 1826 1407 2045 1477; x_wconf 78' lang='lat' dir='ltr'><strong>quidem</strong></span> <span class='ocrx_word' id='word_1_93' title='bbox 2071 1423 2165 1461; x_wconf 77' lang='lat' dir='ltr'><strong>ra-</strong></span> 
     </span>
    </p>
   </div>
   <div class='ocr_carea' id='block_1_15' title="bbox 588 1499 1881 1570">
    <p class='ocr_par' dir='ltr' id='par_1_15' title="bbox 588 1499 1881 1570">
     <span class='ocr_line' id='line_1_15' title="bbox 588 1499 1881 1570; baseline -0.002 -15"><span class='ocrx_word' id='word_1_94' title='bbox 588 1517 752 1556; x_wconf 86' lang='lat' dir='ltr'><strong>euum</strong></span> <span class='ocrx_word' id='word_1_95' title='bbox 787 1508 907 1557; x_wconf 88' lang='lat' dir='ltr'><strong>erat</strong></span> <span class='ocrx_word' id='word_1_96' title='bbox 943 1500 1011 1555; x_wconf 88' lang='lat' dir='ltr'><strong>ab</strong></span> <span class='ocrx_word' id='word_1_97' title='bbox 1041 1500 1191 1556; x_wconf 84' lang='lat' dir='ltr'><strong>omni</strong></span> <span class='ocrx_word' id='word_1_98' title='bbox 1226 1499 1546 1570; x_wconf 86' lang='lat' dir='ltr'><strong>suspicione</strong></span> <span class='ocrx_word' id='word_1_99' title='bbox 1575 1499 1881 1568; x_wconf 76' lang='lat' dir='ltr'><strong>jactantize.</strong></span> 
     </span>
    </p>
   </div>
   <div class='ocr_carea' id='block_1_16' title="bbox 657 1608 1578 1681">
    <p class='ocr_par' dir='ltr' id='par_1_16' title="bbox 657 1608 1578 1681">
     <span class='ocr_line' id='line_1_16' title="bbox 657 1608 1578 1681; baseline -0.001 -18"><span class='ocrx_word' id='word_1_100' title='bbox 657 1610 761 1681; x_wconf 73' lang='lat' dir='ltr'><strong>XI,</strong></span> <span class='ocrx_word' id='word_1_101' title='bbox 799 1610 887 1664; x_wconf 68' lang='grc' dir='ltr'>ιν..</span> <span class='ocrx_word' id='word_1_102' title='bbox 924 1608 987 1664; x_wconf 82' lang='lat' dir='ltr'><strong>Si</strong></span> <span class='ocrx_word' id='word_1_103' title='bbox 1015 1609 1231 1674; x_wconf 81' lang='lat' dir='ltr'><strong>dormit,</strong></span> <span class='ocrx_word' id='word_1_104' title='bbox 1267 1609 1578 1663; x_wconf 70' lang='lat' dir='ltr'><strong>safvo‘bitur.</strong></span> 
     </span>
    </p>
   </div>
   <div class='ocr_carea' id='block_1_17' title="bbox 663 1721 2171 1792">
    <p class='ocr_par' dir='ltr' id='par_1_17' title="bbox 663 1721 2171 1792">
     <span class='ocr_line' id='line_1_17' title="bbox 663 1721 2171 1792; baseline -0.001 -15"><span class='ocrx_word' id='word_1_105' title='bbox 663 1725 743 1778; x_wconf 92' lang='lat' dir='ltr'><strong>Illi</strong></span> <span class='ocrx_word' id='word_1_106' title='bbox 786 1738 941 1788; x_wconf 73' lang='lat' dir='ltr'><strong>vero,</strong></span> <span class='ocrx_word' id='word_1_107' title='bbox 983 1737 1093 1775; x_wconf 91' lang='lat' dir='ltr'><strong>non</strong></span> <span class='ocrx_word' id='word_1_108' title='bbox 1135 1722 1507 1792; x_wconf 84' lang='lat' dir='ltr'><strong>intelligentes</strong></span> <span class='ocrx_word' id='word_1_109' title='bbox 1542 1721 1650 1775; x_wconf 80' lang='lat' dir='ltr'><strong>vim</strong></span> <span class='ocrx_word' id='word_1_110' title='bbox 1691 1721 2171 1792; x_wconf 57' lang='lat' dir='ltr'><strong>verbi,,putabant</strong></span> 
     </span>
    </p>
   </div>
   <div class='ocr_carea' id='block_1_18' title="bbox 584 1808 2167 1883">
    <p class='ocr_par' dir='ltr' id='par_1_18' title="bbox 584 1808 2167 1883">
     <span class='ocr_line' id='line_1_18' title="bbox 584 1808 2167 1883; baseline -0.004 -11"><span class='ocrx_word' id='word_1_111' title='bbox 584 1816 779 1872; x_wconf 81' lang='lat' dir='ltr'><strong>Jesum</strong></span> <span class='ocrx_word' id='word_1_112' title='bbox 814 1808 1003 1868; x_wconf 87' lang='lat' dir='ltr'><strong>dicere</strong></span> <span class='ocrx_word' id='word_1_113' title='bbox 1041 1812 1109 1868; x_wconf 91' lang='lat' dir='ltr'><strong>de</strong></span> <span class='ocrx_word' id='word_1_114' title='bbox 1149 1812 1491 1868; x_wconf 86' lang='lat' dir='ltr'><strong>dormitione</strong></span> <span class='ocrx_word' id='word_1_115' title='bbox 1531 1814 1870 1883; x_wconf 89' lang='lat' dir='ltr'><strong>somni,qui,</strong></span> <span class='ocrx_word' id='word_1_116' title='bbox 1916 1828 2167 1882; x_wconf 63' lang='lat' dir='ltr'><strong>saepenu-</strong></span> 
     </span>
    </p>
   </div>
   <div class='ocr_carea' id='block_1_19' title="bbox 2262 578 3851 651">
    <p class='ocr_par' dir='ltr' id='par_1_19' title="bbox 2262 578 3851 651">
     <span class='ocr_line' id='line_1_19' title="bbox 2262 578 3851 651; baseline 0.003 -20"><span class='ocrx_word' id='word_1_117' title='bbox 2262 578 2404 650; x_wconf 77' lang='grc' dir='ltr'>ψιλῷ</span> <span class='ocrx_word' id='word_1_118' title='bbox 2443 581 2534 633; x_wconf 72' lang='grc' dir='ltr'>καὶ</span> <span class='ocrx_word' id='word_1_119' title='bbox 2577 580 2722 650; x_wconf 83' lang='grc' dir='ltr'>μόνῳ</span> <span class='ocrx_word' id='word_1_120' title='bbox 2766 578 3208 650; x_wconf 81' lang='grc' dir='ltr'>καταργούμενος</span> <span class='ocrx_word' id='word_1_121' title='bbox 3262 578 3490 648; x_wconf 73' lang='grc' dir='ltr'>νεύματι</span> <span class='ocrx_word' id='word_1_122' title='bbox 3549 579 3648 651; x_wconf 84' lang='grc' dir='ltr'>τῆς</span> <span class='ocrx_word' id='word_1_123' title='bbox 3708 582 3851 637; x_wconf 69' lang='grc' dir='ltr'>κατὰ</span> 
     </span>
    </p>
   </div>
   <div class='ocr_carea' id='block_1_20' title="bbox 2266 670 3846 746">
    <p class='ocr_par' dir='ltr' id='par_1_20' title="bbox 2266 670 3846 746">
     <span class='ocr_line' id='line_1_20' title="bbox 2266 670 3846 746; baseline 0 -18"><span class='ocrx_word' id='word_1_124' title='bbox 2266 674 2426 746; x_wconf 83' lang='grc' dir='ltr'>φύσιν</span> <span class='ocrx_word' id='word_1_125' title='bbox 2480 672 2645 743; x_wconf 76' lang='grc' dir='ltr'>ζωῆς,</span> <span class='ocrx_word' id='word_1_126' title='bbox 2688 672 2833 725; x_wconf 77' lang='grc' dir='ltr'>τοῦτ’</span> <span class='ocrx_word' id='word_1_127' title='bbox 2872 671 2987 724; x_wconf 79' lang='grc' dir='ltr'>ἐστι</span> <span class='ocrx_word' id='word_1_128' title='bbox 3037 670 3296 743; x_wconf 81' lang='grc' dir='ltr'>Χριστοῦ.</span> <span class='ocrx_word' id='word_1_129' title='bbox 3341 672 3483 743; x_wconf 84' lang='grc' dir='ltr'>Ὅρα</span> <span class='ocrx_word' id='word_1_130' title='bbox 3524 673 3581 726; x_wconf 81' lang='grc' dir='ltr'>δὲ</span> <span class='ocrx_word' id='word_1_131' title='bbox 3623 674 3704 727; x_wconf 82' lang='grc' dir='ltr'>ὅτι</span> <span class='ocrx_word' id='word_1_132' title='bbox 3748 675 3846 728; x_wconf 81' lang='grc' dir='ltr'>οὐκ</span> 
     </span>
    </p>
   </div>
   <div class='ocr_carea' id='block_1_21' title="bbox 2265 763 3849 838">
    <p class='ocr_par' dir='ltr' id='par_1_21' title="bbox 2265 763 3849 838">
     <span class='ocr_line' id='line_1_21' title="bbox 2265 763 3849 838; baseline 0 -18"><span class='ocrx_word' id='word_1_133' title='bbox 2265 763 2405 820; x_wconf 81' lang='grc' dir='ltr'>εἷπε·</span> <span class='ocrx_word' id='word_1_134' title='bbox 2452 764 2699 835; x_wconf 79' lang='grc' dir='ltr'><strong>Λάζαρος</strong></span> <span class='ocrx_word' id='word_1_135' title='bbox 2750 764 3006 829; x_wconf 83' lang='grc' dir='ltr'>ἀπέθανε,</span> <span class='ocrx_word' id='word_1_136' title='bbox 3055 765 3147 818; x_wconf 74' lang='grc' dir='ltr'>καὶ</span> <span class='ocrx_word' id='word_1_137' title='bbox 3197 764 3501 836; x_wconf 80' lang='grc' dir='ltr'><strong>πορεύομαι</strong></span> <span class='ocrx_word' id='word_1_138' title='bbox 3546 767 3849 838; x_wconf 78' lang='grc' dir='ltr'>ἀναστῆσαι</span> 
     </span>
    </p>
   </div>
   <div class='ocr_carea' id='block_1_22' title="bbox 2268 856 3849 928">
    <p class='ocr_par' dir='ltr' id='par_1_22' title="bbox 2268 856 3849 928">
     <span class='ocr_line' id='line_1_22' title="bbox 2268 856 3849 928; baseline 0.001 -17"><span class='ocrx_word' id='word_1_139' title='bbox 2268 858 2453 927; x_wconf 75' lang='grc' dir='ltr'>αὐτὸν,</span> <span class='ocrx_word' id='word_1_140' title='bbox 2496 856 2633 910; x_wconf 84' lang='grc' dir='ltr'><strong>ἀλλά</strong></span> <span class='ocrx_word' id='word_1_141' title='bbox 2677 873 2831 926; x_wconf 84' lang='grc' dir='ltr'>φησι,</span> <span class='ocrx_word' id='word_1_142' title='bbox 2866 873 2883 906; x_wconf 77' lang='grc' dir='ltr'><strong>ι</strong></span> <span class='ocrx_word' id='word_1_143' title='bbox 2930 857 3290 927; x_wconf 83' lang='grc' dir='ltr'>Κεκοίμηται,</span> <span class='ocrx_word' id='word_1_144' title='bbox 3327 875 3345 908; x_wconf 77' lang='grc' dir='ltr'><strong>ι</strong></span> <span class='ocrx_word' id='word_1_145' title='bbox 3383 857 3443 911; x_wconf 82' lang='grc' dir='ltr'>τὸ</span> <span class='ocrx_word' id='word_1_146' title='bbox 3471 856 3849 928; x_wconf 62' lang='grc' dir='ltr'>κομπαστικῦν</span> 
     </span>
    </p>
   </div>
   <div class='ocr_carea' id='block_1_23' title="bbox 2268 947 3846 1020">
    <p class='ocr_par' dir='ltr' id='par_1_23' title="bbox 2268 947 3846 1020">
     <span class='ocr_line' id='line_1_23' title="bbox 2268 947 3846 1020; baseline 0.001 -18"><span class='ocrx_word' id='word_1_147' title='bbox 2268 949 2505 1020; x_wconf 78' lang='grc' dir='ltr'><strong>φεύγων,</strong></span> <span class='ocrx_word' id='word_1_148' title='bbox 2549 947 2685 1019; x_wconf 77' lang='grc' dir='ltr'>πρὸς</span> <span class='ocrx_word' id='word_1_149' title='bbox 2726 947 3004 1018; x_wconf 73' lang='grc' dir='ltr'><strong>ἡμετέραν</strong></span> <span class='ocrx_word' id='word_1_150' title='bbox 3045 947 3393 1002; x_wconf 82' lang='grc' dir='ltr'><strong>διδασκαλίαν</strong></span> <span class='ocrx_word' id='word_1_151' title='bbox 3426 948 3520 1002; x_wconf 79' lang='grc' dir='ltr'>καὶ</span> <span class='ocrx_word' id='word_1_152' title='bbox 3557 948 3846 1017; x_wconf 83' lang='grc' dir='ltr'>ὠφέλειαν.</span> 
     </span>
    </p>
   </div>
   <div class='ocr_carea' id='block_1_24' title="bbox 2267 1037 3851 1110">
    <p class='ocr_par' dir='ltr' id='par_1_24' title="bbox 2267 1037 3851 1110">
     <span class='ocr_line' id='line_1_24' title="bbox 2267 1037 3851 1110; baseline -0.007 -9"><span class='ocrx_word' id='word_1_153' title='bbox 2267 1041 2342 1095; x_wconf 75' lang='grc' dir='ltr'><strong>Οὐ</strong></span> <span class='ocrx_word' id='word_1_154' title='bbox 2388 1040 2497 1110; x_wconf 80' lang='grc' dir='ltr'>γὰρ</span> <span class='ocrx_word' id='word_1_155' title='bbox 2534 1038 2600 1093; x_wconf 75' lang='grc' dir='ltr'>ἂν</span> <span class='ocrx_word' id='word_1_156' title='bbox 2628 1037 2798 1101; x_wconf 71' lang='grc' dir='ltr'>οὕτως</span> <span class='ocrx_word' id='word_1_157' title='bbox 2843 1037 3090 1108; x_wconf 72' lang='grc' dir='ltr'>ἀμυδρὰν</span> <span class='ocrx_word' id='word_1_158' title='bbox 3138 1039 3274 1108; x_wconf 84' lang='grc' dir='ltr'><strong>μετά</strong></span> <span class='ocrx_word' id='word_1_159' title='bbox 3323 1038 3671 1109; x_wconf 72' lang='grc' dir='ltr'><strong>ἐπικρύψεως</strong></span> <span class='ocrx_word' id='word_1_160' title='bbox 3699 1040 3851 1110; x_wconf 73' lang='grc' dir='ltr'>ἠφίει</span> 
     </span>
    </p>
   </div>
   <div class='ocr_carea' id='block_1_25' title="bbox 2269 1128 3851 1203">
    <p class='ocr_par' dir='ltr' id='par_1_25' title="bbox 2269 1128 3851 1203">
     <span class='ocr_line' id='line_1_25' title="bbox 2269 1128 3851 1203; baseline 0 -19"><span class='ocrx_word' id='word_1_161' title='bbox 2269 1130 2472 1203; x_wconf 83' lang='grc' dir='ltr'>φωνὴν,</span> <span class='ocrx_word' id='word_1_162' title='bbox 2506 1129 2581 1193; x_wconf 75' lang='lat' dir='ltr'><strong>rb;</strong></span> <span class='ocrx_word' id='word_1_163' title='bbox 2618 1128 2737 1200; x_wconf 87' lang='grc' dir='ltr'>μηδ’</span> <span class='ocrx_word' id='word_1_164' title='bbox 2780 1128 2977 1191; x_wconf 80' lang='grc' dir='ltr'>αὐτοὺς</span> <span class='ocrx_word' id='word_1_165' title='bbox 3026 1128 3261 1182; x_wconf 80' lang='grc' dir='ltr'>συνιέναι</span> <span class='ocrx_word' id='word_1_166' title='bbox 3307 1130 3433 1193; x_wconf 74' lang='grc' dir='ltr'>τοὺς</span> <span class='ocrx_word' id='word_1_167' title='bbox 3466 1128 3712 1200; x_wconf 73' lang='grc' dir='ltr'>μαθητὰς</span> <span class='ocrx_word' id='word_1_168' title='bbox 3760 1131 3851 1185; x_wconf 71' lang='grc' dir='ltr'><strong>τὸν</strong></span> 
     </span>
    </p>
   </div>
   <div class='ocr_carea' id='block_1_26' title="bbox 2267 1214 3852 1292">
    <p class='ocr_par' dir='ltr' id='par_1_26' title="bbox 2267 1214 3852 1292">
     <span class='ocr_line' id='line_1_26' title="bbox 2267 1214 3852 1292; baseline -0.001 -16"><span class='ocrx_word' id='word_1_169' title='bbox 2267 1222 2442 1292; x_wconf 85' lang='grc' dir='ltr'>λόγον.</span> <span class='ocrx_word' id='word_1_170' title='bbox 2481 1222 2555 1276; x_wconf 75' lang='grc' dir='ltr'><strong>Οὐ</strong></span> <span class='ocrx_word' id='word_1_171' title='bbox 2577 1221 2683 1292; x_wconf 79' lang='grc' dir='ltr'><strong>γάρ</strong></span> <span class='ocrx_word' id='word_1_172' title='bbox 2706 1220 2834 1289; x_wconf 65' lang='grc' dir='ltr'>ἔφη,</span> <span class='ocrx_word' id='word_1_173' title='bbox 2870 1214 3183 1291; x_wconf 76' lang='grc' dir='ltr'>Πορεύομαι</span> <span class='ocrx_word' id='word_1_174' title='bbox 3204 1219 3438 1283; x_wconf 76' lang='grc' dir='ltr'>ζωώσων</span> <span class='ocrx_word' id='word_1_175' title='bbox 3464 1220 3496 1292; x_wconf 84' lang='grc' dir='ltr'>ἢ</span> <span class='ocrx_word' id='word_1_176' title='bbox 3528 1222 3852 1292; x_wconf 78' lang='grc' dir='ltr'>ἀναστήσων</span> 
     </span>
    </p>
   </div>
   <div class='ocr_carea' id='block_1_27' title="bbox 2268 1307 3850 1383">
    <p class='ocr_par' dir='ltr' id='par_1_27' title="bbox 2268 1307 3850 1383">
     <span class='ocr_line' id='line_1_27' title="bbox 2268 1307 3850 1383; baseline -0.003 -15"><span class='ocrx_word' id='word_1_177' title='bbox 2268 1315 2431 1368; x_wconf 69' lang='grc' dir='ltr'>αὐτὸν</span> <span class='ocrx_word' id='word_1_178' title='bbox 2461 1318 2524 1367; x_wconf 83' lang='grc' dir='ltr'>ἐκ</span> <span class='ocrx_word' id='word_1_179' title='bbox 2547 1312 2776 1383; x_wconf 83' lang='grc' dir='ltr'>νεκρῶν,</span> <span class='ocrx_word' id='word_1_180' title='bbox 2800 1311 2911 1366; x_wconf 74' lang='grc' dir='ltr'>ἀλλ’</span> <span class='ocrx_word' id='word_1_181' title='bbox 2937 1330 2955 1363; x_wconf 77' lang='grc' dir='ltr'><strong>ι</strong></span> <span class='ocrx_word' id='word_1_182' title='bbox 2997 1311 3350 1375; x_wconf 71' lang='grc' dir='ltr'>Ἐξυπνίσωψ</span> <span class='ocrx_word' id='word_1_183' title='bbox 3389 1330 3406 1362; x_wconf 75' lang='grc' dir='ltr'><strong>ι</strong></span> <span class='ocrx_word' id='word_1_184' title='bbox 3433 1307 3648 1381; x_wconf 75' lang='grc' dir='ltr'>ὃπερῇν</span> <span class='ocrx_word' id='word_1_185' title='bbox 3681 1314 3850 1382; x_wconf 66' lang='grc' dir='ltr'>ἀργὸν</span> 
     </span>
    </p>
   </div>
   <div class='ocr_carea' id='block_1_28' title="bbox 2268 1404 2808 1474">
    <p class='ocr_par' dir='ltr' id='par_1_28' title="bbox 2268 1404 2808 1474">
     <span class='ocr_line' id='line_1_28' title="bbox 2268 1404 2808 1474; baseline -0.004 -17"><span class='ocrx_word' id='word_1_186' title='bbox 2268 1405 2406 1468; x_wconf 83' lang='grc' dir='ltr'>τέως</span> <span class='ocrx_word' id='word_1_187' title='bbox 2441 1405 2518 1467; x_wconf 79' lang='grc' dir='ltr'>εἰς</span> <span class='ocrx_word' id='word_1_188' title='bbox 2548 1404 2808 1474; x_wconf 73' lang='grc' dir='ltr'>ὑποψίαν.</span> 
     </span>
    </p>
   </div>
   <div class='ocr_carea' id='block_1_29' title="bbox 2341 1596 3195 1667">
    <p class='ocr_par' dir='ltr' id='par_1_29' title="bbox 2341 1596 3195 1667">
     <span class='ocr_line' id='line_1_29' title="bbox 2341 1596 3195 1667; baseline -0.002 -14"><span class='ocrx_word' id='word_1_189' title='bbox 2341 1602 2409 1653; x_wconf 83' lang='grc' dir='ltr'><strong>Εἰ</strong></span> <span class='ocrx_word' id='word_1_190' title='bbox 2440 1599 2807 1667; x_wconf 76' lang='grc' dir='ltr'><strong>κεκοίμηται,</strong></span> <span class='ocrx_word' id='word_1_191' title='bbox 2836 1596 3195 1663; x_wconf 77' lang='grc' dir='ltr'>σωθήσεται.</span> 
     </span>
    </p>
   </div>
   <div class='ocr_carea' id='block_1_30' title="bbox 2357 1711 3850 1786">
    <p class='ocr_par' dir='ltr' id='par_1_30' title="bbox 2357 1711 3850 1786">
     <span class='ocr_line' id='line_1_30' title="bbox 2357 1711 3850 1786; baseline -0.002 -17"><span class='ocrx_word' id='word_1_192' title='bbox 2357 1715 2580 1770; x_wconf 83' lang='grc' dir='ltr'>Ἐκεῖνοι</span> <span class='ocrx_word' id='word_1_193' title='bbox 2623 1715 2679 1769; x_wconf 80' lang='grc' dir='ltr'>δὲ</span> <span class='ocrx_word' id='word_1_194' title='bbox 2713 1716 2786 1786; x_wconf 79' lang='grc' dir='ltr'>μὴ</span> <span class='ocrx_word' id='word_1_195' title='bbox 2816 1715 3106 1785; x_wconf 81' lang='grc' dir='ltr'>νοήσαντες</span> <span class='ocrx_word' id='word_1_196' title='bbox 3142 1711 3236 1766; x_wconf 87' lang='grc' dir='ltr'>τοῦ</span> <span class='ocrx_word' id='word_1_197' title='bbox 3281 1712 3439 1782; x_wconf 81' lang='grc' dir='ltr'>λόγου</span> <span class='ocrx_word' id='word_1_198' title='bbox 3471 1712 3569 1784; x_wconf 81' lang='grc' dir='ltr'>τὴν</span> <span class='ocrx_word' id='word_1_199' title='bbox 3597 1713 3850 1784; x_wconf 76' lang='grc' dir='ltr'>δύναμιν,</span> 
     </span>
    </p>
   </div>
   <div class='ocr_carea' id='block_1_31' title="bbox 2272 1806 3856 1884">
    <p class='ocr_par' dir='ltr' id='par_1_31' title="bbox 2272 1806 3856 1884">
     <span class='ocr_line' id='line_1_31' title="bbox 2272 1806 3856 1884; baseline -0.004 -19"><span class='ocrx_word' id='word_1_200' title='bbox 2272 1814 2526 1884; x_wconf 77' lang='grc' dir='ltr'>ᾠήθησαν</span> <span class='ocrx_word' id='word_1_201' title='bbox 2562 1808 2651 1862; x_wconf 76' lang='grc' dir='ltr'>τὸν</span> <span class='ocrx_word' id='word_1_202' title='bbox 2710 1809 2915 1877; x_wconf 79' lang='grc' dir='ltr'>Ἰησοῦν</span> <span class='ocrx_word' id='word_1_203' title='bbox 2952 1809 3128 1876; x_wconf 88' lang='grc' dir='ltr'>λέγειν</span> <span class='ocrx_word' id='word_1_204' title='bbox 3166 1809 3293 1879; x_wconf 77' lang='grc' dir='ltr'>περὶ</span> <span class='ocrx_word' id='word_1_205' title='bbox 3325 1807 3629 1881; x_wconf 73' lang='grc' dir='ltr'>κοιμήσεως</span> <span class='ocrx_word' id='word_1_206' title='bbox 3661 1806 3856 1869; x_wconf 75' lang='grc' dir='ltr'>ὕπνου,</span> 
     </span>
    </p>
   </div>
   <div class='ocr_carea' id='block_1_32' title="bbox 596 1898 2168 1981">
    <p class='ocr_par' dir='ltr' id='par_1_32' title="bbox 596 1900 2165 1981">
     <span class='ocr_line' id='line_1_32' title="bbox 596 1900 2165 1981; baseline -0.003 -17"><span class='ocrx_word' id='word_1_207' title='bbox 596 1925 749 1964; x_wconf 89' lang='lat' dir='ltr'><strong>mero</strong></span> <span class='ocrx_word' id='word_1_208' title='bbox 812 1907 1049 1981; x_wconf 76' lang='lat' dir='ltr'><strong>infirmis</strong></span> <span class='ocrx_word' id='word_1_209' title='bbox 1112 1905 1434 1981; x_wconf 69' lang='lat' dir='ltr'><strong>adveniens,</strong></span> <span class='ocrx_word' id='word_1_210' title='bbox 1466 1906 1706 1975; x_wconf 88' lang='lat' dir='ltr'><strong>quietem</strong></span> <span class='ocrx_word' id='word_1_211' title='bbox 1770 1900 1980 1959; x_wconf 64' lang='lat' dir='ltr'><strong>adert:</strong></span> <span class='ocrx_word' id='word_1_212' title='bbox 2041 1906 2165 1959; x_wconf 75' lang='lat' dir='ltr'><strong>ideo</strong></span> 
     </span>
    </p>
   </div>
   <div class='ocr_carea' id='block_1_33' title="bbox 2274 1898 3858 1981">
    <p class='ocr_par' dir='ltr' id='par_1_33' title="bbox 2274 1898 3858 1973">
     <span class='ocr_line' id='line_1_33' title="bbox 2274 1898 3858 1973; baseline -0.005 -14"><span class='ocrx_word' id='word_1_213' title='bbox 2274 1906 2328 1969; x_wconf 81' lang='grc' dir='ltr'>ὃς</span> <span class='ocrx_word' id='word_1_214' title='bbox 2354 1906 2446 1959; x_wconf 77' lang='grc' dir='ltr'><strong>ἐπὶ</strong></span> <span class='ocrx_word' id='word_1_215' title='bbox 2475 1904 2532 1957; x_wconf 80' lang='grc' dir='ltr'>τὸ</span> <span class='ocrx_word' id='word_1_216' title='bbox 2566 1902 2698 1956; x_wconf 78' lang='grc' dir='ltr'>πολὺ</span> <span class='ocrx_word' id='word_1_217' title='bbox 2723 1905 2833 1965; x_wconf 90' lang='grc' dir='ltr'>τοῖς</span> <span class='ocrx_word' id='word_1_218' title='bbox 2851 1900 3152 1973; x_wconf 71' lang='grc' dir='ltr'><strong>ἀρρώστοις</strong></span> <span class='ocrx_word' id='word_1_219' title='bbox 3181 1918 3244 1953; x_wconf 93' lang='grc' dir='ltr'><strong>συ</strong></span> <span class='ocrx_word' id='word_1_220' title='bbox 3254 1900 3523 1970; x_wconf 80' lang='grc' dir='ltr'>μδαίνων,</span> <span class='ocrx_word' id='word_1_221' title='bbox 3546 1898 3858 1953; x_wconf 76' lang='grc' dir='ltr'>ἀνάπαυσιν</span> 
     </span>
    </p>
   </div>
   <div class='ocr_carea' id='block_1_34' title="bbox 593 1978 2169 2066">
    <p class='ocr_par' dir='ltr' id='par_1_34' title="bbox 593 1978 2169 2066">
     <span class='ocr_line' id='line_1_34' title="bbox 593 1978 2169 2066; baseline -0.001 -14"><span class='ocrx_word' id='word_1_222' title='bbox 593 1978 929 2054; x_wconf 70' lang='lat' dir='ltr'><strong>aiunt:Noii</strong></span> <span class='ocrx_word' id='word_1_223' title='bbox 968 2005 1051 2052; x_wconf 90' lang='lat' dir='ltr'><strong>est</strong></span> <span class='ocrx_word' id='word_1_224' title='bbox 1092 1978 1288 2050; x_wconf 89' lang='lat' dir='ltr'><strong>idonea</strong></span> <span class='ocrx_word' id='word_1_225' title='bbox 1324 2011 1491 2049; x_wconf 83' lang='lat' dir='ltr'><strong>causa</strong></span> <span class='ocrx_word' id='word_1_226' title='bbox 1532 1996 1806 2061; x_wconf 83' lang='lat' dir='ltr'><strong>veniendi,</strong></span> <span class='ocrx_word' id='word_1_227' title='bbox 1831 2006 2169 2066; x_wconf 83' lang='lat' dir='ltr'><strong>utexperge-</strong></span> 
     </span>
    </p>
   </div>
   <div class='ocr_carea' id='block_1_35' title="bbox 595 2078 2169 2157">
    <p class='ocr_par' dir='ltr' id='par_1_35' title="bbox 595 2078 2169 2157">
     <span class='ocr_line' id='line_1_35' title="bbox 595 2078 2169 2157; baseline -0.002 -13"><span class='ocrx_word' id='word_1_228' title='bbox 595 2078 764 2144; x_wconf 80' lang='lat' dir='ltr'><strong>facias</strong></span> <span class='ocrx_word' id='word_1_229' title='bbox 825 2104 853 2142; x_wconf 90' lang='lat' dir='ltr'><strong>a</strong></span> <span class='ocrx_word' id='word_1_230' title='bbox 911 2103 1104 2144; x_wconf 90' lang='lat' dir='ltr'><strong>somno</strong></span> <span class='ocrx_word' id='word_1_231' title='bbox 1134 2087 1438 2153; x_wconf 77' lang='lat' dir='ltr'><strong>Lazarum,</strong></span> <span class='ocrx_word' id='word_1_232' title='bbox 1473 2104 1650 2157; x_wconf 89' lang='lat' dir='ltr'><strong>neque</strong></span> <span class='ocrx_word' id='word_1_233' title='bbox 1684 2088 1815 2143; x_wconf 89' lang='lat' dir='ltr'><strong>utile</strong></span> <span class='ocrx_word' id='word_1_234' title='bbox 1848 2097 1933 2143; x_wconf 90' lang='lat' dir='ltr'><strong>est</strong></span> <span class='ocrx_word' id='word_1_235' title='bbox 1980 2088 2169 2142; x_wconf 83' lang='lat' dir='ltr'><strong>excuti</strong></span> 
     </span>
    </p>
   </div>
   <div class='ocr_carea' id='block_1_36' title="bbox 596 2179 2169 2250">
    <p class='ocr_par' dir='ltr' id='par_1_36' title="bbox 596 2179 2169 2250">
     <span class='ocr_line' id='line_1_36' title="bbox 596 2179 2169 2250; baseline -0.001 -12"><span class='ocrx_word' id='word_1_236' title='bbox 596 2196 851 2238; x_wconf 91' lang='lat' dir='ltr'><strong>somnum</strong></span> <span class='ocrx_word' id='word_1_237' title='bbox 906 2181 1118 2250; x_wconf 68' lang='lat' dir='ltr'><strong>aegroti.</strong></span> <span class='ocrx_word' id='word_1_238' title='bbox 1173 2179 1299 2236; x_wconf 63' lang='lat' dir='ltr'><strong>&quot;ire</strong></span> <span class='ocrx_word' id='word_1_239' title='bbox 1354 2190 1542 2235; x_wconf 89' lang='lat' dir='ltr'><strong>autem</strong></span> <span class='ocrx_word' id='word_1_240' title='bbox 1600 2180 1856 2235; x_wconf 80' lang='lat' dir='ltr'><strong>dicebant</strong></span> <span class='ocrx_word' id='word_1_241' title='bbox 1905 2196 2169 2236; x_wconf 70' lang='lat' dir='ltr'><strong>revocare</strong></span> 
     </span>
    </p>
   </div>
   <div class='ocr_carea' id='block_1_37' title="bbox 594 2271 2171 2341">
    <p class='ocr_par' dir='ltr' id='par_1_37' title="bbox 594 2271 2171 2341">
     <span class='ocr_line' id='line_1_37' title="bbox 594 2271 2171 2341; baseline -0.002 -12"><span class='ocrx_word' id='word_1_242' title='bbox 594 2274 837 2329; x_wconf 72' lang='lat' dir='ltr'><strong>volentes</strong></span> <span class='ocrx_word' id='word_1_243' title='bbox 889 2288 1013 2328; x_wconf 91' lang='lat' dir='ltr'><strong>eum</strong></span> <span class='ocrx_word' id='word_1_244' title='bbox 1069 2272 1139 2326; x_wconf 91' lang='lat' dir='ltr'><strong>ab</strong></span> <span class='ocrx_word' id='word_1_245' title='bbox 1198 2272 1454 2326; x_wconf 88' lang='lat' dir='ltr'><strong>instituto</strong></span> <span class='ocrx_word' id='word_1_246' title='bbox 1508 2271 1744 2335; x_wconf 90' lang='lat' dir='ltr'><strong>itinere,</strong></span> <span class='ocrx_word' id='word_1_247' title='bbox 1807 2272 2171 2341; x_wconf 89' lang='lat' dir='ltr'><strong>dieentesque</strong></span> 
     </span>
    </p>
   </div>
   <div class='ocr_carea' id='block_1_38' title="bbox 596 2360 2174 2416">
    <p class='ocr_par' dir='ltr' id='par_1_38' title="bbox 596 2360 2174 2416">
     <span class='ocr_line' id='line_1_38' title="bbox 596 2360 2174 2416; baseline 0.001 -1"><span class='ocrx_word' id='word_1_248' title='bbox 596 2363 821 2415; x_wconf 87' lang='lat' dir='ltr'><strong>minime</strong></span> <span class='ocrx_word' id='word_1_249' title='bbox 853 2376 883 2415; x_wconf 92' lang='lat' dir='ltr'><strong>e</strong></span> <span class='ocrx_word' id='word_1_250' title='bbox 922 2377 981 2415; x_wconf 89' lang='lat' dir='ltr'><strong>re</strong></span> <span class='ocrx_word' id='word_1_251' title='bbox 1020 2360 1195 2414; x_wconf 91' lang='lat' dir='ltr'><strong>videri</strong></span> <span class='ocrx_word' id='word_1_252' title='bbox 1230 2367 1291 2414; x_wconf 89' lang='lat' dir='ltr'><strong>ut</strong></span> <span class='ocrx_word' id='word_1_253' title='bbox 1320 2360 1372 2413; x_wconf 89' lang='lat' dir='ltr'><strong>in</strong></span> <span class='ocrx_word' id='word_1_254' title='bbox 1408 2361 1589 2415; x_wconf 82' lang='lat' dir='ltr'><strong>medio</strong></span> <span class='ocrx_word' id='word_1_255' title='bbox 1622 2361 1954 2416; x_wconf 82' lang='lat' dir='ltr'><strong>sicariorum</strong></span> <span class='ocrx_word' id='word_1_256' title='bbox 1987 2377 2174 2416; x_wconf 81' lang='lat' dir='ltr'><strong>verse-</strong></span> 
     </span>
    </p>
   </div>
   <div class='ocr_carea' id='block_1_39' title="bbox 596 2446 1497 2522">
    <p class='ocr_par' dir='ltr' id='par_1_39' title="bbox 596 2446 1497 2522">
     <span class='ocr_line' id='line_1_39' title="bbox 596 2446 1497 2522; baseline -0.001 -18"><span class='ocrx_word' id='word_1_257' title='bbox 596 2460 687 2505; x_wconf 89' lang='lat' dir='ltr'><strong>tur</strong></span> <span class='ocrx_word' id='word_1_258' title='bbox 720 2460 941 2522; x_wconf 89' lang='lat' dir='ltr'><strong>propter</strong></span> <span class='ocrx_word' id='word_1_259' title='bbox 972 2463 1192 2519; x_wconf 91' lang='lat' dir='ltr'><strong>operam</strong></span> <span class='ocrx_word' id='word_1_260' title='bbox 1224 2446 1497 2503; x_wconf 89' lang='lat' dir='ltr'><strong>inutilem.</strong></span> 
     </span>
    </p>
   </div>
   <div class='ocr_carea' id='block_1_40' title="bbox 666 2602 1715 2667">
    <p class='ocr_par' dir='ltr' id='par_1_40' title="bbox 666 2602 1715 2667">
     <span class='ocr_line' id='line_1_40' title="bbox 666 2602 1715 2667; baseline -0.002 -8"><span class='ocrx_word' id='word_1_261' title='bbox 666 2603 768 2667; x_wconf 79' lang='lat' dir='ltr'><strong>XI,</strong></span> <span class='ocrx_word' id='word_1_262' title='bbox 805 2604 891 2659; x_wconf 76' lang='grc' dir='ltr'>ιι.</span> <span class='ocrx_word' id='word_1_263' title='bbox 927 2602 1167 2657; x_wconf 78' lang='lat' dir='ltr'><strong>Lazarus</strong></span> <span class='ocrx_word' id='word_1_264' title='bbox 1208 2611 1444 2656; x_wconf 83' lang='lat' dir='ltr'><strong>mortuus</strong></span> <span class='ocrx_word' id='word_1_265' title='bbox 1476 2611 1573 2666; x_wconf 77' lang='lat' dir='ltr'><strong>est,</strong></span> <span class='ocrx_word' id='word_1_266' title='bbox 1604 2610 1715 2658; x_wconf 81' lang='lat' dir='ltr'><strong>etc.</strong></span> 
     </span>
    </p>
   </div>
   <div class='ocr_carea' id='block_1_41' title="bbox 670 2716 2160 2788">
    <p class='ocr_par' dir='ltr' id='par_1_41' title="bbox 670 2716 2160 2788">
     <span class='ocr_line' id='line_1_41' title="bbox 670 2716 2160 2788; baseline -0.004 -11"><span class='ocrx_word' id='word_1_267' title='bbox 670 2721 803 2777; x_wconf 88' lang='lat' dir='ltr'><strong>Cum</strong></span> <span class='ocrx_word' id='word_1_268' title='bbox 832 2735 937 2773; x_wconf 91' lang='lat' dir='ltr'><strong>non</strong></span> <span class='ocrx_word' id='word_1_269' title='bbox 963 2719 1360 2774; x_wconf 55' lang='lat' dir='ltr'><strong>intellexissent</strong></span> <span class='ocrx_word' id='word_1_270' title='bbox 1378 2716 1630 2788; x_wconf 85' lang='lat' dir='ltr'><strong>discipuli</strong></span> <span class='ocrx_word' id='word_1_271' title='bbox 1656 2733 1782 2772; x_wconf 91' lang='lat' dir='ltr'><strong>eum</strong></span> <span class='ocrx_word' id='word_1_272' title='bbox 1810 2726 2034 2775; x_wconf 90' lang='lat' dir='ltr'><strong>mortem</strong></span> <span class='ocrx_word' id='word_1_273' title='bbox 2059 2732 2160 2772; x_wconf 80' lang='lat' dir='ltr'><strong>vo-</strong></span> 
     </span>
    </p>
   </div>
   <div class='ocr_carea' id='block_1_42' title="bbox 598 2805 2161 2878">
    <p class='ocr_par' dir='ltr' id='par_1_42' title="bbox 598 2805 2161 2878">
     <span class='ocr_line' id='line_1_42' title="bbox 598 2805 2161 2878; baseline -0.003 -11"><span class='ocrx_word' id='word_1_274' title='bbox 598 2827 752 2867; x_wconf 89' lang='lat' dir='ltr'><strong>casse</strong></span> <span class='ocrx_word' id='word_1_275' title='bbox 778 2826 1058 2871; x_wconf 91' lang='lat' dir='ltr'><strong>sumnum,</strong></span> <span class='ocrx_word' id='word_1_276' title='bbox 1097 2806 1393 2863; x_wconf 89' lang='lat' dir='ltr'><strong>dilucidius</strong></span> <span class='ocrx_word' id='word_1_277' title='bbox 1438 2809 1702 2878; x_wconf 78' lang='lat' dir='ltr'><strong>expressit</strong></span> <span class='ocrx_word' id='word_1_278' title='bbox 1733 2809 1937 2874; x_wconf 90' lang='lat' dir='ltr'><strong>dicens,</strong></span> <span class='ocrx_word' id='word_1_279' title='bbox 1968 2826 1986 2859; x_wconf 74' lang='grc' dir='ltr'><strong>ι</strong></span> <span class='ocrx_word' id='word_1_280' title='bbox 2018 2805 2161 2863; x_wconf 72' lang='lat' dir='ltr'><strong>Mor-</strong></span> 
     </span>
    </p>
   </div>
   <div class='ocr_carea' id='block_1_43' title="bbox 600 2895 2158 2966">
    <p class='ocr_par' dir='ltr' id='par_1_43' title="bbox 600 2895 2158 2966">
     <span class='ocr_line' id='line_1_43' title="bbox 600 2895 2158 2966; baseline -0.006 -10"><span class='ocrx_word' id='word_1_281' title='bbox 600 2912 727 2956; x_wconf 87' lang='lat' dir='ltr'><strong>tuus</strong></span> <span class='ocrx_word' id='word_1_282' title='bbox 748 2907 852 2955; x_wconf 84' lang='lat' dir='ltr'><strong>est.</strong></span> <span class='ocrx_word' id='word_1_283' title='bbox 886 2918 905 2951; x_wconf 75' lang='grc' dir='ltr'><strong>ι</strong></span> <span class='ocrx_word' id='word_1_284' title='bbox 943 2900 1233 2952; x_wconf 66' lang='lat' dir='ltr'><strong>Ait‘autem</strong></span> <span class='ocrx_word' id='word_1_285' title='bbox 1260 2913 1319 2953; x_wconf 90' lang='lat' dir='ltr'><strong>se</strong></span> <span class='ocrx_word' id='word_1_286' title='bbox 1347 2896 1583 2966; x_wconf 83' lang='lat' dir='ltr'><strong>gaudere</strong></span> <span class='ocrx_word' id='word_1_287' title='bbox 1611 2911 1718 2951; x_wconf 86' lang='lat' dir='ltr'><strong>non</strong></span> <span class='ocrx_word' id='word_1_288' title='bbox 1747 2895 1812 2951; x_wconf 90' lang='lat' dir='ltr'><strong>ad</strong></span> <span class='ocrx_word' id='word_1_289' title='bbox 1840 2895 2158 2960; x_wconf 86' lang='lat' dir='ltr'><strong>vanitatem,</strong></span> 
     </span>
    </p>
   </div>
   <div class='ocr_carea' id='block_1_44' title="bbox 596 2983 2176 3065">
    <p class='ocr_par' dir='ltr' id='par_1_44' title="bbox 596 2983 2176 3065">
     <span class='ocr_line' id='line_1_44' title="bbox 596 2983 2176 3065; baseline -0.003 -16"><span class='ocrx_word' id='word_1_290' title='bbox 596 2997 727 3065; x_wconf 90' lang='lat' dir='ltr'><strong>quia</strong></span> <span class='ocrx_word' id='word_1_291' title='bbox 768 2993 1094 3048; x_wconf 88' lang='lat' dir='ltr'><strong>miraculum</strong></span> <span class='ocrx_word' id='word_1_292' title='bbox 1135 2983 1456 3062; x_wconf 80' lang='lat' dir='ltr'><strong>patraturus</strong></span> <span class='ocrx_word' id='word_1_293' title='bbox 1498 2997 1686 3055; x_wconf 87' lang='lat' dir='ltr'><strong>esset,</strong></span> <span class='ocrx_word' id='word_1_294' title='bbox 1739 2989 1839 3046; x_wconf 90' lang='lat' dir='ltr'><strong>sed</strong></span> <span class='ocrx_word' id='word_1_295' title='bbox 1883 2990 2016 3059; x_wconf 84' lang='lat' dir='ltr'><strong>quia</strong></span> <span class='ocrx_word' id='word_1_296' title='bbox 2058 2988 2176 3044; x_wconf 63' lang='lat' dir='ltr'><strong>haec</strong></span> 
     </span>
    </p>
   </div>
   <div class='ocr_carea' id='block_1_45' title="bbox 597 3071 2175 3154">
    <p class='ocr_par' dir='ltr' id='par_1_45' title="bbox 597 3071 2175 3154">
     <span class='ocr_line' id='line_1_45' title="bbox 597 3071 2175 3154; baseline -0.003 -14"><span class='ocrx_word' id='word_1_297' title='bbox 597 3098 764 3140; x_wconf 89' lang='lat' dir='ltr'><strong>causa</strong></span> <span class='ocrx_word' id='word_1_298' title='bbox 799 3084 983 3139; x_wconf 89' lang='lat' dir='ltr'><strong>futura</strong></span> <span class='ocrx_word' id='word_1_299' title='bbox 1010 3091 1127 3139; x_wconf 91' lang='lat' dir='ltr'><strong>erat</strong></span> <span class='ocrx_word' id='word_1_300' title='bbox 1159 3082 1451 3154; x_wconf 87' lang='lat' dir='ltr'><strong>discipulis</strong></span> <span class='ocrx_word' id='word_1_301' title='bbox 1480 3082 1627 3137; x_wconf 87' lang='lat' dir='ltr'><strong>fidei.</strong></span> <span class='ocrx_word' id='word_1_302' title='bbox 1660 3071 1829 3151; x_wconf 72' lang='lat'><strong>680</strong></span> <span class='ocrx_word' id='word_1_303' title='bbox 1854 3079 2009 3147; x_wconf 88' lang='lat' dir='ltr'><strong>Quod</strong></span> <span class='ocrx_word' id='word_1_304' title='bbox 2045 3095 2175 3135; x_wconf 90' lang='lat' dir='ltr'><strong>vero</strong></span> 
     </span>
    </p>
   </div>
   <div class='ocr_carea' id='block_1_46' title="bbox 598 3169 2172 3243">
    <p class='ocr_par' dir='ltr' id='par_1_46' title="bbox 598 3169 2172 3243">
     <span class='ocr_line' id='line_1_46' title="bbox 598 3169 2172 3243; baseline -0.005 -12"><span class='ocrx_word' id='word_1_305' title='bbox 598 3177 762 3241; x_wconf 89' lang='lat' dir='ltr'><strong>dicit,</strong></span> <span class='ocrx_word' id='word_1_306' title='bbox 790 3194 809 3228; x_wconf 83' lang='grc' dir='ltr'><strong>ι</strong></span> <span class='ocrx_word' id='word_1_307' title='bbox 838 3174 957 3233; x_wconf 88' lang='lat' dir='ltr'><strong>Non</strong></span> <span class='ocrx_word' id='word_1_308' title='bbox 989 3189 1138 3231; x_wconf 89' lang='lat' dir='ltr'><strong>eram</strong></span> <span class='ocrx_word' id='word_1_309' title='bbox 1169 3174 1334 3241; x_wconf 62' lang='lat' dir='ltr'><strong>ibi,»</strong></span> <span class='ocrx_word' id='word_1_310' title='bbox 1363 3173 1467 3228; x_wconf 79' lang='lat' dir='ltr'><strong>hoc</strong></span> <span class='ocrx_word' id='word_1_311' title='bbox 1497 3170 1772 3243; x_wconf 79' lang='lat' dir='ltr'><strong>signiﬁcat</strong></span> <span class='ocrx_word' id='word_1_312' title='bbox 1797 3190 1810 3225; x_wconf 91' lang='lat'><strong>:</strong></span> <span class='ocrx_word' id='word_1_313' title='bbox 1851 3169 1908 3225; x_wconf 91' lang='lat' dir='ltr'><strong>Si</strong></span> <span class='ocrx_word' id='word_1_314' title='bbox 1944 3170 2172 3225; x_wconf 84' lang='lat' dir='ltr'><strong>fuissem</strong></span> 
     </span>
    </p>
   </div>
   <div class='ocr_carea' id='block_1_47' title="bbox 2272 1991 3859 2066">
    <p class='ocr_par' dir='ltr' id='par_1_47' title="bbox 2272 1991 3859 2066">
     <span class='ocr_line' id='line_1_47' title="bbox 2272 1991 3859 2066; baseline -0.004 -14"><span class='ocrx_word' id='word_1_315' title='bbox 2272 2002 2434 2052; x_wconf 82' lang='grc' dir='ltr'>ποιεῖ·</span> <span class='ocrx_word' id='word_1_316' title='bbox 2467 1997 2547 2050; x_wconf 87' lang='grc' dir='ltr'><strong>διό</strong></span> <span class='ocrx_word' id='word_1_317' title='bbox 2562 2010 2747 2066; x_wconf 70' lang='grc' dir='ltr'>φασινσ</span> <span class='ocrx_word' id='word_1_318' title='bbox 2775 1997 2891 2050; x_wconf 81' lang='grc' dir='ltr'>Οὐκ</span> <span class='ocrx_word' id='word_1_319' title='bbox 2920 1995 3195 2063; x_wconf 82' lang='grc' dir='ltr'>ἀξιόλογος</span> <span class='ocrx_word' id='word_1_320' title='bbox 3226 1996 3260 2065; x_wconf 84' lang='grc' dir='ltr'>ὴ</span> <span class='ocrx_word' id='word_1_321' title='bbox 3290 1993 3474 2061; x_wconf 77' lang='grc' dir='ltr'>ἄφιξις</span> <span class='ocrx_word' id='word_1_322' title='bbox 3495 1991 3589 2045; x_wconf 81' lang='grc' dir='ltr'><strong>τοῦ</strong></span> <span class='ocrx_word' id='word_1_323' title='bbox 3610 1991 3859 2061; x_wconf 68' lang='grc' dir='ltr'>ἄφυπνον</span> 
     </span>
    </p>
   </div>
   <div class='ocr_carea' id='block_1_48' title="bbox 2272 2084 3859 2162">
    <p class='ocr_par' dir='ltr' id='par_1_48' title="bbox 2272 2084 3859 2162">
     <span class='ocr_line' id='line_1_48' title="bbox 2272 2084 3859 2162; baseline -0.004 -19"><span class='ocrx_word' id='word_1_324' title='bbox 2272 2092 2495 2162; x_wconf 79' lang='grc' dir='ltr'>ποιῆσαι</span> <span class='ocrx_word' id='word_1_325' title='bbox 2538 2089 2628 2144; x_wconf 70' lang='grc' dir='ltr'><strong>τὸν</strong></span> <span class='ocrx_word' id='word_1_326' title='bbox 2657 2086 2926 2159; x_wconf 75' lang='grc' dir='ltr'>Λάζαρον,</span> <span class='ocrx_word' id='word_1_327' title='bbox 2977 2087 3098 2140; x_wconf 76' lang='grc' dir='ltr'>οὐδὲ</span> <span class='ocrx_word' id='word_1_328' title='bbox 3124 2086 3423 2155; x_wconf 79' lang='grc' dir='ltr'>ὲπωφελὲς,</span> <span class='ocrx_word' id='word_1_329' title='bbox 3467 2084 3529 2137; x_wconf 76' lang='grc' dir='ltr'>τὸ</span> <span class='ocrx_word' id='word_1_330' title='bbox 3571 2084 3859 2149; x_wconf 76' lang='grc' dir='ltr'>ὲξυπνίσαι</span> 
     </span>
    </p>
   </div>
   <div class='ocr_carea' id='block_1_49' title="bbox 2271 2177 3862 2255">
    <p class='ocr_par' dir='ltr' id='par_1_49' title="bbox 2271 2177 3862 2255">
     <span class='ocr_line' id='line_1_49' title="bbox 2271 2177 3862 2255; baseline -0.006 -17"><span class='ocrx_word' id='word_1_331' title='bbox 2271 2185 2571 2255; x_wconf 71' lang='grc' dir='ltr'>ἄρρωστον.</span> <span class='ocrx_word' id='word_1_332' title='bbox 2616 2182 2802 2235; x_wconf 84' lang='grc' dir='ltr'>Ταῦτα</span> <span class='ocrx_word' id='word_1_333' title='bbox 2830 2181 2885 2233; x_wconf 83' lang='grc' dir='ltr'>δὲ</span> <span class='ocrx_word' id='word_1_334' title='bbox 2919 2179 3124 2247; x_wconf 76' lang='grc' dir='ltr'>ἔλεγον,</span> <span class='ocrx_word' id='word_1_335' title='bbox 3152 2177 3376 2246; x_wconf 66' lang='grc' dir='ltr'>ἐκκόψαι</span> <span class='ocrx_word' id='word_1_336' title='bbox 3408 2177 3568 2231; x_wconf 71' lang='grc' dir='ltr'>αὑτὸν</span> <span class='ocrx_word' id='word_1_337' title='bbox 3602 2177 3862 2246; x_wconf 78' lang='grc' dir='ltr'>βουλόμε-</span> 
     </span>
    </p>
   </div>
   <div class='ocr_carea' id='block_1_50' title="bbox 2272 2266 3857 2345">
    <p class='ocr_par' dir='ltr' id='par_1_50' title="bbox 2272 2266 3857 2345">
     <span class='ocr_line' id='line_1_50' title="bbox 2272 2266 3857 2345; baseline -0.007 -16"><span class='ocrx_word' id='word_1_338' title='bbox 2272 2293 2351 2329; x_wconf 91' lang='grc' dir='ltr'><strong>νοι</strong></span> <span class='ocrx_word' id='word_1_339' title='bbox 2398 2278 2496 2345; x_wconf 84' lang='grc' dir='ltr'>τῆς</span> <span class='ocrx_word' id='word_1_340' title='bbox 2535 2272 2679 2337; x_wconf 75' lang='grc' dir='ltr'>ὀδοῦ,</span> <span class='ocrx_word' id='word_1_341' title='bbox 2714 2272 2964 2339; x_wconf 80' lang='grc' dir='ltr'>λέγοντες</span> <span class='ocrx_word' id='word_1_342' title='bbox 2998 2271 3079 2324; x_wconf 83' lang='grc' dir='ltr'>ὅτι</span> <span class='ocrx_word' id='word_1_343' title='bbox 3108 2269 3209 2322; x_wconf 83' lang='grc' dir='ltr'>οὐκ</span> <span class='ocrx_word' id='word_1_344' title='bbox 3242 2266 3390 2333; x_wconf 81' lang='grc' dir='ltr'>ἀξιον</span> <span class='ocrx_word' id='word_1_345' title='bbox 3418 2269 3475 2322; x_wconf 82' lang='grc' dir='ltr'>ὲν</span> <span class='ocrx_word' id='word_1_346' title='bbox 3508 2268 3658 2338; x_wconf 80' lang='grc' dir='ltr'>μέσῳ</span> <span class='ocrx_word' id='word_1_347' title='bbox 3700 2267 3857 2334; x_wconf 79' lang='grc' dir='ltr'><strong>γενέ⁴</strong></span> 
     </span>
    </p>
   </div>
   <div class='ocr_carea' id='block_1_51' title="bbox 2276 2359 3862 2434">
    <p class='ocr_par' dir='ltr' id='par_1_51' title="bbox 2276 2359 3862 2434">
     <span class='ocr_line' id='line_1_51' title="bbox 2276 2359 3862 2434; baseline -0.004 -15"><span class='ocrx_word' id='word_1_348' title='bbox 2276 2365 2400 2419; x_wconf 85' lang='grc' dir='ltr'>σθαι</span> <span class='ocrx_word' id='word_1_349' title='bbox 2438 2366 2545 2423; x_wconf 85' lang='grc' dir='ltr'><strong>τῶν</strong></span> <span class='ocrx_word' id='word_1_350' title='bbox 2595 2364 2891 2434; x_wconf 80' lang='grc' dir='ltr'>φονευτῶν,</span> <span class='ocrx_word' id='word_1_351' title='bbox 2940 2362 3028 2416; x_wconf 83' lang='grc' dir='ltr'>διὰ</span> <span class='ocrx_word' id='word_1_352' title='bbox 3083 2361 3145 2415; x_wconf 82' lang='grc' dir='ltr'>τὸ</span> <span class='ocrx_word' id='word_1_353' title='bbox 3198 2362 3421 2431; x_wconf 77' lang='grc' dir='ltr'>ποιήσαι</span> <span class='ocrx_word' id='word_1_354' title='bbox 3477 2361 3706 2428; x_wconf 76' lang='grc' dir='ltr'>πρᾶγμα</span> <span class='ocrx_word' id='word_1_355' title='bbox 3756 2359 3862 2412; x_wconf 74' lang='grc' dir='ltr'>οὐκ</span> 
     </span>
    </p>
   </div>
   <div class='ocr_carea' id='block_1_52' title="bbox 2266 2456 2576 2527">
    <p class='ocr_par' dir='ltr' id='par_1_52' title="bbox 2266 2456 2576 2527">
     <span class='ocr_line' id='line_1_52' title="bbox 2266 2456 2576 2527; baseline 0.006 -18"><span class='ocrx_word' id='word_1_356' title='bbox 2266 2456 2576 2527; x_wconf 70' lang='grc' dir='ltr'>έπωφελές.</span> 
     </span>
    </p>
   </div>
   <div class='ocr_carea' id='block_1_53' title="bbox 2345 2608 3288 2679">
    <p class='ocr_par' dir='ltr' id='par_1_53' title="bbox 2345 2608 3288 2679">
     <span class='ocr_line' id='line_1_53' title="bbox 2345 2608 3288 2679; baseline -0.006 -13"><span class='ocrx_word' id='word_1_357' title='bbox 2345 2610 2602 2679; x_wconf 73' lang='grc' dir='ltr'>Λάζαρος</span> <span class='ocrx_word' id='word_1_358' title='bbox 2629 2610 2911 2673; x_wconf 72' lang='grc' dir='ltr'>ἀπέθανε,</span> <span class='ocrx_word' id='word_1_359' title='bbox 2933 2610 3025 2663; x_wconf 70' lang='grc' dir='ltr'>καὶ</span> <span class='ocrx_word' id='word_1_360' title='bbox 3049 2608 3115 2661; x_wconf 73' lang='grc' dir='ltr'><strong>τὰ</strong></span> <span class='ocrx_word' id='word_1_361' title='bbox 3142 2608 3288 2677; x_wconf 75' lang='grc' dir='ltr'><strong>ἑξῆς.</strong></span> 
     </span>
    </p>
   </div>
   <div class='ocr_carea' id='block_1_54' title="bbox 2345 2711 3836 2793">
    <p class='ocr_par' dir='ltr' id='par_1_54' title="bbox 2345 2711 3836 2793">
     <span class='ocr_line' id='line_1_54' title="bbox 2345 2711 3836 2793; baseline -0.007 -17"><span class='ocrx_word' id='word_1_362' title='bbox 2345 2719 2439 2793; x_wconf 76' lang='grc' dir='ltr'><strong>Μὴ</strong></span> <span class='ocrx_word' id='word_1_363' title='bbox 2467 2719 2777 2789; x_wconf 78' lang='grc' dir='ltr'>νοησάντων</span> <span class='ocrx_word' id='word_1_364' title='bbox 2816 2712 2911 2769; x_wconf 79' lang='grc' dir='ltr'>οὖν</span> <span class='ocrx_word' id='word_1_365' title='bbox 2940 2715 3048 2768; x_wconf 85' lang='grc' dir='ltr'><strong>τῶν</strong></span> <span class='ocrx_word' id='word_1_366' title='bbox 3082 2713 3363 2785; x_wconf 81' lang='grc' dir='ltr'><strong>μαθητῶν,</strong></span> <span class='ocrx_word' id='word_1_367' title='bbox 3391 2713 3473 2766; x_wconf 88' lang='grc' dir='ltr'>ὃτι</span> <span class='ocrx_word' id='word_1_368' title='bbox 3491 2712 3581 2764; x_wconf 71' lang='grc' dir='ltr'><strong>τὸν</strong></span> <span class='ocrx_word' id='word_1_369' title='bbox 3602 2711 3836 2765; x_wconf 82' lang='grc' dir='ltr'>θάνατον</span> 
     </span>
    </p>
   </div>
   <div class='ocr_carea' id='block_1_55' title="bbox 2277 2801 3864 2878">
    <p class='ocr_par' dir='ltr' id='par_1_55' title="bbox 2277 2801 3864 2878">
     <span class='ocr_line' id='line_1_55' title="bbox 2277 2801 3864 2878; baseline -0.005 -12"><span class='ocrx_word' id='word_1_370' title='bbox 2277 2813 2441 2867; x_wconf 77' lang='grc' dir='ltr'>ὕπνον</span> <span class='ocrx_word' id='word_1_371' title='bbox 2487 2811 2773 2878; x_wconf 84' lang='grc' dir='ltr'>ὠνόμασε,</span> <span class='ocrx_word' id='word_1_372' title='bbox 2831 2808 3147 2877; x_wconf 82' lang='grc' dir='ltr'>λευκότερον</span> <span class='ocrx_word' id='word_1_373' title='bbox 3204 2806 3463 2877; x_wconf 75' lang='grc' dir='ltr'>ἐνέφηνεν</span> <span class='ocrx_word' id='word_1_374' title='bbox 3520 2801 3725 2867; x_wconf 77' lang='grc' dir='ltr'>εἰπὼν,</span> <span class='ocrx_word' id='word_1_375' title='bbox 3772 2805 3864 2858; x_wconf 88' lang='grc' dir='ltr'>ὅτι</span> 
     </span>
    </p>
   </div>
   <div class='ocr_carea' id='block_1_56' title="bbox 2280 2896 3865 2972">
    <p class='ocr_par' dir='ltr' id='par_1_56' title="bbox 2280 2896 3865 2972">
     <span class='ocr_line' id='line_1_56' title="bbox 2280 2896 3865 2972; baseline -0.003 -14"><span class='ocrx_word' id='word_1_376' title='bbox 2280 2924 2301 2957; x_wconf 72' lang='grc' dir='ltr'>ί</span> <span class='ocrx_word' id='word_1_377' title='bbox 2352 2904 2665 2958; x_wconf 75' lang='grc' dir='ltr'>Ἀπέθανεν.</span> <span class='ocrx_word' id='word_1_378' title='bbox 2700 2921 2717 2952; x_wconf 76' lang='grc' dir='ltr'><strong>ι</strong></span> <span class='ocrx_word' id='word_1_379' title='bbox 2738 2901 2877 2972; x_wconf 76' lang='grc' dir='ltr'>Φησὶ</span> <span class='ocrx_word' id='word_1_380' title='bbox 2897 2900 2953 2953; x_wconf 83' lang='grc' dir='ltr'>δὲ</span> <span class='ocrx_word' id='word_1_381' title='bbox 2986 2900 3176 2953; x_wconf 79' lang='grc' dir='ltr'>ἑαυτὸν</span> <span class='ocrx_word' id='word_1_382' title='bbox 3196 2900 3428 2971; x_wconf 79' lang='grc' dir='ltr'>χαίρειν,</span> <span class='ocrx_word' id='word_1_383' title='bbox 3462 2899 3521 2952; x_wconf 81' lang='grc' dir='ltr'>οὐ</span> <span class='ocrx_word' id='word_1_384' title='bbox 3542 2898 3632 2951; x_wconf 86' lang='grc' dir='ltr'><strong>διὰ</strong></span> <span class='ocrx_word' id='word_1_385' title='bbox 3652 2896 3865 2965; x_wconf 65' lang='grc' dir='ltr'>φιλοδοε</span> 
     </span>
    </p>
   </div>
   <div class='ocr_carea' id='block_1_57' title="bbox 2278 2989 3866 3063">
    <p class='ocr_par' dir='ltr' id='par_1_57' title="bbox 2278 2989 3866 3063">
     <span class='ocr_line' id='line_1_57' title="bbox 2278 2989 3866 3063; baseline -0.003 -15"><span class='ocrx_word' id='word_1_386' title='bbox 2278 2995 2418 3062; x_wconf 79' lang='grc' dir='ltr'>ξίαν,</span> <span class='ocrx_word' id='word_1_387' title='bbox 2467 2994 2550 3047; x_wconf 86' lang='grc' dir='ltr'>ὅτι</span> <span class='ocrx_word' id='word_1_388' title='bbox 2593 2992 2784 3063; x_wconf 76' lang='grc' dir='ltr'>ἔμελλε</span> <span class='ocrx_word' id='word_1_389' title='bbox 2835 2992 3056 3062; x_wconf 78' lang='grc' dir='ltr'>ποιῆσαι</span> <span class='ocrx_word' id='word_1_390' title='bbox 3098 2994 3158 3045; x_wconf 79' lang='grc' dir='ltr'>τὸ</span> <span class='ocrx_word' id='word_1_391' title='bbox 3193 2992 3399 3061; x_wconf 77' lang='grc' dir='ltr'>θαῦμα,</span> <span class='ocrx_word' id='word_1_392' title='bbox 3422 2990 3535 3044; x_wconf 79' lang='grc' dir='ltr'>ἀλλ’</span> <span class='ocrx_word' id='word_1_393' title='bbox 3573 2992 3660 3043; x_wconf 78' lang='grc' dir='ltr'>ὅτι</span> <span class='ocrx_word' id='word_1_394' title='bbox 3701 2989 3866 3044; x_wconf 82' lang='grc' dir='ltr'>τοῦτο</span> 
     </span>
    </p>
   </div>
   <div class='ocr_carea' id='block_1_58' title="bbox 2278 3079 3860 3154">
    <p class='ocr_par' dir='ltr' id='par_1_58' title="bbox 2278 3079 3860 3154">
     <span class='ocr_line' id='line_1_58' title="bbox 2278 3079 3860 3154; baseline -0.002 -18"><span class='ocrx_word' id='word_1_395' title='bbox 2278 3083 2550 3154; x_wconf 79' lang='grc' dir='ltr'>πρόφασις</span> <span class='ocrx_word' id='word_1_396' title='bbox 2595 3081 2785 3151; x_wconf 77' lang='grc' dir='ltr'>ἔμελλε</span> <span class='ocrx_word' id='word_1_397' title='bbox 2815 3081 3058 3150; x_wconf 87' lang='grc' dir='ltr'>γίνεσθαι</span> <span class='ocrx_word' id='word_1_398' title='bbox 3095 3081 3501 3151; x_wconf 77' lang='grc' dir='ltr'>τοῖςμαθηταῖς</span> <span class='ocrx_word' id='word_1_399' title='bbox 3534 3082 3612 3143; x_wconf 86' lang='grc' dir='ltr'><strong>εἰς</strong></span> <span class='ocrx_word' id='word_1_400' title='bbox 3651 3079 3860 3133; x_wconf 83' lang='grc' dir='ltr'>πίστιν.</span> 
     </span>
    </p>
   </div>
   <div class='ocr_carea' id='block_1_59' title="bbox 2276 3172 3864 3244">
    <p class='ocr_par' dir='ltr' id='par_1_59' title="bbox 2276 3172 3864 3244">
     <span class='ocr_line' id='line_1_59' title="bbox 2276 3172 3864 3244; baseline -0.003 -16"><span class='ocrx_word' id='word_1_401' title='bbox 2276 3175 2351 3228; x_wconf 84' lang='grc' dir='ltr'><strong>Τὸ</strong></span> <span class='ocrx_word' id='word_1_402' title='bbox 2372 3174 2427 3226; x_wconf 83' lang='grc' dir='ltr'>δὲ</span> <span class='ocrx_word' id='word_1_403' title='bbox 2453 3175 2647 3239; x_wconf 80' lang='grc' dir='ltr'>εἰπεῖν,</span> <span class='ocrx_word' id='word_1_404' title='bbox 2692 3175 2773 3227; x_wconf 82' lang='grc' dir='ltr'>ὅτι</span> <span class='ocrx_word' id='word_1_405' title='bbox 2802 3192 2819 3225; x_wconf 80' lang='grc' dir='ltr'><strong>ι</strong></span> <span class='ocrx_word' id='word_1_406' title='bbox 2858 3175 2972 3227; x_wconf 83' lang='grc' dir='ltr'>Οὐκ</span> <span class='ocrx_word' id='word_1_407' title='bbox 3002 3174 3150 3244; x_wconf 78' lang='grc' dir='ltr'>ἤμην</span> <span class='ocrx_word' id='word_1_408' title='bbox 3187 3175 3319 3239; x_wconf 78' lang='grc' dir='ltr'>ἐκεῖ,</span> <span class='ocrx_word' id='word_1_409' title='bbox 3356 3192 3374 3225; x_wconf 73' lang='grc' dir='ltr'><strong>ι</strong></span> <span class='ocrx_word' id='word_1_410' title='bbox 3410 3172 3566 3226; x_wconf 68' lang='grc' dir='ltr'>τοῦτο</span> <span class='ocrx_word' id='word_1_411' title='bbox 3590 3172 3755 3241; x_wconf 84' lang='grc' dir='ltr'>δηλοῖ-</span> <span class='ocrx_word' id='word_1_412' title='bbox 3795 3173 3864 3225; x_wconf 80' lang='grc' dir='ltr'>Εἰ</span> 
     </span>
    </p>
   </div>
   <div class='ocr_carea' id='block_1_60' title="bbox 591 3260 2168 3336">
    <p class='ocr_par' dir='ltr' id='par_1_60' title="bbox 591 3262 2168 3335">
     <span class='ocr_line' id='line_1_60' title="bbox 591 3262 2168 3335; baseline -0.004 -12"><span class='ocrx_word' id='word_1_413' title='bbox 591 3272 712 3335; x_wconf 80' lang='lat' dir='ltr'><strong>ibi,</strong></span> <span class='ocrx_word' id='word_1_414' title='bbox 764 3284 873 3324; x_wconf 90' lang='lat' dir='ltr'><strong>non</strong></span> <span class='ocrx_word' id='word_1_415' title='bbox 931 3275 1182 3323; x_wconf 89' lang='lat' dir='ltr'><strong>mortuus</strong></span> <span class='ocrx_word' id='word_1_416' title='bbox 1218 3273 1401 3331; x_wconf 84' lang='lat' dir='ltr'><strong>es‘set;</strong></span> <span class='ocrx_word' id='word_1_417' title='bbox 1452 3265 1716 3320; x_wconf 87' lang='lat' dir='ltr'><strong>misertus</strong></span> <span class='ocrx_word' id='word_1_418' title='bbox 1756 3263 1901 3318; x_wconf 87' lang='lat' dir='ltr'><strong>enim</strong></span> <span class='ocrx_word' id='word_1_419' title='bbox 1943 3262 2168 3317; x_wconf 83' lang='lat' dir='ltr'><strong>fuissem</strong></span> 
     </span>
    </p>
   </div>
   <div class='ocr_carea' id='block_1_61' title="bbox 2274 3260 3865 3336">
    <p class='ocr_par' dir='ltr' id='par_1_61' title="bbox 2275 3260 3865 3336">
     <span class='ocr_line' id='line_1_61' title="bbox 2275 3260 3865 3336; baseline -0.003 -20"><span class='ocrx_word' id='word_1_420' title='bbox 2275 3265 2425 3336; x_wconf 75' lang='grc' dir='ltr'>ήμην</span> <span class='ocrx_word' id='word_1_421' title='bbox 2474 3265 2609 3329; x_wconf 73' lang='grc' dir='ltr'>ἐκεῖ,</span> <span class='ocrx_word' id='word_1_422' title='bbox 2656 3265 2756 3317; x_wconf 84' lang='grc' dir='ltr'>οὐκ</span> <span class='ocrx_word' id='word_1_423' title='bbox 2803 3263 3026 3333; x_wconf 80' lang='grc' dir='ltr'>ἔμελλεν</span> <span class='ocrx_word' id='word_1_424' title='bbox 3064 3263 3449 3334; x_wconf 79' lang='grc' dir='ltr'>ἀποθνήσκειν’</span> <span class='ocrx_word' id='word_1_425' title='bbox 3494 3262 3701 3334; x_wconf 74' lang='grc' dir='ltr'>ἠλέησα</span> <span class='ocrx_word' id='word_1_426' title='bbox 3749 3260 3865 3332; x_wconf 80' lang='grc' dir='ltr'><strong>γὰρ</strong></span> 
     </span>
    </p>
   </div>
   <div class='ocr_carea' id='block_1_62' title="bbox 599 3354 2172 3432">
    <p class='ocr_par' dir='ltr' id='par_1_62' title="bbox 599 3354 2172 3432">
     <span class='ocr_line' id='line_1_62' title="bbox 599 3354 2172 3432; baseline -0.005 -15"><span class='ocrx_word' id='word_1_427' title='bbox 599 3362 721 3432; x_wconf 84' lang='lat' dir='ltr'><strong>ejus</strong></span> <span class='ocrx_word' id='word_1_428' title='bbox 758 3361 843 3416; x_wconf 84' lang='lat' dir='ltr'><strong>vel</strong></span> <span class='ocrx_word' id='word_1_429' title='bbox 882 3360 1076 3415; x_wconf 87' lang='lat' dir='ltr'><strong>leviter</strong></span> <span class='ocrx_word' id='word_1_430' title='bbox 1113 3358 1476 3429; x_wconf 66' lang='lat' dir='ltr'><strong>aegrotantis;</strong></span> <span class='ocrx_word' id='word_1_431' title='bbox 1518 3371 1667 3411; x_wconf 90' lang='lat' dir='ltr'><strong>nunc</strong></span> <span class='ocrx_word' id='word_1_432' title='bbox 1713 3369 1880 3420; x_wconf 88' lang='lat' dir='ltr'><strong>vero,</strong></span> <span class='ocrx_word' id='word_1_433' title='bbox 1926 3369 2015 3409; x_wconf 90' lang='lat' dir='ltr'><strong>me</strong></span> <span class='ocrx_word' id='word_1_434' title='bbox 2072 3354 2172 3409; x_wconf 92' lang='lat' dir='ltr'><strong>ab-</strong></span> 
     </span>
    </p>
   </div>
   <div class='ocr_carea' id='block_1_63' title="bbox 600 3436 2172 3521">
    <p class='ocr_par' dir='ltr' id='par_1_63' title="bbox 600 3436 2172 3521">
     <span class='ocr_line' id='line_1_63' title="bbox 600 3436 2172 3521; baseline -0.005 -15"><span class='ocrx_word' id='word_1_435' title='bbox 600 3458 791 3517; x_wconf 84' lang='lat' dir='ltr'><strong>sente,</strong></span> <span class='ocrx_word' id='word_1_436' title='bbox 820 3450 1049 3521; x_wconf 81' lang='lat' dir='ltr'><strong>contigit</strong></span> <span class='ocrx_word' id='word_1_437' title='bbox 1078 3462 1265 3512; x_wconf 88' lang='lat' dir='ltr'><strong>mors,</strong></span> <span class='ocrx_word' id='word_1_438' title='bbox 1309 3454 1370 3503; x_wconf 89' lang='lat' dir='ltr'><strong>ut</strong></span> <span class='ocrx_word' id='word_1_439' title='bbox 1415 3447 1696 3502; x_wconf 88' lang='lat' dir='ltr'><strong>suscitans</strong></span> <span class='ocrx_word' id='word_1_440' title='bbox 1741 3436 1866 3499; x_wconf 85' lang='lat' dir='ltr'><strong>eum</strong></span> <span class='ocrx_word' id='word_1_441' title='bbox 1918 3459 2172 3515; x_wconf 79' lang='lat' dir='ltr'><strong>magnam</strong></span> 
     </span>
    </p>
   </div>
   <div class='ocr_carea' id='block_1_64' title="bbox 603 3534 2176 3611">
    <p class='ocr_par' dir='ltr' id='par_1_64' title="bbox 603 3534 2176 3611">
     <span class='ocr_line' id='line_1_64' title="bbox 603 3534 2176 3611; baseline -0.001 -15"><span class='ocrx_word' id='word_1_442' title='bbox 603 3543 892 3611; x_wconf 83' lang='lat' dir='ltr'><strong>importem</strong></span> <span class='ocrx_word' id='word_1_443' title='bbox 928 3539 1085 3594; x_wconf 89' lang='lat' dir='ltr'><strong>vobis</strong></span> <span class='ocrx_word' id='word_1_444' title='bbox 1122 3540 1416 3593; x_wconf 87' lang='lat' dir='ltr'><strong>utilitatem</strong></span> <span class='ocrx_word' id='word_1_445' title='bbox 1453 3552 1550 3607; x_wconf 87' lang='lat' dir='ltr'><strong>per</strong></span> <span class='ocrx_word' id='word_1_446' title='bbox 1581 3534 1743 3591; x_wconf 89' lang='lat' dir='ltr'><strong>fidem</strong></span> <span class='ocrx_word' id='word_1_447' title='bbox 1792 3536 1848 3591; x_wconf 89' lang='lat' dir='ltr'><strong>in</strong></span> <span class='ocrx_word' id='word_1_448' title='bbox 1881 3552 2001 3593; x_wconf 51' lang='lat' dir='ltr'><strong>&#39;me.</strong></span> <span class='ocrx_word' id='word_1_449' title='bbox 2048 3537 2176 3594; x_wconf 69' lang='lat' dir='ltr'><strong>llaec</strong></span> 
     </span>
    </p>
   </div>
   <div class='ocr_carea' id='block_1_65' title="bbox 601 3627 2178 3699">
    <p class='ocr_par' dir='ltr' id='par_1_65' title="bbox 601 3627 2178 3699">
     <span class='ocr_line' id='line_1_65' title="bbox 601 3627 2178 3699; baseline 0 -15"><span class='ocrx_word' id='word_1_450' title='bbox 601 3646 732 3687; x_wconf 82' lang='lat' dir='ltr'><strong>vero</strong></span> <span class='ocrx_word' id='word_1_451' title='bbox 759 3630 895 3685; x_wconf 91' lang='lat' dir='ltr'><strong>dicit</strong></span> <span class='ocrx_word' id='word_1_452' title='bbox 924 3628 1216 3694; x_wconf 82' lang='lat' dir='ltr'><strong>Christus,</strong></span> <span class='ocrx_word' id='word_1_453' title='bbox 1251 3643 1361 3683; x_wconf 91' lang='lat' dir='ltr'><strong>non</strong></span> <span class='ocrx_word' id='word_1_454' title='bbox 1396 3627 1554 3696; x_wconf 83' lang='lat' dir='ltr'><strong>quasi</strong></span> <span class='ocrx_word' id='word_1_455' title='bbox 1589 3635 1722 3682; x_wconf 86' lang='lat' dir='ltr'><strong>tunc</strong></span> <span class='ocrx_word' id='word_1_456' title='bbox 1742 3634 1964 3682; x_wconf 82' lang='lat' dir='ltr'><strong>tantum</strong></span> <span class='ocrx_word' id='word_1_457' title='bbox 2001 3632 2178 3699; x_wconf 77' lang='lat' dir='ltr'><strong>possit</strong></span> 
     </span>
    </p>
   </div>
   <div class='ocr_carea' id='block_1_66' title="bbox 600 3718 2177 3791">
    <p class='ocr_par' dir='ltr' id='par_1_66' title="bbox 600 3718 2177 3791">
     <span class='ocr_line' id='line_1_66' title="bbox 600 3718 2177 3791; baseline 0 -14"><span class='ocrx_word' id='word_1_458' title='bbox 600 3722 763 3778; x_wconf 87' lang='lat' dir='ltr'><strong>edere</strong></span> <span class='ocrx_word' id='word_1_459' title='bbox 809 3722 1074 3775; x_wconf 90' lang='lat' dir='ltr'><strong>miracula</strong></span> <span class='ocrx_word' id='word_1_460' title='bbox 1102 3760 1119 3786; x_wconf 92' lang='lat'><strong>,</strong></span> <span class='ocrx_word' id='word_1_461' title='bbox 1150 3736 1277 3774; x_wconf 91' lang='lat' dir='ltr'><strong>cum</strong></span> <span class='ocrx_word' id='word_1_462' title='bbox 1332 3719 1508 3782; x_wconf 87' lang='lat' dir='ltr'><strong>adsit,</strong></span> <span class='ocrx_word' id='word_1_463' title='bbox 1545 3718 1641 3774; x_wconf 85' lang='lat' dir='ltr'><strong>sed</strong></span> <span class='ocrx_word' id='word_1_464' title='bbox 1687 3722 1949 3791; x_wconf 92' lang='lat' dir='ltr'><strong>quoniam</strong></span> <span class='ocrx_word' id='word_1_465' title='bbox 1985 3721 2032 3776; x_wconf 87' lang='lat' dir='ltr'><strong>si</strong></span> <span class='ocrx_word' id='word_1_466' title='bbox 2078 3722 2177 3777; x_wconf 86' lang='lat' dir='ltr'><strong>ad-</strong></span> 
     </span>
    </p>
   </div>
   <div class='ocr_carea' id='block_1_67' title="bbox 601 3808 2179 3883">
    <p class='ocr_par' dir='ltr' id='par_1_67' title="bbox 601 3808 2179 3883">
     <span class='ocr_line' id='line_1_67' title="bbox 601 3808 2179 3883; baseline 0.001 -19"><span class='ocrx_word' id='word_1_467' title='bbox 601 3812 819 3873; x_wconf 83' lang='lat' dir='ltr'><strong>fuisset,</strong></span> <span class='ocrx_word' id='word_1_468' title='bbox 853 3826 960 3864; x_wconf 90' lang='lat' dir='ltr'><strong>non</strong></span> <span class='ocrx_word' id='word_1_469' title='bbox 998 3810 1333 3879; x_wconf 75' lang='lat' dir='ltr'><strong>neglexisset</strong></span> <span class='ocrx_word' id='word_1_470' title='bbox 1365 3808 1604 3863; x_wconf 90' lang='lat' dir='ltr'><strong>amicum</strong></span> <span class='ocrx_word' id='word_1_471' title='bbox 1634 3811 1703 3865; x_wconf 87' lang='lat' dir='ltr'><strong>ad</strong></span> <span class='ocrx_word' id='word_1_472' title='bbox 1737 3819 1968 3866; x_wconf 89' lang='lat' dir='ltr'><strong>mortem</strong></span> <span class='ocrx_word' id='word_1_473' title='bbox 2002 3828 2179 3883; x_wconf 75' lang='lat' dir='ltr'><strong>usque</strong></span> 
     </span>
    </p>
   </div>
   <div class='ocr_carea' id='block_1_68' title="bbox 599 3897 2167 3974">
    <p class='ocr_par' dir='ltr' id='par_1_68' title="bbox 599 3897 2167 3974">
     <span class='ocr_line' id='line_1_68' title="bbox 599 3897 2167 3974; baseline 0.001 -18"><span class='ocrx_word' id='word_1_474' title='bbox 599 3900 899 3971; x_wconf 74' lang='lat' dir='ltr'><strong>deiectum.</strong></span> <span class='ocrx_word' id='word_1_475' title='bbox 933 3899 1071 3954; x_wconf 86' lang='lat' dir='ltr'><strong>Illud</strong></span> <span class='ocrx_word' id='word_1_476' title='bbox 1103 3915 1230 3955; x_wconf 89' lang='lat' dir='ltr'><strong>vero</strong></span> <span class='ocrx_word' id='word_1_477' title='bbox 1250 3939 1265 3965; x_wconf 91' lang='lat'><strong>,</strong></span> <span class='ocrx_word' id='word_1_478' title='bbox 1298 3919 1314 3951; x_wconf 83' lang='grc' dir='ltr'><strong>ι</strong></span> <span class='ocrx_word' id='word_1_479' title='bbox 1341 3897 1544 3957; x_wconf 86' lang='lat' dir='ltr'><strong>Eamus</strong></span> <span class='ocrx_word' id='word_1_480' title='bbox 1574 3902 1642 3958; x_wconf 77' lang='lat' dir='ltr'><strong>ad</strong></span> <span class='ocrx_word' id='word_1_481' title='bbox 1672 3917 1796 3957; x_wconf 91' lang='lat' dir='ltr'><strong>eum</strong></span> <span class='ocrx_word' id='word_1_482' title='bbox 1817 3942 1832 3967; x_wconf 93' lang='lat'><strong>,</strong></span> <span class='ocrx_word' id='word_1_483' title='bbox 1859 3920 1877 3953; x_wconf 70' lang='grc' dir='ltr'><strong>ι</strong></span> <span class='ocrx_word' id='word_1_484' title='bbox 1901 3910 2167 3974; x_wconf 86' lang='lat' dir='ltr'><strong>tanquam</strong></span> 
     </span>
    </p>
   </div>
   <div class='ocr_carea' id='block_1_69' title="bbox 600 3990 2170 4062">
    <p class='ocr_par' dir='ltr' id='par_1_69' title="bbox 600 3990 2170 4062">
     <span class='ocr_line' id='line_1_69' title="bbox 600 3990 2170 4062; baseline 0.003 -16"><span class='ocrx_word' id='word_1_485' title='bbox 600 3992 670 4047; x_wconf 87' lang='lat' dir='ltr'><strong>ad</strong></span> <span class='ocrx_word' id='word_1_486' title='bbox 704 3991 889 4045; x_wconf 78' lang='lat' dir='ltr'><strong>vivum</strong></span> <span class='ocrx_word' id='word_1_487' title='bbox 929 3991 1065 4044; x_wconf 90' lang='lat' dir='ltr'><strong>dicit</strong></span> <span class='ocrx_word' id='word_1_488' title='bbox 1093 4008 1108 4057; x_wconf 92' lang='lat'><strong>;</strong></span> <span class='ocrx_word' id='word_1_489' title='bbox 1141 3990 1333 4046; x_wconf 84' lang='lat' dir='ltr'><strong>vivunt</strong></span> <span class='ocrx_word' id='word_1_490' title='bbox 1372 3991 1518 4047; x_wconf 88' lang='lat' dir='ltr'><strong>enim</strong></span> <span class='ocrx_word' id='word_1_491' title='bbox 1562 3994 1615 4049; x_wconf 91' lang='lat' dir='ltr'><strong>ei</strong></span> <span class='ocrx_word' id='word_1_492' title='bbox 1661 4000 1723 4048; x_wconf 88' lang='lat' dir='ltr'><strong>ut</strong></span> <span class='ocrx_word' id='word_1_493' title='bbox 1770 3991 1880 4049; x_wconf 87' lang='lat' dir='ltr'><strong>Deo</strong></span> <span class='ocrx_word' id='word_1_494' title='bbox 1929 3998 2170 4062; x_wconf 88' lang='lat' dir='ltr'><strong>mortui,</strong></span> 
     </span>
    </p>
   </div>
   <div class='ocr_carea' id='block_1_70' title="bbox 602 4082 1393 4153">
    <p class='ocr_par' dir='ltr' id='par_1_70' title="bbox 602 4082 1393 4153">
     <span class='ocr_line' id='line_1_70' title="bbox 602 4082 1393 4153; baseline -0.003 -16"><span class='ocrx_word' id='word_1_495' title='bbox 602 4095 862 4153; x_wconf 88' lang='lat' dir='ltr'><strong>tanquam</strong></span> <span class='ocrx_word' id='word_1_496' title='bbox 892 4082 983 4152; x_wconf 91' lang='lat' dir='ltr'><strong>qui</strong></span> <span class='ocrx_word' id='word_1_497' title='bbox 1018 4082 1215 4137; x_wconf 82' lang='lat' dir='ltr'><strong>victuri</strong></span> <span class='ocrx_word' id='word_1_498' title='bbox 1243 4089 1393 4138; x_wconf 86' lang='lat' dir='ltr'><strong>sunt.</strong></span> 
     </span>
    </p>
   </div>
   <div class='ocr_carea' id='block_1_71' title="bbox 672 4193 2178 4265">
    <p class='ocr_par' dir='ltr' id='par_1_71' title="bbox 672 4193 2178 4265">
     <span class='ocr_line' id='line_1_71' title="bbox 672 4193 2178 4265; baseline 0.005 -17"><span class='ocrx_word' id='word_1_499' title='bbox 672 4193 742 4248; x_wconf 79' lang='lat' dir='ltr'><strong>XI</strong></span> <span class='ocrx_word' id='word_1_500' title='bbox 766 4234 781 4258; x_wconf 93' lang='lat'><strong>,</strong></span> <span class='ocrx_word' id='word_1_501' title='bbox 811 4194 897 4251; x_wconf 76' lang='lat' dir='ltr'><strong>i6.</strong></span> <span class='ocrx_word' id='word_1_502' title='bbox 933 4194 1084 4249; x_wconf 80' lang='lat' dir='ltr'><strong>Dixit</strong></span> <span class='ocrx_word' id='word_1_503' title='bbox 1113 4195 1276 4265; x_wconf 81' lang='lat' dir='ltr'><strong>igitur</strong></span> <span class='ocrx_word' id='word_1_504' title='bbox 1308 4195 1529 4252; x_wconf 72' lang='lat' dir='ltr'><strong>Thomas</strong></span> <span class='ocrx_word' id='word_1_505' title='bbox 1551 4211 1570 4251; x_wconf 91' lang='lat'><strong><em>:</em></strong></span> <span class='ocrx_word' id='word_1_506' title='bbox 1594 4194 1871 4253; x_wconf 69' lang='lat' dir='ltr'><strong>Eamuset</strong></span> <span class='ocrx_word' id='word_1_507' title='bbox 1900 4214 2017 4264; x_wconf 67' lang='lat' dir='ltr'><strong>nos,</strong></span> <span class='ocrx_word' id='word_1_508' title='bbox 2046 4208 2178 4255; x_wconf 70' lang='lat' dir='ltr'><strong>utet</strong></span> 
     </span>
    </p>
   </div>
   <div class='ocr_carea' id='block_1_72' title="bbox 602 4302 1263 4343">
    <p class='ocr_par' dir='ltr' id='par_1_72' title="bbox 602 4302 1263 4343">
     <span class='ocr_line' id='line_1_72' title="bbox 602 4302 1263 4343; baseline -0.003 -2"><span class='ocrx_word' id='word_1_509' title='bbox 602 4304 696 4343; x_wconf 80' lang='lat' dir='ltr'><strong>nos</strong></span> <span class='ocrx_word' id='word_1_510' title='bbox 724 4302 1017 4341; x_wconf 79' lang='lat' dir='ltr'><strong>moriamur</strong></span> <span class='ocrx_word' id='word_1_511' title='bbox 1038 4302 1158 4339; x_wconf 84' lang='lat' dir='ltr'><strong>cum</strong></span> <span class='ocrx_word' id='word_1_512' title='bbox 1182 4302 1263 4342; x_wconf 72' lang='lat'><strong>£0.</strong></span> 
     </span>
    </p>
   </div>
   <div class='ocr_carea' id='block_1_73' title="bbox 674 4398 2175 4469">
    <p class='ocr_par' dir='ltr' id='par_1_73' title="bbox 674 4398 2175 4469">
     <span class='ocr_line' id='line_1_73' title="bbox 674 4398 2175 4469; baseline 0.002 -15"><span class='ocrx_word' id='word_1_513' title='bbox 674 4399 897 4455; x_wconf 77' lang='lat' dir='ltr'><strong>Thorme</strong></span> <span class='ocrx_word' id='word_1_514' title='bbox 942 4414 1122 4454; x_wconf 87' lang='lat' dir='ltr'><strong>sermo</strong></span> <span class='ocrx_word' id='word_1_515' title='bbox 1173 4404 1481 4469; x_wconf 89' lang='lat' dir='ltr'><strong>promptam</strong></span> <span class='ocrx_word' id='word_1_516' title='bbox 1532 4398 1755 4469; x_wconf 87' lang='lat' dir='ltr'><strong>quidem</strong></span> <span class='ocrx_word' id='word_1_517' title='bbox 1804 4401 2175 4468; x_wconf 79' lang='lat' dir='ltr'><strong>voluntatem,</strong></span> 
     </span>
    </p>
   </div>
   <div class='ocr_carea' id='block_1_74' title="bbox 603 4490 2176 4562">
    <p class='ocr_par' dir='ltr' id='par_1_74' title="bbox 603 4490 2176 4562">
     <span class='ocr_line' id='line_1_74' title="bbox 603 4490 2176 4562; baseline 0.001 -17"><span class='ocrx_word' id='word_1_518' title='bbox 603 4490 697 4547; x_wconf 91' lang='lat' dir='ltr'><strong>scd</strong></span> <span class='ocrx_word' id='word_1_519' title='bbox 729 4500 783 4545; x_wconf 82' lang='lat' dir='ltr'><strong>et</strong></span> <span class='ocrx_word' id='word_1_520' title='bbox 822 4490 1169 4545; x_wconf 88' lang='lat' dir='ltr'><strong>timiditatem</strong></span> <span class='ocrx_word' id='word_1_521' title='bbox 1190 4532 1204 4557; x_wconf 94' lang='lat'><strong>,</strong></span> <span class='ocrx_word' id='word_1_522' title='bbox 1238 4490 1594 4560; x_wconf 85' lang='lat' dir='ltr'><strong>animumque</strong></span> <span class='ocrx_word' id='word_1_523' title='bbox 1628 4506 1954 4562; x_wconf 75' lang='lat' dir='ltr'><strong>generosum</strong></span> <span class='ocrx_word' id='word_1_524' title='bbox 1990 4502 2045 4546; x_wconf 92' lang='lat' dir='ltr'><strong>et</strong></span> <span class='ocrx_word' id='word_1_525' title='bbox 2080 4493 2176 4549; x_wconf 88' lang='lat' dir='ltr'><strong>Dei</strong></span> 
     </span>
    </p>
   </div>
   <div class='ocr_carea' id='block_1_75' title="bbox 2276 3349 3859 3424">
    <p class='ocr_par' dir='ltr' id='par_1_75' title="bbox 2276 3349 3859 3424">
     <span class='ocr_line' id='line_1_75' title="bbox 2276 3349 3859 3424; baseline -0.003 -15"><span class='ocrx_word' id='word_1_526' title='bbox 2276 3354 2439 3409; x_wconf 73' lang='grc' dir='ltr'>αὑτὸν</span> <span class='ocrx_word' id='word_1_527' title='bbox 2484 3354 2578 3408; x_wconf 75' lang='grc' dir='ltr'>καὶ</span> <span class='ocrx_word' id='word_1_528' title='bbox 2618 3354 2796 3423; x_wconf 79' lang='grc' dir='ltr'>ὀλίγον</span> <span class='ocrx_word' id='word_1_529' title='bbox 2831 3354 3122 3424; x_wconf 79' lang='grc' dir='ltr'>κάμνοντα·</span> <span class='ocrx_word' id='word_1_530' title='bbox 3177 3354 3270 3407; x_wconf 82' lang='grc' dir='ltr'>νῦν</span> <span class='ocrx_word' id='word_1_531' title='bbox 3304 3354 3383 3418; x_wconf 81' lang='grc' dir='ltr'>δὲ,</span> <span class='ocrx_word' id='word_1_532' title='bbox 3432 3354 3665 3416; x_wconf 82' lang='grc' dir='ltr'>ἀπόντος</span> <span class='ocrx_word' id='word_1_533' title='bbox 3698 3349 3859 3422; x_wconf 79' lang='grc' dir='ltr'>ἐμοῦ,</span> 
     </span>
    </p>
   </div>
   <div class='ocr_carea' id='block_1_76' title="bbox 2279 3422 3862 3517">
    <p class='ocr_par' dir='ltr' id='par_1_76' title="bbox 2279 3422 3862 3517">
     <span class='ocr_line' id='line_1_76' title="bbox 2279 3422 3862 3517; baseline -0.002 -18"><span class='ocrx_word' id='word_1_534' title='bbox 2279 3446 2477 3517; x_wconf 75' lang='grc' dir='ltr'>συνέϐη</span> <span class='ocrx_word' id='word_1_535' title='bbox 2534 3447 2562 3498; x_wconf 87' lang='grc' dir='ltr'>ὁ</span> <span class='ocrx_word' id='word_1_536' title='bbox 2609 3445 2859 3508; x_wconf 82' lang='grc' dir='ltr'>Θάνατος,</span> <span class='ocrx_word' id='word_1_537' title='bbox 2886 3422 2995 3499; x_wconf 34' lang='grc' dir='ltr'>ῖνάί</span> <span class='ocrx_word' id='word_1_538' title='bbox 3016 3446 3327 3516; x_wconf 82' lang='grc' dir='ltr'>ἀναστήσας</span> <span class='ocrx_word' id='word_1_539' title='bbox 3381 3444 3562 3510; x_wconf 75' lang='grc' dir='ltr'>αὑτὸν,</span> <span class='ocrx_word' id='word_1_540' title='bbox 3614 3443 3862 3514; x_wconf 80' lang='grc' dir='ltr'>μεγάλην</span> 
     </span>
    </p>
   </div>
   <div class='ocr_carea' id='block_1_77' title="bbox 2279 3535 3859 3609">
    <p class='ocr_par' dir='ltr' id='par_1_77' title="bbox 2279 3535 3859 3609">
     <span class='ocr_line' id='line_1_77' title="bbox 2279 3535 3859 3609; baseline -0.001 -18"><span class='ocrx_word' id='word_1_541' title='bbox 2279 3538 2407 3608; x_wconf 82' lang='grc' dir='ltr'>ὑμῖν</span> <span class='ocrx_word' id='word_1_542' title='bbox 2425 3539 2710 3609; x_wconf 79' lang='grc' dir='ltr'>ὲμποιήσω</span> <span class='ocrx_word' id='word_1_543' title='bbox 2725 3538 2822 3608; x_wconf 76' lang='grc' dir='ltr'>τὴν</span> <span class='ocrx_word' id='word_1_544' title='bbox 2848 3536 3111 3606; x_wconf 76' lang='grc' dir='ltr'>ὠφέλειαν</span> <span class='ocrx_word' id='word_1_545' title='bbox 3136 3537 3223 3590; x_wconf 73' lang='grc' dir='ltr'><strong>διὰ</strong></span> <span class='ocrx_word' id='word_1_546' title='bbox 3249 3537 3345 3606; x_wconf 84' lang='grc' dir='ltr'>τῆς</span> <span class='ocrx_word' id='word_1_547' title='bbox 3374 3537 3455 3598; x_wconf 84' lang='grc' dir='ltr'><strong>είς</strong></span> <span class='ocrx_word' id='word_1_548' title='bbox 3481 3536 3506 3587; x_wconf 82' lang='grc' dir='ltr'>ἐ</span> <span class='ocrx_word' id='word_1_549' title='bbox 3516 3535 3582 3606; x_wconf 86' lang='grc' dir='ltr'>μὲ</span> <span class='ocrx_word' id='word_1_550' title='bbox 3602 3535 3859 3598; x_wconf 83' lang='grc' dir='ltr'>πίστεως.</span> 
     </span>
    </p>
   </div>
   <div class='ocr_carea' id='block_1_78' title="bbox 2279 3628 3861 3701">
    <p class='ocr_par' dir='ltr' id='par_1_78' title="bbox 2279 3628 3861 3701">
     <span class='ocr_line' id='line_1_78' title="bbox 2279 3628 3861 3701; baseline -0.001 -17"><span class='ocrx_word' id='word_1_551' title='bbox 2279 3629 2463 3684; x_wconf 82' lang='grc' dir='ltr'>Ταῦτα</span> <span class='ocrx_word' id='word_1_552' title='bbox 2487 3630 2544 3683; x_wconf 82' lang='grc' dir='ltr'>δὲ</span> <span class='ocrx_word' id='word_1_553' title='bbox 2585 3629 2734 3699; x_wconf 80' lang='grc' dir='ltr'>λέγει</span> <span class='ocrx_word' id='word_1_554' title='bbox 2765 3631 2794 3681; x_wconf 84' lang='grc' dir='ltr'><strong>ὁ</strong></span> <span class='ocrx_word' id='word_1_555' title='bbox 2826 3630 3081 3701; x_wconf 81' lang='grc' dir='ltr'>Χριστὸς,</span> <span class='ocrx_word' id='word_1_556' title='bbox 3115 3631 3215 3699; x_wconf 81' lang='grc' dir='ltr'><strong>οὐχ</strong></span> <span class='ocrx_word' id='word_1_557' title='bbox 3252 3628 3325 3693; x_wconf 81' lang='grc' dir='ltr'>ὡς</span> <span class='ocrx_word' id='word_1_558' title='bbox 3354 3628 3475 3681; x_wconf 88' lang='grc' dir='ltr'>τότε</span> <span class='ocrx_word' id='word_1_559' title='bbox 3510 3628 3669 3699; x_wconf 88' lang='grc' dir='ltr'>μόνον</span> <span class='ocrx_word' id='word_1_560' title='bbox 3696 3628 3861 3682; x_wconf 85' lang='grc' dir='ltr'>δυνά-</span> 
     </span>
    </p>
   </div>
   <div class='ocr_carea' id='block_1_79' title="bbox 2283 3720 3863 3793">
    <p class='ocr_par' dir='ltr' id='par_1_79' title="bbox 2283 3720 3863 3793">
     <span class='ocr_line' id='line_1_79' title="bbox 2283 3720 3863 3793; baseline -0.003 -18"><span class='ocrx_word' id='word_1_561' title='bbox 2283 3738 2442 3793; x_wconf 87' lang='grc' dir='ltr'>μενος</span> <span class='ocrx_word' id='word_1_562' title='bbox 2470 3720 2540 3775; x_wconf 81' lang='grc' dir='ltr'><strong>τὰ</strong></span> <span class='ocrx_word' id='word_1_563' title='bbox 2572 3721 2848 3791; x_wconf 81' lang='grc' dir='ltr'>θεοπρεπῆ</span> <span class='ocrx_word' id='word_1_564' title='bbox 2875 3723 3069 3783; x_wconf 80' lang='grc' dir='ltr'>ποιεῖν,</span> <span class='ocrx_word' id='word_1_565' title='bbox 3097 3721 3226 3775; x_wconf 82' lang='grc' dir='ltr'>ὅταν</span> <span class='ocrx_word' id='word_1_566' title='bbox 3266 3723 3439 3791; x_wconf 82' lang='grc' dir='ltr'>παρῇ·</span> <span class='ocrx_word' id='word_1_567' title='bbox 3470 3720 3585 3773; x_wconf 80' lang='grc' dir='ltr'>ἀλλ’</span> <span class='ocrx_word' id='word_1_568' title='bbox 3624 3720 3863 3787; x_wconf 76' lang='grc' dir='ltr'>ἐπείπερ</span> 
     </span>
    </p>
   </div>
   <div class='ocr_carea' id='block_1_80' title="bbox 2278 3809 3859 3885">
    <p class='ocr_par' dir='ltr' id='par_1_80' title="bbox 2278 3809 3859 3885">
     <span class='ocr_line' id='line_1_80' title="bbox 2278 3809 3859 3885; baseline -0.003 -19"><span class='ocrx_word' id='word_1_569' title='bbox 2278 3814 2328 3866; x_wconf 85' lang='grc' dir='ltr'><strong>εί</strong></span> <span class='ocrx_word' id='word_1_570' title='bbox 2358 3816 2560 3885; x_wconf 83' lang='grc' dir='ltr'>παρῆν,</span> <span class='ocrx_word' id='word_1_571' title='bbox 2605 3814 2706 3867; x_wconf 77' lang='grc' dir='ltr'>οὐκ</span> <span class='ocrx_word' id='word_1_572' title='bbox 2741 3812 2807 3866; x_wconf 81' lang='grc' dir='ltr'>ἂν</span> <span class='ocrx_word' id='word_1_573' title='bbox 2858 3813 3081 3884; x_wconf 84' lang='grc' dir='ltr'>παρεῖδε</span> <span class='ocrx_word' id='word_1_574' title='bbox 3133 3813 3223 3866; x_wconf 83' lang='grc' dir='ltr'>τὸν</span> <span class='ocrx_word' id='word_1_575' title='bbox 3268 3812 3422 3881; x_wconf 78' lang='grc' dir='ltr'>φίλον</span> <span class='ocrx_word' id='word_1_576' title='bbox 3467 3810 3577 3874; x_wconf 73' lang='grc' dir='ltr'>ἕως</span> <span class='ocrx_word' id='word_1_577' title='bbox 3625 3809 3859 3863; x_wconf 80' lang='grc' dir='ltr'>θανάτου</span> 
     </span>
    </p>
   </div>
   <div class='ocr_carea' id='block_1_81' title="bbox 2279 3901 3862 3974">
    <p class='ocr_par' dir='ltr' id='par_1_81' title="bbox 2279 3901 3862 3974">
     <span class='ocr_line' id='line_1_81' title="bbox 2279 3901 3862 3974; baseline -0.003 -16"><span class='ocrx_word' id='word_1_578' title='bbox 2279 3906 2772 3961; x_wconf 79' lang='grc' dir='ltr'>καταϐιϐασθέντα.</span> <span class='ocrx_word' id='word_1_579' title='bbox 2804 3906 2876 3958; x_wconf 83' lang='grc' dir='ltr'><strong>Τὸ</strong></span> <span class='ocrx_word' id='word_1_580' title='bbox 2903 3906 2983 3969; x_wconf 71' lang='grc' dir='ltr'>δὲ,</span> <span class='ocrx_word' id='word_1_581' title='bbox 3012 3924 3031 3957; x_wconf 79' lang='grc' dir='ltr'><strong>ι</strong></span> <span class='ocrx_word' id='word_1_582' title='bbox 3067 3907 3321 3974; x_wconf 73' lang='grc' dir='ltr'>’Ἄγωμεν</span> <span class='ocrx_word' id='word_1_583' title='bbox 3343 3903 3480 3973; x_wconf 78' lang='grc' dir='ltr'>πρὸς</span> <span class='ocrx_word' id='word_1_584' title='bbox 3509 3901 3692 3966; x_wconf 80' lang='grc' dir='ltr'>αὐτὸν,</span> <span class='ocrx_word' id='word_1_585' title='bbox 3725 3920 3743 3952; x_wconf 73' lang='grc' dir='ltr'><strong>ι</strong></span> <span class='ocrx_word' id='word_1_586' title='bbox 3782 3901 3862 3963; x_wconf 81' lang='grc' dir='ltr'>ὡς</span> 
     </span>
    </p>
   </div>
   <div class='ocr_carea' id='block_1_82' title="bbox 2280 3993 3860 4068">
    <p class='ocr_par' dir='ltr' id='par_1_82' title="bbox 2280 3993 3860 4068">
     <span class='ocr_line' id='line_1_82' title="bbox 2280 3993 3860 4068; baseline -0.003 -17"><span class='ocrx_word' id='word_1_587' title='bbox 2280 3999 2416 4068; x_wconf 82' lang='grc' dir='ltr'>πρὸς</span> <span class='ocrx_word' id='word_1_588' title='bbox 2443 3999 2623 4063; x_wconf 79' lang='grc' dir='ltr'>ζῶντά</span> <span class='ocrx_word' id='word_1_589' title='bbox 2657 4015 2809 4068; x_wconf 75' lang='grc' dir='ltr'>φησι·</span> <span class='ocrx_word' id='word_1_590' title='bbox 2846 3996 2984 4062; x_wconf 76' lang='grc' dir='ltr'>ζῶσι</span> <span class='ocrx_word' id='word_1_591' title='bbox 3014 3998 3119 4067; x_wconf 61' lang='grc' dir='ltr'>γὰρ</span> <span class='ocrx_word' id='word_1_592' title='bbox 3151 3995 3300 4066; x_wconf 76' lang='grc' dir='ltr'>αὐτῷ</span> <span class='ocrx_word' id='word_1_593' title='bbox 3321 3997 3398 4059; x_wconf 80' lang='grc' dir='ltr'>ὡς</span> <span class='ocrx_word' id='word_1_594' title='bbox 3422 3994 3543 4065; x_wconf 84' lang='grc' dir='ltr'>Θεῷ</span> <span class='ocrx_word' id='word_1_595' title='bbox 3570 3996 3623 4047; x_wconf 90' lang='grc' dir='ltr'>οἱ</span> <span class='ocrx_word' id='word_1_596' title='bbox 3653 3993 3860 4066; x_wconf 69' lang='grc' dir='ltr'>νεκροὶ,</span> 
     </span>
    </p>
   </div>
   <div class='ocr_carea' id='block_1_83' title="bbox 2279 4089 2905 4160">
    <p class='ocr_par' dir='ltr' id='par_1_83' title="bbox 2279 4089 2905 4160">
     <span class='ocr_line' id='line_1_83' title="bbox 2279 4089 2905 4160; baseline -0.002 -16"><span class='ocrx_word' id='word_1_597' title='bbox 2279 4090 2355 4155; x_wconf 76' lang='grc' dir='ltr'><strong>ὡς</strong></span> <span class='ocrx_word' id='word_1_598' title='bbox 2391 4089 2673 4160; x_wconf 76' lang='grc' dir='ltr'>μέλλοντες</span> <span class='ocrx_word' id='word_1_599' title='bbox 2698 4089 2905 4160; x_wconf 75' lang='grc' dir='ltr'>ζήσειν.</span> 
     </span>
    </p>
   </div>
   <div class='ocr_carea' id='block_1_84' title="bbox 2347 4200 3863 4273">
    <p class='ocr_par' dir='ltr' id='par_1_84' title="bbox 2347 4200 3863 4273">
     <span class='ocr_line' id='line_1_84' title="bbox 2347 4200 3863 4273; baseline -0.003 -16"><span class='ocrx_word' id='word_1_600' title='bbox 2347 4200 2533 4258; x_wconf 77' lang='grc' dir='ltr'>Εἶπεν</span> <span class='ocrx_word' id='word_1_601' title='bbox 2579 4200 2693 4259; x_wconf 80' lang='grc' dir='ltr'>οὖν</span> <span class='ocrx_word' id='word_1_602' title='bbox 2718 4202 3023 4272; x_wconf 55' lang='grc' dir='ltr'>όςΘωμᾶς·</span> <span class='ocrx_word' id='word_1_603' title='bbox 3058 4204 3315 4273; x_wconf 74' lang='grc' dir='ltr'>Ἄγωμεν</span> <span class='ocrx_word' id='word_1_604' title='bbox 3360 4202 3460 4255; x_wconf 67' lang='grc' dir='ltr'><strong>καί</strong></span> <span class='ocrx_word' id='word_1_605' title='bbox 3490 4200 3701 4271; x_wconf 75' lang='grc' dir='ltr'>’ἡμεῖς,</span> <span class='ocrx_word' id='word_1_606' title='bbox 3756 4201 3863 4255; x_wconf 74' lang='grc' dir='ltr'>ἵνα</span> 
     </span>
    </p>
   </div>
   <div class='ocr_carea' id='block_1_85' title="bbox 2272 4294 3059 4366">
    <p class='ocr_par' dir='ltr' id='par_1_85' title="bbox 2272 4294 3059 4366">
     <span class='ocr_line' id='line_1_85' title="bbox 2272 4294 3059 4366; baseline -0.005 -15"><span class='ocrx_word' id='word_1_607' title='bbox 2272 4294 2671 4366; x_wconf 80' lang='grc' dir='ltr'>ἀποθάνωμεν</span> <span class='ocrx_word' id='word_1_608' title='bbox 2692 4296 2818 4364; x_wconf 83' lang='grc' dir='ltr'>μετ’</span> <span class='ocrx_word' id='word_1_609' title='bbox 2848 4294 3059 4348; x_wconf 78' lang='grc' dir='ltr'>αὐτοῦ.</span> 
     </span>
    </p>
   </div>
   <div class='ocr_carea' id='block_1_86' title="bbox 2360 4404 3860 4478">
    <p class='ocr_par' dir='ltr' id='par_1_86' title="bbox 2360 4404 3860 4478">
     <span class='ocr_line' id='line_1_86' title="bbox 2360 4404 3860 4478; baseline -0.003 -17"><span class='ocrx_word' id='word_1_610' title='bbox 2360 4408 2420 4461; x_wconf 84' lang='grc' dir='ltr'><strong>Ὀ</strong></span> <span class='ocrx_word' id='word_1_611' title='bbox 2465 4407 2558 4461; x_wconf 77' lang='grc' dir='ltr'><strong>τοῦ</strong></span> <span class='ocrx_word' id='word_1_612' title='bbox 2605 4407 2778 4478; x_wconf 55' lang='lat' dir='ltr'><strong>sapa</strong></span> <span class='ocrx_word' id='word_1_613' title='bbox 2808 4405 2963 4473; x_wconf 83' lang='grc' dir='ltr'>λόγος</span> <span class='ocrx_word' id='word_1_614' title='bbox 3002 4406 3115 4476; x_wconf 72' lang='grc' dir='ltr'>ἔχει</span> <span class='ocrx_word' id='word_1_615' title='bbox 3164 4407 3261 4475; x_wconf 80' lang='grc' dir='ltr'>μὲν</span> <span class='ocrx_word' id='word_1_616' title='bbox 3301 4406 3629 4475; x_wconf 77' lang='grc' dir='ltr'>προθυμίαν·</span> <span class='ocrx_word' id='word_1_617' title='bbox 3660 4404 3770 4474; x_wconf 80' lang='grc' dir='ltr'>ἔχει</span> <span class='ocrx_word' id='word_1_618' title='bbox 3800 4404 3860 4457; x_wconf 78' lang='grc' dir='ltr'>δὲ</span> 
     </span>
    </p>
   </div>
   <div class='ocr_carea' id='block_1_87' title="bbox 2280 4496 3856 4569">
    <p class='ocr_par' dir='ltr' id='par_1_87' title="bbox 2280 4496 3856 4569">
     <span class='ocr_line' id='line_1_87' title="bbox 2280 4496 3856 4569; baseline -0.001 -18"><span class='ocrx_word' id='word_1_619' title='bbox 2280 4498 2376 4551; x_wconf 74' lang='grc' dir='ltr'>καὶ</span> <span class='ocrx_word' id='word_1_620' title='bbox 2416 4498 2635 4562; x_wconf 76' lang='grc' dir='ltr'>δειλίαν,</span> <span class='ocrx_word' id='word_1_621' title='bbox 2679 4498 2774 4551; x_wconf 69' lang='grc' dir='ltr'>καὶ</span> <span class='ocrx_word' id='word_1_622' title='bbox 2805 4498 2999 4566; x_wconf 87' lang='grc' dir='ltr'>γέγονε</span> <span class='ocrx_word' id='word_1_623' title='bbox 3043 4498 3139 4569; x_wconf 80' lang='grc' dir='ltr'>μὲν</span> <span class='ocrx_word' id='word_1_624' title='bbox 3173 4500 3236 4550; x_wconf 85' lang='grc' dir='ltr'>ὲκ</span> <span class='ocrx_word' id='word_1_625' title='bbox 3276 4496 3521 4566; x_wconf 81' lang='grc' dir='ltr'>φιλοθέου</span> <span class='ocrx_word' id='word_1_626' title='bbox 3570 4499 3856 4568; x_wconf 72' lang='grc' dir='ltr'>φρονήμασ-</span> 
     </span>
    </p>
   </div>
   <div class='ocr_carea' id='block_1_88' title="bbox 604 4579 2168 4659">
    <p class='ocr_par' dir='ltr' id='par_1_88' title="bbox 604 4579 2168 4653">
     <span class='ocr_line' id='line_1_88' title="bbox 604 4579 2168 4653; baseline 0.003 -18"><span class='ocrx_word' id='word_1_627' title='bbox 604 4590 879 4636; x_wconf 88' lang='lat' dir='ltr'><strong>amantem</strong></span> <span class='ocrx_word' id='word_1_628' title='bbox 903 4619 917 4644; x_wconf 95' lang='lat'><strong>,</strong></span> <span class='ocrx_word' id='word_1_629' title='bbox 953 4580 1051 4636; x_wconf 87' lang='lat' dir='ltr'><strong>sed</strong></span> <span class='ocrx_word' id='word_1_630' title='bbox 1086 4580 1409 4651; x_wconf 88' lang='lat' dir='ltr'><strong>permistum</strong></span> <span class='ocrx_word' id='word_1_631' title='bbox 1445 4579 1836 4637; x_wconf 88' lang='lat' dir='ltr'><strong>incredulitate</strong></span> <span class='ocrx_word' id='word_1_632' title='bbox 1867 4582 2031 4653; x_wconf 89' lang='lat' dir='ltr'><strong>sapit.</strong></span> <span class='ocrx_word' id='word_1_633' title='bbox 2062 4582 2168 4639; x_wconf 78' lang='lat' dir='ltr'><strong>Nec</strong></span> 
     </span>
    </p>
   </div>
   <div class='ocr_carea' id='block_1_89' title="bbox 2274 4579 3860 4659">
    <p class='ocr_par' dir='ltr' id='par_1_89' title="bbox 2275 4587 3860 4659">
     <span class='ocr_line' id='line_1_89' title="bbox 2275 4587 3860 4659; baseline -0.003 -16"><span class='ocrx_word' id='word_1_634' title='bbox 2275 4605 2389 4654; x_wconf 82' lang='grc' dir='ltr'>τος,</span> <span class='ocrx_word' id='word_1_635' title='bbox 2440 4588 2912 4659; x_wconf 75' lang='grc' dir='ltr'>κατακεκέρασται</span> <span class='ocrx_word' id='word_1_636' title='bbox 2955 4587 3013 4642; x_wconf 79' lang='grc' dir='ltr'>δὲ</span> <span class='ocrx_word' id='word_1_637' title='bbox 3061 4591 3127 4659; x_wconf 76' lang='grc' dir='ltr'>τῇ</span> <span class='ocrx_word' id='word_1_638' title='bbox 3209 4587 3568 4657; x_wconf 55' lang='grc' dir='ltr'>ὀλιγοπιστίλᾳ.</span> <span class='ocrx_word' id='word_1_639' title='bbox 3620 4587 3860 4639; x_wconf 80' lang='grc' dir='ltr'>Ἀπολει-</span> 
     </span>
    </p>
   </div>
   <div class='ocr_carea' id='block_1_90' title="bbox 602 4672 2175 4739">
    <p class='ocr_par' dir='ltr' id='par_1_90' title="bbox 602 4672 2175 4739">
     <span class='ocr_line' id='line_1_90' title="bbox 602 4672 2175 4739; baseline 0.001 -10"><span class='ocrx_word' id='word_1_640' title='bbox 602 4674 750 4729; x_wconf 86' lang='lat' dir='ltr'><strong>enim</strong></span> <span class='ocrx_word' id='word_1_641' title='bbox 791 4672 908 4727; x_wconf 85' lang='lat' dir='ltr'><strong>vult</strong></span> <span class='ocrx_word' id='word_1_642' title='bbox 942 4686 1259 4739; x_wconf 89' lang='lat' dir='ltr'><strong>remanere,</strong></span> <span class='ocrx_word' id='word_1_643' title='bbox 1297 4672 1393 4727; x_wconf 89' lang='lat' dir='ltr'><strong>sed</strong></span> <span class='ocrx_word' id='word_1_644' title='bbox 1424 4681 1480 4727; x_wconf 89' lang='lat' dir='ltr'><strong>et</strong></span> <span class='ocrx_word' id='word_1_645' title='bbox 1515 4673 1654 4728; x_wconf 88' lang='lat' dir='ltr'><strong>alios</strong></span> <span class='ocrx_word' id='word_1_646' title='bbox 1687 4683 1746 4730; x_wconf 92' lang='lat' dir='ltr'><strong>ut</strong></span> <span class='ocrx_word' id='word_1_647' title='bbox 1779 4673 1921 4729; x_wconf 89' lang='lat' dir='ltr'><strong>idem</strong></span> <span class='ocrx_word' id='word_1_648' title='bbox 1965 4673 2175 4731; x_wconf 86' lang='lat' dir='ltr'><strong>faciant</strong></span> 
     </span>
    </p>
   </div>
   <div class='ocr_carea' id='block_1_91' title="bbox 604 4761 2167 4834">
    <p class='ocr_par' dir='ltr' id='par_1_91' title="bbox 604 4761 2167 4834">
     <span class='ocr_line' id='line_1_91' title="bbox 604 4761 2167 4834; baseline 0.002 -15"><span class='ocrx_word' id='word_1_649' title='bbox 604 4768 875 4829; x_wconf 78' lang='lat' dir='ltr'><strong>hortatur,</strong></span> <span class='ocrx_word' id='word_1_650' title='bbox 910 4761 1007 4817; x_wconf 86' lang='lat' dir='ltr'><strong>sed</strong></span> <span class='ocrx_word' id='word_1_651' title='bbox 1044 4770 1227 4817; x_wconf 89' lang='lat' dir='ltr'><strong>tamen</strong></span> <span class='ocrx_word' id='word_1_652' title='bbox 1263 4762 1507 4817; x_wconf 90' lang='lat' dir='ltr'><strong>futurum</strong></span> <span class='ocrx_word' id='word_1_653' title='bbox 1540 4768 1695 4834; x_wconf 84' lang='lat' dir='ltr'><strong>putat</strong></span> <span class='ocrx_word' id='word_1_654' title='bbox 1748 4773 1805 4820; x_wconf 92' lang='lat' dir='ltr'><strong>ut</strong></span> <span class='ocrx_word' id='word_1_655' title='bbox 1842 4766 2047 4822; x_wconf 80' lang='lat' dir='ltr'><strong>maium</strong></span> <span class='ocrx_word' id='word_1_656' title='bbox 2081 4783 2167 4823; x_wconf 85' lang='lat' dir='ltr'><strong>ae-</strong></span> 
     </span>
    </p>
   </div>
   <div class='ocr_carea' id='block_1_92' title="bbox 605 4854 2171 4932">
    <p class='ocr_par' dir='ltr' id='par_1_92' title="bbox 605 4854 2171 4932">
     <span class='ocr_line' id='line_1_92' title="bbox 605 4854 2171 4932; baseline 0.004 -18"><span class='ocrx_word' id='word_1_657' title='bbox 605 4860 812 4931; x_wconf 88' lang='lat' dir='ltr'><strong>cipiant</strong></span> <span class='ocrx_word' id='word_1_658' title='bbox 842 4873 871 4911; x_wconf 91' lang='lat' dir='ltr'><strong>a</strong></span> <span class='ocrx_word' id='word_1_659' title='bbox 902 4854 1133 4925; x_wconf 69' lang='lat' dir='ltr'><strong>Iudaeis,</strong></span> <span class='ocrx_word' id='word_1_660' title='bbox 1159 4856 1362 4928; x_wconf 89' lang='lat' dir='ltr'><strong>quibus</strong></span> <span class='ocrx_word' id='word_1_661' title='bbox 1393 4859 1612 4914; x_wconf 88' lang='lat' dir='ltr'><strong>animus</strong></span> <span class='ocrx_word' id='word_1_662' title='bbox 1641 4867 1725 4915; x_wconf 87' lang='lat' dir='ltr'><strong>est</strong></span> <span class='ocrx_word' id='word_1_663' title='bbox 1753 4862 2171 4932; x_wconf 76' lang='lat' dir='ltr'><strong>sanguinarius,</strong></span> 
     </span>
    </p>
   </div>
   <div class='ocr_carea' id='block_1_93' title="bbox 602 4948 2177 5022">
    <p class='ocr_par' dir='ltr' id='par_1_93' title="bbox 602 4948 2177 5022">
     <span class='ocr_line' id='line_1_93' title="bbox 602 4948 2177 5022; baseline 0.002 -17"><span class='ocrx_word' id='word_1_664' title='bbox 602 4965 712 5005; x_wconf 89' lang='lat' dir='ltr'><strong>non</strong></span> <span class='ocrx_word' id='word_1_665' title='bbox 765 4948 1129 5005; x_wconf 87' lang='lat' dir='ltr'><strong>considerans</strong></span> <span class='ocrx_word' id='word_1_666' title='bbox 1178 4949 1389 5006; x_wconf 90' lang='lat' dir='ltr'><strong>scilicet</strong></span> <span class='ocrx_word' id='word_1_667' title='bbox 1418 4951 1528 5004; x_wconf 88' lang='lat' dir='ltr'><strong>vim</strong></span> <span class='ocrx_word' id='word_1_668' title='bbox 1575 4958 1631 5005; x_wconf 91' lang='lat' dir='ltr'><strong>et</strong></span> <span class='ocrx_word' id='word_1_669' title='bbox 1672 4960 2000 5022; x_wconf 88' lang='lat' dir='ltr'><strong>potestatem</strong></span> <span class='ocrx_word' id='word_1_670' title='bbox 2046 4953 2177 5010; x_wconf 90' lang='lat' dir='ltr'><strong>Ser-</strong></span> 
     </span>
    </p>
   </div>
   <div class='ocr_carea' id='block_1_94' title="bbox 601 5032 2171 5111">
    <p class='ocr_par' dir='ltr' id='par_1_94' title="bbox 601 5032 2171 5111">
     <span class='ocr_line' id='line_1_94' title="bbox 601 5032 2171 5111; baseline 0.004 -17"><span class='ocrx_word' id='word_1_671' title='bbox 601 5041 838 5107; x_wconf 72' lang='lat' dir='ltr'><strong>ratoris,</strong></span> <span class='ocrx_word' id='word_1_672' title='bbox 874 5040 1019 5111; x_wconf 68' lang='lat' dir='ltr'><strong>Quod</strong></span> <span class='ocrx_word' id='word_1_673' title='bbox 1054 5040 1226 5111; x_wconf 75' lang='lat' dir='ltr'><strong>magis</strong></span> <span class='ocrx_word' id='word_1_674' title='bbox 1260 5042 1527 5111; x_wconf 92' lang='lat' dir='ltr'><strong>oportuit.</strong></span> <span class='ocrx_word' id='word_1_675' title='bbox 1558 5032 1827 5097; x_wconf 80' lang='lat' dir='ltr'><strong>Faciebat</strong></span> <span class='ocrx_word' id='word_1_676' title='bbox 1859 5054 2043 5098; x_wconf 90' lang='lat' dir='ltr'><strong>autem</strong></span> <span class='ocrx_word' id='word_1_677' title='bbox 2074 5061 2171 5101; x_wconf 89' lang='lat' dir='ltr'><strong>eos</strong></span> 
     </span>
    </p>
   </div>
   <div class='ocr_carea' id='block_1_95' title="bbox 602 5130 2170 5205">
    <p class='ocr_par' dir='ltr' id='par_1_95' title="bbox 602 5130 2170 5205">
     <span class='ocr_line' id='line_1_95' title="bbox 602 5130 2170 5205; baseline 0.004 -21"><span class='ocrx_word' id='word_1_678' title='bbox 602 5132 822 5188; x_wconf 89' lang='lat' dir='ltr'><strong>timidos</strong></span> <span class='ocrx_word' id='word_1_679' title='bbox 865 5132 1157 5197; x_wconf 82' lang='lat' dir='ltr'><strong>Christus,</strong></span> <span class='ocrx_word' id='word_1_680' title='bbox 1208 5146 1373 5201; x_wconf 88' lang='lat' dir='ltr'><strong>supra</strong></span> <span class='ocrx_word' id='word_1_681' title='bbox 1426 5130 1648 5185; x_wconf 91' lang='lat' dir='ltr'><strong>modum</strong></span> <span class='ocrx_word' id='word_1_682' title='bbox 1703 5134 2032 5203; x_wconf 73' lang='lat' dir='ltr'><strong>iniuriarum</strong></span> <span class='ocrx_word' id='word_1_683' title='bbox 2069 5150 2170 5205; x_wconf 61' lang='lat' dir='ltr'><strong>pa-</strong></span> 
     </span>
    </p>
   </div>
   <div class='ocr_carea' id='block_1_96' title="bbox 601 5221 2174 5297">
    <p class='ocr_par' dir='ltr' id='par_1_96' title="bbox 601 5221 2174 5297">
     <span class='ocr_line' id='line_1_96' title="bbox 601 5221 2174 5297; baseline 0.006 -23"><span class='ocrx_word' id='word_1_684' title='bbox 601 5224 743 5280; x_wconf 89' lang='lat' dir='ltr'><strong>tiens</strong></span> <span class='ocrx_word' id='word_1_685' title='bbox 786 5239 927 5295; x_wconf 88' lang='lat' dir='ltr'><strong>quas</strong></span> <span class='ocrx_word' id='word_1_686' title='bbox 988 5223 1294 5294; x_wconf 86' lang='lat' dir='ltr'><strong>accipiebat</strong></span> <span class='ocrx_word' id='word_1_687' title='bbox 1321 5237 1351 5275; x_wconf 89' lang='lat' dir='ltr'><strong>a</strong></span> <span class='ocrx_word' id='word_1_688' title='bbox 1383 5221 1612 5278; x_wconf 70' lang='lat' dir='ltr'><strong>Iudaeis.</strong></span> <span class='ocrx_word' id='word_1_689' title='bbox 1649 5225 1743 5278; x_wconf 85' lang='lat' dir='ltr'><strong>Ait</strong></span> <span class='ocrx_word' id='word_1_690' title='bbox 1775 5242 1904 5297; x_wconf 79' lang='lat' dir='ltr'><strong>ergo</strong></span> <span class='ocrx_word' id='word_1_691' title='bbox 1936 5243 2042 5282; x_wconf 91' lang='lat' dir='ltr'><strong>non</strong></span> <span class='ocrx_word' id='word_1_692' title='bbox 2077 5228 2174 5284; x_wconf 84' lang='lat' dir='ltr'><strong>de-</strong></span> 
     </span>
    </p>
   </div>
   <div class='ocr_carea' id='block_1_97' title="bbox 601 5315 2170 5390">
    <p class='ocr_par' dir='ltr' id='par_1_97' title="bbox 601 5315 2170 5390">
     <span class='ocr_line' id='line_1_97' title="bbox 601 5315 2170 5390; baseline 0.004 -23"><span class='ocrx_word' id='word_1_693' title='bbox 601 5316 892 5370; x_wconf 84' lang='lat' dir='ltr'><strong>serendum</strong></span> <span class='ocrx_word' id='word_1_694' title='bbox 923 5328 1049 5372; x_wconf 86' lang='lat' dir='ltr'><strong>esse</strong></span> <span class='ocrx_word' id='word_1_695' title='bbox 1073 5316 1398 5387; x_wconf 79' lang='lat' dir='ltr'><strong>magistrum</strong></span> <span class='ocrx_word' id='word_1_696' title='bbox 1421 5354 1435 5377; x_wconf 94' lang='lat'><strong>,</strong></span> <span class='ocrx_word' id='word_1_697' title='bbox 1468 5315 1600 5370; x_wconf 88' lang='lat' dir='ltr'><strong>licet</strong></span> <span class='ocrx_word' id='word_1_698' title='bbox 1631 5327 1842 5372; x_wconf 89' lang='lat' dir='ltr'><strong>certum</strong></span> <span class='ocrx_word' id='word_1_699' title='bbox 1874 5334 1940 5374; x_wconf 91' lang='lat' dir='ltr'><strong>ac</strong></span> <span class='ocrx_word' id='word_1_700' title='bbox 1980 5321 2170 5390; x_wconf 84' lang='lat' dir='ltr'><strong>explo-</strong></span> 
     </span>
    </p>
   </div>
   <div class='ocr_carea' id='block_1_98' title="bbox 600 5406 2173 5480">
    <p class='ocr_par' dir='ltr' id='par_1_98' title="bbox 600 5406 2173 5480">
     <span class='ocr_line' id='line_1_98' title="bbox 600 5406 2173 5480; baseline 0.006 -21"><span class='ocrx_word' id='word_1_701' title='bbox 600 5413 778 5460; x_wconf 71' lang='lat' dir='ltr'><strong>tatu‘m</strong></span> <span class='ocrx_word' id='word_1_702' title='bbox 811 5406 1149 5477; x_wconf 75' lang='lat' dir='ltr'><strong>proponatur</strong></span> <span class='ocrx_word' id='word_1_703' title='bbox 1177 5408 1520 5480; x_wconf 89' lang='lat' dir='ltr'><strong>periculum:</strong></span> <span class='ocrx_word' id='word_1_704' title='bbox 1558 5422 1658 5462; x_wconf 89' lang='lat' dir='ltr'><strong>ceu</strong></span> <span class='ocrx_word' id='word_1_705' title='bbox 1704 5422 1834 5464; x_wconf 79' lang='lat' dir='ltr'><strong>vero</strong></span> <span class='ocrx_word' id='word_1_706' title='bbox 1879 5411 2173 5468; x_wconf 89' lang='lat' dir='ltr'><strong>subridens</strong></span> 
     </span>
    </p>
   </div>
   <div class='ocr_carea' id='block_1_99' title="bbox 598 5498 2171 5569">
    <p class='ocr_par' dir='ltr' id='par_1_99' title="bbox 598 5498 2171 5569">
     <span class='ocr_line' id='line_1_99' title="bbox 598 5498 2171 5569; baseline 0.005 -16"><span class='ocrx_word' id='word_1_707' title='bbox 598 5499 1005 5555; x_wconf 84' lang='lat' dir='ltr'><strong>uuodammodo</strong></span> <span class='ocrx_word' id='word_1_708' title='bbox 1024 5498 1265 5557; x_wconf 80' lang='lat' dir='ltr'><strong>Thomas</strong></span> <span class='ocrx_word' id='word_1_709' title='bbox 1288 5501 1505 5557; x_wconf 89' lang='lat' dir='ltr'><strong>dicebat</strong></span> <span class='ocrx_word' id='word_1_710' title='bbox 1527 5500 1661 5555; x_wconf 93' lang='lat' dir='ltr'><strong>illud</strong></span> <span class='ocrx_word' id='word_1_711' title='bbox 1684 5544 1699 5569; x_wconf 91' lang='lat'><strong>,</strong></span> <span class='ocrx_word' id='word_1_712' title='bbox 1723 5521 1741 5554; x_wconf 74' lang='grc' dir='ltr'><strong>ι</strong></span> <span class='ocrx_word' id='word_1_713' title='bbox 1770 5501 1995 5569; x_wconf 88' lang='lat' dir='ltr'><strong>Eamus,</strong></span> <span class='ocrx_word' id='word_1_714' title='bbox 2023 5524 2040 5557; x_wconf 68' lang='grc' dir='ltr'><strong>ι</strong></span> <span class='ocrx_word' id='word_1_715' title='bbox 2066 5505 2171 5561; x_wconf 87' lang='lat' dir='ltr'><strong>hoc</strong></span> 
     </span>
    </p>
   </div>
   <div class='ocr_carea' id='block_1_100' title="bbox 597 5590 2168 5662">
    <p class='ocr_par' dir='ltr' id='par_1_100' title="bbox 597 5590 2168 5662">
     <span class='ocr_line' id='line_1_100' title="bbox 597 5590 2168 5662; baseline 0.005 -19"><span class='ocrx_word' id='word_1_716' title='bbox 597 5601 702 5658; x_wconf 84' lang='lat' dir='ltr'><strong>est,</strong></span> <span class='ocrx_word' id='word_1_717' title='bbox 734 5590 1054 5659; x_wconf 79' lang='lat' dir='ltr'><strong>Moriamur;</strong></span> <span class='ocrx_word' id='word_1_718' title='bbox 1089 5590 1184 5647; x_wconf 76' lang='lat' dir='ltr'><strong>Vel</strong></span> <span class='ocrx_word' id='word_1_719' title='bbox 1217 5593 1297 5648; x_wconf 88' lang='lat' dir='ltr'><strong>sic</strong></span> <span class='ocrx_word' id='word_1_720' title='bbox 1328 5594 1459 5649; x_wconf 88' lang='lat' dir='ltr'><strong>dicit</strong></span> <span class='ocrx_word' id='word_1_721' title='bbox 1486 5612 1498 5647; x_wconf 91' lang='lat'>:</span> <span class='ocrx_word' id='word_1_722' title='bbox 1524 5591 1760 5650; x_wconf 90' lang='lat' dir='ltr'><strong>Omnino</strong></span> <span class='ocrx_word' id='word_1_723' title='bbox 1789 5596 1836 5651; x_wconf 92' lang='lat' dir='ltr'><strong>si</strong></span> <span class='ocrx_word' id='word_1_724' title='bbox 1873 5596 2133 5651; x_wconf 86' lang='lat' dir='ltr'><strong>iverimus</strong></span> <span class='ocrx_word' id='word_1_725' title='bbox 2153 5637 2168 5662; x_wconf 84' lang='grc'><strong>,</strong></span> 
     </span>
    </p>
   </div>
   <div class='ocr_carea' id='block_1_101' title="bbox 601 5683 2170 5759">
    <p class='ocr_par' dir='ltr' id='par_1_101' title="bbox 601 5683 2170 5759">
     <span class='ocr_line' id='line_1_101' title="bbox 601 5683 2170 5759; baseline 0.005 -24"><span class='ocrx_word' id='word_1_726' title='bbox 601 5683 899 5750; x_wconf 73' lang='lat' dir='ltr'><strong>periimus;</strong></span> <span class='ocrx_word' id='word_1_727' title='bbox 946 5683 1042 5737; x_wconf 87' lang='lat' dir='ltr'><strong>sed</strong></span> <span class='ocrx_word' id='word_1_728' title='bbox 1082 5690 1265 5736; x_wconf 88' lang='lat' dir='ltr'><strong>tamen</strong></span> <span class='ocrx_word' id='word_1_729' title='bbox 1298 5684 1410 5754; x_wconf 87' lang='lat' dir='ltr'><strong>pati</strong></span> <span class='ocrx_word' id='word_1_730' title='bbox 1456 5698 1567 5738; x_wconf 91' lang='lat' dir='ltr'><strong>non</strong></span> <span class='ocrx_word' id='word_1_731' title='bbox 1601 5700 1921 5741; x_wconf 86' lang='lat' dir='ltr'><strong>recusemus</strong></span> <span class='ocrx_word' id='word_1_732' title='bbox 1942 5726 1957 5749; x_wconf 87' lang='lat'><strong>,</strong></span> <span class='ocrx_word' id='word_1_733' title='bbox 1992 5703 2170 5759; x_wconf 90' lang='lat' dir='ltr'><strong>neque</strong></span> 
     </span>
    </p>
   </div>
   <div class='ocr_carea' id='block_1_102' title="bbox 597 5771 2155 5843">
    <p class='ocr_par' dir='ltr' id='par_1_102' title="bbox 597 5771 2155 5843">
     <span class='ocr_line' id='line_1_102' title="bbox 597 5771 2155 5843; baseline 0.006 -19"><span class='ocrx_word' id='word_1_734' title='bbox 597 5772 741 5825; x_wconf 88' lang='lat' dir='ltr'><strong>enim</strong></span> <span class='ocrx_word' id='word_1_735' title='bbox 762 5773 899 5827; x_wconf 88' lang='lat' dir='ltr'><strong>tanti</strong></span> <span class='ocrx_word' id='word_1_736' title='bbox 925 5771 1105 5828; x_wconf 80' lang='lat' dir='ltr'><strong>facere</strong></span> <span class='ocrx_word' id='word_1_737' title='bbox 1127 5774 1295 5828; x_wconf 81' lang='lat' dir='ltr'><strong>vitam</strong></span> <span class='ocrx_word' id='word_1_738' title='bbox 1330 5788 1429 5827; x_wconf 90' lang='lat' dir='ltr'><strong>nos</strong></span> <span class='ocrx_word' id='word_1_739' title='bbox 1459 5782 1709 5843; x_wconf 85' lang='lat' dir='ltr'><strong>oportet;</strong></span> <span class='ocrx_word' id='word_1_740' title='bbox 1743 5776 1788 5831; x_wconf 90' lang='lat' dir='ltr'><strong>si</strong></span> <span class='ocrx_word' id='word_1_741' title='bbox 1820 5787 1999 5833; x_wconf 88' lang='lat' dir='ltr'><strong>autem</strong></span> <span class='ocrx_word' id='word_1_742' title='bbox 2031 5795 2155 5833; x_wconf 84' lang='lat' dir='ltr'><strong>sus-</strong></span> 
     </span>
    </p>
   </div>
   <div class='ocr_carea' id='block_1_103' title="bbox 2272 4678 3860 4751">
    <p class='ocr_par' dir='ltr' id='par_1_103' title="bbox 2272 4678 3860 4751">
     <span class='ocr_line' id='line_1_103' title="bbox 2272 4678 3860 4751; baseline -0.001 -18"><span class='ocrx_word' id='word_1_743' title='bbox 2272 4681 2474 4751; x_wconf 76' lang='grc' dir='ltr'>φθῆναι</span> <span class='ocrx_word' id='word_1_744' title='bbox 2502 4679 2610 4750; x_wconf 83' lang='grc' dir='ltr'>γὰρ</span> <span class='ocrx_word' id='word_1_745' title='bbox 2653 4679 2752 4733; x_wconf 83' lang='grc' dir='ltr'>οὐκ</span> <span class='ocrx_word' id='word_1_746' title='bbox 2779 4678 3052 4751; x_wconf 86' lang='grc' dir='ltr'>ἀνέχεται,</span> <span class='ocrx_word' id='word_1_747' title='bbox 3084 4679 3218 4733; x_wconf 80' lang='grc' dir='ltr'>ἀλλὰ</span> <span class='ocrx_word' id='word_1_748' title='bbox 3249 4680 3342 4732; x_wconf 72' lang='grc' dir='ltr'>καὶ</span> <span class='ocrx_word' id='word_1_749' title='bbox 3369 4680 3494 4743; x_wconf 76' lang='grc' dir='ltr'>τοὺς</span> <span class='ocrx_word' id='word_1_750' title='bbox 3515 4679 3705 4742; x_wconf 82' lang='grc' dir='ltr'>ἄλλους</span> <span class='ocrx_word' id='word_1_751' title='bbox 3726 4679 3860 4732; x_wconf 84' lang='grc' dir='ltr'>ἀνα-</span> 
     </span>
    </p>
   </div>
   <div class='ocr_carea' id='block_1_104' title="bbox 2272 4770 3859 4844">
    <p class='ocr_par' dir='ltr' id='par_1_104' title="bbox 2272 4770 3859 4844">
     <span class='ocr_line' id='line_1_104' title="bbox 2272 4770 3859 4844; baseline -0.001 -17"><span class='ocrx_word' id='word_1_752' title='bbox 2272 4771 2449 4827; x_wconf 78' lang='grc' dir='ltr'>πείθει</span> <span class='ocrx_word' id='word_1_753' title='bbox 2496 4771 2655 4826; x_wconf 78' lang='grc' dir='ltr'>τοῦτο</span> <span class='ocrx_word' id='word_1_754' title='bbox 2701 4774 2892 4826; x_wconf 76' lang='grc' dir='ltr'>ποιεῖν’</span> <span class='ocrx_word' id='word_1_755' title='bbox 2948 4776 3097 4844; x_wconf 83' lang='grc' dir='ltr'>ὅμως</span> <span class='ocrx_word' id='word_1_756' title='bbox 3143 4772 3310 4825; x_wconf 88' lang='grc' dir='ltr'>οίεται</span> <span class='ocrx_word' id='word_1_757' title='bbox 3364 4773 3443 4825; x_wconf 80' lang='grc' dir='ltr'>ὅτι</span> <span class='ocrx_word' id='word_1_758' title='bbox 3507 4774 3600 4825; x_wconf 74' lang='grc' dir='ltr'>καὶ</span> <span class='ocrx_word' id='word_1_759' title='bbox 3662 4770 3859 4826; x_wconf 84' lang='grc' dir='ltr'>παθεῖν</span> 
     </span>
    </p>
   </div>
   <div class='ocr_carea' id='block_1_105' title="bbox 2274 4860 3860 4933">
    <p class='ocr_par' dir='ltr' id='par_1_105' title="bbox 2274 4860 3860 4933">
     <span class='ocr_line' id='line_1_105' title="bbox 2274 4860 3860 4933; baseline -0.002 -18"><span class='ocrx_word' id='word_1_760' title='bbox 2274 4861 2498 4933; x_wconf 73' lang='grc' dir='ltr'>ἔμελλον</span> <span class='ocrx_word' id='word_1_761' title='bbox 2526 4861 2630 4915; x_wconf 83' lang='grc' dir='ltr'><strong>ὑπὸ</strong></span> <span class='ocrx_word' id='word_1_762' title='bbox 2653 4862 2942 4926; x_wconf 78' lang='grc' dir='ltr'>Ἰουδαίων,</span> <span class='ocrx_word' id='word_1_763' title='bbox 2972 4862 3033 4914; x_wconf 87' lang='grc' dir='ltr'>οὐ</span> <span class='ocrx_word' id='word_1_764' title='bbox 3056 4860 3303 4924; x_wconf 75' lang='grc' dir='ltr'>θέλοντος</span> <span class='ocrx_word' id='word_1_765' title='bbox 3339 4860 3525 4923; x_wconf 77' lang='grc' dir='ltr'>αὐτοῦ,</span> <span class='ocrx_word' id='word_1_766' title='bbox 3558 4861 3642 4913; x_wconf 66' lang='grc' dir='ltr'><strong>διὰ</strong></span> <span class='ocrx_word' id='word_1_767' title='bbox 3676 4861 3737 4913; x_wconf 82' lang='grc' dir='ltr'>τὸ</span> <span class='ocrx_word' id='word_1_768' title='bbox 3762 4879 3860 4930; x_wconf 69' lang='grc' dir='ltr'>φο-</span> 
     </span>
    </p>
   </div>
   <div class='ocr_carea' id='block_1_106' title="bbox 2275 4953 3858 5025">
    <p class='ocr_par' dir='ltr' id='par_1_106' title="bbox 2275 4953 3858 5025">
     <span class='ocr_line' id='line_1_106' title="bbox 2275 4953 3858 5025; baseline -0.003 -13"><span class='ocrx_word' id='word_1_769' title='bbox 2275 4960 2424 5012; x_wconf 80' lang='grc' dir='ltr'>νικὸν</span> <span class='ocrx_word' id='word_1_770' title='bbox 2466 4956 2575 5011; x_wconf 88' lang='grc' dir='ltr'><strong>τῶν</strong></span> <span class='ocrx_word' id='word_1_771' title='bbox 2635 4956 2921 5019; x_wconf 84' lang='grc' dir='ltr'>Ἰουδαίων,</span> <span class='ocrx_word' id='word_1_772' title='bbox 2954 4957 3014 5008; x_wconf 80' lang='grc' dir='ltr'>οὐ</span> <span class='ocrx_word' id='word_1_773' title='bbox 3064 4955 3281 5009; x_wconf 83' lang='grc' dir='ltr'>σκοπῶν</span> <span class='ocrx_word' id='word_1_774' title='bbox 3308 4955 3410 5025; x_wconf 82' lang='grc' dir='ltr'>τὴν</span> <span class='ocrx_word' id='word_1_775' title='bbox 3441 4954 3534 5007; x_wconf 77' lang='grc' dir='ltr'>τοῦ</span> <span class='ocrx_word' id='word_1_776' title='bbox 3591 4953 3858 5019; x_wconf 77' lang='grc' dir='ltr'>σώζοντος</span> 
     </span>
    </p>
   </div>
   <div class='ocr_carea' id='block_1_107' title="bbox 2275 5045 3857 5121">
    <p class='ocr_par' dir='ltr' id='par_1_107' title="bbox 2275 5045 3857 5121">
     <span class='ocr_line' id='line_1_107' title="bbox 2275 5045 3857 5121; baseline -0.003 -18"><span class='ocrx_word' id='word_1_777' title='bbox 2275 5050 2525 5121; x_wconf 85' lang='grc' dir='ltr'>δύναμιν,</span> <span class='ocrx_word' id='word_1_778' title='bbox 2550 5048 2690 5119; x_wconf 74' lang='grc' dir='ltr'>ὅπερ</span> <span class='ocrx_word' id='word_1_779' title='bbox 2718 5048 2826 5102; x_wconf 75' lang='grc' dir='ltr'>ἔδει</span> <span class='ocrx_word' id='word_1_780' title='bbox 2869 5046 3088 5118; x_wconf 81' lang='grc' dir='ltr'>μᾶλλον.</span> <span class='ocrx_word' id='word_1_781' title='bbox 3124 5046 3325 5100; x_wconf 87' lang='grc' dir='ltr'>Ἐποίει</span> <span class='ocrx_word' id='word_1_782' title='bbox 3346 5045 3402 5099; x_wconf 83' lang='grc' dir='ltr'>δὲ</span> <span class='ocrx_word' id='word_1_783' title='bbox 3428 5047 3624 5109; x_wconf 81' lang='grc' dir='ltr'>αὐτοὺς</span> <span class='ocrx_word' id='word_1_784' title='bbox 3649 5045 3857 5109; x_wconf 70' lang='grc' dir='ltr'>δειλοὺς</span> 
     </span>
    </p>
   </div>
   <div class='ocr_carea' id='block_1_108' title="bbox 2275 5133 3856 5214">
    <p class='ocr_par' dir='ltr' id='par_1_108' title="bbox 2275 5133 3856 5214">
     <span class='ocr_line' id='line_1_108' title="bbox 2275 5133 3856 5214; baseline -0.003 -19"><span class='ocrx_word' id='word_1_785' title='bbox 2275 5143 2303 5196; x_wconf 89' lang='grc' dir='ltr'><strong>ό</strong></span> <span class='ocrx_word' id='word_1_786' title='bbox 2332 5141 2591 5214; x_wconf 83' lang='grc' dir='ltr'>Χριστὸς,</span> <span class='ocrx_word' id='word_1_787' title='bbox 2617 5141 2758 5213; x_wconf 85' lang='grc' dir='ltr'>ὑπὲρ</span> <span class='ocrx_word' id='word_1_788' title='bbox 2801 5141 2999 5211; x_wconf 87' lang='grc' dir='ltr'>μέτρον</span> <span class='ocrx_word' id='word_1_789' title='bbox 3047 5137 3382 5202; x_wconf 79' lang='grc' dir='ltr'>ἀνεξικακῶν</span> <span class='ocrx_word' id='word_1_790' title='bbox 3421 5141 3478 5191; x_wconf 79' lang='grc' dir='ltr'>ἐν</span> <span class='ocrx_word' id='word_1_791' title='bbox 3507 5133 3586 5201; x_wconf 76' lang='grc' dir='ltr'>οἷς</span> <span class='ocrx_word' id='word_1_792' title='bbox 3618 5140 3856 5208; x_wconf 80' lang='grc' dir='ltr'>ἔπασχεν</span> 
     </span>
    </p>
   </div>
   <div class='ocr_carea' id='block_1_109' title="bbox 2277 5227 3857 5303">
    <p class='ocr_par' dir='ltr' id='par_1_109' title="bbox 2277 5227 3857 5303">
     <span class='ocr_line' id='line_1_109' title="bbox 2277 5227 3857 5303; baseline -0.003 -15"><span class='ocrx_word' id='word_1_793' title='bbox 2277 5235 2382 5288; x_wconf 76' lang='grc' dir='ltr'><strong>ὑπὸ</strong></span> <span class='ocrx_word' id='word_1_794' title='bbox 2420 5233 2710 5288; x_wconf 80' lang='grc' dir='ltr'>Ἰουδαίων.</span> <span class='ocrx_word' id='word_1_795' title='bbox 2750 5233 2911 5301; x_wconf 86' lang='grc' dir='ltr'>Λέγει</span> <span class='ocrx_word' id='word_1_796' title='bbox 2940 5227 3031 5285; x_wconf 76' lang='grc' dir='ltr'><strong>οὖν</strong></span> <span class='ocrx_word' id='word_1_797' title='bbox 3073 5230 3148 5302; x_wconf 78' lang='grc' dir='ltr'>μὴ</span> <span class='ocrx_word' id='word_1_798' title='bbox 3180 5232 3375 5303; x_wconf 79' lang='grc' dir='ltr'>χρῆναι</span> <span class='ocrx_word' id='word_1_799' title='bbox 3403 5229 3732 5300; x_wconf 74' lang='grc' dir='ltr'>χωρίζεσθαι</span> <span class='ocrx_word' id='word_1_800' title='bbox 3761 5232 3857 5284; x_wconf 80' lang='grc' dir='ltr'>τοῦ</span> 
     </span>
    </p>
   </div>
   <div class='ocr_carea' id='block_1_110' title="bbox 2278 5321 3856 5393">
    <p class='ocr_par' dir='ltr' id='par_1_110' title="bbox 2278 5321 3856 5393">
     <span class='ocr_line' id='line_1_110' title="bbox 2278 5321 3856 5393; baseline -0.004 -14"><span class='ocrx_word' id='word_1_801' title='bbox 2278 5325 2615 5390; x_wconf 82' lang='grc' dir='ltr'>διδασκάλου,</span> <span class='ocrx_word' id='word_1_802' title='bbox 2647 5327 2696 5379; x_wconf 84' lang='grc' dir='ltr'>εἰ</span> <span class='ocrx_word' id='word_1_803' title='bbox 2736 5325 2829 5379; x_wconf 77' lang='grc' dir='ltr'><strong>καὶ</strong></span> <span class='ocrx_word' id='word_1_804' title='bbox 2870 5321 3233 5393; x_wconf 82' lang='grc' dir='ltr'>ἁναμφίὸολος</span> <span class='ocrx_word' id='word_1_805' title='bbox 3274 5321 3558 5392; x_wconf 84' lang='grc' dir='ltr'>πρόκειται</span> <span class='ocrx_word' id='word_1_806' title='bbox 3592 5321 3856 5386; x_wconf 74' lang='grc' dir='ltr'>κίνδυνοςο</span> 
     </span>
    </p>
   </div>
   <div class='ocr_carea' id='block_1_111' title="bbox 2278 5412 3851 5489">
    <p class='ocr_par' dir='ltr' id='par_1_111' title="bbox 2278 5412 3851 5489">
     <span class='ocr_line' id='line_1_111' title="bbox 2278 5412 3851 5489; baseline -0.003 -17"><span class='ocrx_word' id='word_1_807' title='bbox 2278 5420 2353 5483; x_wconf 88' lang='grc' dir='ltr'><strong>ώς</strong></span> <span class='ocrx_word' id='word_1_808' title='bbox 2409 5418 2736 5489; x_wconf 83' lang='grc' dir='ltr'>ὑπομειδιῶν</span> <span class='ocrx_word' id='word_1_809' title='bbox 2767 5418 2823 5470; x_wconf 77' lang='grc' dir='ltr'>δὲ</span> <span class='ocrx_word' id='word_1_810' title='bbox 2878 5416 3075 5487; x_wconf 86' lang='grc' dir='ltr'>τρόπον</span> <span class='ocrx_word' id='word_1_811' title='bbox 3126 5414 3247 5468; x_wconf 81' lang='grc' dir='ltr'>τινὰ</span> <span class='ocrx_word' id='word_1_812' title='bbox 3285 5416 3314 5467; x_wconf 84' lang='grc' dir='ltr'><strong>ὁ</strong></span> <span class='ocrx_word' id='word_1_813' title='bbox 3346 5414 3547 5483; x_wconf 81' lang='grc' dir='ltr'>Θωμᾶς</span> <span class='ocrx_word' id='word_1_814' title='bbox 3578 5412 3731 5482; x_wconf 78' lang='grc' dir='ltr'>ἔλεγε</span> <span class='ocrx_word' id='word_1_815' title='bbox 3768 5415 3851 5479; x_wconf 79' lang='grc' dir='ltr'>τὸ,</span> 
     </span>
    </p>
   </div>
   <div class='ocr_carea' id='block_1_112' title="bbox 2282 5503 3855 5581">
    <p class='ocr_par' dir='ltr' id='par_1_112' title="bbox 2282 5503 3855 5581">
     <span class='ocr_line' id='line_1_112' title="bbox 2282 5503 3855 5581; baseline -0.005 -17"><span class='ocrx_word' id='word_1_816' title='bbox 2282 5510 2569 5581; x_wconf 72' lang='grc' dir='ltr'>Ἄγωμεν,</span> <span class='ocrx_word' id='word_1_817' title='bbox 2620 5509 2762 5563; x_wconf 76' lang='grc' dir='ltr'>τοῦτ’</span> <span class='ocrx_word' id='word_1_818' title='bbox 2789 5508 2959 5573; x_wconf 75' lang='grc' dir='ltr'>ἐστιν,</span> <span class='ocrx_word' id='word_1_819' title='bbox 2998 5506 3398 5576; x_wconf 80' lang='grc' dir='ltr'>Ἀποοάνωμεν.</span> <span class='ocrx_word' id='word_1_820' title='bbox 3431 5505 3502 5557; x_wconf 81' lang='lat' dir='ltr'><strong>&quot;II</strong></span> <span class='ocrx_word' id='word_1_821' title='bbox 3529 5503 3671 5557; x_wconf 80' lang='grc' dir='ltr'>οὓτω</span> <span class='ocrx_word' id='word_1_822' title='bbox 3698 5506 3855 5573; x_wconf 85' lang='grc' dir='ltr'>φησί·</span> 
     </span>
    </p>
   </div>
   <div class='ocr_carea' id='block_1_113' title="bbox 2275 5595 3855 5668">
    <p class='ocr_par' dir='ltr' id='par_1_113' title="bbox 2275 5595 3855 5668">
     <span class='ocr_line' id='line_1_113' title="bbox 2275 5595 3855 5668; baseline -0.002 -16"><span class='ocrx_word' id='word_1_823' title='bbox 2275 5600 2498 5661; x_wconf 78' lang='grc' dir='ltr'>Πάντως</span> <span class='ocrx_word' id='word_1_824' title='bbox 2541 5599 2636 5653; x_wconf 82' lang='grc' dir='ltr'><strong>ὲάν</strong></span> <span class='ocrx_word' id='word_1_825' title='bbox 2679 5598 3028 5668; x_wconf 83' lang='grc' dir='ltr'>ἀπέλθωμεν,</span> <span class='ocrx_word' id='word_1_826' title='bbox 3075 5595 3514 5668; x_wconf 84' lang='grc' dir='ltr'>ἀποθνήσκομεν,</span> <span class='ocrx_word' id='word_1_827' title='bbox 3574 5596 3725 5663; x_wconf 81' lang='grc' dir='ltr'>ὅμως</span> <span class='ocrx_word' id='word_1_828' title='bbox 3777 5595 3855 5667; x_wconf 85' lang='grc' dir='ltr'>μὴ</span> 
     </span>
    </p>
   </div>
   <div class='ocr_carea' id='block_1_114' title="bbox 2275 5685 3855 5761">
    <p class='ocr_par' dir='ltr' id='par_1_114' title="bbox 2275 5685 3855 5761">
     <span class='ocr_line' id='line_1_114' title="bbox 2275 5685 3855 5761; baseline -0.001 -18"><span class='ocrx_word' id='word_1_829' title='bbox 2275 5689 2736 5761; x_wconf 80' lang='grc' dir='ltr'>παραιτησώμεθα</span> <span class='ocrx_word' id='word_1_830' title='bbox 2799 5690 2859 5742; x_wconf 88' lang='grc' dir='ltr'>τὸ</span> <span class='ocrx_word' id='word_1_831' title='bbox 2924 5688 3133 5742; x_wconf 87' lang='grc' dir='ltr'>παθεῖν·</span> <span class='ocrx_word' id='word_1_832' title='bbox 3189 5689 3248 5742; x_wconf 73' lang='grc' dir='ltr'>οὐ</span> <span class='ocrx_word' id='word_1_833' title='bbox 3303 5689 3411 5760; x_wconf 80' lang='grc' dir='ltr'><strong>γὰρ</strong></span> <span class='ocrx_word' id='word_1_834' title='bbox 3462 5688 3543 5741; x_wconf 85' lang='grc' dir='ltr'><strong>δεῖ</strong></span> <span class='ocrx_word' id='word_1_835' title='bbox 3599 5685 3855 5742; x_wconf 78' lang='grc' dir='ltr'>τοσοῦτον</span> 
     </span>
    </p>
   </div>
   <div class='ocr_carea' id='block_1_115' title="bbox 2266 5777 3857 5853">
    <p class='ocr_par' dir='ltr' id='par_1_115' title="bbox 2266 5777 3857 5853">
     <span class='ocr_line' id='line_1_115' title="bbox 2266 5777 3857 5853; baseline -0.001 -20"><span class='ocrx_word' id='word_1_836' title='bbox 2266 5782 2578 5851; x_wconf 63' lang='grc' dir='ltr'>φιλοψυχεῖν</span> <span class='ocrx_word' id='word_1_837' title='bbox 2616 5798 2627 5811; x_wconf 93' lang='grc'>·</span> <span class='ocrx_word' id='word_1_838' title='bbox 2680 5784 2727 5834; x_wconf 82' lang='grc' dir='ltr'>εἰ</span> <span class='ocrx_word' id='word_1_839' title='bbox 2773 5782 2827 5835; x_wconf 84' lang='grc' dir='ltr'>δὲ</span> <span class='ocrx_word' id='word_1_840' title='bbox 2871 5783 3074 5853; x_wconf 83' lang='grc' dir='ltr'>ἐγείρει</span> <span class='ocrx_word' id='word_1_841' title='bbox 3122 5782 3213 5835; x_wconf 79' lang='grc' dir='ltr'>τὸν</span> <span class='ocrx_word' id='word_1_842' title='bbox 3264 5780 3478 5851; x_wconf 86' lang='grc' dir='ltr'>νεκρὸν,</span> <span class='ocrx_word' id='word_1_843' title='bbox 3522 5777 3774 5849; x_wconf 81' lang='grc' dir='ltr'>περιττὸς</span> <span class='ocrx_word' id='word_1_844' title='bbox 3828 5779 3857 5831; x_wconf 86' lang='grc' dir='ltr'><strong>ὀ</strong></span> 
     </span>
    </p>
   </div>
  </div>
