4106 6262
503 397 575 452 ss
1346 388 1411 442 IN
1440 344 1779 443 tomum.
1805 385 2007 441 —-LlB.
2050 387 2070 439 ι

2178 385 2264 440 ΕΤ
2309 383 2423 438 Vill
2469 381 2913 437 FRAGMENTA.
3687 385 3758 442 46

458 554 463 561 .
504 511 682 582 φόϐος⁸
711 510 905 580 ἔχομεν
938 507 1043 579 γὰρ
1070 507 1163 560 τὸν
1191 506 1488 575 δυνάμενον
1520 506 1816 575 ἀναστῆσαι
1848 503 1986 574 μετὰ
2011 503 2070 555 τὸ

2176 502 2311 554 citat
2361 508 2660 565 mortuum,
2687 498 3001 568 superfluus
3025 507 3107 552 est
3131 498 3587 563 timor,habemus
3609 503 3756 558 enim

402 659 423 673 _
508 604 706 657 πεσεῖν.

568 688 687 745 Ἦν
705 689 774 742 δὲ
800 690 837 757 ἡ
863 688 1129 755 Βηθανία
1147 686 1326 756 ἐγγὺς
1356 685 1474 739 τῶν
1507 685 1936 754 Ἱεροσολύμων
1953 682 2071 737 ἀπὸ

499 782 761 837 σταδίων
782 780 1131 833 δεκαπέντε.
1426 807 1433 813 ι

569 871 668 925 Διὰ
697 871 855 924 τοῦτο
889 872 978 922 καὶ
1014 870 1072 921 τὸ
1115 868 1389 938 διάστημα
1420 867 1564 934 λέγει
1591 866 1698 918 τῶν
1721 865 1939 936 ἡμερῶν
1967 866 2074 918 τῶν

499 965 637 1035 μετὰ
667 965 757 1017 τὸν
784 963 1010 1017 θάνατον
1047 961 1319 1031 Λαζάρου,
1358 961 1442 1013 ἵνα
1475 962 1565 1013 ἐπὶ
1594 961 1751 1013 πλέον
1785 959 2072 1030 θαυμασθῇ

497 1057 559 1109 τὸ
598 1055 803 1126 θαῦμα,
841 1055 935 1107 καὶ
986 1054 1059 1124 μή
1121 1071 1205 1116 τις
1251 1052 1383 1124 εἴπῃ
1418 1054 1598 1124 τυχὸν,
1650 1054 1729 1106 ὃτι
1768 1052 1905 1122 μετὰ
1946 1052 2071 1119 μίαν

499 1147 709 1217 ἡμέραν
739 1145 1006 1217 ἐληλύθει,
1063 1145 1157 1198 καὶ
1185 1145 1285 1198 οὐκ
1312 1140 1379 1215 ἦν
1423 1143 1671 1207 τεθνεὼς,
1718 1143 1849 1196 ἀλλὰ
1892 1144 2074 1213 ἀρρω-

501 1237 726 1292 στοῦντα
768 1238 929 1291 αὐτὸν
970 1238 1177 1307 ἤγειρε.
1212 1237 1376 1303 Λέγει
1408 1235 1464 1289 δὲ
1497 1237 1578 1288 ὃτι
1619 1235 1802 1289 πολλοὶ
1838 1232 1977 1305 ¹ἦσαν
2016 1237 2075 1287 ὲν

498 1330 562 1399 τῇ
610 1327 851 1398 Βηθανία
894 1326 1158 1392 Ἰουδαῖοι,
1203 1325 1379 1378 καίτοι
1427 1324 1625 1394 χωρίου
1666 1326 1766 1376 οὐκ
1805 1324 1955 1387 δντοξ
1978 1341 2076 1376 πο-

496 1418 870 1487 λυανθρώπου,
899 1418 963 1470 ὲκ
992 1417 1090 1485 τῆς
1131 1415 1481 1485 Ἰερουσαλὴμ
1512 1415 1971 1486 παραγενόμενον
2016 1416 2074 1468 οὐ

495 1510 603 1579 γὰρ
658 1505 726 1579 ἦν
766 1509 900 1561 πολὺ
930 1508 990 1561 τὸ
1029 1509 1127 1577 τῆς
1148 1508 1268 1560 ὁδοῦ
1309 1498 1584 1576 διάστημα
1611 1506 1672 1559 τὸ
1713 1506 1920 1559 κωλύον
1952 1508 2077 1570 τοὺς

499 1600 836 1660 ὲνδιαθέτους
867 1599 1052 1668 φίλους
1086 1601 1323 1651 συνεῖναι
1373 1600 1491 1659 ταῖς
1525 1598 1653 1668 περὶ
1674 1598 1771 1668 τὴν
1822 1599 2075 1669 Μάρθαν·

500 1690 619 1760 ἢτοι
647 1691 879 1761 ἐπείπερ
921 1690 1245 1753 ἐξάκουστον
1272 1689 1461 1758 γέγονε
1486 1688 1547 1741 τὸ
1579 1687 1761 1759 θαῦμα
1792 1691 1850 1742 ὲν
1889 1693 1953 1761 τῇ
1988 1691 2079 1743 Ἰε-

503 1784 780 1855 ρουσαλὴμ
828 1782 976 1853 παρὰ
1015 1784 1146 1836 πᾶσι
1191 1784 1284 1836 καὶ
1326 1783 1383 1835 ἐν
1421 1784 1486 1852 τῇ
1533 1781 1857 1852 περιχώρῳ,
1898 1782 2077 1853 τίθησι

497 1876 593 1947 τὴν
622 1876 817 1939 αἰτίαν,
845 1876 924 1927 ὅτι
970 1875 1177 1928 πολλῶν
1214 1874 1382 1927 ὄντων
1408 1876 1556 1937 ἐκεῖ,
1587 1874 1811 1937 εἰκότως
1834 1874 2079 1927 ἅπαντα·

495 1967 619 2036 χόσε
645 1966 853 2036 διεδόθη
880 1968 908 2018 6
942 1966 1116 2033 λόγος⁸
1146 1965 1255 2018 τῶν
1301 1965 1401 2034 μὲν
1436 1964 1842 2035 θαυμαζόντων,
1880 1964 1987 2018 τῶν
2019 1965 2077 2017 δὲ

494 2058 580 2109 διὰ
615 2049 808 2124 φθόνον
845 2058 1146 2111 λαλούντων
1171 2058 1232 2109 τὸ
1277 2057 1519 2126 γεγονὸς,
1556 2056 1691 2127 πρὸς
1730 2057 1792 2110 τὸ
1819 2056 2078 2128 διαϐολὴν

496 2154 715 2221 ποιῆσαι
743 2150 820 2221 τῷ
843 2150 1079 2221 θαύματι
1106 2150 1193 2203 διὰ
1218 2149 1740 2220 ψευδοκατηγορίας.

590 2322 656 2375 Ἡ
689 2318 802 2375 οὖν
834 2320 1038 2388 Μάρθα
1079 2321 1155 2385 ὡς
1187 2319 1453 2386 ἤκουσεν
1498 2318 1587 2371 ὅτι
1638 2318 1875 2385 Ἰησοῦς
1911 2317 2075 2386 ἔρχε-

503 2432 616 2479 ται,
652 2412 1006 2481 ὑπήντησεν
1031 2410 1206 2475 αὐτῷ·
1228 2413 1420 2479 Μαρία
1445 2410 1514 2462 δὲ
1542 2410 1611 2462 ἐν
1632 2409 1710 2475 τῷ
1731 2410 1873 2476 οἴκῳ
1900 2411 2074 2464 ἐκαθ-

502 2506 679 2569 ἐζετο.

572 2599 722 2667 Τάχα
754 2597 810 2649 δὲ
845 2594 1145 2665 θερμοτέρα
1177 2594 1275 2664 μὲν
1307 2594 1341 2663 ἡ
1370 2592 1573 2664 Μάρθα
1597 2592 1733 2664 πρὸς
1759 2591 1821 2645 τὸ
1852 2594 2073 2665 ποιῆσαι

497 2690 564 2744 τὰ
601 2690 787 2742 δέοντα
811 2702 822 2714 ·
872 2687 953 2741 διὸ
986 2688 1081 2740 καὶ
1129 2684 1314 2757 πρώτη
1359 2686 1635 2756 ὑπήντησε
1661 2702 1674 2715 ο
1729 2685 2074 2755 συνετωτέρα

493 2782 552 2836 δὲ
578 2784 611 2852 ἠ
642 2780 826 2851 Μαρία
853 2796 867 2810 ·
920 2778 1002 2832 διὸ
1040 2778 1116 2841 ὡς
1141 2777 1503 2847 αἰσθητικωτέ
1512 2794 1613 2849 ραν
1650 2776 1846 2846 ἔχουσα
1872 2775 2069 2847 ψυχὴν,

493 2870 704 2941 ἔμεινεν
750 2869 917 2934 οῐκοι,
965 2869 1064 2930 τὰς
1108 2869 1171 2919 ὲκ
1220 2866 1329 2920 τῶν
1376 2865 1884 2937 παραμυθουμένων
1918 2866 2070 2936 δεχο-

499 2963 630 3034 μένη
699 2944 1013 3031 θεραπείας.
1080 2959 1147 3011 Ἦ
1208 2958 1263 3011 δὲ
1330 2958 1527 3030 Μάρθα
1587 2958 1662 3021 ὡς
1730 2958 2073 3029 ἁπλουστέρα

494 3054 719 3126 ἔδραμε,
757 3051 1031 3124 μεθύουσα
1065 3051 1162 3115 μὲν
1194 3048 1271 3120 τῷ
1303 3050 1497 3117 πάθει,
1550 3048 1791 3121 φέρουσα
1828 3050 1884 3102 δὲ
1922 3050 2071 3121 ὅμως

495 3146 782 3209 νεανικῶς.

563 3240 760 3306 Κύριε,
800 3238 852 3290 εὶ
890 3231 965 3306 ἦς
1015 3228 1161 3297 ὦδε,
1220 3235 1329 3288 οὐκ
1382 3234 1457 3287 ἂν
1483 3231 1779 3288 ἀπέθανεν
1814 3234 1848 3286 ὁ
1892 3231 2069 3287 ἀδελ-

495 3328 606 3397 φός
628 3346 769 3397 μου.

570 3423 634 3473 '0
663 3420 808 3489 λέγει
837 3422 871 3491 ἡ
897 3419 1122 3493 Μάρθα,
1162 3416 1403 3470 τοιοῦτον
1434 3418 1581 3469 ἐστιν
1606 3431 1619 3444 '
1666 3416 1739 3469 Οὐ
1768 3415 1855 3469 διὰ
1890 3414 2066 3479 τοῦό,

495 3512 682 3580 φησιν,
729 3510 994 3564 ἀπέθανεν
1045 3509 1073 3560 6
1124 3506 1351 3576 ἀδελφός
1404 3522 1527 3575 μου,
1574 3506 1656 3558 ὅτι
1708 3505 1988 3558 ὑπόκειται
2042 3507 2068 3574 ἠ

494 3599 779 3670 ἀνθρώπου
810 3599 971 3667 φύσις
1010 3596 1087 3668 τῷ
1114 3596 1351 3666 θανάτῳ,
1401 3595 1514 3648 ἀλλ’
1550 3595 1632 3647 ὅτι
1662 3595 1727 3646 σὺ
1766 3596 1824 3647 οὐ
1866 3596 2067 3666 παρῆς,

496 3694 525 3744 6
552 3690 643 3743 τὸν
676 3690 902 3743 θάνατον
928 3688 1146 3756 νικῆσαι
1172 3688 1464 3755 δυνάμενος
1486 3685 1574 3737 διὰ
1601 3686 1694 3737 τοῦ
1720 3686 2070 3756 προστάγμα-

498 3799 610 3846 τος.
642 3780 778 3834 Ὑπὸ
809 3779 865 3833 δὲ
887 3780 985 3848 τῆς
1022 3777 1198 3846 λύπης
1223 3776 1326 3843 ἔξω
1349 3775 1442 3829 τοῦ
1467 3778 1833 3848 προσήκοντος
1855 3778 2067 3831 πλανω-

502 3874 659 3946 μένη,
697 3870 914 3942 ἐνόμιζε
957 3869 1154 3940 μηκέτι
1198 3865 1451 3920 δύνασθαί
1494 3883 1546 3918 τι
1582 3868 1802 3937 ποιῆσαι
1839 3868 1927 3920 τὸν
1951 3868 2068 3921 Κύ-

499 3982 612 4039 ριον
639 3981 652 3995 ·
694 3963 771 4026 ὡς
807 3960 1257 4033 παραδραμόντος
1283 3956 1375 4010 τοῦ
1398 3956 1608 4030 καιροῦ,
1638 3959 1728 4011 καὶ
1749 3957 1880 4029 ᾤετο
1906 3961 2070 4014 αὑτὸν

497 4054 949 4128 παραγεγονέναι,
978 4052 1078 4105 οὐκ
1104 4050 1197 4103 ἐπὶ
1218 4048 1295 4120 τῷ
1316 4050 1619 4120 ἀναστῆσαι
1651 4046 1920 4119 Λάζαρον,
1953 4050 2066 4103 ἀλλ’
2094 4054 2098 4065 “

494 4149 580 4203 ἵνα
619 4145 1080 4218 παραμυθήσηται
1128 4141 1317 4205 αὐτάς.
1367 4142 1581 4212 Ἠρέμα
1625 4141 1732 4210 γὰρ
1779 4140 1927 4211 αὐτῷ
1976 4143 2069 4194 καὶ

493 4238 873 4307 ὑπομέμφεται
906 4233 1249 4305 βραδύναντι.
1281 4232 1375 4285 καὶ
1406 4232 1480 4302 μὴ
1509 4232 1669 4293 εὐθὺς
1700 4230 1909 4284 ἐλθόντι
1942 4233 2075 4300 ὅταν,

493 4331 720 4400 ἠδύνατο
751 4327 987 4398 βοηθεῖν,
1021 4325 1109 4379 ὅτε
1143 4323 1468 4376 ἀπέστειλαν
1492 4322 1747 4390 λέγουσαι
1772 4339 1786 4352 υ
1838 4323 2063 4392 «Κύριε,

493 4398 567 4474 ἴδε
584 4422 641 4477 ὃν
659 4420 849 4488 φιλεῖς,
872 4416 1107 4470 ἀσθενεῖ.
1138 4434 1157 4467 ι
1178 4398 1255 4467 Τὸ
1271 4415 1326 4468 δὲ
1344 4413 1542 4482 λέγειν,
1578 4431 1597 4464 ι
1625 4415 1765 4467 Ὅσα
1780 4414 1844 4467 ἂν
1866 4416 2067 4487 αἰτήσῃ

2176 592 2269 660 qui
2304 591 2522 659 lapsum
2560 589 2773 658 erigere
2810 590 3013 656 possit.

2244 681 2336 745 XI,
2376 681 2463 734 18.
2498 678 2631 732 Erat
2659 688 2831 732 autem
2869 678 3133 732 Bethania
3164 678 3373 731 distans
3398 680 3461 731 ab
3500 677 3758 735 Hieroso-

2177 773 2332 844 lymis
2365 769 2661 840 quindecim
2693 770 2897 824 stadia.

2245 862 2544 931 Propterea
2576 861 2743 916 etiam
2776 861 3015 931 spatium
3047 861 3261 914 dierum
3293 859 3428 914 dicit
3460 869 3585 930 post
3617 876 3759 914 mor-

2177 964 2284 1010 tem
2318 954 2546 1019 Lazari,
2582 960 2641 1008 ut
2681 952 2854 1022 magis
2890 953 3225 1021 stupendum
3268 954 3340 1009 sit
3386 954 3753 1021 miraculum;

2177 1061 2279 1100 nec
2303 1046 2597 1115 quisquam
2627 1044 2768 1099 forte
2788 1044 2937 1099 dicat
2955 1056 2973 1107 ,'
2998 1053 3117 1112 post
3146 1061 3314 1098 unum
3340 1046 3482 1099 diem
3513 1048 3753 1111 venisse,

2176 1152 2277 1191 nec
2311 1136 2481 1191 fuisse
2510 1143 2809 1200 mortuum,
2832 1137 2923 1190 sed
2956 1136 3222 1190 duntaxat
3252 1137 3597 1206 languentem
3630 1152 3757 1191 sus-

2178 1232 2398 1284 citasse.
2435 1228 2524 1281 Ait
2590 1238 2769 1283 autem
2802 1228 3006 1282 multos
3039 1229 3090 1282 in
3140 1227 3404 1283 Bethania
3447 1229 3623 1284 fuisse
3660 1228 3757 1283 .Iu-

2180 1322 2329 1376 dzeos
2360 1323 2452 1390 qui
2487 1321 2556 1375 ab
2585 1320 2893 1376 Jerusalem
2933 1320 3313 1375 advenerant:
3351 1321 3557 1391 alioqui
3606 1322 3754 1376 enim

2179 1413 2333 1467 locus
2383 1412 2472 1466 ille
2512 1427 2619 1467 non
2677 1411 2974 1466 admodum
3003 1413 3319 1467 hominibus
3340 1414 3622 1484 frequens,
3656 1431 3755 1469 nec

2182 1519 2375 1573 magna
2402 1504 2569 1558 etiam
2602 1511 2725 1557 erat
2752 1504 3107 1573 intercapedo
3133 1520 3195 1558 ac
3223 1506 3485 1559 distantia
3513 1522 3634 1575 qua:
3659 1507 3758 1560 im-

2180 1595 2393 1663 pediret
2427 1596 2724 1666 quominus
2788 1596 2951 1649 amici
2990 1596 3053 1649 ad
3090 1595 3361 1650 Martbam
3398 1601 3752 1664 accederent;
3812 1610 3820 1617 '

2182 1686 2264 1739 vel
2300 1686 2557 1754 quoniam
2594 1696 2916 1755 pervaserat
2952 1685 3095 1740 fama
3127 1687 3378 1740 miraculi
3414 1704 3631 1742 omnem
3661 1688 3756 1742 Je-

2181 1760 2420 1836 rusalem
2472 1786 2525 1831 et
2587 1778 3046 1847 circumjacentia
3093 1779 3247 1845 loca;
3295 1780 3451 1847 ponit
3492 1795 3750 1845 causam,

2178 1870 2325 1939 quod
2361 1870 2549 1925 multis
2611 1869 2685 1925 ibi
2730 1870 3123 1925 exsistentibus
3170 1869 3532 1940 undequaque
3573 1871 3773 1926 disse-‘

2179 1961 2421 2016 minatus
2475 1970 2559 2016 est
2621 1976 2851 2016 sermo:
2912 1961 3033 2016 aliis
3090 1959 3314 2031 quidem
3374 1961 3750 2017 mirantibus.

2175 2053 2335 2123 681
2375 2054 2502 2108 aliis
2538 2068 2668 2107 vero
2705 2069 2804 2123 per
2837 2052 3102 2106 invidiam
3129 2052 3332 2106 factum
3359 2052 3750 2115 referentibus,

2178 2153 2237 2197 ut
2282 2161 2377 2214 per
2429 2145 2596 2199 falsas
2658 2146 3045 2198 accusationes
3101 2144 3367 2198 miraculo
3416 2142 3750 2217 calumniam

2177 2236 2516 2305 alliugerent.
2784 2276 2789 2279 λ

2246 2324 2339 2387 XI,
2360 2324 2447 2380 ‘10.
2492 2325 2707 2379 Martha
2736 2325 2896 2395 igitur
2926 2336 2983 2378 ut
3004 2326 3210 2379 andirit
3240 2326 3379 2395 quod
3402 2324 3560 2379 Jesus
3591 2325 3751 2392 venit,

2175 2419 2405 2470 accurrit
2436 2418 2549 2481 illi;
2581 2416 2759 2470 Maria
2800 2434 2915 2471 vero
2949 2416 3092 2469 domi
3115 2416 3348 2470 sedebat.

2248 2504 2460 2559 Martha
2502 2506 2721 2575 quidem
2768 2506 3054 2575 aliquanto
3101 2505 3400 2559 ferventior
3444 2507 3512 2559 ad
3559 2520 3753 2562 neces-

2175 2599 2319 2653 saria
2350 2600 2603 2654 obeunda
2624 2639 2638 2662 ,
2672 2598 2795 2654 ideo
2827 2599 3002 2669 prima
3035 2599 3088 2652 in
3122 2613 3414 2653 occursum
3450 2600 3631 2667 venit;
3670 2601 3753 2653 in-

2176 2689 2510 2758 telligentior
2544 2700 2729 2745 autem
2764 2690 2933 2745 Maria
2956 2730 2970 2753 ,
3006 2690 3328 2760 habensque
3358 2692 3597 2744 animam
3629 2705 3751 2745 ma-

2170 2781 2311 2849 joris
2340 2796 2535 2835 sensus
2591 2796 2844 2851 capacem
2866 2824 2881 2849 ,
2913 2782 3062 2836 domi
3094 2784 3299 2838 mansit
3329 2783 3395 2836 ad
3426 2782 3751 2852 excipienda

2174 2869 2617 2923 consolationum
2668 2869 2863 2924 officia.
2912 2869 3122 2923 Martha
3161 2886 3290 2925 vero
3338 2880 3397 2925 ut
3445 2872 3751 2940 simplicior

2169 2961 2453 3025 cucurrit,
2490 2961 2642 3015 ebria
2680 2961 2902 3031 quidem
2937 2972 2991 3017 et
3024 2962 3257 3019 confusa
3301 2964 3488 3028 luctu,
3534 2965 3629 3020 sed
3670 2973 3752 3018 ta-

2174 3061 2297 3101 men
2334 3047 2512 3103 ferens
2545 3048 2780 3105 fortiter.

2248 3224 2339 3290 XI,
2374 3225 2464 3280 2L
2507 3210 2755 3294 Damine,
2786 3230 2831 3284 si
2857 3229 2939 3283 hic
2966 3231 3177 3300 fuisses,
3208 3249 3313 3288 non
3349 3243 3587 3290 mortuus
3615 3247 3750 3291 esset

2181 3318 2348 3375 frater
2379 3334 2543 3373 meas.

2250 3408 2403 3474 Quod
2434 3409 2567 3463 dicit
2597 3411 2807 3467 Martha
2833 3414 3105 3483 ejusmodi
3138 3423 3217 3471 est
3251 3436 3262 3469 :
3294 3414 3413 3471 Non
3448 3418 3571 3471 ideo
3594 3459 3609 3481 ,
3643 3420 3747 3482 ait,

2183 3507 2435 3552 mortuus
2489 3508 2575 3554 est
2625 3499 2795 3555 frater
2835 3517 3024 3567 meus,
3078 3502 3205 3571 quia
3261 3510 3456 3555 natura
3506 3503 3748 3556 hominis

2179 3591 2341 3644 morti
2361 3592 2732 3661 subjacet,sed
2764 3594 2893 3663 quia
2915 3601 2972 3647 tu
3007 3610 3113 3647 non
3144 3595 3473 3664 aderas,qui
3507 3596 3624 3648 solo
3647 3596 3749 3647 im-

2179 3686 2333 3752 perio
2364 3695 2592 3738 mortem
2626 3686 2842 3739 vincere
2872 3693 3049 3752 potes.
3082 3684 3199 3738 Prae
3231 3685 3418 3739 dolore
3440 3700 3569 3739 vero
3592 3693 3747 3739 extra

2181 3782 2413 3835 rationis
2442 3779 2577 3833 fines
2603 3784 2828 3846 evagata
2854 3776 3129 3830 existimat
3159 3776 3293 3829 nihil
3339 3776 3574 3845 amplius
3608 3792 3747 3846 pra:-

2180 3882 2329 3927 stare
2361 3888 2526 3942 posse
2560 3859 2852 3923 Dominum
2874 3910 2888 3935 ,
2924 3878 3186 3938 tanquam
3211 3868 3397 3937 elapsa
3424 3869 3745 3933 occasione,

2176 3967 2510 4036 putabatque
2538 3965 2722 4033 ipsum
2754 3962 2977 4016 venisse
3009 3976 3114 4014 non
3146 3961 3210 4015 ad
3240 3961 3613 4035 suscitandum
3642 3961 3746 4015 La-

2177 4071 2401 4119 zarum,
2437 4055 2528 4109 sed
2570 4052 2636 4107 ad
2684 4052 2831 4123 ipsas
2874 4050 3263 4105 consolandas.
3318 4050 3383 4104 Et
3431 4042 3595 4107 tacite.
3624 4055 3749 4122 qui-

2176 4147 2298 4201 dem
2324 4147 2371 4201 ei
2400 4151 2690 4200 succenset
2718 4153 2980 4210 tanquam
3015 4142 3245 4194 nimium
3279 4151 3513 4205 morato,
3549 4154 3601 4197 et
3634 4159 3744 4198 non

2177 4240 2362 4295 statim
2397 4236 2648 4307 profecto
2677 4250 2802 4289 cum
2841 4234 3099 4287 auxiliari
3136 4241 3406 4302 potestate
3431 4274 3444 4296 ,
3480 4250 3603 4289 cum
3644 4238 3745 4289 mi-

2175 4335 2363 4385 serant
2416 4327 2485 4381 ad
2541 4341 2665 4380 eum
2722 4324 3009 4378 dicentes:
3055 4340 3073 4372 ι
3106 4320 3367 4385 Domine,
3402 4336 3529 4375 ecce
3580 4336 3740 4391 quem

2175 4435 2327 4474 amas
2356 4420 2603 4488 languet.
2638 4435 2657 4468 ι
2687 4415 2876 4468 Dicere
2898 4429 3046 4476 vero,
3075 4432 3091 4463 ι
3115 4413 3385 4482 Quidquid
3423 4414 3743 4483 poposceris

493 4513 581 4566 τὸν
624 4512 776 4573 Θεὸν,
824 4509 984 4563 δώσει
1018 4525 1119 4573 σοι,
1156 4526 1174 4558 ι
1219 4506 1637 4577 ὑπερυθριώσης
1666 4505 1783 4558 ἐστὶ
1817 4506 2066 4577 φανερῶς

2176 4510 2371 4573 Deum,
2391 4510 2566 4570 dabit,
2591 4526 2607 4557 ι
2633 4506 3016 4561 erubescentis
3049 4512 3134 4558 est
3163 4514 3347 4573 petere
3376 4512 3563 4573 aperte
3594 4506 3739 4572 quod

495 4603 712 4673 αἰτῆσαι
747 4601 774 4653 ὂ
811 4601 1093 4671 βούλεται·
1142 4600 1290 4667 ὅμως
1324 4596 1618 4666 σφάλλεται
1650 4596 1778 4668 περὶ
1802 4596 1901 4665 τὴν
1933 4597 2068 4668 ἀλὴ·

493 4697 663 4761 θειαν,
709 4696 806 4765 οὐχ
854 4692 925 4755 ὡς
979 4690 1097 4761 Θεῷ
1136 4690 1511 4758 διαλεγομένη,
1560 4687 1674 4740 ἀλλ’
1726 4687 1801 4749 ὡς
1844 4689 1922 4739 ἐνὶ
1964 4687 2069 4741 τῶν

491 4790 683 4857 ἁγίων,
725 4786 813 4839 διὰ
844 4785 939 4855 τὴν
968 4782 1251 4854 ὁρωμένην
1275 4780 1476 4849 σάρκα,
1499 4780 1718 4849 οἰομένη
1750 4780 1831 4831 ὅτι
1865 4779 1965 4857 ὅσα
2002 4779 2068 4831 ἂν

492 4883 688 4951 αἰτήσῃ
736 4880 811 4947 ῶς
841 4878 1015 4945 ἆγιος,
1046 4874 1311 4944 λαμϐάνει
1337 4872 1444 4926 ἀπὸ
1481 4871 1637 4935 Θεοῦ,
1680 4871 1741 4923 οὑ
1774 4871 1871 4939 μὲν
1898 4870 2067 4922 εἰδυῖα

492 4979 573 5030 ὅτι
612 4975 770 5043 φύσει
801 4972 932 5034 Θεὸς
960 4970 1034 5023 ὢν
1068 4971 1161 5023 καὶ
1186 4968 1416 5036 δύναμις
1445 4966 1538 5020 τοῦ
1576 4964 1811 5035 Πατρὸς,
1856 4965 2067 5034 ἄμαχον

490 5068 603 5139 ἔχει
631 5066 726 5137 τὴν
757 5065 848 5118 ἐπὶ
874 5064 1038 5116 πᾶσιν
1071 5061 1243 5130 ἰσχύν.
1294 5059 1354 5111 El
1386 5059 1501 5130 ᾔδει
1547 5058 1656 5129 γὰρ
1693 5057 1786 5127 ,ὅτι
1818 5055 1948 5118 Θεὸς
1976 5052 2065 5126 ἦν,

489 5162 587 5213 οὐκ
606 5158 675 5213 ἂν
701 5153 876 5219 εἶπεν,
904 5156 984 5207 ὅτι
1013 5173 1029 5204 ι
1053 5154 1116 5206 Εἰ
1146 5148 1212 5222 ἦς
1243 5146 1363 5203 ὧδε⁸
1399 5170 1415 5200 ι
1440 5152 1468 5204 6
1500 5148 1608 5219 γὰρ
1634 5147 1766 5211 Θεὸς
1791 5144 2062 5215 πανταχοῦ

489 5255 657 5305 ἐστιν.
701 5250 760 5301 Ὀ
797 5245 980 5318 μέντοι
1026 5243 1250 5315 Κύριος,
1299 5242 1386 5295 διὰ
1435 5241 1495 5294 τὸ
1540 5239 1932 5309 ἁφιλόκομπον,
1967 5239 2066 5290 οὐκ

490 5337 663 5405 εἶπεν,
680 5337 888 5410 Ἐγερῶ
899 5337 989 5390 τὸν
1002 5335 1227 5403 ἀδελφόν
1242 5351 1358 5395 σου,
1382 5333 1538 5396 ἀλλὰ,
1563 5350 1582 5384 ι
1617 5332 2025 5400 ’Λναστήσεταιο
2040 5349 2058 5381 ι

494 5433 771 5504 μονονουχὶ
790 5430 973 5501 ἡρέμα
1003 5427 1171 5496 αὐτὴν
1195 5425 1454 5496 ἐλέγχων,
1471 5425 1565 5509 ναὶ
1588 5424 1784 5492 λέγων’
1819 5422 2063 5474 Ἀνίστα-

494 5538 580 5576 ται
607 5520 702 5592 μὲν
735 5518 915 5582 καθὼς
952 5515 1148 5587 βούλει,
1180 5515 1322 5587 πλὴν
1364 5515 1460 5583 οὐχ
1492 5514 1566 5577 ὡς
1597 5514 1665 5580 ⁸σὺ
1693 5511 1955 5581 νομίζεις.
2000 5511 2063 5563 Εἰ

489 5613 600 5686 γὰρ
621 5612 721 5667 οἴει
758 5611 824 5665 δι’
853 5611 1019 5680 εὐχῆς
1054 5608 1147 5660 καὶ
1185 5609 1450 5678 αἰτήσεως
1487 5605 1644 5658 τοῦτο
1679 5603 1957 5666 ἀνύεσθαι,
2000 5602 2062 5653 σὺ

493 5708 634 5761 ποίει
662 5705 723 5758 τὸ
761 5706 858 5774 τῆς
887 5702 1074 5772 εὐχῆς,
1119 5702 1191 5771 μὴ
1232 5700 1335 5771 μὴν
1374 5699 1497 5769 ἐμοὶ
1529 5699 1784 5751 ἐπίταττε
1828 5694 1906 5763 τῷ
1936 5693 2066 5744 θαυ-

494 5795 803 5870 ματουργῷ,
840 5795 897 5858 ὃς
936 5793 1170 5861 δύναμαι
1198 5794 1263 5860 τῇ
1306 5792 1411 5861 ἰδίᾳ
1464 5789 1605 5859 ἰσχύϊ
1646 5786 1945 5855 ἀναστῆσαι
1976 5783 2065 5835 τὸν

2173 4602 2343 4655 velit:
2400 4608 2581 4653 tamen
2637 4598 2858 4651 aberrat
2912 4611 2941 4648 a
2999 4596 3270 4660 veritate,
3322 4610 3430 4648 non
3480 4602 3740 4662 tanquam

2174 4691 2379 4754 Deum,
2418 4689 2511 4744 sed
2567 4696 2825 4757 tanquam
2882 4703 3047 4740 unum
3097 4697 3411 4740 sanctorum
3456 4686 3742 4752 alloquens

2173 4788 2401 4850 propter
2448 4793 2669 4832 carnem
2698 4791 2862 4846 quam
2911 4776 3157 4838 videbat,
3200 4784 3317 4827 rata
3348 4774 3612 4843 quidquid
3646 4790 3742 4843 pe-

2173 4877 2311 4923 teret
2343 4876 2398 4921 ut
2433 4877 2660 4921 sanctus
2682 4906 2695 4929 ,
2734 4882 2763 4919 a
2807 4866 2915 4919 Deo
2945 4877 3295 4934 accepturum
3329 4882 3484 4929 esse,
3518 4864 3741 4918 minime.

2172 4960 2389 5028 quidem
2425 4972 2596 5029 gnara
2633 4958 2800 5011 Deum
2837 4968 3031 5011 natura
3064 4973 3185 5011 esse
3227 4965 3281 5009 et
3319 4956 3496 5010 Patris
3548 4964 3743 5024 poten-

2172 5053 2337 5115 tiam,
2390 5051 2708 5121 invictaque
2759 5049 2815 5102 in
2860 5050 3117 5103 omnibus
3153 5047 3199 5099 vi
3235 5047 3456 5115 pollere.
3508 5046 3563 5099 Si
3595 5048 3740 5122 enim

2126 5156 2133 5189 ι
2172 5144 2425 5198 scivissct
2459 5141 2622 5195 Deum
2652 5156 2804 5203 esse,
2832 5155 2941 5193 non
2969 5139 3202 5193 dixisset
3225 5155 3236 5188 :
3260 5136 3348 5188 «Si
3373 5137 3462 5190 hic
3480 5135 3735 5196 fuisses,»

2168 5235 2316 5289 Deus
2345 5234 2489 5288 enim
2539 5234 2741 5301 ubique
2772 5240 2876 5285 est.
2911 5227 3523 5292 EnimveroDominus,
3554 5238 3613 5281 ut
3646 5228 3739 5295 qui

2168 5328 2319 5379 omni
2349 5324 2618 5393 jactantia
2649 5327 2896 5384 careret,
2934 5335 3043 5373 non
3087 5319 3263 5373 dixit:
3295 5318 3591 5374 Suscitabo
3627 5317 3739 5371 fra-

2166 5424 2307 5470 trem
2342 5423 2495 5467 tuum
2526 5430 2540 5477 ;
2589 5413 2681 5466 sed
2716 5430 2732 5461 ι
2762 5410 3031 5478 Resurget
3057 5448 3071 5472 ,
3105 5427 3123 5460 ι
3156 5411 3549 5480 propemodum
3590 5408 3735 5461 illam

2170 5507 2225 5561 in
2257 5506 2477 5560 occulto
2511 5502 2862 5570 redarguens.
2892 5508 2947 5554 et
2973 5499 3199 5556 dicens:
3224 5501 3485 5570 Resurgit
3515 5497 3735 5566 quidem

2167 5594 2627 5668 quemadmodum
2659 5594 2742 5645 vis
2764 5633 2777 5657 ,
2811 5592 2902 5647 sed
2932 5607 3042 5645 non
3071 5593 3525 5661 quemadmodum
3553 5594 3734 5653 putas.

2170 5692 2227 5745 Si
2264 5693 2409 5746 enim
2438 5690 2618 5744 credis
2653 5703 2749 5758 per
2779 5702 2971 5756 preces
2996 5694 3050 5739 et
3086 5688 3396 5755 rogationes
3431 5678 3482 5729 id
3520 5671 3731 5740 perﬁci.

2169 5791 2225 5835 tu
2275 5798 2432 5836 sume
2476 5780 2574 5833 tibi
2622 5787 2805 5848 partes
2842 5775 3072 5837 orandi,
3127 5792 3197 5827 ne
3237 5788 3363 5827 vero
3414 5763 3545 5817 mihi
3597 5771 3735 5823 prae-
