4106 6262
382 389 464 441 ‘17
838 422 839 425 η
1420 386 1476 438 S.
1519 383 1791 439 CYRILIJ
1834 384 1977 438 ALE‘

2077 384 2301 439 NllllINl
2338 382 2654 438 ARClllEP.
3602 381 3669 434 1.3

397 501 576 555 scribe
600 501 993 556 miraculorum
1020 501 1248 565 factori,
1282 502 1373 570 qui
1408 517 1633 570 possunt
1672 502 1891 571 propria
1932 502 1977 556 vi

2085 503 2296 573 νεκρόν.
2325 500 2509 555 Ταῦτα
2539 500 2876 571 ἁκούσασαή
2919 499 3076 569 γυνὴ,
3125 499 3216 551 καὶ
3249 500 3538 570 αἰδουμένη
3573 500 3671 570 μὲν

380 600 675 647 »ιιιοι-ιυιιιιι
720 594 1016 647 suscitare.
1056 591 1181 646 Huic
1211 607 1333 645 eum
1366 591 1638 646 audiisset
1672 592 1888 655 mulier,
1922 601 1978 648 et

361 664 572 744 l;verita
615 683 833 737 dicere:
874 682 1029 737 Nunc
1072 683 1250 753 ipsum
1294 682 1529 749 suscita,
1557 682 1977 753 quodammodo

364 764 367 773 ’
400 773 639 829 incitans
673 790 797 829 eum
841 773 908 828 ad
942 789 1058 828 rem
1094 772 1517 843 aggrediendam
1554 772 1978 844 perficiendam-

356 855 365 868 ’
397 879 504 932 que
540 864 755 918 videtur
788 863 999 917 tristari
1031 863 1197 934 682
1232 862 1307 917 ob
1343 863 1803 934 longinquitatem
1838 872 1977 918 tem-

399 955 548 1021 poris
572 997 587 1022 ,
624 955 920 1026 inquiens:
955 973 974 1006 σ
1007 953 1137 1009 Scio
1180 954 1325 1023 quod
1375 962 1633 1026 resurget
1683 955 1739 1009 in
1780 955 1976 1009 ultima

397 1045 518 1110 die,
554 1065 572 1098 ι
600 1046 693 1101 sed
724 1053 849 1102 ante
894 1052 1112 1115 tempus
1141 1061 1398 1116 cuperem
1427 1044 1615 1100 videre
1646 1044 1834 1100 fratris
1870 1045 1975 1100 mei

296 1160 311 1181 -
399 1140 885 1195 resurrectionem.
943 1137 1073 1194 Sive
1115 1154 1240 1193 cum
1285 1138 1550 1194 Dominus
1578 1138 1816 1193 dixisset
1847 1138 1973 1205 hoc,

405 1229 708 1300 .Resurget
744 1229 910 1284 frater
940 1238 1125 1296 tuus,»
1151 1238 1359 1284 tantum
1381 1244 1494 1284 non
1521 1230 1822 1285 assentilur
1844 1229 1978 1284 huic

396 1320 637 1392 dogmati
672 1321 893 1385 mulier,
931 1320 1156 1376 dicens:
1191 1320 1320 1375 Scio
1350 1319 1476 1384 hoc,
1510 1320 1682 1375 credo
1707 1321 1850 1391 quod
1888 1335 1979 1375 ve-

399 1414 515 1469 niet
545 1414 703 1478 hora,
730 1421 784 1468 et
814 1413 1168 1483 egredienlur
1195 1413 1291 1483 qui
1319 1413 1461 1467 bona
1493 1412 1769 1479 fecerunt,
1793 1412 1858 1466 ad
1894 1427 1980 1467 re-

382 1506 800 1561 surrectionem
843 1506 999 1569 vitae,
1044 1507 1138 1575 qui
1188 1520 1320 1561 vero
1374 1505 1522 1559 mala
1563 1514 1976 1576 perpetrarunt,

400 1597 467 1652 ad
504 1598 970 1654 resurrectionem
998 1597 1198 1667 iudicii
1229 1599 1296 1653 ⁸⁷.
1333 1597 1603 1653 Similiter
1633 1605 1689 1654 et
1714 1595 1890 1653 Isaias
1921 1598 1975 1653 in

396 1688 608 1760 Spiritu
640 1691 780 1745 dixit
810 1709 822 1744 :
864 1708 882 1740 ι
912 1688 1224 1760 Resurgent
1258 1689 1551 1756 mortui,et
1584 1691 1980 1746 excitabuntur

2080 597 2274 660 εἰπεῖν,
2295 596 2376 648 ὅτι
2400 594 2510 648 Νῦν
2534 594 2696 647 αὑτὸν
2722 593 3049 663 ἁνάστησον,
3071 593 3271 660 τρόπον
3293 593 3348 646 δέ
3373 611 3495 648 τινα
3527 612 3671 667 παρα

2078 686 2342 751 οξύνουσα
2376 686 2538 740 αὑτὸν
2573 686 2654 749 εἰς
2695 684 2756 738 τὸ
2785 686 3009 755 ποιῆσαι
3052 683 3147 738 νῦν
3193 683 3255 737 τὸ
3296 684 3491 755 ἔργον,
3526 686 3673 739 δοκεῖ

2081 795 2198 842 πως
2226 779 2516 850 ἀδημονεῖν
2554 777 2682 849 περὶ
2719 777 2818 848 τὴν
2850 776 3163 848 βραδύτητα
3194 775 3289 829 τοῦ
3322 778 3538 847 χρόνου,
3576 776 3669 832 λέ-

2079 887 2252 939 γουσα
2279 888 2293 901 ·
2336 866 2495 925 «Οἶδα
2518 872 2599 924 ὅτι
2628 870 2994 941 ἀναστήσεται
3018 872 3075 922 ὲν
3099 872 3165 941 τῇ
3196 869 3401 942 ἐσχάτῃ
3426 869 3663 941 ήμέρᾳ,ο

2077 961 2215 1016 ἀλλά
2247 963 2496 1035 πρόωρον
2529 961 2655 1014 ἰδεῖν
2705 960 2961 1031 ἐπιθυμῶ
2992 961 3092 1030 τὴν
3125 959 3221 1013 τοῦ
3268 959 3499 1030 ἀδελφοῦ
3533 961 3669 1014 ἀνά-

2080 1073 2287 1112 στασιν.
2308 1056 2466 1108 Ἤτοι
2490 1054 2584 1107 τοῦ
2612 1054 2815 1125 Κυρίου
2844 1053 3092 1116 εἰπόντος
3121 1052 3203 1119 τὸ,
3228 1070 3248 1103 ι
3273 1054 3667 1124 ’Δναστήσεται

2079 1150 2108 1201 6
2128 1148 2355 1217 ἁδελφός
2391 1164 2505 1211 σου,
2533 1166 2548 1199 ι
2581 1146 2864 1217 μονονουχὶ
2882 1147 3122 1199 συναινεῖ
3136 1143 3214 1215 τῷ
3229 1144 3461 1215 δόγματι
3491 1144 3668 1215 τούτῳ

2079 1241 2113 1311 ή
2132 1240 2280 1309 γυνὴ
2306 1238 2538 1306 λέγουσα
2566 1254 2579 1267 ·
2614 1233 2744 1290 Οἶδα
2772 1236 2929 1291 τοῦτο
2955 1253 2968 1266 ·
2997 1234 3239 1289 πιστεύω
3264 1234 3375 1307 γὰρ
3403 1236 3484 1290 ὅτι
3512 1236 3667 1308 ἔρχεο

2078 1346 2166 1382 ται
2198 1329 2336 1402 ὥρα,
2372 1328 2467 1381 καὶ
2502 1326 2871 1392 ἐξελεύσονται
2916 1329 2966 1380 οἱ
3011 1328 3081 1380 τά
3110 1327 3292 1397 ἀγαθά
3318 1330 3663 1399 ποιήσαντες,

2080 1421 2161 1484 εἰς
2186 1420 2479 1473 ἀνάστασιν
2508 1417 2652 1490 ζωῆς
2677 1435 2689 1449 ·
2736 1421 2784 1472 οἱ
2820 1419 2876 1472 δὲ
2910 1419 2979 1472 τὰ
3009 1420 3192 1488 φαῦλα
3227 1420 3552 1490 πράξαντες,
3586 1420 3666 1481 εἰς

2081 1514 2378 1567 ἀνάστασιν
2430 1512 2665 1584 κρίσεως
2717 1510 2960 1583 (ὁμοίως
3011 1513 3068 1566 δὲ
3115 1512 3211 1566 καὶ
3254 1514 3282 1565 6
3318 1512 3555 1575 ’Ἡσαΐας
3602 1512 3665 1564 ἓν

2081 1604 2360 1675 Πνεύματι
2409 1601 2597 1657 εἶπεν·
2651 1624 2668 1655 ι
2712 1605 3133 1675 Ἀναστήσονται
3188 1605 3237 1657 οἱ
3296 1603 3521 1674 νεκροὶ,
3571 1603 3665 1656 καὶ

2082 1697 2542 1781 ὲγερθήσονταιοοὶ
2576 1696 2763 1759 ἐντοῖς
2797 1694 3116 1766 μνημείοις·
3145 1713 3163 1745 ι
3186 1695 3204 1763 )
3226 1695 3287 1747 ού
3322 1692 3665 1765 γάράπιστῶ

399 1785 490 1853 qui
517 1792 643 1838 sunt
661 1784 712 1838 in
742 1784 1114 1840 monumentis
1130 1785 1226 1840 ³⁸.»
1244 1782 1363 1839 Non
1385 1784 1530 1839 enim
1552 1785 1977 1840 resurrectionis

2080 1786 2160 1858 τῷ
2184 1790 2286 1859 τῆς
2314 1786 2662 1850 ἀναστάσεως
2696 1785 2862 1856 λόγῳ,
2898 1786 2975 1848 ὡς
2999 1786 3050 1837 οἱ
3083 1784 3448 1839 Σαδδουκαῖοι.

398 1875 641 1930 sermoni
677 1874 834 1931 fidem
869 1890 977 1930 non
1009 1875 1220 1942 habeo,
1256 1877 1428 1932 veluti
1460 1876 1771 1935 Sadduczei.

454 1965 573 2033 ’Xl,
615 1968 707 2023 25.
765 1966 914 2021 Dixit
956 1968 1004 2023 ei
1037 1968 1233 2023 Jesus:
1265 1967 1376 2040 Ego
1423 1985 1538 2023 sum
1582 1971 1900 2026 resurrectio
1928 1979 1978 2024 et

398 2063 525 2125 vita,
557 2069 666 2117 etC.
1884 2060 1885 2065 “

452 2151 707 2208 'Prorsus,
728 2152 1087 2208 honorarium
1113 2160 1167 2207 et
1197 2150 1416 2208 fructus
1450 2152 1573 2208 tidei
1604 2153 1658 2207 in
1688 2152 1974 2208 Christum

395 2253 483 2301 est
512 2245 624 2300 vita
663 2246 1033 2315 sempiterna,
1064 2255 1120 2300 et
1146 2260 1257 2300 non
1292 2247 1454 2301 aliter
1484 2246 1588 2301 hoc
1619 2246 1843 2301 advenit
1872 2246 1973 2299 ho-

396 2337 564 2392 minis
598 2337 816 2390 animte.
842 2326 906 2389 Si
931 2336 1077 2390 enim
1099 2344 1332 2405 propter
1357 2335 1643 2389 Christum
1670 2350 1864 2390 omnes
1891 2351 1979 2390 re-
2006 2372 2011 2383 ι

396 2428 675 2499 surgimus
695 2467 710 2491 ,
741 2427 857 2481 hrec
888 2426 1137 2495 profecto
1182 2442 1313 2481 vera
1364 2426 1474 2480 vita
1511 2437 1596 2481 est
1626 2427 1748 2482 sine
1786 2428 1891 2482 line
1920 2426 1975 2481 in

393 2520 742 2578 beatitudine
771 2520 956 2573 vivere
982 2534 996 2570 :
1030 2518 1168 2572 nihil
1202 2519 1349 2573 enim
1380 2518 1561 2572 diﬂert
1589 2534 1618 2571 a
1650 2526 1861 2580 morte,
1888 2533 1978 2573 rc-

396 2626 622 2684 surgere
649 2610 915 2666 duntaxat
943 2610 1007 2662 ad
1039 2622 1280 2679 poenam.
1313 2606 1369 2661 Si
1401 2608 1573 2679 igitur
1600 2608 1748 2663 videt
1773 2607 1977 2678 aliquis

395 2716 449 2760 et
476 2713 699 2759 sanctos
729 2700 1068 2767 morientes,
1098 2701 1193 2770 qui
1227 2699 1684 2770 pollicitationem
1724 2700 1849 2754 vita:
1882 2714 1976 2754 ac-

396 2802 698 2868 ceperunt,
736 2792 873 2847 nihil
917 2792 1022 2847 hoc
1055 2800 1143 2847 est
1171 2831 1186 2857 ,
1235 2799 1290 2846 et
1336 2799 1551 2847 tantum
1584 2800 1671 2847 est
1701 2801 1977 2862 quatenus

398 2885 618 2943 accidit.
651 2880 923 2939 Caeterum
974 2882 1173 2937 idoneo
1212 2882 1447 2951 tempori
1494 2881 1685 2953 gratia:
1729 2881 1978 2936 ostensio

397 2984 733 3044 reservatur,
763 2990 885 3046 quae
923 2990 1034 3030 non
1074 2974 1129 3029 in
1159 2974 1436 3046 aliquibus
1478 2976 1732 3047 partibus
1764 2974 1974 3042 valeat,

394 3070 492 3125 sed
521 3070 577 3123 in
619 3068 881 3124 omnibus
914 3069 1291 3135 continenter,
1325 3065 1505 3137 iisque
1539 3068 1634 3137 qui
1666 3067 1777 3136 jam
1814 3074 1977 3123 antea

396 3162 567 3216 evita
601 3160 971 3224 excesserint,
1015 3167 1233 3230 gustata
1268 3159 1527 3214 nonnihil
1579 3166 1758 3214 morte
1803 3174 1978 3230 usque

397 3252 463 3306 ad
529 3266 881 3306 communem
941 3249 1429 3306 resurrectionem.
1496 3247 1653 3305 Tunc
1710 3250 1857 3305 enim
1920 3251 1978 3305 in

396 3357 687 3399 commune
726 3356 921 3397 onmes
950 3340 1120 3398 bonis
1159 3339 1435 3396 fruentur.
1474 3339 1611 3394 Cum
1652 3356 1784 3396 vero
1836 3339 1980 3396 dixit

398 3433 703 3489 Servator:
738 3452 756 3485 ι
791 3431 848 3487 Si
892 3442 1148 3489 mortuus
1203 3431 1407 3499 fuerit,
1439 3432 1622 3497 vivet,
1657 3453 1675 3486 ι
1707 3448 1816 3488 non
1855 3449 1981 3489 sus-

402 3527 528 3582 tulit
582 3542 647 3581 ex
704 3526 808 3583 hoc
844 3526 1048 3581 saeculo
1092 3533 1366 3589 mortem,
1408 3524 1506 3580 sed
1555 3532 1788 3580 eatenus
1829 3526 1977 3580 illam

397 3632 560 3693 posse
600 3615 866 3672 adversus
905 3616 1099 3672 fideles
1135 3616 1422 3686 permisit,
1457 3624 1736 3687 quatenus
1766 3626 1977 3673 tantum

397 3706 645 3772 accidat,
689 3723 791 3763 suo
820 3709 967 3761 enim
1010 3707 1243 3775 tempori
1277 3708 1706 3764 resurrectionis
1740 3709 1976 3780 gratiam

399 3796 723 3854 reservavit.
758 3797 847 3849 Ait
884 3811 1056 3865 ergo:
1089 3794 1207 3848 Non
1243 3796 1663 3852 erit.immunis
1721 3812 1750 3850 a
1799 3807 1980 3852 morte

397 3888 583 3944 carnis
619 3894 842 3958 propter
878 3884 1250 3940 conditionem
1304 3886 1557 3941 humanm
1597 3895 1844 3955 naturae,
1886 3889 1980 3959 qui

399 3983 454 4036 in
515 3996 601 4036 me
655 3977 873 4045 credit;
926 3985 1301 4032 verumtamen
1362 3976 1500 4030 nihil
1555 3976 1683 4031 inde
1736 3976 1982 4047 patietur

398 4071 780 4135 damni,'cum
818 4067 961 4124 Deus
1006 4068 1160 4121 nullo
1208 4067 1430 4137 negotio
1477 4067 1757 4123 vivificare
1805 4071 1983 4138 possit

397 4179 561 4235 quem
595 4162 746 4217 velit.
777 4152 880 4227 Qui
913 4159 1060 4214 enim
1094 4159 1151 4214 in
1178 4174 1302 4213 eum
1333 4159 1669 4224 crediderit,
1701 4161 1756 4214 in
1790 4159 1983 4217 futuro

399 4256 602 4311 smculo
651 4254 822 4309 vitam
876 4252 1100 4308 habebit
1152 4251 1259 4306 fine
1312 4259 1593 4309 carentem
1641 4251 1696 4306 in
1745 4253 1981 4309 beatitu-

398 4349 559 4414 dinc,
595 4354 652 4401 et
682 4346 841 4416 plena
888 4344 1244 4415 perfectaque
1292 4344 1673 4413 corruptionis
1720 4345 1981 4402 immuni-

393 4449 530 4496 tate.
582 4437 767 4505 Quare
811 4452 976 4492 netno
1032 4435 1333 4489 infidelium
1385 4435 1606 4502 rideat;
1666 4451 1777 4491 non
1829 4438 1977 4494 enim

2151 1971 2339 2025 Εἵπεν
2367 1969 2522 2039 αὐτῇ
2561 1972 2593 2024 ὁ
2630 1969 2902 2038 Ἰησοῦς’
2934 1968 3090 2038 ’Ἐγώ
3116 1971 3230 2038 εἰμι
3262 1968 3300 2035 ἡ
3329 1968 3663 2035 ἀνάστασις

2080 2063 2179 2117 καὶ
2206 2065 2242 2131 ἡ
2269 2060 2380 2130 ζωή
2402 2080 2414 2092 ·
2460 2062 2556 2117 καὶ
2578 2061 2648 2116 τὰ
2675 2062 2823 2132 ἑξῆς.

2150 2150 2375 2221 Καρπός
2404 2166 2468 2219 γε
2494 2149 2600 2221 μὴν
2630 2151 2723 2202 καὶ
2750 2147 2885 2219 τιμὴ
2911 2148 3012 2218 τῆς
3041 2150 3119 2213 εἰς
3142 2150 3374 2220 Χριστὸν
3401 2152 3661 2215 πίστεως,

2078 2242 2110 2309 ή
2148 2239 2363 2302 αἰώνιος
2396 2239 2529 2309 ζωὴ,
2563 2238 2656 2292 καὶ
2681 2239 2782 2291 οὐκ
2834 2237 3008 2302 ἄλλως
3036 2240 3386 2310 προσγίνεται
3413 2241 3570 2307 τοῦτο
3595 2246 3660 2315 τῇ

2077 2329 2170 2383 τοῦ
2220 2329 2506 2401 ἀνθρώπου
2554 2330 2722 2402 ψυχῇ.
2775 2331 2837 2384 Ei
2891 2331 3001 2402 γὰρ
3043 2331 3130 2386 διὰ
3179 2333 3413 2404 Χριστὸν
3460 2335 3663 2399 πάντες

2078 2421 2441 2493 ἅνιστάμεθα,
2492 2422 2629 2477 ἀλλὰ
2664 2424 2776 2495 ζωὴ
2828 2423 2967 2493 αὔτη
3012 2424 3159 2478 ἐστὶν
3193 2425 3418 2497 ἀληθὴς,
3446 2427 3514 2479 ’τὸ
3541 2428 3662 2479 ἁτε-

2077 2515 2350 2586 λευτήτως
2398 2516 2455 2568 ἐν
2493 2516 2856 2585 μακαριότητι
2907 2514 3005 2584 ζῇν
3032 2530 3045 2543 '
3096 2516 3247 2568 οὐδὲν
3273 2515 3382 2586 γὰρ
3411 2516 3659 2587 διαφέρει

2064 2606 2333 2670 θανάτου,
2358 2606 2418 2658 το
2449 2608 2529 2671 είς
2556 2606 2777 2660 κόλασιν
2803 2607 3097 2661 ἀναϐιῶναι
3138 2608 3316 2677 μόνον.
3358 2610 3417 2677 Εἰ
3434 2605 3535 2661 οὖν
3561 2611 3662 2679 ὁρᾷ

2076 2715 2162 2761 τις
2194 2699 2288 2751 καὶ
2325 2699 2453 2761 τοὺς
2497 2698 2683 2766 ἁγίους
2714 2699 3047 2768 θνήσκοντας
3086 2699 3213 2761 τοὺς
3242 2698 3505 2763 λαϐόντας
3532 2701 3661 2755 ὑπο-

2080 2789 2294 2860 σχέσεις
2345 2788 2512 2861 ζωῆς,
2562 2789 2715 2843 οὐδὲν
2763 2789 2946 2843 τοῦτο’
2999 2790 3158 2860 μόνον
3190 2789 3298 2859 γὰρ
3330 2790 3453 2843 ὅσον
3492 2792 3574 2854 είς
3602 2792 3663 2844 τὸ

2080 2882 2355 2953 συμϐῆναι
2382 2882 2612 2953 γίνεται.
2653 2881 2846 2954 Καιρῷ
2876 2882 2933 2936 δὲ
2963 2880 3040 2954 τῷ
3070 2881 3333 2953 πρέποντι
3368 2883 3660 2953 τετήρηται

2078 2972 2114 3043 ἡ
2142 2971 2240 3042 τῆς
2277 2971 2498 3042 χάριτος
2544 2972 2829 3037 ἀνάδειξις,
2879 2973 2941 3025 οὐ
2978 2971 3118 3025 κατά
3166 2972 3330 3044 μέρος
3378 2972 3658 3042 ἰσχύουσα,

2079 3062 2193 3116 ἀλλ’
2221 3064 2278 3117 ὲν
2308 3065 2442 3117 πᾶσι
2473 3064 2736 3136 διηνεκῶς
2783 3066 2877 3117 καὶ
2920 3065 3032 3128 τοῖς
3063 3064 3161 3135 ἤδη
3196 3065 3662 3135 προαποθανοῦσιν

2003 3198 2047 3255 C
2081 3156 2258 3226 ἁγίοις
2285 3156 2419 3228 πρὸς
2441 3156 2621 3226 ὀλίγον
2642 3156 3003 3227 γευσαμένοις
3032 3156 3126 3210 τοῦ
3158 3157 3409 3220 θανάτου,
3438 3156 3662 3228 ἓωςτῆς

2081 3252 2267 3321 κοινῆς
2309 3251 2679 3314 ἀναστάσεως.
2733 3249 2865 3302 Τότε
2922 3247 3029 3319 γὰρ
3074 3249 3271 3312 κοινῶς
3321 3249 3521 3313 πάντες
3553 3250 3663 3303 τῶν

2080 3342 2301 3412 ἀγαθῶν
2332 3342 2755 3397 ἀπολαύσουσιν.
2786 3342 2970 3396 Είπὼν
3003 3342 3061 3394 δὲ
3086 3344 3114 3395 6
3139 3341 3352 3413 Σωτὴρ,
3380 3343 3461 3396 ὅτι
3494 3362 3513 3394 ι
3536 3343 3662 3397 Ἐὰν

2064 3431 2349 3504 ἀποθάνῃ,
2383 3433 2662 3503 ζήσεταῳ
2695 3434 2795 3485 οὐκ
2820 3431 2997 3484 ἀνεῖλε
3028 3430 3104 3500 τῷ
3131 3432 3227 3485 νῦν
3258 3432 3412 3486 αἰῶνι
3447 3433 3537 3484 τὸν
3564 3432 3664 3485 θά-

2079 3544 2236 3581 νατον
2261 3544 2274 3556 ·
2307 3525 2443 3580 ἀλλά
2475 3524 2727 3579 τοσοῦτον
2757 3524 2918 3580 αὑτὸν
2944 3524 3124 3577 δίδωσι
3154 3523 3295 3577 κατά
3321 3524 3430 3576 τῶν
3458 3524 3662 3576 πιστῶν

2081 3618 2305 3689 ἰσχύειν,
2345 3621 2468 3673 ὅσον
2502 3622 2582 3682 εἰς
2607 3619 2666 3671 τὸ
2690 3604 2973 3689 συμϐῆναι
3018 3618 3197 3685 μόνον’
3238 3616 3415 3687 καιρῷ
3445 3615 3554 3687 γὰρ
3584 3614 3663 3685 τῷ

2079 3714 2343 3785 πρέποντι
2373 3714 2647 3783 τετήρηκε
2682 3711 2780 3783 τὴν
2805 3711 2900 3780 τῆς
2933 3710 3284 3773 ἀναστάσεως
3322 3710 3500 3780 χάριν.
3524 3708 3663 3778 Φησὶ

2079 3805 2231 3873 γοῦν,
2261 3805 2342 3857 ὅτι
2364 3805 2475 3857 Οὐκ
2501 3805 2726 3877 ἄμοιρος
2752 3803 2905 3857 ἔσται
2936 3803 3030 3857 τοῦ
3051 3804 3149 3874 τῆς
3169 3802 3370 3873 σαρκὸς
3403 3800 3658 3864 θανάτου,

2072 3896 2168 3950 διὰ
2199 3895 2297 3966 τὴν
2329 3895 2675 3966 ἀνθρωπίνην
2705 3895 2887 3965 φύσιν,
2918 3897 2946 3949 6
2976 3898 3054 3958 είς
3086 3894 3510 3966 ἐμὲ-πιστεύων,
3545 3892 3659 3946 ἀλλ’

2079 3986 2229 4057 ὅμως
2254 3988 2404 4040 οὐδὲν
2443 3988 2506 4040 ὲκ
2538 3987 2730 4041 τούτου
2764 3987 3010 4041 πείσεται
3042 3986 3233 4048 δεινὸν,
3263 3984 3396 4036 Θεοῦ
3425 3983 3659 4052 δυναμέ-

2080 4097 2173 4133 νου
2198 4080 2480 4144 ζωοποιεῖν
2501 4060 2739 4143 εύκόλως
2764 4079 2824 4133 ὃν
2848 4078 2914 4132 ἂν
2942 4078 3120 4149 ἐθέλῃ.
3167 4078 3223 4131 Ὀ
3253 4076 3361 4147 γὰρ
3393 4070 3474 4139 εἷς
3501 4076 3661 4129 αὐτὸν

2080 4171 2397 4238 πιστεύσας,
2448 4173 2506 4225 ἐν
2554 4172 2633 4244 τῷ
2680 4172 2926 4243 μέλλοντι
2977 4171 3133 4225 αἰῶνι
3165 4171 3521 4241 ἀτελεύτητον
3548 4169 3663 4240 ἔχει

2080 4262 2227 4337 ζωὴν
2272 4266 2330 4319 ἐν
2364 4265 2727 4336 μακαριότητι
2770 4264 2865 4318 καὶ
2899 4263 3179 4335 ὁλοκλήρῳ
3231 4262 3528 4334 ἀφθαρσίᾳ.
3569 4260 3663 4313 Διὸ

2080 4358 2156 4428 μή
2182 4373 2264 4422 τις
2291 4358 2505 4427 γελάτω
2528 4357 2636 4410 τῶν
2666 4356 2928 4408 ἁπίστων’
2956 4357 3017 4409 οὐ
3049 4357 3155 4427 γὰρ
3184 4351 3334 4409 εἶπεν
3357 4357 3385 4408 6
3407 4354 3660 4426 Χριστὺς,

2093 4452 2322 4520 Ἀπάρτι
2354 4451 2582 4506 θάνατον
2615 4450 2675 4503 οὑ
2714 4448 2869 4521 μὴ[ν]
2909 4448 3025 4521 ἴδῃ·
3078 4449 3212 4502 ἁλλά
3246 4447 3664 4518 ἀπολελυμένως

362 4582 367 4587 .
397 4530 537 4587 dixit
573 4527 867 4585 Christus:
902 4525 1144 4581 Omnino
1187 4532 1420 4579 mortem
1457 4538 1569 4580 non
1608 4525 1837 4593 videbit,
1878 4528 1977 4584 sed

2080 4541 2270 4607 είπὼν,
2310 4541 2578 4595 «Θάνατον
2607 4540 2668 4592 οὐ
2694 4538 2768 4610 μὴ
2795 4539 2876 4609 ἴδῃ
2910 4541 2989 4602 εἰς
3019 4540 3109 4592 τὶν
3137 4538 3329 4604 αἰῶνα,
3364 4556 3381 4589 ι
3421 4536 3547 4607 περὶ
3567 4532 3661 4587 τοῦ

390 4621 648 4678 absolute
677 4618 901 4674 locutus
924 4657 941 4682 ,
971 4636 989 4668 ι
1022 4615 1249 4671 Mortem
1295 4629 1407 4669 non
1452 4614 1663 4670 videbit
1707 4618 1762 4671 in
1796 4633 1975 4674 saecu-

394 4716 545 4779 lum,
575 4732 595 4767 ›
629 4713 697 4768 de
730 4710 918 4766 futuro
952 4709 1155 4765 saeculo
1185 4706 1325 4761 dixit
1352 4746 1365 4770 ,
1407 4707 1460 4760 in
1494 4706 1628 4762 illud
1664 4708 1828 4764 tinem
1861 4726 1977 4783 suae

396 4804 783 4878 promissionis
815 4816 1125 4857 reservans.
1175 4799 1313 4854 Cum
1352 4816 1481 4856 vero
1519 4799 1660 4856 dixit
1698 4800 1923 4857 Martha:
1958 4821 1971 4858 :

403 4917 419 4950 I
449 4897 685 4953 Credis?
708 4915 726 4948 ›
746 4904 1008 4964 tanquam
1041 4901 1271 4949 matrem
1300 4903 1355 4950 et
1382 4893 1819 4951 conciliatricem
1851 4897 1977 4951 vita:

400 4989 627 5060 requirit
670 4987 797 5042 ﬁdei
844 4984 1275 5041 confessionem.
1308 4985 1406 5040 llla
1436 5000 1572 5041 vero
1604 4995 1857 5056 prompte
1887 5002 1980 5042 as-

374 5068 564 5136 'scusa
596 5087 682 5136 est
711 5086 766 5134 et
795 5066 990 5133 exacte
1019 5076 1275 5132 cnnfessa
1299 5117 1315 5141 ,
1351 5093 1460 5131 non
1496 5077 1825 5146 simpliciter
1858 5091 1983 5132 cre-

340 5208 345 5214 -
398 5174 534 5229 dens
567 5170 712 5242 quod
746 5170 1004 5227 Christus
1037 5177 1186 5226 esset
1234 5177 1289 5225 et
1322 5168 1495 5225 Filius
1546 5169 1659 5222 Dei.
1714 5168 1975 5226 Christus

398 5264 545 5318 enim
576 5272 757 5333 potest
782 5261 948 5333 683
978 5276 1102 5317 esse
1150 5271 1205 5317 et
1253 5263 1521 5333 propheta
1543 5300 1557 5326 ,
1593 5260 1723 5329 quia
1776 5270 1978 5319 unctus

401 5356 602 5419 fuerit,
633 5354 778 5409 idem
826 5362 880 5407 et
930 5352 1104 5409 Filius
1152 5354 1389 5423 intelligi
1440 5358 1642 5422 potest.
1696 5349 1803 5406 Sed
1848 5369 1975 5409 cum

398 5445 635 5502 articulo
690 5444 873 5499 locuta
924 5445 1063 5511 hoc,
1096 5446 1188 5516 qui
1246 5444 1504 5499 Christus
1551 5449 1606 5498 et
1657 5439 1831 5500 Filius
1880 5444 1975 5501 Dei

397 5546 516 5604 est,
549 5551 723 5593 unmu
756 5544 812 5592 et
847 5538 1145 5599 eximium,
1188 5537 1568 5605 sclectumque
1609 5544 1663 5590 et
1711 5550 1837 5591 vere
1882 5535 1972 5591 [τίη

400 5630 532 5686 lium
582 5626 840 5684 confessa
885 5635 989 5684 est.
1018 5628 1077 5683 ln
1111 5626 1309 5681 Filium
1355 5627 1523 5696 igitur
1569 5625 1734 5687 fides,
1769 5641 1875 5681 non
1914 5630 1967 5683 in

471 5807 513 5840 ⁸⁷
550 5804 707 5862 Joau.
742 5821 792 5875 ν,
828 5805 919 5861 29.
997 5805 1042 5837 ³⁸
1081 5802 1186 5859 lsa.
1218 5820 1340 5860 xxv:
1363 5841 1379 5871 ,
1412 5804 1491 5860 l9.

2058 4633 2369 4704 ’μέλλοντος
2390 4632 2584 4695 αἰῶνος
2608 4626 2779 4695 εἶπεν,
2809 4632 2886 4694 εἰς
2908 4633 3114 4685 ἐκεῖνον
3140 4631 3383 4702 τηρήσας
3409 4628 3467 4681 τὸ
3490 4629 3664 4697 πέρας

2082 4726 2179 4797 τῆς
2204 4724 2568 4794 ὑποσχέσεως.
2603 4723 2785 4777 Εἰπὼν
2806 4723 2863 4777 δὲ
2892 4726 2956 4795 τῇ
2988 4721 3191 4792 Μάρθα
3219 4738 3230 4748 ·
3271 4718 3615 4783 ιΙῙιστεύεις;
3636 4735 3655 4769 ι
3726 4758 3735 4767 ,

2082 4817 2158 4880 ὡς
2196 4817 2409 4888 μητέρα
2453 4817 2545 4868 καὶ
2577 4816 2834 4887 πρόξενον
2869 4816 2971 4884 τῆς
2999 4814 3145 4883 ζωῆς
3178 4813 3400 4865 ἀπαιτεῖ
3436 4810 3532 4880 τῆς
3576 4810 3663 4863 πί-

2082 4924 2251 4970 στεως
2280 4907 2376 4979 τὴν
2407 4908 2712 4976 ὁμολογίαν.
2761 4909 2824 4960 Ἦ
2879 4907 2935 4959 δὲ
2998 4906 3230 4976 ἑτοίμως
3265 4902 3533 4965 συνέθετο,
3571 4902 3662 4956 καὶ

2080 4994 2325 5065 ἀκριϐῶς
2344 4997 2617 5067 ὁμολογεῖ,
2639 4999 2736 5069 οὐχ
2757 4996 2943 5060 ἁπλῶς
2961 4994 3311 5057 πιστεύουσα,
3331 4993 3412 5046 ὅτι
3430 4993 3662 5064 Χριστός

2079 5087 2195 5138 ἐστι
2229 5085 2323 5139 καὶ
2355 5085 2483 5149 Υἱὸς
2509 5087 2602 5140 τού
2633 5086 2788 5140 Θεοῦ.
2841 5083 3075 5154 Χριστὸς
3104 5082 3212 5153 γὰρ
3254 5081 3477 5135 δύναται
3524 5078 3663 5134 εἶναι

2079 5178 2174 5232 καὶ
2207 5179 2492 5250 προφήτης
2512 5220 2527 5245 ,
2562 5178 2652 5233 διά
2678 5179 2739 5232 τὸ
2767 5177 3051 5248 κεχρίσθαι
3077 5194 3090 5207 ·
3131 5178 3160 5230 6
3203 5176 3364 5239 αὐτὸς
3396 5174 3490 5227 καὶ
3535 5174 3664 5236 Υἱὸς

2084 5270 2319 5323 νοεῖσθαι
2349 5270 2590 5328 δύναται.
2618 5270 2780 5325 Ἀλλά
2810 5269 3060 5341 μετάτοῦ
3089 5268 3293 5340 ἄρθρου
3318 5265 3570 5330 εἰποῦσα,
3604 5265 3662 5317 '0
3742 5338 3747 5343 η

2084 5360 2320 5431 Χριστὸς
2348 5363 2376 5414 ὁ
2408 5361 2536 5426 Υἱὸς
2567 5362 2660 5416 τοῦ
2690 5361 2846 5427 Θεοῦ,
2895 5360 2987 5414 τὸν
3014 5360 3111 5413 ’ένα
3139 5360 3233 5413 καὶ
3263 5356 3540 5428 ἐξαίρετον
3568 5356 3664 5411 καὶ

2083 5452 2298 5524 ἀληθῶς
2327 5453 2452 5507 Υίὸν
2478 5454 2847 5527 ὡμολόγησεν.
2877 5454 2973 5517 Εἰς
3000 5453 3089 5506 τὸν
3118 5451 3247 5504 Υίὸν
3272 5445 3363 5503 οὖν
3394 5451 3427 5520 ἡ
3458 5449 3660 5514 πίστις,

2082 5545 2183 5598 οὐκ
2224 5547 2305 5610 είς
2356 5547 2587 5618 ποίημα.
2642 5546 2706 5599 El.
2741 5544 2850 5617 γὰρ
2883 5546 3096 5616 ποίημα
3138 5543 3234 5596 καὶ
3282 5541 3485 5612 κτίσμα
3519 5540 3664 5593 κατά

2082 5653 2233 5701 τινας
2281 5638 2539 5709 ὑπάρχων
2572 5639 2601 5691 6
2633 5637 2782 5707 Υἱὸς,
2815 5637 3107 5701 ἀνάστασίς
3138 5634 3370 5691 ἐστικαὶ
3418 5631 3551 5703 ζωὴ,
3586 5630 3662 5703 μὴ
3765 5656 3773 5662 ·
