4106 6262
2058 252 2085 273 \

423 350 496 409 40
1277 356 1347 411 ιΝ
1376 354 1717 415 JOANNEM,
1745 383 1815 396 —-
1850 352 1981 410 LIB.
2004 356 2094 410 νει
2134 356 2221 410 ΕΤ
2269 357 2380 414 Vill
2414 360 2857 417 FRAGMENTA.
3604 365 3699 422 50-

422 468 786 547 θαυμαζέσοω
812 471 984 525 ταῦτα
1012 470 1086 525 ὢν
1121 474 1213 526 καὶ
1236 473 1266 526 ὁ
1290 476 1498 545 Πατήρ.
1530 473 1596 527 Τί
1623 473 1731 544 γάρ
1759 474 1818 527 τὸ
1844 473 2003 528 πλέον

2114 472 2375 534 facturas.
2397 480 2451 534 Si
2471 482 2621 536 enim
2651 482 2864 538 factura
2887 492 3163 547 creatura,
3186 484 3493 540 secundum
3506 498 3672 554 quos-

421 558 482 616 ἑν
508 558 655 633 αὐτῷ
702 564 851 634 παρά
882 564 950 617 τὰ
999 566 1314 636 ποιήματα;
1366 566 1429 620 Εί
1458 568 1515 620 δὲ
1545 567 1653 621 τῶν
1681 568 1999 638 ποιημάτων

421 653 672 709 τοσοῦτον
699 655 823 709 ὅσον
847 657 1006 727 ῖσμεν
1035 656 1348 728 ἀπῴκισται
1378 659 1519 713 κατὰ
1550 648 1639 714 τὸν
1664 660 1764 730 τῆς
1787 659 2001 728 φύσεως

422 740 596 813 λόγον,
627 746 721 799 καὶ
751 745 843 800 διὰ
872 746 935 800 τὸ
964 742 1100 802 εἷναι
1130 748 1243 820 ζωὴ
1262 789 1278 813 ,
1320 749 1437 814 πῶς
1485 750 1559 805 ἀν.
1597 750 1685 821 εἴη
1717 750 1927 820 ποίημα
1969 751 2010 803 ὁ

421 835 571 900 Υἱὸς.
620 837 733 908 ζωὴ
767 838 861 918 καί
890 840 1054 905 αὐτὸς
1096 838 1243 895 κατά
1289 841 1451 910 φύσιν
1478 843 1762 914 ὑπάρχων,
1807 843 1997 912 ὥσπερ

391 923 512 1004 ,οὖν
542 929 635 982 καὶ
661 932 689 983 ὁ
716 932 985 1001 γεννήσας
1011 932 1175 987 αὐτόν
1193 951 1225 1001 ;_
1261 933 1383 1005 Ζωὴ
1429 930 1487 987 δὲ
1528 935 1666 996 ὅλως
1692 934 1800 988 τῶν
1840 951 1998 1005 ποιη-

391 1013 400 1031 ’
425 1019 611 1089 μάτων
629 1020 780 1075 οὐδέν
807 1022 940 1086 ἔστι,
964 1022 1110 1091 ζωῆς
1133 1024 1189 1078 δὲ
1213 1025 1537 1095 μᾶλλονητῆς
1556 1026 1664 1079 ἀπὸ
1682 1024 1777 1078 τοῦ
1799 1024 1998 1088 ζῶντος

422 1111 556 1165 Θεοῦ
588 1112 831 1184 μέτοχον,
856 1114 976 1168 ἐπεὶ
1008 1116 1099 1168 καὶ
1121 1136 1138 1168 ι
1164 1117 1224 1169 ὲν
1252 1116 1371 1187 Θεῷ
1397 1116 1577 1187 ζῶμέν
1604 1134 1664 1191 τε
1691 1116 1787 1171 καὶ
1820 1115 1998 1170 κινούο

430 1201 569 1274 μεθα
599 1205 690 1257 καὶ⁵
716 1206 906 1276 ἐσμὲν,
937 1228 954 1258 ι
996 1207 1070 1271 ὡς
1100 1209 1128 1261 ὁ
1162 1209 1377 1273 Παῦλος
1407 1225 1593 1278 φησιν.

2108 569 2256 634 dam,
2281 571 2554 627 exsistens
2599 572 2790 639 Filius,
2816 576 3154 631 resurrectio
3191 586 3275 632 est
3306 584 3361 631 et
3399 577 3534 640 vita,
3575 592 3691 631 ne—r

2110 677 2390 733 quaquam
2426 664 2783 723 admirationi
2813 668 2973 724 debet
3003 685 3128 725 esse
3163 669 3276 725 haec
3313 670 3588 725 exsistens
3620 677 3675 724 et

2107 749 2290 806 Pater.
2332 752 2474 819 Quid
2511 756 2659 810 enim
2699 758 2934 826 amplius
2969 765 3056 814 est
3103 759 3160 813 in
3206 774 3272 813 eo
3303 773 3464 828 quam
3495 757 3550 812 in
3589 756 3669 811 fa-

2104 844 2312 900 cturis?
2346 845 2406 899 Si
2436 861 2568 902 vero
2606 853 2815 902 tantum
2847 859 3114 919 quantum
3147 850 3355 904 scimus
3386 864 3417 902 a
3449 846 3674 902 iacturis

2106 935 2337 990 dissitus
2375 945 2480 1001 est,
2528 939 2835 994 secundum
2884 950 3094 996 natura:
3140 957 3255 996 sua:
3301 940 3567 994 rationem
3622 949 3676 993 et

2104 1026 2236 1095 quia
2270 1036 2356 1082 est
2387 1028 2497 1083 vita
2520 1069 2535 1093 ,
2571 1029 2845 1099 quomodo
2882 1030 3097 1085 factura
3139 1029 3306 1085 fuerit
3342 1028 3547 1093 Filius,
3578 1026 3672 1096 qui

2103 1125 2158 1170 et
2199 1117 2317 1186 ipse
2351 1118 2462 1171 vita
2492 1120 2798 1174 secundum
2834 1128 3090 1175 naturam
3135 1119 3353 1174 exsistit
3373 1157 3400 1182 ,.
3438 1117 3587 1172 sicut
3621 1125 3676 1170 et

2102 1209 2194 1277 qui
2239 1212 2441 1279 genuit
2475 1214 2649 1266 eum?
2685 1212 2920 1267 Omnino
2964 1226 3099 1286 verq
3140 1212 3288 1266 nulla
3335 1210 3673 1264 facturarum

426 1292 536 1346 vita
570 1302 689 1358 est,
727 1296 826 1350 sed
863 1297 1051 1366 potius
1084 1312 1113 1350 a
1148 1298 1368 1354 vivente
1404 1296 1516 1353 Deo
1546 1298 1672 1352 vitae
1699 1296 2003 1367 particeps,
2040 1299 2488 1371 quandoquidem
2521 1311 2575 1358 ct
2615 1321 2634 1353 ι
2672 1303 2727 1357 in
2764 1301 2877 1359 Deo
2920 1304 3154 1359 vivimus
3189 1310 3243 1359 et
3274 1316 3556 1358 movemur
3618 1304 3697 1352 et.

430 1404 658 1456 sumus,
702 1412 731 1445 ι.
768 1404 828 1449 ut
854 1395 1060 1452 Paulus
1096 1397 1174 1450 ait
1206 1396 1274 1449 ".

501 1483 654 1553 Τάχα
674 1485 732 1538 δὲ
763 1486 840 1555 (1)
874 1490 922 1541 οί
972 1488 1157 1542 πολλοὶ
1191 1487 1301 1541 τῶν
1340 1487 1701 1541 πιστευόντων
1725 1527 1739 1551 ,
1798 1485 1891 1539 καὶ
1926 1483 2002 1554 μὴ

427 1573 695 1648 ἄτρεπτον
730 1580 825 1647 καὶ
855 1578 1069 1649 βέϐαιον
1117 1579 1332 1650 ἔχοντες
1366 1578 1465 1649 τὴν
1512 1578 1721 1639 πίστιν,
1772 1575 2004 1631 τοιοῦτοί

430 1667 567 1720 είσιν
591 1667 666 1731 ὦς
700 1670 747 1722 τ’
779 1670 845 1725 ἂν
873 1673 1046 1725 εἰπεῖν
1072 1672 1200 1742 περὶ
1227 1670 1530 1735 αύτῶνμὸτι
1550 1668 1898 1722 πιστεύουσιν
1924 1670 2004 1731 εἰς

2114 1664 2182 1721 iis
2231 1664 2343 1719 dici
2389 1667 2566 1736 possit
2616 1669 2788 1736 quod,
2825 1667 3113 1722 credentes
3163 1667 3218 1721 in
3264 1666 3474 1732 Iesum,
3511 1670 3703 1724 morti.

430 1760 522 1812 τὸν
568 1759 813 1829 Ἰησοῦν,
859 1764 955 1815 καὶ
993 1762 1328 1832 ἐπιδέχονται
1360 1761 1422 1814 τὸ
1465 1760 1855 1830 ἀποθνήσκειν,
1910 1761 2005 1811 καὶ

2114 1763 2292 1812 tamen
2326 1757 2555 1812 obnoxii
2587 1766 2741 1824 sunt,
2774 1767 2829 1813 et
2858 1757 3159 1828 aliquando
3182 1760 3399 1828 quidem
3431 1760 3676 1816 moriun-

428 1849 751 1904 ἀποθάνοιεν
800 1869 963 1906 ποτε’
1004 1852 1368 1917 ἀποθανόντες
1404 1852 1507 1916 δὲ,
1549 1852 1609 1905 ού
1651 1851 1906 1919 μένουσιν
1947 1850 2005 1901 ὲν

2118 1856 2242 1914 tur;
2274 1847 2328 1901 in
2381 1856 2558 1904 morte
2601 1856 2784 1906 autem
2836 1863 2945 1903 non
2995 1857 3243 1913 manent,
3281 1856 3473 1919 postea
3509 1850 3674 1905 vitam

431 1938 649 2009 θανάτῳ
664 1980 693 2003 ,.
716 1940 856 1994 ἀλλὰ
888 1941 1163 2013 ζήσονται.
1217 1943 1282 1998 Εἰ
1313 1942 1372 1995 δέ.
1400 1958 1482 2005 τις
1510 1941 1612 2012 ἤδη
1647 1940 1708 1993 τὸ
1736 1940 2006 2010 ἄτρεπτον

2114 1939 2514 2009 recuperaturi.
2537 1938 2737 1994 Verum
2761 1938 2809 1993 si
2843 1940 2988 2009 quis,
3020 1940 3339 1994 firmitatem
3363 1941 3677 1995 immutabi-

429 2032 523 2084 κα)⁸
554 2031 769 2100 βέϐαιον
797 2032 1137 2103 ἀνειληφὼς,
1190 2033 1327 2103 μετά
1358 2032 1565 2101 ταύτης
1598 2031 1694 2102 τῆς
1725 2030 1890 2097 ἕξεως
1922 2047 2009 2083 πι-

2114 2030 2436 2101 litatemque
2468 2030 2583 2100 jam
2643 2039 3001 2095 consecutus,
3031 2031 3115 2085 sic
3149 2029 3359 2096 credat,
3382 2031 3527 2085 hunc
3552 2045 3678 2086 esse

432 2121 631 2187 στεύοι,
658 2119 813 2185 οὗτος
842 2123 907 2178 ἀν
931 2124 1015 2195 εῖη
1046 2126 1073 2177 ὁ
1100 2124 1208 2188 ζῶν
1234 2124 1330 2178 καὶ
1360 2123 1631 2177 πιστεύων
1658 2123 1747 2176 καὶ
1775 2122 1848 2192 μὴ
1875 2123 2008 2176 ἀπο-

2114 2120 2345 2175 dixerim
2372 2121 2646 2177 viventem
2675 2130 2729 2176 et
2761 2122 3069 2177 credentem
3118 2123 3211 2191 qui
3246 2138 3356 2177 non
3414 2121 3678 2175 morietur

2182 1477 2346 1535 Forte
2395 1481 2553 1536 multi
2607 1497 2670 1537 ex
2732 1481 3118 1545 credentibus,
3175 1482 3693 1541 inmutabilitatem

2112 1571 2543 1644 firmitatemque
2571 1573 2696 1629 fidei
2728 1590 2839 1630 non
2874 1575 3161 1639 habentes,
3194 1576 3334 1632 tales
3362 1585 3578 1635 suntut
3606 1577 3675 1633 de

432 2208 753 2282 θανούμενος
782 2215 858 2277 είς
884 2213 972 2267 τὸν
993 2213 1182 2266 αίῶνα.
1207 2208 1332 2277 Οἷος
1357 2208 1424 2284 ἦν
1453 2213 1481 2265 ὁ
1510 2212 1777 2282 μακάριος
1799 2210 2006 2275 Παῦλος

435 2300 609 2370 λέγων
639 2322 651 2335 ·
716 2322 734 2355 ι
779 2304 877 2367 Τίς
906 2306 1053 2375 ἡμᾶς
1092 2305 1317 2376 χωρίσει
1368 2303 1477 2358 ἀπὸ
1516 2303 1617 2373 τῆς
1667 2302 1888 2373 ἀγάπης
1912 2300 2007 2356 τοῦ

437 2389 676 2463 Χριστοῦ
702 2409 717 2459 ;
751 2410 769 2445 ι
815 2394 908 2445 καὶ
933 2394 1000 2445 τὰ
1030 2391 1180 2462 ἑξῆς.

510 2483 822 2548 Πιστεύεις
847 2484 1071 2547 τούτῳ;

510 2572 1028 2644 Προεξηγησάμενος
1073 2573 1166 2627 τοῦ
1197 2573 1336 2628 κατά
1368 2573 1528 2627 αὐτὸν
1580 2572 1883 2643 μυστηρίου
1911 2569 2010 2641 τὴν

436 2660 701 2731 δύναμιν,
748 2664 841 2718 καὶ
883 2664 1062 2729 δείξας
1105 2664 1350 2737 ἐναργῶς
1386 2666 1471 2719 ὁτι
1515 2664 1628 2737 ζωὴ
1673 2665 1814 2719 κατά
1848 2665 2011 2734 φύσιν

434 2752 555 2806 ἐστὶ
598 2753 691 2808 καὶ
719 2753 849 2819 Θεὸς
883 2754 1134 2826 ἀληθινὸς
1154 2796 1168 2819 ,
1220 2758 1445 2811 ἀπαιτεῖ
1479 2756 1576 2827 τὴν
1609 2757 1701 2811 ἐπὶ
1731 2759 1798 2828 τῇ
1829 2758 2011 2811 πίστει

438 2842 675 2910 σύνεσιν,
705 2846 873 2899 τύπον
904 2849 1024 2910 ταῖς
1064 2846 1412 2917 Ἐκκλησίαις
1438 2847 1531 2900 τδν
1559 2847 1653 2901 ἐπὶ
1674 2847 1850 2917 τούτῳ
1875 2847 2007 2911 θείς.

434 2935 554 3007 Χρὴ
583 2935 690 3006 γὰρ
730 2936 791 2989 οὐ
819 2936 1065 2991 διάκενον
1097 2939 1246 3008 ἡμᾶς
1268 2940 1346 3001 είς
1385 2938 1522 3009 ἀέρα
1550 2937 1876 3009 ῥιπτοῦντας
1903 2956 2013 3008 φω-

362 3064 367 3067 .
436 3022 553 3093 νὴν,
597 3023 657 3077 τὸ
705 3025 899 3079 σεπτὸν
929 3025 1209 3095 ὁμολογεῖν
1239 3028 1535 3098 μυστήριον
1557 3066 1572 3091 ,
1600 3027 1715 3082 ἀλλ’
1741 3029 1797 3082 ὲν
1820 3027 2015 3101 καρδία

437 3113 529 3167 καὶ
550 3113 624 3185 νῷ
659 3114 759 3185 τὴν
792 3116 974 3170 πίστιν
999 3113 1357 3187 ριξώσαντας,
1388 3117 1597 3189 καρπὸν
1628 3118 1720 3171 τοῦ
1752 3119 2012 3189 πράγμα-

436 3222 529 3268 τος
571 3206 847 3266 ποιεῖσθαι
879 3207 976 3278 τὴν
1006 3207 1295 3279 ὁμολογίαν
1317 3250 1331 3274 ,
1378 3213 1471 3263 καὶ
1498 3209 1775 3262 πιστεύειν
1808 3210 2011 3263 ἐνδοια-

440 3294 579 3366 σμοῦ
610 3314 755 3360 τινος
796 3297 918 3367 δίχα
951 3298 1045 3351 καὶ
1090 3298 1360 3369 διψυχίας.
1416 3299 1707 3375 Ὑϐριστὴς
1735 3299 1842 3371 γὰρ
1871 3302 1899 3353 ὁ
1936 3300 2011 3354 δί-

435 3385 607 3456 ψυχος
650 3387 744 3441 καὶ
774 3387 1026 3457 χωλεύων
1060 3388 1190 3458 περὶ
1231 3388 1330 3458 τὴν
1360 3387 1557 3440 πίστιν’
1608 3387 1698 3441 διὰ
1738 3385 1893 3439 τοῦτο
1918 3385 2012 3440 καῖ

439 3477 814 3542 ἀκατάστατος
847 3481 904 3533 ἐν
937 3479 1136 3542 πάσαις
1160 3482 1278 3542 ταῖς
1304 3479 1440 3544 ὁδοῖς
1473 3477 1659 3532 αὑτοῦ.
1711 3478 1924 3532 Είδέναι
1953 3494 2012 3529 σε

442 3568 548 3638 μὴν
578 3570 890 3637 ἀναγκαῖον,
909 3570 990 3623 ὅτι
1011 3570 1129 3641 Θεῴ
1154 3570 1249 3641 τῆς
1276 3571 1510 3634 πίστεως
1530 3568 1820 3638 ὁμολογίαν
1837 3568 2014 3624 ποιού-

446 3658 619 3728 μεθα,
656 3660 759 3713 κᾶν
803 3661 869 3712 δι’
911 3661 1212 3731 ἀνθρώπων
1248 3659 1593 3730 ἐρωτώμενοι
1625 3659 1731 3712 τῶν
1764 3659 2011 3731 ἱερᾶσθαι

444 3747 719 3817 λαχόντων
755 3750 933 3820 φαμὲν
972 3751 1052 3817 τὸ,
1086 3750 1355 3816 Πιστεύω,
1386 3752 1444 3804 ἐν
1486 3753 1551 3823 τῇ
1586 3750 1898 3823 παραλήψει
1920 3749 2012 3805 τοῦ

448 3838 604 3906 ἁγίου
629 3838 1024 3910 βαπτίσματος.
1067 3843 1354 3895 Πάνδεινον
1385 3837 1478 3895 οῦν
1504 3842 1611 3913 ἄρα
1638 3841 1696 3894 τὸ
1725 3840 2013 3912 διαψεύσα-

448 3928 571 3980 σθαι
602 3928 695 3981 καὶ
744 3928 1144 4001 παρολισθῆσαι.
1179 3931 1314 4002 πρὸς
1342 3932 1628 3996 ἀπιστίαν,
1685 3931 1770 3985 ἵνα
1818 3931 1892 4004 μὴ
1920 3932 2015 3986 καὶ

444 4018 702 4091 δικαστὴν
752 4021 845 4073 καὶ
894 4019 1150 4093 μάρτυρα
1202 4021 1457 4086 ἀπονοίας
1501 4021 1711 4093 ἔχωμεν
1740 4022 1901 4076 αὑτὸν
1924 4023 2016 4076 τὸν

444 4110 662 4164 πάντων
698 4113 975 4183 Δεσπότην
1021 4114 1285 4181 λέγοντα·
1342 4133 1360 4165 ι
1390 4114 1500 4168 Καὶ
1552 4113 1664 4183 ἐγὼ
1717 4114 1955 4186 μάρτυς,
1989 4134 2008 4168 ι

442 4200 578 4270 φησι
608 4201 831 4272 Κύριος.
880 4202 1263 4274 Ἐπιτηρητέον
1286 4202 1343 4256 δὲ
1367 4203 1447 4256 ὅτι
1477 4202 1729 4273 Λαζάρου
1759 4204 2013 4274 κειμένου

441 4293 792 4366 τεθνηκότος,
829 4293 969 4365 ὑπὲρ
1010 4292 1173 4347 αὑτοῦ
1204 4294 1404 4364 τρόπον
1443 4293 1563 4348 τινα
1591 4294 1653 4347 τὺ
1682 4295 1904 4363 γύναιον
1931 4293 2018 4358 ἐξ·

444 4388 674 4440 αιτεῖται
700 4385 798 4456 τὴν
836 4376 928 4439 ἐπὶ
951 4388 1017 4456 τῇ
1051 4386 1230 4439 πίστει
1273 4386 1487 4440 σύνεσιν
1512 4407 1525 4417 ·
1556 4386 1646 4440 ἵνα
1670 4386 1833 4441 πάλιν
1859 4386 1888 4438 ὁ
1918 4386 2014 4439 τύ-

2112 2212 2166 2266 ἰη
2208 2222 2492 2267 aeternum.
2538 2213 2727 2278 Qualis
2768 2221 2889 2268 erat
2940 2212 3136 2266 beatus
3175 2206 3405 2274 Paulus;
3438 2226 3561 2266 cum
3596 2211 3678 2266 di-

2112 2311 2296 2358 ceret:
2322 2320 2340 2354 ι
2364 2302 2498 2369 Quis
2531 2317 2631 2358 nos
2646 2304 2923 2372 separabit
2948 2319 2977 2357 a
3008 2302 3276 2358 charitate
3305 2300 3513 2357 Christi
3536 2301 3621 2354 “‘9
3647 2320 3691 2356 ι.
3732 2356 3735 2361 .

2180 2477 2275 2543 XI,
2311 2477 2401 2534 26.
2437 2476 2622 2534 Credis
2653 2477 2816 2533 huic?

2181 2567 2343 2624 Prius
2379 2568 2624 2638 exposita
2677 2568 2729 2621 vi
2783 2566 3029 2638 mysterii
3084 2566 3232 2622 circa
3290 2582 3371 2631 se,
3421 2568 3692 2638 clareque

2110 2667 2336 2717 ostenso
2384 2659 2530 2730 quod
2582 2659 2691 2714 vita
2741 2657 3047 2715 secundum
3100 2667 3354 2713 naturam
3422 2666 3478 2713 et
3532 2655 3678 2715 Deus

2110 2768 2276 2809 verus
2336 2760 2440 2817 est,
2514 2752 2746 2822 requirit
2810 2752 2956 2808 circa
3011 2750 3169 2807 fidem
3231 2752 3678 2823 intelligentiam,

2113 2844 2342 2915 figuram
2375 2842 2637 2900 Ecclesiis
2675 2844 2730 2898 in
2768 2859 2834 2899 eo
2867 2859 3098 2914 ponens.
3124 2843 3243 2899 Non
3280 2843 3426 2899 enim
3464 2852 3680 2914 oportet

2114 2951 2215 2992 nos
2243 2950 2474 2990 vacuam
2532 2935 2587 2988 in
2638 2949 2763 2989 aera
2816 2934 3083 3003 jacientes
3137 2948 3324 2989 vocem
3369 2933 3680 2989 venerabile

2116 3023 2273 3079 fateri
2304 3023 2650 3094 mysterium,
2682 3022 2774 3077 sed
2814 3021 3095 3077 fundatam
3129 3022 3184 3076 in
3219 3021 3385 3077 corde
3412 3030 3466 3078 et
3495 3022 3680 3077 animo

2039 3143 2082 3201 ο
2116 3115 2276 3171 fidem
2318 3116 2618 3180 habentes,
2665 3113 2906 3169 fructum
2959 3115 3083 3184 ejus
3135 3114 3539 3173 confessionem
3581 3128 3681 3183 po-

2116 3221 2269 3268 nere,
2301 3212 2355 3259 et
2390 3206 2619 3259 credere
2652 3205 2772 3261 sine
2819 3205 2929 3258 ulla
2990 3205 3331 3261 dubitatione
3374 3214 3429 3259 et
3482 3204 3680 3259 mentis

2114 3296 2456 3366 duplicitate.
2493 3295 2803 3364 lnjuriosus
2846 3305 2932 3350 est
2968 3297 3114 3351 enim
3148 3296 3348 3364 duplex
3398 3303 3580 3349 mente
3626 3301 3681 3349 et

2113 3389 2262 3443 circa
2296 3389 2457 3443 fidem
2486 3387 2826 3451 claudicans,
2858 3397 3147 3457 propterea
3177 3384 3456 3441 instabilis
3480 3384 3535 3439 in
3562 3398 3681 3439 om-

2113 3481 2277 3535 nibus
2298 3480 2401 3533 viis
2426 3480 2562 3534 suis.
2582 3478 2852 3533 Caeterum
2881 3492 3108 3533 necesse
3136 3487 3223 3532 est
3246 3476 3519 3546 intelligas
3571 3476 3682 3531 Deo

2116 3586 2216 3626 nos
2232 3570 2636 3626 confessionem
2658 3570 2780 3624 fidei
2808 3570 3090 3632 exhibere,
3109 3570 3272 3623 etiam
3302 3584 3424 3621 cum
3451 3582 3547 3635 per
3581 3566 3680 3620 ho-

2117 3661 2292 3715 mines
2322 3676 2608 3716 sacrorum
2632 3675 2818 3715 curam
2850 3671 2911 3717 et
2939 3658 3310 3714 sacerdotium
3344 3659 3569 3713 sortitos
3600 3658 3683 3710 in-

2118 3752 2400 3824 terrogati,
2430 3752 2665 3807 dicimus
2709 3751 2836 3815 hoc,
2856 3749 3034 3805 Credo
3064 3751 3121 3809 in
3164 3749 3473 3819 sumptione
3507 3746 3682 3803 sancti

2115 3843 2482 3915 baptismatis.
2500 3841 2677 3897 Grave
2700 3841 2868 3913 igitur
2898 3849 2952 3895 et
2976 3840 3350 3911 periculosum
3383 3838 3596 3894 mentiri
3628 3846 3681 3894 et

2117 3936 2185 3991 ad
2211 3926 2663 3991 incredulitatem
2695 3931 3002 3999 deﬂectere,
3031 3948 3099 3987 ne
3135 3932 3374 4001 judicent
3406 3938 3460 3985 et
3488 3937 3681 3986 testem

2119 4028 2373 4083 amentia:
2396 4027 2695 4082 habeamus
2721 4025 2901 4093 ipsum
2931 4024 3176 4078 omnium
3209 4022 3497 4076 Dominum
3531 4039 3545 4076 :
3587 4018 3681 4073 ιΕι

2118 4134 2219 4191 ego
2248 4120 2460 4183 testis,»
2485 4118 2665 4187 inquit
2693 4116 2977 4171 Dominus.
3012 4114 3149 4169 Illud
3180 4116 3341 4169 etiam
3386 4114 3686 4167 observan-

2118 4209 2245 4265 dum
2285 4211 2455 4274 venit,
2489 4209 2659 4280 quod.
2695 4209 2900 4263 Lazaro
2941 4207 3158 4277 jacente
3208 4214 3445 4276 mortuo,
3476 4219 3575 4273 pro
3620 4218 3685 4257 eo

2118 4300 2522 4373 quodammodo
2574 4300 2902 4355 muliercula
2955 4300 3328 4366 interrogatur
3365 4297 3432 4351 de
3483 4297 3683 4351 intelli-

2119 4394 2303 4461 gentia
2336 4393 2482 4459 fidei,
2507 4400 2566 4446 ut
2594 4406 2791 4446 rursus
2828 4393 3002 4461 figura
3035 4389 3088 4442 in
3127 4388 3393 4443 Eeclesiis
3426 4388 3602 4441 valeat
3631 4396 3685 4440 et

452 4494 555 4541 πος
574 4478 630 4530 ὲν
654 4480 774 4540 ταῖς
807 4476 1148 4548 Ἐκκλησίαις
1178 4476 1390 4557 ἰσχύσῃ.
1440 4478 1569 4531 Ὅτε
1593 4478 1701 4549 γὰρ
1734 4480 2012 4551 ἀρτιγενὲς

2122 4487 2472 4563 observetur.
2503 4485 2635 4539 Cum
2669 4484 2816 4537 enim
2843 4499 3037 4537 recens
3068 4489 3228 4535 natus
3254 4480 3480 4535 affertur
3504 4478 3685 4533 infans

452 4569 781 4639 προσάγεται
823 4569 1019 4641 βρέφος
1058 4569 1156 4637 τῆς
1197 4570 1552 4641 κατηχήσεως
1593 4570 1654 4622 τὸ
1687 4570 1893 4641 χρίσμα
1926 4570 2021 4624 λα⁴

451 4660 594 4725 ὄεῖν,
634 4661 752 4731 ἦτοι
802 4659 862 4713 τὺ
891 4660 992 4731 τῆς
1018 4660 1348 4722 τελειώσεως
1370 4661 1471 4713 ἐπὶ
1510 4659 1589 4730 τῷ
1636 4661 1776 4730 ἁγίῳ
1822 4660 2019 4731 βαπτί-

450 4768 638 4821 σματι,
667 4753 697 4804 ὁ
727 4753 1016 4822 προσάγων
1036 4751 1179 4822 ὑπὲρ
1203 4750 1377 4804 αὑτοῦ
1397 4751 1477 4818 τὸ,
1510 4750 1698 4823 Ἀμὴν,
1726 4754 2014 4821 ἀναφωνεῖ.

462 4841 633 4913 ’Υπὲρ
659 4842 716 4895 δὲ
744 4841 853 4895 τῶν
883 4842 1251 4913 ὲσχάτῃ,νόσῳ
1283 4842 1728 4912 κατειλημμένων
1752 4881 1766 4905 ,
1801 4842 2019 4912 μελλόν-

449 4947 559 4986 των
584 4948 644 4985 τε
675 4934 763 4987 διὰ
792 4933 947 4986 τοῦτο
968 4932 1443 5002 βαπτίζεσθαι,καὶ
1470 4932 1861 4987 ἀπτάττονταί
1879 4951 2021 4998 τινες

454 5023 548 5077 καὶ
576 5024 976 5088 συντάττονται,
1006 5024 1102 5096 τὴν
1136 5024 1344 5078 οἰκείαν
1372 5023 1560 5094 ὥσπερ
1589 5025 1657 5089 ἐξ,
1688 5025 1906 5097 ἀγάπης
1939 5044 2021 5079 κι-

452 5114 690 5187 χρῶντες
714 5114 896 5187 φωνὴν
942 5118 1057 5179 τοῖς
1094 5115 1234 5185 νόσῳ
1282 5114 1675 5184 πεπεδημένοις
1698 5132 1712 5148 ο
1740 5117 1876 5188 ὅπερ
1905 5116 2019 5170 ἔστι

453 5206 688 5260 κατιδεῖν
732 5207 954 5275 γεγονὸς
1007 5207 1103 5260 ἐπί
1143 5224 1201 5259 τε
1243 5205 1492 5277 Λαζάρου
1532 5206 1748 5276 καὶτῆς
1786 5208 2039 5278 ἀδελφῆς,

455 5297 640 5351 αὐτοῦ.
668 5298 856 5366 Σοφῶς
881 5298 936 5351 δὲ
960 5299 992 5367 ἡ
1018 5297 1216 5368 Μάρθα
1250 5298 1344 5349 καὶ
1364 5296 1718 5366 οἰκονομικῶς
1749 5314 2023 5369 προκατα-

457 5388 669 5459 σπείρει
699 5389 797 5459 τῆς
821 5390 1051 5453 πίστεως
1072 5389 1170 5459 τὴν
1201 5388 1512 5459 ὁμολογίαν,
1540 5387 1625 5442 ἵνα
1650 5388 1739 5442 τὸν
1767 5389 1825 5453 ἐξ
1856 5391 2023 5461 αὐτῆς

457 5480 646 5554 θερίσῃ
677 5484 904 5555 καρπόν.

532 5596 575 5654 δ’
616 5624 736 5677 Act.
775 5640 886 5678 xvtl
914 5662 926 5685 ,
963 5624 1054 5676 28.
1136 5622 1177 5653 ⁷⁵⁸
1213 5622 1370 5675 fieri).
1406 5634 1528 5685 vttt,
1560 5621 1649 5674 55.

532 5737 609 5805 (ι)
647 5736 810 5806 Τάχα
846 5736 1076 5790 δὲ....

2124 4579 2192 4633 ad
2276 4576 2690 4647 suscipiendum
2783 4573 3168 4627 instructionis
3254 4571 3686 4638 initiationisque

2123 4670 2387 4731 chrisma,
2427 4683 2521 4723 seu
2580 4666 2633 4720 in
2690 4673 2885 4721 sancto
2943 4666 3271 4735 baptismate
3314 4660 3683 4732 perfectionis.

2122 4762 2217 4830 qui
2252 4758 2475 4813 adducit
2508 4773 2654 4822 eum,
2686 4772 2788 4827 pro
2824 4771 2889 4811 eo
2934 4756 3251 4826 respondet,
3290 4756 3487 4806 Amen.
3522 4749 3685 4803 Simiv

2126 4849 2251 4904 liter
2290 4862 2390 4918 pro
2445 4847 2514 4902 iis
2560 4845 2654 4916 qui
2702 4854 2950 4901 extremo
3011 4846 3204 4897 morbo
3266 4842 3683 4901 conﬂictantur,

2126 4939 2360 5008 ideoque
2405 4934 2720 5007 baptizandi
2766 4943 2914 5000 sunt,
2946 4934 3272 4988 ordinantur
3304 4945 3368 4983 ac
3406 4929 3686 4982 destinan—

2124 5038 2215 5084 tur
2244 5028 2409 5097 aliqui
2440 5027 2703 5094 quivelut
2727 5041 2789 5080 ex
2821 5026 3088 5078 charitatc
3120 5038 3181 5076 ac
3214 5021 3503 5075 dilectione
3533 5033 3685 5073 suam

2126 5121 2319 5175 morbo
2366 5119 2642 5190 impeditis
2701 5116 3049 5173 commodent
3097 5128 3308 5175 vocem,
3341 5109 3506 5181 684
3543 5090 3729 5179 quod.

2133 5212 2354 5282 quidem
2404 5211 2516 5280 jam
2557 5210 2809 5266 usuvenit
2858 5208 2913 5261 in
2977 5206 3180 5258 Lazaro
3230 5210 3280 5255 et
3315 5202 3433 5269 ejus
3479 5217 3684 5254 sorore.
3785 5208 3791 5213 '

2135 5303 2427 5373 Sapienter
2464 5319 2592 5357 vero
2626 5310 2680 5354 et
2729 5306 2881 5354 recto
2923 5297 3114 5349 ordine
3166 5292 3374 5345 Martha
3408 5292 3559 5361 prius
3606 5308 3679 5344 se-

2132 5398 2301 5449 minat
2339 5393 2461 5448 fidei
2487 5391 2911 5451 confessionem,
2941 5394 2999 5439 ut
3026 5401 3089 5439 ex
3128 5398 3189 5436 ea
3228 5382 3459 5437 framtum
3501 5390 3689 5435 metat.

1116 5734 1218 5788 τοῦ
1251 5732 1523 5801 Χριστοῦ.
1573 5731 1650 5786 Ex
1688 5739 1880 5785 catena
1918 5727 2012 5782 Vat

2114 5745 2195 5785 na,
2236 5726 2323 5780 fol.
2373 5726 2468 5778 1‘25
2515 5724 2563 5789 ἐν,
2608 5736 2691 5789 ap.
2732 5717 2897 5771 Mail.
2934 5718 2969 5770 Ι.
2999 5732 3117 5784 pug.
3150 5715 3265 5768 155..
