4106 6262
371 349 440 407 σι
1337 346 1395 402 s.
1437 347 1716 404 arma”
1755 345 2231 404 ALEXANDRINI
2272 349 2596 406 ARCiIIEP.
3031 337 3037 344 '
3575 355 3648 411 δε

445 467 536 536 XI;
565 466 659 524 28.
691 465 764 522 Et
807 467 920 524 hac
960 468 1160 523 locum
1190 467 1343 533 abiit,
1375 477 1426 523 et
1472 469 1670 524 vocavit
1720 466 1956 523 Mariam

2132 469 2243 523 Kal
2285 470 2472 524 ταῦτα
2500 471 2792 548 εἱποῦσα,
2813 473 3050 544 ἀπῆλοε
3079 475 3178 532 καὶ
3209 475 3486 546 ἐφώνησε
3527 477 3652 529 Μα-

372 575 610 615 sororem
647 576 824 628 suam,
855 569 962 616 etc.

442 651 596 706 Abiit
637 653 708 707 ad
753 651 1060 707 vocandam
1091 666 1340 707 sororem
1383 665 1563 718 suam,
1597 660 1658 706 ut
1688 651 1742 706 ei
1788 663 1950 705 suum

371 744 432 798 in
464 757 524 798 re
559 753 876 814 exspectata
902 744 1166 815 gaudium
1193 759 1259 798 ae
1305 757 1460 813 spem
1486 742 1950 806 communicaret,

372 848 500 890 eum
544 835 638 904 qui
679 845 930 889 mortuus
967 832 1170 898 fuerat,
1212 833 1517 888 redivivum
1557 849 1626 889 ex
1669 835 1954 902 insperato

369 923 978 994 i'ecepturae.AIidierat
1006 926 1177 989 enim,
1201 943 1220 976 ι
1250 924 1524 994 Resurget
1547 925 1715 978 frater
1746 933 1898 990 tuus,
1927 941 1948 974 ι

372 1015 470 1070 sed
509 1015 820 1071 Seriatoris
862 1018 1160 1071 adventum
1187 1017 1366 1074 sorori
1397 1031 1510 1072 suae
1545 1017 1685 1071 clam
1725 1017 1952 1070 nuntia-

373 1108 474 1171 vit,
501 1109 629 1178 quia
669 1123 795 1162 cum
817 1125 880 1163 ea
912 1120 1070 1165 erant
1101 1110 1416 1165 .ludasorum
1436 1109 1686 1164 nonnulli
1727 1108 1953 1164 Christo

372 1197 771 1252 miraculorum
825 1197 1022 1254 [actori
1070 1200 1400 1256 invidentes.
1451 1196 1562 1254 Nec
1604 1199 1952 1254 inveniemus

373 1303 607 1357 usquam
641 1289 696 1342 in
726 1288 1035 1360 Evangeliis
1059 1289 1349 1345 Christum
1375 1292 1604 1356 dixisse,
1645 1287 1788 1344 Voca
1818 1289 1951 1344 mihi

373 1393 625 1434 sororem
663 1391 812 1434 tuam
843 1398 856 1434 :
888 1375 983 1434 séd
1016 1378 1255 1444 Martha,
1295 1379 1685 1436 necessitatem
1724 1377 1953 1432 inexcu-

370 1472 602 1528 sabilem
637 1475 714 1527 rei
741 1479 795 1526 et
825 1471 1070 1526 debitum
1113 1471 1385 1526 adventus
1419 1483 1620 1524 munus
1661 1483 1764 1538 pro
1819 1482 1953 1522 voce

369 1573 426 1619 et
452 1565 613 1634 jussu
644 1565 952 1636 accipiens,
983 1565 1091 1619 hoc
1135 1565 1234 1618 ait.
1267 1563 1364 1618 Illa
1395 1577 1523 1618 vero
1558 1560 1821 1615 alacriter
1857 1577 1953 1614 cu-

371 1654 549 1709 currit
571 1653 638 1708 ad
669 1669 822 1722 eum,
843 1663 901 1708 et
931 1652 988 1708 in
1029 1669 1333 1709 occursum
1355 1653 1620 1723 perrexit.
1665 1650 1953 1718 Quomodo

371 1749 517 1804 enim
566 1749 670 1803 hoc
694 1763 804 1802 non
838 1747 1084 1810 fecisset,
1125 1760 1248 1816 quae
1279 1751 1568 1816 tantopere
1599 1746 1667 1800 de
1701 1743 1951 1800 absentia

369 1841 494 1910 ejus
519 1839 790 1905 doluerat,
837 1853 1072 1912 quasque
1113 1847 1405 1910 tantopere
1441 1839 1648 1910 pietate
1677 1843 1732 1892 et
1763 1837 1954 1904 cliari-
1989 1818 2028 1872 Β

373 1941 484 1989 tate
513 1933 568 1988 in
588 1945 846 2008 amorem
879 1931 1001 2002 ejus
1029 1929 1352 1986 exarserat?

440 2195 538 2268 XI,
565 2201 658 2258 5i.
684 2201 866 2258 Iudici
893 2217 1014 2273 ergo
1055 2201 1146 2272 qui
1179 2208 1335 2256 erant
1370 2213 1490 2254 cum
1517 2211 1578 2254 ea
1625 2199 1792 2254 secuti
1832 2208 1955 2252 sunt

371 2308 512 2348 eant.

441 2383 620 2439 Judaei
655 2399 789 2455 ergo
813 2385 1062 2454 quicum
1093 2384 1188 2438 illa
1229 2391 1408 2449 erant,
1441 2383 1548 2436 rati
1588 2396 1707 2436 eam
1742 2380 1797 2434 in
1836 2393 1954 2432 mu-

372 2484 701 2532 numentum
755 2491 877 2532 sese
918 2476 1260 2546 proripuisse
1315 2483 1374 2530 ut
1420 2490 1480 2530 se
1523 2473 1838 2536 dilaniaret,
1868 2485 1953 2526 se-

369 2574 623 2638 quuntur
667 2579 814 2634 eam,
844 2565 910 2620 ad
958 2565 1012 2621 id
1068 2573 1207 2620 nutu
1243 2564 1432 2621 divino
1466 2563 1824 2634 impulsi,.ut
1869 2563 1954 2619 uel

369 2659 540 2716 inviti
585 2655 654 2716 ad
701 2657 999 2715 videndum
1033 2655 1375 2714 miraculum
1423 2656 1804 2714 convenirent.
1834 2651 1952 2708 Nisi

371 2755 520 2812 enim
577 2753 684 2809 hoc
734 2769 800 2809 ex
837 2751 1190 2808 ordinatione
1225 2749 1318 2806 Dei
1357 2751 1562 2806 factum
1607 2755 1776 2814 esset,
1813 2761 1953 2800 nun-

371 2858 538 2917 quam
579 2844 700 2914 eius
743 2845 1081 2900 mentionem
1117 2842 1345 2900 fecisset
1388 2842 1749 2914 evangelista,
1777 2855 1954 2910 neque

273 2995 280 3003 ,
373 2943 776 2994 concurrentes
836 2938 892 2991 in
971 2937 1406 3007 unumquodque
1475 2949 1678 2990 causas
1744 2934 1953 3003 scripto

374 3029 718 3096 mandasset,
747 3031 854 3086 nisi
881 3031 1086 3101 ubique
1112 3030 1350 3085 maxime
1370 3028 1584 3084 veritati
1619 3027 1948 3085 studuisset.

2055 563 2199 630 ρίαν
2223 561 2338 631 τὴν
2363 562 2640 632 ἀδελφὴν
2659 564 2850 633 αὐτῆς
2867 609 2882 630 ,
2910 569 3005 620 καὶ
3033 568 3102 622 τὰ
3124 565 3271 638 ἑξῆς.

2139 653 2374 726 Ἀπῆλθε
2424 655 2730 711 καλέσουσα
2761 657 2861 729 τὴν
2908 659 3142 730 ἀδελφὴν
3190 659 3364 729 αὐτῆς
3405 653 3538 726 πρὸς
3588 658 3647 710 τδ

2057 745 2152 800 καὶ
2197 746 2366 817 αὐτὴν
2427 750 2756 820 κοινωνῆσαι
2809 750 2909 819 τῆς
2955 752 3047 804 ἐπὶ
3092 750 3170 822 τῷ
3213 749 3648 821 προσδοκωμένη)

2056 838 2345 909 πράγματι
2398 839 2702 910 εὐθυμίας,
2768 841 3292 913 συναποληψομένην
3339 840 3646 895 ἀναστάντα

2056 933 2184 1003 παρ’
2215 931 2404 986 ἐλπίδα
2431 933 2613 986 πᾶσαν
2627 933 2719 986 τὸν
2745 933 3064 1005 τεθνηκότα.
3087 930 3196 988 Ἦν
3217 933 3324 1006 γὰρ
3343 931 3642 986 ἀκούσασα·

2061 1044 2079 1077 ε
2121 1026 2516 1096 Ἀναστήσεται
2561 1026 2590 1080 ὁ
2636 1026 2864 1095 ἀδελφός
2895 1044 2988 1080 σου
3013 1044 3024 1059 ·
3055 1045 3074 1078 ι
3131 1025 3304 1098 λάθρα
3334 1025 3391 1078 δὲ
3419 1026 3518 1094 τὴν
3551 1024 3644 1078 τοῦ

2056 1117 2309 1188 Σωτῆρος
2346 1117 2646 1190 παρουσίαν
2676 1122 2740 1190 τῇ
2793 1119 2998 1191 ἀδελφῇ
3025 1120 3191 1189 αὐτῆς
3227 1117 3643 1188 εὐηγγελίσατο,

2055 1210 2143 1264 διὰ
2192 1211 2252 1263 τὸ
2311 1209 2794 1282 παρακαθέζεσθαι
2848 1211 2956 1264 τῶν
3019 1211 3289 1264 Ἰουδαίων
3337 1211 3489 1267 τινὰς
3537 1209 3646 1261 τῶν

2057 1301 2401 1374 φθονούντων
2451 1299 2962 1372 θαυματουργοῦντι
3004 1300 3082 1371 τῷ
3111 1299 3350 1372 Χριστῷ.
3407 1297 3516 1352 Καὶ
3549 1298 3644 1367 οὐχ

2057 1395 2362 1463 εὑρήσομεν
2407 1394 2465 1444 ὲν
2504 1394 2616 1454 τοῖς
2653 1391 3007 1459 Εὐαγγελίοις
3051 1393 3133 1445 ὅτι
3170 1393 3198 1444 ὁ
3221 1388 3456 1460 Χριστὸς
3496 1384 3640 1441 εἷπε·

2055 1484 2226 1538 Κάλει
2277 1501 2364 1552 μοι
2395 1482 2493 1552 τὴν
2523 1481 2760 1554 ἀδελφήν
2795 1499 2888 1536 σου
2909 1500 2923 1515 ο
2976 1481 3091 1536 ἀλλ’
3127 1482 3159 1550 ἡ
3193 1481 3392 1550 Μάρθα
3419 1477 3516 1550 τὴν
3549 1473 3647 1530 τοῦ

2056 1574 2384 1644 πράγματος
2439 1553 2816 1643 ἀπαραίτητον
2867 1571 3058 1644 χρείαν
3102 1572 3197 1624 καὶ
3251 1570 3312 1622 τὺ
3355 1569 3454 1638 τῆς
3503 1584 3643 1638 παρ-

2055 1665 2240 1729 ουσίας
2285 1664 2756 1735 χρεωστούμενον,
2807 1665 2926 1717 ἀντὶ
2975 1663 3278 1725 κελεύσεως
3323 1661 3420 1714 καὶ
3459 1661 3644 1730 φωνῆς

2055 1755 2324 1827 δεξαμένη
2345 1796 2360 1818 ,
2397 1754 2557 1808 τοῦτο
2585 1772 2772 1825 φησιν.
2835 1755 2898 1808 Ἦ
2922 1755 2979 1808 δὲ
3010 1754 3242 1823 ἑτοίμως
3269 1753 3469 1823 ἔδραμε
3505 1752 3644 1822 πρὸς

2059 1849 2252 1913 αὑτὸν,
2299 1848 2394 1900 καὶ
2445 1849 2690 1918 ὑπαντᾷν
2735 1846 2930 1900 ἐθέλει.
2992 1845 3116 1908 Πῶς
3149 1845 3260 1916 γὰρ
3305 1845 3405 1896 οὐκ
3447 1841 3639 1912 ἔμελλε

2059 1942 2218 1996 τοῦτο
2253 1944 2427 1995 ποιεῖν
2468 1943 2498 2013 ἡ
2547 1941 2752 2012 σφόδρα
2791 1938 3106 2010 λυπουμένη
3164 1939 3256 1992 ἐπὶ
3289 1937 3354 2008 τῆ
3405 1935 3642 2006 ἀπουσία

2058 2034 2246 2100 αὐτοῦ,
2277 2036 2370 2088 καὶ
2393 2034 2595 2104 θερμὸν
2617 2033 2816 2104 ἔχουσα
2849 2033 3104 2104 φρόνημα
3134 2031 3216 2094 εἰς
3237 2029 3520 2083 εὐσέϐειαν
3548 2026 3642 2080 καὶ

2057 2129 2278 2199 ἀγάπην
2310 2129 2390 2190 εἰς
2425 2127 2586 2181 αὐτὸν
2620 2127 2820 2196 πολλήν
2847 2143 2862 2190 ;

2133 2224 2200 2274 Ol
2227 2219 2340 2274 οὖν
2379 2219 2647 2273 Ἰουδαῖοι
2687 2222 2740 2272 οἱ
2771 2217 2941 2284 ὄντες
2961 2217 3089 2287 μετ’
3123 2215 3342 2286 αὐτῆς,
3379 2215 3640 2284 ἠκολού-

2057 2319 2256 2380 θησαν
2289 2309 2467 2378 αὐτῇ.

2127 2405 2188 2456 Οἱ
2217 2398 2309 2456 οὖν
2343 2402 2592 2464 συνόντες
2631 2402 2871 2456 Ἰουδαῖοι
2893 2443 2908 2466 ,
2939 2401 3217 2474 οἰηθέντες
3244 2396 3415 2471 αὐτὴν
3445 2403 3641 2472 δεδρα-

2059 2494 2291 2565 μηκέναι
2335 2495 2429 2548 ἐπὶ
2469 2493 2530 2546 τὸ
2563 2497 2826 2563 μνημεῖον
2860 2495 2994 2564 πρὸς
3013 2495 3074 2546 τὸ
3105 2490 3304 2562 ἑαυτὴν
3339 2490 3640 2562 σπαράξαι,

2057 2585 2542 2639 συνακολουθοῦσιν
2587 2587 2746 2656 αὐτῇ,
2774 2583 3008 2654 νεύματι
3034 2583 3169 2638 Θεοῦ
3214 2583 3372 2636 τοῦτο
3421 2582 3638 2636 ποιοῦν-

2053 2695 2174 2742 τες,
2222 2677 2308 2730 ἵνα
2341 2677 2666 2730 συνέλθωσιν
2709 2675 2803 2730 ἐπὶ
2845 2675 2921 2746 τῷ
2954 2675 3016 2728 τὸ
3055 2674 3242 2743 θαῦμα
3277 2673 3405 2724 ίδεϊν
3431 2671 3526 2724 καὶ
3563 2671 3643 2741 μὴ

2056 2769 2391 2840 βουλόμενοι.
2439 2768 2502 2820 Et
2534 2767 2642 2838 γὰρ
2679 2767 2754 2838 μὴ
2783 2765 3068 2836 οἰκονομία
3097 2763 3232 2817 Θεοῦ
3265 2761 3424 2815 τοῦτο
3458 2759 3639 2830 ἐγεγό-

2053 2879 2163 2925 νει,
2205 2861 2306 2914 οὐκ
2335 2859 2400 2914 ἂν
2435 2860 2714 2930 ἐμέμνητο
2754 2856 2918 2912 αὐτοῦ
2961 2859 2990 2912 ὁ
3026 2855 3454 2926 εὖαγγελιστὴς,
3509 2852 3636 2907 οὔτε

2052 2953 2150 3016 τὰς
2179 2955 2261 3022 ἐφ’
2294 2952 2510 3023 ἑκάστῳ
2545 2968 2608 3004 συ
2619 2949 2952 3021 μϐαινούσας
2981 2948 3160 3013 αἰτίας
3191 2947 3562 3018 ἀπεγράφετο,
3589 2946 3636 2998 εί

2057 3043 2130 3116 μὴ
2158 3042 2429 3114 πανταχοῦ
2455 3043 2554 3112 τῆς
2572 3040 2826 3111 ἀληθείας
2855 3041 3209 3094 ἀντεποιεῖτο.
3234 3033 3400 3090 Εἶπεν
3425 3029 3518 3116 οῦν
3540 3035 3637 3103 τὴν

373 3119 504 3176 Ideo
532 3120 674 3176 dixit
703 3133 930 3176 causam
966 3133 1066 3174 cur
1099 3119 1254 3174 multi
1301 3119 1367 3172 ad
1406 3124 1822 3173 monumentum
1861 3131 1942 3170 ac-

2059 3137 2234 3191 αἰτίαν
2281 3133 2347 3188 δι’
2393 3134 2461 3206 ἣν
2514 3133 2697 3187 πολλοὶ
2741 3134 2820 3196 εἰς
2862 3132 2921 3186 τὸ
2976 3132 3238 3202 μνημεῖον
3275 3129 3542 3200 ἔδραμον,
3580 3124 3638 3178 οἳ

377 3219 689 3280 cdrrerent,
735 3214 830 3284 qui
883 3213 1088 3282 reperti
1125 3218 1256 3266 sunt
1301 3221 1356 3266 et
1417 3209 1645 3266 fuerunt
1699 3207 1952 3262 miraculi

379 3309 742 3372 spectatores,
773 3303 1014 3372 aliisque
1046 3299 1465 3356 renuntiarunt.

445 3389 540 3456 XI,
573 3393 662 3447 52.
714 3390 896 3448 Maria
925 3407 1048 3464 ergo
1083 3409 1202 3446 cum
1245 3392 1467 3462 venisset
1498 3390 1588 3444 ubi
1611 3399 1729 3444 erat
1771 3386 1952 3454 Iesus,

378 3485 568 3540 cecidit
597 3485 666 3538 ad
695 3485 848 3552 pedes
874 3486 1013 3554 ejus,
1041 3497 1149 3540 etc.
1583 3501 1595 3508 ’
1867 3501 1872 3505 ·

451 3575 620 3646 Igitur
651 3573 823 3632 Maria
853 3582 1241 3643 praematurum
1271 3581 1502 3631 mortem
1534 3573 1722 3629 fratris
1753 3573 1836 3627 sui
1867 3585 1957 3626 ac-

379 3663 587 3720 cidisse
627 3665 704 3718 ait
745 3665 816 3720 ob
847 3663 1062 3720 Domini
1094 3663 1424 3728 absentiam,
1451 3673 1504 3719 et
1531 3673 1664 3718 tunc
1698 3661 1956 3718 advenire

379 3768 608 3828 peregre
641 3755 864 3810 domum
903 3769 1080 3822 suam,
1115 3770 1241 3810 eum
1277 3771 1440 3812 omne
1479 3758 1694 3825 tempus
1723 3753 1954 3808 curandi

379 3848 786 3919 praeteriisset:
827 3856 994 3918 atque
1055 3860 1118 3902 ex
1187 3861 1254 3901 eo
1321 3847 1700 3914 conjecturam
1757 3861 1958 3914 capere

377 3940 528 4006 licet,
565 3939 714 4010 quod
751 3949 1012 4010 tanquam
1049 3935 1161 3992 Deo
1193 3937 1296 4008 ipsi
1327 3937 1431 3991 hoc
1468 3934 1708 4001 dicebat,
1733 3937 1956 3991 tametsi

378 4035 492 4087 nun
525 4038 781 4087 accurate
828 4033 1013 4085 locuta
1061 4038 1168 4095 est,
1202 4039 1320 4084 rata
1371 4041 1482 4082 non
1511 4023 1678 4098 685
1713 4025 1958 4084 adfuisse

381 4128 562 4196 ipsum
619 4125 766 4194 quod
825 4123 1041 4178 abesset
1088 4136 1340 4192 corpore.
1393 4117 1500 4176 Sed
1551 4128 1737 4175 tamen
1784 4123 1958 4175 multo

380 4218 613 4290 peritior
640 4229 691 4272 et
731 4216 1127 4287 intelligentior
1157 4214 1394 4279 Martha,
1421 4227 1530 4269 non
1565 4213 1722 4276 dixit,
1754 4232 1772 4265 ι
1805 4207 1959 4279 Qum-

379 4322 599 4382 eun‘que
647 4325 842 4380 posces
888 4308 1080 4371 Deum,
1129 4305 1282 4360 dabit
1327 4307 1422 4361 tibi
1469 4303 1634 4360 Deus.
1673 4325 1690 4357 s
1725 4302 1854 4360 Ideo
1889 4305 1955 4360 a’d

379 4405 526 4461 hanc
553 4399 696 4458 hihil
733 4401 1034 4470 respondet
1075 4398 1362 4463 Dominus,
1401 4398 1468 4452 ad
1517 4397 1792 4452 Martham’
1825 4411 1958 4453 vero

2060 3226 2364 3299 εὑρέθησάν
2415 3242 2473 3278 τε
2516 3225 2610 3279 καὶ
2644 3224 2901 3293 γεγόνασι
2949 3222 3140 3276 θεαταὶ
3188 3219 3281 3274 τοῦ
3336 3217 3640 3287 θαύματος,

2061 3317 2155 3372 καὶ
2183 3316 2362 3379 ἄλλοις
2382 3312 2739 3386 ἀπήγγειλαν.

2143 3408 2215 3466 Ἡ
2254 3405 2368 3465 οὖν
2396 3408 2594 3477 Μαρια
2631 3407 2712 3473 ὡς
2747 3404 2935 3478 ἦλθε-ν
2981 3405 3134 3458 ὅπου
3182 3399 3262 3473 ἦν
3303 3403 3334 3456 ό
3384 3399 3637 3468 Ἰησοῦς,

2061 3499 2243 3554 ἔπεσε
2279 3497 2427 3566 πρὸς
2451 3496 2594 3563 τοὺς
2623 3495 2816 3560 πόδας
2839 3492 3048 3556 αὑτοῦ,
3079 3492 3172 3546 καὶ
3195 3491 3262 3544 τὰ
3300 3489 3447 3558 ἑξῆς.

2143 3589 2208 3642 Ἦ
2242 3588 2422 3660 μέντοι
2453 3587 2671 3658 Μαρία,
2705 3585 2954 3656 πρόωρον
3001 3581 3330 3654 γεγενῆσθαι
3377 3580 3524 3648 λέγει
3549 3579 3639 3633 τὸν

2063 3679 2288 3733 θάνατον
2325 3677 2402 3748 τῷ
2434 3676 2648 3747 ἀδελφῷ
2676 3674 2764 3730 διὰ
2795 3673 2856 3728 τὸ
2882 3675 3102 3728 ἀπεῖναι
3133 3673 3224 3726 τὸν
3250 3673 3454 3742 Κύριον
3478 3687 3494 3704 ο
3545 3669 3640 3722 καὶ

2061 3772 2182 3826 τότε
2213 3773 2378 3842 φησὶν
2402 3768 2860 3840 ἐπιδεδημηκέναι
2886 3766 3047 3819 αὐτὸν
3073 3763 3152 3834 τῷ
3179 3763 3311 3834 οἴκῳ
3330 3803 3344 3828 ,
3367 3765 3455 3816 ὅτε
3483 3764 3510 3815 ὁ
3541 3761 3636 3830 τῆς

2063 3860 2360 3934 θεραπείας
2392 3861 2710 3932 παρέδραμε
2749 3857 2942 3927 καιρός
2967 3873 2980 3886 ο
3042 3855 3135 3909 καὶ
3175 3854 3289 3907 ἔστι
3323 3852 3420 3923 μὲν
3450 3851 3544 3906 καὶ
3575 3851 3638 3903 ὲκ

2062 3953 2252 4008 τούτου
2283 3952 2649 4022 στοχάσασθαι
2669 3991 2684 4014 ,
2718 3951 2801 4004 ὃτι
2841 3951 2916 4012 ὡς
2944 3945 3062 4018 Θεῷ
3095 3945 3244 4016 αὐτῷ
3274 3945 3426 4012 ἔλεγε
3459 3943 3636 4006 τοῦτο,

2065 4045 2113 4098 εί
2146 4043 2241 4098 καὶ
2262 4045 2362 4096 οὐκ
2389 4041 2632 4110 ἀκριϐῶς
2657 4038 2980 4109 λελάληκεν,
3025 4035 3246 4105 οἰομένη
3283 4036 3356 4104 μὴ
3386 4033 3636 4104 παρεῖναι

2065 4135 2228 4190 αὐτὸν
2255 4135 2302 4189 εί
2335 4134 2428 4188 καὶ
2459 4133 2605 4202 ἀπῆν
2635 4131 2712 4201 τῷ
2739 4129 2970 4199 σώματι.
3019 4126 3411 4202 Ἀκριόεστέρα
3429 4114 3484 4176 δέ
3505 4118 3640 4179 οὖσα

2065 4228 2160 4281 καὶ
2191 4223 2531 4294 συνετωτέρα
2559 4222 2660 4292 τῆς
2690 4218 2918 4291 Μάρθας
2939 4259 2954 4282 ,
3002 4219 3103 4270 οὐκ
3129 4212 3306 4270 εἶπεν
3347 4234 3364 4266 ι
3396 4201 3544 4267 ’Ὅσα
3573 4209 3638 4264 ἂν

2065 4315 2263 4390 αἰτήσῃ
2280 4316 2370 4369 τὸν
2391 4313 2541 4377 Θεὸν,
2573 4311 2732 4366 δώσει
2759 4328 2843 4364 σοι
2871 4312 2900 4364 ὁ
2927 4303 3076 4372 Θεὸς.
3109 4328 3126 4360 ι
3157 4308 3248 4360 Διὸ
3277 4305 3411 4378 πρὸς
3436 4303 3641 4370 ταύτην

2063 4407 2214 4462 οὐδὲν
2259 4407 2410 4459 λαλεῖ
2450 4405 2478 4455 ὁ
2507 4403 2732 4475 Κύριος,
2763 4401 2898 4472 πρὸς
2932 4401 2989 4454 δὲ
3031 4401 3128 4470 τὴν
3148 4397 3380 4468 Μάρθαν
3431 4393 3639 4466 μακρὸν

379 4497 657 4566 prolixum
711 4494 905 4549 habuit
955 4489 1287 4548 sermonem.
1339 4489 1449 4545 Sed
1500 4491 1645 4545 enim
1698 4491 1949 4545 obrutam

2063 4500 2288 4552 διέτεινε
2326 4498 2418 4550 τὸν
2448 4495 2624 4564 λόγον.
2683 4495 2761 4564 Τῇ
2799 4493 2946 4564 λύπῃ
2982 4491 3165 4561 μέντοι
3213 4487 3514 4558 μεθύουσαν
3541 4485 3640 4554 τὴν

381 4590 572 4644 dolore
622 4587 851 4640 Mariam
913 4601 1022 4638 non
1069 4583 1368 4652 redarguit.
1409 4581 1458 4636 ei
1495 4581 1587 4651 qui
1644 4589 1955 4636 creaturam

380 4696 598 4736 omnem
632 4679 816 4749 implet
847 4679 954 4732 hoc
974 4676 1265 4738 locutanm
1295 4673 1349 4728 Si
1373 4672 1576 4729 fuisses
1596 4673 1708 4742 hic,
1732 4686 1750 4726 δ
1773 4687 1958 4730 exem-

381 4775 532 4845 plum
561 4771 721 4826 nohis
752 4771 1001 4841 praebens
1037 4784 1146 4822 non
1175 4765 1540 4838 redarguendi
1567 4781 1664 4823 eos
1697 4769 1790 4838 qui
1827 4777 1958 4824 sunt

380 4865 436 4919 in
483 4863 689 4918 recenti
723 4860 1149 4930 vehementique
1200 4859 1375 4913 luctu.
1427 4857 1726 4928 Propterea
1777 4869 1956 4930 neque

382 4951 720 5022 colloquitur
775 4966 898 5004 cum
949 4964 1035 5012 ea,
1071 4961 1248 5018 neque
1305 4945 1442 5001 dicit
1485 4961 1549 5002 ea
1605 4959 1726 5017 quae
1778 4948 1958 5004 sorori

382 5045 502 5114 cius
533 5033 690 5108 dixit,
737 5041 999 5113 quoniam
1053 5041 1235 5094 aderat
1279 5053 1476 5109 magna
1507 5040 1822 5104 multitudo,
1858 5055 1962 5094 nec

320 5187 330 5198 _
383 5138 575 5191 talium
625 5137 920 5191 verborum
978 5141 1196 5202 tempus
1234 5140 1428 5203 ,erat:
1483 5133 1786 5200 acquiescit
1832 5143 1961 5186 vero

383 5231 560 5300 magis
589 5237 641 5284 et
671 5229 996 5292 assentitur,
1025 5227 1324 5280 humanam
1364 5233 1618 5278 naturam
1646 5224 1957 5290 declarans,

382 5331 438 5374 et
491 5321 828 5391 lacrymatur
872 5325 927 5376 et
963 5318 1325 5374 confunditur
1354 5315 1549 5372 videns
1596 5331 1716 5372 eam
1769 5318 1961 5388 lugen-

381 5423 519 5472 tem.
555 5421 611 5468 et
645 5409 870 5466 Judazos
897 5411 989 5482 qui
1023 5417 1399 5467 convenerant
1434 5411 1866 5480 illacrymantes.

459 5503 552 5571 XI,
587 5505 677 5559 55.
720 5502 1004 5572 Infremuit
1052 5503 1255 5572 Spiritu
1307 5511 1358 5556 et
1429 5501 1655 5556 turbavit
1702 5503 1951 5570 seipsum.

455 5597 726 5664 Quoniam
764 5611 876 5650 non
909 5595 1086 5650 solum
1135 5595 1278 5652 Deus
1325 5597 1626 5652 secundum
1679 5606 1954 5661 naturam,

389 5689 482 5744 sed
516 5697 570 5742 et
593 5687 756 5742 homo
781 5694 900 5742 erat
922 5685 1204 5750 Christus,
1239 5701 1387 5740 nunc
1413 5687 1618 5758 aliquid
1648 5687 1951 5742 humanum

389 5777 614 5851 patitur.
647 5770 786 5834 Cum
830 5775 978 5834 enim
1007 5775 1164 5833 dolor
1193 5776 1248 5831 in
1294 5791 1360 5831 eo
1393 5779 1619 5834 excitari
1665 5779 1952 5848 inciperet,

2063 4590 2284 4660 Μαρίαν
2311 4587 2408 4640 οὐκ
2441 4587 2678 4656 ἐλέγχει,
2707 4585 2967 4636 εἰποῦσαν
2991 4583 3079 4648 τὸ,
3120 4601 3138 4634 ι
3163 4582 3224 4633 El
3249 4577 3315 4650 ἧς
3345 4572 3448 4631 ὦδε
3467 4617 3483 4636 ,
3515 4595 3533 4629 ι
3563 4577 3638 4646 τῷ

2064 4679 2360 4754 πληροῦντι
2389 4678 2486 4749 τὴν
2511 4677 2727 4733 ἃπασαν
2757 4675 2932 4730 κτίσιν
2951 4693 2966 4707 ·
3008 4674 3144 4746 πρὸς
3177 4673 3324 4742 ἡμᾶς
3351 4671 3640 4740 ὑπογραμ-

2067 4775 2164 4846 μὺν
2195 4769 2472 4827 καὶτοῦτο
2505 4769 2692 4830 ποιῶν,
2725 4767 2810 4822 ἵνα
2845 4768 2920 4838 μὴ
2945 4767 3072 4828 τοὺς
3103 4767 3162 4818 ὲν
3193 4763 3344 4832 ἀκμῇ
3377 4761 3485 4814 τῶν
3509 4761 3640 4832 θρή-

2064 4882 2170 4919 νων
2230 4863 2388 4926 ὖντας
2445 4859 2777 4932 ὲλέγχωμεν.
2826 4859 2926 4911 Διά
2970 4855 3125 4910 τοῦτο
3167 4855 3286 4908 οὐδὲ
3333 4853 3639 4928 διαλέγεται

2062 4954 2230 5026 αὐτῇ,
2261 4953 2396 5006 οὐδὲν
2425 4951 2575 5020 λέγει
2613 4951 2680 5004 τὰ
2708 4947 2876 5010 αὐτὰ,
2921 4945 2957 5001 ἃ
2987 4948 3080 5000 καὶ⁵
3113 4945 3248 5016 πρὸς
3278 4944 3376 5016 τὴν
3407 4941 3640 5012 ἀδελφὴν

2063 5045 2235 5116 αὐτῆς
2265 5041 2382 5098 εἷπε
2405 5083 2418 5106 ,
2448 5043 2534 5096 διὰ
2563 5042 2624 5094 τὸ
2655 5043 2905 5112 παρεῖναι
2954 5039 3120 5092 πολὺν
3175 5038 3330 5108 ὄχλον
3349 5081 3363 5103 ,
3418 5038 3511 5091 καὶ
3565 5036 3639 5106 μὴ

2065 5135 2206 5192 εἶναι
2233 5135 2427 5207 καιρὸν
2461 5133 2570 5188 τῶν
2605 5132 2863 5186 τοιούτων
2907 5132 3190 5202 ῥημάτωνο
3217 5129 3641 5200 συγκαταϐαίνει

2065 5232 2121 5285 δὲ
2157 5229 2388 5302 μᾶλλον,
2421 5228 2521 5299 τὴν
2563 5225 2910 5297 ἀνθρωπίνην
2959 5223 3118 5294 φύσιν
3155 5223 3510 5294 ἀπογυμνῶν,
3545 5222 3642 5275 δα-

2066 5323 2222 5394 κρύει
2239 5319 2295 5374 se
2315 5320 2410 5375 καὶ
2429 5321 2732 5389 συγχεῖται,
2753 5316 2874 5371 ἰδὼν
2895 5317 3063 5388 αὐτὴν
3087 5317 3377 5372 κλαίουσαν
3398 5317 3494 5370 καὶ
3517 5315 3641 5377 τοὺς

2067 5413 2418 5475 συνελθόντας
2446 5410 2582 5482 αὐτῇ
2631 5410 2916 5474 Ἰουδαίους
2944 5411 3251 5474 κλαίοντας.

2147 5503 2606 5574 Ἐνεϐριμήσατο
2665 5501 2744 5566 τῷ
2812 5503 3108 5572 Πνεύματι
3185 5502 3283 5556 καὶ
3349 5499 3642 5570 ἐτάραξεν

2063 5596 2300 5650 ἑαυτόν.

2149 5685 2366 5756 Ἐπειδὴ
2422 5687 2478 5740 δὲ
2527 5687 2594 5740 ού
2633 5687 2792 5758 μόνον
2843 5685 2974 5750 Θεὸς
3013 5685 3154 5740 κατά
3179 5683 3516 5754 φύσιν,ἀλλά
3545 5683 3640 5736 καὶ

2063 5777 2346 5850 ἄνθρωπος
2375 5775 2440 5850 ἦν
2471 5782 2498 5832 6
2531 5779 2796 5850 Χριστος,
2844 5779 3040 5848 πάσχει
3073 5777 3165 5830 καὶ
3199 5777 3292 5830 νῦν
3323 5777 3382 5829 τὸ
3425 5775 3636 5845 ἀνθρώ-
