4106 6262
554 333 625 390 δες
1402 328 1434 350 ’
1553 318 1608 395 s.
1634 341 1901 396 CYRILLI
1946 304 2419 395 ALLXANomNi'
2440 336 2781 399 multum;
3719 341 3794 397 5t;

550 445 676 487 rare
731 432 1008 491 interdum
1053 437 1308 504 simulat,
1350 439 1714 498 humanitatis
1759 441 2111 512 exiguitatem
2142 436 2171 494 ll

2175 453 2191 494 ἰ
2222 440 2506 508 ματίζεται
2522 482 2537 505 ,
2568 442 2669 513 τὴν
2693 442 2792 514 τῆς
2814 440 3231 511 ἀνθρωπότητος
3257 435 3531 508 πτωχείαν
3546 436 3796 508 οὐδαμοῦ

550 539 833 596 nunquam
868 529 1180 587 detrectans
1204 530 1299 603 (ι).

2220 531 2674 603 παραιτούμενος.
3832 591 3840 609 ,

618 609 714 676 XI,
754 615 844 671 55.
886 615 1062 687 Igitur
1089 618 1411 690 lacrymatus
1442 631 1518 676 est
1550 622 1728 679 Iesus.

2300 619 2669 689 Ἐδάκρυσεν
2696 616 2809 676 οὖν
2837 623 2871 675 ὁ
2903 618 3152 687 Ἰησοῦς.
3829 613 3856 672 i‘

618 698 824 759 Videtis
861 708 1195 776 evangelista
1238 710 1632 783 lacrymantem
1684 722 1934 769 naturam
1989 717 2114 770 illa-

2294 711 2354 764 '0
2395 711 2581 781 μέντοι
2631 706 3022 778 εὐαγγελιστὴς
3067 707 3281 777 βλέπων
3312 704 3655 776 δακρύουσαν
3684 701 3787 770 τὴν
3823 769 3834 783 .

541 795 921 865 crymabilem,
957 797 1323 870 obstupescit,
1379 805 1481 860 etsi
1511 807 1680 877 686
1727 809 1951 878 propria
1999 810 2113 864 haec

2213 802 2512 874 ἀδάκρυτον
2566 802 2729 871 φύσιν
2754 840 2769 864 ,
2819 800 3297 870 καταπλήττεται,
3344 799 3394 850 εἰ
3423 796 3519 852 καὶ
3561 795 3691 848 ῐδιον
3714 788 3789 864 ἦν

539 889 686 937 esset
714 884 897 940 carnis
928 886 1165 953 all'ectio,
1185 891 1516 964 minimeque
1534 896 1724 951 deitati
1752 899 2108 955 conveniens.

2209 896 2310 965 τῆς
2366 894 2564 964 σαρκὸς
2608 893 2670 947 τὺ
2716 892 2921 957 πάθος,
2976 892 3072 945 καὶ
3102 891 3164 944 οὐ
3212 891 3281 960 τῇ
3307 889 3519 958 θεότητι
3545 885 3785 957 πρέπον.

539 969 837 1043 Lacrymas
883 992 1012 1032 vero
1061 977 1242 1035 fundit
1282 981 1572 1053 Dominus,
1607 990 1962 1058 conspicatus
2011 992 2111 1047 lto-

2209 986 2447 1058 Δακρύει
2479 987 2538 1041 δὲ
2559 987 2595 1039 όν
2608 985 2843 1056 Κύριος,
2881 982 3143 1056 ἑωρακὼς
3172 982 3264 1034 τὸν
3295 982 3411 1034 κατ’
3440 978 3577 1032 ἰδίαν
3598 977 3784 1031 εἰκόνα

536 1062 739 1117 minem
789 1064 861 1119 ad
916 1069 1209 1140 imaginem
1256 1073 1342 1128 sui
1389 1073 1601 1131 factum
1640 1086 1915 1135 mortuum
1960 1097 2108 1147 esse,

2208 1077 2471 1146 γεγονότα
2512 1076 2826 1146 ἄνθρωπον,
2877 1072 3358 1143 κατεφθαρμένον,
3408 1069 3495 1123 ἵνα
3534 1068 3595 1122 τὸ
3622 1066 3784 1137 ἡμῶν.

536 1160 596 1207 ut
638 1164 861 1212 nostras
898 1159 1185 1233 lacrymas
1217 1166 1492 1223 cohibeat.
1532 1167 1769 1240 Propter
1797 1172 1903 1227 hoc
1957 1174 2102 1228 enim

2209 1168 2523 1240 περιστείλῃ
2564 1168 2818 1235 δάκρυον.
2873 1164 2973 1217 Διὰ
3012 1164 3122 1234 γὰρ
3144 1161 3303 1215 τοῦτο
3349 1161 3442 1213 καὶ
3485 1158 3778 1221 ἀπέθανεν,

537 1255 789 1303 mortuus
827 1258 930 1318 est,
965 1261 1023 1306 ut
1058 1263 1112 1309 et
1143 1271 1243 1311 nos
1284 1270 1458 1314 morte
1486 1260 1875 1328 liberaremur,
1904 1273 1958 1320 et
1984 1272 2107 1319 tan-

2206 1260 2293 1312 ἵνα
2334 1258 2429 1311 καὶ
2474 1260 2638 1328 ἡμεῖς
2687 1255 3091 1325 ἀπαλλαγῶμεν
3144 1253 3410 1307 θανάτου·
3460 1247 3685 1319 δακρύει
3720 1248 3779 1301 δὲ

535 1334 709 1407 tisper
752 1341 972 1408 quidem
1011 1344 1362 1417 lacrymatus,
1388 1348 1585 1407 deinde
1622 1367 1748 1408 mox
1788 1357 2105 1425 comprimit

2207 1350 2386 1421 μόνον,
2424 1348 2520 1402 καὶ
2551 1346 2714 1411 εὐθὺς
2742 1347 2927 1417 ἐπέχει
2957 1346 3019 1399 τὸ
3046 1345 3297 1415 δάκρυον,
3319 1343 3407 1396 ἵνα
3436 1340 3510 1412 μὴ
3533 1339 3660 1409 δόξῃ
3691 1354 3778 1402 τις

530 1424 828 1497 lacrymas,
867 1433 1080 1489 scilicet
1125 1452 1194 1491 ne
1244 1438 1500 1495 videatur
1544 1441 1722 1499 durus
1774 1424 1997 1515 quidam
2048 1456 2103 1502 et

2201 1442 2351 1513 ὠμὸς
2379 1440 2477 1495 καί
2504 1440 2836 1510 ἀσυμπαθὴς
2867 1432 3041 1501 εἶναι,
3079 1437 3173 1490 καὶ
3211 1437 3358 1506 ἡμᾶς
3390 1432 3484 1487 ἐπὶ
3523 1433 3635 1494 τοῖς
3673 1429 3778 1482 αὐ-

532 1515 931 1596 immisericors
959 1524 1079 1579 sine
1108 1528 1223 1581 ullo
1253 1544 1417 1585 sensu
1453 1532 1616 1587 alieni
1650 1534 1892 1603 doloris;
1915 1544 1969 1593 et
1998 1553 2100 1595 nos

2200 1538 2311 1598 τοῖς
2337 1531 2613 1587 παιδεύων
2633 1530 2708 1602 μὴ
2736 1530 2832 1582 ἐπὶ
2858 1530 2991 1582 πολὺ
3016 1525 3303 1585 ἐκλύεσθαι
3329 1525 3420 1578 ἐπὶ
3444 1525 3556 1585 τοῖς
3584 1520 3776 1590 τεθνηφ

528 1621 753 1689 quoque
779 1612 928 1667 circa
958 1615 1091 1670 talia
1112 1618 1374 1674 erudiens
1397 1637 1461 1676 ac
1484 1622 1688 1679 docens
1712 1640 1781 1680 ne
1803 1627 1923 1696 plus
1948 1627 2099 1697 justo

2199 1622 2318 1676 κόσι
2346 1639 2360 1654 ·
2392 1622 2454 1674 τὸ
2497 1620 2596 1691 μὲν
2620 1618 2751 1690 γάρ,
2783 1616 3125 1688 συμπαθείας
3153 1614 3441 1684 ἐχόμενον,
3470 1611 3532 1664 τὸ
3560 1611 3639 1673 δὲ,
3671 1625 3773 1678 γυ-

528 1698 808 1755 solvamur
841 1701 897 1756 in
946 1706 1156 1762 luctum
1188 1710 1259 1764 ob
1306 1720 1554 1769 mortuos
1587 1732 1600 1768 :
1635 1717 1767 1771 illud
1817 1719 1960 1773 enim
2005 1736 2094 1773 rc-
2125 1769 2149 1782 ,

2197 1717 2441 1771 ναικικὸν
2473 1715 2567 1769 καὶ
2593 1712 2874 1782 ἄνανδρον.
2903 1709 3002 1763 Διὰ
3027 1706 3183 1763 τοῦτο
3215 1702 3306 1761 οὖν
3338 1704 3684 1776 συνεχώρησε
3704 1706 3806 1781 τῇ*

527 1789 675 1844 dolet
719 1791 1117 1852 humanitatem
1171 1814 1233 1854 ac
1287 1803 1741 1872 misericordiam,
1775 1808 1879 1864 hoc
1933 1769 2148 1880 planeI

2149 1770 2172 1824 δ
2199 1769 2499 1879 ἰδίασαρκὶ
2522 1769 2957 1868 κλαῦσαίόλίγον
2974 1842 2989 1866 ,
3019 1799 3221 1867 καίπερ
3246 1797 3320 1850 ὣν
3350 1799 3414 1867 τῇ
3640 1793 3770 1849 ἄδα-

526 1879 782 1949 ignavum
813 1891 869 1938 et
903 1888 1184 1945 muliebre.
1219 1892 1285 1946 Et
1318 1895 1388 1949 ob
1427 1895 1566 1951 hanc
1594 1912 1816 1954 causam
1849 1902 2097 1971 permisit

2198 1914 2332 1968 κρυς
2362 1895 2459 1949 καὶ
2495 1893 2712 1962 ἀπάσης
2740 1890 3089 1951 ἀνεπίδεκτος
3123 1886 3302 1955 λύπης
3321 1926 3334 1947 ,
3365 1887 3489 1938 ὅσον
3521 1885 3600 1946 εἰς
3631 1883 3769 1935 ἰδίαν

525 1986 640 2026 sua:
694 1976 845 2030 carni
898 1980 1147 2036 nonnihil
1201 1981 1350 2053 ﬂere,
1384 1987 1510 2042 licet
1571 1991 1842 2049 exsistens
1899 2004 2093 2051 natura

2196 1989 2376 2058 φύσιν.
2431 1983 2782 2054 Θαυμάζουσι
2816 1983 2873 2035 δὲ
2919 1981 3014 2034 καίι
3074 1979 3228 2032 αὐτοὶ
3267 1980 3316 2030 οἱ
3347 1976 3663 2046 μισοῦντες,
3707 1974 3770 2027 τὸ

522 2062 785 2122 immunis
846 2083 876 2122 a
939 2070 1228 2143 lacrymis,
1278 2077 1528 2148 nullique
1581 2082 1759 2138 dolori
1822 2086 2092 2146 obnoxius

2194 2079 2400 2148 Κυρίου
2437 2076 2498 2130 τὸ
2524 2076 2778 2147 δάκρυον.
2818 2075 2881 2126 Οἰ
2914 2072 3023 2142 γάρ
3040 2074 3117 2136 εἰς
3140 2071 3308 2140 ἄκρον
3330 2067 3763 2138 φιλοσοφοῦντες,

523 2151 703 2217 quoad
739 2156 1014 2223 prapriam
1043 2171 1318 2220 naturam.
1363 2164 1471 2235 Ipsi
1505 2185 1723 2242 quoque
1752 2189 1944 2233 osores
1983 2179 2090 2233 ini-

2192 2171 2287 2225 κα)⁵
2301 2172 2349 2223 οἰ
2367 2171 2424 2222 ὲν
2446 2167 2713 2239 ὑπολήψει
2730 2167 2979 2237 λαμπρᾷ,
2994 2162 3399 2234 δυσχερέστατα
3416 2160 3774 2230 δακρύουσιν,

520 2241 648 2295 mici
683 2243 1025 2304 admirantur
1055 2251 1329 2326 lacrymas
1371 2256 1608 2315 Domini.
1647 2263 1785 2318 Nam
1819 2268 1913 2337 qui
1944 2278 2084 2325 stre-

2187 2265 2263 2328 ὡς
2296 2261 2831 2331 κατανεανιευόμενοι
2894 2258 3073 2327 πάσης
3121 2257 3424 2325 συμφορᾶς.
3486 2251 3775 2322 Ἐνόμιζον

518 2346 627 2387 nne
668 2335 1148 2410 philosophantur,
1183 2355 1421 2418 suntque
1477 2351 1533 2405 in
1598 2368 1793 2425 magna
1828 2335 2085 2427 opinione

2185 2357 2241 2410 δὲ
2267 2358 2314 2409 οἰ
2349 2354 2591 2408 Ἰουδαῖοι
2623 2354 2704 2406 ὅτι
2731 2350 2819 2406 διὰ
2847 2351 2936 2405 τὸν
2965 2350 3193 2404 θάνατον
3226 2348 3459 2419 ἐδάκρυε
3483 2345 3759 2415 Λαζάρουο

515 2420 822 2491 hominum,
850 2443 1003 2499 πει-ε-
1025 2432 1418 2507 lacrymantur,
1455 2449 1714 2512 tanquam
1747 2462 1964 2504 omnem
1995 2467 2084 2506 ca-

2184 2446 2345 2511 αύτὸς
2385 2445 2442 2498 δὲ
2493 2446 2674 2499 πᾶσαν
2726 2444 2826 2513 τὴν
2884 2441 3232 2513 ἀνθρωπίνην
3282 2439 3441 2507 φύσιν
3491 2434 3761 2491 κατελεῶν

516 2514 820 2573 lamitatem
883 2537 1262 2594 aspernantes.
1333 2530 1607 2589 Putabant
1662 2547 1843 2593 autem
1908 2541 2080 2597 Judazi

2231 2542 2505 2611 ἰάκρυσεν,
2542 2539 2604 2591 οὑ
2642 2537 2800 2607 μόνον
2820 2535 3072 2604 Λάζαρον
3102 2531 3323 2595 κλαίων,
3343 2530 3479 2583 ἀλλὰ
3496 2530 3558 2583 τὸ
3588 2529 3761 2582 πάλαι
3842 2606 3852 2613 ἱ

510 2621 644 2662 eum.
673 2620 896 2683 propter
928 2629 1157 2675 mortem
1194 2622 1385 2679 Laz-ari
1420 2624 1579 2695 ﬂere;
1606 2637 1661 2682 at
1692 2631 1812 2700 ipse
1851 2634 2081 2691 misera-

2184 2628 2529 2699 συμϐεϐηκὸς
2557 2626 2770 2688 ἐννοῶν,
2802 2625 2885 2678 ὅτι
2911 2625 3060 2677 πᾶσα
3085 2624 3117 2691 ὴ
3154 2620 3511 2690 ἀνθρωπότης
3536 2619 3767 2686 γέγονεν

510 2696 661 2753 tione
713 2709 892 2758 tactus
938 2709 1118 2764 omnis
1176 2711 1429 2768 humanae
1487 2725 1695 2773 natum
1744 2719 1911 2787 ﬂevit,
1967 2740 2085 2779 non-

2180 2696 2284 2772 ὑπδ
2318 2696 2547 2770 θάνατον
2570 2757 2586 2781 ,
2617 2713 2843 2775 δικαίως
2879 2711 2959 2780 τῷ
2990 2710 3218 2779 τοιούτῳ
3255 2708 3517 2776 ἐπιτιμίῳ
3548 2708 3759 2758 ὑποπε-

507 2787 687 2840 soium
731 2788 995 2848 Lazarum
1046 2796 1256 2868 lugens,
1282 2801 1376 2855 sed
1428 2804 1572 2872 quod
1623 2805 1733 2873 jam
1766 2806 1897 2860 olim
1932 2810 2078 2863 acci-

2181 2811 2366 2864 σοῦσα.
2419 2807 2611 2861 ’Λλλοιι
2637 2806 2694 2860 δὲ
2738 2804 2843 2858 ὑπὸ
2886 2802 2979 2855 τοῦ
3016 2801 3210 2871 φθόνου
3249 2798 3570 2870 τρωθέντες,
3603 2797 3766 2851 οὐδὲν,

505 2877 663 2933 derat
685 2884 825 2950 apud
858 2900 917 2940 se
949 2889 1218 2967 cogitans,
1253 2909 1377 2946 cum
1411 2895 1666 2951 universa
1704 2898 1943 2953 humana
1974 2919 2071 2955 na-

2177 2903 2363 2969 ἔλεγον
2396 2898 2602 2967 ἀγαθόν
2628 2914 2641 2928 ·
2693 2896 2753 2949 οὐ
2791 2893 2901 2964 γὰρ
2937 2892 3079 2946 κατὰ
3110 2891 3374 2963 ἀλήθειαν
3400 2890 3628 2959 ᾐτιῶντο
3665 2889 3756 2941 τὸν

502 2975 630 3024 tura
671 2977 834 3029 morti
881 2979 1188 3048 subiaceat,
1222 2984 1525 3053 meritoque
1566 2986 1707 3042 hanc
1743 2992 1966 3045 multum
2020 3002 2073 3048 ιιι

2176 2992 2408 3063 Κύριον,
2448 2989 2525 3053 ὼς
2581 2986 2950 3057 ἐπιτρέψαντα
2990 2984 3281 3038 ἀποθανεῖν
3325 2981 3415 3034 τὸν
3460 2980 3750 3050 Λάζαρονο

502 3060 711 3118 cladem
751 3083 912 3136 passa
953 3070 1045 3126 sit.
1074 3070 1179 3124 Alii
1209 3088 1340 3127 vero
1370 3075 1543 3131 livore
1565 3081 1903 3137 exstimulati
1935 3086 2067 3139 nihil
2099 3110 2123 3166 ε

2172 3060 2330 3137 τοῦτο
2363 3082 2472 3153 γὰρ
2506 3077 2575 3151 ἦν
2613 3078 2981 3133 πιστευόντων
3016 3078 3097 3130 ὄτι
3141 3073 3371 3144 ἠδύνατο
3402 3072 3491 3125 τὸν
3525 3071 3765 3166 θάνατον

501 3167 696 3210 sanum
746 3158 1111 3230 loquebantur
1150 3179 1164 3215 :
1210 3178 1320 3219 non
1361 3167 1503 3220 enim
1546 3183 1736 3225 revera
1782 3172 2070 3231 insimulal-
2104 3158 2122 3166 ι

2179 3176 2391 3246 στῆσαι.
2440 3172 2599 3225 Ἀλλὰ
2633 3169 2916 3241 μονονουχὶ
2943 3167 3107 3221 τοῦτό
3133 3182 3296 3235 φασιν
3319 3180 3334 3196 ⁸
3377 3163 3487 3218 Ποῦ
3518 3166 3551 3234 ἡ
3597 3161 3760 3253 ἰσχύς.

500 3246 631 3302 bant
664 3248 961 3306 Dominum
1000 3254 1162 3322 quasi
1203 3255 1422 3312 sivisset
1450 3260 1586 3315 mori
1617 3260 1885 3320 Lazarum
1920 3286 1933 3323 :
1966 3270 2069 3324 hoc

2177 3284 2301 3331 σου,
2341 3260 2387 3319 ὦ
2416 3260 2833 3333 θαυματουργέ;
2899 3260 3030 3313 Ἰδοὺ
3057 3258 3167 3329 γὰρ
3193 3257 3284 3310 καὶ
3319 3256 3392 3328 μὴ
3428 3248 3764 3327 βουλομένους

496 3339 645 3392 enim
699 3339 893 3397 fuisset
943 3343 1288 3399 credentium
1323 3362 1447 3401 eum
1504 3366 1668 3420 posse
1714 3364 1944 3413 mortem
1996 3363 2069 3415 si-

2176 3359 2272 3412 σοῦ
2292 3399 2306 3422 ,
2341 3357 2601 3427 τέθνηκεν
2629 3356 2657 3408 ό
2689 3352 2795 3406 ὑπὸ
2830 3351 2924 3405 σοῦ
2951 3350 3277 3418 φιλούμενος
3295 3364 3308 3376 ·
3361 3348 3444 3401 ὅτι
3473 3347 3583 3417 γὰρ
3613 3346 3757 3415 ἠγά-

497 3436 662 3482 stere.
716 3430 822 3484 Sed
881 3441 1090 3487 tantum
1146 3451 1266 3490 non
1318 3438 1422 3524 hoc
1474 3441 1776 3501 dicebant:
1815 3449 1915 3505 Ubi
1974 3459 2066 3507 tua

2175 3468 2303 3515 πας,
2328 3449 2488 3520 δῆλον
2521 3448 2582 3514 ἐξ
2615 3439 2678 3500 οὗ
2707 3442 2983 3524 δακρύεις.
3003 3442 3073 3495 Εἰ
3091 3437 3182 3495 οὖν
3213 3436 3281 3511 ἦν
3306 3439 3407 3508 τῆς
3436 3438 3535 3507 σῆς
3568 3436 3749 3506 ἰσχύος

493 3516 693 3584 virtus,
724 3532 761 3571 o
790 3520 1179 3577 miraculorum
1208 3516 1425 3583 editor?
1448 3530 1591 3587 Ecce
1632 3536 1775 3588 enim
1806 3547 1859 3591 et
1889 3550 1939 3595 te
1968 3556 2065 3594 no-

2169 3544 2230 3597 τὸ
2255 3542 2348 3596 τοῦ
2372 3516 2574 3609 τυφλοῦ
2597 3516 3141 3609 ἔργον,ὴδύ’νασο.καί
3162 3530 3252 3583 τὸν
3278 3528 3507 3581 θάνατον
3531 3529 3759 3596 «ﬂeat,

494 3611 640 3665 lente
672 3619 918 3668 mortuus
946 3606 1034 3667 est
1066 3631 1225 3685 quem
1259 3621 1480 3678 amabas
1508 3643 1522 3678 :
1551 3627 1694 3695 quod
1756 3631 1897 3686 enim
1939 3651 2060 3691 cum

2169 3636 2306 3705 ὅπερ
2350 3606 2467 3687 ἐστί
2515 3606 2818 3716 καὶταύτδῄ
2872 3626 3011 3696 ὑπὲρ
3060 3621 3349 3716 ἀνθρώπου
3396 3620 3576 3716 ερύσιν.
3636 3617 3749 3716 ⁸Ὠς

494 3711 711 3753 amares
755 3699 959 3752 indicio
1015 3712 1143 3757 sunt
1181 3714 1287 3762 tuae
1344 3709 1615 3783 lacrymrc.
1665 3714 1721 3771 Si
1776 3734 1905 3789 ergo
1957 3733 2064 3781 tua:

2166 3699 2539 3797 ὲπιέαίροντες
2570 3716 2663 3774 οὖν
2693 3718 2752 3785 ἐξ
2784 3710 2857 3772 ὧν
2888 3717 3074 3787 ἑώρων
3097 3714 3297 3785 τρόπον
3317 3710 3440 3765 τινὰ
3484 3705 3758 3779 παραλυο-

496 3783 714 3840 virtutis
737 3794 793 3840 et
819 3793 1074 3857 potentia:
1104 3793 1206 3848 fuit
1238 3799 1383 3867 quod
1424 3803 1575 3857 circa
1606 3820 1807 3861 mecum
1844 3783 2059 3869 tactum

2174 3783 2341 3890 μένην
2359 3783 2481 3887 ,τὴν
2511 3783 2675 3868 αὐτοῦ
2699 3783 2856 3876 δόξαν
2875 3848 2891 3875 ,
2926 3783 3059 3878 φασί
3086 3783 3247 3861 τοῦτο
3277 3820 3290 3834 ⁸
3327 3802 3498 3866 Αὐτός
3525 3817 3589 3870 γε
3640 3799 3755 3870 μὴν

491 3882 600 3940 est,
634 3884 852 3943 poteras
883 3886 939 3932 et
984 3890 1211 3938 mortem
1261 3890 1542 3945 retardare
1579 3907 1643 3947 ac
1690 3910 2062 3967 compescere,

1715 3911 2062 3967 iompescel‘e.
2172 3882 2471 3979 ἐδάκρυσεν
2511 3907 2605 3958 ἐπὶ
2626 3902 2883 3973 Λαζάρῳ.
3328 3898 3336 3915 ¹

492 3965 639 4032 quod
672 3964 891 4034 quidem
940 3979 1025 4025 est
1073 3986 1242 4043 supra
1288 3983 1543 4032 naturam
1585 3964 1844 4039 hominis“.
1894 3964 2067 4059 igitur
2109 3964 2438 4052 insultantes
2487 3964 2735 4063 ei,quod
2776 3964 3027 4047 viderent
3091 3988 3494 4062 quodammodo
3558 3985 3743 4041 immi-

492 4062 680 4110 nutant
716 4057 844 4127 ejus
867 4061 1119 4130 gloriam,
1145 4063 1251 4118 hoc
1297 4066 1488 4122 dicunt
1518 4087 1532 4123 :
1567 4069 1688 4140 Ipse
1719 4057 1938 4144 quidem
1978 4083 2314 4157 lacrymatus
2344 4092 2427 4141 est
2452 4057 2619 4155 super
2644 4083 2882 4137 Lazaro-

562 4145 653 4202 Sic
696 4147 902 4231 dicitur
953 4168 1052 4222 pro
1085 4173 1099 4209 :
1132 4155 1452 4214 Commotus
1497 4162 1564 4215 ad
1620 4164 2068 4228 misericordiam:
2098 4145 2113 4157 υ

2248 4145 2666 4247 'AW1105.(l),
2712 4174 3084 4245 Κεκινημένος
3127 4176 3205 4239 εἰς
3245 4174 3392 4228 ἔλεον
3426 4176 3489 4226 ἐκ
3525 4171 3619 4224 τοῦ
3649 4172 3745 4226 δα-

491 4247 712 4307 propter
741 4242 1039 4297 multorum
1068 4244 1363 4317 lacrymas,
1388 4249 1680 4321 imperavit
1712 4258 1930 4326 spiritui
1956 4279 2061 4319 suo

2167 4271 2370 4344 κρῦσαι
2397 4242 2645 4333 πολλοῦς,
2665 4242 2968 4321 ἐνετείλατο
2986 4266 3187 4337 τρόπον
3202 4266 3322 4320 τινὰ
3337 4265 3414 4335 τῷ
3440 4265 3553 4335 ἰδίῳ
3570 4266 3753 4318 Πνεύ-⁴

491 4339 553 4383 ut
582 4339 815 4386 mortem
849 4334 1013 4389 etiam
1048 4344 1177 4392 ante
1210 4349 1428 4409 tempus
1453 4343 1772 4414 debellaret,
1799 4365 1863 4405 ac
1891 4352 2061 4411 Laza.
2098 4394 2112 4449 Ι

2120 4396 2139 4448 )
2169 4334 2299 4432 ματι
2328 4360 2722 4417 καταπαλαίειν
2738 4397 2751 4423 ,
2779 4357 2873 4411 καὶ
2891 4358 2998 4430 πρὸ
3020 4358 3231 4431 καιροῦ,
3256 4357 3349 4411 τοῦ
3375 4357 3628 4423 θανάτου,
3648 4357 3741 4410 καὶ

490 4434 613 4473 Tum
646 4423 959 4478 δυεοίῑθνθῑο
2098 4423 2139 4449 υ
2169 4423 2472 4523 άναστῆσαι
2500 4452 2592 4505 τὸν
2622 4450 2889 4521 Λάζαρον.

561 4511 789 4568 Miratur
811 4530 1010 4573 rursus
1032 4518 1193 4577 divus
1217 4525 1552 4594 evangelista
1579 4526 1794 4587 ﬂentem
1827 4550 2058 4595 cernens

2221 4511 2673 4609 Καταπλήττεται
2704 4511 2961 4605 (eiram
2981 4539 3008 4590 ό
3026 4536 3309 4601 θεσπέσιος
3326 4537 3743 4609 εύαγγελιστὴς,

491 4600 942 4672 illacrymabilem
978 4616 1254 4664 naturam.
1278 4614 1445 4684 Atqui
1473 4617 1709 4675 humana
1734 4622 1848 4679 hate
1874 4631 2069 4696 passio

2169 4600 2509 4701 δακρύουσαν
2543 4600 2772 4700 βλέπων-
2799 4628 2896 4700 τὴν
2942 4629 3242 4699 ἀδάκρυτον
3287 4600 3484 4700 φύσιν.-
3518 4632 3629 4684 Καὶ
3669 4600 3739 4682 ’τὸ

488 4702 625 4749 erat.
655 4694 1018 4751 Miserabatur
1047 4701 1194 4755 enim
1223 4718 1333 4759 non
1364 4706 1484 4762 sine
1515 4725 1704 4776 causa,
1736 4694 2058 4786 corruptum

2167 4694 2336 4786 πάθος
2359 4718 2426 4792 ἦν
2451 4694 2808 4791 ἀνθρώπινον.
2842 4694 3018 4772 ⁹ἰιλέει
3044 4694 3151 4790 γάρ
3184 4694 3411 4783 εἰκότως
3435 4721 3734 4791 κατεφθαρο

494 4786 687 4841 videns
719 4787 996 4844 hominem
1037 4792 1104 4846 ad
1139 4794 1429 4865 imaginem
1461 4799 1555 4856 Dei
1584 4813 1848 4872 creatum,
1884 4819 1938 4864 et
1969 4826 2064 4864 ca-

2171 4812 2327 4881 μένον
2359 4810 2502 4881 ὀρῶν
2533 4811 2625 4863 τὸν
2659 4811 2777 4863 κατ’
2805 4810 2940 4863 ἰδίαν
2967 4810 3176 4873 εἰκόνα,
3215 4811 3309 4863 καὶ
3347 4810 3745 4876 ἐπιστυγνάζει.

496 4878 830 4936 lamitatibus
870 4882 1077 4939 nostris
1123 4888 1574 4947 contristabatur.
1611 4892 1727 4951 Nisi
1768 4900 1913 4952 enim
1962 4917 2060 4970 pro

2158 4878 2278 4964 ταῖς
2296 4878 2588 4972 ἡμετέραις
2609 4903 2933 4970 συμφοραῖς.
2951 4901 3012 4951 Εἰ
3030 4899 3136 4970 γὰρ
3157 4901 3229 4971 μὴ
3246 4901 3574 4972 δεδάκρυκεν
3592 4890 3736 4969 ὑπὲρ

492 4967 653 5023 nobis
698 4969 1038 5041 lacrymatus
1084 4984 1252 5041 esset,
1279 4994 1454 5034 meam
1509 4999 1618 5037 non
1662 4967 2059 5046 cobilieret'la-

2158 4967 2346 5063 ἡμῶν,
2377 4967 2478 5045 οὐκ
2500 4992 2564 5045 ἂν
2594 4992 2654 5044 τὸ
2681 4967 2827 5060 ipsa
2862 4967 3189 5062 περιεστάλη
3218 4967 3486 5062 δάκρυόν.
3521 4967 3732 5064 "Cvr..sz

487 5072 752 5128 crymam.
797 5059 932 5116 Nam
977 5064 1122 5119 sicut
1166 5066 1214 5121 is
1265 5068 1359 5137 qui
1388 5078 1507 5124 erat
1535 5070 1771 5129 Verbum
1820 5077 2050 5134 «licens:

2159 5059 2267 5152 πλάρ
2295 5082 2493 5154 τρόπον
2515 5083 2676 5146 αὐτὸς
2699 5059 2766 5153 ἦν
2803 5084 2831 5135 ὁ
2862 5059 3032 5151 Λόγος
3056 5085 3083 5136 ό
3106 5059 3299 5148 εἰπὼν,
3390 5083 3530 5151 Ἐγὼ
3561 5086 3677 5152 εἰμι

492 5167 510 5197 ι
554 5147 663 5219 Ego
703 5167 823 5206 sum
878 5156 1037 5223 panis
1087 5156 1157 5213 de
1191 5161 1336 5213 cmlo
1388 5161 1747 5233 descendens,
1783 5168 2095 5246 vitamque-

2159 5175 2320 5244 ἄρτος
2365 5175 2393 5227 ό
2438 5173 2496 5237 ἐξ
2541 5172 2767 5246 ούρανοῦ
2803 5173 3077 5240 καταϐάς,
3122 5176 3216 5228 καὶ
3245 5174 3390 5245 ζωὴν
3422 5176 3597 5239 διδοὺς
3653 5177 3730 5246 τῷ

489 5240 694 5297 mundo
727 5243 961 5301 allerens
988 5247 1077 5315 ⁸⁸⁸,
1112 5268 1130 5300 ι
1163 5251 1414 5319 permisit
1450 5260 1631 5309 tamen
1673 5258 1966 5329 aliquando
1996 5271 2056 5316 ut
2086 5242 2095 5247 ’

2160 5240 2400 5335 κόσμῳ,›
2438 5240 2856 5335 συγκεᾷεώρηκεν
2886 5266 2995 5319 ἀπὸ
3012 5266 3208 5338 μέρους
3230 5267 3329 5336 τῆς
3346 5240 3494 5332 ’ἰδίας
3521 5240 3732 5341 σαρκός.

558 5440 624 5473 δι’
656 5437 816 5495 Joan.
859 5459 934 5510 vr,
968 5445 1056 5499 50.

560 5574 640 5646 (1)
696 5577 847 5631 Ἀντί
890 5579 996 5634 τοῦ
1043 5618 1057 5631 .
1087 5620 1101 5635 .
1134 5622 1147 5635 .
1182 5622 1196 5636 ,
1246 5584 1353 5638 τὸν
1392 5585 1681 5656 Λάζαρον.
1733 5587 1809 5644 Ex
1857 5589 2082 5648 Macarii
2122 5595 2181 5649 CI

1433 5585 1681 5656 ἁζαρον.
1733 5587 1809 5644 Ex
1857 5589 2082 5648 Macarii
2122 5595 2498 5667 Chrysocepli.
2528 5595 2564 5650 l.
2598 5596 2635 5649 l.
2666 5610 2754 5665 ap.
2791 5594 2895 5655 Mai
2926 5596 3054 5651 ibid.

560 5668 637 5740 (2)
693 5670 1177 5763 [ξαταπλήτζεται
1302 5718 1326 5763 ,1
1384 5715 1447 5763 ..
1518 5680 1619 5763 κςιί
1687 5682 2060 5763 ἀσυμπαθές.
2123 5686 2181 5741 Εε

2123 5686 2199 5742 Ex
2253 5694 2445 5763 catena
2489 5686 2667 5763 Yatic.
2709 5686 2934 5763 ap‘nhjai
2961 5688 3093 5745 ibid.
3125 5686 3298 5761 llujus
3327 5699 3381 5747 et
3431 5693 3716 5763 sequentis

489 5739 776 5811 fragmenti
826 5740 1044 5797 nonnisi
1096 5744 1375 5813 particula:
1422 5749 1664 5817 quaedam
1729 5739 1946 5809 exstant
1998 5739 2050 5809 in
2081 5739 2277 5815 catena
2302 5739 2663 5823 Corderiaua,
2682 5739 2886 5827 p.391
