4106 6262
468 317 539 378 59
1458 334 1520 390 s.
1556 335 1834 390 crtum
1867 334 2343 397 ALEXANDRIM
2374 337 2700 395 ARCllllﬂP.
3660 337 3731 393 so

538 438 628 504 ΧΙ.
658 441 748 501 40.
795 446 984 505 Nonne
1022 452 1119 509 tibi
1155 454 1267 505 dixi
1325 455 1597 522 quoniam,
1644 456 1692 513 si
1734 456 2040 522 credideris.

2223 436 2345 512 Οὔκ
2390 452 2567 513 εἶπόν
2595 474 2694 515 σοι
2749 458 2978 520 ὅτινέὰν
3011 459 3382 527 πιστεύσῃς,
3437 456 3572 527 ὄψει
3608 458 3731 539 τὴν

464 533 661 590 videbis
692 538 921 610 gloriam
953 543 1051 603 Dei
1070 548 1103 601 7

536 623 734 701 Ingens
785 632 988 691 bonum
1029 648 1116 693 est
1170 638 1305 696 ﬁdes
1336 654 1463 699 cum
1512 657 1579 701 ex
1616 643 1829 702 ardenti
1862 644 2047 703 animo

430 724 437 733 '
468 720 737 784 nascitur,
772 730 1089 794 tantamque
1125 728 1234 787 vim
1272 731 1458 794 habet,
1489 740 1551 789 ut
1585 748 1692 791 non
1743 733 1923 793 solum
1953 735 2046 803 qui

465 811 643 864 credit
692 822 967 880 servetur,
993 816 1090 871 sed
1146 829 1207 872 ut
1256 822 1427 879 etiam
1469 823 1703 879 aliorum
1757 824 1890 885 fides
1926 827 2051 883 aliis

467 901 631 955 saluti
688 903 780 966 sit,
820 914 880 963 ut
926 907 978 961 in
1017 910 1403 981 Capharnaum
1457 917 1736 973 resolutus
1786 919 2049 976 membris

465 993 800 1060 paralyticus
827 1012 923 1066 per
952 1000 1110 1056 tidem
1145 1019 1336 1059 eorum
1367 1006 1459 1076 qui
1494 1005 1784 1077 portabant
1816 1024 1939 1065 eum
1970 1027 2051 1066 sa-

465 1091 629 1136 natus
660 1094 765 1151 est,
799 1096 858 1141 ut
910 1088 1152 1149 Lazarus
1185 1111 1280 1163 per
1323 1096 1480 1150 iidem
1512 1099 1742 1164 sororis,
1787 1099 1857 1155 ad
1885 1118 2049 1171 quam

465 1172 604 1226 dixit
635 1173 900 1235 Dominus
932 1198 945 1235 :
988 1201 1007 1233 ι
1048 1182 1303 1255 Nunquid
1342 1187 1455 1241 dixi
1498 1190 1596 1245 tibi
1621 1194 1792 1263 quod,
1847 1195 1895 1248 si
1926 1212 2049 1253 cre-

465 1264 573 1331 dis,
611 1268 820 1326 videbis
854 1274 1085 1344 gloriam
1123 1277 1258 1334 Dei?
1298 1299 1317 1331 ι
1351 1284 1750 1352 propemodum
1800 1287 1997 1346 dicens
2036 1309 2049 1344 :

467 1358 927 1432 Quandoquidem
965 1368 1209 1426 Lazarus
1236 1380 1502 1455 mortuus
1548 1377 1787 1437 credere
1808 1397 1917 1437 non
1956 1399 2054 1455 po-

352 1482 365 1491 -
467 1459 596 1516 test.
621 1460 677 1511 tu
702 1459 883 1526 (ιυωά
911 1460 1070 1517 tidem
1105 1448 1309 1518 mortui
1336 1466 1509 1523 vicem
1541 1470 1821 1540 suppleas.
1846 1448 2053 1546 Duplex

464 1551 651 1599 autem
682 1557 770 1605 est
802 1547 925 1609 ﬁdei
957 1553 1201 1622 species:
1231 1556 1337 1611 alia
1367 1559 1589 1628 quidem
1621 1562 1931 1632 dogmatica
1962 1582 2055 1626 as-

466 1637 725 1694 sensione
774 1644 975 1698 mentis
1012 1644 1219 1702 habens
1258 1647 1327 1703 de
1359 1650 1464 1706 hae
1493 1667 1554 1708 re
1585 1654 1792 1726 aliqua,
1829 1666 1886 1712 ut
1926 1659 2050 1725 hoc,

472 1744 491 1779 ι
532 1727 634 1797 Qui
676 1730 852 1789 credit
896 1735 950 1789 iu
991 1732 1189 1793 Filium
1230 1752 1342 1795 non
1384 1740 1671 1810 iudicatur
1729 1746 1777 1778 “
1811 1764 1829 1816 ;
1870 1768 1894 1803 ι
1945 1751 2051 1807 alia

2114 568 2123 577 '
2147 549 2334 612 δόξαν
2361 550 2468 605 τοῦ
2498 551 2683 612 Θεοῦ;

2219 644 2379 712 Μέγα
2422 644 2625 712 ἀγαθὸν
2669 645 2885 710 πίστις,
2938 646 3068 700 ὅταν
3121 647 3229 701 ἀπὸ
3263 647 3472 718 θερμῆς
3515 644 3770 714 γίνηται·

2147 734 2385 800 διανοίας
2403 777 2420 801 ,
2455 738 2549 790 καὶ
2574 737 2846 810 τοσαύτην
2875 738 2989 808 ἔχει
3016 738 3251 810 δύναμιν
3271 781 3284 803 ,
3316 738 3457 792 ὥστε
3477 739 3539 793 οὐ
3574 736 3733 829 μόνον

2147 827 2176 881 6
2207 825 2478 881 πιστεύων
2507 826 2740 892 σώζεται
2759 868 2773 894 ,
2823 828 2954 882 ἀλλὰ
3004 831 3097 883 καὶ
3136 830 3285 884 ἄλλοι
3309 828 3482 883 ἄλλων
3514 825 3734 882 πιστευὲ

2152 915 2361 969 σάντων
2389 915 2692 986 ἐσώθησαν·
2751 917 2827 981 ὡς
2873 921 2901 972 6
2932 920 2991 972 ἐν
3026 921 3405 990 Καπαρναοὺμ
3440 918 3737 989 χαλασθεὶς

2151 1008 2462 1076 παράλυτος
2479 1048 2493 1073 ,
2543 1008 2634 1061 διὰ
2661 1008 2758 1081 τὴν
2786 1010 2968 1064 πίστιν
2991 1011 3099 1064 τῶν
3132 1011 3505 1081 βασταζόντων
3529 1010 3690 1063 αὐτόν
3717 1025 3731 1038 ·

2149 1098 2225 1162 ὡς
2266 1101 2294 1153 6
2330 1098 2581 1169 Λάζαρος
2603 1140 2617 1164 ,
2646 1099 2734 1153 διὰ
2762 1101 2863 1171 τὴν
2903 1102 3001 1173 τῆς
3039 1101 3275 1172 ἀδελφῆς
3296 1141 3311 1164 ,
3366 1101 3500 1171 πρὸς
3530 1101 3595 1171 ἢν
3629 1099 3733 1168 ἔφη

2150 1193 2181 1244 6
2209 1191 2446 1263 Κύριος·
2485 1210 2503 1243 ι
2534 1193 2648 1246 Οὐκ
2677 1188 2831 1246 εἶπόν
2872 1209 2955 1246 σοι
3002 1195 3108 1255 ὅτι,
3134 1193 3228 1247 ἐὰν
3273 1191 3535 1262 πιστεύῃς
3557 1231 3571 1253 ,
3613 1190 3735 1258 ὄψει

2151 1282 2250 1353 τὴν
2282 1281 2441 1348 δόξαν
2490 1283 2585 1337 τοῦ
2634 1285 2771 1347 Θεοῦ
2800 1303 2813 1348 ;
2846 1305 2866 1337 ι
2918 1287 3201 1356 μονονουχὶ
3245 1285 3454 1352 λέγων·
3515 1281 3735 1351 Ἐπειδὴ

2153 1374 2401 1446 Λάζαρος
2450 1376 2642 1446 νεκρὸς
2687 1375 2763 1429 ὢν
2798 1376 3075 1430 πιστεύειν
3121 1379 3179 1430 οὐ
3218 1376 3469 1441 δύναται,
3528 1374 3592 1427 σὺ
3640 1371 3735 1426 τοῦ
3812 1382 3822 1392 ‘

2153 1462 2350 1536 νεκροῦ
2379 1464 2440 1517 τὸ
2466 1464 2651 1518 λεῖπον
2692 1466 2793 1537 τῆς
2815 1466 3053 1531 πίστεως
3082 1467 3496 1538 ἀναπλήρωσον.
3551 1464 3738 1519 Διττδν

2153 1553 2208 1607 δὲ
2246 1554 2347 1624 τῆς
2382 1554 2618 1619 πίστεως
2660 1557 2719 1609 τὸ
2765 1553 2903 1621 εἶδος
2928 1595 2943 1622 ,
2989 1559 3051 1611 τὸ
3101 1557 3200 1628 μὲν
3242 1557 3573 1626 δογματικδν
3608 1571 3740 1624 συγ-

2155 1644 2451 1703 κατάθεσιν
2484 1650 2584 1718 ei};
2632 1647 2809 1719 ψυχῆς
2855 1649 2979 1719 ἔχον
3029 1650 3158 1721 περὶ
3211 1649 3366 1702 τοῦδέ
3426 1646 3604 1710 τινοςέ
3663 1647 3740 1710 ὡς

2155 1739 2235 1805 τὸ,
2265 1758 2285 1792 ι
2325 1741 2385 1794 Ὁ
2411 1741 2681 1796 πιστεύων
2712 1744 2794 1807 είς
2816 1744 2909 1798 τὸν
2938 1744 3088 1810 Υίδν,
3114 1745 3175 1797 οὐ
3202 1743 3444 1815 κρίνεται
3469 1757 3481 1770 ·
3517 1760 3543 1795 »ν
3569 1739 3631 1794 τὸ
3657 1740 3736 1805 δὲ,

466 1835 588 1889 quae
622 1822 742 1877 vice
793 1825 985 1894 gratia:
1021 1841 1053 1880 a
1086 1828 1311 1885 Christo
1345 1830 1531 1888 datur.
1597 1854 1619 1888 ι
1657 1836 1724 1892 Et
1767 1811 1897 1895 huic
1929 1842 2053 1913 qui-

2159 1834 2217 1887 ὲν
2252 1833 2475 1904 χάριτος
2524 1834 2682 1907 μέρει
2734 1836 2888 1908 παρὰ
2935 1837 3031 1890 τοῦ
3072 1811 3309 1908 Χριστοῦ
3355 1836 3736 1907 δωρούμενονο

472 1914 621 1980 dem,
649 1917 746 1982 ait,
774 1934 870 1987 per
895 1919 1163 1991 Spiritum
1186 1924 1349 1983 datur
1371 1941 1556 1984 sermo
1572 1932 1873 2001 sapientiae,
1893 1936 2052 1993 alteri

467 2023 598 2063 vero
634 2009 754 2065 ﬁdei
776 2011 820 2043 “
841 2028 855 2078 ;
878 2032 896 2064 ι
932 2031 1054 2083 qua:
1077 2016 1298 2086 quidem
1330 2035 1441 2075 non
1470 2028 1684 2079 tantum
1716 2028 2057 2100 est'dogmap

469 2100 600 2168 tica,
630 2104 727 2159 sed
780 2109 1079 2164 multorum
1115 2127 1238 2182 quae
1282 2128 1450 2185 supra
1490 2115 1769 2174 hominem
1811 2128 1942 2176 sunt
1975 2122 2056 2179 ef.

469 2192 691 2261 fectrix,
727 2197 800 2252 ita
848 2211 906 2255 ut
939 2202 1105 2259 etiam
1156 2213 1377 2262 montes
1420 2208 1724 2266 transferat
1762 2211 1831 2265 “'.
1885 2212 2056 2285 igitur

468 2284 683 2342 Martha
714 2306 779 2345 ex
813 2292 1132 2351 inﬁrmitate
1158 2296 1330 2367 688
1374 2300 1822 2360 ratiocinationis
1868 2284 1925 2359 in
1971 2307 2056 2361 in-

468 2384 852 2441 credulitatem
885 2388 1106 2455 incidit,
1159 2378 1255 2445 sed
1278 2407 1387 2446 non
1423 2395 1554 2449 sinit
1582 2395 1872 2465 Dominus,
1891 2386 1946 2456 et
1974 2417 2059 2459 ce-

468 2474 660 2529 leriter
706 2476 836 2532 huic
887 2481 1033 2536 malo
1086 2480 1247 2536 tinem
1301 2483 1555 2555 imponit.
1601 2485 1832 2559 Oportet
1884 2494 2055 2561 enim,

473 2565 676 2634 inquit,
702 2568 930 2625 credere
960 2570 1213 2638 ﬁrmiter,
1237 2581 1296 2629 ut
1322 2577 1614 2635 videantur
1641 2596 1705 2636 ea
1739 2598 1859 2653 quae
1903 2601 2056 2656 spem

471 2669 735 2729 superant
768 2679 781 2716 :
821 2678 1056 2735 magnus
1095 2666 1242 2721 enim
1286 2680 1372 2724 est
1407 2672 1655 2739 morbus,
1701 2676 1919 2733 animus
1962 2692 2060 2733 an-

471 2768 624 2824 ceps.
656 2765 709 2810 et
753 2757 848 2826 q‘ui
886 2757 979 2813 Dei
1030 2762 1208 2829 gratia
1238 2767 1678 2837 muneribusque
1722 2784 1826 2827 nos
1857 2771 2055 2841 privat.

471 2845 596 2901 ldeo
627 2848 720 2917 qui
761 2849 810 2904 ei
847 2854 1190 2919 succensuit,
1221 2857 1540 2914 universum
1570 2860 1852 2917 hominum
1888 2879 2075 2934 genus-

470 2940 670 3003 erexit,
698 2957 766 2997 ne
799 2945 1056 3015 ancipitis
1097 2947 1266 3003 animi
1301 2949 1536 3021 ﬁdeique
1562 2937 1729 3009 malis
1759 2963 2056 3012 teneretur.

471 3029 647 3087 Porro
680 3033 940 3091 Christus
985 3039 1166 3096 vitans
1198 3041 1414 3099 inanem
1455 3044 1711 3113 gloriam,
1752 3062 1862 3102 non
1900 3048 2058 3117 dixit,

475 3121 711 3182 Videbis
741 3128 972 3197 gloriam
1023 3147 1221 3195 meam,
1268 3134 1362 3190 sed
1406 3135 1499 3195 Dei
1533 3154 1546 3191 :
1578 3137 1751 3208 gloria
1801 3154 1931 3196 vero
1965 3139 2057 3198 Dei
2087 3160 2131 3218 α

473 3225 581 3286 est,
614 3221 886 3278 suscitare
923 3232 1225 3279 mortuum.
1255 3225 1378 3297 Ipse
1427 3227 1596 3299 igitur
1623 3241 1707 3290 est
1752 3233 2056 3289 secundum

473 3318 726 3371 naturam
759 3313 925 3381 Deus,
957 3316 1051 3385 qui
1084 3316 1244 3383 dixit,
1283 3337 1300 3369 ι
1341 3317 1453 3389 Ego
1488 3336 1607 3375 sum
1638 3325 1992 3392 resurrectio,
2033 3345 2055 3380 ι

472 3403 635 3474 cujus
662 3407 893 3477 gloriam
940 3408 1226 3463 mulierem
1273 3411 1440 3481 paulo
1471 3421 1595 3482 post
1624 3413 1867 3469 visuram
1898 3416 2057 3487 dixit,

473 3497 693 3565 quando
733 3500 946 3568 putabit
973 3501 1255 3557 veritatem
1296 3518 1406 3559 non
1442 3505 1682 3571 mentiri,
1708 3507 1799 3573 qui
1835 3509 2055 3577 quidem

471 3590 728 3646 Christus
769 3599 1036 3657 est;erat
1085 3603 1266 3652 autem
1319 3597 1368 3653 ei
1426 3598 1758 3668 promissum
1825 3597 1942 3655 fore
1995 3608 2056 3659 ut

474 3691 727 3738 mortuus
759 3682 881 3752 ejus
930 3683 1103 3746 frater
1131 3676 1468 3761 resurgeret.
1506 3687 1571 3743 Et
1607 3689 1776 3745 Maria
1808 3692 2053 3761 quidem,

472 3782 662 3844 utpote
711 3791 836 3845 quae
870 3788 956 3836 ρει
1018 3780 1432 3850 intelligentior,
1481 3783 1691 3841 nullum
1751 3784 2058 3842 dubitantis

472 3866 638 3920 animi
677 3864 895 3937 signum
945 3885 1056 3941 prte
1100 3887 1160 3927 se
1201 3871 1383 3928 ferens
1425 3874 1675 3942 loquitur
1708 3892 1719 3927 :
1759 3882 1815 3931 at
1847 3873 2056 3932 Martha

472 3959 727 4029 ancipitis
757 3963 925 4019 animi
956 3964 1146 4019 morbo
1178 3965 1484 4021 tenebatur.
1840 4008 1859 4017 ι

544 4048 639 4114 XI,
694 4051 783 4106 tl.
848 4044 1038 4121 Pater,
1100 4069 1198 4131 ago
1261 4053 1355 4108 tibi
1400 4054 1609 4124 gratias
1660 4053 1798 4125 quod
1857 4055 2061 4117 audisti

472 4158 573 4207 me,
609 4151 715 4200 etc.
1098 4169 1103 4175 -

539 4231 909 4295 (Εοοηοηιίεο
934 4248 989 4292 et
1023 4252 1123 4307 pro
1156 4253 1340 4295 rerum
1379 4237 1572 4297 ordine
1609 4236 1858 4311 loquitur
1896 4238 2062 4294 Chri-

473 4334 594 4384 stus
636 4343 736 4383 ceu
782 4329 945 4387 homo
980 4329 1222 4389 demisse
1262 4329 1506 4399 quidem,
1544 4340 1722 4398 neque
1753 4326 2057 4385 secundum

2162 1942 2181 1976 ι
2208 1918 2279 1996 ᾯ
2316 1926 2414 1997 μὲν
2440 1926 2570 1998 γὰρ,
2596 1928 2749 1998 φησι,
2772 1928 2860 1983 διὰ
2887 1927 2982 1984 τοῦ
3007 1929 3324 2002 Πνεύματος
3352 1928 3552 1982 δίδοται
3581 1927 3739 1996 λόγος

2157 2016 2377 2085 σοφίας,
2417 2017 2587 2089 ἑτέρῳ
2608 2018 2667 2073 δὲ
2705 2020 2907 2084 πίστις’
2933 2039 2952 2072 ι
2982 2022 3105 2091 ἥτις
3145 2021 3206 2073 οὐ
3237 2020 3540 2091 δογματικὴ
3577 2018 3740 2089 μόνον

2156 2107 2323 2172 ἐστὶν,
2357 2108 2492 2162 ἀλλὰ
2517 2110 2612 2164 καὶ
2638 2109 2747 2164 τῶν
2784 2111 2925 2180 ὑπὲρ
2964 2110 3251 2182 ἄνθρωπον
3282 2109 3631 2181 ὲνεργητικὴ,
3662 2107 3742 2172 ώς

2156 2201 2250 2254 καὶ
2271 2199 2371 2272 ὅρη
2405 2200 2770 2271 μεθιστάνειν.
2807 2202 2873 2256 Ἠ
2895 2202 3079 2274 μέντοι
3100 2201 3299 2274 Μάρθα
3327 2202 3430 2256 ὑπὸ
3458 2200 3742 2265 ἀσθενείας

2156 2292 2563 2364 λογισμῶν,είς
2588 2294 2847 2350 ἀπιστίαν
2875 2294 3153 2353 ἐνέπεσεν.
3188 2294 3325 2350 Ἀλλ’
3355 2295 3615 2367 δΚύριος
3639 2295 3742 2347 οὐκ

2158 2385 2366 2456 ἐφίησι,
2382 2385 2536 2441 λύσιν
2561 2388 2879 2459 ὑπενεγκὼν
2902 2387 2993 2461 τῷ,
3006 2388 3170 2444 πάθει
3194 2389 3435 2459 ταχεῖαν.
3459 2386 3581 2457 Χρὴ
3607 2384 3739 2455 γὰρ.

2158 2478 2313 2549 φησὶ,
2328 2478 2607 2533 πιστεύειν
2625 2480 2906 2551 ἀσφαλῶς,
2920 2481 3011 2535 ἵνα
3027 2481 3288 2551 θεάσηται
3302 2479 3369 2533 τὰ
3385 2496 3461 2532 πα
3466 2479 3517 2550 ρ’
3527 2476 3739 2531 ἐλπίδα·

2162 2570 2304 2640 μέγα
2342 2570 2453 2644 γὰρ
2487 2573 2521 2644 ἡ
2558 2572 2781 2644 διψνχία
2838 2572 3081 2645 νόσημα,
3111 2572 3209 2627 καὶ
3263 2571 3604 2642 ἀποστεροῦν
3631 2568 3745 2624 τῶν

2134 2662 2224 2715 ’ὲκ
2249 2661 2385 2716 Θεοῦ
2419 2665 2799 2734 χαρισμάτων.
2836 2665 2925 2717 Διὸ
2947 2665 3121 2734 ταύτῃ
3145 2663 3497 2730 ἐπιτιμήσας,
3523 2660 3585 2711 τὸ
3605 2659 3744 2711 πάν-

2160 2774 2268 2813 των
2301 2754 2605 2826 ἀνθρώπων
2644 2754 2992 2827 διωρθώσατο
3017 2753 3170 2823 γένος
3190 2794 3206 2819 ,
3248 2751 3391 2805 ὥστε
3432 2750 3508 2822 μὴ
3542 2748 3746 2804 ἁλῶναι

2159 2852 2274 2914 τοῖς
2298 2850 2397 2920 τῆς
2428 2848 2681 2920 διψυχίας
2711 2851 2922 2912 κακοῖς.
2973 2848 3196 2915 Φεύγων
3232 2845 3290 2898 δέ
3318 2845 3378 2898 τὸ
3413 2841 3687 2907 κενόδοξον
3715 2845 3746 2897 6

2162 2941 2430 3014 Χριστὸς,
2456 2941 2557 2995 οὐκ
2586 2939 2759 3005 εἶπεν,
2798 2940 2957 3010 "Od/st
2981 2941 3080 3011 τὴν
3101 2938 3256 3003 δόξαν
3298 2955 3398 3009 μου
3419 2981 3433 3003 ,
3481 2935 3616 2989 ἀλλὰ
3645 2934 3744 3006 τὴν

2160 3033 2256 3087 τοῦ
2278 3033 2411 3088 Θεοῦ
2437 3052 2451 3066 θ
2509 3034 2636 3100 δόξα
2665 3035 2724 3089 δὲ
2755 3031 2890 3088 Θεοῦ
2909 3075 2923 3099 ,
2962 3032 3024 3086 τὸ
3068 3034 3278 3103 ἐγεῖραι
3304 3028 3515 3100 νεκρόν.
3568 3027 3747 3091 Αὐτὸς

2163 3122 2256 3182 οῦν
2284 3128 2392 3199 ἄρα
2422 3127 2570 3180 ἐστὶν
2621 3129 2649 3182 6
2680 3126 2820 3181 κατὰ
2861 3126 3021 3196 φύσιν
3050 3126 3215 3189 Θεὸς,
3263 3126 3291 3179 ὁ
3316 3122 3506 3186 εἰπὼν,
3538 3140 3558 3173 ι
3598 3120 3745 3190 Ἐγώ

2165 3221 2282 3291 ειμι
2305 3223 2338 3291 ἡ
2365 3219 2661 3284 ἀνάστασις
2681 3259 2695 3285 ,
2722 3239 2740 3273 ι
2763 3212 2826 3274 οῦ
2846 3222 2945 3292 τὴν
2972 3218 3129 3284 δόξαν
3153 3218 3270 3289 μετ’
3293 3217 3354 3270 ού
3379 3213 3512 3269 πολὺ
3535 3212 3746 3283 θεωρή⁹

2168 3326 2283 3363 σειν
2327 3309 2425 3381 τὴν
2450 3309 2693 3379 γυναῖκά
2721 3327 2922 3381 φησιν,
2963 3310 3091 3363 ὅταν
3136 3307 3293 3378 οἰηθῇ
3344 3306 3419 3377 μὴ
3451 3301 3744 3375 ψεύδεσθαι

2165 3403 2263 3473 τὴν
2304 3402 2597 3474 ἀλήθειαν,
2639 3404 2700 3467 ὃς
2734 3404 2880 3459 ἐστιν
2922 3404 2950 3456 6
2979 3401 3213 3473 Χριστός
3235 3417 3251 3433 ο
3291 3395 3360 3472 ἦν
3388 3398 3443 3452 δὲ
3479 3399 3615 3468 αὐτῇ
3643 3397 3744 3448 ἐπ-

2165 3495 2466 3565 αγγελθὲν,
2507 3496 2569 3549 τὸ
2601 3495 2901 3567 ἀναστῆναι
2927 3496 3018 3550 τὸν
3062 3494 3255 3564 νεκρὸν
3288 3491 3459 3562 αὐτῆς
3492 3487 3742 3559 ἀδελφόν.

2164 3586 2277 3641 Καὶ
2310 3588 2342 3657 ή
2378 3586 2476 3656 μὲν
2498 3587 2689 3660 Μαρία
2725 3586 3066 3657 συνετωτερα
3094 3582 3249 3651 οὖσα,
3271 3584 3424 3638 οὐδὲν
3452 3582 3748 3637 ὲνδοιαστι-

2165 3678 2260 3733 κόν
2292 3679 2588 3748 φθέγγεται
2614 3696 2626 3709 ·
2665 3680 2781 3752 ἠδὲ
2810 3679 3011 3751 Μάρθα
3032 3718 3047 3743 ,
3080 3677 3158 3749 τῷ
3187 3678 3286 3750 τῆς
3323 3675 3573 3746 διψυχίας
3611 3688 3743 3727 κατ-

2166 3773 2343 3845 είχετο
2379 3774 2664 3844 νοσήματι.

2237 4053 2448 4123 Πάτερ,
2482 4056 2820 4127 εὐχαριστῶ
2846 4073 2944 4110 σοι
2974 4056 3062 4110 ὅτι
3096 4056 3367 4125 ἤκουσάς
3384 4072 3525 4124 μου,
3561 4051 3746 4106 καὶτὰ

2165 4147 2314 4215 ἑξῆς.

2236 4240 2610 4312 Οίκονομικῶς
2646 4240 2828 4311 μέντοι
2862 4241 2936 4303 ώς
2971 4239 3253 4310 ἄνθρωπος
3279 4238 3430 4291 λαλεῖ
3461 4241 3487 4290 ὁ
3515 4235 3747 4308 Χριστὸς

2163 4331 2479 4403 χθαμαλῶς,
2510 4335 2571 4386 οῦ
2602 4333 2744 4386 κατὰ
2773 4332 2870 4403 τὴν
2905 4333 3001 4401 τῆς
3033 4332 3283 4401 θεότητος
3309 4329 3582 4400 ὑπεροχήν
3604 4344 3617 4358 ο
3652 4327 3748 4379 καὶ

472 4407 690 4476 deitatis
706 4421 1154 4488 cminentiam,et
1178 4424 1347 4477 rel‘ert
1377 4422 1609 4493 gratiam
1628 4421 1799 4485 Patri,
1818 4436 1926 4475 non
1958 4436 2056 4491 pro

2159 4424 2417 4495 ἀναφέρει
2458 4424 2537 4495 τῷ
2576 4426 2750 4497 Πατρὶ
2786 4425 2886 4495 τὴν
2940 4425 3123 4495 χάριν,
3161 4425 3260 4493 οὐχ
3303 4423 3444 4494 ὑπὲρ
3492 4419 3745 4490 Λαζάρου

367 4550 384 4565 .
471 4513 684 4570 Lazaro
709 4514 1002 4578 duntaxat,
1021 4515 1115 4569 sed
1142 4531 1241 4584 pro
1271 4515 1520 4570 omnium
1553 4515 1682 4569 vita.
1709 4513 1891 4571 Bonus
1910 4516 2056 4569 enim

2162 4516 2341 4587 μόνον,
2380 4516 2495 4570 ἀλλ’
2545 4516 2687 4587 ὑπὲρ
2718 4518 2816 4584 τῆς
2869 4517 3085 4571 πάντων
3125 4515 3292 4585 ζωῆς.
3364 4513 3592 4582 Ἀγαθὺς
3638 4512 3746 4583 γὰρ

474 4626 598 4663 cum
635 4608 725 4671 sit,
750 4622 984 4663 concors
1029 4616 1113 4663 est
1141 4608 1290 4662 Patri
1328 4609 1382 4663 in
1421 4608 1587 4662 vitam
1635 4607 1907 4663 reducens
1954 4606 2055 4661 ho-

2160 4609 2257 4675 ὢν,
2292 4609 2633 4681 ὁμογνώμων
2662 4609 2781 4662 ἐστὶ
2802 4608 2881 4679 τῷ
2915 4610 3110 4680 Πατρὶ,
3142 4605 3490 4677 ἀνακομίζων
3527 4605 3626 4675 τὴν
3650 4605 3746 4657 ἁν-

472 4703 638 4756 minis
679 4706 955 4763 naturam,
992 4716 1114 4771 qua:
1155 4702 1225 4756 ob
1277 4701 1480 4755 violata
1517 4701 1676 4769 iussa
1737 4700 1793 4754 in
1852 4715 2054 4755 corru-

473 4792 718 4861 ptionem
772 4791 1045 4845 inciderat
1092 4806 1159 4845 ac
1212 4791 1534 4856 interitum,
1595 4792 1798 4845 rutilant
1845 4791 2056 4849 habens

476 4879 543 4934 ad
614 4881 916 4936 bonitatem
984 4881 1164 4937 Patris
1232 4879 1617 4938 diﬂ'erentiam.
1681 4882 2055 4947 Quemadmo-

474 4972 605 5029 dum
657 4989 787 5030 vero
844 4983 900 5028 et
949 4988 1050 5033 nos
1106 4989 1204 5043 per
1251 4974 1526 5044 prepriam
1573 4974 1842 5029 rationem
1897 4972 2059 5031 indu-

475 5065 654 5120 cimur
688 5082 796 5121 non
826 5068 1010 5125 facere
1039 5065 1186 5137 quod
1221 5066 1403 5120 visunt
1434 5075 1518 5120 est
1546 5080 1560 5117 :
1590 5065 1673 5120 sic
1691 5073 1743 5118 et
1771 5065 2056 5128 Dominus,

478 5156 703 5211 verbum
752 5161 1027 5216 cxsistens
1081 5176 1146 5216 ac
1200 5160 1493 5216 consilium
1550 5158 1754 5226 Patris,
1819 5160 2058 5215 amicum

478 5249 640 5305 nobis

479 5344 643 5403 irasci
679 5345 936 5411 dicimus,
967 5347 1063 5403 sed
1107 5347 1260 5417 quia,
1300 5361 1425 5400 cum
1477 5342 1623 5399 Deus
1655 5344 1727 5400 sit
1770 5343 1959 5412 justus
2007 5353 2063 5399 et

713 5251 893 5309 reddit
945 5253 1188 5313 Patrem.
1256 5252 1443 5322 Neque
1519 5266 1651 5307 vero
1711 5250 2093 5307 divinitatem'

2164 4700 2382 4771 θρώπον
2414 4700 2575 4769 φύσιν
2609 4701 2689 4762 εἰς
2719 4700 2817 4770 τὴν
2851 4700 3027 4780 ζωὴν,
3068 4700 3167 4768 τὴν
3206 4701 3286 4762 εἰς
3320 4696 3525 4768 φθορὰν
3550 4695 3748 4749 πεσοῦη

2165 4808 2264 4845 σαν
2293 4792 2383 4846 διὰ
2411 4793 2511 4863 τῆς
2533 4793 2840 4864 παρακοῆς,
2861 4791 3121 4862 οὐδεμίαν
3148 4790 3286 4861 ἔχων
3325 4791 3588 4859 διαφορὰν
3611 4788 3747 4858 πρὸς

2163 4884 2262 4956 τὴν
2300 4884 2395 4937 τοῦ
2427 4885 2639 4956 Πατρὸς
2668 4885 3002 4955 ἀγαθότητα.
3037 4885 3250 4955 Ὠσπερ
3272 4883 3330 4936 δὲ
3354 4883 3448 4936 καὶ
3479 4884 3639 4952 ἡμεῖς
3658 4879 3749 4967 διὰ

2161 4974 2272 5027 τῶν
2298 4973 2517 5031 οἰκείων
2546 4975 2821 5046 λογισμῶν
2857 4974 3267 5044 ἁναπειθόμεθα
3287 4976 3367 5037 είς
3402 4974 3456 5026 τὸ
3484 4973 3559 5043 μὴ
3589 4971 3748 5041 ποιῆ-

2166 5084 2256 5120 σαι
2285 5067 2345 5119 τὸ
2376 5068 2604 5138 δοκηθὲν
2623 5109 2637 5133 ,
2686 5068 2829 5122 οὕτω
2864 5068 2958 5122 καὶ
2999 5071 3029 5121 6
3049 5068 3259 5139 Κύριος
3289 5108 3303 5132 ,
3330 5067 3502 5135 Λόγος
3543 5064 3621 5118 ὣν
3652 5065 3748 5117 καὶ

2167 5158 2328 5231 βουλὴ
2361 5161 2453 5214 τοῦ
2488 5162 2721 5233 Πατρὸς,
2755 5161 2907 5228 φίλον
2940 5162 3070 5232 ἡμῖν
3099 5160 3367 5229 πεποίηκε
3391 5160 3479 5212 τὸν
3502 5157 3743 5227 Πατέρα.

2162 5251 2276 5309 Καὶ
2306 5252 2370 5307 οὐ
2411 5253 2587 5325 δήπου
2631 5252 2812 5324 φαμὲν
2844 5254 2929 5307 ὅτι
2978 5252 3258 5322 ὀργίζεται
3301 5250 3366 5303 τὸ
3392 5251 3567 5312 Θεῐον,
3629 5246 3746 5301 ἀλλ’

2164 5344 2251 5398 ὅτι
2279 5344 2485 5409 δίκαιος
2524 5344 2600 5402 ὢν
2634 5346 2730 5401 καὶ
2777 5344 3017 5413 ἀγαθὸς,
3070 5342 3181 5398 οἶδε
3208 5344 3297 5397 τὸν
3337 5346 3404 5414 τῇ
3428 5340 3745 5414 ἐπιτιμήσει

441 5484 447 5523 ⁵
551 5499 598 5533 ⁵³
630 5498 791 5555 Joan.
827 5517 909 5565 ιιι,
937 5502 1022 5556 l8.
1097 5504 1145 5536 “
1183 5502 1201 5556 l
1242 5505 1368 5560 Cor.
1405 5519 1505 5569 xu,
1539 5502 1594 5568 8,
1625 5501 1679 5557 9.
1756 5499 1802 5532 "
1840 5498 1858 5552 Ι
1891 5499 2020 5556 Cor.
2061 5514 2190 5564 nn,
2222 5501 2277 5555 2.

484 5640 818 5718 festinamus,
852 5636 1073 5718 dedecus
1123 5638 1369 5718 crstincti
1420 5637 1825 5718 reputantemsi
1878 5634 1941 5718 ab
1991 5635 2056 5689 iis

483 5704 573 5779 qui
604 5708 775 5761 adhuc
822 5708 997 5761 vivunt
1047 5707 1379 5783 {ustidintun
1428 5704 1568 5760 Nam
1614 5708 1771 5774 pudet
1801 5704 2057 5785 quodam-

490 5781 642 5834 modo
684 5789 930 5832 naturam
988 5781 1282 5845 passionem
1322 5789 1512 5846 pm'icr
1552 5789 1798 5831 naturam
1834 5781 2052 5845 perpeti.

2166 5636 2329 5691 Haud
2373 5637 2514 5691 enim
2568 5637 2956 5699 mortemﬂcus
2992 5646 3211 5707 crearit,
3249 5651 3410 5708 neque
3460 5636 3746 5690 errantium

2164 5709 2326 5763 exitio
2359 5707 2667 5763 delectatur.
