4106 6262
227 404 286 460 6|
1082 404 1149 460 IN
1180 402 1516 459 JOANNEM.
1553 436 1622 445 -
1656 405 1784 461 LIB.
1810 407 1901 463 VII
1922 409 2009 462 ET
2033 411 2147 466 VIII
2174 411 2619 467 FRAGMENTA.
3412 412 3484 468 6?.

225 518 509 591 πρέποντα
538 517 755 590 καιρὸν,
803 517 898 572 καὶ
942 515 1030 570 τὸν
1064 519 1128 588 τῇ
1161 516 1366 570 ἀνέσει.
1419 517 1565 589 ῐιλήν
1593 519 1821 590 εὐχαριε

1923 526 2115 586 bonus,
2169 525 2320 578 novit
2378 524 2741 594 iucrepatioui
2800 532 3015 593 tempus
3071 539 3377 593 congruum
3434 533 3487 579 et

226 614 344 666 ο·τεῖ
386 615 415 666 6
448 609 683 682 Κύριος,
734 610 829 663 καὶ
865 607 1025 662 τοῦτο
1061 610 1208 661 ποιεῖ
1251 608 1388 678 πρὸς
1444 609 1811 680 ὑπογραμμὸν

227 703 413 776 ἡμῶν,
439 704 612 774 τιμῶν
636 703 727 755 τὸν
758 701 997 774 Πατέρα.
1017 700 1189 755 Ὅταν
1220 701 1276 754 δὲ
1303 702 1332 753 6
1358 700 1471 763 ίσος
1491 700 1568 771 τῷ
1597 702 1697 772 ἴσῳ
1719 703 1811 755 56‘-

226 796 552 868 χαριστῇ,ού
575 795 720 847 ποιεῖ
738 792 956 855 πάντως
982 791 1140 845 τοῦτο
1160 792 1259 863 τῆς
1281 792 1468 855 οὐσίας
1493 792 1807 846 ἐλάττωσιν.

228 886 307 937 Δι’
318 876 391 937 ὧν
413 884 469 937 δὲ
488 884 649 955 ἑπιση
659 883 932 953 μαίνεται,
950 882 1031 934 ὅτι
1048 881 1145 934 Διά
1166 881 1257 934 τὸν
1279 881 1435 951 ὄχλον
1453 880 1622 934 ταῦτα
1643 881 1808 948 λέγω,

232 976 510 1047 μονονουχί
539 992 734 1045 φησιν,
765 976 845 1040 ὅτι
884 972 1346 1044 Προσπεποίημαι
1376 972 1476 1042 τῆς
1499 974 1812 1045 προτευχῆς

227 1067 288 1119 τὸ
310 1067 510 1137 σχῆμα.
547 1066 642 1119 καὶ
667 1064 1025 1134 οἰκονομικῶς
1044 1059 1197 1116 εἷπον
1221 1063 1587 1134 εὐχαριστεῖν.
1627 1064 1810 1133 ᾝδειν

228 1159 335 1229 γὰρ
363 1158 443 1211 ὅτι
472 1156 700 1210 πάντοτέ
734 1175 833 1227 μου
860 1155 1099 1218 ἀκούεις.
1125 1156 1199 1207 υύ
1232 1154 1341 1225 γάρ
1374 1156 1490 1207 ἐστι
1523 1154 1658 1225 πρὸς
1685 1156 1781 1207 έαυ

230 1250 325 1318 τὴν
353 1248 580 1318 ἀπειθὴς
616 1248 649 1319 ἡ
690 1247 786 1319 μία
812 1247 912 1316 τῆς
945 1246 1201 1316 θεότητος
1230 1246 1422 1314 φύσις,
1475 1246 1700 1315 ἐπείπερ
1733 1241 1812 1307 εἷς

229 1342 377 1393 ἐστιν
407 1343 435 1394 ὁ
461 1340 560 1410 τῆς
594 1340 824 1411 Τριάδος
850 1337 996 1403 νοῦς,
1029 1337 1242 1408 Πατρὸς
1262 1375 1278 1400 ,
1325 1333 1456 1389 Υίοῦ
1479 1377 1493 1400 ,
1530 1335 1625 1389 καὶ
1652 1336 1814 1387 {Eu-3'3-

233 1414 419 1504 ματος.
458 1430 628 1495 Εἰδὼς
661 1426 753 1483 οὖν
773 1471 788 1492 ,
821 1430 987 1500 φησὶν
1007 1470 1022 1495 ,
1052 1429 1133 1482 ὅτι
1171 1427 1270 1499 μία
1298 1428 1453 1497 ἡμῶν
1484 1427 1517 1497 ὴ
1556 1425 1813 1496 βούλησις

230 1523 325 1576 καὶ
347 1523 405 1575 ἓν
433 1523 492 1575 τὸ
518 1520 729 1593 θέλημα
748 1563 761 1585 ,
814 1519 900 1573 διὰ
932 1521 1022 1573 τὸν
1052 1520 1208 1590 ὄχλον
1230 1518 1400 1572 ταῦτα
1430 1516 1585 1589 ἔφην.
1628 1516 1813 1599 Ταῦτα

228 1614 286 1668 δὲ
314 1614 342 1669 6
370 1604 606 1684 Χριστὸς
639 1615 787 1683 λέγει
812 1613 896 1665 διὰ
914 1614 1036 1676 τοὺς
1077 1611 1383 1676 Ἰουδαίους,
1419 1609 1497 1681 τῷ
1527 1612 1701 1683 Πατρὶ
1723 1614 1815 1665 εύ-

230 1700 526 1774 χαριστῶν,
562 1703 762 1757 ὡσανεὶ
808 1702 871 1756 δι’
903 1700 1066 1756 αὐτοῦ
1117 1698 1353 1772 ἐνεργῶν
1389 1699 1458 1753 τὰ
1510 1700 1809 1774 θεοπρεπῆ,

231 1796 319 1849 ἵνα
367 1796 567 1867 μηκέτι
600 1786 827 1848 εἴπωσιν
869 1794 951 1848 ὅτι
984 1796 1040 1847 ὲν
1076 1793 1406 1858 Βεελςεϐοὺλ
1440 1795 1583 1847 ποιεῖ
1622 1793 1691 1845 τά
1721 1810 1817 1864 ση-

237 1891 362 1959 μεῖα
383 1905 396 1918 ·
432 1888 781 1954 ἀπολογεῖται
821 1886 877 1938 δὲ
910 1885 1004 1939 καὶ
1033 1882 1120 1938 διὰ
1147 1884 1209 1937 τὸ
1233 1887 1421 1957 σχῆμα
1454 1885 1551 1955 τῆς
1581 1902 1812 1955 προσευ-

234 1983 334 2052 χῆς
355 2022 368 2045 ,
416 1979 504 2032 ἵνα
542 1980 618 2050 μὴ
654 1975 1130 2048 σκανδαλισθῶμεν
1158 1978 1350 2047 ἡμεῖς,
1398 1975 1568 2030 εἰπὼν
1594 1977 1678 2030 ὅτι
1708 1978 1810 2031 Διά

233 2072 324 2124 τὸν
347 2071 499 2142 ὄχλον
518 2068 677 2122 τοῦτο
692 2069 941 2140 ἐποίησα.
967 2068 1074 2121 Καὶ
1094 2067 1175 2133 τὸ,
1204 2085 1221 2119 ι
1243 2067 1316 2120 Σύ
1345 2084 1412 2137 με
1430 2066 1809 2131 ἀπέστειλας.»

235 2162 322 2217 διὰ
343 2163 438 2226 τὰς
481 2160 778 2224 Ἰουδαῖκάς
816 2159 1071 2222 ὑπονοίας
1114 2158 1299 2229 φησίν.
1356 2158 1516 2211 Ἥκω
1560 2157 1669 2228 γὰρ
1715 2157 1815 2211 οὑκ

236 2257 330 2308 ἀπ’
358 2254 613 2323 ἐμαυτοῦ,
638 2253 711 2317 ὡς
739 2254 789 2306 οί
820 2250 1269 2322 ψευδοπροφῆται
1295 2250 1372 2322 (I)
1396 2265 1409 2278 '
1458 2250 1572 2304 ἀλλ’
1599 2249 1815 2321 εὐδοκία

243 2349 309 2416 σῇ
352 2346 448 2399 καὶ
491 2326 707 2413 θελήσει
768 2345 997 2415 ἐμαυτὸν
1040 2344 1315 2408 ὲκένωσα,
1367 2342 1579 2414 μορφὴν
1631 2343 1814 2398 δούλου

242 2439 445 2502 λαϐὼν,
477 2436 749 2491 ἴναπάλιν
772 2434 1104 2508 κατορθώσω
1130 2436 1228 2507 τὴν
1269 2435 1433 2507 ζωήν.
1464 2437 1817 2508 Οἰκονομικὸς

244 2527 337 2585 οὖν
370 2531 468 2600 τῆς
508 2529 816 2601 προσευχῆς
857 2531 884 2582 ὁ
922 2528 1142 2601 τρόπος,
1181 2527 1276 2581 καὶ
1310 2529 1545 2598 σχήματι
1592 2528 1817 2599 πρέπων

243 2623 320 2693 τῷ
353 2623 491 2693 μετὰ
530 2622 730 2694 σαρκὸς
750 2661 765 2685 ,
792 2620 909 2692 οὐχὶ
936 2623 1001 2693 τῇ
1031 2620 1128 2691 τῆς
1163 2618 1413 2690 θεότητος
1440 2621 1684 2692 ὑπεροχῇ
1726 2621 1819 2675 καὶ

243 2714 560 2786 ἀσυγκρίτῳ
598 2712 961 2785 λαμπρότητι.
1000 2711 1071 2764 Τὸ
1116 2711 1223 2781 γὰρ
1270 2711 1406 2774 ὅλως
1457 2711 1675 2782 αἰτῆσαι
1727 2713 1820 2767 καὶ

239 2804 421 2857 λαϐεῖν
446 2846 460 2870 ,
505 2802 868 2874 δουλοπρεπὲς
900 2802 966 2857 ἂν
1008 2802 1093 2873 εἴη
1134 2801 1334 2873 μᾶλλον
1359 2843 1374 2867 ,
1433 2802 1529 2856 καὶ
1564 2801 1640 2871 τῷ
1672 2802 1820 2871 βασι-

240 2896 512 2967 λευομένῳ
539 2895 969 2966 κατειθισμένον.
1000 2895 1198 2965 Δράσει
1234 2911 1297 2963 γε
1331 2892 1437 2965 μὴν
1468 2894 1822 2963 ἀνεγκλήτως
1864 2926 1867 2927 ν

241 2989 331 3042 καὶ
361 2988 517 3042 τοῦτο
549 2988 781 3059 Χριστός
803 3004 814 3017 ·
845 2988 874 3042 6
904 2988 1013 3060 γὰρ
1040 2986 1327 3057 ἄνθρωπος
1354 2985 1608 3053 γενέσθαι
1643 3002 1812 3040 κατα-

240 3079 555 3150 δεξάμενος,
588 3078 705 3142 πῶς
725 3079 791 3134 ἂν
822 3078 902 3133 ἔτι
939 3078 1342 3149 παραιτήσαιτο
1368 3076 1436 3130 τά
1460 3076 1774 3150 ἀνθρώπινα
1800 3095 1814 3144 ;

242 3171 515 3228 obnoxius
560 3172 629 3226 sil
667 3181 1015 3226 consuetum.
1064 3167 1170 3225 Sed
1217 3177 1398 3224 tamen
1435 3169 1575 3224 citra
1622 3168 2110 3241 reprehensionem
2142 3170 2246 3225 hoc
2276 3168 2442 3225 faciet
2474 3167 2734 3225 Christus
2786 3186 2799 3222 :

1913 614 2251 669 remissioni.
2287 612 2395 668 Sed
2434 615 2579 669 enim
2609 615 2816 684 gratias
2848 614 2958 683 agit
2993 611 3283 679 Dominus,
3327 604 3486 691 idque

1913 705 1979 759 ad
2015 704 2420 760 institutionem
2467 714 2709 759 nostram
2752 708 2901 771 facit,
2938 704 3149 759 Patrem
3186 706 3484 761 honoratis.

1912 793 2047 849 Cum
2092 811 2222 850 vero
2272 812 2368 865 par
2418 796 2534 865 pari
2572 799 2779 867 gratias
2830 797 2963 867 agit,
3000 813 3231 866 prorsus
3278 797 3483 849 nullam

1912 887 2165 940 essentia:
2212 885 2632 941 diminutionem
2685 887 2787 941 hoc
2832 886 3084 941 includit.
3130 878 3269 953 Quid
3320 887 3485 957 igitur

1914 977 2150 1032 iudicat?
2174 979 2315 1048 quod
2353 986 2571 1049 propter
2601 978 2819 1032 turbam
2868 978 2983 1032 lucc
3009 977 3178 1043 dicat,
3204 976 3487 1045 Iermeque

1913 1070 2021 1121 ait:
2056 1066 2319 1123 Simulavi
2363 1069 2691 1139 precationis
2741 1070 3004 1139 speciem,
3048 1077 3102 1123 et
3147 1069 3487 1122 (economice

1913 1167 2077 1228 atque
2115 1160 2181 1213 ad
2225 1160 2492 1215 rationem
2530 1161 2745 1215 ordinis
2775 1160 2886 1214 dixi
2938 1176 3024 1215 me
3057 1161 3259 1231 gratias
3303 1174 3481 1229 agere.

1915 1249 2164 1304 Sciebam
2194 1252 2336 1306 enim
2368 1249 2515 1320 quod
2546 1251 2749 1321 ubique
2786 1266 2871 1305 me
2902 1250 3114 1306 audias.
3139 1250 3347 1320 Quippe
3375 1266 3481 1305 non

1913 1352 1994 1395 est
2042 1357 2225 1397 secum
2283 1340 2581 1404 dissidens,
2642 1356 2744 1395 uec
2805 1341 2909 1395 sibi
2968 1341 3318 1410 immorigera
3380 1357 3482 1394 una

1914 1430 2135 1486 deitatis
2183 1440 2405 1499 natura,
2435 1431 2881 1502 quandoquidem
2931 1448 3035 1489 una
3084 1441 3169 1487 est
3205 1432 3488 1487 Trinitatis

1916 1541 2090 1589 mens,
2135 1524 2313 1578 Patris
2360 1533 2414 1580 et
2460 1524 2582 1578 Filii
2631 1535 2685 1580 et
2737 1507 2976 1595 Spiritus
3030 1527 3229 1580 sancti.
3275 1522 3490 1579 Gnarus

1915 1631 2074 1683 ergo,
2127 1614 2341 1685 inquit,
2390 1615 2537 1684 quod
2596 1630 2703 1670 una
2760 1615 2832 1669 sit
2902 1621 3153 1670 nostrum
3213 1615 3486 1678 voluntas,

1916 1722 2195 1774 unumque
2221 1705 2533 1772 consilium,
2586 1714 2808 1776 propter
2857 1704 3027 1777 689
3084 1705 3487 1760 multitudinem

1917 1793 2031 1848 lucc
2066 1792 2201 1847 dixi.
2239 1793 2361 1848 llaec
2389 1809 2520 1848 vero
2558 1792 2692 1847 dicit
2721 1793 2978 1847 Christus
3011 1791 3488 1863 protitchudaeos,

1919 1885 2063 1941 Patri
2106 1887 2312 1957 gratias
2356 1902 2545 1957 agens,
2587 1895 2845 1956 tanquam
2889 1901 2983 1957 per
3034 1901 3159 1939 eum
3209 1885 3321 1939 Deo
3355 1900 3490 1939 con-

1919 1978 2189 2033 venientia
2223 1977 2488 2043 etliciens,
2530 1993 2598 2032 ne
2626 1978 2861 2048 amplius
2898 1976 3084 2031 dicant
3120 1977 3271 2030 illum
3310 1974 3491 2031 facere

1922 2069 2079 2140 signa
2125 2070 2178 2123 in
2209 2067 2493 2124 Beelzebul
2529 2088 2541 2122 :
2571 2070 2842 2149 rationem
2873 2069 3035 2122 etiam
3072 2067 3247 2135 reddit
3282 2074 3336 2121 et
3369 2081 3491 2137 pro-

1920 2174 2041 2233 pter
2062 2160 2297 2233 ﬁguram
2334 2162 2695 2232 precationis,
2723 2178 2790 2216 ne
2827 2175 2929 2215 nos
2961 2160 3128 2214 etiam
3161 2159 3493 2215 scandalize-

1921 2270 2064 2317 mur.
2116 2256 2186 2310 ob
2227 2254 2636 2309 multitudinem
2682 2269 2743 2308 se
2779 2253 2881 2308 hoc
2924 2252 3123 2307 fecisse
3152 2251 3489 2322 prolocutus.

1920 2346 1988 2402 Et
2021 2350 2146 2414 hoc,
2181 2366 2199 2400 ι
2240 2344 2324 2401 Τιι
2360 2362 2447 2401 me
2479 2345 2701 2407 misisti,
2738 2364 2757 2398 ι
2788 2328 3011 2416 propter
3046 2342 3358 2398 Judmorum
3404 2356 3496 2397 su-

1923 2436 2197 2506 Spiciones
2258 2438 2387 2492 ait:
2439 2433 2610 2492 Venio
2667 2435 2812 2489 enim
2859 2450 2968 2489 non
3024 2449 3054 2487 a
3144 2433 3377 2503 meipso,
3436 2439 3495 2486 ut

1921 2527 2587 2602 pscudoprophetaa,_sed
2642 2526 2881 2581 lubentia
2948 2532 3040 2579 tua
3093 2531 3150 2578 et
3210 2524 3496 2577 voluntate

1915 2619 2185 2690 meipsum
2232 2618 2554 2681 exinanivi,
2605 2616 2833 2672 formam
2889 2616 3033 2671 servi
3087 2614 3365 2684 accipiens
3412 2612 3492 2677 “,

1917 2721 1976 2767 ut
2020 2711 2088 2767 de
2139 2713 2350 2782 integro
2400 2710 2709 2780 erigam’et
2756 2708 3057 2763 instaurem
3111 2708 3299 2761 vitam.
3328 2705 3498 2776 Igitur

1917 2812 2068 2860 recte
2099 2810 2151 2858 et
2172 2793 2365 2858 ordine
2386 2802 2670 2857 institutus
2704 2809 2789 2857 est
2816 2800 3149 2872 precationis
3182 2798 3403 2862 modus,
3435 2804 3490 2852 et

1920 2897 2132 2954 habitui
2181 2897 2235 2952 in
2273 2911 2440 2951 carne
2491 2894 2845 2958 conveniens,
2886 2909 2994 2948 non
3044 2892 3264 2947 deitatis
3319 2891 3498 2946 excel-

1922 2992 2108 3046 lentiae
2154 2998 2207 3044 et
2257 2988 2673 3060 incomparabili
2732 2985 3032 3057 Splendori.
3069 2983 3307 3039 Omnino
3349 2981 3495 3035 enim

1926 3084 2111 3147 petere
2145 3083 2201 3131 et
2235 3076 2481 3145 accipere
2507 3075 2705 3131 servile
2734 3074 2917 3137 fuerit,
2959 3081 3011 3128 et
3042 3073 3092 3126 ei
3141 3073 3234 3144 qui
3271 3070 3498 3142 imperio

2870 3182 2995 3223 nam
3064 3167 3159 3239 qui
3232 3165 3502 3222 sustinuit
3564 3194 3571 3203 ε

241 3263 358 3319 ﬁeri
421 3261 616 3328 homo,
654 3257 932 3332 quomodo
981 3274 1104 3329 quae
1163 3258 1593 3314 humana'sunt
1661 3257 1984 3314 recusaret?

312 3355 422 3410 Καὶ
465 3352 652 3407 ταῦτα
694 3351 908 3416 εἰπὼν,
953 3349 1127 3421 φωνῇ
1162 3351 1398 3421 μεγάλῃ
1444 3349 1815 3423 ἑκραύγασε·

1997 3350 2088 3418 Μ,
2122 3351 2211 3407 45.
2240 3348 2371 3406 Hart:
2404 3366 2522 3405 cum
2552 3351 2795 3417 dixisset,
2828 3366 3017 3421 magna
3050 3366 3170 3404 voce
3206 3350 3455 3404 clamat-it
3477 3389 3492 3404 .

237 3444 481 3514 Λάζαρε,
515 3444 694 3512 δεῦρο
730 3442 800 3508 ἐξ
803 3461 868 3498 ω.

313 3536 414 3590 Τὸν
441 3534 651 3606 δυσώδη
694 3534 906 3606 νεκρὸν,
938 3534 1075 3606 μετά
1109 3534 1377 3608 τετάρτην
1422 3536 1521 3608 τῆς
1567 3536 1825 3607 τελευτῆς

238 3627 493 3698 ἡμέραν,
535 3625 602 3679 ὲκ
632 3623 731 3693 τῆς
772 3624 946 3694 θήκης
977 3623 1241 3695 ἐξήγαγε,
1271 3626 1367 3678 καὶ
1398 3625 1489 3679 τὸν
1516 3627 1826 3697 πεπεδημέ-

236 3733 338 3771 νον
364 3714 459 3766 καὶ
482 3710 989 3781 συμπεποδισμένον
1020 3711 1256 3780 βαδίζειν
1284 3712 1535 3767 ἐκέλευσε
1554 3755 1568 3780 ,
1602 3714 1698 3768 καὶ
1726 3732 1830 3770 πα-

242 3805 535 3878 ραχρῆμα,
577 3804 606 3856 ὅ
645 3819 707 3855 τε
747 3800 973 3865 θάνατος
1009 3801 1404 3873 ὲδραπέτευσε,
1448 3805 1541 3857 καὶ
1585 3805 1612 3857 ὁ
1640 3807 1830 3878 νεκρὸς

241 3896 453 3968 ἔδραμε
485 3895 584 3965 τῆς
636 3892 927 3963 σηπεδόνος
957 3892 1321 3961 ἀπαλλαγεὶς,
1376 3895 1471 3948 καὶ
1499 3894 1597 3967 τὴν
1627 3897 1827 3968 ταύτης

240 3985 589 4055 ἀποθέμενος
633 3983 933 4046 δυσωδίαν,
981 3983 1077 4049 καὶ
1121 3984 1221 4048 τὰς
1260 3984 1355 4038 τοῦ
1399 3985 1627 4040 θανάτου
1655 3988 1829 4054 πύλας

235 4076 552 4147 διαφυγὼν,
604 4075 698 4130 καὶ
737 4075 840 4128 ὑπὸ
867 4075 975 4128 τῶν
999 4074 1213 4146 δεσμῶν
1237 4077 1296 4129 οὐ
1337 4077 1674 4149 κωλυόμενος
1704 4080 1828 4150 τρέ-

235 4188 384 4242 χειν,
415 4170 507 4223 καὶ
536 4168 613 4240 τῷ
643 4166 743 4239 μὲν
774 4166 1088 4239 καλύμματι
1135 4166 1227 4221 τοῦ
1264 4171 1554 4238 προσώπου
1577 4210 1591 4234 ,
1620 4173 1681 4224 τὸ
1716 4171 1830 4242 βλέ-

236 4276 374 4315 πειν
396 4259 781 4333 ἀφῃρημένος,
824 4258 1115 4324 ἀκωλύτως
1146 4259 1201 4313 δὲ
1234 4260 1368 4333 πρὸς
1400 4262 1491 4315 τὸν
1524 4263 1829 4317 καλέσαντα

234 4354 478 4424 τρέχων,
528 4351 625 4404 καὶ
674 4351 773 4422 τὴν
811 4353 1145 4421 Δεσποτικὴν
1199 4352 1825 4427 ὲπιγινώσκωνφωνήν.

234 4441 572 4512 Θεοπρεπὴς
593 4440 701 4511 γὰρ
733 4442 762 4493 6
794 4440 971 4509 λόγος,
998 4443 1092 4494 καὶ
1128 4441 1405 4511 βασιλικὸν
1439 4444 1501 4497 τὸ
1531 4445 1826 4516 κέλευσμα,

232 4532 407 4587 λύσιν
436 4528 553 4601 ἕχον
573 4530 825 4599 θανάτου,
859 4533 957 4586 καὶ
984 4533 1189 4602 φθορᾶς
1219 4534 1552 4605 ἀνατροπὴν,
1574 4538 1664 4589 καὶ
1690 4538 1829 4609 ὑπὲρ

234 4626 410 4695 λόγον
460 4625 738 4697 ἐνεργείας
785 4625 1075 4692 ἀπόδειξιν.
1141 4627 1214 4680 Τό
1254 4644 1317 4696 γε
1366 4628 1474 4699 μὴν
1525 4630 1832 4701 διαπρυσίῳ

233 4690 490 4790 χρῆσθαι
534 4690 775 4786 κραυγῇ,
817 4690 996 4780 ξένονή
1023 4690 1301 4788 πανταχού
1338 4690 1441 4773 καὶ.
1463 4690 1729 4789 ἀσύνηθες
1863 4690 1908 4747 D

231 4809 468 4878 Σωτῆρι
496 4805 734 4877 Χριστῷ.
792 4806 901 4860 Καὶ
932 4806 1063 4876 γοῦν
1095 4810 1124 4861 ὀ
1170 4808 1302 4871 Θεὸς
1349 4811 1443 4863 καὶ
1476 4810 1666 4882 Πατὴρ
1702 4814 1831 4883 περὶ

230 4899 412 4954 αὐτοῦ
468 4899 570 4951 πού
610 4914 774 4969 φησιν
801 4916 813 4929 ·
873 4917 891 4948 ‹
924 4900 1035 4952 Οὐκ
1066 4898 1267 4969 ἐρίσει,
1307 4900 1429 4953 οὐδὲ
1453 4903 1781 4971 κραυγάσει,
1806 4923 1824 4955 ι

229 4993 336 5046 καὶ
367 4989 446 5042 τὰ
478 4988 623 5057 ἑξῆς.
669 4989 933 5059 Ἀψοφητὶ
960 4988 1066 5058 γὰρ
1101 4988 1194 5043 καὶ
1222 4989 1451 5060 θορύϐου
1474 4991 1595 5061 δίχα
1632 4994 1831 5055 παντὸς

230 5080 305 5133 τά
332 5078 449 5149 τῆς
469 5077 705 5148 ἀληθοῦς
727 5078 978 5149 θεότητος
998 5078 1135 5150 ἔργα
1157 5096 1168 5108 ·
1189 5078 1358 5132 ταῦτα
1387 5079 1442 5133 δὲ
1473 5081 1540 5134 τὰ
1578 5083 1676 5149 τῆς
1699 5082 1829 5154 ἀλη-

232 5171 370 5235 θοῦς
397 5165 471 5242 ἦν
513 5170 573 5223 ὲν
606 5169 827 5240 Χριστῷ
854 5187 868 5202 ο
916 5170 1048 5233 Θεὸς
1096 5171 1203 5241 γὰρ
1229 5173 1292 5225 ἐκ
1318 5171 1453 5227 Θεοῦ
1496 5172 1634 5227 κατὰ
1669 5173 1830 5243 φύσιν

231 5263 359 5314 ἐστὶ
396 5261 497 5314 καὶ
529 5258 803 5330 ἀληθινός.
863 5260 926 5312 Τί
955 5256 1048 5314 οὖν
1091 5261 1197 5331 ἄρα
1230 5262 1413 5331 φαμὲν
1433 5301 1447 5322 ,
1477 5263 1601 5316 ὅταν
1634 5262 1830 5334 ἴδωμεν

231 5349 547 5422 ἀσυνήθως
586 5351 1039 5422 ἀνακεκραγότα;
1089 5351 1163 5403 Οὐ
1192 5350 1300 5422 γὰρ
1329 5351 1499 5420 δήπου
1571 5354 1826 5424 κατοιχήο

232 5448 404 5500 σεται
442 5460 534 5507 τις
567 5445 647 5506 είς
681 5442 838 5497 τοῦτο
876 5444 1112 5514 μωρίας,
1160 5445 1236 5507 ὡς
1264 5444 1368 5510 ἕξω
1400 5444 1494 5498 τοῦ
1531 5446 1832 5514 πρέποντος

310 5583 358 5614 ι’
390 5579 645 5649 Philipp.
678 5593 750 5643 ιι,
788 5579 910 5634 6-3.
989 5579 1032 5608 ⁸⁷
1072 5581 1178 5634 lsa.
1217 5593 1326 5633 χιιι
1351 5617 1366 5643 ,
1401 5578 1453 5631 2.

1927 3440 2154 3508 Lazare,
2181 3445 2295 3497 vem'
2331 3442 2500 3513 foras.

1997 3533 2275 3590 Felentem
2300 3542 2578 3588 mortuum
2604 3543 2728 3604 post
2759 3542 3015 3602 quartum
3047 3547 3077 3585 a
3102 3542 3276 3587 morte
3301 3531 3442 3586 diem
3469 3549 3499 3587 ο

1926 3626 2183 3698 sepulcro
2249 3626 2471 3692 eduxit,
2517 3627 2872 3699 vinctumque
2910 3640 2974 3678 ac
3024 3624 3341 3694 impeditum
3382 3640 3500 3677 am-

1926 3714 2122 3770 bulare
2162 3715 2354 3787 jussit,
2389 3724 2633 3785 tuncque
2665 3723 2890 3784 repente
2924 3721 2976 3770 et
3010 3730 3156 3768 mors
3185 3712 3413 3784 aufugit,
3448 3724 3502 3770 et

1928 3820 2179 3862 mortuus
2231 3822 2260 3859 a
2303 3806 2593 3879 putredine
2642 3805 2913 3860 liberatus
2965 3796 3236 3869 cucurrit,
3286 3806 3504 3876 abiecto

1930 3899 2077 3951 omni
2133 3897 2253 3967 ejus
2300 3897 2497 3962 fetore,
2532 3905 2586 3951 et
2632 3897 2808 3968 portis
2845 3896 3042 3951 mortis
3087 3897 3333 3965 elapsus,
3365 3898 3501 3952 nihil

1931 3988 2163 4044 vinculis
2188 3991 2305 4045 suis
2345 4006 2570 4046 currere
2603 3989 2940 4060 prohibitus.
2969 3988 3033 4043 Et
3061 3989 3245 4044 vultus
3276 3987 3500 4059 quidem

1928 4080 2237 4135 velamento
2268 4079 2489 4136 videndi
2539 4097 2641 4135 usu
2680 4082 2946 4149 privatus,
2984 4081 3138 4135 nullo
3185 4089 3365 4135 tamen
3399 4080 3502 4132 im-

1933 4171 2265 4236 pedimento,
2331 4172 2632 4241 quominus
2668 4172 2733 4226 ad
2770 4188 2893 4227 eum
2935 4174 3026 4242 qui
3061 4181 3352 4227 vocaverat
3378 4187 3501 4226 cur-

1930 4270 2096 4327 reret,
2120 4262 2461 4331 retardatus,
2488 4279 2793 4334 agnosceus
2826 4264 3034 4319 Domini
3061 4279 3278 4318 vocem.
3310 4263 3504 4317 Sermo

1930 4352 2077 4408 enim
2112 4351 2221 4408 Deo
2252 4354 2473 4425 dignus,
2495 4366 2549 4410 et
2580 4356 2799 4425 jussum
2832 4354 3038 4426 regium
3067 4354 3270 4409 habens
3298 4354 3503 4409 exitum

1932 4446 2128 4501 mortis
2167 4456 2219 4502 et
2251 4448 2629 4518 corruptionis
2671 4447 3037 4511 eversionem,
3070 4454 3125 4503 et
3168 4446 3505 4517 operationis

1931 4540 2144 4593 ratione
2180 4539 2406 4609 majoris
2459 4539 3021 4594 demonsuatiouem.
3058 4538 3197 4593 Illud
3246 4553 3374 4593 vero
3425 4539 3505 4590 uti

1933 4630 2173 4683 clamore
2215 4640 2374 4684 acuto
2410 4640 2459 4685 et
2498 4630 2812 4700 penetranti
2846 4644 3044 4684 novum
3083 4629 3289 4698 ubique
3334 4637 3387 4682 et
3419 4627 3504 4680 in-

1936 4722 2119 4775 solens
2153 4720 2432 4776 Servatori
2462 4721 2705 4777 Christo.
2736 4721 2951 4778 Etenim
2984 4720 3127 4776 Deus
3161 4730 3217 4775 et
3253 4719 3415 4772 Pater
3443 4717 3508 4772 de

1935 4812 2031 4865 illo
2064 4811 2265 4866 alicubi
2306 4813 2382 4866 ait
2412 4832 2424 4867 :
2459 4832 2476 4865 ι
2511 4811 2631 4867 Non
2670 4813 2989 4878 contendet,
3035 4827 3214 4882 neque
3241 4809 3503 4866 vocifera-

1932 4900 2084 4955 bitur
2110 4901 2177 4966 ‘7,
2211 4921 2229 4954 ι
2269 4911 2325 4956 et
2385 4904 2618 4974 reliqua.
2672 4904 2850 4973 Opera
2899 4904 3043 4957 enim
3102 4917 3243 4957 vera:
3286 4900 3508 4954 deitatis

1935 4992 2055 5045 sine
2089 4993 2324 5062 strepitu
2371 5001 2423 5047 et
2465 4995 2713 5048 tumultu
2756 4994 2905 5049 omni
2953 4994 3131 5050 ﬁunt:
3170 4994 3283 5047 haec
3323 5001 3505 5045 autem

1934 5098 2064 5137 vera
2093 5085 2315 5140 deitatis
2347 5096 2503 5141 erant
2542 5087 2597 5144 in
2628 5088 2853 5143 Christo
2880 5105 2892 5141 :
2917 5089 3118 5157 quippe
3142 5087 3281 5147 Deus
3307 5084 3371 5137 de
3400 5082 3508 5137 Deo

1938 5176 2242 5231 secundum
2286 5186 2540 5232 naturam
2579 5186 2662 5233 est
2715 5194 2780 5233 ac
2813 5194 2997 5233 verus.
3038 5176 3181 5241 Quid
3226 5176 3393 5244 igitur
3427 5174 3509 5228 di-

1939 5283 2152 5334 cemus,
2195 5286 2320 5325 cum
2352 5271 2645 5326 videamus
2698 5285 2822 5324 eum
2861 5270 2936 5321 ita
2979 5275 3176 5337 prater
3210 5276 3509 5322 consuetu-

1940 5360 2126 5418 dinem
2200 5362 2630 5419 vociferantem?
2685 5362 2796 5417 Nec
2862 5360 3009 5414 enim
3080 5358 3376 5430 quisquam
3444 5375 3509 5414 eo

1944 5454 2196 5508 amentiae
2222 5454 2492 5521 deveniet,
2524 5464 2584 5510 ut
2616 5463 2814 5525 praeter
2845 5451 3103 5505 decorum
3137 5451 3338 5508 fecisse
3364 5451 3506 5506 dicat

314 5756 395 5827 (I)
445 5753 644 5827 Locus
688 5751 975 5827 restitutus
1023 5770 1087 5808 ex
1140 5752 1359 5808 Macarii
1402 5752 1821 5822 Clu-ysocephali

1923 5766 2025 5810 act.
2066 5755 2163 5821 16,
2214 5772 2297 5823 ap.
2340 5757 2442 5811 Mai
2479 5756 2608 5811 ibid.
2656 5755 2795 5809 Ειιὶιὶ
2830 5754 3087 5809 omittunt
3158 5755 3318 5807 verba
3383 5752 3500 5820 ἥκω

245 5866 260 5882 .
288 5867 302 5880 .
324 5821 349 5883 ”.
375 5821 392 5880 ζ
426 5821 907 5897 ψευδοπροφῆται.
