4106 6262
684 359 756 417 63
1699 352 1756 408 S.
1784 352 2060 410 CYRILLI
2112 351 2580 409 ALEXANDRINI
2611 352 2928 408 ARCIIIEP.
3375 359 3395 384 ⁸
3831 365 3896 421 ω

679 486 736 534 et
767 476 838 532 ab
883 473 1062 531 ollicio
1103 475 1421 529 recessisse.
1445 471 1729 538 Quomodo
1780 474 1949 546 igitur
1997 479 2103 532 hoc
2144 476 2227 531 liti

2345 474 2561 529 lavacro
2587 475 2763 544 λέγειν
2796 474 2978 538 αὐτὸν.
3005 476 3097 530 καὶ
3122 479 3384 548 ἁμαρτεῖν
3406 479 3499 534 τοῦ
3529 481 3755 548 δέοντος.
3783 488 3895 545 Πῶς

675 567 844 642 690
875 565 1046 621 Habet
1086 565 1352 618 rationem
1386 563 1474 618 hic
1511 564 1744 631 clamor,
1767 582 1937 636 «quem
1972 583 2236 623 necessa-

679 662 766 715 rio
797 672 1129 729 exponemus
1161 655 1227 708 ad
1264 654 1557 709 utilitatem
1589 657 1951 713 audientium.
1981 658 2235 730 Figuram

680 750 849 806 veluti
872 749 1158 819 quamdam
1181 738 1456 818 generalis
1477 750 1788 803 mortalium
1820 752 2238 808 resurrectionis

677 840 736 894 in
770 839 873 891 hoc
922 838 1067 891 circa
1096 835 1365 891 Lazarum
1402 838 1674 893 miraculo
1709 841 1878 901 novit,
1902 849 1955 894 et
2000 841 2145 909 quod
2183 841 2236 893 in

677 943 785 983 uno
809 928 1167 999 adimpletum
1196 938 1299 991 est,
1326 931 1600 999 egregiam
1636 931 1963 985 universalis
1986 939 2040 984 et
2070 932 2236 986 totius

676 1019 871 1074 statuit
922 1034 1044 1074 esse
1082 1020 1400 1090 imaginem.
1440 1020 1726 1077 credimus
1759 1023 1907 1075 enim
1941 1029 2235 1076 venturum

671 1126 796 1166 esse
848 1111 1115 1179 judieem,
1168 1118 1223 1165 et
1282 1118 1530 1165 tenemus
1579 1111 1820 1165 futuram
1877 1112 2036 1181 signo
2095 1112 2238 1166 tuba:

675 1201 1140 1264 inclamationem,
1194 1199 1350 1268 quta
1405 1200 1554 1252 illam
1609 1199 1761 1254 Pauli
1790 1216 1977 1255 vocem
2002 1199 2069 1265 ⁸⁸,
2114 1215 2235 1254 om—

675 1292 844 1346 nibus
871 1291 1072 1360 ubique
1100 1301 1373 1345 terrarum
1416 1290 1734 1360 jacentibus
1784 1302 1843 1346 ut
1875 1300 2101 1363 surgant
2136 1294 2236 1346 im-

676 1390 1252 1452 perantem,operante
1276 1383 1469 1452 utique
1509 1398 1624 1436 rem
1651 1383 1811 1436 istam
1839 1383 2102 1437 inell'abili
2138 1399 2237 1453 po-

677 1480 872 1527 testate
912 1471 1025 1536 Dei,
1059 1472 1149 1526 cui
1179 1472 1366 1525 omnia
1397 1472 1619 1526 cedunt.
1653 1470 1949 1540 Propterea
1996 1473 2144 1526 enim
2182 1480 2237 1527 et

674 1564 759 1615 l‘ex
813 1577 844 1615 a
889 1560 1236 1625 Mose'lata,
1290 1576 1412 1615 cum
1471 1561 1671 1617 festum
1726 1559 2234 1615 Tabernaculorum

622 1718 637 1733 ι
672 1656 964 1725 ii‘guraret:
999 1672 1016 1704 ι
1051 1653 1356 1719 Celebrate,
1391 1654 1588 1723 inquit,
1613 1655 1794 1730 ipsum
1826 1655 1880 1708 in
1916 1654 2234 1709 memoriam

670 1748 946 1801 tubarum.
979 1766 997 1799 ι
1030 1746 1165 1801 Cum
1197 1747 1343 1801 enim
1376 1746 1573 1800 iterum
1597 1746 1996 1816 compingenda
2019 1746 2235 1799 venient

670 1840 919 1892 lunuana.
949 1853 1201 1908 corpora,
1247 1845 1306 1891 et
1356 1838 1792 1907 uniuscujusque
1834 1837 2019 1907 anima
2071 1850 2232 1890 suum

670 1926 839 1981 veluti
881 1926 1290 1980 tabernaculum
1326 1926 1508 1979 denuo
1547 1933 1923 1993 assumptum,
1951 1921 2234 1977 insonahit

672 2018 826 2088 prius
879 2018 1098 2088 jussum
1147 2017 1400 2081 Domini,
1460 2024 1515 2070 et
1570 2014 2000 2072 resurrectionis
2061 2013 2233 2068 veluti

671 2117 878 2163 tessera
914 2110 1157 2174 dabitur,
1209 2109 1451 2177 tubaque
1485 2107 1580 2162 Dei
1615 2115 1796 2171 canet,
1838 2106 1996 2175 juxta
2035 2103 2232 2174 praedi-

668 2209 835 2255 ctum.
869 2200 1039 2272 [gitur
1081 2202 1137 2254 in
1180 2201 1402 2269 liguram
1430 2198 1552 2269 ejus
1579 2213 1838 2268 magnum
1869 2197 2144 2267 quoddam
2177 2204 2232 2250 et

666 2291 995 2346 audiendum
1048 2291 1197 2346 circa
1261 2288 1529 2343 Lazarum
1587 2288 1906 2342 inclamavit
1953 2288 2230 2349 Christus,

666 2390 778 2435 neu
813 2397 1142 2451 magnopere
1168 2381 1591 2434 consuetudinis
1621 2395 1850 2445 memor,
1874 2378 2002 2432 dum
2038 2394 2231 2434 eorum

665 2488 788 2544 qua:
810 2473 865 2526 in
886 2472 1298 2542 exspectatione
1319 2468 1529 2537 eSsent,
1553 2470 1775 2539 ﬁguram
1796 2479 2231 2539 reprzesentaret.

736 2582 814 2638 Ita
860 2582 1133 2647 nonnulli,
1174 2581 1617 2651 quandoquidem
1667 2583 1803 2636 nihil
1865 2598 1975 2636 non
2040 2590 2224 2651 potest

664 2672 907 2729 divinum
940 2672 1202 2735 Verbum,
1258 2670 1530 2741 desperati
1582 2686 1810 2740 prorsus
1838 2711 1852 2733 ,
1912 2680 1967 2725 et
2011 2672 2224 2725 animi:

664 2772 890 2819 mortuae
943 2764 1169 2818 fetorem
1198 2763 1566 2831 exspirantes,
1620 2769 1679 2815 et
1730 2768 2073 2814 mortuorum
2125 2761 2226 2815 ha-

664 2855 898 2910 bitacula
953 2855 1282 2917 incolentes,
1343 2854 1817 2925 supervenientem
1882 2853 2015 2924 ipsis
2081 2855 2227 2910 divi.-

666 2961 796 3000 num
843 2961 1149 3001 sermonem
1210 2945 1469 3008 audiunt,
1495 2958 1559 2998 ac
1584 2945 1840 3027 ipsorum
1892 2946 2103 3001 animas
2133 2962 2229 3017 pe:

667 3044 916 3091 netrante
947 3036 1151 3090 virtute
1180 3035 1302 3104 ejus
1328 3034 1423 3103 qui
1447 3034 1603 3100 dicit,
1637 3053 1656 3086 ι
1678 3036 1799 3090 veni
1834 3035 2002 3098 foras,
2044 3055 2061 3087 ι
2094 3052 2225 3105 pro-

2339 563 2432 618 οῦν
2454 565 2720 635 ἐνδέχεται
2747 566 2989 630 ςοΰκοῦν
3017 566 3126 637 ἔχει
3153 566 3308 635 λόγον
3331 571 3627 641 ιιι-κραυγὴ,
3645 574 3711 644 ἢν
3738 574 3897 639 ἀναγ-

2339 654 2510 719 καίως
2552 655 2815 726 ἐροῦμεν.
2842 657 2928 710 διὰ
2977 658 3038 710 τὸ
3064 659 3177 720 τοῖς
3220 659 3587 730 ἀκροωμένοις
3611 664 3894 734 χρήσιμον·

2341 745 2523 799 Τύπον
2565 746 2754 816 ὥσπερ
2799 747 2920 801 τινὰ
2959 748 3060 817 τῆς
3097 748 3324 802 καθόλου
3376 750 3482 803 τῶν
3529 753 3736 823 νεκρῶν
3777 754 3897 808 ἀνα-

2340 837 2601 901 στάσεως.
2626 836 2688 889 τὸ
2714 838 2804 889 ἐπὶ
2832 837 3067 908 Λαζάρῳ
3098 841 3330 892 ποιεῖται
3362 839 3542 909 θαῦμα
3561 857 3573 869 ·
3618 844 3787 896 καὶτὸ
3818 845 3899 912 ἐρ’

2337 926 2419 977 ἐνὶ
2450 926 2824 998 πληρούμενον
2846 968 2861 992 ,
2921 929 3102 981 εἰκόνα
3133 928 3224 980 τοῦ
3259 931 3613 1001 γενικωτέρου
3647 932 3739 985 καὶ
3766 931 3898 986 κατά

2337 1015 2537 1079 παντὸς
2568 1016 2762 1088 ἔστησε
2790 1017 2980 1088 καλήν.
3031 1016 3149 1071 Ὀτι
3181 1017 3288 1089 γὰρ
3315 1016 3431 1088 ἥξει
3488 1019 3679 1090 κριτὴς
3744 1038 3898 1074 πεπιο

2293 1141 2302 1153 .
2339 1105 2645 1176 στεύκαμεν
2668 1145 2685 1172 ,
2736 1106 3061 1176 λογιζόμεθά
3085 1125 3143 1160 τε
3171 1108 3253 1160 ὄτι
3282 1110 3493 1180 κραυγή
3525 1127 3607 1172 τις
3640 1109 3789 1163 ἐσται
3818 1110 3901 1164 διὰ

2338 1197 2658 1265 σάλπιγγος,
2695 1199 2834 1250 κατά
2868 1198 2966 1268 τὴν
2995 1198 3089 1250 τοῦ
3116 1199 3328 1252 Παύλου
3366 1200 3569 1270 φωνὴν,
3603 1200 3899 1255 διακελευο-

2339 1288 2478 1358 μένη
2500 1292 2612 1352 τοῖς
2637 1290 2694 1341 ἐν
2738 1291 2806 1359 γῇ
2847 1289 3118 1359 κειμένοις
3146 1290 3244 1361 τὴν
3285 1291 3582 1343 ἀνάστασιν
3605 1331 3619 1353 ,
3644 1292 3899 1362 ἐνεργού-

2338 1396 2438 1449 σης
2465 1380 2705 1448 δηλονότι
2731 1381 2792 1433 τδ
2834 1382 3069 1451 πρᾶγμα
3097 1382 3191 1451 τῆς
3222 1383 3460 1451 ἀρρήτου
3509 1382 3786 1453 δυνάμεως
3811 1383 3899 1437 τοῦ

2336 1469 2513 1522 πάντα
2541 1469 2812 1539 ἰσχύοντος
2837 1469 2991 1524 Θεοῦ.
3023 1471 3122 1524 Διά
3148 1472 3254 1541 γάρ
3286 1488 3367 1523 τοι
3389 1470 3543 1524 τοῦτο
3573 1473 3666 1525 καὶ
3688 1475 3716 1525 6
3745 1475 3901 1544 νόμος

2334 1559 2422 1613 διά
2452 1560 2724 1625 Μωσέως,
2757 1561 2841 1614 ὅτε
2868 1561 2970 1630 τῆς
3008 1561 3389 1631 Σκηνοπηγίας
3427 1562 3625 1615 ἐτύπου
3656 1563 3755 1632 τὴν
3787 1564 3901 1634 ἐορ-

2333 1650 2452 1722 τὴν,
2485 1670 2504 1702 ι
2544 1652 2869 1722 Ἐορτάσατε
2891 1690 2906 1715 ,
2956 1652 3151 1722 φησιν,
3186 1654 3374 1723 αὐτὴν,
3408 1649 3746 1722 μνημόσυνον
3776 1653 3897 1707 σαλ-

2335 1739 2569 1808 πίγγων.
2599 1757 2623 1790 ι
2678 1739 3107 1810 Συμπήγνυσθαι
3163 1741 3272 1811 γὰρ
3338 1741 3635 1810 μελλόντων
3683 1742 3900 1805 ἐσαῦθις

2263 1806 2443 1883 Βτῶν
2495 1829 2849 1901 ἀνθρωπίνων
2896 1831 3162 1899 σωμάτων
3188 1871 3202 1895 ,
3259 1832 3350 1884 καὶ
3396 1830 3492 1901 τὴν
3537 1831 3670 1885 ἰδίαν
3716 1831 3901 1901 ῶσπερ

2333 1921 2536 1991 σκηνὴν
2588 1920 3051 1992 παραληψομένης
3109 1922 3232 1973 ὅσον
3272 1922 3481 1987 οὐδέπω
3520 1922 3618 1991 τῆς
3673 1912 3900 1976 ἐκάστοῖι

2328 2008 2527 2078 ψυχῆς,
2559 2012 3014 2081 προαναφωνήσει
3044 2010 3326 2082 κέλευσμα
3353 2011 3414 2064 τὸ
3439 2012 3790 2078 Δεσποτικδν,
3813 2012 3901 2065 καὶ

2330 2101 2631 2170 προηχήσει
2686 2101 2748 2154 τδ
2805 2104 2902 2172 τῆς
2945 2102 3292 2167 ἀναστάσεως
3333 2102 3615 2173 σύνθημα,
3669 2102 3901 2170 σάλπιγξ

2329 2192 2464 2244 Θεοῦ
2483 2233 2497 2257 ,
2525 2192 2665 2245 κατὰ
2693 2193 2753 2245 τδ
2781 2192 3093 2261 εἰρημένον.
3130 2195 3222 2257 Εἰς
3248 2193 3416 2247 τύπον
3438 2191 3529 2248 οὖν
3558 2194 3781 2263 ταύτης,
3812 2194 3907 2245 ἐπί’

2334 2279 2568 2350 Λαζάρῳ
2602 2279 2743 2349 μέγα
2786 2295 2841 2331 τι
2881 2280 2974 2332 καὶ
3007 2280 3331 2344 ἐξάκουστον
3369 2283 3614 2352 ἐφώνησε
3643 2282 3900 2353 Χριστὸς,

2334 2371 2395 2422 οὐ
2430 2370 2637 2441 σφόδρα
2656 2371 2751 2424 τοῦ
2786 2370 3048 2441 συνήθους
3074 2375 3365 2444 φροντίσας
3385 2413 3400 2438 ,
3439 2374 3524 2428 ἵνα
3545 2374 3654 2428 τῶν
3684 2372 3904 2427 ἔσεσθαι

2338 2462 2804 2533 προσδοκωμένων
2834 2464 3074 2534 ἐπιδείξῃ
3105 2466 3196 2517 τὸν
3230 2466 3420 2518 τύπον.

2413 2577 2568 2629 Οὓτω
2587 2576 2655 2645 δή
2668 2593 2810 2639 τινες
2827 2578 3027 2647 (1),ςδιά
3047 2578 3135 2630 τὸν
3151 2579 3326 2633 πάντα
3341 2579 3634 2649 δυνάμενον
3649 2580 3742 2634 τοῦ
3767 2576 3904 2635 Θεοῦ

2330 2665 2502 2733 Δόγον
2545 2667 2719 2736 πάντη
2748 2667 3221 2734 ἀπογνωσθέντες,
3270 2671 3364 2721 καὶ
3409 2672 3510 2736 τῆς
3550 2672 3608 2721 ἐν
3636 2671 3783 2742 ψυχῇ
3817 2687 3906 2727 vs-

2330 2758 2596 2829 κρότητος
2615 2758 2712 2828 τὴν
2738 2759 2997 2812 δυσωδίαν
3022 2759 3254 2828 ἔχοντες,
3273 2759 3369 2813 καὶ
3398 2759 3669 2821 οἰκοῦντες
3690 2762 3923 2833 νεκρῶν-

2330 2851 2661 2922 οἰκητήριον,
2684 2849 2925 2913 ἐλθόντος
2949 2850 3085 2919 πρὸς
3108 2851 3301 2914 αὐτοὺς
3323 2850 3414 2902 τοῦ
3435 2850 3591 2919 λόγου
3617 2852 3920 2918 ἀκούουσι..

2334 2941 2429 2993 καὶ
2474 2939 2904 3009 καθικνουμένης
2938 2939 3103 2992 αὑτοῦ
3130 2936 3248 3009 τῆς
3272 2940 3549 3010 δυνάμεως
3574 2940 3681 2993 τῶν
3703 2941 3897 3013 ψυχῶν

2332 3028 2510 3082 αὐτῶν
2537 3029 2806 3096 λέγοντος,
2820 3049 2836 3080 ι
2848 3027 3017 3099 Δεῦρο
3032 3029 3157 3094 ἔξω,
3172 3030 3502 3100 »ἐξέρχονται
3526 3030 3606 3083 ἔτι
3623 3029 3897 3105 [κηρίαιςΙ

664 3124 990 3195 grediuntur
1028 3123 1235 3178 institis
1265 3122 1445 3177 adhuc
1484 3124 1839 3178 mortualium
1874 3125 2225 3179 vinculorum

2328 3122 2438 3188 τῶν
2482 3121 2688 3191 νεκρῶν
2717 3121 2929 3190 δεσμῶν
2952 3122 3244 3191 δεδεμένοι.
3290 3121 3541 3191 Ἐξῆλθεν
3566 3123 3702 3193 γὰρ.
3737 3125 3894 3192 φησὶ,

663 3219 891 3289 alligati.
924 3218 1070 3273 Exiit
1097 3219 1266 3282 enim,
1296 3219 1474 3287 inquit
1508 3218 1816 3288 Scriptura,
1845 3219 1938 3289 qui
1970 3228 2221 3276 mortuus

664 3310 859 3378 fuerat,
894 3311 1075 3365 adhuc
1121 3310 1429 3365 devinctus.
1476 3310 1678 3365 Deinde
1703 3320 1974 3380 praesente
1996 3309 2129 3366 Jesu
2168 3321 2223 3367 et

660 3402 967 3471 discipulis,
1003 3402 1219 3469 illisque
1237 3401 1558 3465 mandante,
1595 3402 1878 3455 resolvunt
1904 3400 2221 3457 mortuariis

660 3493 891 3547 vinculis
946 3508 1071 3548 eum
1109 3492 1204 3561 qui
1260 3490 1404 3547 Filio
1448 3492 1543 3547 Dei
1604 3508 1811 3547 morem
1858 3500 2127 3564 gesserat,
2165 3500 2221 3549 et

658 3582 910 3653 sepulcro
951 3582 1245 3652 prodierat.
1281 3579 1329 3636 Is
1371 3592 1554 3638 autem
1589 3582 1866 3638 resolutus
1909 3583 2025 3638 abit
2058 3582 2218 3651 liber,

656 3682 711 3728 et
743 3685 871 3726 mox
900 3685 1025 3725 cum
1070 3670 1294 3725 Christo
1332 3671 1651 3726 discumbit.
1683 3669 1859 3741 Hujus
1908 3672 2216 3727 animarum

655 3762 866 3818 ordinis
898 3762 1075 3833 imago
1112 3763 1245 3818 mihi
1285 3761 1506 3819 videtur
1535 3761 1796 3831 Lazarus,
1827 3764 1919 3835 qui
1951 3775 2070 3821 erat
2117 3764 2219 3820 Be-

656 3849 843 3902 thania
898 3850 1208 3914 oriundus,
1263 3850 1324 3904 id
1377 3858 1462 3907 est
1512 3852 1835 3907 obedientiae
1884 3853 2072 3908 domo.
2114 3854 2216 3908 Hic

654 3946 845 4023 postea
868 3934 1174 4026 ιιιιειόιωιὶίί
1206 3941 1304 4009 qui
1338 3956 1506 3995 sanus
1539 3955 1665 3995 cum
1699 3950 1872 4004 esset,
1900 3958 1930 3997 a
1966 3941 2099 3998 Jesu
2135 3942 2217 3997 di-

654 4030 943 4100 ligebatur.
972 4029 1127 4084 Haud
1157 4045 1289 4100 ergo
1318 4030 1698 4100 desperandus
1741 4048 1809 4087 ne
1845 4032 1938 4087 ille
1991 4034 2215 4103 quidem

652 4119 744 4188 qui
795 4118 851 4173 in
882 4129 1128 4174 extrema
1176 4118 1531 4187 improbitate
1562 4128 1837 4174 versatur.
1878 4119 2212 4176 Praeclarum

649 4209 869 4276 quidem
891 4217 977 4266 est
1001 4226 1110 4265 non
1139 4210 1438 4275 inﬁrmari;
1466 4210 1512 4263 sl
1550 4211 1674 4279 quis
1704 4198 1886 4266 tamen
1916 4224 2216 4283 aegrotave-

646 4302 741 4365 rit,
768 4308 887 4357 oret
915 4317 983 4356 ne
1021 4300 1311 4355 inﬁrmitas
1345 4299 1463 4367 ejus
1495 4300 1570 4353 sit
1597 4301 1662 4355 ad
1694 4310 1947 4365 mortem,
1986 4301 2079 4358 sed
2115 4317 2214 4372 pro

649 4393 825 4458 gloria
860 4390 975 4446 Dei.
1004 4393 1158 4456 Quod
1204 4402 1457 4461 spectare
1502 4392 1627 4446 licet
1667 4393 1721 4447 in
1752 4393 1858 4448 isto
1902 4395 1995 4464 qui
2026 4393 2210 4450 Jesum

2327 3215 2356 3267 6
2389 3212 2665 3283 τεθνηκὼς
2694 3213 2994 3282 δεδεμένος.
3020 3208 3152 3266 Εἶτα
3185 3212 3451 3283 παρόντος
3477 3213 3567 3266 τοῦ
3604 3213 3779 3284 Ἰησοῦ
3803 3213 3895 3268 καὶ

2325 3304 2433 3358 τῶν
2458 3303 2716 3375 μαθητῶν
2735 3343 2749 3367 ,
2803 3304 2895 3356 καὶ
2921 3303 3274 3366 κελεύσαντος
3311 3303 3492 3365 αὐτοῖς
3510 3343 3526 3367 ,
3574 3302 3759 3356 λύουσι
3789 3302 3896 3355 τῶν

2324 3396 2418 3450 τοῦ
2448 3394 2639 3467 νεκροῦ
2683 3395 2895 3464 δεσμῶν
2924 3394 3015 3448 τὸν
3045 3394 3334 3448 πεισθέντα
3375 3394 3453 3464 τῷ
3489 3395 3603 3464 Υἰῷ
3634 3393 3727 3446 τοῦ
3758 3393 3895 3448 Θεοῦ

2325 3488 2421 3541 καὶ
2446 3486 2732 3556 γενόμενον
2775 3484 2879 3550 ἔξω
2906 3484 2999 3543 τοῦ
3052 3484 3337 3556 μνημείου.
3404 3486 3463 3537 Ὅ
3486 3485 3543 3538 δὲ
3571 3485 3750 3548 λυθεὶς
3786 3486 3892 3538 ᾶπ-

2324 3593 2460 3630 εισιν
2505 3576 2813 3646 ἐλεύθερος,
2854 3576 2949 3628 καὶ
2992 3576 3120 3645 ἐξῆς
3151 3576 3528 3630 συνανάκειται
3576 3575 3653 3647 τῷ
3694 3576 3888 3647 Ἰησοῦ,

2323 3667 2575 3720 Τοιούτου
2626 3665 2772 3730 τινὸς
2836 3666 3115 3736 τάγματος
3156 3664 3421 3736 σύμϐολον
3459 3662 3597 3719 εἷναί
3631 3685 3720 3737 μοι
3748 3667 3893 3719 δοκεί
3930 3658 3944 3670 ’

2321 3758 2350 3811 6
2373 3759 2641 3828 Λάζαρος,
2669 3758 2815 3819 ὅστις
2847 3757 2945 3827 μὲν
2972 3752 3041 3827 ἦν
3073 3757 3182 3810 ἀπὸ
3210 3756 3500 3826 Βηθανίας,
3540 3756 3632 3811 τοῦ
3665 3756 3764 3826 τῆς
3790 3757 3891 3808 ὑπ-

2322 3849 2491 3918 ακοῆς
2542 3849 2709 3901 οίκου.
2776 3846 3098 3918 Ἠσθένησεν
3147 3847 3403 3918 ὕστερον,
3456 3847 3631 3901 καίτοι
3688 3863 3749 3914 γε
3803 3847 3890 3898 ὅτι

2324 3938 2561 4007 ὗγίαινεν
2589 3938 2741 4007 φίλος
2784 3937 2860 3990 ὢν
2910 3938 3003 3991 τοῦ
3043 3938 3237 4008 Ἰησοῦ.
3295 3939 3370 3991 Ού
3394 3939 3473 3990 δεῖ
3499 3933 3588 3992 οῦν
3618 3937 3890 4006 ἀπογινώο

2322 4044 2474 4080 σκειν
2494 4028 2586 4080 καὶ
2609 4027 2695 4080 τὸν
2718 4029 2775 4080 ἐν
2803 4027 3005 4099 ἐσχάτῃ
3029 4028 3193 4098 κακίᾳ
3215 4029 3519 4098 γινόμενον.
3543 4030 3652 4083 Καὶ
3680 4030 3762 4082 ὅτι
3787 4045 3889 4084 και-

2320 4118 2409 4171 λδν
2432 4117 2530 4187 μὲν
2545 4116 2605 4169 τὸ
2631 4117 2704 4188 μὴ
2721 4115 2965 4170 ἀσθενεῖν
2984 4134 2998 4148 ⁸
3024 4118 3072 4169 εί
3088 4118 3145 4171 δέ
3167 4135 3251 4181 τις
3271 4119 3517 4183 ἀσθενεῖ,
3540 4119 3780 4189 εὐχέσθω
3803 4120 3889 4174 ἵνα

2323 4207 2397 4277 μὴ
2426 4208 2459 4276 ἡ
2492 4204 2742 4258 ἀσθένεια
2766 4204 2927 4258 αὐτοῦ
2946 4205 3081 4276 πρὸς
3106 4207 3332 4260 θάνατον
3356 4208 3597 4277 γένηται,
3612 4208 3726 4262 ἀλλ’
3749 4209 3888 4280 ὑπὲρ

2318 4295 2416 4364 τῆς
2445 4295 2603 4364 δόξης
2646 4292 2740 4347 τοῦ
2772 4294 2928 4349 Θεοῦ.
2974 4296 3101 4348 Ὅτε
3161 4296 3308 4349 ἐστιν
3351 4296 3476 4349 ἰδεῖν
3520 4299 3613 4351 τὸν
3664 4298 3888 4352 ἀκολου⁹

2319 4385 2511 4438 θοῦντα
2540 4385 2618 4455 τῷ
2656 4384 2861 4456 Ἰησοῦ,
2905 4385 3027 4439 τίνα
3052 4386 3251 4457 τρόπον
3279 4389 3307 4440 ὀ
3332 4389 3570 4452 τοιοῦτος
3606 4390 3885 4461 ἐξέρχεται

648 4490 936 4535 vocantem
965 4483 1237 4550 sequitur,
1265 4483 1538 4550 quomodo
1563 4497 1757 4551 nempe
1777 4483 1846 4537 ob
1869 4481 1998 4539 Jesu
2021 4499 2210 4539 vocem

2327 4478 2415 4546 μὲν
2445 4476 2533 4530 διὰ
2557 4476 2657 4547 τὴν
2705 4477 2879 4545 Ἰησοῦ
2911 4477 3095 4547 φωνὴν
3123 4518 3139 4544 ,
3179 4478 3256 4531 ἔτι
3282 4480 3337 4532 δὲ
3364 4470 3570 4551 σειραῖς
3596 4482 3703 4535 τῶν
3739 4482 3882 4535 ἰδίων

646 4572 801 4637 exiit,
846 4571 1027 4626 adhuc
1071 4578 1255 4625 tamen
1307 4583 1655 4640 peccatorum
1711 4589 1936 4627 suorum
1976 4575 2212 4631 vinculis

2327 4569 2537 4638 ἀμαρτη
2546 4567 2730 4637 μάτων
2754 4567 3034 4638 δεδεμένος
3053 4568 3148 4621 καὶ
3165 4571 3490 4640 ἐσφιγμένος
3508 4613 3522 4636 ,
3548 4572 3636 4624 διά
3663 4573 3760 4642 μὲν
3785 4573 3882 4642 τὴν

647 4665 905 4735 alligatus
950 4672 1004 4717 et
1045 4665 1382 4720 constrictus
1415 4678 1430 4715 :
1461 4665 1532 4718 ob
1566 4665 1939 4735 pmnitentiam
1987 4665 2209 4735 quidem

2327 4661 2609 4729 μετάνοιαν
2636 4659 2730 4713 καὶ
2758 4658 2819 4711 τὸ
2851 4659 3268 4731 ἀκηκοέναιτῆς
3304 4661 3477 4732 Ἰησοῦ
3508 4663 3709 4733 φωνῆς,
3731 4663 3876 4728 ζῶνο

646 4762 702 4810 et
734 4755 1104 4810 obedientiam
1159 4754 1292 4810 Jesu
1326 4758 1469 4819 voci,
1518 4756 1744 4821 vivens;
1775 4756 1870 4812 sed
1903 4757 2031 4825 quia
2071 4771 2213 4811 non-

2327 4748 2403 4801 5ιά
2434 4749 2490 4801 δὲ
2521 4748 2582 4801 τὸ
2613 4749 2685 4820 μὴ
2714 4748 3072 4803 ἀπολελύσθαι
3102 4750 3209 4804 τῶν
3223 4752 3319 4820 τῆς
3347 4753 3616 4822 ἁμαρτίας
3645 4753 3877 4824 δεσμῶνί

646 4846 776 4900 dum
820 4854 1171 4915 peccatorum
1208 4847 1419 4917 laqueis
1452 4847 1690 4909 solutus,
1731 4847 1972 4900 nondum
2022 4846 2212 4902 liberis

2327 4839 2454 4910 μηδέ
2482 4839 2583 4910 ήδη
2602 4839 2859 4893 δύνασθαι
2885 4839 3189 4911 ἐλευθέροις
3214 4840 3513 4894 ἐπιϐαίνειν
3542 4844 3718 4905 ποσὶν,
3746 4842 3880 4896 ἀλλὰ

648 4936 878 5007 pedibus
913 4937 1164 4993 incedere
1194 4940 1414 5004 valens;
1443 4938 1540 4993 sed
1570 4953 1746 5008 neque
1780 4938 1958 4992 solute
1991 4937 2211 5007 operari

2327 4932 2453 5002 μηδὲ
2487 4933 2730 5003 ἐνεργεῖν
2759 4931 3172 5001 ἀπολελυμένως
3200 4932 3266 4985 τά
3293 4933 3646 5004 διαφέροντα,
3667 4934 3878 5004 δεδεμέ-

648 5029 965 5099 praeclarum
997 5029 1202 5099 aliquid
1235 5030 1439 5095 valens,
1468 5036 1691 5098 propter
1718 5043 1912 5083 manus
1939 5030 2210 5099 pedesque

2327 5040 2402 5087 νος
2448 5023 2543 5086 τὰς
2571 5024 2759 5093 χεῖρας
2801 5022 2895 5075 καὶ
2938 5024 3063 5087 τοὺς
3096 5024 3263 5087 πόδας
3300 5025 3515 5095 δεσμοῖς
3541 5027 3749 5098 νεκρῶν
3777 5044 3875 5099 κη-

646 5117 965 5174 mortuarlis
991 5117 1241 5188 ligaturis
1272 5117 1597 5187 impeditos;
1627 5125 1791 5186 atque
1820 5117 1889 5170 ob
1923 5118 1974 5171 id
2006 5117 2206 5173 faciem

2327 5113 2488 5181 βίαις·
2523 5114 2616 5166 καὶ
2643 5114 2730 5166 διά
2767 5113 2965 5177 ταύτας
3005 5114 3102 5184 τὴν
3126 5115 3245 5184 ὄψιν
3278 5119 3341 5186 τῇ
3380 5116 3570 5187 ἀγνοίᾳ
3599 5118 3874 5190 κεκαλυμσ-

644 5205 863 5283 quoque
909 5210 1219 5282 ignorantia
1267 5211 1501 5265 velatam
1552 5223 1768 5278 gerens.
1815 5206 2204 5263 Verumtamen

2327 5204 2492 5272 zévoc.
2541 5203 2638 5257 Διά
2683 5203 2742 5255 δὲ
2775 5202 2871 5272 τὴν
2918 5203 3209 5271 πρόσταξιν
3244 5205 3338 5257 τοῦ
3380 5206 3553 5275 Ἰησοῦ
3581 5206 3760 5270 λυθεὶς
3781 5206 3870 5260 καὶ

643 5297 771 5352 Jcsu
802 5301 1059 5354 mandato
1086 5301 1300 5355 solutus
1340 5314 1403 5353 ac
1438 5299 1575 5352 liber
1608 5297 1856 5361 eﬂ'ectus,
1879 5299 1986 5352 tale
2019 5299 2203 5367 ingre-

2327 5295 2555 5362 ίιφεθεὶς,
2588 5292 2875 5363 πορεύεται
2908 5295 3160 5363 τοιαύτην
3208 5296 3463 5365 πορείαν,
3509 5295 3649 5348 ῶστε
3672 5296 3870 5363 φθάσαι

645 5388 791 5443 ditur
822 5389 945 5454 iter,
976 5406 1151 5461 eoque
1181 5389 1448 5461 pervenit,
1484 5396 1542 5443 ut
1579 5404 1721 5443 unus
1754 5387 1821 5443 de
1854 5386 2207 5443 discumben-

2327 5384 2476 5439 αὑτὸν
2512 5386 2603 5438 ἐπὶ
2643 5383 2722 5455 τῷ
2766 5385 2862 5438 ἕνα
2894 5385 2989 5438 κοιλ⁸
3030 5386 3191 5438 αὐτὸν
3227 5388 3477 5455 γενέσθαι
3504 5388 3612 5442 τῶν
3644 5405 3873 5445 συνανας

719 5539 765 5571 “
804 5538 823 5591 l
860 5537 984 5592 Cor.
1018 5554 1103 5605 xv,
1139 5540 1229 5594 52.

715 5713 795 5786 (li
829 5721 988 5776 Οὕτω
1019 5720 1092 5785 δή
1124 5736 1278 5785 τινες
1318 5761 1329 5773 .
1361 5757 1373 5772 .
1408 5759 1420 5774 .
1456 5721 1561 5775 ,ἐν
1595 5720 1717 5786 τοῖς
1750 5718 2077 5809 μνήμασιν.
2130 5716 2210 5775 Ex

2327 5733 2436 5775 .cna
2458 5716 2716 5775 Vaticana
2748 5734 2833 5790 ap.
2858 5720 2965 5777 Mai
2993 5722 3122 5779 ibid.
