4106 6262
232 378 320 432 ⁸ὃὸ

1111 372 1175 428 IN
1203 372 1546 432 .IOANNEM.
1574 407 1643 419 —-
1671 375 1804 429 LIB.
1840 373 1930 429 VII
1975 375 2064 430 ET
2106 376 2220 433 VIII
2254 376 2729 432 FRAGMENTA.‘

3426 384 3508 441 66

247 492 521 565 κειμένων
558 482 703 561 αὺτῷ
740 488 935 561 Ἰησοῦ.
990 488 1112 543 Τίσι
1141 491 1199 544 δὲ
1230 492 1379 547 λύειν
1417 494 1580 547 αὐτὸν
1607 493 1825 562 επέτρε-

1911 469 2085 547 ἰὶὺυε
2112 507 2237 547 eum
2268 493 2397 550 Jesu
2432 494 2549 549 ﬁeri
2584 496 2778 565 possit.
2813 495 2932 551 Jam
2974 499 3304 569 quibusnam
3326 502 3505 558 Laza-

245 587 378 654 ⁹ξιεν,
402 584 465 637 ού
494 576 828 651 γέγραπται·
864 580 898 651 ἢ
925 584 1039 644 τοῖς
1074 582 1370 652 μαθηταῖς,
1398 585 1431 656 ἢ
1467 587 1579 649 τοῖς
1608 600 1834 638 συνακο-

246 676 573 747 λουθήσασιν
604 673 879 735 Ἰουδαίοις
899 713 913 736 ,
947 672 980 744 ἢ
1008 673 1105 727 καὶ
1128 674 1385 742 ἀγγέλοις
1419 676 1549 736 ἴσως
1574 676 1687 738 τοῖς
1717 673 1833 727 δια·
1884 738 1897 755 κ

246 769 592 837 κονουμένοις
620 765 768 835 αύτῷ
790 765 927 836 πρὸς
948 766 1046 834 τὴν
1068 765 1181 821 τῶν
1199 766 1504 838 ἀνθρώπων
1530 766 1828 836 σωτηρίαν.

247 845 358 911 Καὶ
388 855 501 909 ἔστι
548 871 613 923 γε
647 854 881 907 συνιδεῖν
907 854 1366 925 ἀποθνησκόντων
1389 854 1658 928 διαφορὰν
1677 893 1691 918 ,
1720 855 1832 907 τῶν

249 948 347 1019 μὲν
378 946 499 1018 μηδ’
530 945 668 1008 ὅλως
700 943 958 1008 ἐξιόντων
981 943 1077 997 τοῦ
1108 944 1281 1010 οἴκου,
1314 945 1388 1009 ὼς
1417 945 1510 998 ἐπὶ
1538 946 1639 1015 τῆς
1670 945 1829 999 Ἰαεί-

246 1056 340 1111 ρου
388 1038 658 1108 θυγατρὸς
679 1076 692 1099 ,
728 1036 837 1090 τῶν
879 1037 938 1090 δὲ
962 1037 1064 1108 ἤδη
1095 1038 1369 1092 ἀπιόντων
1404 1039 1498 1093 ἐπὶ
1534 1038 1594 1091 τὺ
1621 1039 1827 1109 μνῆμα,

241 1129 318 1194 ὡς
372 1130 464 1182 ἐπὶ
516 1128 610 1182 τοῦ
655 1128 773 1182 υἱοῦ
814 1130 1115 1200 τῆςκχήρας
1141 1147 1155 1161 ·
1222 1130 1336 1183 τῶν
1393 1131 1451 1184 δὲ
1502 1130 1596 1184 καὶ
1643 1129 1839 1183 τεθέν-’

239 1238 351 1275 των
397 1222 454 1273 ἐν
487 1220 564 1290 τῷ
606 1219 859 1292 μνημείῳ
899 1221 995 1274 καὶ
1022 1221 1123 1291 ἤδη
1148 1221 1484 1291 σεσηπότων.
1538 1217 1746 1272 Ἀθλιοι
1769 1217 1827 1271 δὲ

238 1312 395 1385 παρὰ
440 1312 652 1377 τούτοις
693 1314 743 1366 ot
785 1313 881 1366 ἐπὶ
924 1312 1107 1366 πλεῖον
1152 1312 1579 1384 ἐμϐραδύνοντες
1627 1312 1685 1364 ὲν
1713 1312 1826 1376 τοῖς

242 1407 542 1475 μνήμασιν.

320 1497 380 1553 Ἠ
404 1497 544 1565 ὄψις
572 1498 759 1553 αὑτοῦ
796 1497 1098 1566 σουδαρίῳ
1118 1496 1504 1567 περιεδέδετο.

311 1590 576 1655 Πεσόντες
614 1593 702 1655 ἐἰς
743 1591 1039 1661 ἁμαρτίαν,
1069 1590 1321 1660 καθάπερ
1354 1606 1407 1643 τι
1438 1589 1703 1661 κάλυμμα
1723 1590 1824 1663 τὴν

236 1679 497 1733 ἐντεῦθεν
538 1681 802 1752 αἰσχύνην
843 1682 923 1751 τῷ
965 1681 1062 1750 τῆς
1087 1680 1264 1750 ψυχῆς
1299 1679 1578 1751 προσώπῳ
1608 1696 1825 1751 περιτε-

231 1769 502 1840 θείκαμεν
525 1813 539 1834 ,
610 1772 705 1825 καὶ
732 1775 843 1835 τοῖς
887 1770 981 1824 τοῦ
1017 1771 1248 1824 θανάτου
1302 1769 1821 1840 κατεδεσμεύθημεν

1935 599 2056 639 rum
2101 587 2317 640 solvere
2364 588 2739 656 imperaverit,
2785 604 2892 643 nou
2924 599 3007 644 est
3046 592 3333 662 scriptum,
3375 610 3505 650 num

1936 674 2192 730 videlicet
2225 676 2539 747 discipulis,
2574 693 2643 731 an
2693 681 3049 748 sequentibus
3079 696 3139 735 se
3176 680 3400 751 Iudaeis,
3437 701 3505 740 au

1931 765 2096 819 etiam
2148 766 2386 823 fortasse
2437 768 2667 838 angelis,
2703 770 2800 838 qui
2844 770 3231 825 ministrabant
3290 773 3393 844 ipsi
3450 775 3503 829 in

1932 860 2281 927 procuranda
2325 861 2614 914 hominum
2662 862 2860 917 salute.
2890 861 3134 934 Denique
3164 865 3503 921 observanda

1930 957 2017 1004 est
2055 959 2403 1006 mortuorum
2454 952 2794 1019 differentia;
2836 968 3075 1024 namque
3124 957 3214 1010 alii
3258 960 3501 1013 nondum

1930 1039 2095 1096 domo
2147 1043 2278 1097 eiati
2344 1042 2586 1108 fuerant,
2637 1053 2704 1099 ut
2765 1044 2900 1099 Jairi
2953 1047 3071 1101 ‘lllia
3103 1065 3117 1101 :
3149 1050 3240 1105 alii
3295 1051 3361 1105 ad
3413 1068 3504 1108 se-

1930 1133 2181 1202 pulcrum
2209 1135 2324 1203 jam
2356 1136 2739 1205 portabantur,
2760 1144 2825 1190 ut
2852 1136 3004 1193 ﬁ'lius
3036 1140 3212 1196 vidum
3242 1160 3255 1195 :
3287 1143 3380 1197 alii
3409 1142 3504 1198 de-

1927 1221 2095 1292 nique
2131 1223 2245 1293 jam
2282 1224 2345 1277 iu
2378 1234 2738 1281 monumento
2771 1227 3049 1298 jacebant.
3086 1240 3139 1286 et
3169 1234 3386 1301 quidem
3418 1244 3503 1290 ta-

1928 1308 2232 1366 bescentes.
2259 1310 2364 1367 Sed
2398 1313 2732 1373 iut‘eliciores
2777 1322 2989 1377 caeteris
3021 1333 3174 1388 sunt,
3202 1327 3294 1394 qui
3328 1327 3419 1382 diu
3443 1328 3502 1384 in

1924 1401 2198 1470 sepulcris
2226 1402 2589 1458 demorantur
2617 1405 2717 1477 (Ξ).

1996 1491 2090 1558 XI,
2133 1494 2222 1548 ιιι.
2260 1493 2311 1546 F
2313 1497 2452 1550 acies
2481 1497 2593 1566 ejus
2617 1500 2833 1555 sudario
2863 1512 2978 1556 erat
3006 1506 3190 1577 ligata.
3384 1570 3387 1573 _

1994 1584 2053 1639 In
2097 1596 2384 1656 peccatum
2429 1588 2592 1660 lapsi,
2619 1590 2868 1651 dedecus
2938 1597 3071 1653 inde
3119 1609 3497 1668 contractum,

1922 1676 2093 1732 veluti
2125 1679 2403 1749 quoddam
2429 1683 2698 1748 velamen,
2736 1687 2935 1756 animae
2968 1700 3171 1746 nostra:
3205 1693 3362 1750 faciei
3389 1696 3499 1752 cir-

1924 1770 2365 1841 cumposuimus,
2410 1779 2465 1826 et
2515 1775 2708 1829 mortis
2766 1777 2982 1847 laqueis
3033 1780 3231 1836 irretiti
3282 1800 3494 1844 sumus.

237 1862 474 1934 βρόχοις.
530 1864 700 1916 Ὅταν
727 1859 820 1916 οὖν
864 1864 1014 1933 ἡμᾶς
1070 1863 1208 1916 κατὰ
1236 1862 1326 1915 τὸν
1352 1864 1452 1932 τῆς
1480 1861 1825 1925 ἀναστάσεως

1929 1858 2065 1913 Cum
2102 1860 2273 1931 igitur
2307 1877 2407 1919 nos
2442 1863 2592 1919 circa
2626 1873 2845 1937 tempus
2876 1874 3302 1930 resurrectionis
3327 1892 3496 1931 emo-

222 1955 425 2024 ¹καιρὸν
465 1954 572 2008 τῶν
611 1957 720 2010 ἀπὸ
761 1957 865 2026 γῆς
912 1956 1213 2026 μνημάτων
1255 1955 1454 2022 ἐξοίσει
1501 1957 1530 2009 ό
1558 1955 1811 2027 Χριστὸς,

231 2044 355 2097 τότε
379 2044 464 2114 δὴ,
490 2045 634 2109 τότε,
662 2044 771 2099 τῶν
799 2047 857 2097 ὲν
889 2046 1029 2116 ἀρχῇ
1058 2044 1340 2107 ἀπολύσας
1374 2043 1579 2110 κακῶν,
1609 2045 1705 2097 καὶ
1722 2060 1816 2096 πε-

222 2134 466 2205 -ριαιρῶν
479 2135 682 2205 τρόπον
699 2135 820 2189 τινὰ
839 2135 940 2206 τῆς
961 2135 1222 2206 αἰσχύνης
1241 2136 1301 2188 τὸ
1326 2135 1611 2206 κάλυμμα,
1629 2134 1814 2189 λοιπὸν

235 2223 533 2295 ἐλευθέρως
559 2224 801 2278 ἀνεῖσθαι
826 2226 1036 2279 κελεύει
1056 2265 1072 2291 ,
1112 2226 1210 2296 ούχ
1240 2225 1485 2297 ἁμαρτίᾳ
1518 2241 1813 2303 τυραννου-

242 2314 467 2382 μένους,
506 2316 605 2384 οὐχ
647 2316 1038 2384 ὑποκειμένους
1065 2321 1134 2388 τῇ
1167 2318 1377 2388 φθορᾷ,
1404 2316 1438 2388 ἢ
1466 2316 1673 2387 ἑτέροις
1702 2315 1813 2393 τισὶ

114 2464 119 2469 Δ
231 2404 454 2458 ἐἰωθόσι
497 2404 732 2468 κακοῦν,
773 2406 856 2470 ὼς
882 2407 1217 2478 πληροῦσθαι
1256 2410 1314 2461 ὲν
1346 2410 1480 2479 ἡμῖν
1508 2407 1569 2461 τδ
1593 2407 1662 2461 δι’
1692 2407 1813 2471 ἑνὸς

240 2496 347 2549 τῶν
370 2497 542 2565 ἀγίων
563 2496 856 2568 προφητῶν
886 2498 1175 2569 εἰρημένον
1194 2516 1207 2530 ·
1231 2518 1250 2551 ι
1286 2497 1683 2565 Ἐξελεύσεσθε,
1716 2499 1811 2553 καὶ

236 2590 559 2660 σκιρτήσετε
578 2590 653 2653 ὡς
677 2592 949 2662 μοσχάρια
976 2592 1040 2643 ὲκ
1063 2590 1274 2661 δεσμῶν
1295 2592 1578 2663 ἀνειμένα.
1604 2613 1625 2646 ι

299 2679 542 2745 Λύσατε
574 2679 762 2733 αὐτὸν
789 2680 886 2733 καί
927 2680 1110 2749 ἄφετε
1144 2681 1417 2751 ὑπάγειν.

296 2763 596 2835 Χρησίμως
620 2762 716 2820 οὖν
755 2767 844 2820 διά
873 2766 1073 2838 χειρῶν
1109 2769 1325 2823 οἰκείων
1372 2770 1672 2844 ἐπέτρεψεν
1711 2775 1810 2830 αύο

222 2856 342 2918 τοῖς
369 2854 527 2910 λῦσαι
556 2858 720 2911 αὐτὸν
740 2896 755 2921 ,
799 2859 887 2912 ῖνα
927 2862 1200 2931 μηδεμίαν
1232 2862 1407 2933 ἔχοιεν
1445 2868 1809 2937 συκοφαντίας

223 2946 509 3019 ἀφορμὴν,
556 2949 692 3002 ἀλλά
746 2950 1022 3023 μάρτυρες
1056 2947 1163 3006 ὦσι
1203 2954 1299 3007 τοῦ
1345 2955 1643 3027 θαύματος.
1697 2960 1807 3014 Καὶ

220 3037 381 3091 ⁴σοῦ-,το
406 3039 462 3092 δὲ
500 3040 614 3110 ἔχει
636 3040 836 3112 δεῖγμα
868 3044 967 3114 τῆς
996 3044 1291 3115 καθολικῆς
1323 3048 1692 3115 ἀναστάσεως,
1715 3051 1804 3104 ὅτε

217 3126 487 3211 λυομένης
508 3130 609 3200 τῆς
646 3133 924 3203 ἁμαρτίας
950 3136 1043 3187 καὶ
1066 3134 1167 3205 τῆς
1193 3135 1286 3188 τοῦ
1317 3134 1550 3191 θανάτου
1577 3138 1800 3211 φθορᾶς,

219 3202 505 3290 ἐλεύθερος
543 3222 764 3290 ἀφίεται
810 3222 1062 3287 ἕκαστος.
1123 3202 1408 3290 ’Πεσόντες
1449 3228 1559 3299 γάρ
1588 3202 1692 3300 ⁷(ίί
1724 3202 1804 3294 είς

215 3310 513 3381 ἁμαρτίαν,
551 3313 805 3387 καθάπερ
831 3332 885 3369 τι
914 3316 1179 3387 κάλυμμα
1211 3319 1314 3389 τὴν
1337 3320 1586 3375 ἐντεῦθεν
1613 3323 1805 3394 αἰσχύ-

216 3417 317 3469 νην
357 3402 435 3472 τῷ
477 3404 579 3474 τῆς
622 3403 799 3476 ψυχῆς
855 3406 1133 3478 προσώπῳ
1178 3410 1668 3482 περιτεθείκαμεν,
1709 3416 1803 3468 καὶ

212 3493 329 3554 τοῖς
361 3493 455 3546 τοῦ
495 3495 726 3549 θανάτου
773 3486 1296 3571 καταδεσμεύθημεν
1345 3501 1581 3574 βρόχοις.
1636 3505 1802 3559 Ὅταν

210 3574 308 3633 οὖν
340 3584 489 3651 ἡμᾶς
529 3585 671 3637 κατά
699 3586 789 3638 τὸν
819 3587 920 3656 τῆς
949 3588 1300 3653 ἀναστάσεως
1331 3590 1524 3661 καιρόν
1559 3593 1666 3645 τῶν
1690 3578 1802 3648 ἀπὸ

208 3673 322 3745 γῆς
356 3677 655 3745 μνημάτων
674 3676 857 3747 ἐξοίσῃ
880 3680 1140 3748 Χριστὸς,
1157 3681 1277 3733 τότε
1309 3683 1404 3735 καὶ
1429 3682 1538 3734 τῶν
1560 3684 1802 3755 ἀρχαίων

206 3758 500 3822 ἀπολύσας
553 3760 768 3824 κακῶν,
828 3764 923 3817 καὶ
973 3766 1239 3836 περιελὼν
1291 3769 1495 3839 τρόπον
1539 3773 1661 3826 τινὰ
1704 3775 1803 3846 τῆς

205 3849 485 3921 αἰσχύνης
535 3853 597 3905 τὸ
636 3854 934 3925 κάλυμμα,
982 3856 1167 3913 λοιπὸν
1220 3861 1523 3932 ἐλευθέρως
1561 3864 1800 3921 ἀνεῖσθαι

207 3941 491 4006 κελεύσει,
513 3944 611 4013 οὐχ
643 3945 1035 4016 ὑποκειμένους
1059 3953 1124 4021 τῇ
1147 3950 1321 4024 φθορᾷ
1337 3955 1431 4006 καὶ
1453 3958 1562 4020 τοῖς
1585 3957 1798 4013 εἰωθόσι

201 4037 404 4096 κακοῖς
439 4051 451 4063 ·
484 4036 567 4099 ,ὠς
612 4037 950 4110 πληροῦσθαι
997 4043 1056 4094 ὲν
1102 4045 1234 4113 ἡμῖν
1287 4046 1349 4099 τὸ
1400 4046 1469 4101 δι’
1518 4049 1637 4113 ἐνὸς
1685 4051 1796 4106 τῶν

200 4126 509 4196 προφητῶν
530 4128 823 4198 εἰρημένον
844 4146 858 4160 '
892 4150 911 4183 ι
934 4132 1334 4201 Ἐξελεύσεσθε,
1357 4139 1451 4191 καὶ
1472 4143 1795 4213 σκιρτήσετε

202 4217 283 4278 ὡς
318 4219 590 4288 μοσχάρια
620 4221 683 4273 ὲκ
710 4221 924 4291 δεσμῶν
950 4222 1226 4293 ἀνειμένα.
1261 4245 1280 4278 ι
1312 4228 1572 4298 Λάμσανε
1600 4233 1656 4286 δέ
1688 4249 1778 4303 μοι

199 4307 266 4359 τὸ
292 4306 483 4374 θαῦμα
508 4311 603 4362 καὶ
626 4311 721 4363 ἐπὶ
744 4312 813 4365 τὰ
838 4314 1011 4377 ἐντός.
1038 4315 1101 4368 Εἰ
1128 4316 1235 4386 γὰρ
1258 4320 1287 4371 ὁ
1312 4319 1436 4383 νοῦς
1459 4322 1616 4391 ἡμῶν
1639 4323 1777 4375 ἀπο-

200 4397 360 4451 θάνοι
388 4399 462 4461 ώς
485 4399 754 4471 Λάζαρος,
777 4403 859 4456 δεῖ
884 4405 1021 4473 μετὰ
1041 4405 1502 4479 ὲξομολογήσεως,
1526 4411 1601 4474 ώς
1624 4412 1779 4483 Μάρ-

195 4486 299 4536 θαν
330 4483 431 4535 καὶ⁸
459 4485 696 4555 Μαρίαν,
737 4490 836 4560 τὴν
867 4493 1057 4565 ὑλικὴν
1104 4497 1282 4569 σάρκα
1320 4501 1413 4552 καὶ
1452 4503 1552 4573 τὴν
1586 4520 1783 4575 σεμνο-
1818 4526 1847 4575 “-

192 4575 367 4645 τέραν
400 4576 580 4648 ψυχὴν
621 4583 935 4650 προσελθεῖν
973 4585 1050 4657 τῷ
1081 4589 1302 4660 Χριστῷ
1341 4592 1435 4645 καὶ
1463 4596 1778 4664 παρακαλέ-

191 4684 321 4719 σαι·
374 4667 471 4721 καὶ
527 4670 585 4733 ὃς
630 4672 887 4740 ἐπιστὰς,
936 4677 1038 4748 τὴν
1086 4681 1435 4753 ἐπικειμένην
1479 4687 1544 4755 τῇ
1588 4688 1777 4759 μνήμῃ

187 4758 431 4829 ἀρθῆναι
486 4760 732 4816 κελεύσει
771 4764 1069 4837 πώρωσιν,
1122 4771 1216 4822 καὶ
1261 4776 1501 4841 φωνήσει
1566 4758 1779 4850 μεγάλη

187 4852 340 4920 φωνῇ
378 4850 485 4920 τῆς
526 4853 888 4927 εὐαγγελικῆς
926 4858 1226 4929 σάλπιγγος
1252 4879 1266 4892 ·
1301 4862 1472 4933 Δεῦρο
1514 4865 1619 4930 ἔξω
1669 4868 1778 4921 τῶν

183 4941 279 4993 τοῦ
318 4942 536 5012 κόσμου
556 4948 953 5018 περισπασμῶν
975 4967 987 4979 ο
1021 4951 1114 5003 καὶ
1141 4951 1242 5014 τὰς
1276 4953 1461 5021 σειρὰς
1487 4955 1638 5010 λύσει
1668 4959 1777 5012 τῶν

183 5033 507 5102 ἁμαρτιῶν,
539 5032 679 5089 ὥστε
712 5036 970 5093 δύνασθαι
1009 5041 1277 5096 κινεῖσθαι
1316 5045 1600 5115 ἀραρότως
1639 5048 1776 5120 πρὸς

181 5126 414 5194 ἀρετήν.

250 5217 487 5271 Πολλοὶ
526 5212 641 5275 οὖν
679 5220 748 5274 ἐκ
777 5222 894 5276 τῶν
932 5225 1238 5280 Ἰουδαίων
1255 5226 1631 5284 ἐπίστευσαν
1680 5233 1768 5298 εὶς

175 5309 390 5361 αὐτόν.
1592 5304 1598 5309 ’

245 5397 340 5462 Τῷ
375 5398 672 5470 παραδόξῳ
712 5403 1023 5474 νικηθέντες
1075 5407 1260 5463 πολλοὶ
1308 5410 1761 5466 πεπιστεύκασινθ

240 5511 286 5545 ’⁵³
331 5511 576 5567 Malaclt.
621 5529 692 5580 tv,
723 5515 780 5570 2.

241 5628 331 5705 ιἸλ
348 5628 451 5682 Ed.
495 5647 512 5705 :_
529 5645 676 5705 Δϊτεσ.
706 5646 759 5705 γ,
784 5631 994 5705 εἰςᾲάμ.
1013 5634 1142 5705 Δτοῖς
1166 5630 1260 5705 τού
1292 5632 1523 5705 θανάτου
1551 5635 1773 5705 δεσμοῖς

175 5698 363 5772 {satis
375 5698 717 5772 σμεύθημενο
744 5698 986 5772 λάμύανε
1007 5701 1064 5755 δέ
1089 5719 1178 5770 μοι
1199 5702 1259 5755 τὸ
1285 5703 1612 5772 θαῦμα,καί,
1642 5698 1751 5760 etc.

177 5764 500 5839 Supplctutu
528 5764 846 5825 t-i‘Macario
870 5770 959 5826 fol.
984 5764 1111 5836 585‘,
1131 5787 1220 5842 ap.
1247 5772 1349 5828 Mai
1385 5764 1419 5827 l'.
1458 5764 1494 5828 I.
1539 5764 1742 5844 p.155.

1918 1952 2204 2008 numentis
2236 1954 2490 2010 extrahet
2517 1954 2801 2021 Christus,
2826 1965 2963 2015 tunc
2990 1971 3139 2016 certe
3171 1974 3495 2037 repurgatos

1921 2057 2023 2099 nos
2052 2042 2132 2099 'ab
2167 2047 2400 2118 antiqua
2454 2049 2598 2115 labe,
2632 2050 2889 2107 detracto
2927 2055 3237 2113 velamento
3291 2062 3492 2116 liberos

1920 2133 2002 2189 ire
2035 2135 2277 2205 iubebit,
2311 2154 2419 2193 non
2449 2141 2724 2197 obnoxios
2758 2146 2970 2213 peccati
3008 2149 3285 2217 tyrannidi
3317 2167 3492 2221 neque

1919 2230 2286 2299 corruptioni,
2314 2230 2548 2302 aliisque
2581 2233 2740 2289 malis
2780 2234 3063 2291 interitum
3109 2238 3487 2304 aﬂcreutibus,

1919 2317 1995 2372 ita
2031 2329 2089 2375 ut
2119 2320 2173 2375 in
2206 2320 2365 2395 nobis
2395 2322 2692 2392 impleatur
2737 2326 2885 2395 quod
2924 2327 2992 2381 ab
3022 2344 3132 2383 uno
3172 2340 3487 2387 sanctorqu

1918 2412 2309 2481 prapltetarum
2364 2413 2571 2469 dictum
2632 2424 2712 2472 est
2751 2437 2766 2473 :
2808 2436 2827 2469 ι
2868 2418 3257 2489 Egretliemin'r,
3292 2434 3345 2479 et
3395 2439 3489 2482 sa-

1915 2502 2066 2560 lictis
2113 2505 2258 2561 sicut
2288 2506 2441 2577 parvi
2482 2508 2637 2563 vituli
2670 2510 2911 2567 vinculis
2944 2514 3179 2567 exsoluti
3203 2517 3267 2568 δ’.
3302 2534 3324 2567 ι

1986 2676 2077 2742 XI,
2115 2678 2206 2733 M.
2232 2656 2581 2733 Soluite’cum
2598 2689 2653 2733 et
2679 2681 2837 2735 sinite
2864 2681 3029 2739 abire.
3402 2746 3407 2751 ,
3458 2754 3465 2763 _

1991 2766 2207 2823 Utiliter
2254 2770 2427 2840 igitur
2482 2772 2601 2825 suis
2637 2787 2734 2827 eos
2777 2775 3035 2831 inanibus
3075 2776 3289 2833 solvere
3332 2777 3484 2835 illum

1915 2858 2195 2929 permisit,
2223 2876 2294 2913 ne
2331 2860 2500 2914 ullam
2534 2860 2799 2915 haberent
2828 2864 3118 2919 calumnia)
3152 2882 3361 2931 ansam,
3389 2870 3485 2924 sed

1913 2949 2172 3004 miraculi
2210 2957 2382 3005 testes
2436 2950 2640 3006 forent.
2677 2951 2848 3022 quue
2892 2953 3348 3022 signiﬁcationem
3385 2958 3485 3012 ha-

1913 3039 2006 3095 bet
2038 3040 2370 3096 universalis
2403 3043 2857 3107 resurrectionis,
2890 3044 3112 3114 quando
3147 3048 3329 3102 soluto
3354 3063 3483 3117 pec-

1912 3138 2037 3183 cato
2097 3136 2154 3183 et
2220 3132 2415 3185 mortis
2470 3133 2856 3201 corruptione,
2902 3139 3282 3206 unusquisque
3346 3140 3483 3195 liber

1831 3201 2221 3275 Cdimittitur.
2273 3221 2409 3275 Cum
2473 3223 2621 3276 enim
2690 3226 2744 3277 in
2805 3201 3093 3296 peccatum
3146 3201 3479 3295 incidimus.

1906 3314 2261 3386 ignominiam
2304 3316 2434 3373 inde
2474 3329 2808 3387 manantem,
2840 3337 2939 3377 ceu
2993 3324 3265 3392 quoddam
3297 3325 3478 3378 velum

1905 3408 2104 3463 animae
2131 3418 2334 3463 nostrae
2365 3409 2524 3465 faciei
2554 3412 2902 3477 obducimus,
2929 3422 2983 3468 et
3015 3416 3207 3469 mortis
3241 3417 3478 3473 vinculis

1904 3499 2214 3569 alligamur.
2248 3501 2383 3556 Cum
2421 3510 2603 3557 autem
2642 3520 2743 3558 nos
2775 3507 3203 3563 resurrectionis
3231 3516 3478 3579 tempore

1903 3604 1934 3643 e
1962 3599 2125 3645 terrae
2159 3595 2533 3648 monumentis
2556 3594 2754 3649 educet
2774 3596 3050 3663 Christus,
3073 3608 3202 3652 tunc
3230 3601 3475 3669 antiquis

1904 3683 2203 3751 expediens
2233 3684 2415 3749 malis,
2433 3685 2843 3756 detrahensque
2876 3689 3282 3756 quodammodo
3317 3691 3472 3761 igno-

1903 3773 2086 3828 minia:
2113 3775 2319 3838 velum,
2338 3777 2597 3845 posthinc
2624 3778 2830 3835 liberos
2860 3781 3014 3835 abire
3040 3780 3273 3850 jubebit,
3294 3798 3472 3854 neque

1900 3864 2110 3932 peccati
2147 3864 2383 3919 ulterius
2435 3866 2728 3935 tyrannide
2767 3882 3014 3937 pressos,
3053 3883 3231 3938 neque
3276 3872 3470 3924 corru-

1900 3954 2073 4025 ptioni
2114 3956 2369 4012 subditos
2417 3966 2511 4011 aut
2544 3962 2827 4015 consuetis
2865 3960 3026 4015 malis
3058 3976 3072 4013 :
3108 3968 3168 4015 ut
3220 3960 3471 4031 perﬁcia-

1899 4056 1991 4103 tur
2027 4049 2082 4102 in
2130 4050 2288 4105 nobis
2335 4049 2546 4105 dictum
2586 4053 2715 4107 olim
2775 4054 2843 4107 ab
2888 4070 2999 4108 uno
3048 4068 3079 4108 ο
3135 4055 3416 4124 prophetis
3449 4073 3466 4108 :
3526 4122 3547 4140 χ

1903 4153 1923 4186 ς
1960 4135 2347 4207 Egrediemini,
2375 4148 2431 4193 et
2467 4150 2726 4209 tanquam
2758 4144 2916 4198 vituli
2961 4146 3175 4200 salictis
3229 4147 3468 4203 vinculis

1897 4228 2151 4281 resoluti.
2208 4247 2226 4279 ι
2294 4230 2664 4287 Accommoda
2734 4235 2867 4288 mihi
2916 4238 3081 4290 etiam
3140 4239 3465 4292 miraculum

1895 4319 1962 4371 ad
1989 4319 2149 4389 691
2195 4320 2484 4376 interiora.
2520 4323 2580 4378 Si
2607 4327 2757 4379 enim
2794 4342 2947 4381 mens
2977 4340 3161 4383 nostra
3204 4340 3463 4400 tanquam

1893 4407 2137 4464 Lazarus
2196 4421 2410 4466 mortua
2479 4415 2579 4480 sit,
2645 4425 2891 4486 Oportet‘
2929 4436 3054 4473 eum
3115 4421 3465 4478 confessione

1893 4506 2091 4557 molem
2147 4506 2338 4561 carnis
2370 4508 2738 4574 materialem,
2767 4519 2824 4564 et
2857 4512 3313 4568 venerabiliorem
3344 4514 3464 4567 ani-

1890 4608 2053 4653 mam.
2093 4603 2357 4663 tanquam
2398 4596 2666 4652 Martham
2705 4610 2757 4654 et
2792 4600 3049 4666 Mariam,
3097 4604 3359 4660 accedere
3391 4604 3460 4657 ad

1885 4684 2165 4740 Christum
2208 4694 2262 4739 et
2311 4686 2600 4756 deprecari
2638 4711 2650 4744 :
2686 4699 2740 4744 et
2784 4691 2879 4747 ille
2908 4700 3099 4749 astans
3147 4694 3458 4765 impositam

1884 4779 2167 4833 memoriae
2206 4778 2324 4832 tolli
2355 4779 2574 4848 jubebit
2600 4781 2860 4837 duritiem
2894 4799 2958 4838 ac
2990 4785 3216 4849 callum,
3247 4793 3301 4838 et
3341 4784 3457 4837 cla-

1885 4868 2057 4921 mabit
2104 4882 2299 4937 magna
2339 4872 2668 4941 evangelicae
2706 4873 2849 4927 tubae
2885 4889 3017 4929 voce
3057 4895 3070 4930 :
3117 4874 3233 4929 Huc
3275 4876 3456 4929 venite

1883 4968 2037 5013 extra
2083 4960 2273 5013 mundi
2311 4959 2703 5019 distraetiones
2739 4982 2752 5018 :
2788 4975 2843 5019 et
2866 4966 3047 5021 solvet
3101 4973 3451 5035 peccatorum

1881 5061 2129 5115 catenas,
2170 5052 2244 5105 ita
2281 5059 2341 5106 ut
2381 5053 2657 5123 possimus
2702 5056 2911 5111 moveri
2958 5056 3347 5111 convenienter
3381 5055 3451 5110 ad

1878 5142 2159 5197 virtutem.

1950 5230 2048 5297 XI,
2108 5232 2194 5286 45.
2257 5231 2420 5287 Multi
2463 5250 2584 5304 ergo
2630 5251 2696 5288 ex
2753 5235 2957 5291 Judan's
3009 5236 3341 5290 crediderunt
3392 5237 3446 5292 in

1880 5338 2019 5376 eum.

1947 5413 2095 5467 Multi
2146 5413 2226 5468 rei
2282 5415 2527 5469 novitate
2573 5423 2629 5469 et
2684 5418 2953 5470 miraculo
3005 5417 3135 5471 victi
3184 5418 3436 5475 credide-

1953 5635 2553 5713 (2)Contemporanetzs
2616 5641 2818 5713 Cyrillo
2851 5642 3190 5709 Augustinus
3230 5650 3313 5713 pie
3342 5647 3438 5698 clo-
3530 5636 3540 5646 ’

1864 5714 2058 5774 cteque
2091 5720 2467 5775 argumentqu
2491 5712 2591 5762 hoc
2616 5711 2682 5763 de
2707 5711 2881 5765 tribus
2908 5716 3138 5765 mortuis
3158 5730 3184 5764 a
3210 5711 3438 5767 Domino

1859 5776 2138 5832 suscitatis
2176 5784 2373 5832 tractat
2419 5793 2674 5834 sermone
2711 5795 2895 5846 κονίει,
2938 5783 3020 5836 ed.
3058 5781 3232 5834 λίμνη.
