4106 6262
359 392 432 448 69
1140 354 1145 359 ’
1202 388 1271 443 IN
1301 386 1640 444 JOANNEM.
1682 417 1750 428 -
1806 386 1936 443 LIB.
1983 380 2074 441 vn
2110 385 2197 440 ET
2228 385 2339 441 V'lll
2384 383 2833 439 FRAGMENTA.
3545 388 3641 441 ro.

369 505 670 561 Ἀπώλειαν
708 507 765 561 δὲ
795 507 887 561 τοῦ
922 507 1105 572 εθνους
1157 508 1332 571 καλεῖ,
1372 511 1433 562 τὸ
1466 482 1573 563 ὕπο
1598 510 1757 580 χεῖρα
1786 508 1938 577 γενέ-

2055 523 2171 563 rcro
2209 507 2389 577 gentis
2422 507 2556 560 dicit
2589 508 2778 560 venire
2816 505 2919 561 sub
2970 511 3292 575 potestatem
3341 502 3614 560 Romano-

365 599 490 655 σθαι
516 600 614 670 τὴν
648 597 981 671 Ῥωμαϊκὴν,
1029 600 1124 654 καὶ
1159 600 1456 653 ἀπολέσθαι
1502 601 1601 671 τὴν
1642 599 1737 654 τοῦ
1768 601 1931 670 νόμου

366 690 522 744 σκιάν
549 705 563 718 ·
593 690 731 760 ὅπερ
784 690 1085 760 ἀνατρέψαι
1126 691 1448 762 ζητοῦντες,
1487 693 1806 763 ὑπέμειναν.
1843 690 1937 758 Ἐξ

364 780 565 850 ἀνόμου
601 781 699 851 μὲν
744 776 837 835 οὖν
881 778 1003 834 εἶπε
1048 780 1273 854 γνώμης
1314 785 1341 837 ὁ
1384 782 1641 853 Καϊάφας
1689 781 1717 836 ὃ
1762 779 1934 848 εἶπεν,

362 871 509 938 ὅμως
539 872 566 923 ό
603 870 758 939 λόγος
808 872 998 941 γέγονε
1046 874 1374 945 πράγματος
1403 874 1636 945 ἀληθοῦς
1669 875 1938 946 ἑρμηνευ-

361 962 545 1024 τικος,
581 962 656 1026 ὡς
685 965 742 1015 ἐν
785 964 937 1030 τάξει
974 964 1411 1037 προίσῖενεχθεὶς
1442 967 1798 1039 προφητείας.
1850 968 1938 1031 Ὠς

362 1050 470 1122 γὰρ
503 1051 723 1120 γέγονεν
766 1053 940 1131 αἴτιος
981 1055 1204 1123 ἀγαθῶν
1233 1057 1261 1108 ό
1287 1056 1380 1109 τοῦ
1409 1056 1647 1127 Χριστοῦ
1688 1056 1937 1121 θάνατος,

365 1148 746 1212 προαναφωνεί
793 1145 968 1213 λέγων
998 1144 1028 1198 ὃ
1078 1145 1181 1200 οὐκ
1234 1142 1368 1211 οἵδε,
1421 1148 1517 1201 καὶ
1562 1146 1805 1214 δοξάζων
1848 1148 1940 1201 τὸν

366 1234 498 1287 θεὸν
524 1234 597 1298 ὡς
619 1238 649 1289 ό
675 1236 908 1307 Βαλαὰμ
947 1236 1088 1290 κατὰ
1132 1238 1398 1308 ἀνάγκην,
1444 1238 1671 1308 ἐπείπερ
1699 1235 1769 1309 ἦν
1802 1237 1940 1308 ἔχων

368 1324 427 1377 τὸ
478 1327 747 1396 ἱερατικὸν
781 1327 1021 1399 ἀξίωμα,
1071 1328 1147 1392 ὡς
1194 1329 1295 1382 οὐκ
1350 1329 1498 1399 αὐτῷ
1545 1327 1792 1398 δοθείσης
1839 1328 1941 1398 τῆς

369 1421 727 1489 προφητείας.
781 1419 919 1475 ἀλλὰ
950 1421 1026 1491 τῷ
1058 1422 1157 1491 τῆς
1204 1420 1504 1493 ἱερωσύνης
1545 1423 1811 1495 χρίσματι
1832 1416 1938 1496 Tal.

371 1509 632 1582 σχήματι]
666 1526 680 1540 ο
716 1512 832 1582 ἢτοι
858 1511 926 1578 ἐξ
953 1506 1029 1565 ὧν
1055 1511 1277 1582 ὕστερον
1307 1512 1376 1566 τὰ
1420 1514 1693 1585 εἰρημένα
1723 1515 1943 1581 γέγονεν

371 1600 474 1653 ὑπὸ
528 1600 621 1654 τοῦ
675 1602 898 1670 Καῖάφα
949 1603 1043 1656 καὶ
1079 1603 1282 1674 ἀπέϐη,
1316 1604 1379 1657 οὐ
1426 1605 1643 1669 πάντως
1688 1604 1944 1670 λαϐόντος

373 1691 715 1763 προφητικὴν
743 1695 925 1765 χάριν.
985 1692 1145 1760 Εἰκὸς
1186 1699 1294 1768 γὰρ
1331 1696 1412 1751 ὅτι
1463 1697 1492 1751 ὂ
1537 1698 1759 1751 λαλοῦσι
1800 1714 1945 1763 τινες

370 1784 597 1853 γίνεται·
633 1787 682 1838 εί
721 1788 815 1839 καὶ
844 1788 919 1857 μὴ
947 1789 1145 1854 ειδότες
1180 1790 1262 1843 ὅτι
1294 1790 1513 1854 πάντως
1538 1791 1712 1856 ἔσται,
1750 1791 1943 1845 λαλοῦν-

372 1889 475 1927 σιν.
514 1875 572 1928 Ὃ
631 1874 731 1944 μὲν
794 1873 888 1930 οῦν
944 1879 1200 1948 Κὰῖάφας
1265 1881 1404 1952 ὑπὲρ
1461 1881 1636 1951 μόνων
1678 1881 1945 1935 Ἰουδαίων

2040 614 2161 654 rum
2184 639 2200 663 ,
2244 605 2295 651 et
2332 597 2517 667 perire
2551 597 2801 651 umbram
2840 596 2977 667 legis
3001 636 3015 657 .
3052 595 3197 665 quod
3237 605 3485 649 avertere
3516 613 3613 649 en-

2044 692 2256 760 pientcs
2279 731 2293 754 ,
2330 690 2713 744 incurrerunt.
2752 686 2816 742 Et
2850 689 3071 759 quidem
3108 703 3173 743 ex
3209 689 3400 764 iniqua
3431 699 3617 743 mente

2044 783 2260 837 locutus
2295 788 2382 837 est
2415 780 2660 851 Caiphas
2714 781 2857 849 quod
2917 782 3135 835 locutus
3188 789 3318 848 est;
3372 788 3614 833 attamen

2044 884 2228 927 sermo
2252 872 2371 940 ejus
2405 871 2485 926 rei
2516 885 2659 925 verae
2708 871 2980 940 interpres
3032 872 3282 933 exstitit,
3330 872 3498 925 relati
3559 871 3613 923 in

2040 965 2237 1019 ordine
2288 964 2589 1034 prophetia:
2643 964 2983 1018 enuntiatus.
3048 960 3202 1029 Quod
3260 962 3405 1016 enim
3467 975 3616 1015 mors

2041 1056 2256 1112 Christi
2291 1060 2562 1111 bonorum
2604 1070 2770 1111 causa
2810 1054 2952 1119 fuit,
2996 1055 3249 1125 prmdixit
3289 1056 3522 1124 loquens
3563 1050 3615 1107 id

2048 1150 2193 1219 quod
2235 1149 2528 1219 ignorabat
2570 1156 2625 1202 et
2668 1147 2956 1202 Dominum
3002 1147 3350 1217 gloriﬁcans,
3402 1155 3455 1200 ut
3516 1146 3617 1198 Ba-

2046 1241 2189 1294 laam
2218 1239 2287 1306 ⁸⁸,
2321 1253 2387 1295 ex
2420 1239 2785 1305 necessitate,
2823 1238 3083 1309 quoniam
3115 1239 3408 1293 sacerdotii
3442 1237 3619 1302 digni-

2047 1338 2215 1384 tatem
2249 1330 2567 1392 obtinebat,
2602 1344 2712 1384 non
2745 1337 3009 1399 tanquam
3047 1329 3095 1383 ei
3129 1327 3253 1382 data
3278 1326 3572 1398 prophetia
3597 1368 3614 1390 ,

2046 1422 2145 1478 sed
2195 1422 2487 1477 sacerdotii
2528 1421 2855 1476 iunctione:
2905 1421 3022 1476 sive
3067 1423 3215 1490 quod
3266 1420 3615 1491 postmodum

2044 1528 2171 1582 qua:
2220 1513 2368 1567 dicta
2412 1512 2635 1568 fuerant
2660 1528 2688 1567 a
2711 1511 2919 1583 Caipha
2951 1521 3276 1574 evenerunt,
3312 1514 3410 1566 illo
3441 1512 3618 1569 inulla.-

2046 1617 2210 1660 tenus
2244 1604 2623 1675 propheticam
2652 1605 2887 1674 gratiam
2918 1604 3139 1673 adepto.
3166 1603 3616 1665 Consentaneum

2049 1704 2133 1753 est
2187 1697 2330 1751 enim
2380 1704 2445 1750 ut
2492 1696 2639 1766 quod
2689 1696 2911 1766 quidam
2964 1696 3267 1763 loquuntur
3317 1695 3411 1749 ﬁat
3444 1735 3458 1759 ,
3508 1695 3619 1750 etsi

2052 1789 2202 1843 nullo
2220 1788 2382 1843 modo
2412 1788 2593 1844 sciant
2619 1789 2765 1859 quod
2793 1789 3018 1842 omnino
3052 1788 3296 1841 futurum
3317 1788 3407 1842 sit.
3427 1786 3617 1839 Enim-

2049 1890 2181 1934 vero
2220 1878 2467 1950 Caiphas
2514 1880 2737 1934 dicebat
2786 1894 2885 1951 pro
2940 1878 3073 1935 solis
3119 1876 3326 1934 Judmis
3377 1877 3620 1932 futuram

372 1963 556 2033 ἔλεγεν
587 1965 806 2021 ἔσεσθαι
835 1968 926 2022 τὸν
950 1970 1190 2041 Χριστοῦ
1231 1960 1483 2035 θᾶνατον,
1518 1974 1546 2024 ὁ
1569 1972 1627 2025 δὲ
1659 1972 1802 2044 ὑπὲρ
1839 1974 1945 2027 πόε-

2055 1970 2251 2025 Christi
2288 1979 2520 2026 mortent
2549 1988 2562 2025 :
2602 1971 2695 2025 hic
2726 1985 2857 2025 vero
2890 1984 3016 2024 eum
3054 1971 3226 2026 fuisse
3259 1971 3330 2023 ait
3363 1985 3463 2040 pro
3492 1970 3622 2023 uni-

375 2074 474 2128 σης
506 2059 668 2112 αὐτόν
709 2077 843 2131 φησι
893 2062 1146 2129 γενέσθαι
1174 2063 1276 2134 τῆς
1315 2064 1751 2136 ἀνθρωπότητος.
1782 2064 1944 2128 Γένος

377 2147 476 2216 μὲν
519 2148 627 2218 γὰρ
672 2151 768 2204 καὶ
817 2151 981 2204 τέκνα
1026 2152 1167 2206 Θεοῦ
1216 2155 1461 2217 ἅπαντες
1510 2154 1942 2226 χρηματίζομεν,

379 2239 512 2292 καθὸ
540 2241 752 2294 πάντων
796 2243 914 2296 ἐστὶ
960 2246 1150 2314 Πατὴρ
1189 2246 1377 2316 τρόπῳ
1412 2245 1477 2315 δη
1487 2245 1789 2316 μιουργικῷ
1825 2261 1947 2314 γεν-

383 2330 573 2398 νήσας,
605 2333 698 2382 καὶ
750 2333 970 2401 ἀγαγὼν
1015 2334 1204 2406 ὥσπερ
1237 2338 1315 2400 είς
1348 2334 1582 2408 ὓπαρξιν
1615 2337 1683 2390 τὰ
1704 2337 1807 2390 οὐκ
1861 2337 1947 2390 δν-

383 2437 450 2471 τα
476 2419 573 2490 (1)·
606 2421 684 2474 ἔτι
732 2421 789 2475 δὲ
824 2424 919 2476 καὶ
953 2426 1036 2477 ὅτι
1082 2428 1202 2479 κατ’
1244 2427 1429 2480 εἰκόνα
1475 2427 1638 2480 αὑτοῦ
1684 2427 1949 2498 ἐτιμήθη-

389 2528 484 2579 μεν
523 2502 804 2578 γεγονότες
836 2512 894 2577 ἐξ
940 2515 1133 2587 ἀρχῆς,
1185 2517 1275 2569 καὶ
1324 2519 1509 2588 ἄρχειν
1552 2520 1807 2589 λαχόντες
1840 2519 1947 2572 τῶν

384 2601 476 2653 ἐπὶ
504 2603 627 2671 γῆς,
660 2605 751 2656 καὶ
780 2606 1011 2670 εὐτόνως
1039 2608 1137 2678 τὴν
1173 2609 1373 2680 ἀρετὴν
1409 2612 1785 2682 ἐργαζόμενοι.
1807 2610 1947 2663 ’Δλλ’

381 2693 704 2763 ἐσκόρπισεν
734 2699 762 2748 ό
790 2697 1052 2763 Σατανᾶς,
1091 2700 1151 2752 ὲν
1180 2699 1359 2771 ταυτῷ
1399 2705 1577 2772 μεῖναι
1613 2690 1688 2773 μὴ
1730 2720 1947 2775 συγχωρ

381 2785 572 2857 ρήσας,
605 2787 695 2839 καὶ
731 2789 1178 2862 ἁποϐουκολήσας
1203 2793 1555 2865 πολυτρόπως
1579 2796 1678 2864 τῆς
1706 2798 1788 2859 εἰς
1818 2796 1950 2849 Θεὸν

381 2874 737 2944 προσεδρείας
783 2878 873 2930 τὸν
924 2879 1230 2953 ἄνθρωπον·
1282 2886 1641 2954 συνεισήγαγε
1687 2886 1745 2939 δὲ
1789 2885 1951 2940 πάλιν

380 2966 474 3018 καὶ
507 2968 829 3037 συνεκόμισε
870 2971 1076 3034 πάντας
1111 2972 1198 3024 διὰ
1236 2973 1337 3043 τῆς
1370 2975 1605 3038 πίστεως
1647 2977 1676 3028 ό
1717 2976 1951 3045 Χριστὸς

381 3058 461 3119 είς
492 3056 618 3127 μίαν
647 3059 815 3129 αὐλὴν
839 3063 929 3113 καὶ
948 3060 1045 3132 τὴν
1061 3062 1407 3133 Ἐκκλησίαν,
1426 3067 1517 3118 καὶ
1546 3067 1652 3119 ὑπὸ
1675 3066 1837 3136 ζυγὸν
1856 3068 1954 3122 ἕνα

384 3148 785 3218 παρεσκεύασε,
823 3152 1040 3205 πάντων
1067 3152 1128 3206 ἓν
1148 3154 1474 3223 γεγονότων,
1513 3157 1801 3223 Ἰουδαίων,
1837 3158 1953 3211 Ἐλ-

383 3239 577 3311 λήνων,
614 3241 925 3313 βαρϐάρων,
978 3244 1220 3312 Σκυθῶν,
1254 3248 1350 3302 καὶ
1390 3250 1470 3311 είς
1521 3248 1832 3302 ἒνα’καινὺν
1858 3249 1953 3304 ἄν-

2051 2078 2213 2117 versa
2248 2063 2486 2117 humana
2523 2071 2744 2115 natura.
2791 2061 3001 2117 Etenim
3044 2077 3219 2132 genus
3268 2068 3321 2116 et
3377 2062 3474 2114 lilii
3516 2051 3655 2125 .Dei,

2051 2165 2246 2207 munes
2276 2152 2578 2205 audimus"
2610 2191 2624 2215 ,
2653 2159 2923 2220 quatenus
2953 2159 3037 2206 est
3066 2151 3309 2205 omnium
3340 2149 3501 2205 Pater
3528 2151 3621 2219 qui

2054 2258 2151 2313 per
2184 2243 2406 2297 modum
2439 2241 2654 2312 opiﬁcis
2674 2245 2886 2312 genuit,
2910 2251 2963 2296 et
2997 2234 3052 2297 in
3085 2243 3499 2297 subsistenttam
3537 2256 3623 2294 rc-

2054 2334 2209 2389 duxit
2234 2350 2297 2389 ea
2329 2349 2450 2403 qua:
2478 2349 2590 2388 non
2620 2342 2798 2389 erant.
2833 2335 3063 2404 Insuper
3094 2336 3221 2405 quia
3250 2334 3362 2404 jam
3398 2333 3524 2388 inde
3555 2334 3625 2386 ab

2054 2426 2217 2481 initio
2249 2424 2317 2479 ad
2353 2426 2648 2495 imaginem
2678 2426 2799 2496 ejus
2835 2422 2961 2480 lacti
2999 2425 3366 2494 honoratique
3397 2440 3621 2487 sumus,

2055 2518 2233 2571 sortiti
2266 2527 2531 2587 przcterea
2557 2518 2801 2570 omnium
2838 2532 2960 2585 quae
2991 2517 3045 2569 in
3077 2526 3220 2570 terra
3273 2524 3404 2570 sunt
3456 2516 3625 2584 impc-

2054 2606 2194 2660 t'ium
2223 2647 2237 2671 ,
2274 2615 2539 2675 rectoque
2573 2613 2765 2660 tenore
2805 2607 3065 2660 virtutem
3117 2614 3461 2663 etercentcs.
3519 2604 3624 2659 Sed

2055 2698 2348 2766 dissipavit
2379 2713 2478 2751 nos
2501 2698 2756 2762 Satanas,
2776 2698 2965 2751 eodem
2992 2703 3136 2752 statu
3169 2712 3489 2766 permanere
3516 2713 3625 2750 non

2057 2805 2260 2861 passus
2281 2830 2296 2854 ,
2330 2791 2611 2858 variisque
2642 2789 2859 2844 teclmis
2888 2797 2941 2843 et
2976 2788 3269 2843 fraudibus
3296 2829 3310 2853 ,
3356 2804 3423 2843 uc
3464 2793 3627 2842 homo

2058 2891 2324 2953 perpetuo
2369 2878 2478 2934 Deo
2512 2880 2852 2944 adhaereret,
2889 2880 3055 2934 evicit
3089 2899 3101 2934 :
3137 2897 3332 2935 rursus
3368 2899 3495 2935 vero
3525 2898 3627 2938 nos

2058 2972 2409 3042 congregavit
2440 2980 2495 3025 et
2526 2972 2770 3041 collegit,
2800 2988 2991 3028 omnes
3028 2972 3081 3026 in
3108 2990 3268 3027 unam
3302 2956 3525 3031 ‘caulam
3572 2983 3625 3027 et

2059 3056 2364 3111 Ecclesiam
2392 3053 2555 3129 693
2589 3074 2684 3127 per
2718 3060 2877 3112 ﬁdem
2910 3058 3171 3141 Christus
3203 3062 3522 3128 collocavit,
3551 3063 3626 3117 ita

2060 3156 2120 3201 ιιι
2150 3150 2342 3201 domes
2370 3149 2422 3201 in
2452 3162 2621 3202 unum
2655 3148 2783 3202 lacti
2827 3149 2938 3203 sint
2977 3147 3182 3217 Jmlati,
3242 3149 3449 3211 Graeci.
3499 3152 3629 3207 bar-

2062 3239 2180 3294 bari
2204 3279 2217 3300 .
2252 3238 2468 3310 Scytha:
2488 3281 2503 3305 ,
2532 3248 2586 3294 et
2614 3241 2670 3294 in
2698 3256 2867 3294 unum
2900 3256 3099 3295 novum
3132 3240 3414 3297 hominem
3452 3244 3598 3298 refor

384 3328 599 3401 θρωπον
648 3331 1163 3404 ἁναπλαττομὲνων,
1218 3336 1312 3389 καὶ
1364 3337 1812 3407 προσκυνούντων
1859 3338 1948 3391 ἕνα

2062 3331 2195 3385 mati
2230 3331 2300 3396 ",
2333 3339 2390 3387 et
2422 3346 2593 3386 unum
2625 3328 2795 3387 Deum
2833 3333 3082 3388 adorent.

383 3421 534 3474 Θεόν.

453 3517 565 3586 Οὐχ
596 3515 668 3579 ὡς
700 3515 776 3587 (2)
805 3514 947 3570 κατὰ
979 3516 1195 3588 πνεῦμα
1226 3519 1562 3589 προφητείας
1599 3519 1704 3573 ὑπὸ
1730 3520 1959 3589 Καῖάφα

384 3606 585 3679 ὲρῤἑθη
603 3624 617 3636 ’
648 3609 708 3660 οὐ
735 3609 844 3678 γὰρ
873 3610 934 3661 τὸ
964 3610 1183 3678 πνεῦμα
1210 3610 1271 3661 τὺ
1300 3611 1639 3680 προφητικὸν
1667 3612 1960 3683 ἐπιϐουλὴν

389 3697 671 3765 συνίστησι
699 3697 841 3750 κατὰ
873 3695 1143 3768 Χριστοῦ,
1184 3699 1326 3752 ἀλλὰ
1356 3701 1645 3775 κατάμτινα
1674 3704 1960 3775 συντυχίαν

390 3785 470 3855 τῷ
514 3786 706 3856 ἀληθεῖ
753 3788 845 3838 καὶ
891 3789 1242 3858 γενησομένῳ
1283 3773 1569 3860 πράγματι
1622 3773 1958 3865 συνδραμόνο

395 3875 744 3945 συγχωρηθὲν
778 3875 926 3945 αὐτῷ
955 3877 1053 3946 τῆς
1098 3877 1353 3947 τοιαύτης
1389 3878 1689 3948 ἐπιψαῦσαι
1729 3881 1849 3935 καθ’
1878 3883 1960 3936 ὅτι

392 3962 459 4039 ἦν
491 3966 804 4036 ἀρχιερεὺς,
861 3968 945 4020 ἵνα
974 3968 1062 4021 διὰ
1103 3967 1197 4022 τοῦ
1224 3969 1488 4039 στόματος
1532 3969 1698 4024 αὑτοῦ
1728 3974 1960 4044 φανερὸν

391 4057 617 4127 γένηται
642 4057 703 4110 τὸ
715 4061 1098 4130 κεκρυμμένον
1120 4061 1236 4124 τοῖς
1261 4060 1567 4133 ἀνθρώποις
1598 4063 1702 4126 ἕως
1720 4064 1846 4117 τότε
1866 4065 1961 4119 καὶ

388 4149 585 4221 ἁγνοού
593 4168 772 4220 μενον.

473 4241 589 4295 Ἀπ’
620 4243 862 4311 ἐκείνης
888 4239 1003 4299 οὖν
1040 4242 1149 4311 τῆς
1170 4242 1331 4313 ὥρας
1362 4246 1961 4311 συνεϐουλεύσαντο,

392 4335 492 4388 ἵνα
522 4332 958 4390 ἀποκτείνωσιν
988 4339 1195 4391 αὐτόν.

460 4423 620 4495 Εἶχον
652 4426 751 4497 μὲν
780 4427 888 4496 γὰρ
941 4426 1041 4496 τὴν
1081 4428 1373 4496 ἐπιθυμίαν
1415 4428 1515 4499 τῆς
1545 4430 1687 4483 κατὰ
1722 4428 1961 4499 Χριστοῦ

397 4516 729 4587 μιαιφονίας
765 4518 875 4570 ἀπὸ
900 4517 957 4570 δὲ
989 4516 1084 4569 τοῦ
1124 4518 1314 4589 καιροῦ
1347 4519 1471 4572 καθ’
1497 4520 1557 4572 ὃν
1598 4520 1660 4572 τὸ
1688 4520 1965 4591 συνέδριον

2128 3507 2248 3563 Non
2286 3507 2615 3579 prophetico
2646 3507 2849 3578 spiritu
2881 3506 3118 3578 Caiplias
3148 3507 3367 3564 locutus
3406 3518 3509 3572 est,
3536 3527 3629 3564 ne-

2059 3614 2165 3671 que
2215 3601 2362 3654 enim
2426 3598 2727 3668 prophetia:
2804 3600 3034 3668 spiritus
3108 3600 3338 3655 insidias
3406 3600 3630 3656 Christo

2060 3692 2260 3757 struit;
2295 3690 2394 3745 sed
2420 3703 2554 3744 casu
2581 3690 2823 3760 quodam
2850 3690 2905 3744 in
2942 3707 3054 3745 rem
3085 3705 3269 3745 veram
3303 3701 3356 3746 et
3388 3707 3510 3747 mox
3538 3693 3629 3746 fu-

2060 3791 2242 3836 turam
2305 3781 2776 3852 incurrit:eique
2831 3795 3165 3836 concessum
3224 3782 3326 3836 fuit
3382 3784 3439 3836 in
3492 3784 3632 3839 hanc

2060 3874 2448 3943 cogitationem
2502 3872 2711 3937 venire,
2757 3879 3036 3942 quatenus
3088 3872 3341 3943 pontifex
3389 3883 3529 3938 erat,
3567 3883 3630 3928 ut

2060 3980 2155 4021 ore
2201 3966 2321 4035 ejus
2360 3981 2448 4020 res
2481 3963 2800 4020 hominibus
2837 3964 3105 4020 hactenus
3146 3966 3363 4020 occulta
3394 3975 3447 4021 et
3472 3954 3631 4035 igne?

2061 4065 2180 4111 rata
2206 4057 2511 4128 pateﬁeret.

2132 4248 2204 4304 Xl
2228 4291 2242 4315 ,
2284 4251 2372 4305 55.
2405 4250 2483 4304 Ab
2511 4251 2603 4305 illo
2631 4268 2752 4322 ergo
2787 4252 2872 4306 dic
2905 4254 3296 4323 cogitaverunt,
3333 4266 3388 4309 ut
3426 4257 3632 4326 interﬁ-

2064 4354 2237 4397 cerent
2264 4360 2404 4399 eum.

2135 4435 2439 4492 lncesserat
2494 4436 2714 4506 quidem
2773 4437 2882 4492 illis
2914 4438 3119 4494 Christi
3155 4439 3442 4495 occidendi
3476 4442 3631 4513 cupi—

2068 4531 2216 4586 ditas
2246 4550 2260 4597 ;
2293 4530 2387 4586 sed
2420 4546 2483 4586 ea
2516 4532 2663 4586 velut
2694 4531 2916 4587 initium
2949 4533 3145 4588 habuit
3176 4536 3244 4591 ab
3273 4553 3339 4590 eo
3388 4548 3637 4606 tempore

394 4606 639 4678 γέγονεν,
666 4608 843 4678 ἀρχὴν
887 4608 1082 4679 ’ὥσπερ
1130 4608 1311 4674 ἔλαϐε,
1360 4610 1811 4680 δημοσιευθείσης
1860 4612 1948 4680 τῆς

2067 4638 2177 4692 quo
2222 4622 2513 4676 consilium
2564 4622 2760 4676 initum
2807 4633 2925 4688 est,
2977 4627 3221 4679 omnium
3271 4628 3472 4682 animis
3519 4640 3631 4682 tum

393 4701 647 4755 ἁπάντων
694 4701 774 4760 είς
835 4699 993 4752 τοῦτο
1053 4701 1432 4763 συναινέσεως.
1486 4703 1560 4755 Οὐ
1607 4702 1718 4773 γὰρ
1747 4698 1896 4754 εἶπεν
1933 4701 1948 4752 ί

2071 4714 2290 4767 demum
2338 4713 2391 4765 in
2448 4712 2551 4767 hoc
2598 4715 3067 4783 cormpirantibus.
3129 4716 3245 4771 Non
3300 4719 3443 4771 enim
3496 4719 3638 4773 dixit

392 4788 805 4858 εὐαγγελιστὴς,
856 4789 936 4842 ὅτι
983 4790 1078 4842 ἀπ’
1106 4791 1335 4859 ,ἐκείνης
1383 4793 1480 4863 τῆς
1519 4791 1668 4863 ὥρας
1715 4793 1964 4846 ὲϐουλεύ·

395 4900 555 4936 σαντο
610 4883 833 4953 ποιῆσαι
879 4883 969 4935 τὸν
1014 4883 1204 4951 φόνον,
1265 4882 1404 4935 ἀλλὰ
1453 4884 1958 4952 συνεϐουλεύσαντο,

393 4974 538 5027 τοῦτ’
569 4973 736 5040 ἐστιν,
767 4974 906 5044 ὅπερ
936 4973 1015 5045 τῷ
1043 4974 1167 5028 καθ’
1186 4974 1421 5028 ἕκαστον
1452 4975 1644 5041 ἐδόκει,
1674 4980 1825 5048 κοινῇ
1850 4979 1962 5030 πᾶ-

398 5080 479 5118 σιν
505 5065 721 5136 ἣρεσεν.

478 5156 685 5225 Ἐγγὺς
719 5155 787 5209 δὲ
830 5155 940 5224 τῆς
969 5156 1189 5226 ἐρήμου
1218 5157 1495 5225 διατρίϐει
1522 5156 1673 5226 μετὰ
1705 5157 1822 5210 τῶν
1847 5176 1962 5228 μα-

394 5246 609 5313 θητῶν.
1118 5249 1131 5261 “

465 5337 575 5389 Καὶ
599 5336 830 5392 ἐνταῦθα
844 5338 1024 5391 τοίνυν
1045 5340 1121 5401 ὡς
1158 5339 1427 5392 Ἰουδαίων
1448 5341 1740 5410 ὑποχωρεῖ,
1769 5342 1829 5393 οὐ
1853 5342 1963 5394 δει-

2069 4804 2407 4874 evangelista
2433 4842 2447 4867 ,
2481 4805 2549 4858 ab
2583 4805 2675 4858 illa
2713 4807 2845 4860 liora
2876 4823 2972 4863 eos
3004 4809 3168 4862 caedis
3211 4807 3476 4862 faciendae
3504 4824 3638 4863 con-

2069 4897 2251 4951 silium
2281 4895 2529 4965 cepisse,
2563 4897 2657 4951 sed
2691 4898 2854 4952 simul
2891 4908 2943 4953 et
2976 4902 3267 4954 universos
3306 4900 3374 4953 de
3416 4915 3477 4953 ea
3505 4916 3636 4955 con—

2068 4989 2308 5042 sultasse
2336 5004 2347 5039 :
2380 4988 2485 5041 hoc
2518 5000 2629 5052 est,
2666 4991 2811 5059 quod
2861 4992 3115 5060 privatim
3149 4992 3384 5061 singulis
3416 4991 3637 5047 videba-

2070 5085 2183 5138 tur,
2217 5078 2270 5131 in
2304 5093 2596 5133 commune
2627 5082 2883 5134 omnibus
2916 5081 3210 5150 placuisse.

2137 5168 2205 5221 XI
2229 5208 2243 5232 ,
2271 5169 2357 5222 54.
2394 5168 2563 5222 Juxta
2590 5170 2853 5223 desertum
2884 5188 2999 5224 vero
3022 5171 3160 5238 degit
3187 5188 3303 5224 cum
3334 5172 3634 5239 discipulis.

2139 5344 2200 5397 Et
2234 5346 2319 5398 hic
2351 5346 2570 5413 quidem
2602 5346 2807 5400 recedit
2847 5361 2875 5397 a
2903 5342 3105 5399 Judaeis
3127 5385 3141 5409 ,
3173 5354 3281 5400 non
3310 5348 3420 5401 ullo
3452 5334 3630 5414 metu,

467 5454 513 5485 "
550 5451 709 5506 Num.
782 5470 935 5518 xxw,
969 5456 993 5508 1
1034 5471 1152 5526 sqq.
1230 5456 1275 5487 "
1315 5456 1332 5508 Ι
1368 5454 1523 5510 Joan.
1563 5473 1656 5521 ιιι,
1694 5459 1743 5514 1.
1819 5462 1864 5493 ⁵¹
1895 5462 2092 5532 Ephes.
2130 5481 2195 5528 ιι,
2229 5462 2411 5516 iii-lli.

468 5623 545 5693 (1)
576 5619 699 5685 Ειι.,
725 5620 947 5693 ἀγαγὼν
978 5621 1166 5692 ὥσπερ
1187 5663 1202 5678 .
1230 5662 1246 5693 .
1269 5663 1282 5675 .
1315 5663 1328 5677 .
1358 5664 1370 5677 .
1402 5664 1414 5677 .
1448 5623 1516 5675 τὰ
1541 5623 1641 5674 οὐκ
1660 5620 1966 5693 ὄνταε-ριιιη

394 5689 592 5748 lacuna
639 5691 858 5759 punctis
908 5689 1186 5748 denotata.
1232 5692 1428 5749 Restit.
1458 5709 1523 5748 ex
1564 5699 1755 5746 catena
1788 5689 1963 5747 Vatic.

396 5779 487 5834 ap.
522 5763 622 5818 Mai
648 5762 805 5826 ibid.,
837 5776 888 5832 p.
926 5763 1045 5817 155.
1149 5810 1166 5826 ,

2149 5628 2222 5695 (9)
2257 5630 2376 5695 Οὐχ
2420 5626 2491 5691 ὡς
2526 5663 2538 5677 .
2569 5661 2581 5676 .
2608 5662 2620 5675 .
2655 5662 2666 5674 .
2689 5622 3109 5690 ἀγνοούμενον.
3137 5626 3215 5680 Ex
3233 5635 3422 5682 catena
3436 5620 3640 5690 Vatia,
3717 5616 3725 5623 ’

2078 5696 2168 5748 fol.
2203 5696 2321 5750 129.
