4106 6262
519 391 577 446 :4
657 351 662 356 ’
1049 366 1058 372 ’
1498 380 1555 434 s.
1597 378 1868 436 cvmm
1913 376 2382 432 ALEXANDRINI
2422 375 2744 432 ARC‘HIEP.
3698 375 3772 429 τε

513 504 609 564 sed
641 519 711 560 ne
741 503 994 560 videatur
1021 515 1115 558 eos
1151 499 1446 571 praesentia
1473 514 1572 553 sua
1597 501 1840 563 irritare,
1873 497 1984 566 jam
2017 497 2083 550 ad

2188 497 2401 560 λιάσας,
2433 492 2568 551 ἀλλὰ
2619 497 2705 552 ἵνα
2759 497 2832 567 μὴ
2879 495 3006 568 δόξῃ
3037 492 3314 567 ὅρώμενος
3356 493 3625 566 ἐρεθίζειν
3663 497 3760 550 αὕη

515 598 719 654 caedem
753 597 1032 652 incensos.
1067 593 1236 647 Docet
1261 591 1426 646 etiam
1462 605 1562 645 nos
1591 590 1785 645 cedere
1813 590 2087 643 iratorum

516 689 818 750 furoribus.
853 703 954 742 nec
975 686 1240 756 projicere
1271 698 1371 737 nos
1403 682 1459 736 in
1496 682 1739 751 pericula
1773 681 1990 736 etiamsi
2021 681 2089 735 tle

516 781 752 837 veritate
805 787 1024 849 agatur,
1055 775 1152 831 sed
1210 774 1595 845 deprehensos
1635 773 1860 843 quidem
1902 772 2088 827 consi-

517 883 695 936 stere.
729 879 884 926 antea
915 884 1042 922 vero
1071 868 1383 922 detrectare
1411 873 1638 934 propter
1663 865 1904 919 incertos
1929 879 2091 918 even—

519 975 626 1017 tus.
656 963 736 1016 Ad
765 975 988 1016 sensum
1039 975 1170 1014 vero
1221 959 1521 1029 mysticum
1570 957 1900 1019 dicendum,
1954 958 2086 1011 olim

516 1052 733 1124 quidem
767 1051 956 1106 Jesum
996 1051 1172 1104 libere
1203 1050 1522 1104 ambulasse
1558 1049 1612 1102 in
1648 1049 1844 1102 mediis
1883 1040 2089 1103 Jﬁdmis

515 1161 612 1215 per
639 1147 935 1214 prophetas
957 1181 972 1204 ,
1003 1158 1149 1197 nunc
1171 1156 1300 1197 vero
1330 1156 1697 1211 nequaquam.
1727 1139 1913 1210 Neque
1941 1141 2086 1195 enim

518 1239 574 1290 in
616 1236 696 1290 eis
739 1245 826 1290 est
856 1236 1084 1290 verbum
1120 1233 1212 1288 Dei
1235 1223 1384 1297 ,“sed
1430 1235 1499 1288 ab
1533 1234 1600 1287 iis
1643 1233 1883 1288 abcessit
1913 1233 1968 1286 in
2001 1247 2090 1286 so-

515 1329 803 1383 litudinem
831 1367 847 1391 ,
910 1327 979 1382 de
1029 1342 1136 1396 qua
1182 1325 1386 1380 dicitur
1417 1345 1429 1379 :
1466 1343 1484 1376 ι
1520 1324 1675 1378 Multi
1728 1325 1823 1378 lilii
1857 1325 2089 1379 desertae

437 1427 454 1439 ‘
515 1421 692 1491 magis
745 1435 914 1491 quam
970 1420 1091 1489 ejus
1126 1435 1245 1488 qua:
1278 1419 1444 1473 habet
1472 1419 1652 1472 virum
1686 1419 1752 1470 ⁵³.
1786 1437 1804 1469 r
1830 1418 2086 1487 Ephraim

514 1515 810 1584 exponitur
858 1512 1208 1582 fructiﬁcalio
1229 1553 1245 1575 ,
1283 1492 1451 1565 frater
1479 1511 1756 1566 exsistens
1792 1509 2045 1564 Manasse
2069 1547 2086 1573 ,

516 1606 753 1662 senioris
781 1605 902 1674 ejus
930 1605 1026 1674 qui
1056 1605 1127 1658 ab
1173 1604 1464 1669 oblivione;
1498 1612 1621 1672 post
1653 1603 1913 1673 pepulum
1941 1603 2086 1657 enim

515 1696 584 1751 ab
637 1699 916 1752 oblivione
961 1698 1143 1768 genita
1173 1705 1259 1750 est
1291 1697 1534 1767 gentium
1570 1695 1944 1752 fructificatio.

591 1867 690 1933 XI,
733 1869 822 1924 55.
860 1866 1177 1922 Proximum
1213 1879 1390 1924 autem
1433 1879 1549 1924 erat
1606 1869 1821 1925 Pascha
1867 1870 2088 1924 ludam-

517 1977 636 2014 rum
657 2001 671 2024 ,
707 1970 756 2016 et
788 1961 1136 2016 ascenderunt
1171 1963 1329 2016 multi
1360 1962 1789 2034 Hierosolymam
1812 2003 1828 2028 ,
1861 1973 1918 2016 ut
1946 1963 2091 2030 puri-

515 2053 737 2119 ﬁcareut
763 2054 983 2120 seipsos.

586 2134 1031 2196 I‘r'zetm'currens
1067 2144 1251 2197 omnia
1284 2144 1623 2214 evangelista
1645 2184 1660 2207 ,
1692 2145 1760 2200 ad
1811 2147 2087 2217 passionis

513 2236 730 2304 tempus
763 2229 930 2285 venit.
961 2227 1279 2284 Iudaeorum
1317 2247 1446 2284 vero
1479 2231 1691 2286 Pascha
1744 2244 1900 2289 vocat
1940 2237 2087 2306 quod

513 2330 598 2374 est
631 2320 684 2373 in
707 2319 893 2394 .figura
925 2337 938 2371 :
980 2337 1104 2375 nam
1141 2337 1326 2376 verum
1363 2322 1540 2377 Pacha
1573 2341 1678 2379 non
1727 2324 2043 2382 Judaaorum
2069 2367 2084 2392 ,

526 2411 620 2466 sed
650 2411 1096 2467 Christianorum
1127 2424 1246 2477 est,
1289 2429 1511 2469 carnem
1557 2416 1764 2470 Christi
1799 2419 1914 2472 veri
1962 2419 2088 2489 agni

517 2499 944 2556 comedentium.
981 2501 1143 2558 Prius
1185 2521 1315 2560 vero
1358 2507 1737 2578 purgabantur
1783 2511 2084 2564 secundum

516 2600 755 2647 veterem
784 2593 951 2647 ritum
977 2636 990 2660 ,
1015 2596 1106 2665 qui
1141 2604 1361 2665 peccata
1390 2613 1485 2652 seu
1515 2599 1820 2651 voluntaria
1839 2637 1854 2660 ,
1887 2615 1981 2652 seu
2012 2601 2090 2652 in-

516 2682 828 2736 voluutaria
879 2687 1305 2748 commiserant,
1362 2687 1596 2742 necdum
1640 2699 1828 2758 typum
1875 2679 2085 2742 Pascha

516 2774 822 2837 faciebant,
860 2793 968 2832 non
1000 2778 1449 2842 iucircumcisus,
1483 2794 1590 2833 non
1625 2777 1949 2847 inquilinus,
1977 2793 2085 2832 uou

517 2865 926 2928 mercenarius,
981 2882 1086 2920 non
1136 2869 1410 2937 pollutus,
1465 2883 1589 2938 qua:
1631 2868 1814 2920 omnia
1865 2876 2088 2938 propter

515 2955 860 3010 Christianos
898 2959 1268 3032 spiritualiter
1295 2959 1448 3012 ﬁunt.

581 3046 746 3119 694
775 3045 874 3114 XI,
909 3050 996 3104 56.
1031 3050 1352 3115 Quazrebaul
1394 3065 1515 3119 ergo
1554 3049 1776 3114 Jesum,
1821 3060 1872 3105 et
1917 3051 2085 3105 collo-

2188 591 2336 652 τοὺς,
2369 591 2572 660 καίπερ
2604 590 2897 659 φονῶντας.
2931 589 3184 642 Διδάσκει
3213 588 3268 641 δὲ
3303 589 3397 640 καὶ
3425 589 3577 658 ἡμᾶς
3606 589 3760 641 ὑπεί-
3849 608 3853 614 ’

2190 697 2306 733 κειν
2345 685 2465 744 ταῖς
2507 681 2614 734 τῶν
2645 679 3011 752 ὀργιζομένων
3042 682 3266 750 ἀκμαῖς,
3299 681 3392 732 καὶ
3441 679 3515 750 μὴ
3550 680 3759 751 ἐπιρρί-

2190 789 2344 824 πτειν
2405 773 2630 836 ἑαυτοὺς
2675 777 2788 836 τοῖς
2835 773 3120 836 κινδύνοις,
3173 771 3295 842 μηδ’
3346 770 3412 824 ἂν
3477 770 3618 841 ὑπὲρ
3659 771 3760 837 τῆς

2191 865 2446 934 ἀληθείας
2470 859 2623 920 ῶσιν·
2652 865 2786 918 ἀλλὰ
2836 864 3418 934 καταλαμϐανομένους
3461 863 3582 931 μὲν,
3610 863 3761 916 ῖστα-

2189 955 2336 1007 σθαιο
2363 954 2652 1024 μέλλοντας
2669 955 2744 1019 δὲ,
2776 953 3120 1017 ἀναδύεσθαι,
3145 953 3232 1006 διὰ
3261 953 3320 1005 τὸ
3351 953 3451 1023 τῆς
3481 953 3760 1015 ἐκϐάσεως

2189 1043 2400 1115 ἄδηλον.
2433 1043 2578 1114 Πρὸς
2619 1043 2676 1096 δὲ
2721 1044 3013 1113 ἀναγωγὴν
3043 1043 3254 1114 ῥητέον,
3294 1043 3374 1096 ὃτι
3412 1043 3618 1112 Ἰησοῦς
3651 1042 3757 1094 πά-

2189 1137 2278 1190 λαι
2317 1138 2436 1207 μὲν,
2491 1137 2776 1210 παρρησίᾳ
2820 1140 2932 1199 τοῖς
2973 1136 3246 1198 Ἰουδαίοις
3293 1137 3616 1207 περιεπάτει
3671 1135 3760 1189 διὰ

2189 1230 2296 1282 τῶν
2331 1229 2648 1301 προφητῶν,
2681 1229 2776 1282 νῦν
2804 1229 2859 1282 δὲ
2893 1228 3098 1281 ούκέτι.
3135 1229 3208 1281 Οὐ
3244 1227 3354 1298 γὰρ
3395 1227 3537 1279 ἔστιν
3571 1229 3629 1278 ἐν
3657 1227 3757 1278 αύ-

2190 1328 2300 1387 τοῖς
2330 1322 2486 1390 λόγος
2533 1319 2688 1385 Θεοῦ,
2725 1318 2859 1372 ἀλλὰ
2905 1318 3147 1389 ἀπῆλθεν
3199 1319 3293 1372 ἀπ’
3335 1319 3512 1371 αὐτῶν
3557 1317 3636 1379 είς
3658 1316 3759 1387 τὴν

2189 1420 2417 1492 ἔρημον,
2456 1421 2582 1490 περὶ
2610 1413 2678 1492 ἧς
2710 1418 2948 1488 λέγεται,
2973 1418 3053 1469 ὅτι
3090 1433 3109 1464 ι
3150 1413 3329 1467 Πολλά
3360 1413 3428 1466 τά
3464 1411 3632 1464 τέκνα
3658 1410 3759 1479 τῆς

2189 1515 2424 1585 ἐρήμου,
2449 1513 2646 1583 μᾶλλον
2673 1513 2705 1582 ἢ
2733 1512 2830 1580 τῆς
2866 1509 3093 1580 ἐχούσης
3119 1507 3208 1558 τὸν
3239 1506 3427 1574 ἄνδρα.
3456 1523 3474 1553 ι
3519 1503 3760 1574 Ἐφραῖμ

2200 1605 2564 1676 ἑρμηνεύεται
2580 1603 2972 1671 καρποφορία,
2997 1599 3222 1668 ἀδελφὸς
3239 1596 3314 1650 ῶν
3333 1597 3601 1666 Μανασσῆ
3628 1613 3761 1666 πρε-

2193 1696 2454 1766 σϐυτέρου
2483 1692 2596 1746 ’ποῦ’
2623 1693 2729 1745 ἀπὸ
2752 1691 2971 1756 λήθηςο
3021 1689 3158 1758 μετὰ
3179 1687 3286 1756 γὰρ
3321 1687 3410 1740 τὸν
3440 1685 3547 1739 ἀπὸ
3589 1684 3761 1766 λήθης

2190 1783 2316 1838 λαὸν
2348 1763 2636 1852 γεγένηται
2669 1784 2702 1853 ἡ
2734 1781 2791 1848 ἐξ
2825 1779 2995 1833 ἐθνῶν
3024 1777 3392 1849 καρποφορία.
3587 1763 3596 1772 ”

2261 1872 2374 1929 Ἦν
2415 1873 2486 1927 δὲ
2541 1874 2721 1944 eme
2771 1874 2834 1925 τὸ
2887 1871 3103 1936 Πάσχα
3144 1867 3264 1922 τῶν
3313 1868 3626 1928 Ἰουδαίων,
3658 1865 3761 1920 καί

2190 1968 2498 2035 ἀνέϐησαν
2525 1964 2742 2019 πολλοὶ
2775 1965 2861 2030 εἰς
2889 1962 3295 2031 Ἰεροσόλυμα,
3313 1959 3412 2011 ἵνα
3425 1957 3763 2028 ἁγνίσωσιν

2187 2056 2460 2123 ἑαυτούς.

2261 2151 2628 2223 Παρατρέχων
2657 2150 2871 2203 ἅπαντα
2903 2150 2931 2200 ὁ
2972 2147 3380 2215 εύαγγελιστὴς,
3417 2143 3508 2196 ἐτιί
3533 2143 3623 2194 τὸν
3655 2140 3759 2192 τοῦ

2189 2241 2397 2302 πάθους
2425 2239 2642 2310 ἔρχεται
2671 2237 2882 2307 καιρόν.
2923 2235 3190 2289 Ἰουδαίων
3215 2233 3270 2286 δὲ
3301 2233 3359 2286 τὸ
3384 2233 3573 2300 Πάσχα
3600 2227 3763 2281 καλεῖ

2187 2333 2249 2386 τὸ
2272 2331 2530 2386 τυπικόν·
2581 2330 2641 2382 τὸ
2679 2329 2787 2400 γὰρ
2815 2328 3065 2397 ἀληθινὸν
3104 2327 3296 2397 Πάσχα
3331 2327 3432 2378 οὐκ
3464 2320 3759 2383 Ἰουδαίων,

2188 2423 2324 2478 ἀλλά
2352 2421 2689 2494 Χριστιανῶν
2715 2421 2825 2474 τῶν
2855 2419 3141 2474 ἐσθιόντων
3162 2420 3260 2486 τὴν
3288 2418 3464 2486 σάρκα
3493 2410 3757 2485 Χριστοῦ,

2186 2514 2280 2571 τοῦ
2319 2515 2572 2586 ἀληθινοῦ
2596 2513 2790 2584 ἀμνοῦ.
2840 2510 3232 2581 Προηγνίζοντο
3269 2508 3325 2559 δὲ
3358 2505 3499 2560 κατά
3526 2501 3760 2558 παλαιὸν

2188 2609 2304 2671 ἔθος
2339 2609 2388 2660 οἱ
2437 2605 2821 2676 ἡμαρτηκότες
2866 2602 3088 2655 ἑκούσια
3134 2600 3166 2668 ἢ
3218 2598 3446 2651 ἀκούσια
3504 2595 3758 2664 ἁμαρτή-

2191 2716 2359 2769 ματα,
2386 2698 2477 2750 καὶ
2505 2697 2658 2749 οὔπω
2687 2695 2858 2747 ἐποίει
2883 2694 2944 2746 τὸ
2975 2693 3201 2744 τυπικὸν
3224 2691 3434 2756 Πάσχα,
3477 2689 3574 2738 οὐκ
3610 2687 3756 2738 ἐθνι-

2187 2791 2301 2854 κὸς,
2341 2791 2438 2842 οὐκ
2491 2787 2882 2860 ἀπερίτμητος,
2933 2787 2993 2837 οὑ
3039 2783 3320 2852 πάροικος,
3352 2779 3412 2832 ού
3461 2775 3752 2847 μισθωτὸς,

2186 2877 2245 2930 ού
2308 2875 2740 2947 μεμολυσμένος,
2796 2874 2937 2941 ἆπερ
2994 2872 3169 2924 πάντα
3225 2865 3609 2938 πνευματικῶς
3661 2865 3754 2918 διὰ

2185 2966 2528 3039 Χριστιανῶν
2552 2967 2626 3036 (1)
2659 2965 2916 3032 γίνονται.

2268 3059 2540 3126 Ἐζήτουν
2587 3052 2700 3112 οὖν
2759 3056 2864 3109 τὸν
2915 3053 3177 3120 Ἰησοῦν,
3231 3052 3328 3105 καὶ
3371 3053 3586 3120 ἔλεγον
3621 3051 3752 3118 μετ’

513 3141 804 3207 quebantur
834 3140 902 3194 ad
948 3142 1164 3194 invicem
1188 3156 1206 3193 :
1245 3140 1384 3206 Quid
1418 3141 1617 3207 putatis
1646 3141 1772 3210 quia
1811 3158 1915 3196 non
1945 3143 2081 3197 rem‘t

2190 3152 2491 3217 ἀλλήλων*
2535 3150 2593 3201 Τί
2622 3147 2762 3218 ὑμῖν
2791 3146 2970 3210 δοκεῖ,
3003 3146 3089 3199 ὅτι
3121 3148 3191 3199 οὺ
3217 3144 3301 3213 μὴ
3341 3144 3490 3212 ἔλθῃ
3521 3146 3606 3208 εἰς
3633 3143 3754 3210 τὴν

517 3231 586 3283 ad
619 3230 756 3286 diem
785 3233 1030 3301 festum?

585 3322 664 3375 Ad
697 3321 1049 3392 Scenopegia:
1083 3321 1305 3382 festum,
1341 3321 1593 3376 viciniam
1623 3338 1842 3378 omnem
1869 3326 1954 3381 lex
1997 3326 2085 3396 ju-

516 3415 676 3467 bcbat
716 3412 976 3468 feriatum
1021 3415 1207 3468 venire
1261 3414 1312 3466 in
1351 3425 1597 3469 sanctam
1639 3419 1938 3482 civitatem,
1965 3435 2086 3488 p02.-

515 3520 753 3574 namque
801 3506 1239 3561 detrectantibus
1290 3506 1640 3562 decernebat.
1691 3509 1863 3566 Secus
1919 3528 2083 3577 vero,

519 3599 803 3654 Paschalis
837 3607 1081 3669 tempore
1119 3602 1173 3654 in
1207 3602 1328 3656 suis
1378 3619 1822 3673 unumquemque
1852 3606 2085 3661 urbibus

514 3692 837 3760 mdibusque
885 3692 1163 3762 inculpate
1217 3709 1439 3749 manere
1479 3696 1714 3749 sinebat.
1743 3694 1943 3765 Utique
1971 3697 2086 3751 aie-

519 3783 652 3836 bant
683 3797 806 3836 esse
833 3783 1198 3851 exploratum.
1230 3785 1373 3839 nolle
1401 3801 1522 3840 eum
1558 3785 1678 3840 festi
1712 3786 1851 3840 ritus
1878 3802 2084 3840 secun-

518 3871 646 3926 dum
677 3872 849 3942 legem
882 3874 1132 3942 exsequi,
1163 3875 1256 3944 qui
1282 3875 1350 3928 ad
1383 3875 1582 3930 festqu
1611 3877 1907 3931 c0nvenire
1937 3893 2087 3930 recu-

517 3971 686 4020 sarci.

585 4057 891 4127 Ambiguus
924 4057 1144 4126 quidem
1181 4071 1364 4111 sermo
1385 4097 1398 4118 ,
1429 4065 1613 4109 utrum
1649 4057 1717 4110 ah
1752 4056 1986 4112 infensis
2017 4072 2085 4112 an

517 4149 585 4203 ab
630 4149 944 4203 amantibus
984 4149 1190 4202 dictum
1225 4148 1296 4201 sit
1346 4147 1485 4200 hoc:
1517 4166 1534 4197 c
1568 4145 1779 4201 Putatis
1813 4149 1940 4216 quia
1979 4163 2085 4201 non

517 4239 666 4294 venit
704 4240 769 4292 ad
812 4239 954 4293 diem
1008 4237 1256 4293 festum?
1289 4257 1307 4289 ι
1337 4237 1630 4292 Probabile
1673 4239 1818 4293 enim
1862 4249 1948 4293 est
1989 4254 2086 4294 eos

519 4331 700 4400 loqui,
754 4331 848 4399 qui
907 4330 1210 4384 credebant
1264 4329 1317 4382 in
1367 4343 1527 4394 eum,
1571 4329 1640 4382 ad
1697 4329 1941 4384 inﬁdeles
1986 4331 2088 4384 hoc

517 4419 717 4472 modo:
742 4417 1198 4487 Quandoquidem
1234 4418 1551 4472 deliberatis
1585 4417 1835 4473 occidere
1861 4416 2044 4472 Jesum
2067 4456 2082 4482 ,

2186 3243 2401 3311 ἑορτήν
2421 3259 2438 3305 ;

2269 3336 2358 3387 Ἐν
2406 3332 2482 3403 τῷ
2516 3332 2689 3403 καιρῷ
2735 3331 2810 3401 (ε)
2836 3331 2934 3399 τῆς
2974 3330 3164 3399 ἑορτῆς
3213 3327 3312 3396 τῆς
3344 3325 3752 3396 Σκηνοπηγίας,

2187 3427 2402 3480 ἅπασαν
2430 3423 2526 3494 τὴν
2553 3423 2855 3493 περιοικίδα
2879 3421 3116 3474 ἀνελθεῖν
3149 3419 3176 3470 ὁ
3209 3419 3368 3488 νόμος
3395 3417 3642 3470 ἐκέλευεν
3672 3417 3757 3478 είς

2185 3517 2283 3588 τὴν
2305 3515 2496 3588 ἑορτὴν
2524 3517 2602 3576 είς
2631 3514 2729 3584 τὴν
2759 3513 2919 3580 ἁγίαν
2939 3512 3114 3574 πόλιν,
3147 3510 3240 3562 καὶ
3279 3508 3546 3577 τιμωρίαν
3571 3508 3753 3578 ὁρίζε-

2186 3624 2274 3659 ται
2319 3609 2428 3668 τοῖς
2464 3604 2537 3674 μὴ
2569 3603 2798 3657 ἀνιοῦσι.
2852 3603 2924 3654 Τό
2970 3619 3034 3669 γε
3085 3601 3191 3670 μὴν
3227 3603 3282 3652 ἐν
3324 3599 3401 3669 τῷ
3443 3598 3534 3651 τοῦ
3561 3599 3754 3668 Πάσχα

2185 3697 2380 3769 καιρῷ,
2413 3697 2614 3765 ἐφῆκεν
2641 3693 2670 3745 ὁ
2700 3695 2861 3764 νόμος
2881 3693 3227 3763 ἀνεγκλήτως
3263 3693 3321 3744 ἐν
3353 3691 3508 3753 ἰδίαις
3537 3692 3754 3760 ἑκάστῳ

2187 3788 2372 3841 πόλεσί
2395 3805 2452 3839 τε
2477 3788 2570 3839 καὶ⁵
2596 3785 2782 3850 οἴκοις.
2815 3785 3085 3855 Πρόδηλον
3113 3780 3204 3836 οὖν
3229 3784 3288 3836 τὸ
3324 3783 3398 3852 μὴ
3429 3783 3755 3853 συνδραμεῖν

2186 3878 2434 3948 ἐθελῆσαι
2457 3881 2566 3940 τοῖς
2593 3877 2690 3946 τῆς
2715 3878 2905 3947 ἑορτῆς
2934 3877 3080 3928 ἔθεσι
3106 3874 3244 3927 κατά
3256 3874 3356 3926 [τὸν
3380 3873 3562 3943 νόμον,
3585 3874 3645 3926 τὸ
3677 3874 3754 3945 μὴ

2186 3968 2357 4021 ἐλθεῖν
2386 3968 2619 4036 ἔφασκον
2647 3969 2724 4028 είς
2751 3968 2849 4036 τὴν
2877 3967 3090 4035 ἑορτήν.

2270 4057 2589 4125 Ἀμφίϐολος
2633 4057 2811 4125 μέντοι
2841 4058 2870 4108 ὁ
2913 4057 3090 4122 λόγος,
3128 4055 3354 4125 πότερον
3387 4057 3496 4109 ἀπὸ
3531 4056 3754 4124 μισούν-

2187 4148 2356 4219 τωνῆ
2398 4147 2734 4216 ἀγαπώντων
2784 4146 2976 4216 ἐλέχθη
3033 4149 3112 4211 τὸ,
3145 4166 3160 4196 ι
3201 4150 3417 4200 Δοκεῖτε
3461 4148 3542 4200 ὃτι
3577 4147 3636 4200 οὐ
3672 4148 3750 4219 μὴ

2188 4238 2314 4309 ἔλθῃ
2337 4239 2414 4300 είς
2444 4237 2542 4307 τὴν
2571 4238 2795 4308 ἐορτήν;
2833 4255 2850 4286 ι
2891 4236 3050 4300 Εἰκὸς
3078 4235 3187 4306 γὰρ
3214 4232 3287 4307 ἦν,
3307 4236 3484 4303 λέγειν
3513 4237 3638 4299 τοὺς
3671 4237 3752 4299 είς

2187 4329 2348 4382 αὐτὸν
2366 4327 2716 4391 πιστεύοντας
2739 4328 2873 4399 πρὸς
2898 4329 3025 4390 τοὺς
3042 4327 3298 4390 ἀπίστους
3320 4327 3513 4391 οὕτως’
3531 4327 3749 4398 Ἐπειδὴ

2188 4417 2575 4470 ἐϐουλεύσασθε
2608 4418 2864 4486 φονεῦσαι
2892 4417 2981 4469 τὸν
3003 4416 3234 4486 Ἰησοῦν,
3270 4418 3364 4470 καὶ
3391 4418 3638 4488 νομίζετε
3669 4418 3752 4471 ὅτι

516 4517 571 4564 ct
598 4509 802 4578 putatis
842 4524 968 4563 eum
1006 4509 1259 4578 ignorare
1293 4524 1416 4577 qua:
1447 4523 1541 4562 vos
1583 4510 1721 4562 clam
1771 4509 2080 4573 statuistis,

2188 4509 2370 4576 ἀγνοεῖ
2412 4508 2472 4560 τὸ
2517 4507 2690 4578 λάθρα
2741 4509 2868 4579 ὑμῖν
2916 4507 3270 4577 ἐσκεμμένον,
3328 4512 3553 4576 σημεῖον
3595 4509 3752 4562 ἔσται

517 4601 620 4655 hoc
648 4599 754 4655 erit
787 4597 1294 4655 manifestissimum
1323 4600 1537 4669 signum
1571 4615 1696 4653 eum
1727 4615 1851 4654 esse
1885 4599 2078 4655 Deum.

515 4689 634 4744 Non
679 4690 824 4746 enim
873 4691 1058 4744 veniet
1103 4691 1299 4744 festum
1337 4692 1629 4762 nobiscum
1665 4691 2076 4757 celebraturus,

516 4789 710 4851 utpote
742 4792 1000 4850 tanquam
1035 4780 1178 4836 Deus
1213 4791 1400 4836 nostra
1452 4782 1684 4837 consilia
1731 4783 1935 4838 sciens.
1987 4783 2083 4838 V’el

515 4872 594 4924 sic
630 4870 988 4939 accipiendas
1020 4886 1202 4926 sermo
1239 4879 1494 4941 tanquam
1531 4872 1599 4926 ab
1627 4871 1845 4928 infestis
1872 4882 1926 4928 et
1955 4875 2081 4929 odio

517 4962 1009 5031 persequentibus;
1042 4962 1486 5033 quandoquidem
1518 4966 1687 5018 moris
1714 4972 1796 5019 est
1823 4963 1951 5020 Jesu
1980 4967 2082 5021 sol-

518 5069 643 5108 vere
686 5053 896 5123 legem,
945 5054 1115 5108 vultis
1151 5068 1382 5108 cernere
1424 5068 1521 5109 vos
1560 5056 1653 5122 qui
1703 5056 1756 5108 in
1803 5071 1926 5110 eum
1961 5073 2080 5112 crc-

515 5147 642 5201 ditis
685 5144 832 5215 quod
875 5146 1000 5200 talis
1031 5147 1132 5210 sit,
1165 5145 1312 5215 quod
1345 5160 1410 5199 ex
1445 5161 1511 5198 eo
1563 5145 1731 5214 liquet
1771 5147 1901 5215 quia
1934 5164 2080 5204 nunc

517 5253 692 5306 neque
715 5238 780 5290 ad
807 5237 1005 5294 festum
1042 5238 1192 5292 venit
1220 5236 1610 5292 celebrandum
1645 5238 1928 5292 nobiscum
1955 5277 1971 5301 ,
2007 5239 2082 5294 le-

513 5342 633 5396 gem
669 5328 789 5381 festi
819 5344 1046 5398 prorsus
1075 5327 1361 5398 despectui
1393 5328 1618 5383 habens.
1648 5327 1760 5383 lloc
1792 5338 1974 5384 autem
1999 5330 2080 5384 di-

514 5419 624 5486 cit,
655 5433 764 5472 non
791 5421 934 5488 quod
957 5436 1181 5476 necesse
1208 5428 1354 5476 esset
1385 5422 1680 5477 convenire
1702 5437 1892 5477 omnes
1922 5421 2081 5476 Jeru-

583 5571 631 5606 ⁸³
668 5571 775 5628 lsa.
803 5588 912 5640 Liv,
947 5575 970 5626 1
1010 5591 1024 5640 ;
1057 5574 1230 5628 Galat.
1271 5592 1342 5642 Iv,
1375 5575 1467 5628 27.

587 5733 662 5802 (Ii
691 5730 791 5784 Ed.
828 5731 967 5802 Aub.
998 5733 1251 5802 Χριστόν.

708 5803 799 5857 Ἐν
832 5799 909 5866 τῷ
942 5799 1122 5869 καιρῷ
1149 5839 1160 5855 .
1193 5842 1206 5856 .
1233 5841 1243 5853 .
1272 5842 1283 5853 ,
1319 5840 1330 5852 .

2188 4599 2345 4651 τοῦτο
2384 4599 2572 4666 σαφὲς,
2614 4599 2694 4651 ὅτι
2725 4599 2856 4662 Θεός
2898 4599 3068 4652 ἐστιν.
3129 4599 3202 4652 Οὐ
3245 4598 3354 4668 γὰρ
3385 4599 3448 4670 δή
3481 4600 3601 4669 ἥξει
3651 4601 3749 4654 νῦν

2191 4690 2560 4760 συνεορτάσων
2611 4690 2759 4758 ἡμῖν,
2814 4687 2967 4751 εἰδὼς
3013 4689 3080 4741 τὰ
3140 4689 3433 4758 σκέμματα
3463 4691 3619 4760 ήμῶν
3675 4693 3752 4753 ὡς

2188 4782 2338 4846 Θεός.
2369 4781 2439 4834 Ἢ
2471 4780 2652 4844 οὕτως
2677 4780 3070 4849 σχηματιστέον
3096 4780 3185 4832 τὸν
3217 4779 3372 4847 λόγον
3399 4781 3474 4843 ὡς
3509 4781 3617 4834 ἀπὸ
3642 4783 3754 4836 τῶν

2192 4871 2511 4943 μισούντων·
2557 4872 2809 4942 Ἐπείπερ
2842 4871 2960 4934 ἔθος
2999 4871 3084 4923 ἀεὶ
3126 4870 3204 4940 τῷ
3245 4873 3416 4941 Ἰησοῦ
3450 4873 3753 4941 παραλύειν

2186 4963 2277 5017 τὸν
2295 4964 2477 5032 νόμον,
2498 4963 2680 5016 θέλετε
2709 4960 2908 5029 γνῶναι
2933 4961 3087 5029 ὑμεῖς
3113 4962 3161 5012 οἱ
3182 4963 3260 5022 είς
3290 4962 3447 5014 αὑτὸν
3472 4963 3754 5016 πιστεύον-

2185 5074 2295 5123 τες,
2341 5057 2422 5109 ὅτι
2470 5053 2706 5117 τοιοῦτός
2741 5056 2922 5116 ἐστιν,
2963 5051 3022 5115 ἐξ
3072 5046 3145 5104 ὧν
3189 5053 3311 5106 οὔτε
3373 5054 3466 5108 νῦν
3526 5057 3607 5117 είς
3654 5055 3752 5126 τήν

2188 5148 2377 5218 ἑορτὴν
2426 5148 2806 5217 παραγίνεται,
2850 5143 3056 5198 ἀθετῶν
3087 5146 3178 5198 τὸν
3217 5145 3315 5214 τῆς
3347 5147 3536 5216 ἑορτῆς
3563 5147 3748 5216 νόμον,

2188 5240 2324 5310 πρὸς
2361 5240 2422 5290 τὸ
2467 5239 2542 5310 μή
2589 5239 2941 5309 συνεορτάσαι
2975 5240 3136 5306 ἡμῖν;
3176 5239 3312 5306 Φησὶ
3345 5238 3399 5290 δὲ
3443 5238 3621 5301 τοῦτο,
3653 5239 3751 5300 ούγ

2187 5331 2266 5384 ὅτι
2320 5330 2531 5400 ἀνάγκη
2564 5327 2630 5402 ἦν
2659 5331 2862 5392 πάντας
2913 5330 3236 5398 συνδραμεῖν
3279 5331 3357 5392 εἰς
3392 5329 3753 5400 Ἰερουσαλὴμ

2189 5424 2245 5475 ἐν
2283 5422 2358 5492 τῷ
2388 5423 2596 5490 Πάσχα,
2628 5423 2703 5486 ὼς
2732 5421 2824 5476 ἐπὶ
2845 5425 2910 5493 τῇ
2937 5420 3305 5492 Σκηνοπηγίᾳ,
3335 5420 3449 5474 ἀλλ’
3494 5421 3610 5494 ἦτοι
3646 5419 3754 5472 δει-

1378 5804 1462 5867 εΙς
1495 5801 1602 5867 τῐρι·
1636 5800 1866 5868 ἑορτήν.
1907 5799 1979 5853 Ex
2008 5799 2194 5854 eadem
2218 5807 2430 5865 catena,
2462 5799 2553 5853 fol.
2599 5798 2718 5853 150.
