4106 6262
346 429 418 486 1'5
1131 418 1197 473 IN
1237 417 1574 474 JllANNElI.
1614 446 1682 456 —
1721 414 1846 468 LIB.
1898 412 1985 468 VII
2027 411 2113 466 ΕΤ
2153 411 2260 467 VIII
2304 411 2744 467 FRAGMENTA.
3530 414 3590 469 74

346 547 470 609 ’λίας
499 541 773 608 ἀπόδειξιν
805 537 1155 611 ὲμποιοῦνται
1204 537 1264 590 τὸ
1300 539 1375 607 μὴ
1418 535 1726 594 ἀναϐαίνειν
1760 533 1920 588 αὐτὸν

2027 531 2196 585 salem
2228 531 2281 585 in
2312 528 2554 592 Pascha,
2583 528 2722 583 utin
2756 525 2897 582 festo
2918 525 3428 582 Tabernaculorum
3456 543 3469 582 :
3500 528 3596 583 sed

350 641 430 702 είς
482 635 848 708 Ἱεροσόλυμα,
891 633 964 696 ὡς
1013 632 1088 702 μὴ
1122 630 1423 701 δυναμένου
1481 627 1659 699 ἐαυτῷ
1709 626 1923 698 βοηθεῖν

350 729 409 787 ὲν
439 726 660 798 τοιαύτη
705 726 913 797 ἡμέρα,
957 725 1052 778 καὶ
1085 722 1174 777 διὰ
1199 723 1357 776 τοῦτο
1384 721 1921 792 άπολιμπανομένου.

355 823 422 874 Ἦ
456 820 550 873 καὶ
579 819 715 891 πρὸς
742 817 968 881 ἑαυτοὺς
997 815 1170 870 ταῦτά
1207 832 1370 885 φασιν
1409 815 1457 867 οἱ
1487 812 1925 884 προσταχθέντες

345 911 512 966 αὐτὸν
546 910 835 964 συλλαϐεῖν
886 909 981 963 καὶ
1024 906 1438 978 ὀλιγωροῦντες,
1491 906 1722 976 ἐπείπερ
1773 903 1926 957 οὔπω

347 1003 512 1058 αὑτὸν
537 1002 726 1075 ἐώρων
753 1001 999 1066 ἐλθόντα,
1029 1002 1126 1053 καὶ
1161 999 1424 1053 ἔσπευδον
1458 998 1666 1069 ταχέως
1698 996 1922 1066 ποιῆσαι

347 1095 408 1151 τὸ
437 1094 796 1167 προσταχθέν.

435 1355 491 1410 '0
528 1352 642 1412 οὖν
680 1356 912 1424 Ἰησοῦς
961 1356 1073 1424 πρὸ
1119 1355 1188 1420 ἐξ
1240 1355 1475 1425 ἡμερῶν
1529 1353 1635 1408 τοῦ
1683 1354 1921 1423 Πάσχα,

348 1442 538 1518 ἦλθεν
573 1448 662 1512 εις
689 1446 1019 1514 Βηθανίαν,
1058 1445 1153 1498 καὶ
1182 1444 1252 1498 τὰ
1280 1443 1429 1514 ἑξῆς.

421 1537 862 1608 Καταφρονήσας
911 1536 1012 1606 τῆς
1072 1534 1178 1589 τῶν
1236 1533 1505 1588 Ἰουδαίων
1547 1534 1841 1605 ἐπιϐουλῆς
1896 1536 1926 1587 6

350 1625 576 1697 Κύριος,
612 1625 804 1680 ἑαυτὸν
840 1624 1102 1688 ἑκουσίως
1132 1624 1268 1697 πρὸς
1299 1623 1360 1676 τὸ
1388 1621 1580 1676 παθεῖν
1621 1623 1922 1689 ἐκδίδωσιν,

352 1720 478 1780 ἐπεὶ
509 1720 692 1790 παρῆν
737 1721 766 1774 6
797 1717 892 1772 τοῦ
927 1717 1132 1780 πάθους
1157 1715 1366 1787 καιρὸς,
1416 1717 1498 1780 είς
1529 1716 1631 1786 τὴν
1654 1715 1926 1786 Βηθανίαν

351 1810 544 1874 ἐλθὼν,
587 1812 649 1864 ού
691 1810 798 1881 μὴν
824 1811 904 1873 είς
936 1809 1034 1880 τὴν
1085 1807 1461 1879 Ἰερουσαλὴμ,
1513 1807 1601 1862 ἵνα
1640 1807 1715 1879 μὴ
1748 1810 1926 1878 αἰφνι-

349 1902 479 1965 δίως
501 1878 826 1971 ὀφθεὶς-τοῖς
861 1878 1166 1964 Ἰουδαίοις,
1198 1897 1447 1971 ὲκκαύση
1479 1898 1676 1962 αὐτοὺς
1707 1878 1793 1962 εἰς
1838 1899 1928 1971 όρ-
1960 1878 2000 1934 Β

351 1995 474 2065 γὴν,
514 1993 650 2047 ἀλλὰ
687 1993 778 2046 διὰ
831 1992 930 2062 τῆς
974 1992 1160 2062 φήμης
1205 1991 1301 2044 τοῦ
1348 1987 1484 2044 εἶναι
1530 1990 1692 2044 αὐτὸν
1737 1991 1926 2059 ἐγγὺς,

353 2084 679 2157 καταστείλῃ
710 2084 770 2138 τὸ
799 2084 918 2148 ζέον
948 2082 1040 2137 τοῦ
1067 2082 1294 2137 ἐκείνων
1327 2081 1520 2152 θυμοῦ.
1567 2083 1843 2136 Συνεσθίει
1869 2083 1927 2135 δὲ

351 2175 428 2247 τῷ
453 2177 708 2249 Λαζὰρῳ,
729 2176 817 2230 διὰ
845 2173 1035 2229 τούτου
1062 2173 1501 2244 ὑπομιμνήσκων
1525 2171 1649 2235 τοὺς
1687 2171 1927 2242 ὁρῶντας

356 2269 454 2338 τῆς
484 2268 821 2340 θεοπρεποῦς
867 2265 1033 2320 αὑτοῦ
1071 2265 1341 2332 ἐξουσίας.
1391 2265 1646 2318 Δείκνυσι
1676 2263 1733 2316 δὲ
1767 2266 1795 2315 ὁ
1833 2264 1925 2316 εύ-

358 2358 685 2429 αγγελιστὴς
734 2358 823 2411 διὰ
855 2357 949 2410 τοῦ
1001 2357 1358 2426 διηγήματος,
1389 2357 1472 2410 ὃτι
1507 2355 1569 2408 οὐ
1602 2354 1927 2424 κατεφρόνει

358 2451 388 2502 6
421 2450 654 2522 Χριστὸς
700 2448 792 2503 τοῦ
834 2449 1019 2520 νόμουθ
1070 2449 1190 2502 ὅθεν
1223 2448 1317 2501 καὶ
1345 2447 1451 2517 πρὸ
1488 2447 1546 2514 ἓξ
1581 2446 1803 2518 ἡμερῶν
1831 2445 1925 2502 τοῦ

362 2543 576 2612 Πάσχα,
606 2542 694 2594 ὅτε
724 2541 828 2594 ἔδει
860 2539 1231 2612 ἀγορασθῆναι
1268 2539 1361 2594 τὸν
1406 2539 1578 2608 ἀμνὸν
1622 2538 1718 2593 καὶ
1749 2554 1926 2608 τηρη-

361 2634 519 2704 θῆναι
559 2634 662 2698 ἕως
708 2633 806 2703 τῆς
851 2632 1465 2702 τεσσαρεσκαιδεκάτης,
1513 2631 1782 2701 συνέφαγε
1812 2632 1928 2694 τοῖς

355 2726 485 2797 περὶ
515 2725 607 2778 τὸν
636 2723 903 2796 Λάζαρον·
961 2725 1092 2788 ἴσως
1142 2725 1241 2794 τὴν
1285 2723 1502 2795 ἡμέραν
1543 2723 1642 2794 τὴν
1675 2723 1784 2793 πρὸ
1830 2721 1925 2777 τοῦ

351 2817 622 2889 ληφθῆναι
670 2817 731 2870 τὸ
783 2816 1054 2888 πρόϐατον
1092 2815 1248 2878 ἔθους
1281 2815 1438 2879 δντος
1480 2817 1594 2879 τοῖς
1649 2816 1927 2881 Ἰουδαίοις

350 2909 528 2976 ὀλίγον
557 2926 610 2961 τι
645 2907 1057 2978 πανηγυρίζειν,
1086 2907 1186 2959 οὐκ
1215 2909 1278 2959 ὲκ
1303 2906 1491 2976 νόμου,
1512 2906 1628 2960 ἀλλ’
1662 2907 1771 2961 ἀπὸ
1798 2924 1925 2962 συν-

350 3000 565 3072 ηθείας,
608 3000 694 3053 ἵνα
743 2999 882 3071 μετὰ
934 2999 995 3051 τὸ
1045 2997 1468 3068 παραληφθῆναι
1513 2999 1574 3052 τὸ
1629 2999 1922 3071 πρόϐατον,

354 3093 658 3164 σχολάσωσι
685 3091 870 3145 λοιπὸν
901 3091 1006 3153 ἓως
1031 3090 1132 3160 τῆς
1163 3091 1378 3162 ἑορτῆς,
1407 3091 1651 3163 νηστείᾳ,
1679 3095 1798 3163 ἢτοι
1823 3092 1927 3146 ὀλι-

351 3183 568 3256 γοσιτία
593 3185 686 3236 καὶ¹
724 3183 1030 3253 ἁγνισμοῖς.
1065 3180 1320 3234 Φαίνεται
1348 3177 1441 3236 οὖν
1468 3185 1496 3236 ὁ
1529 3181 1733 3253 Κύριος
1763 3186 1925 3256 τιμή-

355 3293 453 3340 σας
484 3275 579 3329 καὶ
609 3277 666 3328 ὲν
690 3273 865 3345 τούτῳ
890 3272 959 3326 τὰ
999 3271 1098 3341 τῆς
1141 3272 1336 3343 ἑορτῆς
1381 3273 1498 3344 ἔθη.
1540 3274 1928 3346 Καταπληττό-

356 3385 515 3439 μενος
543 3367 601 3420 δὲ
633 3368 662 3420 6
693 3366 1085 3438 εύαγγελιστής
1136 3383 1322 3436 φησιν,
1352 3366 1434 3417 ὅτι
1480 3366 1509 3418 6
1551 3367 1928 3438 τετραήμερος

353 3459 545 3530 νεκρὸς
580 3457 832 3530 συνήσθιε
863 3458 942 3529 τῷ
971 3458 1211 3530 Χριστῷ,
1240 3459 1320 3520 εἰς
1347 3457 1658 3527 ὑπόμνησιν
1683 3457 1782 3526 τῆς
1809 3457 1928 3512 θεο-

354 3548 596 3621 πρεποῦς
629 3546 794 3602 αὑτοῦ
834 3547 1102 3614 ἐξουσίας.
1144 3545 1369 3614 Είσὰγει
1393 3546 1451 3599 δὲ
1490 3543 1550 3609 ἐξ
1577 3545 1798 3617 ἀγάπης
1827 3547 1929 3616 τῆς

355 3643 434 3702 εἰς
460 3640 716 3710 Χριστὸν,
754 3640 852 3708 τὴν
882 3639 1115 3710 Μάρθαν
1143 3636 1519 3698 διακονοῦσαν,
1566 3638 1659 3690 καὶ
1687 3639 1799 3700 τοῖς
1829 3639 1929 3706 τῆς

357 3732 636 3801 τραπέζης
667 3730 1046 3800 ὑπηρετοῦσαν
1077 3732 1280 3791 πόνοις.

432 3826 541 3877 Καὶ
576 3823 615 3890 ’ἠ
655 3822 865 3890 Μάρθα
891 3821 1178 3890 διηκόνει.

429 3916 544 3986 Τῆς
574 3915 805 3987 Μάρθας
835 3915 1234 3986 ὑπηρετούσης,
1260 3916 1293 3987 ή
1327 3915 1517 3986 Μαρία
1540 3915 1807 3985 ἀλείψασα
1837 3916 1928 3969 τὸν

359 4007 563 4080 Κύριον
596 4008 772 4079 μύρῳ,
808 4006 1090 4060 ἐτελείωσε
1120 4007 1219 4079 τὴν
1243 4009 1325 4072 είς
1358 4007 1520 4062 αὑτὸν
1549 4008 1792 4080 ἀγάπην,
1829 4009 1926 4063 καὶ

351 4100 441 4153 διὰ
471 4099 581 4153 τῶν
608 4099 720 4163 δύο,
765 4098 969 4162 τέλειος
1011 4101 1040 4152 ό
1068 4098 1168 4168 τῆς
1209 4099 1431 4170 ἀγάπης
1458 4100 1583 4171 ὄρος
1613 4099 1924 4171 ἐτελειώθη.

351 4193 586 4246 Δυνατδν
618 4192 676 4245 δὲ
724 4191 862 4262 πρὸς
912 4191 1145 4262 θεωρίαν
1176 4191 1270 4244 τὸν
1319 4192 1498 4260 λόγον,
1533 4193 1624 4246 ἵνα
1675 4193 1776 4263 τὴν
1827 4193 1927 4264 μὲν

351 4284 582 4356 Μάρθαν
638 4283 903 4353 εἴπωμεν,
959 4282 1059 4354 τὴν
1110 4283 1419 4354 πρακτικὴν
1469 4284 1692 4356 ἀρετὴν,
1725 4285 1825 4355 τὴν
1871 4285 1928 4338 δὲ

349 4378 590 4450 Μαρίαν,
634 4375 732 4446 τὴν
772 4378 1150 4446 πνευματικὴν
1205 4374 1458 4445 θεωρίαν,
1503 4375 1627 4445 ἥτις
1692 4373 1923 4428 κατόπιν

353 4468 525 4538 βαίνει
575 4467 673 4536 τῆς
711 4467 1046 4539 πρακτικῆς·
1080 4465 1147 4517 δι’
1181 4457 1256 4518 ὧν
1285 4465 1349 4536 δὴ
1394 4465 1777 4536 πληρεστάτην
1823 4465 1921 4536 τὴν

352 4561 432 4622 εἰς
488 4558 718 4630 Χριστὸν
765 4559 983 4628 ἀγάπην
1047 4557 1489 4628 ἐπιδεικνύμεθα.
1554 4557 1764 4623 ¹Ἄλλοι,
1821 4558 1921 4626 τὴν

351 4651 582 4724 Μάρθαν
605 4651 684 4714 είς
713 4649 880 4703 τύπον
923 4649 1101 4703 νοοῦσι
1129 4649 1228 4720 τῆς
1260 4648 1492 4713 παλαιᾶς
1540 4650 1765 4720 Γραφῆς
1816 4649 1922 4701 ὑπ-

351 4742 723 4814 ηρετουμένην
751 4741 991 4812 Χριστῷ.
1042 4740 1541 4812 Μεταπλαττομένη
1570 4742 1677 4812 γὰρ
1712 4744 1746 4811 ἡ
1779 4743 1923 4793 ἱστομ

354 4835 446 4904 ρία
491 4835 627 4905 πρὸς
669 4834 903 4906 θεωρίαν
959 4833 1352 4903 πνευματικὴν,
1406 4833 1506 4904 τὴν
1537 4833 1631 4887 τοῦ
1677 4833 1928 4903 Σωτῆρος

352 4925 629 4995 τράπεζαν
659 4929 967 4996 συγκροτεῖ.
985 4925 1213 4988 Πολλαῖς
1239 4925 1346 4995 γάρ
1377 4925 1701 4995 μαρτυρίαις
1723 4926 1924 4995 κεχρή-

357 5018 499 5086 μεθα
526 5018 638 5080 τοῖς
667 5017 817 5088 παρά
853 5017 1088 5087 Χριστοῦ
1124 5018 1506 5087 συνιστάμενοι
1537 5017 1791 5086 δόγμασι·
1826 5019 1926 5088 τὴν

349 5109 408 5161 δὲ
454 5107 672 5178 Μαρίαν
717 5107 814 5176 τὴν
867 5108 1228 5177 εὑαγγελικὴν
1287 5107 1592 5174 παίδευσιν,
1624 5107 1722 5177 τὴν
1769 5108 1927 5178 δίκην

351 5201 526 5271 μύρου
553 5199 846 5269 τρίϐουσαν
873 5197 968 5251 τοῦ
1000 5197 1203 5267 Κυρίου
1228 5199 1356 5274 τοὺς
1395 5198 1584 5262 πόδας,
1607 5198 1754 5250 τοῦτ’
1788 5198 1922 5263 ἔστι,

346 5287 449 5352 τὴν
479 5287 604 5356 περὶ
650 5285 747 5356 τὴν
776 5285 881 5354 γῆν
912 5284 1211 5353 γενομένην
1254 5284 1401 5354 αὐτῷ
1444 5285 1775 5354 οἰκονομίαν,
1833 5287 1925 5337 καὶ

345 5379 482 5446 ὃλην
510 5376 606 5445 τὴν
650 5377 754 5443 γῆν
809 5376 910 5444 τῆς
955 5375 1182 5436 εὐωδίας
1233 5375 1564 5444 πληροῦσαν,
1597 5376 1717 5445 ῆτις
1778 5377 1924 5429 ἐστὶν

342 5465 500 5529 οἶκος
529 5467 625 5533 τῆς
658 5467 872 5536 ἁπάσης
921 5466 1358 5536 ἁνθρωπότητος.
1401 5466 1604 5529 Ἄλλοι,
1639 5468 1737 5535 τὴν
1765 5469 1921 5538 Μάρ-

342 5563 452 5615 Dav
485 5559 584 5628 μὲν
604 5556 844 5626 λέγουσι,
876 5559 974 5628 τὴν
996 5559 1105 5611 τῶν
1143 5559 1407 5612 Ἰουδαίων
1448 5560 1797 5627 Συναγωγὴν,
1825 5559 1922 5629 τὴν

338 5653 434 5706 διὰ
463 5649 574 5703 τῶν
616 5649 892 5720 σαρκικῶν
943 5650 1204 5704 θέλουσαν
1249 5649 1577 5722 θεραπεύειν
1623 5651 1712 5702 τὸν
1767 5651 1918 5703 Θεόν·

336 5746 445 5813 τὴν
470 5743 526 5796 δὲ
556 5743 800 5813 Μαρίαν,
831 5742 926 5812 τὴν
954 5743 1011 5808 ἐξ
1039 5743 1210 5796 ἐθνῶν
1252 5743 1600 5812 Ἐκκλησίαν,
1634 5743 1732 5813 τὴν
1757 5761 1921 5795 πνευ-

347 5835 586 5909 ματικὰς
616 5835 811 5900 θυσίας
861 5836 954 5888 καὶ
1001 5834 1174 5903 εὐώδη
1206 5835 1386 5886 πίστιν
1432 5835 1816 5903 προσάγουταν
1841 5832 1917 5900 τῷ

707 5929 976 5990 PATROL.
1019 5933 1130 5990 Cn.
1166 5928 1422 5994 LXXIV,

2025 624 2109 676 vel
2143 623 2246 675 hoc
2277 622 2331 675 in
2365 628 2744 692 argumentum
2773 620 2985 674 timoris
3018 619 3284 683 trahunt,
3310 617 3456 689 quod
3488 631 3598 674 neu

2028 712 2287 768 ascendat
2318 713 2368 766 in
2401 711 2706 767 Jerusalem
2727 751 2744 775 ,
2778 718 3037 780 tanquam
3072 712 3173 767 sibi
3217 712 3323 782 ipsi
3365 727 3598 767 succur-

2027 819 2147 857 rere
2179 819 2287 857 non
2321 802 2497 873 possit
2524 802 2577 855 in
2605 800 2700 856 tali
2726 800 2812 855 die
2833 841 2847 862 ,
2879 801 3109 871 ideoque
3139 801 3395 856 consulto
3428 802 3595 857 absit.

2027 894 2124 950 Vel
2158 896 2324 950 etiam
2357 896 2502 949 inter
2533 908 2592 948 se
2639 892 2757 948 hazc
2797 892 2990 947 dicunt
3038 893 3072 946 ii
3117 893 3322 963 quibus
3365 893 3596 964 impera-

2025 995 2140 1041 tum
2172 994 2291 1042 erat
2334 986 2486 1040 illum
2528 983 3026 1055 comprehendere,
3066 984 3180 1054 jam
3217 985 3461 1040 animum
3504 986 3601 1040 de-

2026 1079 2359 1149 spondentes
2381 1117 2396 1141 ,
2443 1076 2889 1148 quandoquidem
2935 1077 3179 1131 nondum
3215 1092 3341 1132 eum
3373 1077 3602 1133 venien-

2026 1158 2134 1225 tem
2164 1170 2442 1232 videbant,
2469 1177 2523 1224 et
2543 1169 2610 1224 ad
2632 1170 2900 1240 imperata
2927 1168 3282 1239 exsequenda
3313 1168 3603 1226 celerrime

2027 1277 2086 1318 se
2131 1261 2545 1332 comparabant.

2096 1352 2190 1408 XII
2212 1395 2226 1420 ,
2262 1355 2313 1408 1.
2360 1352 2516 1408 Iesus
2549 1370 2668 1424 ergo
2699 1362 2821 1407 ante
2849 1369 2939 1407 sea:
2967 1352 3078 1408 dies
3112 1352 3332 1407 Pascha:
3378 1352 3515 1406 venit
3547 1353 3600 1405 in

2031 1447 2340 1501 Bel/laniant
2363 1486 2378 1510 ,
2408 1455 2518 1502 etc.

2095 1539 2438 1609 Contemptis
2463 1535 2776 1592 Judaaorum
2803 1535 3018 1591 insidiis
3037 1534 3303 1590 Dominus
3325 1549 3384 1590 se
3407 1542 3604 1606 sponte

2027 1645 2090 1685 ac
2122 1631 2267 1684 ulu'o
2297 1630 2365 1685 ad
2403 1629 2718 1700 patiendum
2766 1628 2969 1691 tradit,
3011 1629 3238 1697 quando
3281 1627 3470 1680 aderat
3511 1642 3605 1697 pa-

2026 1721 2195 1777 tiendi
2227 1730 2446 1792 tempus
2467 1763 2480 1784 ,
2514 1719 2794 1790 profectus
2842 1719 2896 1772 in
2941 1718 3264 1772 Bethaniam
3293 1725 3348 1772 et
3377 1732 3483 1771 non
3516 1716 3604 1770 Je-

2030 1815 2303 1879 rusalem,
2339 1829 2406 1869 ne
2441 1821 2666 1884 repente
2696 1827 2724 1866 a
2754 1811 2958 1866 Iudaeis
3001 1819 3335 1880 conspectus
3381 1809 3504 1865 illos
3548 1808 3602 1863 iu

2029 1910 2170 1964 iram
2209 1909 2566 1972 accenderet,
2603 1905 2701 1963 sed
2738 1921 2834 1976 per
2873 1905 3072 1959 famam
3097 1944 3110 1968 ,
3145 1919 3254 1974 qua
3287 1903 3341 1958 in
3374 1902 3602 1974 prapin-

2027 2016 2136 2072 quo
2186 2015 2308 2055 esse
2353 2000 2654 2060 diceretur,
2682 1995 2932 2052 furentes
2976 2009 3165 2050 eorum
3208 1993 3424 2048 animos
3469 2007 3605 2047 non-

2029 2095 2165 2151 nihil
2197 2092 2604 2162 comprimeret.
2639 2089 2908 2160 Epulatur
2942 2103 3074 2143 vero
3109 2102 3232 2142 cum
3266 2086 3477 2140 Lazaro
3499 2127 3513 2151 ,
3541 2101 3604 2139 ea

2028 2203 2090 2242 re
2137 2195 2477 2257 spectatores
2509 2183 2837 2244 admonens,
2862 2180 3239 2249 certioresque
3284 2176 3494 2232 faciens
3539 2175 3607 2229 de

2029 2291 2129 2332 sua
2190 2275 2377 2329 divina
2433 2272 2693 2342 potentia.
2739 2269 2993 2325 Ostendit
3047 2283 3178 2324 vero
3234 2267 3605 2338 evangelistes

2029 2367 2132 2422 hac
2161 2366 2482 2421 narratione
2498 2364 2781 2420 Christum
2810 2363 2954 2416 haud
2987 2361 3384 2431 contempsisse
3405 2359 3604 2428 legem,

2030 2459 2173 2514 unde
2203 2465 2257 2514 et
2290 2465 2417 2511 ante
2446 2455 2590 2510 diem
2627 2463 2844 2511 sextum
2895 2453 3151 2516 Paschze,
3184 2467 3309 2506 cum
3336 2451 3603 2506 emendus

2028 2558 2149 2607 erat
2179 2563 2356 2618 agnus
2389 2554 2443 2602 et
2472 2545 2780 2602 servandus
2812 2558 2986 2614 usque
3031 2542 3097 2597 ad
3135 2543 3409 2597 decimum
3435 2556 3605 2613 quar-

2027 2651 2174 2705 tum,
2208 2640 2464 2711 epulatus
2494 2645 2578 2693 est
2609 2653 2737 2692 cum
2774 2636 3021 2690 Lazaro:
3075 2634 3217 2690 forte
3253 2634 3398 2704 quod
3434 2635 3606 2690 moris

2027 2741 2146 2788 erat
2175 2729 2380 2786 Iudaeis
2416 2742 2528 2783 uno
2554 2728 2667 2792 die,
2719 2735 3016 2797 antequam
3074 2733 3336 2796 caperent
3371 2741 3596 2796 agnum,

2029 2823 2285 2880 nonnihil
2315 2821 2506 2876 feriari
2530 2859 2546 2884 ,
2571 2836 2679 2874 non
2711 2835 2776 2875 ex
2806 2820 2925 2889 lege
2953 2818 3047 2874 sed
3071 2823 3142 2874 ex
3170 2817 3571 2874 consuetudine
3589 2859 3603 2882 ,

2029 2929 2108 2981 ut,
2141 2924 2266 2988 post
2300 2931 2419 2971 eam
2457 2923 2823 2983 assumptam,
2860 2912 3059 2967 darent
3087 2926 3309 2983 operam
3343 2911 3606 2982 deinceps

2028 3024 2203 3079 usque
2230 3007 2294 3062 ad
2330 3006 2532 3060 festum
2562 3003 2779 3073 jejunio
2802 3045 2816 3068 ,
2851 3002 2968 3058 sive
3014 3003 3280 3073 paucitati
3328 3006 3509 3060 victus
3551 3013 3607 3058 et

2027 3099 2470 3172 purgationibus.
2504 3095 2736 3151 Videtur
2765 3109 2896 3165 ergo
2924 3095 3088 3166 695
3124 3094 3393 3152 Dominus
3438 3097 3606 3157 etiam

1953 3213 1998 3272 ο
2032 3193 2090 3247 in
2122 3192 2228 3246 hoc
2261 3205 2467 3245 morem
2510 3187 2635 3243 festi
2681 3187 2943 3242 coluisse.
2981 3188 3435 3248 Admirabundus
3475 3204 3608 3243 vero

2029 3282 2396 3356 evangelistes
2444 3282 2556 3344 ait,
2613 3279 3043 3349 quatriduanum
3093 3289 3370 3334 mortuum
3415 3281 3610 3350 epulao

2031 3386 2145 3433 tum
2195 3391 2319 3431 esse
2373 3389 2498 3428 cum
2533 3371 2795 3437 Christo,
2849 3371 2906 3425 in
2954 3371 3154 3426 divina:
3187 3372 3308 3441 ejus
3349 3375 3610 3443 potentia:

2031 3466 2637 3523 commemorationem.
2681 3461 2898 3517 indicat
2940 3478 3073 3518 vero
3109 3463 3277 3518 etiam
3312 3479 3377 3519 ex
3409 3463 3608 3520 affectu

2030 3562 2086 3615 in
2121 3559 2400 3615 Christum
2424 3598 2438 3622 ,
2476 3555 2747 3611 Martham
2780 3555 3192 3609 ministrantem
3244 3572 3482 3624 mensae,
3530 3557 3610 3612 la-

2030 3655 2304 3722 boresque
2336 3647 2610 3719 ejusmodi
2655 3647 2971 3702 obeuntem.

2103 3831 2224 3895 XII,
2259 3831 2314 3884 ‘2.
2359 3827 2428 3881 Et
2463 3824 2681 3881 Mart/ra
2723 3824 3086 3878 ministrabat.

2107 3923 2318 3979 Martha
2347 3919 2694 3974 ministrante
2720 3957 2734 3982 ,
2759 3916 2928 3971 Maria
2951 3916 3290 3987 perfundens
3321 3920 3607 3978 Dominum

2034 4019 2318 4086 unguento
2339 4051 2354 4075 ,
2389 4023 2607 4064 omnem
2633 4009 2686 4062 in
2717 4023 2839 4063 eum
2876 4007 3224 4064 dilectionem
3258 4024 3610 4070 consumma-

2031 4109 2106 4160 vit
2128 4146 2141 4168 ,
2171 4120 2235 4160 ac
2262 4119 2358 4175 per
2388 4103 2577 4158 ambas
2611 4101 2782 4157 totius
2809 4101 3119 4159 dilectionis
3156 4103 3424 4162 terminus
3455 4122 3608 4162 com-

2026 4200 2206 4269 pletus
2236 4203 2338 4251 est.
2379 4193 2565 4250 Potest
2603 4201 2658 4249 et
2691 4193 2757 4248 ad
2795 4195 3228 4262 speculationem
3265 4196 3453 4252 referri
3491 4214 3608 4254 serv

2027 4305 2136 4351 mo,
2172 4296 2230 4342 ut
2267 4285 2536 4340 Martham
2569 4283 2790 4355 quidem
2820 4283 3157 4353 accipiamus
3188 4285 3444 4340 virtutem
3476 4301 3608 4355 pra-

2033 4380 2255 4443 cticam,
2281 4378 2508 4432 Mariam
2541 4376 2886 4446 spiritualem
2916 4377 3465 4446 contemplationem,
3489 4393 3608 4448 qua:

2033 4469 2333 4540 practicam
2366 4483 2394 4521 a
2431 4475 2588 4536 tergo
2636 4465 2909 4535 sequitur,
2955 4483 3051 4537 per
3083 4483 3221 4537 quas
3257 4468 3606 4524 absolutissi-

2034 4576 2178 4614 mam
2235 4574 2367 4629 erga
2426 4559 2592 4612 Deum
2659 4557 3010 4612 dilectionem
3063 4560 3439 4630 designamus.
3497 4559 3604 4611 Alii

2034 4650 2305 4705 Martham
2364 4650 2418 4703 in
2480 4650 2710 4718 ﬁguram
2767 4656 2996 4703 sumunt
3046 4653 3252 4706 veteris
3304 4649 3604 4718 Scripturac

2032 4742 2432 4796 ministrantem
2469 4739 2710 4793 Christo.
2755 4737 3174 4796 Transformata
3211 4741 3483 4812 siquidem
3519 4741 3602 4794 hi-

2028 4834 2201 4889 storia
2243 4833 2294 4886 in
2331 4832 2848 4901 contemplationem
2881 4833 3257 4904 spiritualem,
3291 4833 3601 4888 Servatoris

2033 4940 2276 4980 mensam
2311 4923 2538 4978 instruit
2575 4933 2629 4979 et
2671 4924 2921 4979 adornat.
2962 4925 3143 4980 Multis
3177 4925 3318 4979 enim
3372 4924 3604 4980 nitimur

2029 5015 2358 5071 testimoniis
2391 5013 2459 5069 de
2493 5013 2712 5068 Christo
2744 5056 2758 5077 ,
2794 5013 3069 5084 dogmatis
3103 5014 3222 5082 ejus
3252 5012 3601 5081 conﬁrmati;

2035 5105 2260 5159 Mariam
2296 5120 2426 5160 vero
2467 5105 2842 5174 evangelicam
2887 5105 3317 5166 institutionem,
3350 5119 3472 5174 quae
3519 5104 3605 5159 in-

2027 5207 2140 5251 star
2176 5197 2437 5268 unguenti
2470 5197 2688 5252 Domini
2719 5197 2884 5265 pedes
2920 5197 3075 5250 unxit
3097 5239 3110 5257 .
3147 5196 3252 5249 hoc
3281 5202 3366 5251 est
3397 5195 3517 5264 ejus
3549 5197 3604 5251 in

2027 5277 2171 5344 terra
2207 5290 2592 5353 oeconomiam,
2637 5299 2799 5360 atque
2834 5289 3152 5342 universum
3193 5293 3466 5343 terrarum
3511 5302 3605 5342 or-

2027 5382 2146 5435 bem
2177 5380 2474 5450 fragrantia
2520 5380 2708 5434 odoris
2762 5378 2974 5445 implet,
3004 5391 3125 5445 quia
3159 5384 3245 5431 est
3291 5378 3460 5432 totius
3510 5377 3604 5428 hu-

2025 5472 2307 5525 manitatis
2364 5470 2583 5525 domus.
2662 5470 2764 5522 Alii
2832 5467 3097 5520 Martinam
3173 5469 3604 5541 interpretantur

2024 5559 2336 5614 Judmorum
2394 5560 2778 5630 Synagogam,
2851 5573 2970 5626 qum
3032 5573 3127 5627 per
3186 5561 3430 5614 carnalia
3487 5557 3604 5607 vult

2029 5653 2195 5707 Deum
2232 5653 2452 5716 colere;
2490 5650 2716 5704 Mariam
2759 5665 2889 5704 vero
2917 5647 3211 5712 conﬂatam
3251 5667 3315 5706 ex
3343 5645 3602 5720 gentibus

2029 5743 2350 5805 Ecclesiam,
2382 5758 2504 5812 quae
2535 5741 2840 5810 spiritualia
2896 5741 3171 5794 sacrificia
3199 5751 3255 5796 et
3284 5736 3602 5794 suaveolen-

2026 5843 2133 5886 tem
2189 5834 2345 5886 Iidem
2396 5834 2616 5885 Christo
2672 5833 2866 5896 offert,
2921 5832 3292 5905 oxprimitque
3342 5845 3370 5884 ε
3411 5830 3601 5878 sancta

3133 5925 3169 5978 3
