4106 6262
555 419 630 477 ‘lii
1581 423 1636 478 S.
1677 421 1953 478 CYRILLI
1994 419 2466 476 ALEXANDRINI
2500 422 2815 480 ARCHIEP.
3726 431 3788 485 76

559 542 679 618 ejus
704 557 870 606 carne
900 541 1336 599 benedictionem
1368 553 1464 610 per
1497 541 1786 610 mysticam
1833 539 2128 608 participa-

2247 542 2467 614 Ι(ριστῷ,
2502 542 2596 596 καὶ
2626 543 3075 614 ἀναματτομένην
3107 545 3204 615 τὴν
3232 547 3295 600 ὲκ
3326 545 3424 616 τῆς
3447 547 3606 614 ἁγίας
3634 549 3790 601 αὐτοῦ

560 635 790 690 tionem.
841 631 1012 689 Oﬂ'ert
1047 646 1174 687 vero
1228 630 1451 697 libram,
1495 629 1640 700 quod
1681 637 1767 684 est
1817 629 2125 699 perfectum

2247 634 2434 704 σαρκὸς
2468 635 2714 704 εὐλογίαν
2744 636 2832 689 διὰ
2860 637 2957 706 τῆς
2989 637 3255 706 μυστικῆς
3283 637 3651 707 μεταλήψεως.
3706 639 3794 692 Λί-

563 726 798 796 pondus,
841 724 908 779 ad
949 721 1338 796 perfectionem
1381 719 1505 776 ﬁdei
1539 719 1953 789 designandum.

632 898 763 964 XII,
816 899 868 954 3.
911 896 1112 952 Domus
1158 913 1282 951 vero
1325 895 1539 963 impleta
1593 905 1670 950 est
1702 910 1765 950 ex
1815 893 1973 948 odore
2025 909 2127 946 mt-

562 991 762 1062 gucnti.

633 1083 778 1138 Loco
808 1080 1118 1152 fragrantia:
1159 1086 1213 1135 et
1249 1078 1456 1146 odoris,
1489 1077 1693 1134 Christi
1740 1078 1982 1148 cognitio
2030 1081 2134 1132 im-

563 1177 775 1248 pletura
813 1183 932 1230 erat
968 1174 1158 1230 orbem
1199 1181 1496 1228 terrarum.
1534 1171 1760 1242 Replcta
1792 1175 1934 1227 enim
1969 1171 2135 1226 domo

564 1268 838 1323 suavitate
889 1266 1173 1338 unguenti,
1219 1266 1388 1320 veluti
1438 1266 1691 1336 symbolo
1741 1264 2136 1320 ostendebatur

563 1359 761 1414 domus
796 1359 889 1412 illa
918 1373 1039 1429 qum
1073 1357 1390 1427 propediem
1422 1357 1786 1426 spiritualiter
1823 1364 1941 1410 erat
1979 1354 2136 1425 perﬁ-

563 1452 786 1507 cienda.
822 1449 1019 1504 Statim
1053 1449 1198 1506 enim
1237 1456 1359 1519 post
1387 1449 1700 1518 passionem
1735 1447 1963 1512 Christi,
2009 1447 2136 1501 uni-

565 1556 723 1599 versa
773 1551 920 1598 terra
968 1541 1127 1598 suavi
1167 1542 1339 1596 odore
1386 1548 1651 1610 tanquam
1695 1554 1890 1609 magna
1939 1537 2135 1594 domus

566 1644 846 1708 unguento
877 1636 1087 1706 repleta
1119 1641 1228 1689 est.
1262 1633 1361 1688 Illa
1387 1648 1520 1704 ergo
1545 1649 1642 1703 per
1674 1634 1725 1687 id
1770 1632 1916 1702 quod
1949 1632 2135 1688 sensui

567 1729 837 1798 subjaeet,
878 1725 1209 1798 praedicebat
1244 1724 1297 1779 id
1330 1724 1480 1794 quod
1514 1725 1618 1780 sub
1667 1723 2008 1779 imellectum
2042 1737 2137 1777 ea-

567 1818 688 1874 dit:
723 1833 848 1872 nam
887 1818 1009 1888 ejus
1047 1831 1279 1887 corpore
1303 1816 1478 1871 instar
1510 1815 1776 1871 alabastri
1806 1823 2134 1884 compuncto

568 1923 633 1964 ac
664 1923 955 1981 percusso,
999 1906 1335 1979 cognitionis
1376 1905 1542 1976 696
1591 1905 1961 1962 suaveolentia
2012 1905 2135 1958 uni-
2166 1879 2209 1940 Β

567 2018 785 2059 versum
815 2002 1002 2058 orbem
1036 1998 1294 2072 perfudit.

636 2093 752 2158 Xll,
783 2094 840 2162 4,
865 2093 919 2149 5.
935 2093 1076 2149 Dicit
1103 2094 1266 2164 igitur
1286 2091 1459 2146 ludas
1485 2089 1768 2146 Iscariotes
1799 2108 1816 2144 :
1845 2090 2023 2158 Quare
2043 2092 2140 2146 hoc

565 2193 888 2256 unguentum
913 2201 1016 2240 non
1039 2183 1198 2240 veniit
1223 2183 1468 2238 trecentis
1492 2180 1750 2248 denariis,
1779 2191 1827 2236 et
1854 2183 2041 2236 datum
2061 2189 2137 2236 est

563 2279 734 2350 egenis
761 2279 787 2332 7

637 2369 852 2425 Mulieri
888 2367 1147 2438 pietatem
1195 2381 1349 2421 suam
1401 2381 1530 2433 erga
1583 2364 1863 2419 Christum
1914 2365 2136 2421 testanti

566 2460 816 2532 proditor
849 2463 1158 2519 succenset,
1209 2455 1590 2523 actionemque
1639 2455 2005 2510 admiratione
2052 2456 2136 2510 di-

565 2565 729 2624 gnam
762 2547 958 2618 carpit,
1004 2547 1336 2614 simulatque
1371 2561 1429 2600 se
1455 2545 1726 2598 charitate
1759 2559 1891 2614 erga
1932 2561 2138 2615 paupe-

568 2661 658 2700 res
685 2641 906 2698 modum
935 2637 1355 2709 reprehendere,
1381 2634 1531 2705 quod
1553 2641 1891 2703 unguentum
1918 2633 2139 2689 oii‘erret

567 2743 621 2792 et
647 2749 755 2791 non
781 2739 1089 2802 argentum.
1121 2727 1258 2780 Cum
1295 2733 1474 2779 autem
1507 2723 1559 2778 id
1593 2723 1735 2793 quod
1769 2737 1895 2777 vere
1935 2721 2138 2776 bonum

567 2835 654 2883 est
692 2827 995 2896 ignoraret,
1023 2819 1159 2874 dicit
1195 2818 1298 2871 hoc
1326 2815 1519 2870 ludas.
1559 2813 1793 2886 Oportet
1824 2815 1968 2870 enim
1994 2814 2141 2869 obla-

569 2918 800 2978 tionem,
826 2927 950 2983 quae
986 2909 1097 2965 Deo
1131 2909 1214 2970 iit,
1244 2906 1580 2978 pauperibus
1604 2905 1890 2960 anteferri.

639 3003 766 3067 XII,
802 3002 854 3058 6.
903 3001 1052 3056 Dixit
1079 3011 1254 3056 autem
1283 2999 1402 3061 hoc,
1443 3014 1547 3052 non
1572 2997 1710 3066 quod
1742 3014 1823 3051 res
1858 3011 2139 3066 egenorum

570 3095 672 3166 ipsi
702 3109 844 3148 cura!
871 3100 1066 3159 essent,
1116 3090 1207 3146 sed
1253 3089 1377 3160 quia
1407 3086 1494 3155 [ur
1542 3095 1677 3154 erat,
1707 3097 1756 3142 et
1811 3087 2010 3142 (oculos
2040 3089 2140 3138 ha-

572 3189 718 3250 bens,
746 3195 854 3241 etc.

645 3277 884 3350 Exponit
922 3291 1149 3332 causam
1175 3275 1516 3344 evangelista
1547 3287 1646 3327 cur
1679 3271 1792 3324 hare
1829 3269 2145 3340 loqueretur

571 3369 765 3436 ludas,
808 3386 918 3426 non
954 3369 1102 3440 quod
1139 3383 1407 3439 pauperes
1444 3373 1688 3428 curaret,
1734 3363 1829 3418 sed
1871 3362 2016 3431 quod
2061 3361 2148 3413 iur

573 3471 719 3519 esset
766 3471 821 3517 et
855 3462 1178 3530 sacrilegus,
1233 3457 1342 3512 Deo
1386 3457 1603 3512 dicatas
1652 3454 1915 3523 pecunias
1968 3453 2168 3505 subii--

575 3556 752 3630 piens.
785 3554 1042 3610 Christus
1077 3565 1206 3606 vero
1231 3549 1517 3604 mulierem
1552 3546 1702 3602 omni
1737 3547 1898 3614 culpa
1927 3543 2146 3606 liberat,

575 3650 706 3703 dum
752 3647 969 3702 occulte
1009 3642 1346 3712 proditorem
1378 3639 1680 3710 redarguit,
1723 3637 1815 3708 qui
1843 3636 1992 3690 nulla
2018 3651 2144 3688 cum

580 3740 795 3793 ratione
827 3735 988 3790 laude
1029 3735 1193 3804 digna
1221 3732 1665 3804 reprehenderet,
1691 3730 1920 3784 dicens:
1957 3746 1976 3780 ι
2017 3728 2150 3784 Sine

577 3829 869 3888 illamaoe
896 3828 1163 3898 unguenti
1194 3843 1322 3883 vero
1342 3826 1662 3896 perfusione
1691 3837 1916 3879 cansam
1949 3823 2150 3885 reddit,

575 3919 856 3992 quodnon
883 3917 951 3972 ad
1003 3917 1213 3980 luxum,
1261 3916 1355 3972 sed
1385 3915 1455 3969 ad
1497 3914 1818 3985 mysterium
1873 3911 2147 3982 quoddam

576 4011 724 4083 quod
757 4010 904 4064 circa
929 4009 1048 4079 ejus
1076 4009 1420 4079 sepulturam
1454 4006 1581 4069 fuit,
1613 4011 1824 4074 spectet
1857 4019 1870 4055 :
1902 4003 2006 4057 etsi
2029 4018 2150 4072 quae

577 4103 634 4159 id
697 4099 954 4163 faciebat,
1015 4099 1300 4169 ignoraret
1353 4097 1602 4168 mysterii
1668 4095 1938 4149 rationem
1984 4103 2150 4164 atque

579 4191 965 4249 meonomiam.
1003 4190 1174 4246 Multa
1221 4191 1366 4246 enim
1408 4187 1664 4242 nonnulli
1707 4195 1763 4242 et
1803 4187 2064 4240 dixerunt
2097 4193 2152 4240 et

581 4284 829 4340 fecerunt
863 4281 932 4337 ad
957 4282 1247 4354 mysticam
1280 4279 1586 4349 spectantia
1621 4279 1870 4347 ﬁgurant,
1894 4278 2015 4334 licet
2051 4277 2152 4332 im-

2231 743 2368 798 τραν
2397 727 2454 780 δὲ
2487 728 2775 797 προσάγει,
2811 729 2946 800 ὅπερ
2979 728 3093 782 ἐστὶ
3141 729 3345 793 τέλειος
3399 731 3657 802 σταθμὸς,
3713 730 3794 784 διὰ

2232 816 2293 869 τὸ
2321 818 2423 888 τῆς
2464 819 2700 882 πίστεως
2729 820 2955 872 τέλειον.

2315 909 2377 962 Ἠ
2403 907 2471 960 δὲ
2517 910 2674 962 οίκία
2705 908 3017 977 ἐπληρώθη
3058 908 3127 963 ἐκ
3170 908 3283 978 τῆς
3329 907 3523 979 ὀσμῆς
3554 911 3657 964 τοῦ
3690 913 3796 980 μύ-

2225 1019 2362 1070 ρου.

2318 1093 2404 1146 Ἐν
2433 1091 2582 1158 τάξει
2626 1093 2872 1157 εὐωδίας,
2903 1094 2936 1164 ὴ
2975 1091 3070 1148 τοῦ
3103 1094 3342 1167 Χριστοῦ
3371 1094 3571 1162 γνῶσις
3609 1093 3797 1165 ἔμελλε

2237 1186 2476 1258 πληροῦν
2524 1187 2616 1239 τδν
2665 1187 2888 1256 κόσμον.
2933 1186 3040 1239 Τοῦ
3078 1188 3186 1258 γὰρ
3235 1187 3383 1240 οἴκου
3426 1186 3799 1257 πληρωθέντος

2234 1280 2333 1348 τῆς
2371 1280 2435 1330 ὲκ
2467 1276 2560 1329 τοῦ
2603 1276 2775 1348 μύρου
2814 1277 3056 1340 εὐωδίας,
3093 1278 3434 1349 συμϐολικῶς
3464 1279 3801 1331 ἐπεδείκνυτο

2236 1369 2462 1431 ἐκεῖνος,
2507 1369 2646 1439 ὅπερ
2687 1368 3070 1438 πνευματικῶς
3111 1369 3212 1422 οὐκ
3250 1371 3328 1432 είς
3360 1369 3576 1439 μακρὰν
3611 1371 3803 1422 ἀποτε-

2237 1459 2493 1530 λεσθῆναι
2532 1459 2781 1530 ἔμελλεν.
2820 1451 2995 1524 Εὐθὺς
3031 1461 3138 1531 γὰρ
3187 1459 3323 1530 μετά
3369 1459 3432 1512 τὸ
3484 1461 3675 1523 πάθος,
3709 1460 3803 1531 τῆς

2237 1551 2474 1623 Χριστοῦ
2509 1552 2736 1616 εὐωδίας
2770 1553 2803 1621 ἡ
2858 1551 3120 1623 σύμπασα
3145 1552 3458 1623 οἰκουμένη,
3490 1551 3678 1624 ῶσπερ
3713 1554 3803 1623 μέ-

2237 1659 2340 1713 γας
2367 1640 2533 1708 οἶκος,
2560 1642 2854 1715 ἐπληρώθη
2887 1644 3078 1714 μύρου.
3120 1640 3211 1714 Τῷ
3241 1643 3416 1696 τοίνυν
3446 1642 3712 1714 αἰσθητῷ,
3747 1644 3804 1696 τὺ

2237 1734 2424 1806 νοητὸν
2474 1736 2656 1806 ἐκείνη
2697 1737 3027 1807 προεμήνυε·
3075 1733 3168 1787 τοῦ
3200 1734 3307 1806 γὰρ
3347 1734 3594 1805 σώματος
3639 1735 3804 1788 αὐτοῦ

2237 1825 2611 1897 ἀλλαϐἀστρου
2662 1827 2816 1896 δίκην
2864 1826 3299 1898 ὲκκεντηθέντος,
3336 1828 3369 1899 ὴ
3405 1831 3504 1898 τῆς
3551 1825 3806 1896 γνώσεως

2239 1918 2435 1973 εὐωδία
2457 1920 2546 1973 τὸν
2573 1919 2693 1973 ὅλον
2721 1918 3006 1990 ἐπλήρωσε
3035 1919 3262 1989 κόσμον.

2308 2095 2477 2168 Λέγει
2505 2092 2619 2152 οὖν
2660 2086 2882 2162 Ἰούδας
2913 2099 2945 2150 ό
2997 2096 3374 2164 Ἰσκαριώτης
3393 2115 3407 2130 ·
3440 2097 3602 2151 Arati
3631 2097 3809 2152 τοῦτο

2237 2191 2302 2244 τὸ
2330 2193 2523 2258 μύρον
2564 2190 2674 2242 οὐκ
2714 2188 2940 2257 ἐπράθη
2973 2188 3332 2255 τριακοσίων
3351 2187 3668 2257 δηναρίων,
3710 2185 3810 2240 καὶ

2237 2281 2417 2349 ἐδόθη
2457 2280 2713 2348 πτωχοῖς
2734 2296 2752 2342 -;

2321 2371 2580 2441 Ἐπιτιμᾷ
2608 2373 2635 2423 6
2663 2369 2926 2440 προδότης
2956 2372 3020 2440 τῇ
3048 2370 3268 2438 γυναικῖ
3296 2368 3675 2440 ὲπιδειξαμένῃ
3712 2367 3810 2438 τὴν

2239 2462 2318 2526 είς
2351 2459 2585 2532 Χριστὸν
2615 2460 2918 2524 εὐσέϐειαν,
2954 2461 3050 2514 καὶ
3074 2461 3173 2529 τῆς
3200 2460 3532 2528 ἀξιαγάστου
3556 2459 3810 2530 πράξεως

2241 2551 2691 2621 ἐπιλαμϐάνεται,
2725 2550 2816 2601 καὶ
2845 2553 3225 2618 προσποιεῖται
3273 2550 3360 2603 διὰ
3403 2549 3505 2617 τῆς
3557 2553 3637 2612 είς
3682 2551 3813 2611 τοὺς

2241 2643 2489 2709 πτωχοὺς
2539 2641 2759 2708 ἀγάπης
2817 2639 3148 2708 μέμφεσθαι,
3201 2640 3333 2691 διότι
3411 2639 3582 2708 μύρον
3630 2657 3811 2708 προσ-

2241 2730 2424 2799 έφερε,
2452 2729 2545 2780 καὶ
2572 2729 2672 2779 οὐκ
2704 2727 2985 2797 ἀργύριον.
3005 2729 3235 2793 Ἀγνοῶν
3257 2728 3312 2778 δὲ
3341 2727 3399 2779 τὸ
3424 2729 3590 2789 δντως
3620 2730 3816 2793 καλὸν,

2241 2820 2387 2886 λέγει
2415 2819 2572 2870 τοῦτο
2595 2819 2624 2869 6
2663 2817 2880 2878 Ἰούδας.
2917 2819 3008 2868 Δεῖ
3034 2817 3142 2886 γὰρ
3165 2819 3264 2886 τὴν
3293 2818 3374 2880 είς
3407 2817 3538 2870 Θεὸν
3565 2818 3814 2888 δωροφοο

2243 2911 2384 2983 ρίαν,
2423 2908 2817 2980 προτιμοτέραν
2847 2905 2985 2962 εἶναι
3011 2909 3116 2961 τῶν
3152 2909 3402 2980 πτωχῶν.

2313 2996 2458 3055 Sim:
2493 2997 2561 3050 δὲ
2589 2997 2783 3061 τοῦτο,
2815 2999 2926 3066 οὐχ
2961 2997 3048 3051 ὅτι
3080 2999 3209 3065 περὶ
3241 2997 3356 3051 τῶν
3394 3000 3643 3069 πτωχῶν
3675 3002 3812 3070 ἐμε-

2241 3094 2372 3156 λεν,
2406 3089 2541 3143 ἀλλ’
2589 3087 2678 3141 ὅτι
2729 3089 2996 3156 κλέπτης
3028 3085 3105 3159 ἦν
3135 3089 3231 3142 καὶ
3276 3090 3342 3143 τὸ
3374 3093 3820 3162 γλωσσόκομον

2169 3211 2212 3267 ε
2244 3179 2387 3252 εἶχε,
2414 3184 2509 3235 καὶ
2536 3181 2605 3234 τὰ
2635 3182 2783 3250 ἑξῆς.

2327 3275 2384 3328 '0
2422 3273 2604 3343 μέντοι
2653 3271 3041 3343 εὐαγγελιστὴς
3071 3272 3343 3344 ἐξηγεῖται
3380 3275 3483 3346 τὴν
3514 3276 3714 3340 αἰτίαν,
3745 3278 3817 3330 δι’

2245 3367 2310 3437 ἣν
2341 3365 2512 3418 ταῦτα
2544 3362 2696 3416 εἶπεν
2725 3365 2757 3416 ὁ
2787 3364 3009 3427 Ἰούδας,
3057 3365 3139 3418 ὅτι
3175 3367 3272 3436 οὐχ
3305 3367 3382 3428 ὡς
3428 3367 3536 3419 τῶν
3567 3369 3821 3437 πενήτων

2244 3455 2561 3524 κηδόμενος,
2593 3453 2728 3507 ἀλλά
2767 3454 2848 3506 ὃτι
2884 3453 3121 3524 κλέπτης
3157 3449 3226 3524 ἦν
3272 3455 3368 3507 καὶ
3405 3455 3699 3525 ἱερόσυλος,
3749 3458 3820 3507 τὰ

2244 3545 2321 3616 τῷ
2359 3543 2481 3616 Θεῷ
2505 3545 2868 3615 ἀνατιθέμενα
2896 3546 3156 3616 χρήματα
3183 3545 3450 3599 κλέπτων.
3493 3549 3602 3600 Καὶ
3629 3549 3657 3600 ὁ
3682 3549 3813 3618 Χρι-

2246 3637 2368 3700 στὸς
2395 3636 2451 3689 δὲ
2498 3636 2676 3704 πάσης
2722 3636 2900 3698 αἰτίας
2931 3635 3222 3707 ἐλευθέραν
3254 3636 3544 3706 ἀποφαίνει
3589 3637 3686 3706 τὴν
3717 3654 3816 3705 γυ-

2245 3733 2423 3793 ναῖκα,
2453 3729 2519 3781 δι’
2547 3723 2622 3781 ὧν
2648 3728 3146 3798 ἐγκεκαλυμμέναις
3177 3729 3388 3799 ὲλέγγει
3414 3730 3504 3782 τὸν
3529 3731 3820 3801 προδότην,

2246 3820 2346 3872 οὐκ
2398 3818 2634 3885 εὐλόγως
2666 3817 2990 3887 αἰτιώμενον
3017 3819 3087 3871 τὰ
3133 3820 3356 3872 ἐπαίνου
3415 3819 3560 3885 ἀξια,
3621 3821 3817 3890 λέγων,

2254 3909 2460 3977 «Ἄφες
2487 3908 2716 3978 αὐτήν.»
2762 3908 3210 3976 Ἀπολογεῖταιδὲ
3230 3911 3369 3981 ὑπὲρ
3399 3910 3499 3979 τῆς
3519 3911 3612 3964 τοῦ
3645 3911 3817 3982 μύρου

2247 3996 2500 4068 κρίσεως,
2518 3997 2580 4049 οὐ
2595 3995 2684 4048 διὰ
2706 3995 2912 4067 τρυφὴν
2936 3999 3243 4065 γεγονυίας,
3264 3999 3400 4053 ἀλλά
3426 4000 3515 4054 διὰ
3534 4017 3585 4052 τι
3611 4002 3819 4072 μυστή-

2253 4104 2386 4158 ριον,
2402 4089 2540 4160 ὅπερ
2572 4089 2650 4152 είς
2679 4089 2768 4142 τὸν
2798 4088 2963 4142 αὐτοῦ
2981 4090 3201 4158 γέγονεν
3231 4092 3619 4162 ὲνταφιασμδν,
3648 4093 3697 4144 εί
3726 4092 3820 4145 καὶ

2250 4179 2499 4250 ἠγνόειὴ
2540 4181 2813 4251 ποιήσασα
2845 4180 2939 4234 τοῦ
2993 4183 3292 4252 μυστηρίου
3335 4183 3432 4253 τὴν
3486 4183 3819 4251 οἰκονομίαν.

2253 4271 2430 4325 Πολλά
2447 4272 2556 4344 γάρ
2573 4288 2718 4336 τινες
2748 4272 2844 4326 καὶ
2877 4267 3027 4326 εἷπον
3049 4274 3140 4326 καὶ
3173 4273 3434 4345 ἐποίησαν
3454 4276 3533 4337 είς
3561 4275 3821 4345 μυστικὸν

581 4375 880 4448 prudentes
932 4383 985 4429 et
1030 4371 1229 4444 ignari.
1293 4370 1400 4426 Sed
1449 4371 1596 4426 enim
1654 4370 1918 4425 Dominus
1956 4385 2146 4426 rursus

2252 4365 2465 4436 δρῶντα
2493 4364 2662 4418 τύπον
2691 4365 3031 4433 ἀγνοοῦντες.
3056 4367 3244 4436 Ὅμως
3292 4369 3320 4420 ὁ
3373 4367 3575 4439 Κύριος
3609 4367 3822 4438 ἐλέγχει

581 4462 829 4533 coarguit
855 4460 1074 4526 Judam,
1105 4459 1249 4531 quod
1279 4459 1393 4514 haec
1423 4474 1530 4513 non
1562 4458 1635 4514 ob
1666 4459 2012 4529 religionem,
2054 4459 2146 4514 sed

2254 4458 2416 4512 πάλιν
2441 4459 2536 4512 τὸν
2548 4457 2770 4522 Ἰούδαν,
2794 4458 2875 4511 ὅτι
2900 4458 2962 4510 οὐ
2989 4457 3057 4510 δι’
3087 4457 3172 4509 εὐ)
3184 4457 3371 4511 ἀϐειαν
3401 4458 3575 4511 ταῦτα
3608 4457 3820 4526 ἔλεγεν,

580 4553 654 4609 ob
681 4553 862 4623 turpis
895 4550 1034 4605 lucri
1081 4549 1436 4621 cupiditatem
1478 4551 1708 4613 diceret,
1753 4557 1915 4621 atque
1951 4550 2146 4620 exiguo

2254 4550 2368 4602 ἀλλ’
2395 4551 2476 4604 ὅτι
2504 4550 2894 4621 αἰσχροκερδὴς
2915 4545 3004 4620 ἦν,
3035 4550 3126 4602 καὶ
3153 4551 3218 4602 δι’
3245 4549 3422 4617 ὀλίγον
3451 4549 3659 4621 κέρδος,
3686 4565 3820 4620 προ-

579 4643 872 4701 admodum
927 4642 1299 4698 emolumento
1349 4643 1672 4714 magistrum
1720 4643 2040 4713 proditurus
2067 4659 2155 4699 es-

579 4744 684 4794 set.
718 4735 931 4805 Quippe
966 4733 1266 4804 sepuiturae
1306 4741 1360 4789 et
1388 4735 1582 4790 mortis
1633 4735 1839 4789 mentio
1884 4733 1936 4788 id
1975 4734 2156 4789 deela-

579 4842 706 4883 rare
749 4825 991 4881 vidctur.
1039 4824 1278 4880 Adducit
1347 4825 1510 4880 etiam
1568 4825 1838 4880 rationem
1894 4825 2154 4880 Servator

578 4913 742 4969 nobis
798 4925 862 4964 ac
914 4911 1360 4980 persuasionem,
1413 4913 1618 4982 pietate
1665 4927 1795 4983 erga
1846 4928 1971 4968 eum
2012 4914 2150 4968 nihil

579 5017 703 5058 esse
735 5000 1040 5072 antiquius.
1085 5000 1375 5074 Permagni
1427 5003 1678 5067 interest,
1720 5005 1933 5074 inquit,
1964 5019 2150 5060 amare

579 5109 870 5166 pauperes,
905 5094 1001 5149 sed
1047 5102 1230 5150 tamen
1280 5095 1588 5150 reverentia
1637 5095 1728 5151 Dei
1761 5105 2147 5166 anteponatur.

577 5181 735 5252 Quod
773 5191 902 5242 vero
939 5185 1107 5246 dicit.
1139 5184 1413 5256 ejusmodi
1461 5193 1570 5240 est.
1623 5184 1892 5255 Tempus,
1938 5187 2146 5256 inquit,

577 5275 724 5346 quod
759 5276 1124 5331 constitutum
1154 5287 1239 5332 est
1265 5275 1334 5330 ad
1365 5291 1548 5330 meum
1589 5275 1875 5339 honorem,
1921 5276 2024 5330 hoc
2067 5283 2150 5330 est

579 5365 648 5420 ad
675 5381 848 5420 meam
869 5365 960 5422 hic
989 5368 1508 5433 commorationem,
1538 5381 1807 5437 pauperes
1836 5366 1971 5421 mihi
2007 5381 2150 5435 prae-

580 5456 710 5513 t‘erri
745 5463 931 5510 vetat:
972 5466 1026 5512 et
1065 5458 1169 5514 hoc
1196 5458 1336 5514 dixit
1371 5458 1716 5514 mconomice
1743 5468 1909 5529 atque
1933 5457 2148 5520 ordine,

577 5564 689 5604 non
737 5564 966 5618 prorsus
1014 5549 1297 5606 abducens
1350 5551 1764 5608 misericordem
1813 5565 1876 5605 ac
1920 5552 2068 5619 pium
2122 5567 2150 5604 a

577 5640 847 5696 charitate
876 5640 930 5694 in
961 5641 1411 5712 pauperes._Cum
1444 5643 1610 5714 igitur
1633 5649 1848 5712 tempus
1872 5649 1955 5697 est
1978 5642 2148 5696 divini

577 5737 761 5788 cultus
790 5738 844 5787 et
874 5731 1192 5788 cantionum
1221 5748 1529 5799 sacrarum,
1562 5751 1638 5790 ea:
1666 5735 1998 5805 pauperibus
2021 5750 2150 5804 prae-

579 5819 819 5878 terenda-
851 5825 980 5877 sunt
1012 5842 1022 5877 :
1063 5821 1189 5876 licet
1214 5823 1358 5876 enim
1393 5823 1718 5879 benefacere
1747 5825 1828 5878 eis
1871 5833 1993 5894 post
2034 5826 2148 5895 spi-

2253 4641 2435 4694 δοῦναι
2468 4640 2665 4711 ἔμελλε
2697 4641 2790 4694 τὸν
2833 4640 3168 4696 διδάσκαλον.
3211 4642 3267 4694 '0
3313 4641 3422 4712 γὰρ
3455 4640 3821 4710 ὲνταφιασμὸς

2254 4733 2348 4786 καὶ
2380 4734 2414 4803 ἡ
2451 4732 2546 4785 τοῦ
2592 4732 2822 4786 θανάτου
2873 4734 3058 4805 μνήμη
3105 4733 3261 4786 τοῦτο
3309 4732 3500 4802 δηλοῦν
3551 4733 3818 4802 φαίνεται.

2267 4823 2490 4892 Ἐπάγει
2535 4823 2593 4877 δὲ
2634 4825 2728 4876 καὶ
2758 4824 3015 4895 λογισμὸν
3038 4825 3066 4876 6
3098 4823 3309 4894 Σωτὴρ,
3342 4823 3648 4878 ἀναπείθων
3675 4824 3822 4894 ἡμᾶς

2257 4915 2337 4968 δτι
2389 4914 2492 4984 τῆς
2554 4917 2633 4977 είς
2696 4916 2857 4969 αὐτὸν
2895 4913 3174 4978 εὐσεϐείας
3231 4914 3382 4968 οὐδέν
3428 4916 3544 4968 ἐστι
3597 4913 3818 4985 βέλτιον.

2270 5005 2697 5076 Ἀξιολογωτάτη
2734 5007 2834 5076 μὲν
2863 5009 2992 5077 γὰρ,
3017 5007 3202 5076 φησὶν,
3234 5008 3269 5077 ἡ
3297 5007 3656 5076 φιλοπτωχία,
3683 5003 3822 5074 πλὴν

2255 5095 2432 5148 ὀπίσω
2486 5094 2732 5164 τετάχθω
2783 5095 2882 5163 τῆς
2933 5096 3012 5156 είς
3051 5095 3185 5148 Θεὸν
3224 5095 3426 5158 αἰδοῦς.
3466 5097 3530 5148 Ὃ
3563 5095 3619 5148 δὲ
3651 5094 3820 5162 λέγει,

2255 5187 2495 5240 τοιοῦτόν
2526 5188 2692 5239 ἔστιν’
2737 5187 2794 5239 '0
2847 5186 3052 5282 χρόνος,
3102 5188 3287 5257 φησιν,
3318 5191 3346 5241 6
3378 5188 3476 5258 τῆς
3504 5188 3584 5252 είς
3611 5187 3711 5257 ἐμὲ
3737 5203 3824 5239 τε·

2254 5279 2526 5348 ταγμένος
2553 5279 2714 5330 ἕνεκα
2743 5278 2930 5348 τιμῆς,
2974 5278 3140 5348 ἤγουν
3165 5280 3193 5331 ὁ
3225 5279 3324 5348 τῆς
3357 5280 3450 5332 ἐπὶ
3482 5278 3588 5348 γῆς
3615 5278 3822 5347 διατρι-

2257 5369 2379 5439 ϐῆς,
2414 5371 2511 5421 οὐκ
2545 5370 2769 5421 ἀπαιτεῖ
2797 5366 2932 5437 ἐμοῦ
2975 5369 3342 5440 προτιμᾶσθαι
3387 5372 3514 5432 τοὺς
3561 5369 3820 5439 πένητας.

2257 5458 2429 5511 Τοῦτο
2479 5457 2536 5510 δὲ
2585 5454 2737 5510 εἶπεν
2766 5458 3146 5527 οἰκονομικῶς,
3173 5460 3272 5512 οὐκ
3316 5460 3577 5529 ἀφίστησι
3613 5459 3710 5528 μέν
3740 5474 3823 5510 τοι

2258 5549 2542 5614 παντελῶς
2574 5553 2671 5620 τῆς
2717 5552 2796 5612 εἰς
2846 5551 2971 5613 τοὺς
3021 5551 3270 5620 πτωχοὺς
3312 5552 3532 5623 ἀγάπης
3565 5551 3653 5605 τὸν
3684 5567 3829 5619 συμ-

2257 5642 2423 5712 παθῆ.
2450 5644 2577 5696 Ὅτε
2606 5640 2700 5697 οὖν
2728 5644 2886 5714 χρεία
2919 5644 3173 5714 λατρείας
3201 5645 3234 5715 ἢ
3266 5644 3560 5715 ὐμνῳδίας,
3587 5645 3666 5698 δεῖ
3696 5659 3827 5712 προσ

2254 5738 2420 5806 τιμᾷν
2451 5736 2654 5798 ταύτας
2681 5737 2777 5806 τῆς
2811 5739 2891 5800 εἰς
2915 5738 3041 5800 τοὺς
3085 5739 3336 5808 πτωχοὺς
3369 5739 3614 5808 ἁγάπηςο
3661 5737 3825 5790 δυναο

2253 5827 2342 5879 τὸν
2391 5826 2499 5897 γὰρ
2550 5822 2606 5879 εὖ
2663 5828 2837 5878 ποιεῖν
2872 5828 3006 5896 μετᾶ
3049 5828 3146 5891 τὰς
3173 5829 3546 5897 πνευματικὰς
3582 5828 3826 5894 λειτουρ-
