4106 6262
389 472 457 526 77
1174 468 1238 522 IN
1277 469 1611 524 JOANNEM.
1645 499 1713 508 —
1760 465 1886 520 LIB.
1933 465 2018 518 V'll
2062 463 2146 516 ΕΤ
2185 463 2291 517 Vlll
2335 465 2777 520 FRAGMENTA.
3562 469 3631 523 78

386 589 532 656 γίας.
551 587 712 658 Φησὶν
740 583 832 641 οὖν
859 588 940 640 ὅτι
967 587 1082 640 Οὐκ
1113 587 1454 652 ἀδιαστάτως
1484 587 1573 641 ἀεὶ
1601 587 1722 650 ταῖς
1754 587 1834 649 εἰς
1865 583 1951 654 ἐμὲ

2071 580 2289 634 ritualia
2313 579 2508 635 oﬂicia.
2541 579 2680 635 Dicit
2705 581 2872 651 igitur
2897 596 3004 635 non
3032 580 3268 635 dandam
3303 595 3424 636 esse
3457 583 3636 638 conti-

385 681 571 748 τιμαίς
603 677 683 731 δεῖ
736 677 1045 748 σχολάζειν,
1095 678 1218 732 οὕτε
1251 679 1330 742 είς
1379 679 1481 750 τὴν
1526 678 1806 749 ἱερατικὴν
1853 676 1963 729 λει-

311 829 313 832 ς
386 771 644 841 τουργίαν
695 772 877 826 πάντα
916 772 1251 835 ἀναλίσκειν,
1282 771 1421 826 ἀλλὰ
1459 771 1529 825 τὰ
1571 771 1741 824 πολλὰ
1789 771 1964 824 δαπα-

386 866 482 935 νᾷν
512 865 592 926 είς
641 865 770 928 τοὺς
811 865 1070 934 πένητας.
1103 865 1173 917 Ἢ
1214 863 1422 927 οὕτως’
1466 863 1678 934 Ὥσπερ
1730 863 1869 933 μετὰ
1900 861 1962 915 τὸ

384 956 653 1026 ἀναϐῆναι
685 956 822 1028 πρὸς
854 956 945 1009 τὸν
977 956 1219 1026 Πατέρα,
1252 955 1536 1027 ἐπιτρέπει
1561 957 1672 1018 τοῖς
1694 954 1963 1024 μαθηταῖς

385 1047 690 1117 νηστεύειν
723 1047 866 1100 οὕτω
895 1047 990 1100 καὶ
1036 1047 1136 1116 τῆς
1173 1049 1254 1111 είς
1289 1049 1417 1110 τοὺς
1465 1047 1713 1116 πτωχοὺς
1764 1046 1960 1115 ἐπιμε-

385 1139 534 1203 λείας
587 1140 709 1192 τότε
761 1141 958 1202 αὐτοὺς
1007 1140 1325 1210 ἀδεέστερον
1354 1139 1736 1194 ἀντιλασέσθαι
1771 1139 1958 1208 φησὶν,

387 1232 672 1304 ἀθορύϐως
699 1250 760 1286 τε
807 1233 1008 1304 μᾶλλον
1047 1234 1142 1287 καί¹
1175 1233 1555 1303 σχολαιότερον
1587 1229 1960 1301 κατορθώσειν

385 1325 485 1393 τὴν
512 1325 911 1395 φιλοπτωχίαν·
968 1326 1106 1396 ὅπερ
1148 1325 1242 1378 καὶ
1273 1324 1484 1392 γέγονε.
1533 1321 1690 1378 Μετὰ
1721 1322 1830 1393 γὰρ
1861 1321 1962 1394 τὴν

383 1415 652 1488 ἀνάληψιν
684 1417 778 1469 τοῦ
806 1415 1082 1488 Σωτῆρος,
1118 1415 1302 1469 οὐκέτι
1330 1413 1658 1485 ἠκολούθουν
1682 1414 1762 1485 τῷ
1813 1414 1959 1468 διδα-

387 1507 597 1579 σκάλῳ,
642 1507 760 1562 ἀλλ’
811 1509 1135 1580 ἐσχόλασαν,
1186 1507 1310 1562 τότε
1339 1507 1572 1570 ἐντόνως
1619 1506 1839 1562 ᾶπαντα
1891 1506 1960 1562 τὰ

384 1599 874 1672 καρττοφορούμενα
905 1598 985 1664 είς
1008 1593 1146 1665 τοὺς
1166 1601 1399 1670 πένητας
1421 1598 1824 1662 ἀναλίσκοντες.

469 1693 662 1760 Ἔγνω
714 1687 830 1747 οὖν·
879 1691 1065 1761 ὄχλος
1110 1691 1179 1744 ἐκ
1234 1690 1354 1744 τῶν
1413 1689 1716 1745 Ἰουδαίων
1764 1691 1958 1757 πολὺς

383 1782 477 1837 ὅτι
503 1783 634 1836 ἐκεῖ
663 1783 816 1846 ἐστι,
853 1784 948 1836 καὶ
978 1784 1045 1837 τὰ
1080 1783 1229 1852 ἑξῆς.

2064 680 2259 726 neuter
2309 686 2536 744 operam
2587 673 2784 727 honori
2821 672 2964 742 ejus.
2999 687 3103 728 nec
3148 673 3312 744 697
3359 675 3544 730 omnia
3584 677 3640 731 in

2061 779 2222 822 sacra
2254 767 2584 821 insumenda
2615 781 2760 829 esse,
2805 767 2901 821 sed
2936 768 3106 820 multa
3155 782 3380 837 quoque
3419 767 3474 822 in
3508 783 3639 839 pau-

2059 871 2219 926 peres
2246 855 2546 928 eroganda.
2591 854 2687 912 Vel
2742 856 2847 911 hoc
2894 857 3056 912 modo
3091 876 3104 912 ε
3138 856 3637 924 Quemadmodum,

2057 958 2354 1018 postquam
2390 947 2641 1004 ascendit
2678 948 2745 1003 ad
2789 948 3029 1012 Patrem,
3063 949 3640 1020 praecepitdiscipulis

2051 1039 2307 1107 jejuuare
2331 1040 2398 1103 δ’,
2439 1040 2520 1096 sic
2565 1048 2620 1095 et
2671 1056 2860 1095 curam
2894 1053 3199 1111 pauperum
3232 1050 3362 1097 tunc
3411 1043 3642 1100 liberius

2065 1128 2140 1182 ait
2161 1129 2367 1199 suscipi
2392 1144 2573 1199 posse,
2603 1131 2922 1200 minoreque
2957 1131 3198 1202 negotio,
3225 1147 3290 1186 ac
3317 1133 3555 1187 tumultu
3587 1141 3642 1189 et

2066 1220 2273 1288 majore
2315 1221 2429 1275 otio
2466 1221 2788 1276 charitatem
2826 1225 2883 1277 in
2937 1237 3207 1293 pauperes
3256 1225 3640 1294 exercituros;

2065 1309 2212 1379 quod
2241 1316 2296 1363 et
2325 1310 2577 1380 contigit.
2614 1309 2747 1366 Post
2785 1310 3099 1368 Servatoris
3131 1313 3278 1367 enim
3312 1316 3644 1384 assumptio-

2065 1415 2190 1454 nem
2220 1415 2329 1455 non
2363 1403 2601 1471 amplius
2632 1403 3004 1472 sequebantur
3029 1403 3377 1475 magistrum,
3423 1407 3518 1459 sed
3546 1421 3641 1474 per

2065 1492 2236 1547 otium
2271 1493 2612 1564 multiplices
2641 1494 2855 1552 fructus
2881 1497 2936 1550 in
2964 1511 3234 1567 pauperes
3259 1505 3515 1554 accurate
3544 1498 3642 1554 de-

2066 1587 2415 1655 premebant.

2156 1675 2282 1742 ΧΙΙ,
2313 1677 2367 1734 9.
2417 1675 2674 1747 Cognovit
2723 1694 2847 1747 ergo
2897 1677 3053 1732 turba
3095 1678 3269 1733 multa
3314 1694 3383 1734 ea:
3423 1679 3638 1736 ludatis

2060 1767 2188 1835 quia
2227 1765 2340 1820 illic
2373 1777 2473 1834 est,
2501 1775 2613 1823 etc.

453 1873 552 1926 Διὰ
581 1871 643 1926 τὸ
677 1871 825 1937 ξένον
855 1872 950 1926 τοῦ
993 1873 1220 1944 σημείου
1260 1871 1702 1943 καταπλήττεται
1728 1875 1757 1927 ὁ
1781 1873 1951 1944 ὅχλος,

2131 1853 2364 1926 Propter
2399 1859 2698 1913 novitatem
2724 1860 2904 1930 signi,
2933 1874 3132 1931 magno
3163 1869 3388 1932 stupore
3417 1862 3637 1934 capitur

382 1965 478 2019 καὶ
499 1965 636 2037 ὅπερ
673 1965 910 2037 ἥκουσαν
931 1966 1172 2033 γεγονὸς,
1191 1964 1382 2036 ήθελον
1408 1965 1503 2019 καὶ
1534 1965 1656 2034 ὕψει
1682 1964 1956 2036 θεωρῆσαι

382 2057 518 2127 πρὸς
553 2056 908 2128 βεϐαιοτέραν
950 2057 1151 2111 πίστιν.
1199 2057 1274 2111 Οὐ
1317 2057 1478 2127 μόνον
1503 2055 1561 2110 δὲ
1589 2055 1682 2110 τδν
1709 2054 1959 2128 Λάζαρον

378 2148 571 2220 ἢθελον
609 2148 756 2213 ἰδεῖν,
783 2148 922 2203 ἀλλὰ
952 2149 1048 2202 καὶ
1077 2147 1170 2202 τὸν
1199 2150 1438 2220 Χριστδν
1471 2148 1563 2204 τὸν
1591 2147 1685 2202 τοῦ
1733 2148 1960 2220 σημείου

383 2239 632 2311 ποιητὴν,
661 2241 722 2294 οὐ
745 2240 867 2295 τότε
889 2240 1106 2311 πρῶτον
1138 2241 1300 2295 αὑτὸν
1326 2242 1634 2314 ἑωρακότες
1653 2237 1828 2312 ’ἦσαν
1851 2241 1960 2310 γάρ

385 2328 643 2391 πολλάκις
689 2329 850 2383 αὑτὸν
887 2331 1101 2394 ἰδόντες,
1136 2333 1232 2386 καὶ
1258 2331 1616 2404 ὁμιλήσαντες
1638 2333 1786 2404 αὐτῷ
1804 2348 1819 2362 ·
1844 2331 1961 2386 ἀλλ’

386 2419 616 2491 ἐπείπερ
639 2415 710 2490 ἦν
743 2421 1104 2492 ὑποχωρήσας
1137 2421 1226 2476 διὰ.
1251 2423 1312 2476 τὸ
1337 2423 1410 2494 μὴ
1432 2423 1627 2477 παθεῖν
1655 2422 1811 2492 παρὰ
1836 2441 1958 2478 και-

390 2508 504 2579 ρδν,
534 2509 756 2580 ἐζήτουν
779 2508 941 2564 πάλιν
967 2511 1094 2564 ἰδεῖν
1121 2510 1305 2566 αὐτόν.
1337 2514 1398 2566 οι
1435 2513 1494 2566 δὲ
1535 2515 1956 2586 ἂπιεικέστεροι,

386 2600 483 2654 καὶ
501 2599 809 2670 ἐθαύμαζον
841 2599 1024 2665 αὐτὸν,
1051 2601 1127 2665 ὡς
1157 2603 1306 2657 οὐδὲν
1327 2602 1491 2658 αὑτοῦ
1525 2605 1954 2674 κατεγνωκότες.

383 2691 756 2762 οἰκονομικῶς
776 2688 868 2746 οὗν
903 2695 932 2747 ὁ
970 2693 1175 2766 Κύριος
1216 2695 1316 2752 οὐκ
1371 2697 1536 2761 εὐθὺς
1582 2697 1830 2770 εἰσῆλθεν
1879 2700 1961 2764 είς

391 2783 778 2857 Ἰερουσαλὴμ,
807 2785 923 2840 ἀλλ’
973 2786 1188 2858 ἔμεινεν
1237 2788 1343 2854 ἔξω
1365 2833 1381 2856 ,
1414 2791 1502 2844 ἵνα
1547 2793 1675 2856 τοὺς
1727 2792 1960 2856 πολλοὺς

380 2875 467 2935 διὰ
485 2880 582 2948 τῆς
611 2878 802 2951 φήμης
829 2879 1204 2952 ἐπισπάσηται
1240 2882 1322 2945 είς
1347 2881 1640 2954 ἐπιθυμίαν
1656 2883 1751 2938 τοῦ
1783 2883 1959 2939 θέλειν

378 2965 539 3020 αὐτὸν
569 2967 717 3024 ἰδεῖν.

459 3059 932 3117 Ἐϐουλεύσαντο
964 3062 1032 3118 δὲ
1088 3067 1142 3118 οἱ
1195 3065 1486 3135 ἀρχιερεῖς
1515 3108 1529 3132 ,
1562 3067 1664 3133 ἵνα
1707 3069 1804 3123 καί
1852 3069 1958 3125 τὸν

376 3147 638 3218 Λάζαρον
664 3151 1117 3210 ἀποκτείνωσιν.

2064 1947 2382 2011 multitudo,
2423 1957 2479 2004 et
2513 1951 2657 2021 quod
2691 1953 2902 2007 audivit
2948 1961 3165 2009 tantum
3190 1995 3205 2019 ,
3238 1955 3306 2010 ad
3339 1955 3636 2010 ﬁrmiorem

2061 2037 2221 2093 ﬁdem
2251 2041 2432 2096 oculis
2474 2057 2746 2113 usurpare
2779 2046 2952 2114 cupit.
2999 2045 3108 2100 Nec
3135 2055 3352 2101 tantum
3383 2047 3637 2102 volebant

2058 2126 2246 2184 videre
2274 2127 2568 2196 Lazarum,
2609 2131 2704 2186 sed
2747 2141 2802 2188 et
2841 2135 3122 2190 Christum
3166 2137 3420 2190 miraculi
3463 2137 3636 2192 facto-

2056 2235 2196 2284 rem,
2230 2236 2341 2275 non
2375 2230 2510 2277 tunc
2559 2223 2796 2294 primum
2827 2241 2952 2280 eum
3001 2228 3332 2297 conspicati,
3388 2228 3636 2286 viderant

2055 2313 2202 2367 enim
2241 2327 2407 2383 stupe,
2443 2322 2498 2369 et
2527 2331 2650 2370 cum
2685 2331 2754 2372 eo
2782 2317 3045 2373 collocuti
3080 2318 3334 2387 fuerant;
3374 2319 3470 2376 sed
3505 2322 3633 2391 quia

2058 2402 2202 2458 forte
2232 2418 2292 2458 se
2339 2406 2718 2473 subtraxerat,
2754 2425 2826 2463 ne
2879 2419 3009 2466 ante
3063 2419 3282 2482 tempus
3329 2420 3631 2482 pateretur,

2059 2510 2253 2551 rursus
2283 2511 2408 2552 eum
2439 2512 2673 2554 cernere
2695 2501 3048 2571 expetebant.
3081 2499 3478 2558 Moderatiores
3501 2517 3633 2557 vero

2057 2598 2113 2642 et
2148 2589 2325 2658 ipsum
2363 2591 2760 2658 suspiciebant,
2814 2593 3065 2664 nihilque
3119 2595 3172 2649 in
3211 2610 3280 2651 eo
3330 2595 3634 2666 reprehen-

2057 2681 2286 2737 debant.
2321 2681 2688 2741 (Economiee
2731 2701 2864 2758 ergo
2902 2704 2968 2743 ac
3003 2689 3196 2744 ordine
3226 2688 3493 2746 Dominus
3521 2706 3629 2744 non

2055 2775 2244 2828 statim
2277 2774 2569 2846 ingressus
2597 2786 2686 2832 est
2713 2775 3041 2842 Jerusalem,
3073 2780 3168 2835 sed
3209 2780 3413 2835 mansit
3453 2787 3629 2843 extra,

2051 2875 2120 2922 ut
2166 2867 2515 2922 multitudini
2569 2883 2635 2922 ex
2684 2868 2829 2924 lanna
2873 2859 3234 2941 cupiditatem
3272 2873 3356 2927 sui
3409 2873 3630 2928 videndi

2057 2959 2332 3029 injiceret.

2130 3050 2223 3106 ΧΠ
2246 3092 2261 3114 .
2292 3052 2378 3108 10.
2416 3052 2722 3108 Consilium
2766 3063 2943 3106 autem
2985 3054 3214 3107 t'm'ermtt
3249 3055 3511 3123 principes
3537 3071 3627 3109 sa-

2057 3142 2332 3198 cerdotum
2361 3183 2377 3208 ,
2408 3153 2464 3198 ut
2507 3154 2558 3199 et
2587 3143 2856 3198 Lazarum
2895 3145 3272 3214 interﬁcerent.

452 3243 589 3313 Ὅρα
615 3243 673 3296 δὲ
728 3244 811 3296 ὅτι
841 3248 1211 3316 παραφρονεῖν
1239 3245 1488 3302 δοκοῦσιν
1524 3249 1575 3302 oi
1632 3250 1948 3322 ήγούμενοι,

2123 3235 2360 3292 Attende
2390 3237 2588 3300 etiam,
2642 3237 2788 3308 quod
2839 3235 2906 3290 de
2967 3244 3112 3290 statu
3171 3237 3376 3292 mentis
3429 3237 3626 3293 deduci

376 3332 502 3402 τῇδε
548 3336 772 3389 κάκεῖσε
829 3336 1177 3409 κλονούμενοι
1221 3340 1325 3394 ὑπὸ
1355 3340 1452 3394 τοῦ
1490 3342 1707 3411 φθόνου,
1739 3344 1832 3398 καὶ
1859 3344 1951 3398 οὐ·

375 3421 462 3475 δὲν
495 3423 786 3480 ἀκόλουθον
821 3425 1130 3492 λαλοῦντες.
1170 3429 1332 3484 Φόνον
1383 3430 1479 3484 ἐπὶ
1522 3432 1668 3503 φόνῳ
1717 3431 1954 3503 μελετῶ·-

379 3529 483 3576 σιν,
515 3515 748 3586 οἰόμενοι
779 3517 872 3570 τοῦ
920 3519 1224 3590 παραδόξου
1270 3521 1568 3593 δραμόντος
1601 3525 1699 3596 τὴν
1723 3525 1953 3595 δύναμιν

377 3605 821 3677 συναιαιρεῖσθαι
842 3607 919 3677 τῷ
945 3610 1290 3676 τελευτῶντι,
1313 3612 1402 3665 ῖνα
1421 3614 1544 3676 τοὺς
1575 3613 1737 3678 λαοὺς
1754 3616 1949 3669 ἀνακό-

376 3696 521 3766 ψωσι
545 3697 838 3770 τρέχοντας
867 3700 957 3751 ἐπὶ
989 3700 1048 3754 τὸ
1085 3703 1364 3756 πιστεύειν
1386 3705 1623 3775 Χριστῷ.

465 3872 863 3940 Ἀκούσαντες
899 3874 988 3928 ὅτι
1024 3874 1259 3947 ἔρχεται
1306 3882 1338 3934 ό
1379 3881 1617 3948 Ἰησοῦς
1657 3884 1743 3949 είς
1775 3884 1945 3953 Ἰερο-

379 3961 640 4030 σόλυμα.

448 4052 866 4126 Εύπειθέστεροι
902 4056 1053 4121 ὄντες
1077 4060 1124 4112 oi
1161 4057 1307 4129 ὄχλοι
1359 4061 1451 4114 καὶ
1480 4065 1545 4134 τῇ
1581 4061 1674 4116 τοῦ
1719 4066 1946 4136 σημείου

369 4145 587 4213 ποιήσει
617 4143 950 4214 ὑπαχθέντες
979 4147 1296 4218 ὑπήντησαν
1323 4147 1400 4219 τῷ
1443 4149 1684 4221 Χριστῷ,
1718 4152 1949 4222 ὑμνοῦν-

369 4251 462 4298 τες
499 4222 662 4288 αὑτὸν
691 4235 767 4300 ῶς
795 4238 1117 4310 νενικηκότα
1147 4239 1240 4292 τὸν
1285 4238 1514 4294 θάνατον
1561 4243 1699 4312 μετὰ
1735 4243 1905 4313 βαῖων
1929 4259 1944 4274 ο

369 4327 680 4397 εὐφημοῦσι
712 4327 770 4380 δὲ
819 4329 918 4398 οὐχ
955 4328 1163 4394 ἁπλῶς,
1194 4329 1308 4382 ἀλλ’
1335 4331 1399 4384 ὲκ
1444 4330 1546 4401 τῆς
1589 4330 1945 4386 θεοπνεύστου

366 4417 629 4488 Γραφής,
665 4418 726 4471 τὸ
787 4419 873 4472 ἐπ’
905 4420 1053 4491 αὐτῷ
1109 4419 1289 4485 καλῶς
1336 4422 1627 4493 εἰρημένον
1677 4421 1945 4492 λέγοντες,

371 4509 760 4578 ὁμολογοῦντες
787 4511 868 4564 ’ότι
904 4512 998 4566 καὶ
1051 4513 1304 4582 βασιλεὺς
1351 4508 1419 4586 ἦν
1463 4512 1559 4567 τοῦ
1619 4513 1854 4586 Ἰσραὴλ,
1885 4515 1946 4570 ὃν

2055 3325 2340 3406 principes
2386 3327 2668 3394 videntur,
2717 3336 2883 3398 utque
2923 3327 3025 3384 hac
3069 3336 3127 3382 et
3177 3328 3302 3384 illac
3350 3329 3630 3399 agitentur

2055 3409 2325 3474 aestuante
2362 3419 2593 3483 invidia,
2657 3419 2909 3491 nihilque
2961 3436 3277 3492 congruens
3325 3429 3380 3476 et
3429 3436 3627 3478 sanum

2008 3509 2376 3581 .loquantur.
2428 3509 2646 3566 Caedem
2702 3511 2836 3566 caedi
2899 3511 3139 3580 adjicere
3195 3513 3624 3581 maclninantur,

2053 3602 2165 3676 prati
2199 3603 2308 3656 vim
2361 3601 2612 3657 miraculi
2653 3605 2835 3657 omnia
2889 3604 3238 3676 pervagantis
3295 3619 3456 3674 posse
3516 3623 3624 3661 uua

2051 3710 2177 3750 cum
2217 3700 2435 3749 mortue
2473 3693 2775 3766 exstingui,
2804 3702 2865 3748 ut
2902 3709 3172 3750 remoram
3204 3696 3497 3766 injicercut
3525 3713 3625 3767 po-

2050 3788 2195 3859 pulis
2225 3788 2451 3843 credere
2484 3787 2539 3842 in
2569 3786 2853 3843 Christum
2889 3787 3341 3858 properantibus.

2122 3877 2250 3943 ΧΙΙ,
2285 3878 2372 3933 12.
2415 3877 2550 3934 Cum
2581 3876 2876 3943 audissent,
2924 3879 3052 3949 quia
3097 3879 3233 3934 venit
3277 3877 3435 3934 Iesus
3493 3879 3622 3936 Hie-

2051 3968 2396 4039 rosolymam.

2121 4056 2319 4114 Turbae
2344 4058 2643 4115 dociliores
2675 4067 2729 4114 et
2761 4059 2826 4114 ad
2871 4059 3026 4114 [idem
3059 4061 3372 4132 proniores,
3413 4068 3616 4122 recenti

2049 4148 2213 4203 etiam
2239 4150 2503 4205 miraculo
2532 4151 2788 4205 adducta:
2821 4159 3125 4207 occurrunt
3152 4153 3403 4221 Christo,
3439 4157 3487 4210 la
3501 4159 3618 4212 udi-

2049 4240 2156 4296 bus
2195 4256 2319 4295 eum
2347 4241 2721 4306 celebrantes,
2765 4249 3027 4312 tanquam
3070 4243 3138 4299 de
3190 4255 3364 4302 morte
3417 4249 3617 4303 trium--

2047 4328 2298 4399 phasset,
2324 4337 2377 4385 et
2411 4330 2610 4387 faustis
2640 4331 2862 4401 quidem
2900 4331 3392 4392 acclamationibus
3429 4354 3619 4410 prose-

2047 4427 2316 4488 quuutur,
2352 4434 2462 4474 non
2493 4421 2843 4490 simpliciter,
2883 4419 2978 4475 sed
3006 4436 3069 4479 ex
3111 4438 3269 4480 sacra
3307 4426 3615 4498 Scriptura,

2047 4510 2194 4582 quod
2235 4511 2302 4566 de
2334 4525 2401 4564 eo
2443 4512 2710 4580 pratclare
2742 4512 2950 4565 dictum
2985 4525 3071 4569 est
3130 4527 3483 4587 usurpantes,
3535 4521 3616 4574 fa-

373 4598 467 4651 καὶ
507 4597 693 4667 ἔλεγον
740 4597 947 4654 ἑαυτῶν
982 4599 1202 4672 βασιλέα
1251 4604 1415 4671 ἴδιον,
1447 4605 1547 4678 τὴν
1575 4604 1669 4658 τοῦ
1708 4605 1946 4678 Χριστοῦ

2052 4609 2340 4671 tentesque
2369 4616 2549 4673 regem
2595 4617 2718 4657 esse
2762 4599 2964 4667 Israel,
3009 4620 3073 4660 ac
3109 4606 3404 4664 identidem
3452 4625 3614 4665 sutum

374 4689 672 4760 κυριότητα
734 4691 1184 4764 παραδεχόμενοι.
1233 4694 1611 4768 Εὐλογημένος
1658 4697 1716 4751 δὲ
1767 4697 1945 4768 λέγον-

367 4793 461 4840 τες
486 4779 513 4831 ό
535 4778 681 4842 Υίδς,
714 4781 812 4851 οὐχ
858 4781 936 4845 ῶς
981 4783 1232 4852 εὐλογίας
1261 4784 1362 4853 τῆς
1403 4786 1556 4859 παρά
1596 4787 1808 4858 Πατρὸς
1846 4805 1942 4840 τυ-

367 4867 500 4938 χὼν,
542 4872 569 4922 ὁ
595 4871 772 4925 πάντα
812 4872 1050 4941 εὐλογῶν
1094 4875 1189 4930 καὶ
1221 4875 1320 4928 οὐκ
1368 4875 1473 4929 ἐῶν
1513 4877 1940 4949 διαφθείρεσθαι,

372 4960 466 5012 καὶ
499 4963 594 5030 τῆς
630 4963 870 5033 ἀρρήτου
899 4965 1088 5028 ούσίας
1108 4965 1182 5019 ῶν
1219 4982 1234 4995 ’
1275 4966 1391 5019 ἀλλ’
1416 4969 1787 5041 ὅτιεύλογίαή
1823 4969 1942 5041 Θεῷ

371 5048 658 5118 πρέπουσα
695 5053 788 5105 καὶ
845 5053 926 5122 τῷ
957 5055 1098 5109 κατά
1155 5056 1315 5127 φύσιν
1340 5059 1569 5131 Κυρίῳ,
1605 5061 1941 5132 προσάγεται

372 5141 502 5208 παρ’
537 5140 723 5211 ήμῶν,
759 5143 986 5216 ἐπείπερ
1039 5147 1293 5220 ἐλήλυθεν
1332 5150 1391 5203 ὲν
1442 5150 1667 5221 ὀνόματι
1712 5151 1938 5223 Κυρίου.

372 5232 580 5295 Πάντες
605 5233 713 5304 γὰρ
745 5237 794 5289 oi
837 5235 982 5306 ἆγιοι
1008 5240 1112 5292 οὐκ
1149 5241 1208 5294 ἐν
1249 5241 1466 5314 ἐξουσίᾳ
1504 5244 1824 5315 κυριότητος
1844 5240 1941 5314 ἧλ-

370 5322 483 5387 θον,
523 5323 636 5377 ἀλλ’
660 5325 738 5390 ὼς
787 5329 996 5383 οἰκέται
1046 5332 1258 5402 γνήσιοι
1278 5350 1293 5367 ο
1329 5327 1486 5398 οὗτος
1520 5333 1577 5388 δὲ
1607 5333 1682 5400 ὡς
1708 5336 1940 5407 Κύριος.

368 5413 460 5466 Διὸ
491 5415 582 5468 καὶ
619 5413 892 5488 ἁρμοδίως
925 5422 1012 5473 ἐπ’
1043 5421 1190 5492 αὐτῷ
1216 5425 1248 5494 ή
1277 5425 1586 5496 προφητικὴ
1625 5425 1875 5480 λέλεκται
1911 5427 1941 5496 ή

368 5508 540 5579 φωνή.
581 5509 644 5562 Ei
668 5510 778 5582 γὰρ
810 5513 989 5584 κύριοι
1016 5515 1307 5570 καλοῦνταί
1333 5519 1569 5581 τινες,ού
1595 5519 1784 5589 φύσει,
1809 5518 1942 5574 ἀλλὰ

366 5604 549 5670 χάριτι
576 5599 756 5671 έχουσι
793 5603 853 5656 τδ
885 5606 1123 5677 ἀξίωμα.
1145 5609 1256 5662 Καὶ
1286 5607 1394 5681 γὰρ
1423 5608 1518 5662 καὶ
1551 5612 1617 5682 τῇ
1643 5611 1935 5683 ἀποχῇτοῦ

362 5688 614 5757 ψεύδους,
639 5689 928 5749 καλοῦνται
973 5699 1020 5750 οἱ
1054 5697 1329 5769 ἄνθρωποι
1367 5699 1583 5769 ἀληθεῖς
1619 5719 1632 5734 ο
1664 5702 1801 5761 ὅπερ
1836 5701 1934 5755 οὐκ

435 5879 482 5908 ιν
519 5869 715 5927 Matth.
753 5891 842 5939 IX,
882 5876 965 5928 is.

2048 4693 2290 4763 ipsorum
2319 4708 2524 4763 regem,
2555 4701 2610 4748 et
2637 4693 2845 4749 Christi
2879 4695 3308 4756 dominationem
3342 4702 3617 4772 accipien—

2048 4794 2152 4840 tes.
2194 4783 2447 4841 Dicentes
2475 4800 2623 4850 vero,
2654 4785 2981 4844 Benedictus
3015 4789 3215 4856 Filius,
3247 4808 3355 4847 non
3387 4793 3490 4848 hoc
3517 4809 3616 4847 ve-

2050 4877 2192 4941 lunt,
2235 4879 2391 4948 quasi
2440 4878 2881 4935 benedictionem
2933 4897 2964 4935 a
3008 4883 3176 4955 693
3222 4881 3384 4939 Patre
3430 4900 3618 4940 conse-

2048 4978 2210 5024 cutus
2249 4969 2399 5026 sitis
2439 4970 2534 5040 qui
2579 4971 2765 5026 omnia
2798 4971 3077 5028 benedicit
3109 4993 3122 5028 :
3173 4990 3274 5029 nec
3305 4976 3438 5030 sinit
3487 4992 3610 5030 cor-

2045 5061 2228 5130 rumpi
2265 5075 2330 5114 ac
2355 5062 2709 5127 intercidere,
2740 5063 2945 5133 quique
2971 5073 3055 5119 est
3092 5065 3388 5121 lnell‘abilis
3419 5083 3612 5123 essen-

2044 5153 2153 5216 tiaa,
2183 5153 2276 5206 sed
2330 5155 2596 5222 quoniam
2645 5154 2963 5210 benedictio
3005 5171 3127 5224 qua:
3179 5159 3436 5211 convenit
3481 5158 3612 5221 Deo,

2043 5244 2094 5298 ei
2138 5244 2233 5312 qui
2279 5243 2581 5299 secundum
2632 5252 2890 5300 naturam
2937 5244 3207 5300 Dominus
3253 5257 3334 5301 est
3365 5262 3394 5300 a
3446 5250 3603 5304 nobis

2043 5330 2317 5398 defertur,
2353 5332 2800 5402 quandoquidem
2825 5333 2974 5388 venit
3012 5333 3066 5386 in
3110 5335 3334 5389 nomine
3373 5335 3609 5394 Domini.

2043 5423 2156 5478 Nec
2200 5423 2346 5478 enim
2377 5441 2568 5481 omnes
2596 5425 2774 5480 sancti
2812 5424 2866 5477 in
2903 5432 3181 5494 potestate
3217 5422 3611 5483 dominationis

2045 5525 2338 5582 venerunt,
2373 5517 2470 5573 sed
2503 5526 2764 5588 tanquam
2787 5516 3010 5586 ingenui
3043 5519 3186 5572 servi
3218 5538 3234 5574 :
3267 5518 3357 5573 hic
3384 5535 3512 5573 vero
3553 5527 3610 5571 ut

2046 5609 2338 5665 Dominus.
2390 5610 2574 5676 Quare
2620 5608 3015 5664 convenienter
3061 5608 3130 5663 de
3183 5610 3277 5665 illo
3335 5610 3480 5664 dicta
3527 5617 3614 5662 est

2043 5701 2364 5770 prophetica
2395 5717 2520 5758 vox.
2559 5698 2682 5758 Etsi
2726 5699 2873 5760 enim
2923 5701 3180 5756 nonnulli
3223 5700 3476 5755 dicantur
3512 5699 3609 5751 do-
