4106 6262
515 443 584 497 79
1465 441 1554 497 ,S.
1605 437 1877 494 CYRILLI
1925 437 2396 494 ALEXANDllINI
2439 440 2765 497 ARCHIEI’.
3705 438 3770 493 88

516 563 676 628 mini,
714 573 820 614 nan
849 567 1047 614 natura
1072 558 1167 614 sed
1193 559 1368 629 gratia
1404 560 1544 613 hanc
1576 558 1778 612 habent
1809 557 2085 628 dignatio-

2205 558 2338 611 ἔστιν
2364 561 2539 613 εἰπεῖν
2573 561 2664 613 ἐπὶ
2713 558 2974 631 Χριστοῦ.
3003 559 3077 610 Ού
3107 559 3214 628 γὰρ
3237 557 3323 610 διὰ
3350 556 3510 611 τοῦτο
3531 557 3774 612 καλεῖται

517 669 667 709 nem.
712 649 994 720 Siquidem
1022 658 1074 704 et
1103 665 1167 705 ex
1203 647 1534 703 abstinentia
1575 646 1844 700 mendacii
1878 662 2082 700 vocan-

519 758 608 803 tur
649 743 900 798 homines
939 757 1186 806 veraces,
1213 739 1580 810 quodquidem
1609 740 1676 793 de
1724 738 1947 792 Christo
1977 739 2085 792 diei

2194 651 2443 721 ἀλήθεια,
2486 652 2676 722 ¹ἐπειδὴ
2730 653 2789 704 ού
2831 650 3105 721 ψεύδεται,
3154 649 3268 702 ἀλλ’
3302 651 3383 704 ὅτι
3427 650 3634 720 ἀμείνω
3667 651 3775 721 ἔχει

2195 743 2477 807 παντελῶς
2508 743 2600 798 τοῦ
2637 743 2864 812 ψεύδους
2901 742 2995 810 τὴν
3027 741 3212 810 φύσιν.

518 849 630 888 non
661 843 858 905 potest.
898 833 1018 889 Non
1053 833 1198 889 enim
1235 832 1366 904 quia
1391 847 1498 884 non
1529 831 1822 894 mentitur,
1850 828 1974 883 ideo
2008 841 2234 888 vocatur
2267 834 2495 899 veritas,
2563 835 2657 889 sed
2718 836 2848 904 quia
2889 844 3142 888 naturam
3209 830 3500 887 mendacio
3548 830 3776 900 prorsus

519 927 784 995 majorem
813 926 997 982 habet.

585 1018 710 1082 XII,
757 1017 846 1072 14.
879 1017 1100 1072 Iuventa
1151 1024 1328 1069 autem
1375 1013 1532 1069 Jesus
1587 1013 1791 1079 asello,
1826 1012 1959 1069 sedit
2001 1029 2095 1068 su-

511 1131 608 1186 per
628 1129 778 1168 .cum.

591 1227 786 1297 Magna
829 1223 975 1280 enim
1021 1220 1376 1276 multitudine
1412 1221 1590 1290 ipsum
1624 1219 1866 1288 stipante
1900 1233 1965 1271 ac
1997 1217 2092 1272 de-

518 1318 872 1380 ducente,ex
913 1328 1128 1369 summa
1179 1313 1554 1366 moderatione
1606 1311 1660 1363 in
1714 1312 1871 1365 asino
1925 1309 2092 1373 sedit,

511 1412 744 1466 tradens
775 1407 935 1462 nobis
968 1407 1358 1460 documentum
1431 1418 1782 1474 nequaquam
1836 1416 1936 1456 nos
1980 1402 2097 1453 lau-

517 1502 680 1556 dibus
734 1498 1023 1564 efferendi,
1081 1505 1273 1567 utpote
1331 1496 1476 1548 intra
1521 1493 1873 1547 necessitatis
1934 1505 2094 1545 usmn

516 1590 852 1646 consistens.
890 1588 1181 1642 Matthaaus
1222 1586 1447 1655 quidem
1487 1583 1668 1638 fusius
1697 1583 1764 1637 de
1786 1583 1944 1637 asino
1977 1597 2097 1634 ver-

516 1683 586 1737 ba
621 1678 1054 1735 fecit.Joannes
1092 1691 1223 1731 vero
1267 1674 1333 1728 ad
1374 1673 1428 1728 id
1473 1674 1622 1744 quod
1665 1673 1721 1727 in
1755 1689 1814 1728 rc
1857 1671 2098 1726 maxime

518 1771 899 1828 necessarium
929 1779 1012 1824 est
1038 1769 1353 1839 properavit
1387 1783 1485 1836 pro
1515 1781 1665 1820 more
1693 1780 1822 1820 suo.
1865 1762 2096 1830 Quando

517 1879 652 1919 vero
701 1869 900 1933 praeter
953 1859 1417 1916 consuetudinem
1463 1873 1620 1913 suam
1669 1872 1820 1911 nunc
1873 1860 2088 1908 tantum

519 1955 786 2010 Dominus
825 1954 878 2008 in
915 1953 1075 2008 asino
1107 1951 1306 2008 sedens
1336 1951 1586 2004 cernitur
1607 1991 1620 2016 ,
1654 1966 1763 2004 non
1800 1954 2093 2018 propterea

517 2047 755 2102 dicimus
784 2061 908 2102 eum
943 2045 1174 2108 sedisse,
1201 2045 1345 2114 quod
1377 2043 1571 2115 procul
1609 2043 1805 2098 abesse
1838 2039 1906 2094 ab
1936 2037 2092 2100 urbe,

518 2155 627 2196 non
653 2141 798 2195 enim
839 2139 1031 2194 aberat
1080 2137 1301 2207 longius
1343 2135 1659 2208 quindecim
1705 2133 1899 2190 stadiis
1929 2150 1947 2185 :
1982 2145 2092 2185 non

516 2233 644 2302 quia
667 2232 918 2288 conferta
949 2231 1242 2286 multitudo
1268 2239 1410 2294 erat,
1457 2244 1560 2285 nec
1596 2228 1744 2283 enim
1784 2227 1926 2280 alias
1966 2241 2092 2278 cum

517 2326 586 2381 ab
612 2325 815 2395 ingenti
845 2322 1005 2377 turba
1041 2322 1506 2384 circumdaretur,
1544 2319 1649 2374 hoc
1682 2318 1831 2385 fecit,
1861 2316 1956 2372 sed
1991 2316 2093 2370 hoc

519 2416 647 2470 fecit
682 2414 938 2468 indicans
975 2413 1085 2467 sibi
1136 2428 1339 2466 novum
1377 2411 1643 2482 populum
1693 2409 1983 2478 egentibus
2013 2408 2094 2460 in-

519 2503 868 2558 tractabilem
919 2501 1203 2556 subditum
1247 2500 1386 2562 fore,
1439 2497 1916 2566 deducturumque
1968 2511 2092 2549 eum

519 2595 588 2651 ad
615 2594 846 2665 iustitia:
871 2591 1216 2663 dignitatem,
1240 2598 1295 2644 ct
1317 2589 1387 2642 ad
1416 2589 1758 2658 superiorem
1781 2588 2098 2640 cmlestem-

519 2703 626 2758 que
656 2685 981 2748 Jerusalem,
1013 2681 1176 2751 cujus
1215 2691 1435 2736 terrena
1490 2679 1664 2749 ﬁgura
1715 2686 1769 2732 et
1803 2684 1991 2746 typus.
2037 2677 2091 2730 in

519 2795 685 2850 quam
710 2777 1015 2848 ingreditur
1045 2773 1281 2845 populus
1321 2787 1495 2841 purus
1542 2771 1728 2825 factus
1771 2786 1896 2824 cum
1937 2769 2098 2822 Chri-

522 2879 633 2936 sto,
661 2883 824 2940 quem
880 2867 1009 2922 boni
1059 2873 1113 2921 et
1163 2865 1486 2918 innocentes
1541 2862 1723 2932 angeli
1783 2861 2101 2925 celebrant,

522 2976 757 3032 quorum
808 2967 975 3030 typus
1026 2964 1156 3011 sunt
1215 2955 1476 3009 infantes.
1526 2951 1744 3006 l’ullum
1783 2968 1915 3008 vero
1949 2959 2108 3006 vocat

2277 1013 2487 1082 Εὐρὼν
2540 1012 2607 1066 δὲ
2659 1015 2692 1068 ό
2751 1013 2991 1082 Ἰησοῦς
3033 1012 3306 1082 ὀνάριον,
3359 1011 3641 1066 ἐκάθισεν
3687 1015 3776 1068 ἐπ’

2200 1105 2368 1158 αὑτό.

2272 1216 2476 1270 Πολλοῦ
2525 1218 2634 1289 γὰρ
2701 1216 2940 1288 πλήθους
3003 1216 3168 1269 αὐτὸν
3217 1216 3641 1288 δορυφοροῦντος
3686 1217 3780 1272 καὶ

2201 1310 2611 1381 εύςξημοῦντος,
2649 1311 2754 1364 ὑπὸ
2815 1310 3239 1382 μετριοπαθείας
3296 1309 3472 1380 ἄκρας
3518 1312 3609 1363 ἐπὶ
3659 1311 3780 1366 δνου

2202 1402 2493 1472 ὲκαθέσθη,
2522 1403 2790 1457 διδάσκων
2824 1406 2991 1475 ἡμᾶς,
3029 1405 3102 1474 μὴ
3151 1403 3414 1472 ὑψούσθαι
3450 1405 3506 1456 ὲν
3549 1408 3662 1466 τοῖς
3689 1407 3783 1456 €7.-

2201 1495 2392 1559 αίνοις,
2450 1495 2602 1548 οὐδὲν
2642 1495 2751 1548 τῶν
2781 1495 2881 1566 τῆς
2911 1496 3099 1566 χρείας
3129 1496 3531 1566 παρεκϐαίνων.
3582 1497 3640 1548 '0
3684 1495 3784 1566 μὲν

2200 1582 2292 1638 οὖν
2322 1585 2600 1648 Ματθαῖος
2619 1627 2631 1648 ,
2665 1585 2997 1656 πλατύτερον
3021 1581 3141 1638 εἷπε
3173 1586 3239 1638 τά
3273 1587 3400 1657 περὶ
3423 1586 3524 1655 τῆς
3555 1587 3700 1640 δνου.
3731 1589 3784 1640 '0

2199 1676 2256 1730 δὲ
2313 1675 2562 1745 Ἰωάννης
2614 1676 2703 1728 ἐπ’
2733 1676 2864 1730 αύτὸ
2893 1677 2985 1729 τοῦ
3041 1678 3363 1748 πράγματος
3399 1672 3530 1747 ἦλθε
3569 1678 3630 1730 τὸ
3665 1694 3786 1730 και-

2205 1765 2498 1838 ριώτατον.
2532 1766 2669 1837 ὅπερ
2700 1766 2819 1828 ἔθος
2867 1767 3016 1837 αύτῷ
3060 1771 3253 1824 ποιεῖν.
3296 1767 3514 1838 Ἐπειδὴ
3545 1769 3601 1821 δὲ
3636 1768 3788 1838 παρὰ

2197 1857 2256 1910 τὸ
2285 1857 2514 1926 σύνηθες
2559 1855 2709 1928 αύτῷ
2737 1859 2862 1930 ἄρτι
2899 1859 3056 1929 μόνον
3099 1860 3348 1928 φαίνεται
3382 1863 3411 1913 6
3442 1860 3645 1930 Κύριος
3693 1861 3788 1912 ἐπὶ

2198 1949 2320 2002 (avoc
2344 1949 2679 2020 καθήμενος,
2711 1951 2771 2004 ού
2805 1951 2894 2004 διὰ
2925 1950 3085 2004 τοῦτό
3119 1969 3300 2022 φαμεν
3333 1952 3494 2007 αὐτὸν
3537 1951 3787 2012 καθίσαι,

2198 2039 2280 2092 ὃτι
2335 2039 2552 2110 μακράν
2583 2036 2652 2112 ἦν
2695 2042 2794 2112 τῆς
2843 2043 3079 2106 πόλεως·
3119 2044 3180 2096 οὐ
3215 2043 3323 2114 γὰρ
3370 2045 3562 2113 ἀπεῖχε
3617 2043 3791 2096 πλείω

2196 2131 2492 2187 δεκαπέντε
2525 2134 2751 2188 σταδίων
2775 2135 2948 2200 κούδὲ
2982 2137 3063 2188 ὅτι
3120 2137 3276 2206 δχλος
3316 2131 3384 2206 ἦν
3407 2153 3422 2169 ο
3459 2136 3553 2190 καὶ
3599 2135 3790 2191 ἄλλοτε

2199 2223 2308 2294 γάρ
2358 2227 2702 2298 συνευρεθεὶς
2758 2228 2901 2299 ὄχλῳ
2933 2230 3032 2282 οὐκ
3065 2229 3288 2301 ἐποίησε
3341 2228 3498 2282 τοῦτο
3518 2246 3532 2260 ο
3556 2233 3702 2283 ποιεῖ
3733 2229 3791 2282 δὲ

2199 2314 2376 2380 τοῦτο,
2403 2316 2614 2380 δεικνὺς
2643 2318 2725 2371 ὅτι
2756 2319 2873 2372 νέον
2905 2319 3084 2391 ἑαυτῷ
3122 2320 3248 2375 λαὸν
3279 2320 3372 2373 τὸν
3399 2320 3458 2386 ἐξ
3490 2320 3660 2374 ἐθνῶν
3691 2321 3790 2374 τὸν

2199 2406 2499 2462 ἀκάθεκτον
2535 2410 2718 2480 μέλλει
2766 2411 3091 2466 ύποτάσσειν
3119 2413 3214 2466 καὶ
3241 2413 3464 2481 ἀνάγειν
3489 2415 3570 2476 εἰς
3606 2414 3667 2466 τὸ
3689 2413 3794 2483 τῆς

2199 2497 2544 2572 δικαιοσύνης
2577 2501 2794 2572 ἀξίωμα
2817 2542 2832 2566 ,
2865 2504 2946 2566 είς
3003 2521 3061 2556 τε
3121 2505 3221 2574 τὴν
3269 2505 3381 2558 ἀνω
3414 2504 3793 2576 Ἰερουσαλὴμ,

2201 2585 2268 2662 ἦς
2304 2591 2472 2655 τύπος
2505 2595 2538 2662 ἡ
2574 2593 2818 2661 ἐπίγειος
2838 2610 2849 2624 ·
2881 2597 2960 2656 είς
2992 2594 3058 2663 ἢν
3087 2596 3393 2665 εἰσέρχεται
3415 2597 3443 2647 6
3465 2595 3592 2658 λαὸς
3625 2596 3798 2648 καθα-

2209 2681 2299 2752 ρὸς
2351 2683 2644 2752 γενόμενος
2707 2685 2805 2738 σὺν
2857 2685 3080 2754 Χριστῷ
3143 2686 3468 2754 ὐμνουμένῳ
3529 2687 3633 2736 ὑπὸ
3683 2687 3799 2739 τῶν

2207 2772 2430 2826 ἀκάκων
2492 2774 2759 2841 ἀγγέλων,
2813 2767 2887 2828 ὧν
2927 2774 3118 2837 τύπος,
3168 2775 3235 2828 τὰ
3279 2777 3470 2846 νήπια.
3526 2775 3708 2828 Πῶλον
3737 2777 3798 2829 δὲ

2209 2863 2380 2931 λέγει,
2426 2864 2517 2916 τὸν
2571 2865 2729 2930 δνον,
2761 2867 2951 2937 ἐπειδὴ
2989 2869 3017 2920 6
3053 2868 3111 2934 ἐξ
3148 2867 3317 2922 ἐθνῶν
3354 2868 3499 2932 λαὸς,
3541 2868 3796 2938 ἀγύμνα-

2213 2971 2336 3016 στος
2361 2949 2427 3024 ἧν
2456 2955 2554 3022 τῆς
2586 2957 2663 3017 είς
2707 2955 2989 3009 εὐσέϐειαν
3016 2956 3254 3026 ἀγούσης
3289 2958 3545 3020 πίστεως.

523 3053 776 3116 asinum,
830 3047 1276 3120 quandoquidem
1329 3045 1618 3115 gentilium
1674 3045 1908 3116 populus
1963 3044 2223 3101 ducentis
2283 3045 2349 3099 ad
2397 3046 2655 3117 pietatem
2720 3047 2842 3104 fidei
2888 3051 3044 3106 rudis
3095 3061 3149 3106 et
3194 3053 3588 3108 inexercitatus
3647 3061 3792 3110 erat.

595 3163 720 3228 XII,
767 3162 854 3216 16.
934 3161 1059 3216 Hac
1113 3177 1232 3216 vero
1290 3177 1391 3214 non
1452 3169 1797 3231 cognoverunt
1849 3158 2097 3228 discipuli

520 3258 635 3328 ejus
661 3259 912 3327 primum,
942 3264 1048 3311 etc.

593 3371 757 3425 Initio
806 3369 1034 3440 quidem
1075 3368 1402 3439 ignorabant
1451 3383 1574 3438 quae
1625 3369 1693 3423 de
1748 3368 1843 3422 illo
1891 3368 2098 3438 scripta
2127 3356 2170 3414 (ἓ

524 3471 686 3528 sunt;
712 3472 769 3518 at
803 3471 925 3534 post
954 3463 1410 3518 resurrectionem
1449 3476 1559 3515 non
1589 3460 1642 3514 in
1668 3458 1902 3513 Judaica
1941 3461 2102 3514 caeci-

520 3568 635 3625 ,tate
660 3565 1006 3623 manserunt,
1049 3555 1144 3611 sed
1177 3570 1276 3627 per
1317 3553 1581 3626 Spiritum
1614 3553 1751 3622 ipsis
1787 3551 2100 3605 divinorum

524 3650 818 3707 verborum
859 3649 1096 3704 revelata
1127 3655 1210 3702 est
1251 3646 1516 3718 cognitio.
1546 3643 1702 3699 Tunc
1739 3657 1869 3698 vero
1897 3642 2103 3713 glorifi-

523 3747 682 3796 catus
709 3749 794 3795 est
823 3738 1102 3803 Christus,
1144 3753 1270 3793 eum
1302 3739 1359 3792 in
1390 3752 1555 3792 cruce
1589 3745 1842 3790 mortuus
1881 3733 2099 3788 revixit.

524 3831 636 3887 Nec
670 3845 833 3900 porro
855 3829 1912 3900 erubuitevangelista,commemorans
1942 3823 2106 3877 disci-

528 3922 788 3994 pulorum
843 3921 1254 3991 ignorantiam,
1321 3927 1376 3972 et
1443 3933 1638 3972 rursus
1695 3916 2102 3984 cognitionem,

527 4010 750 4081 quando
809 4010 1149 4081 propositum
1187 4007 1464 4069 habebat,
1509 4007 1647 4059 nihil
1691 4005 1845 4074 pensi
1907 4004 2108 4057 habere

527 4104 696 4178 699
724 4105 871 4158 circa
902 4111 1211 4174 respectum
1243 4099 1548 4160 hominum,
1583 4097 1678 4153 sed
1721 4097 1961 4168 Spiritus
1989 4096 2110 4166 glo-

533 4197 628 4249 ri:e
657 4193 965 4264 suffragari,
1000 4206 1065 4247 ac
1104 4188 1396 4244 ostendere
1431 4187 1654 4259 quinam
1704 4194 1894 4243 essent
1941 4185 2110 4240 disci-

531 4286 644 4358 puli
685 4293 809 4340 ante
836 4283 1320 4346 resurrectionem,
1346 4289 1400 4335 et
1435 4279 1657 4350 quinam
1698 4287 1825 4348 post
1860 4291 2110 4331 resurre-

531 4379 787 4432 ctionem.
823 4375 879 4429 Si
927 4376 1096 4446 igitur
1129 4374 1184 4428 hi
1227 4371 1573 4447 ignorabant,
1621 4369 1793 4424 multo
1834 4368 2008 4439 magis
2053 4375 2109 4421 et

533 4470 625 4524 alii
656 4467 850 4522 Jndzci.
897 4465 1198 4536 Postquam
1235 4479 1369 4518 vero
1405 4462 1458 4516 in
1503 4475 1669 4516 cruce
1715 4467 1972 4516 mortuus
2001 4466 2103 4521 est,

533 4556 764 4612 scissum
792 4562 877 4609 est
906 4553 1108 4618 velum,
1152 4562 1212 4608 ut
1241 4552 1612 4624 intelligamus
1673 4549 1812 4603 nihil
1845 4548 2106 4617 deinceps

533 4648 784 4703 fidelibus
810 4656 864 4703 et
901 4646 995 4702 Dei
1026 4647 1345 4704 amantibus
1367 4645 1646 4700 occultum
1669 4657 1812 4697 esse.
1846 4640 2022 4712 Igitur
2045 4640 2108 4693 il-

533 4741 765 4796 lustrata
791 4749 878 4796 est
909 4756 1099 4795 eorum
1135 4737 1380 4810 cognitio
1402 4753 1430 4790 a
1461 4745 1713 4805 tempore
1747 4733 2110 4789 resurrectio-

533 4833 797 4903 nis,-quia
825 4830 1116 4902 inspiravit
1146 4830 1402 4884 Christus
1449 4828 1503 4881 in
1555 4825 1750 4880 faciem
1798 4839 2010 4890 eorum,
2055 4832 2110 4877 et

533 4925 622 4980 alii
651 4941 719 4979 ex
759 4925 882 4980 aliis
915 4921 1044 4977 facti
1100 4921 1410 4990 mutatique
1457 4927 1606 4974 sunt.
1655 4915 1763 4972 Sed
1795 4917 1968 4971 multo
2003 4931 2110 4969 am-

534 5017 680 5086 plius
708 5015 1007 5070 illuminati
1035 5015 1256 5070 fuerunt
1289 5014 1344 5068 in
1375 5013 1466 5067 die
1485 5011 1866 5074 Pentecostes,
1891 5007 2110 5078 quando

535 5108 591 5162 in
640 5116 968 5178 potestatem
1029 5106 1206 5162 sancti
1265 5103 1505 5175 Spiritus
1567 5101 1636 5157 ad
1694 5116 1792 5156 eos
1843 5099 2110 5154 venientis

534 5198 915 5254 transformati
949 5206 1100 5255 sunt.

609 5289 702 5345 XII
724 5331 739 5355 ,
773 5292 860 5347 Π.
914 5291 1300 5346 Testimonium
1335 5304 1458 5359 ergo
1476 5283 1779 5355 perhibebat
1811 5282 1966 5337 turba
1997 5297 2114 5353 qua:

537 5391 653 5435 erat
705 5398 820 5434 cum
847 5399 928 5447 eo,
980 5381 1192 5453 quando
1241 5380 1513 5436 Lazarum
1562 5377 1763 5433 vocavit
1815 5376 1879 5430 de
1925 5391 2113 5430 monu-

537 5481 733 5534 mendo.
773 5482 882 5527 etc.

610 5562 936 5618 Necessario
975 5565 1172 5619 ordine
1218 5574 1558 5635 postremum
1588 5562 1692 5616 hoc
1739 5569 1847 5624 est,
1879 5557 2026 5629 quod
2058 5558 2112 5612 in

2283 3164 2472 3218 Ταῦτα
2505 3165 2574 3218 δὲ
2619 3167 2731 3220 οὐκ
2768 3167 3044 3236 ἔγνωσαν
3089 3171 3146 3224 οἱ
3198 3170 3455 3239 μαθηταὶ
3497 3169 3683 3224 αὐτοῦ
3727 3153 3793 3224 τὸ

2207 3257 2463 3326 πρῶτον,
2488 3261 2583 3314 καὶ
2609 3259 2678 3314 τά
2709 3258 2854 3331 ἑξῆς.

2289 3371 2544 3440 Ἥγνόουν
2575 3373 2674 3444 μὲν
2729 3370 2821 3428 οὖν
2869 3375 2932 3428 τὸ
2974 3375 3093 3428 κατ’
3137 3376 3346 3447 ἀρχὰς,
3377 3375 3448 3430 τά
3502 3379 3590 3430 ἐπ’
3643 3375 3794 3449 αύτῷ

2203 3463 2565 3534 γεγραμμένα
2609 3483 2624 3497 ·
2660 3467 2800 3536 μετὰ
2841 3466 2897 3519 δὲ
2950 3467 3047 3538 τὴν
3090 3469 3385 3521 ἀνάστασιν
3414 3508 3428 3532 ,
3475 3469 3574 3522 οὐκ
3636 3470 3790 3540 ἔμει-

2203 3571 2300 3607 ναν
2353 3554 2565 3624 ἔχοντες
2603 3558 2701 3627 τὴν
2758 3557 3055 3629 ’ῐουδαῖκὴν
3094 3559 3342 3630 πήρωσιν
3367 3602 3381 3623 ,
3412 3559 3548 3613 ἀλλά
3577 3561 3790 3614 ἀπεκα-

2203 3645 2378 3718 λύφθη
2411 3648 2593 3711 αὐτοῖς
2613 3648 2699 3702 διὰ
2731 3648 2825 3702 τοῦ
2856 3649 3176 3720 Πνεύματος
3204 3653 3236 3720 ἡ
3268 3651 3467 3719 γνῶσις
3497 3653 3604 3706 τῶν
3631 3652 3791 3706 θείων

2203 3735 2396 3803 λόγων.
2427 3739 2558 3792 Τότε
2609 3739 2666 3792 δὲ
2716 3739 2975 3812 ἐδοξάσθη
3007 3742 3036 3793 6
3065 3743 3318 3812 Χριστὸς,
3344 3744 3430 3796 ὅτε
3462 3745 3794 3814 σταυρωθεῖς

2204 3826 2426 3881 ἀνεϐίω.
2461 3829 2574 3882 υύκ
2622 3829 2854 3900 ἐρυθριᾷ
2884 3829 2939 3882 δὲ
2981 3831 3008 3882 6
3040 3831 3432 3904 εύαγγελιστὴς
3474 3833 3793 3902 καταλέγων

2205 3917 2303 3987 τὴν
2345 3919 2453 3971 τῶν
2489 3919 2747 3990 μαθητῶν
2776 3922 3018 3991 ἄγνοιαν,
3057 3924 3151 3976 καὶ
3179 3923 3339 3976 πάλιν
3366 3924 3587 3992 γνῶσιν,
3629 3927 3786 3978 ἐπεί-

2208 4025 2312 4079 περ
2345 4005 2412 4080 ἦν
2450 4011 2599 4082 αὐτῷ
2629 4013 2862 4078 σκοπὸς,
2904 4014 3166 4084 άλογῆσαι
3201 4016 3296 4083 μὲν
3339 4018 3436 4086 τῆς
3469 4018 3548 4079 είς
3585 4014 3794 4087 ἀνθρὼ-

2208 4116 2344 4162 πους
2374 4100 2574 4164 αἰδοῦς,
2611 4103 2978 4173 συνηγορῆσαι
2999 4104 3054 4155 δὲ
3077 4107 3141 4176 τῇ
3172 4105 3266 4158 τοῦ
3299 4107 3614 4177 Πνεύματος
3642 4108 3791 4182 δόξῃ,

2209 4188 2302 4240 καὶ
2335 4188 2504 4253 δεῖξαι
2535 4190 2678 4254 τίνες
2715 4193 2813 4261 μὲν
2841 4188 2982 4264 ἦσαν
3011 4194 3058 4247 oi
3093 4196 3336 4267 μαθηταὶ
3375 4199 3481 4267 πρὸ
3521 4198 3621 4268 τῆς
3659 4201 3791 4254 ἀνα-

2212 4275 2457 4338 στάσεως
2481 4317 2494 4340 ,
2529 4278 2674 4341 τίνες
2718 4279 2773 4331 δὲ
2795 4323 2809 4346 ,
2843 4281 2984 4349 μετὰ
3027 4283 3124 4354 τὴν
3159 4285 3454 4339 ἀνάστασιν
3484 4288 3788 4356 γεγόνασιν.

2209 4369 2272 4421 Εἰ
2299 4364 2392 4422 οὗν
2419 4362 2563 4424 οὗτοι
2613 4371 2842 4440 ἠγνόουν
2866 4415 2881 4439 ,
2927 4373 3108 4444 πολλῷ
3163 4377 3362 4447 μᾶλλον
3396 4380 3445 4431 οἱ
3473 4379 3621 4432 ἄλλοι
3659 4381 3791 4434 Ἰου-

2207 4460 2364 4514 δαῖοι.
2397 4459 2552 4513 Μετὰ
2603 4461 2659 4514 δὲ
2707 4463 2768 4514 τὸ
2811 4464 3228 4536 σταυρωθῆναι,
3257 4469 3480 4540 ἐσχίσθη
3530 4471 3590 4523 τὸ
3626 4489 3792 4525 κατα-

2210 4551 2485 4622 πέτασμα.
2519 4553 2605 4606 ἵνα
2637 4553 2854 4624 γνῶμεν
2899 4556 2981 4609 ὃτι
3020 4556 3170 4610 οὐδὲν
3199 4556 3277 4610 ἔτι
3307 4559 3415 4611 τῶν
3458 4562 3791 4633 ἀποκρύφων

2210 4643 2552 4698 διαλανθάνει
2575 4646 2700 4708 τοὺς
2733 4648 2957 4710 πιστοὺς
2991 4649 3085 4701 καὶ
3113 4649 3412 4717 φιλοθέους.
3459 4653 3792 4725 Ἐςρωτίσθη-

2217 4751 2314 4787 σαν
2336 4731 2428 4787 οὖν
2449 4735 2548 4806 τὴν
2575 4737 2776 4804 γνῶσιν
2800 4738 2906 4792 ἀπὸ
2937 4739 3030 4793 τοῦ
3064 4741 3259 4814 καιροῦ
3291 4742 3390 4811 τῆς
3423 4744 3790 4808 ἀναστάσεως.

2214 4829 2296 4881 δτι
2338 4829 2671 4902 ἐνεφύσησεν
2706 4831 2734 4882 6
2779 4833 3015 4904 Χριστὸς
3054 4836 3132 4898 είς
3173 4835 3232 4888 τὸ
3273 4837 3563 4906 πρόσωπον
3593 4838 3788 4902 αὐτῶν,

2216 4920 2310 4977 καὶ
2339 4923 2625 4988 γεγόνασιν
2663 4921 2721 4992 ἐξ
2748 4923 2949 4996 ἐτέρων
2981 4924 3150 4980 ἄλλοι.
3197 4926 3320 4980 Ἐπὶ
3344 4928 3524 4981 πλεῖον
3561 4929 3616 4981 δὲ
3657 4931 3793 4999 ἐφω-

2217 5011 2482 5082 τίσθησαν
2505 5015 2562 5066 ὲν
2595 5017 2659 5086 τῇ
2693 5017 2876 5089 ἡμέρᾳ
2903 5018 3002 5087 τῆς
3028 5018 3426 5091 Πεντηκοστῆς,
3463 5023 3553 5075 ὅτε
3585 5025 3664 5086 είς
3697 5023 3791 5094 τὴν

2217 5102 2312 5156 τοῦ
2356 5105 2808 5177 ἐπιφοιτήσαντος
2850 5109 3032 5172 αὐτοῖς
3086 5111 3243 5179 ἁγίου
3307 5113 3624 5184 Πνεύματος
3665 5131 3792 5184 μετ-

2220 5194 2545 5250 επλάττοντο
2570 5197 2819 5270 δύναμιν.

2303 5289 2646 5358 Ἐμαρτύρει
2695 5286 2809 5344 οὖν
2835 5294 2867 5344 ὀ
2907 5291 3090 5360 ὄχλος
3132 5296 3164 5346 ὀ
3193 5292 3277 5346 ῶν
3303 5297 3431 5363 μετ’
3465 5295 3673 5357 αὐτοῦ,
3710 5297 3795 5347 ὅτι

2216 5379 2324 5431 τὸν
2371 5379 2635 5448 Λάζαρον
2661 5381 2974 5451 ἐφώνησεν
3020 5384 3088 5437 ἐκ
3130 5385 3236 5438 τοῦ
3265 5389 3582 5456 μνημείου,
3609 5396 3700 5440 καὶ
3736 5389 3797 5438 τὰ

2219 5468 2366 5537 ἑξῆς.

2305 5559 2646 5628 Ἀναγκαίως
2682 5561 2756 5633 (l)
2791 5562 2899 5634 ἄρα.
2949 5564 3042 5618 καὶ
3077 5567 3142 5636 τῇ
3179 5565 3330 5632 τάξει
3385 5562 3700 5623 τελευταῖον
3747 5565 3801 5620 τ’)

540 5655 752 5712 Lazaro
793 5661 1056 5726 operatus
1083 5664 1169 5709 est
1201 5653 1524 5708 miraculum
1554 5652 1842 5714 Dominus,
1876 5660 1934 5704 ut
1961 5649 2032 5704 ob
2063 5649 2101 5703 it

2224 5652 2363 5706 κατὰ
2389 5653 2480 5704 τὸν
2510 5654 2760 5726 Λάζαρον
2792 5657 2819 5709 6
2853 5656 3053 5728 Κύριος
3085 5658 3659 5737 τεθαυματούργηδιεν⁹
3719 5659 3799 5714 ἵνα

609 5836 690 5910 (1)
737 5836 1090 5906 Ἄναγκαίως
1115 5875 1128 5889 .
1157 5871 1170 5887 .
1196 5872 1209 5887 .
1241 5871 1256 5886 .
1283 5831 1619 5888 ἀκολουθεῖ.
1648 5831 1723 5887 Ex
1755 5831 1972 5886 laudata
1998 5838 2101 5886 calt

2205 5873 2211 5894 ,
2245 5830 2340 5885 fol.
2375 5830 2497 5885 132.
