4106 6262
361 367 426 421 81
1186 368 1250 422 IN
1291 369 1627 426 JOANNEM.
1663 401 1730 412 -
1773 371 1899 427 LIB.
1943 373 2032 428 vn
2076 373 2162 428 ET
2206 375 2314 429 vm
2355 375 2796 431 FRAGMENTA.
3551 387 3623 442 8.2
3709 335 3736 418 ’i:

365 479 462 531 ἐπὶ
491 480 785 549 προσφάτῳ
805 479 978 549 τούτῳ
997 481 1242 548 γεγονότι
1273 483 1526 555 τιμηθείη
1554 485 1651 555 μὲν
1680 485 1934 554 ἐπιφανεῖ·

2048 500 2240 541 recens
2274 486 2510 551 facinus,
2531 489 2737 546 clarius
2767 507 2891 547 eum
2930 494 3084 564 plebs
3119 495 3440 560 honoraret,
3463 509 3628 569 atque

365 586 560 642 στερον
585 570 688 623 ὑπὸ
717 569 812 624 τοῦ
849 570 1114 642 πλήθους,
1151 574 1250 636 τῆς
1274 573 1328 626 δὲ
1364 576 1531 645 τιμῆς
1559 575 1745 629 ἕνεκεν
1776 578 1944 648 ὑπερ-

363 659 696 732 αλγήσαντες
740 665 804 720 οῖ.
831 663 1113 733 Φαρισαῖοι
1149 664 1532 733 βουλεύσαιντο
1576 669 1694 720 κατ’
1734 667 1899 722 αὑτοῦ
1927 685 1939 697 ·

364 754 457 807 καὶ
474 753 648 818 οὕτως
688 754 1063 826 ἐπιτελεσθείη
1094 755 1156 808 τὸ
1191 757 1391 821 πάθος,
1426 758 1564 828 ὅπερ
1594 760 1681 812 καὶ
1712 761 1942 827 γίνεται.

361 845 424 897 Oi
458 843 587 912 γοῦν
613 846 892 915 Φαρισαῖοι
921 840 1076 898 εἷπον
1105 845 1242 916 πρὸς
1267 847 1462 910 αὐτούς
1490 866 1502 877 ι
1531 849 1797 919 Θεωρεῖτε
1817 890 1832 915 ,
1861 852 1942 905 ὅτι

356 934 460 989 οὐκ
491 934 752 1004 ὠφελεῖτε
783 936 967 1001 οὑδένς
1009 937 1242 1006 Ὀρῶσιν
1286 938 1370 991 ὅτι
1415 940 1592 1009 μάτην
1633 941 1943 1010 ἀντιλέγου·

362 1042 446 1078 σιν
476 1027 610 1094 πρὸς
633 1026 730 1098 τὴν
761 1027 944 1080 πίστιν
974 1027 1072 1098 τὴν
1100 1029 1182 1092 εἰς
1207 1029 1443 1098 Χριστόν
1465 1047 1478 1060 ·
1539 1032 1717 1102 μάτην
1745 1033 1942 1102 ἀφορί-

361 1113 512 1179 ζουσι
533 1116 662 1178 τοὺς
683 1116 1071 1180 πιστεύοντας,
1116 1117 1186 1170 τὰ
1216 1118 1316 1189 μὲν
1345 1119 1752 1191 διαλεγόμενοι,
1787 1123 1855 1177 τὰ
1883 1124 1943 1177 δέ

359 1205 725 1270 ἀπειλοῦντες.
768 1209 954 1263 Πάντα
994 1205 1089 1264 οῦν
1113 1211 1363 1282 ἀνωφελῆ
1402 1229 1566 1280 φασιν
1605 1209 1742 1268 εἶναι
1779 1217 1825 1269 εί
1867 1215 1942 1286 μὴ

359 1297 498 1369 πρὸς
525 1299 808 1370 ’ἀναίρεσιν
836 1301 1000 1355 αὐτοῦ
1029 1303 1344 1373 τράποιντο·
1380 1304 1490 1358 ἰδοὺ
1517 1304 1656 1378 γὰρ,
1690 1305 1853 1374 φασὶ,
1879 1307 1942 1360 τὸ

360 1389 584 1459 σύμπαν
617 1391 766 1462 αὑτῷ
790 1392 995 1462 πλῆθος
1023 1393 1342 1448 ἀκολουθεῖ.

443 1479 706 1546 Ἀκούσας
753 1482 814 1535 τὸ
866 1484 1080 1554 συμϐὰν
1127 1484 1235 1538 τῶν
1275 1486 1544 1554 ἀγελαίων
1583 1490 1612 1542 ὁ
1658 1489 1935 1558 σύλλογος,

357 1571 600 1640 εύηκόως
621 1573 846 1644 ἐπείσθη
893 1578 1002 1639 τοῖς
1029 1577 1396 1648 μαρτυροῦσιν
1435 1579 1515 1631 ὅτι
1543 1579 1808 1650 ἀνέστησε
1846 1581 1941 1634 τὸν

363 1661 615 1733 Λάζαρον
663 1665 692 1716 ὁ
742 1665 993 1735 Χριστὸς,
1041 1667 1136 1720 καὶ
1169 1668 1431 1722 κατέλυσε
1471 1668 1532 1722 τὸ
1575 1670 1668 1724 τοῦ
1707 1671 1939 1725 θανάτου

358 1755 580 1824 κράτος,
612 1755 791 1818 καθὼς
821 1758 870 1809 oi
897 1759 1166 1830 προφῆται
1202 1757 1375 1815 εἶπον.
1409 1760 1509 1815 Διά
1533 1761 1690 1817 τοῦτο
1715 1766 1809 1818 καὶ
1842 1766 1939 1819 ὑπ-

2051 577 2195 632 hunc
2228 578 2489 634 honorem
2511 596 2654 650 aegre
2679 581 2937 640 Pharisaei
2971 584 3208 643 ferentes
3232 591 3628 661 conspirarent

2052 669 2105 722 in
2157 671 2368 740 ipsum,
2419 678 2585 742 atque
2641 673 2715 727 ita
2779 678 2969 745 passio
3024 679 3424 749 perficeretur;
3477 684 3624 753 quod

2051 777 2240 831 reapse
2290 763 2511 818 accidit.
2556 764 2818 822 Pharisaei
2862 784 2994 840 ergo
3037 771 3295 828 dicebant
3325 775 3563 831 invicem
3607 794 3621 831 :

2053 873 2076 906 ι
2113 853 2421 919 Videtisne,
2463 859 2739 929 quomodo
2772 861 2909 914 nihil
2944 864 3253 933 protlcitis?
3285 885 3306 919 ι
3337 865 3539 923 Vident
3565 883 3627 925 se

2052 945 2175 1000 lidei
2237 946 2292 1000 in
2346 947 2628 1004 Christum
2687 951 2891 1006 frustra
2953 958 3370 1028 contradicere;
3417 960 3623 1018 frustra

2049 1036 2342 1091 anathema
2386 1037 2580 1092 dicunt
2637 1041 3012 1106 credentibus,
3057 1047 3259 1115 partim
3306 1049 3623 1116 suadentes,
3701 1117 3704 1120 ,

2047 1129 2246 1198 partim
2297 1129 2463 1184 etiam
2502 1131 2843 1188 minitantes.
2875 1133 3046 1190 Cassa
3093 1138 3280 1194 omnia
3331 1141 3622 1208 afﬁrmant,

2047 1219 2154 1275 nisi
2189 1221 2255 1276 ad
2276 1220 2484 1277 Christi
2516 1239 2706 1278 necem
2735 1223 3034 1282 deveniant
3058 1245 3075 1281 :
3099 1243 3231 1288 ecce
3262 1232 3621 1301 enim,aiunt,

2046 1313 2201 1382 plebs
2231 1313 2488 1372 universa
2520 1314 2675 1369 illum
2705 1325 2969 1371 sectatur.

2114 1493 2254 1549 Cum
2301 1493 2550 1549 audisset
2597 1493 2651 1548 id
2707 1494 2856 1564 quod
2909 1495 3194 1550 acciderat
3245 1492 3622 1564 gregariorum

2045 1585 2333 1641 hominum
2368 1585 2566 1648 turba,
2602 1585 2761 1639 facile
2795 1599 3081 1640 assensum
3127 1584 3363 1656 praebuit
3410 1589 3623 1638 testan-

2047 1675 2194 1730 tibus
2245 1673 2529 1730 Christum
2589 1671 2862 1727 Lazarum
2916 1686 2946 1726 a
3013 1673 3250 1728 mortuis
3310 1670 3620 1736 excitasse,

2043 1780 2404 1835 eversamque
2474 1766 2668 1822 mortis
2739 1765 3079 1836 potentiam,
3155 1760 3622 1836 quemadmodum

357 1847 595 1919 ήντησαν
627 1849 808 1920 αὐτῷ’
838 1851 938 1903 οὐκ
971 1850 1037 1905 ἂν
1072 1852 1180 1924 γὰρ
1215 1854 1459 1910 τοσοῦτοι
1504 1855 1762 1930 ἐξαίφνης
1805 1875 1934 1929 μετ-

2043 1856 2324 1926 prophetat
2371 1856 2653 1912 dixerunt.
2708 1856 3005 1926 Propterea
3058 1861 3114 1910 et
3174 1854 3396 1910 obviam
3438 1851 3623 1907 ierunt

357 1939 563 2007 έθεντο,
602 1941 651 1994 εί
693 1940 769 2012 μὴ
814 1941 1139 1998 ἐπίστευσαν
1168 1945 1249 2017 τῷ
1282 1947 1516 2018 σημείῳ.

425 2121 698 2190 θεωρεῖτε
722 2120 810 2177 ὅτι
830 2125 941 2178 οὐκ
963 2124 1245 2193 ὠφελεῖτε
1263 2125 1464 2192 οὐδὲν,
1499 2127 1594 2182 καὶ
1619 2129 1685 2183 τὰ
1710 2130 1856 2200 ἑῇς.

427 2211 598 2266 Τοῦτο
635 2214 708 2277 ὡς
743 2216 968 2279 ἑαυτοὺς
999 2217 1510 2288 καταμεμφόμενοι,
1545 2221 1730 2288 φασὶν,
1781 2223 1932 2276 ἐπεί·

362 2317 468 2373 περ
496 2303 727 2358 ἐκπαλαι
753 2307 850 2360 οὐκ
881 2308 1084 2362 ἀνεῖλον
1109 2309 1206 2362 σὺν
1225 2309 1300 2379 τῷ
1326 2309 1560 2381 Λαζάρῳ
1583 2312 1673 2365 τὸν
1703 2313 1930 2382 Ἰησοῦν,

364 2409 470 2462 προ
482 2393 792 2464 τρεπόμενοι
820 2397 1040 2461 ἐαυτοὺς
1071 2401 1147 2462 εἰς
1167 2399 1226 2452 τὸ
1265 2403 1430 2472 φονᾷν
1453 2417 1466 2430 '
1502 2403 1934 2472 ἀγανακτοῦντες

364 2485 493 2554 περὶ
517 2485 612 2538 τοῦ
639 2486 830 2540 πιστοῦ
853 2487 1108 2558 ὄχλου,ὡς
1133 2491 1278 2545 ίδίων
1292 2493 1584 2564 κτημάτων
1602 2496 1934 2567 ἀποστερού-

364 2591 536 2646 μενοι,
563 2577 670 2629 τῶν
693 2578 857 2632 ὄντων
879 2579 974 2633 τοῦ
1002 2580 1158 2636 Θεοῦ.

429 2666 632 2725 Ἦσαν
653 2671 722 2726 δέ
747 2689 907 2740 τινες
930 2676 1222 2745 Ἕλληνες
1241 2677 1310 2733 ἐκ
1329 2678 1446 2734 τῶν
1471 2681 1932 2748 ἀναϐαινόντων,

355 2761 454 2816 ἕνα
477 2764 990 2833 προσκυνήσωσιν
1014 2767 1084 2826 ἐν
1111 2768 1183 2836 τῇ
1211 2769 1405 2838 ἑορτῇ.

438 2857 758 2928 Ἀπορήσειε
790 2859 834 2912 δ’
863 2861 927 2914 ἀν
955 2877 1039 2924 τις
1078 2863 1136 2916 ἐν
1168 2865 1376 2928 τούτοις
1425 2866 1518 2919 καὶ
1562 2866 1935 2936 διασκέψαιτο,

356 2947 498 3001 κατά
535 2948 655 3002 τίνα
703 2949 862 3019 λόγον
926 2952 1277 3007 ἀναϐαίνουσι
1335 2955 1454 3009 τῶν
1495 2956 1760 3028 Ἐλλήνων
1795 2959 1939 3022 τινὲς

357 3042 825 3112 προσκυνήσοντες
850 3045 930 3106 εἰς
964 3043 1332 3115 Ἱεροσόλυμα,
1367 3048 1461 3100 καὶ
1508 3049 1627 3101 τότε
1673 3049 1771 3119 τῆς
1800 3049 1941 3102 κατά

354 3128 519 3198 νόμον
546 3131 738 3201 ἑορτῆς
760 3132 1200 3204 ἐπιτελουμένης.
1225 3135 1298 3188 Ού
1342 3135 1447 3207 γὰρ
1475 3136 1538 3206 δή
1570 3136 1682 3190 πού.
1705 3155 1788 3201 τις
1818 3139 1935 3208 ἐρεῖ

359 3221 492 3289 πρὸς
525 3223 624 3291 τὴν
652 3222 762 3275 τῶν
800 3226 979 3277 ἐκεῖσε
1019 3225 1149 3279 θέαν.
1199 3226 1463 3297 ἀναϐῆναι
1513 3229 1670 3298 μόνον
1700 3229 1896 3293 αὐτούς
1923 3248 1935 3260 ·

356 3313 788 3383 συμμεθέξοντες
843 3317 952 3387 γὰρ
1008 3320 1119 3382 τοῖς
1173 3318 1444 3385 Ἰουδαίοις
1480 3322 1578 3392 τῆς
1622 3323 1806 3387 αὐτοῖς
1845 3325 1940 3377 καὶ

356 3405 540 3474 μόνοις
565 3407 883 3478 πρεπούσης
923 3409 1117 3479 ἑορτῆς
1145 3410 1550 3468 συναναθὲουσι.
1586 3413 1652 3465 Τί
1678 3413 1739 3466 τὸ
1764 3415 1939 3468 κοινὸν

351 3496 437 3558 εἰς
469 3496 719 3568 λατρείας
747 3498 902 3568 λόγον
924 3501 1151 3571 Ἕλλησί
1176 3518 1236 3554 τε
1269 3503 1365 3555 καὶ
1405 3503 1676 3566 Ἰουδαίοις
1701 3522 1716 3570 ;
1744 3505 1939 3559 Καίτοι

349 3587 491 3640 πολὺ
517 3589 814 3644 διεστῶσαν
857 3593 1165 3663 εὑρήσομεν
1184 3593 1282 3664 τὴν
1308 3595 1365 3646 ἐν
1393 3595 1596 3663 ἀμφοῖν
1622 3594 1735 3660 ἕξιν
1756 3613 1816 3648 τε
1845 3597 1940 3650 καὶ

350 3681 680 3750 προαίρεσιν
697 3698 712 3713 ο
743 3684 792 3734 οἱ
819 3682 1056 3754 μὲνγὰρ
1073 3685 1171 3754 τὴν
1197 3685 1475 3755 ἀλήθειαν,
1509 3686 1559 3738 οἱ
1582 3685 1639 3739 δὲ
1665 3685 1726 3738 τὸ
1748 3685 1939 3755 ψεῦδος

348 3777 707 3843 τετιμήκασι.
744 3774 808 3826 Τί
826 3772 920 3827 οὖν
952 3775 1183 3847 ἐροῦμεν
1221 3777 1279 3830 ἐν
1309 3776 1553 3843 τούτοις,
1586 3778 1936 3848 Παρακειμέ-

348 3881 458 3932 νης
490 3865 588 3935 τῆς
630 3866 894 3920 Ἰουδαίων
935 3866 1119 3938 χώρας
1155 3870 1220 3940 τῇ
1256 3868 1364 3922 τῶν
1404 3869 1724 3934 Γαλιλαίων,
1755 3871 1938 3934 πόλεις

344 3973 414 4008 τε
447 3955 539 4008 καὶ
575 3958 764 4026 κώμας
791 3957 1048 4029 ἀλλήλαις
1079 3960 1311 4031 ὁμόρους
1343 3960 1556 4031 ἔχοντες
1584 3961 1842 4033 Ἕλληνές
1873 3979 1934 4014 τε

340 4045 617 4106 κάκεῖνοι,
659 4047 860 4115 συχνὰς
893 4047 994 4116 μὲν
1021 4046 1302 4102 ἐποιοῦντο
1327 4048 1425 4112 τὰς
1453 4048 1752 4119 ἐπιμιξίας,
1783 4050 1934 4118 ἐφοί-

334 4155 462 4190 των
484 4137 539 4190 δὲ
579 4139 710 4207 παρ’
740 4137 1004 4210 ἀλλήλους
1043 4139 1323 4210 ἑκάτεροι,
1354 4140 1602 4210 ποικίλης
1649 4141 1729 4205 είς
1775 4140 1934 4193 τοῦτο

333 4229 622 4302 καλούσης
653 4231 928 4302 ἀφορμῆς.
960 4232 1175 4302 Ἐπειδὴ
1209 4232 1267 4286 δέ
1303 4251 1418 4296 πως
1463 4232 1770 4304 θερμοτέρα
1795 4232 1930 4285 πολὺ

331 4322 490 4394 πρὸς
535 4323 864 4392 μετάστασιν
889 4323 989 4394 τὴν
1020 4323 1113 4376 ἐπὶ
1152 4323 1213 4377 eo
1244 4325 1466 4393 ἄμεινον
1512 4325 1545 4394 ή
1576 4323 1684 4376 τῶν
1722 4323 1933 4377 εἰδωλο-

327 4413 693 4484 λατρούντων
733 4415 853 4467 ἐστὶ
896 4415 1139 4480 διάνοια,
1169 4415 1262 4469 ἆτε
1295 4415 1360 4486 δὴ
1407 4415 1504 4469 καὶ
1551 4415 1696 4485 μάλα
1732 4415 1930 4486 ῥᾳδίως

2030 1946 2132 2017 ipsi
2182 1963 2403 2018 :neque
2447 1949 2594 2003 enim
2659 1948 2733 2002 ita
2781 1947 3077 2017 derepente
3115 1955 3227 2001 tam
3281 1945 3439 2000 multi
3496 1957 3622 2000 sese

2029 2040 2489 2098 commovissem,
2525 2039 2632 2093 nisi
2667 2038 2941 2093 miracqu
2971 2038 3366 2094 credidissent.

2101 2129 2232 2194 Xll,
2273 2131 2361 2184 l9.
2428 2129 2631 2184 Videtis
2682 2130 2811 2199 quia
2848 2130 2984 2184 nihil
3023 2129 3332 2198 pro/icitis?
3363 2135 3475 2182 etc.

2103 2221 2217 2275 lloc
2257 2221 2450 2276 dicunt
2488 2221 2648 2290 quasi
2699 2222 2916 2292 seipsos
2947 2221 3290 2285 incusantes,
3327 2215 3474 2289 quod
3505 2232 3616 2272 non

2027 2310 2358 2380 jampridem
2409 2309 2695 2366 Christum
2745 2324 2872 2365 cum
2919 2309 3132 2364 Lazaro
3180 2309 3609 2373 interfecerint,

2033 2417 2263 2472 seseque
2291 2401 2360 2456 ad
2407 2399 2619 2456 caedem
2664 2408 2860 2456 mutuo
2903 2401 3289 2466 cohortantur,
3339 2398 3610 2469 indignati

2031 2493 2177 2563 quod
2217 2493 2394 2548 turba:
2439 2492 2752 2556 crederent,
2784 2491 2958 2547 veluti
2989 2493 3122 2548 suis.
3157 2489 3616 2562 possessionibus

2033 2585 2216 2654 ejecti,
2253 2599 2380 2637 cum
2413 2582 2548 2652 ipsa:
2575 2597 2703 2638 vero
2737 2581 2806 2636 ad
2843 2579 3014 2637 Deum
3047 2583 3410 2652 pertinerent.

2108 2675 2243 2740 XII,
2277 2673 2371 2728 20.
2425 2673 2600 2727 Erant
2654 2681 2833 2728 autem
2879 2673 3121 2743 quidam.
3147 2673 3368 2742 gentiles
3415 2687 3492 2728 ea:-
3532 2672 3615 2728 hic

2035 2771 2124 2840 qui
2151 2767 2520 2831 ascenderant,
2552 2764 2949 2819 utvaadorarent.
2971 2765 3025 2820 in
3059 2765 3147 2821 die
3177 2765 3332 2834 festo.

2109 2857 2452 2915 Dubitaverit
2475 2857 2750 2928 quispiam
2796 2858 2850 2913 in
2878 2859 3055 2922 hisce,
3101 2858 3473 2930 pendebitque
3499 2859 3620 2914 ani-

2039 2953 2152 3017 mi,
2186 2965 2352 3021 quam
2399 2949 2740 3004 obcausam
2783 2951 3035 3007 nonnulli
3061 2950 3376 3006 Graecorum
3416 2951 3616 3006 adora-

2041 3045 2152 3099 turi
2188 3043 2540 3100 ascenderint
2588 3043 2988 3116 Hierosolyma,
3032 3043 3198 3114 idque
3251 3057 3378 3098 cum
3419 3058 3618 3099 secun-

2043 3137 2172 3191 dum
2204 3136 2379 3207 legem
2419 3135 3040 3192 festum-celebraretur.
3072 3133 3260 3206 Neque
3285 3135 3432 3191 enim
3463 3136 3618 3205 quis-

2043 3244 2211 3298 quam
2241 3228 2387 3284 dicet
2424 3227 2742 3284 ascendisse
2759 3243 2863 3284 eos
2907 3228 3170 3283 duntaxat
3208 3227 3276 3282 ad
3323 3234 3615 3296 spectacu-

2042 3320 2178 3382 lum,
2210 3319 2415 3390 quippe
2443 3319 2743 3388 participes
2777 3318 2944 3373 futuri
2973 3334 3100 3374 cum
3137 3316 3342 3372 Judaais
3375 3316 3502 3371 festi
3535 3317 3616 3372 eis

2041 3409 2174 3465 solis
2190 3409 2570 3464 convenientis
2614 3407 2781 3464 simul
2810 3415 3140 3474 accurrunt;
3170 3407 3298 3477 quid
3322 3420 3617 3462 commune

2039 3501 2224 3572 quoad
2256 3502 2466 3557 cultum
2497 3500 2704 3557 Graecis
2736 3511 2790 3557 et
2817 3500 3058 3556 Judteis?
3092 3499 3258 3568 Atqui
3313 3498 3612 3568 plurimum

2041 3591 2382 3648 differenten)
2432 3591 2486 3646 in
2537 3592 2786 3660 utrisque
2839 3589 3246 3658 comperiemus
3279 3587 3524 3642 habitum
3559 3595 3615 3642 et

2043 3683 2354 3738 institutum
2382 3681 2550 3737 animi
2582 3700 2596 3737 :
2647 3681 2703 3735 hi
2742 3681 2890 3736 enim
2927 3679 3241 3743 veritatem,
3277 3679 3354 3732 illi
3389 3677 3611 3732 menda-

2037 3775 2184 3829 cium
2210 3775 2419 3829 colunt.
2454 3773 2599 3840 Quid
2631 3788 2760 3842 ergo
2787 3772 2875 3827 hic
2903 3769 3192 3827 dicemus?
3219 3769 3355 3825 Cum
3395 3768 3615 3825 1υάπο-

2040 3881 2160 3918 rum
2193 3864 2344 3934 regio
2382 3865 2724 3920 contermina
2763 3873 2910 3920 esset
2945 3860 3204 3926 Galilzeze,
3233 3861 3508 3931 urbesque
3545 3875 3611 3916 ac

2039 3957 2192 4011 vicos
2223 3956 2368 4011 inter
2396 3972 2456 4012 se
2479 3956 2712 4011 invicem
2738 3956 2951 4011 vicinos
2979 3955 3262 4020 haberent,
3292 3952 3612 4023 frequenter

2039 4047 2182 4101 inter
2219 4063 2278 4102 se
2303 4047 2448 4100 ultro
2479 4047 2734 4116 citroque
2773 4043 3176 4110 commeabant,
3211 4057 3275 4098 ac
3308 4044 3613 4113 permisce-

2036 4138 2262 4201 bantur,
2297 4151 2362 4192 ac
2393 4138 2615 4207 utrique
2657 4137 2927 4192 invitante
2959 4135 3029 4190 ad
3070 4135 3126 4190 id
3175 4135 3469 4206 multiplici
3514 4150 3612 4191 oc-

2035 4229 2258 4282 casione
2288 4227 2522 4281 invicem
2577 4227 2784 4282 alteros
2837 4225 3088 4281 adibant.
3151 4224 3423 4292 Quoniam
3478 4240 3609 4280 vero

2035 4321 2213 4373 multo
2251 4319 2412 4389 700
2441 4319 2724 4374 ardentior
2748 4331 2905 4373 mens
2928 4324 3045 4373 erat
3070 4317 3343 4372 idolorum
3374 4317 3607 4373 cultori-

2034 4412 2160 4474 bus,
2189 4421 2244 4466 et
2281 4410 2354 4464 ad.
2385 4411 2742 4465 mutationem
2777 4411 2840 4464 in-
2865 4409 3065 4464 melius
3102 4410 3447 4480 propensior,
3484 4417 3610 4464 tan—

329 4505 779 4575 ἐξελεγχομένης
796 4506 976 4559 αὐτῶν
1008 4506 1108 4576 τῆς
1129 4506 1516 4578 ψευδολατρίας
1549 4507 1624 4570 ὡς
1654 4507 1930 4577 ἀχρήστου

2038 4517 2199 4572 quam
2229 4502 2356 4571 plus
2395 4505 2528 4557 satis
2557 4500 2761 4556 revicta
2791 4499 3188 4570 confutataque
3221 4516 3414 4556 eorum
3456 4500 3608 4555 inani

327 4597 653 4662 παντελῶς,
703 4599 1080 4667 μετεπείθοντό
1124 4617 1267 4660 τινες
1314 4601 1551 4662 εὐκόλως
1580 4617 1594 4630 ο
1627 4599 1779 4654 οὔπω
1833 4599 1932 4669 μέν

320 4688 610 4750 ὁλοτελῶς
644 4689 723 4751 εἱς
757 4688 818 4740 τὸ
842 4728 855 4742 .
890 4688 1035 4758 μόνῳ
1073 4687 1363 4758 λατρεύειν
1399 4688 1483 4758 τῷε
1505 4689 1647 4742 κατὰ
1672 4688 1931 4757 ἀλήθειαν

316 4783 448 4836 ὄντι
508 4778 650 4850 Θεῷ,
692 4778 1038 4849 μεριζόμενοι
1085 4778 1142 4831 δέ
1189 4795 1304 4840 πως
1344 4781 1456 4842 τοῖς
1490 4781 1570 4842 είς
1629 4780 1931 4833 ἀπόστασιν

315 4872 649 4940 λογισμοῖς,
680 4870 773 4921 καὶ
804 4872 922 4931 ταῖς
950 4869 1057 4922 τῶν
1103 4869 1248 4922 ἰδίων
1289 4868 1625 4922 διδασκάλων
1673 4870 1931 4939 ἐπόμενοι

314 4962 619 5036 γνώμαις,
653 4960 958 5025 Πλάτωνος,
998 4960 1163 5031 φημὶ,
1198 4963 1290 5012 καὶ
1324 4961 1434 5013 τῶν
1465 4960 1583 5014 κατ’
1610 4962 1816 5013 ἐκεῖνον
1854 4955 1930 5013 εἶ-

312 5074 414 5112 ναι
451 5051 774 5122 λεγομένων
807 5050 1007 5121 σοφῶν,
1048 5051 1366 5122 φασκόντων
1396 5051 1492 5105 ἕνα
1520 5052 1617 5120 μὲν
1652 5052 1761 5105 τῶν
1791 5054 1928 5106 πάν-

308 5166 434 5203 των
472 5141 626 5199 εἶναι
669 5143 1020 5214 δημιουργὸν,
1061 5145 1390 5215 ἐγκοσμίους
1425 5144 1482 5196 δέ
1513 5143 1641 5206 τοὺς
1687 5143 1928 5207 λοιποὺς,

311 5242 417 5295 καὶ
481 5235 686 5303 ὥσπερ
750 5234 902 5298 τινὰς
949 5235 1222 5304 ἡγεμόνας
1275 5234 1747 5305 κεχειροτονῆσθαι
1795 5236 1928 5305 παρ’

306 5331 546 5389 ἐκείνου
585 5326 722 5396 πρὸς
749 5327 1012 5396 διοίκησιν
1045 5325 1152 5379 τῶν
1183 5325 1538 5398 ἀνθρωπίνων
1564 5328 1924 5398 πραγμάτων.

310 5425 496 5484 Ἐθος
529 5415 632 5472 οῦν
657 5434 766 5470 τισι
814 5418 1450 5489 Παλαιστινοῖς,”Ελλησι
1494 5419 1727 5488 μάλιστα
1747 5459 1760 5483 ,
1788 5437 1930 5490 παρ-

302 5511 681 5586 εζευγμένην
734 5511 829 5564 καὶ
879 5511 1098 5580 γείτονα
1131 5510 1230 5581 τὴν
1280 5511 1388 5564 τῶν
1424 5510 1690 5564 Ἰουδαίων
1744 5509 1928 5580 ἔχουσι

303 5613 510 5687 χώραν
535 5645 554 5672 ,
594 5601 1014 5672 ἀπομάττεσθαι
1068 5620 1186 5666 πως
1221 5601 1318 5667 ἔθη
1351 5602 1420 5654 τὰ
1463 5602 1592 5672 παρ’
1616 5601 1799 5663 αὐτοῖς
1837 5602 1928 5652 καί

301 5708 369 5760 τὸ
395 5703 510 5772 τῆς
546 5693 862 5768 μοναρχίας
885 5693 1056 5764 ὄνομα
1071 5694 1256 5764 τιμᾷν,
1277 5693 1434 5759 δόξαν
1458 5691 1600 5744 οὕτω
1627 5691 1922 5752 κάκείνοις,

301 5792 385 5852 ὧν
432 5789 657 5861 ἀρτίως
690 5782 1218 5855 ἐμνημονεύσαμεν,
1251 5784 1296 5836 εί
1348 5783 1440 5836 καὶ
1484 5782 1563 5853 μὴ
1599 5780 1740 5835 οὕτω
1794 5783 1923 5849 φασῖ

2037 4593 2462 4661 superstitione,
2483 4591 2606 4646 ideo
2636 4592 2888 4646 nonnulli
2923 4591 3082 4648 facile
3108 4593 3439 4648 sententiam
3483 4607 3608 4646 mu—

2035 4685 2225 4738 tabant
2259 4700 2272 4737 :
2300 4683 2396 4738 sed
2421 4683 2662 4737 nondum
2693 4682 2932 4754 perfecte
2959 4683 3028 4738 ad
3058 4683 3164 4739 hoc
3191 4691 3252 4738 ut
3273 4684 3378 4739 soli
3409 4699 3609 4739 secun-

2032 4775 2164 4830 dum
2199 4775 2480 4830 veritatem
2533 4775 2648 4831 Deo
2701 4776 3024 4841 servirent;
3058 4776 3324 4846 ancipites
3375 4789 3506 4830 vero
3552 4785 3607 4831 et

2033 4868 2304 4936 ambiguis
2333 4868 2462 4922 hinc
2485 4866 2611 4922 inde
2643 4868 2894 4922 diSIracti
2921 4867 3229 4922 rationibus
3251 4867 3317 4921 ad
3341 4865 3606 4923 defectio-

2033 4975 2180 5020 nem.
2212 4967 2267 5014 et
2297 4974 2524 5015 suorum
2556 4959 2949 5029 magistrorum
2973 4957 3604 5029 opiuionibusinsisten-

2033 5061 2135 5114 tes,
2172 5049 2440 5115 Platonis,
2473 5051 2723 5120 inquam,
2755 5057 2811 5105 et
2842 5050 3078 5104 aliorum
3111 5049 3162 5103 id
3189 5064 3362 5119 genus
3387 5049 3604 5117 sapien-

2030 5150 2169 5207 tum,
2211 5143 2304 5213 qui
2336 5143 2490 5198 aiunt
2524 5159 2693 5197 unum
2735 5142 2955 5212 quidem
2999 5155 3126 5196 esse
3157 5139 3397 5194 universi
3441 5139 3603 5210 opifi-

2029 5249 2171 5298 cem,
2200 5244 2428 5290 caeteros
2449 5234 3026 5302 vero-mundanosque
3050 5241 3309 5300 tauquam
3333 5233 3600 5303 quosdam

2030 5327 2198 5382 duces
2227 5329 2297 5381 ab
2324 5328 2419 5381 illo
2448 5337 2667 5382 creatos
2709 5327 2777 5380 ad
2808 5308 2990 5380 rerum
3044 5324 3409 5378 lmmanarum
3454 5326 3603 5396 regi-

2030 5433 2180 5471 men.
2233 5417 2402 5472 Moris
2453 5433 2584 5488 ergo
2642 5415 2928 5470 nonnullis
2982 5413 3326 5479 Palaestinis,
3394 5415 3602 5472 Graecis

2030 5507 2283 5570 maxime,
2313 5506 2545 5561 vicinam
2568 5514 2620 5560 et
2638 5506 2948 5574 contiguam
2978 5502 3290 5559 Iudaeorum
3323 5504 3598 5573 regionem

2031 5597 2402 5652 accolentibus
2431 5636 2445 5659 ,
2504 5595 2708 5650 imitari
2757 5604 2813 5650 et
2863 5609 3145 5650 assumere
3194 5590 3597 5663 quodammodo

2028 5704 2217 5740 eorum
2248 5685 2680 5742 consuetudines
2711 5699 2773 5739 ac
2807 5699 3007 5749 mores,
3053 5693 3219 5752 atque
3258 5679 3594 5733 monarchia:

2034 5796 2231 5833 nmnen
2268 5780 2321 5832 in
2350 5779 2553 5833 honore
2585 5777 2804 5841 habere,
2836 5777 2980 5847 quod
3017 5778 3088 5832 ita
3129 5774 3305 5829 visum
3344 5777 3486 5824 esset
3526 5769 3591 5823 iis
