4106 6262
542 420 611 477 ιτ
1524 417 1581 475 s.
1608 400 1885 477 CYRILLl
1915 414 2386 474 ALEXANDRINI
2421 418 2763 477 suculae.
3706 412 3776 468 ss

535 530 743 596 minus,
760 542 870 586 non
894 540 1152 603 tanquam
1175 528 1357 585 anima
1384 529 1474 586 hic
1493 531 1755 602 patiente,
1785 530 1881 587 sed
1904 530 2101 585 animae

2217 528 2387 586 Ταῦτα
2417 531 2476 586 δὲ
2522 528 2626 604 ἔφη
2657 534 2686 586 ό
2714 528 2939 602 Κύριος,
2966 527 3063 600 οὐχ
3095 527 3170 593 ὡς
3199 528 3298 596 τῆς
3332 525 3510 598 ψυχῆς
3542 526 3778 580 ἐνταῦθα
3812 498 3827 515 ⁵

538 637 780 681 amorem
810 630 997 687 vocat,
1035 621 1209 678 videri
1247 637 1369 679 eam
1403 624 1674 690 retinere,
1716 622 1861 679 haud
1898 636 2101 693 corpus

537 713 806 787 periculis
835 713 1180 785 objicientes.

607 887 704 943 XII
723 927 739 953 ,
767 888 856 945 26a
893 887 953 946 Si
983 891 1099 959 quis
1127 889 1257 945 mihi
1287 891 1556 945 ministrat
1576 930 1591 957 ,
1628 905 1707 944 me
1729 896 1994 959 sequatur.

604 977 762 1044 Quod
791 978 924 1061 dicit
950 978 1225 1050 ejusmodi
1255 988 1378 1036 est:
1413 978 1472 1034 Si
1504 993 1628 1050 ego,
1663 979 1874 1049 inquit,
1908 978 1981 1033 ob
2010 993 2104 1032 ve-

536 1074 711 1124 stram
744 1068 1040 1124 utilitatem
1073 1069 1232 1123 trado
1265 1069 1535 1139 meipsum
1568 1069 1636 1121 ad
1666 1074 1931 1131 mortem,
1961 1082 2103 1137 quo-

404 1208 430 1216 -
536 1159 704 1216 modo
735 1175 848 1216 non
874 1175 1107 1217 summa:
1134 1161 1365 1232 ignaviae
1392 1160 1560 1216 fuerit
1578 1174 1679 1215 vos
1709 1159 1782 1214 oh
1819 1158 2104 1228 proprium

536 1252 886 1309 commodum
925 1267 1037 1308 non
1076 1268 1236 1325 posse
1275 1253 1663 1324 temporariam
1700 1254 1869 1308 vitam
1918 1265 2107 1322 asper-

535 1344 658 1399 nari
684 1383 701 1409 ,
745 1352 802 1401 et
846 1356 1024 1402 morte
1069 1346 1256 1401 carnis
1279 1386 1295 1409 ,
1334 1347 1502 1401 vitam
1540 1345 1793 1401 interitus
1829 1351 2106 1415 expertem

539 1436 701 1508 703
727 1445 783 1493 et
805 1452 1146 1494 marcessere
1171 1439 1413 1494 nesciam
1444 1437 1811 1508 comparare?
1845 1433 2108 1490 Videntur

538 1527 687 1581 enim
719 1541 875 1584 suam
905 1527 1149 1598 ipsorum
1177 1527 1418 1582 animam
1446 1527 1657 1592 odisse,
1690 1532 1956 1596 quantum
1984 1523 2110 1577 atti-

538 1624 633 1671 net
677 1616 747 1681 ad
786 1617 1140 1688 passionem,
1173 1619 1268 1687 qui
1309 1615 1541 1671 tradunt
1576 1631 1697 1671 eam
1737 1615 1805 1669 ad
1844 1621 2105 1677 mortem,

540 1708 763 1764 aeternis
793 1716 1142 1764 reservantes
1174 1708 1339 1763 bonis
1364 1726 1380 1764 :
1415 1716 1470 1763 et
1502 1708 1595 1777 qui
1626 1708 1680 1761 in
1710 1705 2110 1761 exercitatione

541 1798 802 1870 religiosa
830 1799 1040 1863 vivunt,
1062 1799 1297 1854 oderunt
1321 1814 1452 1855 suas
1478 1799 1722 1869 ipsorum
1752 1798 1985 1861 animas,
2009 1809 2110 1851 nec

541 1904 602 1946 se
643 1889 792 1944 vinei
834 1890 1026 1944 sinunt
1062 1890 1251 1946 carnis
1291 1890 1694 1960 voluptatibus.
1742 1888 1899 1955 Quod
1946 1889 2112 1959 igitur

541 1980 673 2035 fecit
701 1978 959 2037 Christus
990 1990 1219 2053 propter
1242 1982 1489 2037 omnium
1516 1982 1748 2038 salutem
1778 1995 1977 2051 passus
1995 2020 2012 2046 ,
2053 1980 2108 2033 in

540 2071 772 2142 ﬁguram
814 2080 870 2128 et
913 2082 1098 2143 typum
1131 2070 1473 2129 fortitudinis
1520 2072 1682 2137 fecit,
1720 2074 1959 2127 monitos
1986 2085 2110 2126 esse

538 2164 730 2220 volens
759 2178 857 2221 eos
885 2166 979 2235 qui
1012 2175 1355 2235 speratarum
1394 2165 1662 2221 bonorum
1697 2163 2109 2234 exspectatione

537 2256 852 2323 ducuntur,
903 2263 963 2310 ut
1008 2256 1074 2311 ad
1110 2255 1475 2312 exercendam
1510 2257 1772 2311 virtutem
1808 2270 1869 2311 se
1920 2254 2109 2310 accin-

538 2354 690 2416 gant.
726 2346 953 2416 Oportet
980 2348 1128 2402 enim
1164 2361 1284 2414 eos,
1316 2349 1515 2416 inquit,
1551 2347 1646 2416 qui
1681 2347 1870 2401 volunt
1902 2359 1989 2400 me
2022 2360 2111 2400 se-

538 2437 673 2506 qui,
732 2450 919 2506 parem
986 2438 1119 2492 mihi
1170 2437 1552 2493 fortitudinem
1608 2446 1664 2492 et
1722 2436 2107 2492 conﬁdentiam

541 2527 879 2594 ostendere;
938 2529 1021 2584 sie
1088 2531 1240 2585 enim
1315 2530 1561 2585 victoriae
1613 2530 1836 2600 praemia
1889 2529 2106 2582 obtine-

542 2623 701 2679 bunt.

610 2716 745 2784 XII,
779 2718 871 2774 26.
920 2716 989 2772 Et
1029 2715 1118 2771 ubi
1146 2731 1264 2770 sum
1308 2729 1432 2786 ego,
1481 2713 1555 2769 ibi
1599 2722 1648 2770 et
1694 2717 1938 2771 minister
1969 2732 2111 2772 meus

540 2808 662 2864 erit.

614 2897 683 2954 Et
719 2900 981 2971 quoniam
1030 2899 1140 2955 dux
1184 2900 1411 2972 gloria,
1464 2913 1572 2955 non
1624 2913 1721 2970 per
1755 2899 1985 2971 gloriam
2020 2913 2114 2958 aut

545 2991 772 3055 luxum,
817 2993 911 3047 sed
953 3005 1053 3063 per
1090 2991 1376 3047 infamiam
1430 2998 1486 3048 et
1522 2991 1740 3048 labores
1779 2994 2111 3050 ambulavit:

542 3081 626 3136 sic
655 3087 712 3136 et
740 3095 843 3137 nos
869 3094 1033 3153 agere
1064 3082 1231 3138 alacri
1259 3082 1445 3138 animo
1480 3083 1760 3149 convenit,
1789 3094 1850 3139 ut
1879 3084 1935 3139 in
1969 3096 2115 3141 eum-

543 3168 666 3226 dem
697 3186 916 3243 quoque
940 3172 1121 3227 locum
1149 3172 1566 3244 perveniamus,
1605 3171 1963 3245 divinumque
1994 3175 2113 3247 glo-

2204 620 2539 696 πασχούσης,
2567 624 2702 678 ἀλλά
2733 616 2836 695 τῆς
2866 624 3046 695 ψυχῆς
3096 619 3278 692 φιλίαν
3304 614 3486 686 καλεῖ,
3519 617 3580 672 τδ
3602 617 3779 672 δοκεῖν

2203 718 2374 788 αὐτὴν
2425 716 2706 788 κατέχειν,
2748 713 2810 769 ού
2867 713 3215 787 προδιδόντας
3258 709 3340 776 είς
3388 703 3670 773 κινδύνους
3717 707 3782 762 τὸ

2207 810 2384 881 σῶμα.
2449 807 2456 814 ’
3537 795 3546 809 ’

2289 900 2424 954 Ἐὰν
2450 893 2578 968 ἐμοὶ
2604 890 2857 967 διακονῇ⁹
2888 910 2978 963 τις
2996 935 3012 961 ,
3037 894 3169 966 ἐμοὶ
3200 890 3617 950 ἀκολουθείτω.

2279 989 2344 1043 ⁸⁸0
2392 988 2543 1057 λέγει
2593 987 2833 1042 τοιοῦτόν
2875 988 3043 1039 ἐστιν’
3098 986 3160 1039 Ei
3214 980 3346 1052 ἐγὼ,
3382 982 3548 1053 φησὶ,
3582 972 3672 1034 διά
3715 977 3782 1034 τὸ

2204 1081 2358 1154 ὑμῶν
2388 1081 2659 1154 χρήσιμον
2698 1079 2950 1151 ἑκδίδωμι
2995 1071 3228 1149 ἐμαυτὸν
3263 1078 3344 1138 είς
3375 1067 3624 1139 θάνατον,
3656 1066 3779 1135 πῶς

2203 1172 2307 1228 οὐκ
2349 1172 2628 1245 ἄνανδρον,
2657 1171 2720 1225 τὸ
2750 1171 2825 1243 μὴ
2854 1169 2962 1224 τῶν
3004 1169 3220 1223 οἰκείων
3251 1162 3436 1221 ἕνεκεν
3463 1160 3772 1238 χρησίμων,

2204 1265 2306 1337 τῆς
2356 1264 2691 1336 προσκαίρου
2735 1261 3144 1334 καταφρονῆσαι
3191 1259 3335 1330 ζωῆς
3368 1259 3543 1327 ὑμᾶς,
3571 1254 3663 1310 καὶ
3693 1253 3777 1327 τῷ

2204 1360 2304 1430 τῆς
2326 1359 2527 1430 σαρκὸς
2557 1356 2771 1426 θανάτῳ
2797 1355 2895 1427 τὴν
2930 1351 3243 1425 ἀμάραντον
3269 1343 3572 1421 κτήσασθαι
3594 1346 3774 1418 ζωήνς

2207 1449 2433 1505 Δοκοῦσι
2481 1448 2591 1520 γὰρ
2638 1448 2814 1518 μισεῖν
2851 1445 2952 1518 τὴν
2993 1443 3200 1499 ἑαυτῶν
3242 1442 3452 1513 ψυχὴν,
3492 1442 3616 1494 ὅσον
3644 1432 3781 1510 ἧκεν

2207 1544 2287 1607 εις
2317 1541 2378 1595 τδ
2406 1539 2619 1604 παθεῖν,
2653 1536 2704 1592 οἱ
2742 1536 3042 1599 ἐκδιδόντες
3069 1534 3235 1604 αὐτὴν
3269 1534 3349 1597 είς
3383 1531 3633 1595 θάνατον,
3666 1530 3783 1592 τοῖς

2208 1632 2448 1696 αἰωνίοις
2473 1631 2829 1701 φυλάττοντες
2861 1622 3088 1697 ἀγαθοῖς
3107 1641 3120 1654 ·
3150 1619 3245 1679 καὶ¹
3283 1617 3332 1679 oi
3364 1625 3421 1677 ὲν
3459 1622 3691 1692 ἀσκήσει
3723 1618 3783 1672 δὲ

2210 1725 2433 1791 ζῶντες,
2464 1721 2683 1794 μισοῦσι
2713 1722 2815 1785 τὰς
2856 1719 3063 1773 ἑαυτῶν
3103 1717 3308 1788 ψυχὰς,
3344 1715 3443 1783 ούχ
3480 1711 3782 1784 ἡττώμενοι

2209 1819 2329 1880 ταῖς
2377 1816 2479 1886 τῆς
2537 1812 2892 1884 φιλοσαρκίας
2935 1810 3166 1883 ἡδοναῖς.
3210 1809 3276 1860 '0
3323 1801 3415 1860 οῦν
3468 1804 3722 1875 ἐποίησεν
3752 1801 3783 1853 ό

2213 1906 2447 1979 Χριστὸς
2472 1905 2561 1959 διά
2605 1905 2705 1976 τὴν
2743 1902 2997 1957 ἁπάντων
3029 1898 3301 1970 σωτηρίαν
3339 1894 3544 1958 παθὼν,
3575 1895 3655 1957 εἰς
3682 1892 3783 1945 τύ-

2210 2015 2314 2052 πον
2361 1996 2615 2067 ὲποίησεν
2651 1993 2904 2065 ἀνδρείας
2926 2031 2942 2056 ,
2976 1990 3241 2043 διδάσκων
3269 1988 3395 2051 τοὺς
3427 1985 3535 2038 τῶν
3564 1981 3786 2045 ἐλπιζο-

2213 2090 2390 2160 μένων
2463 2086 2682 2157 ἀγαθῶν
2740 2081 3168 2156 ἐπιθυμοῦντας,
3212 2077 3527 2146 ἐπείγεσθαι
3581 2088 3785 2143 κατορ-

2210 2181 2336 2236 θοῦν
2365 2179 2464 2251 τὴν
2494 2179 2713 2252 ἀρετήν.
2764 2177 2858 2228 Δεῖ
2899 2172 3028 2245 γάρ,
3069 2171 3222 2242 φησὶ,
3262 2169 3387 2232 τοὺς
3413 2165 3663 2252 θέλοντάς
3693 2179 3790 2252 μοι

2210 2247 2520 2325 ἀκολουθεῖν
2534 2247 2563 2332 ν,
2589 2247 2688 2339 τῆν
2743 2265 2864 2336 ῐσην
2903 2264 3027 2334 ἐμοὶ
3062 2259 3311 2333 ἀνδρείαν
3368 2258 3463 2311 καὶ
3498 2247 3789 2323 εὐτολμίαν

2209 2359 2573 2417 ἐνδείκνυσθαι
2606 2377 2620 2391 ο
2651 2357 2793 2412 οὕτω
2820 2355 2930 2429 γάρ
2964 2353 3227 2427 λήψονται
3244 2350 3314 2405 τὰ
3336 2350 3434 2421 τῆς
3459 2346 3614 2418 νίκης
3644 2344 3786 2415 βρεν

2209 2453 2349 2509 δεῖα.

2282 2713 2393 2768 Καὶ
2419 2712 2568 2766 ὅπου
2597 2706 2713 2778 ειμι
2741 2702 2877 2776 ἐγὼ,
2902 2702 3032 2758 ἐκεῖ
3056 2699 3154 2753 καὶ
3189 2701 3222 2751 ό
3240 2695 3520 2758 διάκονος
3555 2693 3588 2746 ό
3643 2688 3794 2759 ἐμύς

2211 2806 2596 2965 ἐσιέἷὶυὲπειδὴ
2625 2890 2654 2948 ό
2683 2891 2784 2963 τῆς
2816 2887 2974 2959 δόξης
2995 2882 3257 2959 ἀρχηγὸς,
3284 2881 3346 2937 ού
3367 2879 3455 2935 διά
3485 2877 3644 2947 δόξης
3690 2874 3795 2929 καὶ

2212 2989 2422 3062 τρυφῆς
2452 2984 2709 3048 ὦδευσεν,
2746 2980 2881 3037 ἀλλά
2904 2979 2993 3035 διὰ
3035 2972 3258 3047 ἀτιμίας
3287 2969 3384 3029 καὶ
3425 2971 3603 3024 πόνων
3631 2986 3646 3000 ο
3691 2966 3792 3062 οῦ-

2213 3060 2293 3137 τω
2314 3083 2395 3136 δεῖ
2423 3077 2521 3135 καὶ
2545 3080 2692 3152 ἡμᾶς
2721 3077 2947 3139 ἀλύπως
2993 3070 3187 3137 ποιεῖν,
3226 3069 3315 3123 ῖνα
3347 3067 3428 3129 είς
3478 3062 3570 3119 τδν
3622 3060 3791 3152 αὐτὴν

2214 3177 2376 3231 τόπον
2403 3149 2850 3242 καταντήσωμεν,
2872 3166 2968 3220 καὶ
2994 3158 3094 3233 τῆς
3127 3156 3285 3224 ’θείας
3310 3155 3667 3229 μετάσχωμεν
3702 3149 3793 3242 δόΪ

546 3264 683 3317 riam
714 3238 1167 3335 'participemus:
1187 3263 1377 3335 Ecquo
1403 3279 1536 3321 vero
1582 3265 1792 3324 honore
1817 3238 1966 3338 digni
1995 3238 2111 3325 vsu-

2217 3263 2333 3338 ξης.
2354 3264 2520 3333 Ποῇς
2547 3260 2604 3315 δὲ
2631 3238 2770 3326 ἀξιοί
2795 3261 2960 3329 ὲσμεν
2984 3250 3167 3326 τιμῆς,
3196 3250 3246 3338 οἱ
3282 3249 3356 3338 μὴ
3402 3243 3677 3338 ἀξιοῦντες
3716 3238 3792 3295 τὰ

546 3373 691 3419 mus,
724 3355 816 3425 qui
845 3355 1036 3412 eadem
1071 3371 1197 3412 eum
1236 3355 1470 3412 Domino
1494 3365 1685 3413 nostro
1717 3360 1925 3429 perpeti
1956 3361 2117 3416 nolu-

540 3444 714 3500 mus?
754 3445 1012 3504 Fortasse
1057 3463 1192 3504 vero
1234 3448 1380 3519 quod
1429 3447 1622 3514 dixit,
1669 3446 1805 3506 «Ubi
1834 3466 1934 3522 ego
1956 3468 2112 3519 sum,

545 3538 620 3593 ibi
658 3550 714 3595 et
751 3540 1001 3598 minister
1030 3558 1187 3600 meus
1218 3555 1372 3610 esto,
1415 3563 1434 3597 ι
1481 3558 1588 3599 non
1624 3545 1835 3609 locum,
1870 3547 1963 3601 sed
1994 3532 2115 3603 mo;-

465 3682 478 3693 ,
543 3626 674 3683 dum
703 3630 924 3688 virtutis
950 3631 1237 3704 intelligit;
1268 3633 1324 3688 in
1344 3632 1550 3704 quibus
1573 3633 1721 3689 visus
1749 3640 1834 3689 est
1860 3633 2113 3693 Christus

546 3727 843 3789 praestare,
899 3721 957 3778 in
1009 3724 1203 3781 iisdem
1242 3725 1446 3781 debent
1484 3725 1695 3781 versari
1730 3727 1822 3796 qui
1860 3743 1984 3782 eum
2025 3744 2112 3784 se-

546 3819 794 3880 quuntur
815 3852 831 3876 ,
859 3828 969 3868 non
998 3815 1054 3869 in
1093 3818 1473 3887 praerogativis
1503 3819 1706 3875 divinis
1729 3857 1745 3883 ,
1781 3819 2115 3892 homineque

548 3901 874 3972 majoribus.
903 3901 1091 3973 Neque
1116 3905 1263 3959 enim
1295 3907 1351 3960 in
1381 3917 1651 3977 potestate
1684 3912 1923 3967 hominis
1944 3911 2109 3966 situm

547 3997 636 4046 est
665 4005 853 4045 verum
879 3998 935 4046 et
968 4000 1165 4047 natura
1195 3993 1363 4049 Deum
1395 3995 1598 4052 imitari
1633 4016 1647 4054 :
1694 3999 1790 4054 sed
1825 4000 1880 4054 in
1913 3999 2113 4068 quibus

549 4083 821 4154 contingit
846 4084 1085 4140 hominis
1107 4095 1363 4140 naturam
1398 4100 1565 4159 posse
1592 4090 1837 4147 eminere
1856 4133 1871 4158 ,
1912 4103 2020 4145 non
2061 4092 2115 4145 in

549 4174 813 4233 sedandis
847 4176 1018 4231 maris
1055 4178 1471 4247 tempestatibus
1498 4218 1514 4244 ,
1553 4188 1607 4236 et
1647 4178 1773 4236 aliis
1818 4182 1870 4236 id
1904 4196 2075 4252 genus
2099 4219 2115 4245 ,

549 4268 647 4325 sed
694 4268 749 4323 in
796 4266 1133 4325 demissione
1170 4267 1342 4324 animi
1385 4276 1443 4327 ct
1476 4271 1899 4329 mansuetudine
1925 4310 1942 4340 .
1969 4282 2024 4330 et
2062 4274 2116 4328 in

550 4360 794 4417 ferendis
823 4361 1062 4431 injuriis.

622 4447 748 4517 XII,
777 4449 868 4507 27.
904 4448 1062 4506 Nunc
1093 4453 1273 4506 anima
1303 4463 1417 4506 mea
1452 4451 1665 4507 turbata
1697 4462 1797 4509 est.

622 4540 917 4599 Enimvero
950 4543 1055 4600 etsi
1087 4552 1350 4615 tanquam
1385 4544 1552 4600 homo
1576 4544 1836 4603 Christus
1869 4547 2121 4603 turbatur
2157 4584 2199 4641 ο

545 4635 748 4693 mortis
781 4635 1136 4707 cogitatione,
1165 4642 1407 4692 attamen
1433 4648 1693 4709 tanquam
1735 4636 1875 4695 Deus
1901 4654 1970 4694 ex
1998 4655 2122 4710 per-

552 4724 869 4782 turbatione
905 4723 998 4779 illa
1030 4725 1112 4779 'ad
1149 4723 1405 4781 fiduciam
1436 4725 1620 4780 statim
1647 4728 1833 4791 venit,
1874 4733 1929 4782 et
1973 4727 2123 4798 quod

448 4858 457 4875 .
552 4819 749 4873 timore
768 4824 1105 4873 commotum
1133 4824 1241 4881 εει,
1273 4816 1339 4871 ad
1374 4818 1716 4887 praesentiam
1739 4819 1905 4873 animi
1938 4819 2127 4875 tradu-

553 4909 651 4965 cit.
686 4906 1127 4965 Existimandum
1156 4915 1242 4963 est
1268 4911 1414 4963 enim
1443 4909 1609 4963 etiam
1657 4908 1712 4963 in
1749 4909 1870 4980 ipso
1899 4908 2125 4966 Christo

552 5010 610 5060 et
648 5000 942 5058 Servatore
988 4998 1386 5054 humanitatem
1438 5013 1564 5055 esse
1607 5005 1936 5055 commotam
1996 5015 2127 5071 pro-

556 5102 681 5164 pter
711 5093 851 5149 duos
891 5098 947 5148 et
987 5090 1334 5147 necessarios
1370 5091 1585 5149 modos.
1635 5091 1851 5165 Quippe
1899 5104 2126 5163 oporte-

556 5185 652 5240 bat
678 5193 735 5241 et
777 5198 876 5256 per
914 5183 1016 5239 bos
1048 5181 1227 5253 ipsum
1265 5196 1377 5236 non
1398 5182 1660 5254 opinione
1701 5194 1766 5238 ac
1813 5181 2129 5255 suspicione

557 5275 858 5344 duntaxat,
878 5276 996 5334 'sed
1029 5278 1215 5347 potius
1246 5274 1576 5330 naturaliter
1602 5282 1657 5330 et
1689 5291 1819 5332 vere
1850 5276 2126 5333 hominem

558 5382 622 5428 ex
654 5370 879 5425 muliere
905 5377 1090 5423 natum
1121 5366 1333 5432 videri,
1369 5366 1556 5422 omnia
1591 5365 1829 5421 humana
1864 5368 2128 5423 ferentem

560 5461 683 5517 sine
715 5467 960 5531 peccato.
992 5456 1179 5515 Timor
1204 5459 1351 5515 enim
1385 5465 1440 5513 et
1476 5454 1712 5515 formido
1740 5464 1869 5514 sunt
1904 5466 2131 5514 natura-

563 5555 642 5610 les
665 5551 824 5608 nobis
856 5550 1329 5621 perturbationes.
1366 5564 1488 5620 qua:
1524 5550 1578 5605 in
1612 5565 1899 5604 numerum
1934 5565 2132 5619 prcca-

564 5657 743 5701 tnrum
796 5657 908 5696 non
950 5642 1200 5696 veniunt.
1233 5640 1501 5697 Praeterea
1534 5641 1698 5695 etiam
1734 5639 1943 5695 utiliter
1980 5656 2131 5695 com-

564 5732 926 5789 movebantur
949 5730 1189 5785 humana
1226 5728 1281 5782 in
1317 5726 1541 5784 Christo
1578 5728 1697 5784 sine
1734 5737 1993 5799 peccato.
2022 5744 2130 5783 non

567 5833 624 5882 ut
679 5831 955 5882 commota
1020 5821 1413 5876 roborarcntur
1465 5829 1517 5876 et
1569 5821 1714 5875 ultra
1751 5820 2109 5893 procederent.

2219 3331 2311 3411 ίσα
2352 3353 2429 3425 τῷ
2457 3331 2721 3421 -Δεσπότῃ
2747 3347 2973 3411 παθεῖνς
3021 3338 3173 3412 Τάχα
3203 3333 3261 3393 δὲ
3304 3331 3493 3403 εἰπὼν,
3551 3352 3583 3425 ι,
3611 3331 3789 3425 "(istan

2216 3446 2334 3518 είμὶ
2361 3420 2491 3514 ἐγὼ,
2515 3443 2633 3496 ἐκεῖ
2658 3420 2793 3494 καὶὸ
2824 3437 3069 3497 διάκονος
3094 3435 3123 3486 ὁ
3139 3427 3272 3518 ἐμὸς
3294 3429 3457 3518 ἔστω,
3484 3444 3502 3478 ο
3519 3423 3594 3518 *οὐ
3619 3420 3792 3518 τόπον

2214 3510 2555 3604 λέγειίάλλά
2582 3530 2779 3603 τρόπον
2806 3525 3007 3598 ἀρετῆς
3026 3540 3040 3555 ο
3072 3523 3130 3576 ὲν
3157 3515 3238 3583 οἷς
3272 3517 3381 3587 ἐγὼ
3425 3511 3613 3604 ὤφθην
3652 3510 3792 3604 X92.-

2217 3599 2341 3690 στδς
2363 3599 2698 3695 διαπρέπων,
2734 3622 2792 3674 ὲν
2823 3620 2935 3680 τοῖς
2968 3616 3147 3675 αὐτοῖς
3169 3610 3474 3681 ὀφείλουσιν
3523 3600 3661 3659 εἶναι
3694 3599 3793 3695 καὶ

2216 3721 2265 3774 οἱ
2282 3717 2427 3788 αύτῷ
2457 3693 2893 3777 ἀκολουθοῦντες,
2918 3710 3017 3762 οὐκ
3042 3709 3226 3768 ἐντοῖς
3248 3699 3606 3773 θεοπρεπέσιν
3635 3693 3795 3788 ἀξιῶ-

2222 3827 2353 3882 μασι
2375 3787 2468 3863 καὶ
2496 3810 2608 3870 τοῖς
2639 3805 2779 3874 ὑπὲρ
2806 3801 3109 3872 ἄνθρωπον.
3158 3796 3232 3849 Ού
3277 3793 3386 3864 γάρ
3428 3788 3647 3844 δυνατὸν

2219 3873 2421 3971 θρώπῳ
2443 3899 2535 3952 τὸν
2560 3873 2860 3967 ἀληθῆκαὶ
2886 3892 3043 3961 φύσει
3081 3888 3214 3942 Θεὸν
3244 3882 3583 3957 μιμήσασθαι
3616 3896 3629 3910 ⁸
3663 3873 3793 3971 ἀλλ’

2217 3969 2275 4044 ὲν
2309 3969 2402 4053 οἷς
2418 3989 2688 4058 ἐνδέχεται
2720 3986 2819 4056 τὴν
2844 3981 3129 4053 ἀνθρώπου
3178 3975 3499 4048 διαπρέπειν
3531 3969 3795 4026 δύνασθαι

2217 4083 2402 4152 φύσιν,
2453 4083 2552 4136 οὐκ
2601 4080 2658 4133 ὲν
2693 4077 2769 4149 τῷ
2814 4073 3064 4147 χαλινοῦν
3117 4071 3387 4125 θάλασσαν
3417 4067 3513 4120 καὶ
3537 4063 3796 4152 τάνόμοια

2221 4177 2414 4241 ποιεῖν,
2485 4171 2598 4227 ἀλλ’
2647 4171 2704 4224 ὲν
2744 4163 2823 4240 τῷ
2861 4162 3000 4220 εἶναι
3032 4162 3318 4224 ταπεινοὺς
3346 4159 3442 4213 καὶ¹
3462 4155 3670 4228 πράους
3698 4151 3796 4206 καὶ

2220 4264 2485 4341 φέροντας
2523 4262 2730 4336 ὕϐρεις.

2293 4444 2421 4503 Νῦν
2458 4443 2498 4511 ἡ
2533 4439 2706 4512 ψυχή
2733 4451 2850 4509 μου
2879 4435 3245 4503 τετάρακται.

2293 4536 2442 4606 Πλὴν
2471 4509 2519 4588 εί
2544 4509 2741 4594 καῖὼς
2766 4526 3050 4598 ἄνθρωπος
3079 4524 3107 4575 ὁ
3133 4519 3369 4592 Χριστὸς
3392 4515 3702 4606 θορυδεῖται
3726 4509 3795 4606 τῇ

2223 4628 2315 4685 τοῦ
2346 4596 2575 4683 θανάτου
2604 4623 2815 4693 μνήμῃ,
2846 4596 2959 4671 ἀλλ’
2990 4612 3065 4677 ὡς
3107 4610 3259 4674 Θεδς,
3303 4605 3660 4677 κεκινημένου
3697 4596 3796 4693 τοῦ

2225 4720 2450 4782 πάθους,
2468 4690 2621 4786 πρὸς
2660 4690 2859 4781 θάρσος
2888 4706 3048 4767 εὐθὺς
3083 4698 3467 4769 παραγίνεται,
3505 4695 3601 4749 καὶ
3648 4690 3799 4786 ,πρδς

2225 4781 2890 4880 εὐτολμίαν-μεταμορφοῖ
2913 4797 2974 4850 τὸ
3004 4796 3071 4865 τῇ
3100 4792 3271 4862 δειλία
3306 4787 3546 4880 νικηθὲν.
3599 4781 3800 4853 Οίησόο

2231 4902 2370 4976 μεθα
2388 4877 2497 4971 γὰρ
2523 4896 2619 4950 καὶ
2642 4896 2699 4947 ὲν
2732 4888 2881 4959 αὐτῷ
2903 4886 2983 4955 τῷ
3005 4881 3226 4976 ὶςριστῷ
3245 4881 3349 4976 Δκαί
3385 4877 3598 4976 Σωτῆρι
3647 4888 3803 4976 κεκι-

2226 4959 2419 5065 νῆσθαι
2442 4959 2511 5042 tu
2541 4983 2852 5055 ἀνθρώπεια
2891 4976 2978 5030 διά
3027 4973 3119 5065 δύο
3175 4971 3269 5065 καὶ
3312 4959 3802 5065 ἀναγκαίουςᾳτρό-

2228 5052 2383 5147 πόυς.
2417 5079 2567 5134 Ἔδει
2590 5052 2719 5147 γάρ.
2738 5070 2845 5125 ἔδει
2873 5068 2968 5122 καὶ
2987 5064 3077 5120 διὰ
3108 5062 3310 5117 τούτων
3350 5057 3513 5114 αὐτὸν
3541 5055 3602 5147 ού
3614 5052 3802 5147 ῌδοκή-

2230 5194 2313 5231 σει
2332 5141 2426 5230 καὶ
2457 5141 2704 5237 ὑπονοία,
2733 5158 2979 5234 φυσικῶς
3010 5156 3066 5209 δὲ
3104 5153 3300 5226 μᾶλλον
3326 5150 3422 5204 καὶ
3463 5144 3679 5216 ἀληθῶς
3706 5141 3805 5237 ἀνι

2230 5269 2445 5337 θρωπον
2475 5263 2539 5337 ὲκ
2568 5232 2824 5327 γυναικὸς
2853 5248 3112 5319 γεγονότα
3139 5238 3670 5337 φαίνεσθαι,-πὰντα
3707 5232 3807 5337 φιτ

2235 5324 2394 5431 ροντα
2420 5324 2845 5421 τάἀνθρώπινα,
2888 5343 3009 5412 δίχα
3065 5336 3367 5431 ἁμαρτίας..
3612 5327 3672 5380 δὲ
3699 5324 3807 5431 ,καὶ

2230 5416 2418 5511 δειλία,
2437 5443 2582 5512 πάθη
2605 5416 2701 5512 μὲν
2730 5438 2862 5508 ἡμῖν
2884 5430 3109 5504 φυσικὰ,
3134 5428 3195 5481 τό
3214 5443 3279 5495 γε
3310 5424 3417 5495 μὴν
3430 5424 3486 5475 ὲν
3506 5416 3806 5512 ἁμαρτίαις

2230 5536 2486 5609 τετάχθαι
2519 5510 2936 5599 διαπεφευγότα.
2976 5523 3086 5577 Καὶ
3121 5519 3256 5590 πρὸς
3276 5515 3506 5609 τούτοις,
3555 5510 3636 5563 ἔτι
3674 5523 3811 5609 χρη-

2235 5597 2407 5701 σίμως
2426 5597 2731 5679 ύπεκινεῖτο
2763 5619 2856 5672 καὶ
2876 5618 2932 5669 ὲν
2953 5610 3173 5685 Χριστῷ
3198 5609 3264 5662 τὰ
3315 5603 3631 5701 ἀνθρώπινα
3677 5597 3810 5701 δίχα

2233 5690 2528 5792 ἁμαρτίας,
2557 5715 2651 5784 οὐχ
2681 5713 2769 5765 ἵνα
2794 5710 2862 5763 τά
2887 5705 3172 5777 κινηθέντα
3217 5697 3580 5792 κρατύνηται,
3605 5692 3703 5792 καὶ
3728 5690 3813 5750 είς

2236 5782 2294 5870 vi;
2324 5782 2508 5882 πρόσω
2531 5812 2699 5880 χωρῇ,
2734 5800 2983 5863 καθάπερ
3016 5795 3108 5849 καὶ
3138 5795 3219 5863 ἐφ’
3251 5791 3428 5862 ἡμῶν,
3456 5784 3581 5839 ἀλλ’
3609 5782 3700 5835 ἵνα
3726 5793 3811 5834 κε·
