4106 6262
360 385 430 444 89
1135 381 1202 437 IN
1239 380 1579 438 JOANNEM.
1621 415 1682 425 —
1715 382 1845 438 LIB.
1891 382 1974 437 Vll
2019 381 2106 437 ΕΤ
2149 383 2262 438 \‘lli
2304 378 2744 440 FRAGMENTA.
3535 382 3606 438 90

361 505 648 576 κινημένα,
677 504 742 574 τῇ
770 499 864 554 τοῦ
897 498 1056 569 λόγου
1095 494 1322 570 δυνάμει
1367 499 1747 571 διακόπτηται,
1798 499 1930 570 πρὸς

2040 507 2098 552 ιιι
2131 493 2292 570 ῚΜ
2321 467 2376 553 in
2411 497 2571 556 nobis
2597 497 2823 566 assolet,
2839 496 2934 555 sed
2967 501 3026 552 ut
3054 512 3323 554 concussa
3352 495 3402 550 vi
3435 496 3607 550 ratio-

359 597 568 668 ἀμείνω
587 593 706 648 τινὰ
727 593 816 646 καὶ
845 589 1122 662 θειοτέραν
1151 589 1477 662 μετάστασιν
1502 601 1936 662 μεταστοιχειου-

365 687 531 758 μένης
557 683 652 753 τῆς
681 681 894 750 φύσεως
925 681 982 733 ὲν
1006 680 1206 752 πρώτῳ
1234 679 1454 752 Χριστῷ
1479 699 1492 712 ο
1520 676 1588 751 ἦν
1627 680 1734 752 γὰρ
1765 676 1936 743 οὕτως

363 774 454 830 καὶ
485 775 581 845 οὐχ
609 773 811 843 ἑτέρως
835 774 930 826 καὶ
956 773 1034 836 είς
1055 772 1201 842 ἡμᾶς
1228 773 1426 835 αὐτοὺς
1447 770 1694 841 διαϐῆναι
1724 768 1815 824 τὸν
1839 771 1936 839 τῆς

364 867 559 929 ἰάσεως
584 864 802 938 τρόπον.
861 861 948 918 Ἔν
980 864 1086 936 γὰρ
1113 865 1333 935 ἀπαρχῇ
1364 862 1585 934 Χριστῷ
1625 863 1706 926 είς
1757 861 1937 915 καινό-

362 974 497 1027 τητα
525 953 693 1026 ζωῆς,
713 957 749 1027 ἡ
786 955 1072 1028 ἀνθρώπου
1101 955 1262 1024 φύσις
1287 955 1640 1025 ἀνεκομίζετο
1669 969 1684 984 '
1707 953 1765 1007 ὲν
1790 951 1937 1023 αὐτῷ

363 1043 419 1104 δὲ
452 1050 547 1103 καὶ
572 1048 642 1102 τά
685 1046 824 1120 ὑπὲρ
863 1047 1024 1117 φύσιν
1073 1047 1462 1117 ὲκερδάναμεν.
1504 1047 1602 1100 Διὰ
1636 1046 1746 1116 γὰρ
1781 1044 1937 1098 τοῦτο

365 1141 458 1194 καὶ
484 1139 733 1210 δεύτερος
772 1141 942 1211 Ἀδὰμ
965 1141 1384 1210 κατωνόμασται
1413 1139 1562 1210 παρὰ
1600 1140 1720 1202 ταῖς
1764 1137 1937 1202 θείαις

367 1233 630 1304 Γραφαῐς.
663 1231 873 1304 Ὠσπερ
900 1235 957 1288 δὲ
986 1235 1062 1298 ὠς
1087 1233 1370 1304 ἄνθρωπος
1392 1233 1641 1286 ὲπείνασε
1681 1230 1774 1285 καὶ
1817 1231 1938 1285 ἑκο-

365 1327 580 1391 πίασεν,
603 1322 744 1379 οὕτω
774 1327 867 1380 καὶ
889 1326 980 1378 τὸν
1012 1327 1074 1378 ἐκ
1103 1325 1195 1377 τοῦ
1215 1323 1418 1387 πάθους
1450 1323 1661 1394 δέχεται
1687 1316 1934 1393 θόρυϐον,

363 1412 440 1481 ὼς
486 1412 845 1488 ἀνθρώπινον.
883 1417 1220 1488 Ταράττεται
1269 1414 1325 1467 δὲ
1374 1415 1470 1484 οὐχ
1523 1413 1710 1484 ὥσπερ
1753 1415 1934 1484 ήμεῖς,

363 1508 478 1562 ἀλλ’
503 1509 626 1562 ὅσον
658 1511 737 1572 εἰς
769 1507 1020 1578 αἴσθησιν
1061 1508 1220 1578 μόνον
1253 1506 1632 1582 ὑπενεχθῆναι-.
1660 1503 1754 1560 τοῦ
1794 1507 1935 1576 πρά-

363 1612 594 1671 γματος.
634 1596 754 1654 εἶτα
769 1600 928 1654 πάλιν
956 1601 1035 1663 είς
1060 1599 1158 1671 τὴν
1187 1598 1364 1668 ἐαυτῷ
1404 1596 1718 1668 πρέπουσαν
1755 1599 1938 1652 εὐτολ-

366 1692 496 1764 μίαν
534 1692 832 1764 ἁναπηδᾷν.
870 1692 966 1744 Ἐκ
991 1690 1194 1744 τούτων
1223 1691 1462 1760 δηλονότι
1483 1691 1576 1743 καὶ
1602 1689 1778 1761 ψυχὴν
1823 1686 1935 1760 εἶχε

361 1785 608 1854 λογικήν.
647 1784 856 1853 ’Ὠσπερ
874 1781 982 1854 γὰρ
1006 1781 1081 1852 τῷ
1109 1782 1359 1852 πεινῆσαι
1387 1781 1546 1852 τυχὸν
1569 1781 1602 1852 ἢ
1631 1778 1801 1853 ἑτέρῳ
1829 1780 1934 1834 τινὶ

2038 591 2124 646 nis
2164 590 2616 657 rctardarentur,
2667 599 3034 647 transmutata
3075 587 3128 646 in
3169 591 3349 662 primo
3381 583 3608 644 Christo

2036 680 2103 737 ad
2136 683 2413 738 meliorem
2444 683 2758 754 quemdam,
2779 683 3176 740 etdiviniorem
3211 689 3413 739 statum
3439 688 3606 736 natu-

2035 786 2096 826 ra
2125 789 2138 826 :
2172 770 2275 828 hoc
2307 775 2505 844 quippe
2537 775 2698 828 modo
2731 782 2784 830 et
2818 790 2928 829 non
2967 775 3080 828 alio
3103 813 3119 838 ,
3152 773 3376 829 remedii
3409 761 3605 824 modus

2036 865 2102 919 ad
2139 877 2241 921 nos
2283 866 2436 938 ipsos
2480 866 2720 921 transire
2755 873 2991 936 poterat.
3033 865 3245 920 Etenim
3278 871 3468 919 natura
3503 863 3610 918 ho-

2037 954 2201 1012 minis
2230 955 2284 1010 in
2321 951 2541 1010 Christo
2572 940 2643 1009 ad
2678 956 3027 1010 novationem
3059 956 3184 1010 vitae
3214 955 3379 1010 veluti
3409 955 3606 1025 primi.

2035 1047 2125 1102 tiae
2162 1046 2490 1103 oti‘erebator
2522 1066 2535 1102 :
2571 1044 2739 1118 inque
2769 1047 2890 1118 ipso
2921 1056 2976 1103 et
3009 1063 3131 1118 qua:
3154 1056 3284 1104 sunt
3321 1065 3484 1120 supra
3516 1065 3608 1105 na-

2037 1144 2216 1192 turam
2258 1139 2457 1192 lucrati
2491 1153 2709 1193 sumus.
2755 1132 2890 1191 Nam
2923 1145 3150 1208 propter
3190 1137 3293 1193 hoc
3325 1149 3379 1193 et
3408 1154 3608 1193 secun-

2036 1231 2141 1285 dus
2187 1229 2360 1284 Adam
2404 1229 2715 1300 appellatus
2762 1234 2847 1285 est
2901 1225 2956 1284 in
3016 1229 3222 1285 divinis
3279 1228 3603 1300 Scripturis.

2036 1315 2502 1386 Quemadmodum
2526 1335 2656 1374 vero
2683 1328 2943 1390 tanquam
2976 1320 3142 1375 homo
3173 1319 3369 1375 esuriit
3403 1328 3455 1376 et
3495 1320 3608 1376 las-

2037 1409 2277 1464 situdine
2307 1407 2532 1472 defecit,
2563 1409 2644 1464 sic
2669 1417 2725 1464 et
2755 1425 2816 1463 ex
2851 1410 3108 1479 passione
3137 1411 3372 1481 suscipit
3404 1411 3610 1465 tumul-

2035 1509 2183 1562 tum,
2217 1503 2276 1553 ut
2305 1498 2606 1554 humanum
2637 1499 2790 1569 quid.
2823 1495 3259 1556 Perturbabatur
3286 1511 3468 1556 autem
3498 1516 3609 1555 non

2036 1591 2180 1646 sicut
2198 1606 2320 1657 nos,
2344 1590 2438 1647 sed
2456 1603 2684 1646 eatenus
2701 1591 2984 1653 duntaxat,
3001 1602 3060 1647 ut
3082 1606 3249 1649 sensu
3267 1593 3344 1649 rei
3361 1592 3609 1647 nonnihil

2036 1691 2373 1755 tangeretur,
2400 1681 2598 1738 deinde
2632 1684 2816 1737 statim
2850 1682 2915 1736 ad
2948 1683 3168 1752 dignam
3202 1684 3288 1739 sui
3325 1682 3609 1737 conliden-

2037 1775 2167 1828 tiam
2197 1772 2420 1828 rediret.
2461 1771 2538 1827 Ex
2564 1772 2648 1828 his
2685 1773 2874 1842 utique
2915 1780 3064 1842 patet
3091 1787 3216 1826 eum
3255 1771 3491 1825 animam
3521 1785 3610 1824 ra.

361 1876 468 1930 τῶν
489 1875 746 1929 τοιούτων
787 1876 1122 1944 περιπεσεῖν,
1172 1873 1300 1926 ἴδιον
1352 1873 1453 1943 τῆς
1491 1873 1692 1944 σαρκὸς
1739 1871 1930 1936 πάθος,

2039 1866 2296 1922 tionalem
2323 1865 2605 1921 habuisse.
2626 1859 2698 1920 Ut
2730 1864 2876 1920 enim
2905 1859 2958 1918 in
2983 1863 3338 1919 esuritionem
3369 1871 3498 1932 puta
3525 1861 3609 1919 vel

360 1965 616 2020 οὕτωκαὶ
642 1966 702 2019 τὸ
728 1964 1086 2037 ταράττεσθαι
1118 1964 1205 2017 δια
1245 1965 1464 2034 μνήμης
1504 1958 1604 2033 τῆς
1655 1963 1764 2018 τῶν
1825 1963 1933 2017 δει-

360 2055 484 2118 νῶν,
515 2053 695 2125 ψυχῆς
725 2053 791 2108 ἂν
828 2054 911 2125 εἴη
940 2053 1108 2116 πάθος
1155 2053 1256 2122 τῆς
1305 2051 1551 2123 λογικῆς,
1599 2043 1747 2127 ᾖκαὶ
1799 2053 1936 2126 μόνῃ

363 2148 491 2216 ἡμῖν
511 2147 597 2200 διὰ
617 2145 726 2199 τῶν
758 2145 1109 2215 ἐνθυμήσεων
1143 2142 1546 2215 ὲπεισκρίνεται
1585 2145 1790 2215 μνήμῃ.
1823 2143 1931 2197 Ob-

365 2245 453 2288 πω
473 2235 578 2306 γὰρ
607 2237 664 2288 ὲν
691 2236 839 2306 αὐτῷ
865 2233 942 2306 τῷ
966 2233 1184 2306 σταυρῷ
1209 2235 1434 2304 γέγονεν
1463 2237 1492 2287 ό
1513 2234 1768 2307 Χριστός.
1802 2237 1935 2306 Πρό·

367 2343 508 2394 ωρον
531 2322 621 2379 οὖν
655 2326 910 2397 ὑπομένει
929 2327 1018 2380 τὸν
1047 2326 1294 2398 θόρυϐον,
1321 2327 1817 2398 προαναθεωρήσας
1841 2327 1934 2398 δη-

368 2416 540 2469 λονότι
573 2416 634 2470 τὸ
660 2417 869 2488 μέλλον,
893 2418 984 2470 καὶ
1006 2417 1082 2487 τῷ
1107 2417 1351 2488 λογισμῷ
1388 2418 1521 2489 πρὸς
1552 2417 1650 2488 τὴν
1683 2416 1792 2470 τῶν
1813 2418 1932 2470 ὲσο-

373 2507 548 2576 μένων
583 2509 800 2580 μνήμην
847 2507 1178 2578 ὑπενεχθείς.
1218 2509 1290 2561 Τὸ
1322 2509 1431 2579 γὰρ
1457 2509 1554 2580 τῆς
1589 2507 1789 2571 δειλίας
1831 2508 1935 2561 πά-

369 2595 479 2659 θος,
516 2595 636 2649 οὕτε
660 2598 757 2667 τῆς
793 2596 1036 2660 ἀπαθοῦς
1055 2598 1300 2668 εἴποιμεν
1333 2597 1604 2669 θεότητος,
1657 2597 1783 2651 οὔτε
1827 2596 1934 2670 μὴν

363 2687 465 2756 τῆς
484 2687 684 2758 σαρκός
715 2705 729 2719 ·
759 2687 1031 2759 λογισμῶν
1063 2689 1171 2761 γάρ
1201 2691 1318 2743 ἐστι
1341 2690 1540 2761 ψυχῆς,
1585 2691 1682 2743 καὶ
1711 2690 1772 2744 οὐ
1800 2702 1932 2762 σαρ-

363 2777 456 2842 κὸς
483 2778 542 2831 τὸ
570 2780 756 2843 πάθος.
792 2778 853 2833 Εἰ
877 2781 932 2834 δὲ
963 2782 1135 2834 καὶτὸ
1158 2781 1350 2850 ἄλογον
1383 2782 1505 2852 ἔχον
1547 2782 1726 2854 ψυχὴν
1777 2782 1934 2854 θορυ-

366 2871 539 2927 ϐεἰται
580 2875 674 2926 καὶ
695 2877 1037 2946 ταράττεται,
1061 2876 1173 2930 ἀλλ’
1201 2877 1264 2930 οὐ
1296 2877 1386 2930 διὰ
1418 2878 1657 2949 μνήμης,
1687 2878 1806 2932 οὐδὲ
1843 2877 1934 2931 λο-

366 2965 636 3037 γισμῷ,τὸ
663 2968 920 3037 ἐσόμενον
950 2968 1401 3038 προανασκοποῦν
1422 2969 1592 3034 πάθος
1618 2972 1710 3024 ἐπὶ
1734 2970 1934 3025 δειλίαν

363 3057 599 3129 ἔρχεται,
623 3058 738 3112 ἀλλ’
769 3061 894 3112 ὅταν
917 3060 1098 3123 αὐτοῖς
1119 3059 1323 3114 ἁλῶναι
1341 3061 1562 3132 γένηται
1581 3063 1693 3124 τοῖς
1722 3065 1930 3127 κακοῖς,

2035 1958 2182 2012 aliud
2207 1957 2476 2028 ejusmodi
2503 1957 2769 2021 incidere,
2801 1949 3020 2027 propria
3051 1962 3135 2010 est
3160 1953 3344 2009 carnis
3369 1953 3606 2018 aﬂ‘ectin,

2035 2050 2115 2106 sic
2145 2056 2198 2104 et
2233 2050 2500 2104 malorum
2533 2045 2792 2104 memoria
2818 2063 2880 2102 ac
2910 2045 3240 2118 cogitatione
3276 2045 3608 2117 perturbari,

2035 2153 2265 2210 prorsus
2295 2140 2494 2194 anima:
2519 2138 2811 2193 rationalis
2838 2134 3052 2192 aifectio
3077 2131 3261 2202 fuerit,
3285 2137 3429 2192 unde
3450 2135 3609 2190 nobis

2035 2248 2131 2303 per
2154 2233 2324 2287 solam
2352 2231 2668 2286 memoriam
2693 2236 2747 2284 et
2768 2230 3154 2300 cogitationem
3181 2245 3304 2285 sese
3328 2225 3609 2283 insinuare

2035 2326 2194 2380 solet.
2227 2322 2483 2380 Nondum
2513 2324 2658 2378 enim
2697 2323 2751 2376 in
2802 2323 2919 2392 ipsa
2961 2337 3128 2400 cruce
3172 2329 3290 2376 erat
3331 2319 3605 2375 Christus.

2035 2419 2203 2491 Igitur
2221 2433 2566 2490 praepropere
2587 2429 2639 2472 et
2657 2415 3039 2485 intempestive
3063 2413 3474 2485 perturbatione
3495 2407 3611 2466 alli-

2035 2513 2200 2576 citur,
2236 2511 2581 2582 prospiciens
2614 2508 2874 2563 videlicet
2910 2508 3054 2577 quod
3089 2507 3332 2560 futurum
3367 2513 3521 2566 erat,
3553 2510 3610 2558 et

2034 2605 2248 2659 ratione
2285 2602 2353 2656 ad
2385 2599 2816 2671 impendentium
2853 2598 3174 2653 memoriam
3199 2597 3478 2666 abreptus.
3505 2593 3610 2648 Ne-

2035 2714 2142 2769 que
2173 2693 2317 2750 enim
2347 2693 2562 2747 timoris
2600 2691 3067 2763 perturbationem
3113 2699 3206 2744 aut
3250 2690 3302 2743 in
3345 2688 3607 2744 deitatem

2036 2788 2144 2859 pati
2190 2781 2467 2847 nesciam,
2521 2793 2614 2839 aut
2671 2784 2724 2838 in
2775 2798 2995 2839 carnem
3031 2782 3226 2837 cadere
3261 2781 3606 2844 dixerimus;

2035 2867 2237 2947 quippe
2253 2884 2336 2931 est
2356 2875 2469 2928 hzcc
2490 2873 2722 2930 rationis
2741 2874 2908 2928 animi
2935 2882 2988 2929 et
3018 2889 3124 2928 non
3153 2874 3341 2930 carnis
3362 2871 3606 2927 aﬂeetio.

2035 2961 2190 3035 Quod
2230 2967 2274 3023 si
2301 2975 2352 3021 et
2387 2961 2439 3021 id
2467 2959 2613 3038 quod
2643 2965 3018 3020 irrationalem
3051 2965 3292 3019 animam
3325 2964 3492 3020 habet
3524 2973 3612 3017 tu-

2035 3059 2339 3112 multuatnr
2367 3058 2529 3112 etiam
2561 3066 2614 3112 et
2646 3052 2920 3122 turbatur,
2951 3070 3058 3109 non
3087 3062 3269 3110 tamen
3303 3069 3372 3109 ex
3404 3069 3611 3108 memo-

362 3145 482 3198 τότε
510 3146 603 3199 τοῦ
621 3147 884 3219 παρόντος
907 3149 1150 3202 κινδύνου
1174 3149 1419 3218 συλλέγει
1447 3150 1598 3220 μόλις
1619 3152 1716 3222 τὴν
1745 3152 1930 3222 αἴσθη-

2039 3151 2119 3204 ria
2145 3193 2159 3214 ,
2206 3164 2383 3218 neque
2433 3164 2500 3204 ex
2538 3145 2961 3203 ratiocinatione
2988 3145 3236 3200 futurum
3262 3145 3609 3215 prospiciens

365 3253 476 3336 σινί
506 3238 619 3336 Νῦν
647 3239 703 3292 δὲ
736 3242 764 3294 ό
796 3239 997 3311 Κύριος
1026 3239 1353 3312 θορυϐεῖται,
1373 3243 1472 3294 οὐκ
1508 3242 1566 3308 ἐξ
1609 3239 1684 3336 ὡκ
1724 3243 1932 3314 βλέπει,

361 3326 558 3399 ἀλλ’ὲξ
582 3326 656 3387 ὧν
688 3334 1020 3403 ἐνθυμεῖται.
1067 3334 1160 3386 καὶ
1199 3333 1257 3398 ἐξ
1307 3327 1382 3387 ὧν
1432 3326 1725 3406 προσδοκᾷ.
1784 3334 1936 3387 Ἀλλ’

361 3429 478 3481 οὐδὲ
516 3423 713 3480 είπενὸ
736 3425 989 3496 Χριστὸς,
1032 3425 1094 3478 Ἦ
1115 3424 1252 3494 σάρξ
1286 3443 1384 3496 μου
1425 3427 1774 3496 τετάρακται,
1808 3425 1936 3480 ἀλλ’

371 3538 388 3568 ι
408 3517 473 3571 Ἡ
503 3517 645 3588 ψυχή
673 3533 824 3587 μου.»
855 3515 954 3585 τήν
978 3514 1086 3569 τῶν
1115 3514 1495 3585 αἱρετιζόντων
1514 3515 1769 3570 ὑπόνοιαν
1791 3533 1933 3586 παρ-

363 3609 689 3678 ωθούμενος.
718 3606 779 3660 Εἰ
802 3609 860 3660 δὲ
891 3608 982 3661 καὶ
1005 3608 1060 3661 ὲν
1093 3609 1161 3678 τῇ
1193 3607 1402 3678 Παλαιᾷ
1427 3609 1619 3677 φήσεις
1642 3606 1775 3678 πρὸς
1803 3609 1934 3661 Ἰου-

364 3698 546 3759 δαίους
585 3696 690 3748 ὑπὸ
708 3695 841 3748 Θεοῦ
875 3696 1142 3765 εἰρῆσθαι,
1182 3715 1199 3746 ι
1233 3695 1347 3759 Τὰς
1373 3697 1564 3767 ἑορτὰς
1603 3695 1756 3767 ὑμῶν
1786 3701 1935 3768 μισεῖ

368 3792 401 3858 ἡ
426 3788 572 3872 ιψυχή
612 3803 712 3857 μου
747 3803 762 3818 ⁸
797 3805 815 3836 ι
868 3784 1098 3857 ἐροῦμεν
1145 3783 1220 3851 ὡς
1254 3789 1370 3850 τοῖς
1421 3787 1716 3860 ἡμετέροις
1757 3789 1933 3844 ἔθεσιν

367 3880 740 3950 ἀποκέχρηται
775 3877 973 3950 μᾶλλον
997 3878 1084 3931 διὰ
1105 3878 1200 3951 τὴν
1234 3879 1369 3951 πρὸς
1417 3881 1564 3950 ἡμᾶς
1591 3881 1933 3950 συγκατάϐα-

368 3984 474 4034 σιν,
495 3969 684 4040 ὥσπερ
717 3971 810 4023 καὶ
837 3968 1118 4039 πρόσωπον
1149 3970 1239 4022 καὶ
1263 3969 1573 4040 ὀφθαλμοὺς
1602 3971 1695 4024 καὶ
1728 3973 1794 4026 τὰ
1823 3971 1931 4025 λοι-

364 4063 439 4118 πὰ
473 4064 650 4118 πάντα
679 4061 812 4134 μέλη
865 4061 1166 4134 προσάπτει
1215 4061 1290 4132 τῷ
1325 4063 1600 4134 ἀσωμάτῳ
1648 4081 1928 4136 καταχρη-

362 4155 562 4218 στικῶς
593 4172 607 4186 ·
641 4151 777 4224 μετὰ
798 4151 854 4205 δὲ
878 4155 977 4221 τὴν
1005 4150 1436 4223 ὲνανθρώπησιν,
1480 4155 1528 4206 εἰ
1577 4153 1721 4208 οὕτω
1774 4155 1926 4226 είρῆ-

360 4247 482 4300 σθαι
513 4247 779 4317 φήσομεν,
813 4244 974 4298 εἰκὼν
999 4239 1066 4315 ἦν
1096 4244 1222 4314 ἄρα,
1256 4247 1350 4299 καὶ
1369 4245 1611 4317 δόκησις,
1643 4247 1736 4300 καὶ
1777 4248 1926 4312 σκιά,

360 4337 453 4392 καὶ
497 4339 558 4391 οὐ
598 4337 740 4391 κατὰ
785 4335 1041 4407 ἀλήθειαν
1091 4336 1394 4407 ἄνθρωπος,
1443 4338 1586 4392 κατὰ
1637 4338 1728 4392 τὸν
1771 4339 1929 4394 ἄθεον

357 4434 552 4487 Μάνιν.
585 4431 752 4502 Ὀλην
777 4429 954 4483 τοίνυν
1015 4429 1122 4482 τῶν
1160 4429 1463 4500 ἀνθρώπων
1511 4429 1675 4500 φύσιν,
1719 4431 1926 4500 ἥνωσεν

2038 3243 2238 3296 malmn
2276 3242 2470 3296 timore
2499 3241 2836 3310 corripitur,
2875 3239 2971 3293 scd
3007 3253 3131 3293 cum
3174 3238 3227 3291 in
3269 3237 3404 3306 ipsis
3449 3238 3608 3291 malis

2035 3333 2370 3403 deprehendi
2413 3332 2684 3402 contigit,
2741 3339 2874 3386 tunc
2919 3329 3206 3400 praesentis
3247 3327 3479 3398 periculi
3517 3327 3604 3380 vix

2036 3441 2255 3482 sensum
2285 3425 2532 3494 percipit.
2561 3423 2716 3478 Nunc
2740 3439 2868 3478 vero
2899 3421 3158 3476 Dominus
3194 3421 3470 3483 turbatur,
3498 3436 3607 3474 non

2034 3516 2105 3573 ob
2135 3533 2200 3572 ea
2218 3533 2337 3587 qua:
2363 3515 2538 3581 videt,
2567 3515 2662 3570 sed
2692 3515 2762 3569 ob
2787 3529 2848 3568 ea
2892 3529 3014 3583 qua:
3057 3513 3262 3584 cogitat
3303 3520 3356 3566 et
3389 3513 3610 3582 opperi-

2035 3616 2144 3664 tur.
2199 3607 2304 3664 Sed
2347 3624 2522 3678 neque
2559 3607 2695 3661 dixit
2729 3607 3018 3668 Christus,
3054 3605 3196 3659 Caro
3235 3619 3356 3660 mea
3390 3604 3607 3659 turbata

2034 3711 2141 3770 est,
2163 3701 2278 3760 sed.
2300 3702 2493 3754 Anima
2514 3714 2651 3764 mea,
2679 3707 2828 3756 secta
2839 3699 3039 3752 riorum
3059 3697 3430 3767 suspicionem
3461 3712 3609 3752 amo-

2036 3795 2193 3850 liens.
2213 3792 2368 3860 Quod
2397 3792 2441 3848 si
2475 3791 2704 3860 objicies
2732 3791 2785 3844 in
2810 3787 3000 3846 Vetere
3020 3782 3376 3844 Testamento
3404 3787 3607 3843 Iudaeis

2034 3887 2242 3941 dictum
2291 3902 2414 3941 esse
2469 3899 2500 3939 a
2545 3883 2703 3949 Deo,
2761 3901 2780 3933 ε
2819 3881 2979 3938 Festa
3030 3889 3212 3938 vestra
3256 3881 3372 3936 odit
3426 3879 3607 3935 anima

2033 3991 2173 4040 mea,
2207 3993 2224 4025 ι
2254 3974 2499 4030 dicemus
2529 3987 2651 4028 eum
2684 3972 2761 4026 uti
2795 3971 3056 4026 libentius
3089 3970 3298 4026 nostris
3334 3970 3604 4034 moribus,

2034 4073 2254 4136 propter
2277 4065 2570 4134 quamdam
2597 4103 2610 4128 ,
2644 4072 2700 4117 ut
2737 4062 2812 4117 ita
2843 4063 3058 4134 loquar,
3093 4063 3379 4118 nobiseum
3402 4062 3604 4117 conde-

2033 4157 2375 4212 scensionem
2403 4197 2418 4220 ,
2455 4157 2598 4211 sicut
2651 4164 2705 4210 et
2750 4154 2942 4210 faciem
2983 4162 3038 4210 et
3074 4157 3263 4210 oculos
3301 4164 3354 4210 et
3393 4154 3605 4223 reliqua

2031 4248 2216 4302 omnia
2251 4247 2494 4302 membra
2532 4245 2741 4315 aﬂingit
2779 4246 3104 4315 incorporeo
3142 4244 3371 4300 abusive
3407 4262 3422 4298 :
3480 4252 3606 4314 post

2032 4339 2466 4393 incarnationem
2499 4352 2629 4391 vero
2671 4345 2724 4391 et
2777 4336 3168 4390 humanitatem
3214 4344 3558 4408 assumptam
3584 4377 3601 4400 ,

2032 4430 2077 4484 si
2111 4431 2184 4483 ita
2213 4429 2420 4484 dictum
2449 4444 2570 4484 esse
2594 4429 2864 4495 dicamus,
2895 4429 2997 4483 fuit
3025 4430 3214 4500 utique
3245 4431 3423 4501 imago
3452 4446 3604 4501 quie-

360 4522 533 4593 ἑαυτῴ
560 4524 588 4575 ό
613 4522 705 4576 τοῦ
749 4522 883 4576 Θεοῦ
910 4521 1082 4590 Λόγος
1113 4520 1198 4574 ἶνα
1229 4522 1348 4574 ὅλον
1372 4520 1524 4594 σώσῃ
1578 4521 1670 4575 τὸν
1719 4521 1926 4592 ἄνθρω-

2032 4519 2155 4574 dam
2175 4561 2190 4586 ,
2216 4528 2271 4574 et
2297 4520 2469 4584 visio,
2510 4529 2565 4574 et
2597 4519 2787 4573 mnbra
2810 4559 2824 4580 ,
2859 4535 2968 4573 non
2999 4530 3178 4576 autem
3212 4537 3376 4577 verus
3402 4522 3563 4576 homo
3583 4562 3602 4586 ,

360 4630 479 4666 πον.
514 4613 579 4665 ὐ
598 4612 706 4684 γὰρ
738 4612 811 4683 μὴ
834 4612 1246 4682 προσείληπται,
1276 4612 1397 4665 οὐδὲ
1422 4611 1709 4665 σέσωσται.
1743 4610 1926 4664 Είπὼν

361 4704 540 4775 μέντοι
592 4704 671 4768 τὸ,
730 4723 748 4756 ι
795 4703 1116 4774 Ἐταράχθη,
1152 4721 1170 4754 ι
1222 4703 1283 4756 οὐ
1340 4700 1539 4774 σιωπᾷ,
1575 4701 1688 4757 ἀλλ’
1725 4705 1804 4767 είς
1835 4703 1927 4756 εὑ-

355 4794 578 4866 τολμίαν
608 4794 970 4866 μεταπλάττει
1003 4793 1062 4846 τὸ
1085 4792 1276 4856 πάθος,
1307 4793 1399 4846 καὶ
1431 4793 1714 4865 μονονουχί
1740 4809 1923 4865 φησιν·

357 4883 518 4935 Οὐδέν
547 4885 660 4935 ὲστι
696 4883 756 4935 τὸ
785 4882 1076 4936 ἀποθανεῖν
1108 4895 1123 4913 ⁸
1161 4881 1296 4936 ἀλλὰ
1322 4882 1410 4936 διὰ
1449 4882 1608 4937 τοῦτο
1653 4884 1927 4956 ἐπέτρεψα

355 4976 422 5044 τῇ
460 4974 622 5045 σαρκὶ
643 4974 704 5026 τὸ
737 4972 1020 5031 δειλιάσαι.
1065 4973 1154 5025 ἴνα
1189 4974 1657 5042 μεταστοιχειώσω
1707 4977 1786 5038 εἰς
1833 4975 1925 5028 εύο

355 5064 599 5136 τολμίαν.
623 5059 827 5116 Ἦλθον
848 5064 960 5124 τοῖς
990 5063 1081 5114 ἐπὶ
1111 5062 1215 5132 γῆς
1239 5061 1336 5132 τὴν
1367 5060 1513 5134 ζωὴν
1540 5064 1922 5134 κατορθώσων,

352 5155 432 5209 διὸ
463 5157 559 5209 καὶ
591 5154 728 5227 πρὸς
757 5155 818 5208 τὸ
850 5156 1042 5208 παθεῖν
1078 5156 1474 5226 ηὑτρέπισμαι.
1521 5157 1673 5208 Αἰτεῖ
1731 5156 1786 5208 δὲ
1833 5155 1924 5208 τὸν

356 5248 594 5320 Πατέρα,
627 5249 720 5301 καὶ
767 5248 828 5300 τὸ
855 5247 955 5317 τῆς
983 5248 1144 5318 εὐχῆς
1184 5248 1367 5317 σχῆμα
1390 5246 1660 5308 διατυποῖ,
1701 5247 1799 5318 οὐχ
1848 5250 1923 5309 ὡς

353 5339 650 5401 ἀδυνατῶν,
662 5342 690 5394 ὁ
707 5339 882 5393 πάντα
903 5340 1098 5410 ίσχύων
1114 5381 1128 5404 ,
1149 5340 1260 5392 ἀλλ’
1276 5339 1350 5403 ὼς
1366 5339 1459 5393 άνθ
1468 5354 1649 5409 ρωπος
1669 5339 1735 5392 τὰ
1752 5339 1923 5409 μείζω

352 5434 384 5505 ἢ
412 5432 552 5486 κατὰ
582 5431 864 5504 ἄνθρωπον
880 5433 1060 5504 νέμων
1088 5435 1152 5504 τῇ
1179 5433 1298 5504 θείᾳ
1332 5432 1514 5503 φύσει,
1567 5434 1670 5486 οὐκ
1710 5435 1814 5499 ἔξω
1848 5433 1922 5485 ὢν

352 5521 554 5593 ταύτης
583 5521 711 5575 ὅταν
741 5522 878 5593 καλῇ
911 5521 1000 5575 τὸν
1023 5523 1241 5592 Πατέρα
1281 5523 1370 5575 τὸν
1396 5521 1546 5582 ἴδιον,
1583 5521 1709 5575 ἀλλ’
1766 5523 1921 5586 εἰδὼς

346 5613 428 5664 ὅτι
451 5611 539 5664 διὰ
568 5611 779 5680 Πατρός
813 5613 903 5664 καὶ
943 5612 1072 5665 Υίοῦ
1112 5612 1228 5681 ἥξει
1261 5613 1294 5681 ἡ
1334 5613 1392 5662 ἐν
1423 5611 1586 5664 παντὶ
1638 5613 1919 5680 πράγματι

344 5701 574 5770 δύναμις
601 5701 696 5754 καὶ
713 5701 839 5767 δόξα
867 5717 883 5732 ⁹
912 5702 1020 5754 εἴτε
1055 5721 1074 5752 ι
1112 5701 1344 5767 Δὸξασὸν
1366 5719 1458 5754 σου
1490 5701 1580 5753 τὸν
1612 5701 1736 5755 Υἱὸν
1764 5723 1778 5751 ι
1811 5703 1920 5770 ἔχει

345 5793 662 5864 ὑΓγραφὴ,
697 5792 805 5846 εἴτε
857 5812 874 5844 ι
915 5794 1147 5860 Δόξα-σόν
1207 5809 1296 5847 σου
1351 5793 1407 5845 τὸ
1443 5794 1629 5864 ὄνομα,
1672 5813 1687 5845 ι
1733 5797 1920 5847 ταυτὸν

2029 4611 2330 4667 secundum
2366 4611 2595 4680 impium
2629 4609 2857 4665 Manent.
2897 4611 3077 4678 Quare
3118 4623 3283 4666 totam
3317 4614 3599 4667 hominum

2027 4708 2278 4756 naturam
2309 4700 2487 4754 univit
2521 4699 2626 4755 sibi
2659 4699 2750 4756 Dei
2785 4699 3021 4756 Verbmn
3065 4744 3078 4765 ,
3124 4713 3181 4756 ut
3215 4711 3389 4758 totum
3425 4703 3602 4756 homi-

2028 4807 2152 4845 nem
2203 4799 2468 4846 servaret.
2521 4785 2676 4857 Quod
2714 4793 2859 4846 enim
2898 4809 3006 4847 non
3054 4793 3212 4864 705
3256 4801 3338 4848 est
3380 4809 3598 4848 assum-

2029 4893 2177 4952 ptum
2207 4924 2222 4948 ,
2270 4899 2443 4954 neque
2489 4891 2572 4938 est
2627 4894 2923 4958 servatum.
2979 4882 3272 4956 Propterea
3327 4887 3418 4940 ubi
3460 4884 3600 4940 dixit

2027 4975 2131 5028 hoc
2155 5015 2168 5036 ,
2209 4993 2226 5026 ι
2261 4971 2498 5029 Turbata
2532 4983 2615 5029 est
2642 5017 2656 5040 ,
2689 4995 2705 5028 ι
2749 4993 2856 5030 non
2894 4978 3054 5040 silet,
3097 4979 3188 5032 sed
3223 4979 3594 5046 perturbatio-

2025 5079 2148 5118 nem
2188 5063 2332 5117 illam
2366 5064 2418 5117 in
2448 5063 2831 5120 conﬁdentiam
2858 5075 3064 5130 mutat,
3100 5083 3163 5120 ac
3198 5069 3592 5136 propemodum

2026 5155 2102 5210 ait
2129 5175 2141 5210 :
2177 5151 2308 5210 Mori
2348 5156 2482 5210 nihil
2511 5164 2616 5220 est,
2648 5171 2837 5213 verum
2869 5157 2992 5212 ideo
3022 5158 3247 5227 permisi
3279 5157 3434 5210 carni
3463 5174 3595 5213 meae

2024 5246 2221 5304 timore
2259 5249 2397 5304 ailici
2419 5288 2433 5309 ,
2477 5255 2536 5302 ut
2564 5264 2682 5304 eam
2719 5249 2784 5304 ad
2819 5250 3196 5304 fortitudinem
3229 5251 3591 5306 traducerent.

2026 5339 2160 5393 Veni
2199 5346 2258 5392 ut
2298 5339 2620 5394 mortalibus
2661 5340 2824 5393 vitam
2864 5341 3227 5393 instaurarem
3253 5379 3268 5402 ,
3303 5348 3591 5410 propterea

2025 5448 2110 5486 me
2148 5432 2216 5486 ad
2244 5432 2554 5502 patiendum
2593 5432 2926 5500 comparavi.
2957 5430 3132 5498 Rogat
3159 5440 3340 5487 autem
3373 5432 3588 5488 Patrem

2023 5538 2222 5584 suum,
2258 5531 2311 5576 et
2350 5524 2620 5577 orationis
2662 5519 2881 5574 modum
2927 5520 3265 5592 ﬁguramque
3313 5525 3547 5578 delineat
3572 5561 3589 5585 ,

2023 5631 2128 5668 non
2175 5626 2432 5684 tauquam
2473 5615 2742 5683 impotens
2780 5612 2872 5681 qui
2915 5614 3096 5672 omnia
3138 5623 3353 5683 potest,
3396 5613 3489 5668 sed
3531 5621 3588 5665 ut

2024 5708 2185 5760 homo
2221 5724 2339 5776 quze
2374 5706 2580 5774 majora
2613 5712 2740 5758 sunt
2781 5704 2999 5759 homine
3032 5705 3231 5758 divina:
3269 5713 3477 5758 naturae
3502 5709 3576 5752 at-

2025 5797 2269 5850 tribucns
2295 5836 2306 5858 ,
2353 5812 2456 5849 non
2492 5805 2641 5848 extta
2685 5794 2823 5847 hunc
2857 5795 3074 5862 «malent
3107 5794 3417 5854 cxsislcns,
3461 5802 3584 5842 cum
