4106 6262
574 319 634 372 91
1521 333 1577 390 S.
1616 335 1894 392 CYfllLLl
1925 336 2394 397 ALEXANDRI'NI
2433 347 2750 406 ARCHIEP.
3736 377 3806 431 93

567 443 723 503 rogat
763 434 981 494 Patrem
1016 458 1214 510 suum,
1257 447 1351 514 sed
1391 452 1578 520 utique
1608 455 1754 524 quod
1794 457 1847 510 in
1878 458 2025 512 omni
2067 473 2088 510 r

567 538 661 562 nm-
685 524 899 562 Dalrnm
936 537 985 562 Δρ
1015 530 1207 562 mn“...
1249 541 1506 562 -....--_,r-.
1566 559 1579 562 -
1630 561 1633 562 ,
1691 547 1703 558 ο
1858 555 1869 562 Α
1946 556 1957 562 -

2188 488 2200 515 ι
2227 461 2341 515 ἐστι
2369 467 2434 536 τῇ
2458 467 2565 521 τῶν
2587 470 2956 546 θεωρημάτων
2981 479 3251 552 ἀκριόείᾳ.
3287 485 3475 562 Ὅμως
3511 489 3538 540 ό
3567 489 3800 560 Χριστὸς

564 538 661 595 per
685 524 900 583 Patrem
935 537 990 585 et
1015 530 1208 601 Filium
1247 541 1512 610 procedat
1556 547 1737 606 omnis
1781 555 2030 617 potestas
2074 558 2128 615 et

563 616 739 670 honor
764 660 779 685 ,
807 621 974 690 probe
1000 624 1182 684 sciens
1211 644 1226 683 :
1258 629 1374 686 sive
1408 653 1426 684 ‹
1465 632 1715 694 Clariﬂca
1742 635 1941 694 Filium
1974 660 1992 692 ν
2030 641 2126 696 ha-

561 699 652 756 bet
681 702 985 778 Scriptura,
1013 713 1128 772 sive
1171 735 1190 768 (
1222 717 1473 787 Clariflca
1502 738 1697 780 nomen
1724 736 1876 792 tuum
1905 769 1918 790 ,
1957 750 1974 782 ι
2018 732 2124 801 hoc

558 795 907 857 exactissime
932 807 1232 873 speculanti
1260 810 1398 872 idem
1429 824 1532 870 est.
1556 816 1846 882 Enimvero
1867 821 2122 893 Christus

558 893 740 953 spreta
768 899 942 952 morte
962 905 1016 950 et
1036 899 1309 967 passionis
1335 903 1658 976 ignominia,
1684 913 1801 976 sola
1839 929 1966 982 vero
1995 914 2121 972 inde

554 987 833 1033 emcrsura
875 987 1163 1042 commoda
1193 991 1435 1058 intuens,
1457 997 1795 1071 jamjamque
1825 999 2118 1076 aufugien-

553 1066 657 1113 tem
705 1079 734 1118 e
781 1068 960 1138 medio
1009 1086 1183 1131 morte
1222 1095 1334 1134 suae
1371 1066 1558 1142 carnis
1597 1089 1840 1142 omnium
1882 1083 2116 1162 mortem

551 1152 860 1224 aspiciens,
896 1171 1060 1232 atque
1102 1168 1425 1238 abolendam
1463 1175 1707 1236 funditus
1743 1183 2115 1252 corruptionis

549 1247 876 1313 potentiam,
902 1252 1253 1328 hominisque
1285 1271 1538 1330 naturam
1577 1269 1836 1342 deinceps
1871 1275 2115 1346 novitate

547 1332 673 1386 vitm
695 1337 1124 1412 reformandam,
1154 1357 1365 1408 tantum
1397 1371 1503 1409 non
1536 1358 1603 1412 ad
1629 1332 1797 1414 Deum
1821 1373 1873 1418 et
1895 1361 2111 1419 Patrem

547 1421 664 1478 haec
693 1431 852 1484 verba
890 1431 1021 1489 facit
1054 1457 1067 1492 :
1120 1439 1232 1497 Etsi
1281 1447 1493 1515 pigrum
1536 1449 1604 1502 ad
1635 1453 1950 1522 patiendum
1984 1472 2109 1522 cor-

546 1528 649 1580 pus
670 1557 685 1577 .
739 1534 771 1573 o
804 1519 1002 1592 Pater,
1052 1539 1105 1584 et
1141 1533 1461 1600 reformidat
1501 1519 1730 1597 mortem
1763 1561 1882 1615 qua:
1913 1555 2112 1618 praeter

545 1614 802 1666 naturam
824 1623 926 1682 est,
963 1634 1074 1674 non
1095 1629 1276 1679 tamen
1311 1642 1734 1689 consentaneum
1763 1638 1981 1695 videtur
1999 1657 2106 1710 me,

537 2069 659 2128 pter
687 2079 977 2126 commune
1004 2079 1245 2136 omnium
1273 2081 1494 2142 bonum.
1527 2069 1693 2160 Quod
1714 2109 1842 2149 vero
1871 2111 2103 2170 evange-

1537 2148 1572 2160 τ,
1821 2148 1829 2149 ,
1879 2148 1893 2151 _
1916 2148 1921 2149 ,
1941 2148 2073 2170 ψη-

534 2148 662 2205 lista
679 2153 906 2222 gloriam
933 2162 1064 2218 alibi
1097 2182 1316 2224 crucem
1345 2177 1658 2244 appellavit,
1680 2196 1744 2236 ex
1772 2184 1890 2253 ejus
1918 2189 2100 2246 verbis

529 2241 721 2300 dicens
747 2266 760 2302 :
803 2267 820 2299 ι
848 2249 1097 2309 Nondum
1123 2261 1266 2314 enim
1291 2241 1677 2334 erat—Spiritus
1702 2241 1946 2343 sanctus,
1970 2281 2097 2351 quia

530 2336 774 2390 nondum
797 2338 957 2397 Jesus
980 2344 1313 2406 clarificatus
1347 2365 1465 2407 erat
1489 2357 1556 2408 ⁸³.
1590 2377 1610 2408 ›
1656 2357 1716 2413 in
1748 2363 1948 2431 quibus
1979 2336 2097 2420 ma-

527 2425 729 2480 nifeste
772 2433 1092 2489 crucifixum
1149 2455 1272 2495 esse
1330 2445 1689 2502 clarificatum
1729 2425 1883 2508 dicit.
1910 2455 2094 2513 Gloria

527 2528 659 2567 vero
686 2531 845 2572 crux.
872 2520 986 2575 Etsi
1003 2525 1147 2578 enim
1175 2534 1418 2598 tempore
1445 2539 1717 2601 passionis
1747 2543 1944 2600 multas
1970 2562 2093 2602 con-

527 2608 781 2662 tumelias
811 2615 1031 2679 pertulit
1063 2632 1279 2672 summa
1313 2623 1602 2680 tolerantia
1629 2637 1682 2683 et
1708 2643 1918 2699 Sponte,
1950 2646 2090 2692 tam-

525 2697 626 2750 etsi
655 2700 804 2768 quia,
841 2717 965 2757 cum
1000 2716 1184 2776 posset
1228 2726 1338 2766 non
1371 2717 1505 2783 pati,
1541 2697 1764 2789 propter
1794 2740 1896 2781 nos
1941 2729 2084 2784 ultro

523 2790 662 2842 mori
693 2793 975 2860 sustinuit,
1002 2807 1222 2868 propter
1248 2802 1479 2860 aliorum
1506 2813 1855 2868 commodum
1883 2817 1935 2872 id
1959 2820 2090 2874 sub-

522 2878 602 2932 ire
623 2921 637 2942 ,
687 2898 912 2940 summa:
941 2891 1110 2943 animi
1143 2898 1476 2961 praestantiae
1518 2913 1571 2955 et
1601 2918 1871 2974 supremae
1901 2911 2090 2980 gloria:

522 2972 871 3030 tribuendum
903 2988 1006 3034 est.
1035 2981 1156 3038 Alio
1186 2987 1350 3042 etiam
1382 2993 1539 3045 modo
1569 2994 1802 3064 gloriam
1829 3015 2089 3058 consecu-

521 3069 611 3117 tus
643 3074 726 3119 est
753 3066 960 3126 Filius:
987 3075 1133 3142 quod
1165 3079 1311 3132 enim
1344 3089 1573 3137 mortem
1607 3091 1922 3157 superavit,
1960 3109 2081 3149 eum

516 3152 684 3207 vitam
719 3170 841 3212 esse
879 3169 931 3214 et
964 3160 1160 3218 Filium
1201 3165 1294 3222 Dei
1327 3171 1562 3228 viventis
1597 3180 1975 3246 cognovimus.
2017 3185 2083 3242 Et

517 3244 856 3312 glorificatur
890 3249 1050 3308 Pater
1090 3271 1214 3310 cum
1263 3260 1425 3316 talem
1472 3263 1670 3322 habere
1700 3267 1895 3326 Filium
1926 3289 1993 3330 ex
2021 3291 2082 3332 se

517 3335 753 3400 genitum
773 3379 787 3403 ,
812 3341 991 3409 qualis
1012 3344 1099 3400 hic
1125 3356 1228 3416 est,
1256 3354 1613 3422 conspicitur.
1649 3357 1718 3411 At
1739 3377 1877 3440 _vero
1903 3364 2080 3424 bomts

517 3425 676 3499 706
691 3438 793 3496 est;
818 3440 872 3487 et
897 3435 1098 3502 lumen,
1118 3447 1171 3494 et
1195 3441 1302 3494 vita
1321 3449 1374 3496 et
1397 3455 1568 3502 morte
1581 3430 2068 3518 poten'tior.omnia

512 3533 852 3593 quaecunque
883 3526 1008 3580 velit
1039 3528 1265 3586 faciens.
1294 3533 1429 3591 Cum
1462 3554 1591 3594 vero
1617 3541 1791 3597 dicit:
1828 3545 2075 3606 Clarifica

511 3605 708 3667 Filium
731 3623 903 3684 tuum,
939 3637 956 3669 ι
994 3619 1096 3674 hoc
1121 3623 1236 3678 ait:
1265 3623 1517 3684 Concede
1551 3632 1680 3685 mihi
1713 3637 1824 3702 pati
1847 3639 2073 3698 volenti.

509 3697 628 3755 Non
672 3707 817 3760 enim
860 3710 979 3765 sine
1012 3714 1294 3771 voluntate
1324 3726 1376 3772 et
1415 3721 1651 3776 consilio
1686 3722 1846 3782 Pater
1875 3728 2074 3787 Filium

510 3793 658 3847 dedit
686 3797 753 3850 ad
784 3812 1043 3868 mortem,
1080 3806 1173 3859 sed
1206 3819 1402 3876 sponte
1429 3827 1526 3880 pro
1557 3815 1669 3868 vita
1698 3821 1885 3874 mundi
1916 3838 1929 3872 :
1970 3825 2076 3895 igi-

511 3891 601 3936 tur
645 3891 957 3946 consentire
997 3904 1049 3949 et
1092 3912 1334 3955 annuere
1371 3902 1619 3970 Patrem,
1661 3911 1809 3964 velut
1848 3913 2072 3974 donatio

509 3974 780 4031 bonorum
826 3983 987 4040 nobis
1035 3991 1302 4057 appellata
1348 4003 1456 4048 est.
1505 3995 1639 4051 Nam
1688 4015 1786 4068 pro
1831 4010 2076 4072 passione

508 4061 647 4120 dixit
681 4069 927 4143 gloriam,
957 4077 1083 4145 quia
1112 4090 1164 4133 et
1195 4081 1300 4136 hoc
1329 4083 1654 4140 imitandum
1688 4061 1846 4150 nobis
1874 4061 2075 4171 prope;

507 4157 628 4222 nit;
677 4163 880 4234 quippe
927 4171 1136 4238 precari
1179 4182 1396 4242 oportet
1435 4185 1494 4230 ut
1532 4193 1638 4232 non
1677 4157 1992 4250 incidamus
2018 4194 2071 4248 in

505 4251 859 4308 tentationem
880 4297 894 4320 ,
928 4259 1019 4314 ubi
1051 4276 1178 4316 vero
1211 4263 1568 4324 incidet-imus
1589 4309 1603 4334 ,
1630 4259 1896 4341 generose
1931 4281 2074 4340 ferre

592 4615 920 4686 Enimvero,
979 4629 1436 4694 quemadmodum
1494 4655 1601 4695 non
1663 4644 1824 4700 aliter
1879 4667 2063 4727 n‘tors,
2105 4671 2148 4724 Ι)

592 4709 600 4727 ε
656 4708 688 4727 ο
745 4726 752 4727 7
832 4721 843 4727 _
1299 4723 1310 4727 _

1980 4708 2063 4727 ννι

496 4708 601 4763 nisi
656 4708 948 4768 Servatorc
999 4728 1235 4787 mortuo,
1281 4723 1562 4784 destructa
1612 4733 1827 4802 fuisset,
1874 4744 1955 4799 sic
1996 4750 2063 4805 de

495 4813 826 4870 unaquaque
853 4806 1036 4859 carnis
1058 4807 1344 4867 affectione
1365 4823 1701 4879 censendum
1727 4837 1829 4881 est.
1853 4831 2062 4908 Quippe

493 4890 598 4945 nisi
625 4893 918 4954 timuisset.
942 4897 1200 4958 immunis
1233 4904 1457 4963 timendi
1491 4922 1687 4970 natura
1713 4919 1857 4978 haud
1886 4890 2055 4984 exstri-

491 4981 645 5036 tissct
697 5003 710 5038 :
765 4985 869 5040 nisi
923 4991 1289 5048 contristatus
1344 5009 1510 5067 esset,
1556 5021 1828 5078 nusquam
1870 5018 2057 5073 eadem

489 5073 711 5129 tristitia
764 5088 817 5132 et
868 5081 1054 5136 dolore
1105 5088 1548 5149 caruissetznisi
1600 5073 1954 5167 perturbatus
2004 5119 2060 5165 et

490 5167 778 5233 perculsus
838 5170 1064 5240 fuisset,
1117 5192 1389 5248 nusquam
1462 5185 1658 5241 horum
1726 5199 2054 5254 vacuitatem

489 5268 646 5311 nacta
691 5260 846 5315 foret.
883 5263 947 5316 Et
983 5265 1036 5320 in
1089 5284 1421 5341 unoquoque
1466 5291 1659 5332 eorum
1708 5298 1828 5352 quze
1863 5287 2060 5344 buma-

490 5347 640 5402 nitus
661 5351 814 5413 fiunt,
832 5358 1247 5416 convenientem
1281 5365 1548 5422 rationem
1575 5369 1628 5423 in
1653 5370 1874 5431 Christo
1901 5394 2060 5450 repe-

491 5439 621 5502 ries,
657 5452 1067 5518 commotasque
1093 5453 1278 5509 carnis
1309 5459 1622 5526 passiones,
1660 5479 1770 5519 non
1797 5475 1854 5521 ut
1887 5469 2059 5526 victo-

491 5533 629 5584 riam
665 5531 996 5601 obtinerent,
1017 5543 1164 5595 velut
1186 5545 1240 5598 in
1265 5547 1448 5613 nobis,
1477 5551 1570 5606 sed
1601 5560 1657 5606 ut
1684 5567 1971 5616 commota:
2003 5562 2056 5617 vi

492 5617 653 5676 Vcrhi
684 5621 738 5676 in
774 5639 940 5681 carne
967 5629 1262 5692 habitantis
1293 5639 1623 5698 sedarentur
1654 5657 1707 5700 et
1739 5651 2061 5720 comprime-

491 5723 696 5771 rentur.
725 5716 1115 5774 transformata
1147 5723 1200 5778 in
1231 5728 1511 5786 meliorem
1545 5741 1748 5792 statum
1791 5750 2008 5796 natura.

561 5805 762 5838 ηιμ..
823 5824 892 5840 ς...
964 5810 1028 5844 ’τῇ

2233 561 2648 630 καταφρονήσας
2679 565 2770 617 τοῦ
2809 566 3036 628 θανάτου
3082 574 3174 626 καὶ
3201 574 3296 644 τῆς
3344 577 3407 630 ἐκ
3461 578 3554 633 τοῦ
3610 580 3800 636 παθεῖν

2231 647 2511 720 αἰσχύνης,
2549 653 2684 721 μόνᾳ
2713 656 2766 710 δὲ
2795 659 2860 713 τά
2905 660 2970 716 ἐκ
2997 662 3089 727 τοῦ
3136 665 3326 722 παθεῖν
3362 666 3798 741 σκοπῶνκατορτ

2232 736 2477 808 θώματα,
2540 747 2632 798 καὶ
2670 748 2794 802 ὅσον
2827 750 3042 808 οὐδέπω
3068 755 3132 808 ἐκ
3173 757 3336 827 μέσου
3379 759 3662 829 βαδίζοντα
3708 736 3795 820 διά

2228 831 2319 882 τοῦ
2347 831 2576 888 θανάτου
2613 841 2708 908 τῆς
2742 840 2875 904 ἰδίας
2909 845 3110 916 σαρκὸς
3135 846 3230 900 τὸν
3256 850 3510 905 ἁπάντων
3565 852 3793 920 θάνατον

2228 920 2462 990 βλέπων,
2507 927 2994 1004 άναιρεθησόμενόν
3023 954 3080 991 τε
3121 941 3397 1006 παντελῶς
3422 943 3482 996 τὸ
3513 945 3610 1015 τῆς
3659 947 3790 1016 φθο-

2225 1014 2325 1081 ρᾶς
2363 1015 2558 1084 κράτος
2580 1020 2672 1074 καὶ
2696 1021 2793 1093 τὴν
2832 1024 3116 1096 ἀνθρώπου
3159 1029 3318 1099 φύσιν
3368 1014 3789 1104 ἀναμορφουμέι·

2222 1118 2320 1172 νην
2373 1106 2474 1177 ήδη
2518 1109 2702 1170 λοιπόν
2753 1115 2888 1185 πρὸς
2936 1120 3228 1192 καινότητα
3285 1125 3450 1194 ζωῆς,
3503 1127 3638 1200 πρὸς
3695 1129 3784 1182 sb»

2221 1192 2353 1248 Θεὸν
2385 1200 2478 1262 καὶ
2504 1202 2721 1274 Πατέρα
2751 1207 2885 1276 φησὶ
2915 1214 3198 1284 μονονουχί
3223 1228 3236 1242 ·
3261 1216 3324 1270 Εἰ
3355 1192 3449 1271 καὶ
3473 1192 3704 1298 ὀκνηρὸν
3726 1220 3787 1286 τὸ

2222 1285 2380 1356 σῶμα
2431 1289 2564 1360 πρὸς
2622 1293 2682 1347 τδ
2734 1297 2947 1363 παθεῖν,
2987 1295 3030 1356 ὦ
3083 1305 3286 1378 Πάτερ,
3326 1307 3460 1368 δέδιε
3487 1309 3542 1362 δὲ
3575 1285 3784 1374 gena?

2219 1378 2370 1448 παρὰ
2394 1381 2554 1448 φύσιν
2582 1384 2826 1452 θάνατον,
2860 1391 2998 1452 ἀλλὰ
3034 1396 3128 1452 καὶ
3176 1397 3274 1468 οὑχ
3324 1393 3434 1456 οἷόν
3483 1418 3600 1464 πως
3640 1397 3783 1461 εἶναι

2215 1467 2500 1536 δοκεῖτοῖς
2527 1475 2636 1528 τῶν
2675 1477 2942 1545 Ἰουδαίων
2980 1467 3431 1556 ἐμπαροινεὺιιθαί
3463 1506 3530 1559 με
3588 1489 3785 1560 τολμή-

2218 1577 2352 1630 μασι
2375 1562 2464 1615 τὸν
2495 1565 2586 1620 σὸν
2615 1569 2868 1642 σύνεδρον
2909 1575 3003 1636 καὶ
3042 1576 3103 1630 τὸ
3143 1578 3284 1632 κατὰ
3327 1581 3542 1640 πάντων
3586 1580 3779 1652 ἔχοντα

2215 1653 2433 1722 κράτος.
2463 1656 2610 1728 Πλὴν
2629 1661 2856 1735 ἐπείπερ
2880 1666 3116 1737 ἀφῖγμαι
3141 1671 3280 1742 πρὸς
3323 1671 3502 1738 τοῦτο.
3557 1691 3575 1724 ι
3609 1673 3776 1741 Δόξα-

2216 1743 2307 1798 σόν
2344 1761 2438 1799 σου
2463 1748 2554 1802 τὸν
2580 1750 2730 1816 Υίὸν,
2766 1771 2786 1804 ι
2816 1756 2972 1810 τοῦτ’
3018 1757 3130 1818 ἐστι
3163 1760 3238 1832 μὴ
3262 1761 3598 1836 διακωλύσῃς
3631 1764 3779 1826 ίόντα

2207 1837 2341 1907 πρὸς
2372 1839 2599 1897 θάνατον
2628 1862 2640 1875 ·
2666 1848 3100 1921 συγκατάνευσον
3129 1851 3206 1923 τῷ
3235 1853 3312 1924 σῷ
3356 1858 3651 1928 γεννήματι
3685 1858 3777 1920 διὰ

2085 1936 2106 1960 ‘-
2203 1927 2264 1981 τὸ
2284 1932 2416 1985 πᾶσι
2454 1932 2746 2000 λυσιτελές.
2783 1938 2905 1994 Ὀτι
2926 1941 2983 1996 δὲ
3017 1941 3174 2010 δόξαν
3202 1944 3230 2000 ό
3268 1927 3656 2018 εὐαγγελιστὴς
3679 1949 3775 2003 καὶ

2203 2021 2429 2091 ἑτέρωθί
2474 2041 2575 2078 που
2607 2027 2699 2086 τὸν
2731 2030 2959 2102 σταυρὸν
2991 2035 3273 2104 ἀπεκάλει,
3322 2037 3540 2110 μαθήσῃ
3585 2039 3772 2108 λέγον-

2199 2127 2289 2174 τος
2317 2113 2480 2168 αὑτοῦ
2518 2127 2534 2147 ⁸
2573 2136 2592 2170 ι
2621 2119 2786 2176 Οὔπω
2805 2123 2911 2194 γὰρ
2939 2120 3006 2197 ἦν
3046 2127 3271 2199 Πνεῦμα
3300 2129 3473 2198 ἅγιον,
3529 2132 3612 2186 ὅτι
3663 2133 3772 2202 Ἰηο

2200 2206 2328 2272 σοῦς
2381 2209 2535 2266 οὑπω
2589 2214 2872 2287 ἐδοξάσθη.
2915 2238 2934 2270 r
2969 2220 3164 2288 Σαφῶς
3205 2222 3315 2293 γάρ
3347 2224 3405 2276 ἐν
3453 2224 3666 2288 τούτοις
3701 2223 3767 2277 τδ

2198 2300 2594 2370 ἐσταυρῶσθαι,
2633 2306 2693 2360 τὸ
2715 2309 2974 2383 ἐδοξάσθη
3023 2313 3174 2383 φησί.
3201 2314 3339 2382 Δόξα
3370 2315 3426 2370 δὲ
3447 2319 3474 2370 ὁ
3514 2316 3765 2388 σταυρός.

2195 2390 2259 2443 Εἰ
2279 2391 2386 2464 γὰρ
2417 2394 2615 2469 καίπερ
2642 2401 2781 2453 κατὰ
2814 2400 2904 2456 τὸν
2933 2401 3029 2456 τοῦ
3084 2404 3291 2482 πάθους
3353 2406 3540 2476 καιρὸν
3597 2405 3771 2461 πολλὰ.

2195 2482 2495 2554 ἐφύδριστα
2525 2489 2814 2560 ὑπέμεινεν
2835 2493 3168 2560 άνεξικακῶν
3197 2494 3358 2560 ἑκὼν,
3397 2496 3524 2550 ἀλλ’
3580 2498 3640 2567 ἐξ
3691 2491 3769 2553 ὧν

2193 2572 2486 2643 δυνάμενος
2516 2577 2590 2650 μὴ
2622 2579 2834 2645 παθεῖν,
2866 2582 3072 2654 ὑπέστη
3126 2584 3206 2638 δι’
3253 2586 3398 2654 ἡμᾶς
3442 2587 3768 2654 ἐθελουσίως

2190 2661 2251 2716 τὸ
2276 2666 2466 2732 πάθος,
2497 2668 2597 2737 τῆς
2625 2669 2907 2742 ὑπεράγαν
2932 2674 3078 2727 ἐστὶν
3099 2675 3499 2746 εὐσπλαγχνίας
3527 2681 3618 2732 καὶ
3662 2681 3768 2751 τῆς

2191 2754 2452 2814 ἀνωτάτω
2488 2758 2664 2828 δόξης,
2696 2762 2759 2815 τὸ
2810 2763 2876 2815 δι’
2917 2763 3092 2818 ἄλλων
3136 2765 3404 2835 ὠφέλειαν
3463 2769 3766 2839 ὑποστῆναι

2188 2845 2364 2901 τοῦτο.
2394 2849 2587 2917 Γέγονε
2616 2850 2672 2903 δὲ
2703 2853 2795 2906 καὶ
2821 2855 2992 2926 ἑτέρῳ
3016 2857 3201 2928 τρόπῳ
3225 2861 3280 2912 ἐν
3307 2859 3519 2930 εὐδοξίᾳ
3544 2861 3572 2914 ό
3595 2860 3724 2925 Υἱός
3743 2877 3760 2892 ·

2186 2934 2253 2990 δι’
2281 2931 2357 2992 ὧν
2390 2941 2498 3010 γὰρ
2524 2945 2900 3016 κατεκράτησε
2940 2948 3032 3002 τοῦ
3065 2949 3316 3014 θανάτου,
3380 2953 3626 3024 ἔγνωμεν
3666 2954 3764 3008 αὑ-

2185 3026 2275 3080 τὸν
2304 3028 2430 3082 ὄντα
2455 3030 2598 3103 ζωὴν
2626 3035 2719 3089 καὶ
2753 3036 2878 3091 Υίὸν
2907 3038 3039 3092 Θεοῦ
3063 3041 3154 3095 τοῦ
3207 3041 3426 3107 ζῶντος.
3468 3043 3763 3108 Δοξάζεται

2109 3141 2152 3199 c
2185 3117 2241 3171 δὲ
2271 3120 2298 3172 ὁ
2327 3120 2534 3193 Πατὴρ,
2571 3125 2698 3178 ὃταν
2744 3128 3001 3199 φαίνηται
3045 3131 3284 3186 τοιοῦτον
3332 3134 3468 3204 ἔχων
3522 3135 3650 3189 Υἰὸν
3698 3137 3762 3203 ἐξ

2184 3210 2376 3270 ἑαυτοῦ
2405 3216 2749 3287 γεννηθέντα,
2793 3221 2972 3286 ὁποῖός
3011 3223 3128 3277 ἐστι
3157 3226 3249 3280 καὶ
3284 3226 3465 3290 αὑτός.
3509 3227 3664 3281 Ἔστι
3699 3229 3759 3281 δ’

2180 3301 2403 3371 ἀγαθὸς,
2433 3307 2570 3376 φῶς,
2605 3309 2736 3382 ζωὴ,
2776 3315 2870 3367 καὶ
2915 3315 3148 3370 θανάτου
3192 3317 3474 3389 κρείττων,
3514 3321 3608 3373 καὶ
3654 3319 3758 3374 ὅσα

2181 3391 2345 3459 θέλει,
2375 3398 2563 3454 ποιῶν.
2612 3402 2777 3459 ’Ὀταν
2816 3406 2872 3460 δὲ
2931 3407 3102 3481 λέγῃο
3184 3430 3203 3462 ‹
3252 3411 3485 3479 Δόξασόν
3529 3429 3623 3468 σου
3662 3413 3758 3467 τὸν

2180 3483 2327 3550 Υίὸν,
2364 3507 2383 3540 ι
2415 3490 2574 3545 τοῦτό
2600 3511 2731 3566 φησι
2761 3513 2775 3528 ο
2795 3498 3233 3567 Συγκατάνευσόν
3273 3521 3362 3574 μοι
3407 3503 3600 3558 παθεῖν
3641 3504 3757 3558 ἐθέ-

2177 3575 2342 3632 λοντι.
2373 3581 2446 3633 Οὐ
2477 3582 2586 3654 γὰρ
2611 3584 2923 3660 ἀϐουλήτως
2949 3591 3040 3646 τὸν
3085 3593 3213 3650 Υίὸν
3265 3597 3292 3650 ὁ
3333 3595 3521 3671 Πατὴρ
3551 3597 3754 3651 ἔδωκεν

2177 3669 2257 3734 είς
2291 3671 2536 3737 θάνατον,
2568 3677 2684 3731 ἀλλ’
2709 3679 2851 3734 ἑκὼν
2881 3683 3022 3756 ὑπὲρ
3047 3686 3145 3756 τῆς
3176 3685 3271 3740 τοῦ
3325 3669 3532 3759 κόσμου
3581 3689 3749 3759 ζωῆς.

2177 3757 2249 3818 Τὸ
2279 3756 2370 3816 οὖν
2388 3764 2713 3836 συνθελῆσαι
2748 3771 2838 3824 τὸν
2864 3773 3106 3844 Πατέρα,
3131 3775 3207 3839 ὡς
3249 3776 3394 3844 δόσις
3433 3756 3752 3848 ῶνόμασται

2175 3849 2305 3919 ἡμῖν
2338 3851 2576 3920 ἀγαθῶν.
2606 3857 2750 3911 Ἀντὶ
2772 3859 2880 3932 γάρ
2908 3861 3001 3926 τοῦ
3025 3863 3241 3919 παθεῖν
3268 3866 3368 3938 τὴν
3390 3865 3578 3931 δόξαν
3601 3863 3746 3934 εἷπε,

2175 3939 2320 4008 λέγει
2344 3942 2402 3996 δὲ
2428 3944 2582 4000 τοῦτο
2609 3949 2702 4002 καὶ
2740 3952 2876 4021 πρὸς
2918 3953 3281 4027 ὑπογραμμὸν
3333 3959 3506 4029 ήμῶν,
3541 3960 3622 4014 ὃτι
3665 3961 3750 4016 δεῖ

2179 4029 2277 4098 μὲν
2304 4031 2554 4102 εὔχεσθαι
2584 4039 2658 4108 μὴ
2692 4040 2952 4110 ἐμπεσεῖν
2983 4045 3063 4108 είς
3104 4048 3429 4118 πειρασμὸν,
3471 4051 3744 4121 ἐμπεσόν-

2173 4138 2268 4184 τας
2284 4123 2341 4176 δὲ
2369 4128 2630 4193 γενναίως
2650 4130 2854 4202 φέρειν,
2875 4134 2965 4188 καὶ
2987 4135 3062 4207 μὴ
3092 4139 3396 4216 άποπηδᾷν,
3423 4141 3747 4212 εῠχεσθαίτε
3823 4200 3825 4202 .

2175 4214 2254 4275 εἰς
2279 4212 2409 4267 Θεὸν
2439 4217 2697 4288 σωθῆναι.
2735 4222 2891 4278 Ἀλλά
2937 4245 2955 4277 ι
3003 4228 3232 4292 Δόξασόν
3261 4212 3356 4285 σου
3396 4233 3456 4286 τὸ
3491 4233 3680 4304 ὄνομα.
3717 4254 3740 4288 ι

2173 4304 2238 4358 El
2267 4305 2373 4377 γάρ
2386 4307 2474 4372 διὰ
2495 4309 2601 4366 τῶν
2623 4313 2876 4369 κινδύνων
2901 4317 3058 4388 ήμῶν
3095 4322 3382 4391 συμϐαίνει
3419 4323 3744 4392 δοξασθῆναι

2172 4397 2262 4452 τὸν
2297 4398 2450 4466 Θεὸν,
2480 4403 2654 4455 πάντα
2680 4404 2871 4460 τούτου
2894 4410 3136 4481 τετάχθω
3159 4413 3402 4486 δεύτερα.

2244 4673 2452 4746 Ὥσπερ
2479 4676 2663 4746 μέντοι
2701 4681 2800 4736 οὐκ
2832 4683 3006 4750 ἄλλως
3048 4687 3077 4740 ό
3116 4685 3343 4754 θάνατος
3390 4695 3737 4766 κατηργήθην

2172 4762 2246 4833 μὴ
2281 4765 2640 4834 ἀποθανόντος
2657 4771 2748 4826 τοῦ
2780 4775 3034 4848 Σωτῆρος
3065 4794 3078 4807 ·
3104 4777 3246 4835 οὕτω
3275 4781 3367 4837 καὶ
3391 4784 3476 4853 ἐφ’
3505 4762 3740 4840 ἑκάστου

2166 4855 2273 4908 τῶν
2318 4858 2417 4927 τῆς
2464 4862 2666 4930 σαρκὸς
2701 4865 2907 4921 παθῶν.
2939 4869 3002 4923 Εί
3055 4872 3129 4942 μὴ
3162 4872 3269 4945 γὰρ
3295 4875 3610 4940 ἐδειλίασεν,
3640 4880 3741 4934 οὑκ

2167 4945 2232 5000 ἂν
2269 4949 2324 5000 ἐν
2351 4949 2628 5024 ἐλευθερίᾳ
2650 4955 2743 5008 τοῦ
2769 4957 2967 5030 δειλιᾷν
2992 4962 3023 5031 ἡ
3062 4961 3219 5030 φύσις
3243 4967 3463 5034 γέγονεν
3489 4984 3502 4998 ·
3559 4973 3607 5023 εί
3662 4971 3739 5044 μὴ

2164 5037 2428 5111 ἐλυπήθη,
2455 5043 2552 5096 οὑκ
2580 5044 2644 5106 ἂν
2671 5049 2957 5121 ἀπηλλάγη
2983 5051 3079 5106 τοῦ
3101 5053 3385 5111 λυπεῖσθαί
3403 5077 3551 5130 ποτε·
3569 5065 3618 5115 εί

2162 5127 2432 5202 ἐταράχθη
2457 5135 2546 5188 καὶ
2567 5136 2826 5212 ἐπτοήθη,
2850 5142 2949 5196 οὐκ
2970 5143 3035 5197 ἂν
3076 5145 3179 5212 ἔξω
3207 5151 3335 5204 ποτὲ
3363 5127 3564 5208 τούτων
3609 5127 3736 5223 ὲγέἐ

2163 5234 2303 5272 νετο.
2342 5223 2450 5276 Καὶ
2483 5225 2568 5295 ἐφ’
2607 5229 2820 5302 ἑκάστῳ
2864 5234 2972 5288 τῶν
3019 5237 3370 5309 ἀνθρωπίνως
3412 5246 3730 5312 γεγονότων,

2163 5307 2254 5361 τὸν
2282 5311 2443 5366 αὑτὸν
2481 5315 2856 5387 ἐφαρμόζοντα
2904 5323 3058 5392 λόγον
3093 5307 3344 5400 εὑρήσεις
3374 5307 3434 5385 ἐν
3471 5307 3730 5403 Χριστῷζ

2165 5397 2236 5451 τὰ
2255 5400 2351 5472 τῆς
2373 5404 2572 5473 σαρκὸς
2613 5408 2760 5479 πάθη
2808 5414 3158 5483 κεκινημένα,
3212 5397 3309 5488 οὑχ
3354 5420 3440 5474 ἵνα
3485 5397 3734 5496 κρατήσῃ

2167 5488 2354 5563 ῶσπερ
2386 5494 2480 5548 καὶ
2499 5498 2556 5550 ἐν
2579 5499 2730 5568 ήμῖν,
2753 5501 2867 5554 ἀλλ’
2898 5503 2984 5559 ἵνα
3006 5507 3290 5577 κινηθέντα
3316 5488 3730 5584 καταργηθῇέῇ

2166 5581 2392 5653 δυνάμει
2422 5585 2514 5640 τοῦ
2540 5588 2918 5662 ἐνοικήσαντπ
2950 5599 3016 5667 τῇ
3051 5600 3215 5670 σαρκὶ
3244 5603 3438 5673 Λόγου,
3458 5581 3469 5584 τ
3668 5581 3731 5660 τὸ

2167 5676 2384 5745 ἄμεινον
2407 5683 2868 5757 μεταποιουμένης
2898 5687 2995 5759 τῆς
3023 5689 3254 5760 φύσεως.
