4106 6262
295 387 368 444 93
1075 377 1145 434 IN
1182 343 1521 432 minutim.
1559 402 1628 418 .-
1669 369 1796 424 LIB.
1836 367 1877 422 ν

1980 365 2057 421 ET
2099 367 2209 426 V'lll
2246 363 2686 424 FRAGMENTA.
3459 366 3528 423 9-!

360 507 445 561 οὐ
507 503 581 559 δι’
625 502 732 574 ἐμὲ
775 503 813 572 ἡ
856 499 1026 570 φωνὴ
1058 499 1209 568 αὕτη
1268 498 1536 568 γέγονεν,
1564 492 1724 549 ἀλλὰ
1768 489 1854 544 δι’

2030 486 2148 551 Χιι,
2180 487 2270 542 50.
2295 486 2416 541 Non
2443 496 2654 554 propter
2677 498 2758 538 me
2776 482 2887 538 lucc
2906 497 3003 537 vos
3028 483 3185 546 venit,
3204 483 3294 537 sed
3320 495 3533 553 propter

293 598 467 671 ὑμᾶς.

374 687 790 757 Ἀντεφθέγγετο
817 687 846 740 6
866 684 1078 757 Πατὴρ,
1110 683 1234 738 καθ’
1273 681 1331 735 δν
1369 676 1478 734 οἶδε
1512 677 1732 750 τρόπον,
1788 673 1864 744 τῷ

294 781 411 847 ἰδίῳ
440 779 573 849 Υίῷ,
601 782 681 843 είς
709 777 1017 848 φιλοτιμίαν
1052 774 1160 828 τῶν
1189 774 1552 845 ἀκροωμένων
1585 772 1686 842 τὴν
1732 770 1865 822 ἐαυ-

289 872 384 925 τοῦ
407 870 660 941 βούλησιν
703 868 973 939 φανερῶν,
1014 867 1100 920 ινα
1151 864 1512 919 πιστεύσωσιν
1566 859 1867 930 ἀναμφιϐό-

291 961 418 1022 λως.
443 961 527 1014 δτι
552 959 680 1021 Υἱός
707 960 822 1011 ἐστι
851 955 990 1010 κατὰ
1016 954 1178 1024 φύσιν
1207 951 1302 1006 τοῦ
1329 951 1463 1006 Θεοῦ
1491 950 1585 1004 καὶ
1634 947 1864 1018 Πατρός.

293 1051 555 1122 Διηπόρει
587 1050 643 1104 δέ
664 1049 870 1118 ό“ὃχλος
893 1048 975 1110 είς
994 1045 1282 1116 διαφόρους
1317 1043 1572 1104 ὑπονοίας
1617 1040 1868 1110 σχιζόμε-

291 1161 381 1206 νας
410 1142 698 1203 ἀσυνέτως.
740 1138 888 1191 Ἔδει
906 1137 1014 1208 γὰρ
1036 1137 1233 1198 αὐτοὺς
1273 1134 1526 1202 ἐννοῆσαι
1575 1131 1656 1186 δτι
1686 1131 1716 1181 6
1758 1129 1871 1181 Πα-

293 1235 398 1303 τὴρ
425 1229 493 1303 ἦν
514 1235 543 1286 6
574 1230 1086 1300 ἀντιφθεγξάμενος,
1118 1226 1256 1298 πρὸς
1294 1226 1354 1279 ὃν
1400 1225 1692 1291 ἐποιήσατο
1741 1220 1869 1284 τοὺς

295 1325 485 1392 λόγους
511 1326 540 1377 6
566 1323 709 1386 Υἱός.
735 1323 811 1375 Οὐ
831 1320 941 1391 γὰρ
967 1317 1190 1390 βροντὴν
1211 1318 1382 1388 ᾔτησε
1437 1313 1712 1384 γενέσθαι,
1738 1311 1865 1366 οὗτε

293 1415 522 1485 ἄγγελον
547 1415 792 1484 φωνῆσαι
818 1429 832 1444 ·
867 1414 1018 1483 ὅμως
1051 1411 1127 1474 ὡς
1153 1409 1302 1473 Υἱὸς,
1339 1409 1502 1479 φησιν
1533 1407 1614 1460 δτι
1645 1424 1664 1457 ι
1693 1404 1768 1457 Οὐ
1801 1403 1870 1456 δι’

295 1506 395 1576 ἐμὲ
427 1506 647 1574 γέγονεν
679 1505 712 1572 ἡ
740 1503 890 1572 φωνὴ
912 1541 928 1565 ,
959 1499 1095 1554 ἀλλὰ
1123 1499 1191 1552 δι’
1220 1499 1396 1569 ύμᾱςο
1430 1515 1451 1548 ι
1494 1495 1610 1566 ᾔδει
1633 1493 1742 1562 γὰρ
1773 1491 1870 1545 τοῦ

292 1595 544 1656 τεκόντος
567 1594 664 1663 τὴν
693 1591 944 1662 βούλησιν
970 1590 1075 1643 κᾶν
1097 1588 1271 1660 μηδὲν
1300 1585 1560 1657 ἐλαλήθη,
1584 1582 1770 1654 ἐπειδὴ
1803 1578 1872 1653 ἦν

293 1684 390 1738 καὶ
416 1683 530 1737 ἐστι
551 1682 644 1736 τοῦ
669 1683 882 1754 Harpe:
915 1680 1075 1748 σοφία
1115 1680 1209 1733 καὶ
1243 1679 1432 1745 Λόγος.
1479 1678 1556 1729 Δι’
1591 1675 1733 1746 ὑμᾶς
1755 1668 1868 1736 οὖν,

294 1773 452 1842 φησὶ,
481 1771 702 1839 γέγονεν
736 1772 769 1840 ὴ
799 1771 947 1840 φωνή
974 1785 988 1802 ·
1027 1768 1111 1821 ἵνα
1143 1764 1516 1838 παραδὲχησθέ
1538 1781 1604 1835 με
1634 1763 1711 1827 ὡς
1742 1762 1872 1816 Υἱὸν

1963 596 2050 633 υοι
2057 617 2071 632 .

2037 668 2420 740 Respondebat
2469 667 2635 722 Pater
2665 667 2891 738 proprio
2919 665 3082 728 Filio,
3123 679 3192 720 eo
3243 678 3355 735 quo
3385 664 3538 719 novit

1966 762 2151 825 modo,
2182 775 2335 816 suam
2370 761 2708 813 voluntatem
2751 759 2969 828 planam
2997 757 3228 821 iaciens,
3261 757 3328 812 ad
3349 757 3541 810 conci-

1967 852 2205 910 liandam
2224 850 2562 906 audientium
2586 849 2767 913 ﬁdem,
2787 857 2844 903 ιιι
2863 849 3152 904 crederent
3177 849 3302 904 sine
3327 848 3544 904 dubita-

1969 945 2112 998 tione
2142 957 2265 998 esse
2296 939 2493 996 Filium
2525 940 2618 996 Dei
2642 949 2696 996 et
2719 939 2900 996 Patris
2926 941 3229 996 secundum
3263 950 3537 996 naturam.

1967 1035 2294 1105 Ambigebat
2344 1040 2525 1088 autem
2564 1033 2857 1087 multitudo
2900 1034 2958 1088 in
3015 1033 3198 1089 varias
3250 1035 3542 1104 opiniones

1970 1127 2142 1182 scissa
2175 1126 2385 1195 absque
2417 1124 2630 1179 ratione
2659 1142 2673 1178 :
2709 1123 3003 1194 oportebat
3042 1124 3189 1178 enim
3227 1125 3308 1179 eis
3354 1124 3543 1178 venire

1970 1220 2028 1277 in
2087 1226 2348 1279 mentem,
2401 1215 2619 1275 Patrem
2680 1231 2805 1272 esse
2865 1215 2957 1285 qui
3022 1214 3420 1283 responderat,
3474 1213 3540 1268 ad

1968 1325 2133 1380 quem
2182 1306 2353 1364 Filius
2401 1306 2564 1361 verba
2615 1303 2858 1360 fecisset.
2908 1302 3046 1358 Nam
3080 1317 3183 1358 nec
3231 1309 3290 1354 ut
3334 1299 3544 1354 tonitru

1975 1400 2150 1464 fieret,
2179 1413 2280 1454 nec
2326 1404 2386 1454 ut
2437 1396 2666 1467 angelus
2707 1395 3045 1464 loqueretur,
3074 1393 3264 1463 petiit;
3289 1392 3424 1445 dicit
3455 1399 3543 1443 ta-

1973 1507 2096 1549 men
2148 1503 2207 1544 ut
2253 1488 2470 1547 Filius:
2501 1507 2522 1540 ι
2564 1486 2686 1542 Νοιι
2742 1493 2967 1556 propter
3017 1499 3104 1546 me
3134 1484 3251 1538 haec
3279 1498 3408 1543 vos.
3445 1482 3544 1535 sed

1971 1589 2196 1652 prepter
2227 1595 2326 1636 vos
2363 1578 2506 1635 facta
2541 1588 2646 1634 est.
2693 1595 2714 1630 ι
2756 1577 2968 1648 Quippe
2990 1583 3221 1632 noverat
3256 1573 3542 1630 Geuitoris

1975 1673 2332 1736 voluntatem,
2356 1670 2463 1726 etsi
2510 1669 2651 1724 nihil
2700 1669 2924 1723 locutus
2966 1675 3114 1724 esset
3150 1684 3164 1722 :
3197 1663 3546 1736 quandoqui-

1974 1764 2096 1820 dem
2123 1771 2321 1820 eratet
2359 1770 2445 1818 est
2471 1761 2651 1822 Putris
2689 1762 2963 1830 sapientia
3004 1773 3070 1818 se
3099 1758 3366 1821 Verbum.
3407 1756 3546 1811 Pro-

294 1861 451 1926 Θεοῦ,
475 1861 535 1915 ὂν
561 1856 700 1913 οῐδεν
723 1860 850 1913 δντα
887 1858 1044 1927 φύσει
1072 1855 1248 1928 ἐαυτῷ
1279 1856 1405 1910 Υίδν
1428 1857 1457 1912 ὁ
1479 1856 1689 1924 Πατήρ.
1707 1852 1869 1920 Λέγει

1980 1864 2092 1925 pter
2120 1871 2220 1910 vos
2247 1869 2402 1924 ergo,
2430 1855 2527 1920 ait,
2565 1855 2705 1909 facta
2737 1863 2824 1909 est
2852 1869 2982 1917 vos,
3031 1861 3092 1907 ut
3134 1851 3420 1921 accipiatis
3459 1864 3547 1904 me

300 1953 397 2024 μὲν
426 1947 520 2007 οὖν
542 1953 571 2005 6
596 1951 800 2022 Κύριος
821 1951 902 2004 ὅτι
927 1949 1154 2017 γέγονεν
1185 1950 1218 2020 ἡ
1249 1947 1422 2017 φωνὴ,
1449 1947 1511 1999 οὐ
1547 1946 1652 2017 μὴν
1702 1960 1872 2016 προσ-

294 2045 506 2114 τίθησιν
545 2045 628 2097 ὅτι
671 2041 766 2095 τοῦ
794 2039 1007 2112 Πατρὶς
1028 2036 1116 2110 ἦν,
1138 2039 1172 2111 ἢ
1197 2038 1313 2102 πῶς
1332 2038 1555 2106 γέγονεν
1581 2055 1595 2069 ο
1625 2034 1871 2106 ἔστιγὰρ

298 2135 549 2206 περιττὸν
596 2134 774 2187 τοῦτο.
801 2133 949 2204 Πλὴν
985 2129 1416 2201 ἐπιμαρτύρεται
1450 2129 1531 2186 ὅτι
1568 2127 1662 2182 καὶ
1689 2127 1872 2197 φωνὴν

300 2226 628 2287 ἀκούσαντες
655 2224 713 2291 ἐξ
747 2222 999 2295 οὐρανοῦ,
1051 2221 1207 2276 οὐδὲν
1254 2217 1417 2292 ἦττον
1468 2219 1758 2290 ἐπέμειναν
1802 2219 1870 2290 τῇ

304 2313 514 2368 ἑαυτῶν
550 2313 853 2384 δυσσεϐεία.

382 2490 516 2545 Νῦν
557 2487 755 2560 κρίσις
804 2489 936 2550 ἐστὶ
981 2487 1085 2543 τοῦ
1124 2488 1357 2557 κόσμου
1399 2488 1638 2553 τούτου,
1683 2488 1778 2540 καὶ
1807 2487 1875 2541 τὰ

308 2582 457 2653 ἑξῆς.

377 2676 490 2746 Τῆς
519 2673 612 2727 τοῦ
647 2675 896 2744 Σωτῆρος
946 2671 1239 2743 ἐπιδημίας
1269 2671 1296 2724 ὁ
1337 2669 1662 2740 τριπόθητος
1693 2668 1876 2722 οὑτοσὶ

306 2768 518 2839 καιρὸς,
563 2765 845 2838 παροῦσαν
883 2766 982 2837 ἤδη
1015 2766 1112 2837 τὴν
1139 2767 1232 2818 ἐπὶ
1270 2768 1380 2828 τοῖς
1401 2764 1575 2818 ἔθνεσι
1605 2764 1784 2833 κρίσιν
1815 2780 1874 2816 τε

306 2861 400 2913 καὶ
451 2859 606 2929 δίκην
649 2857 950 2911 ἐδείκνυεν·
1008 2857 1230 2926 ἔμελλον
1285 2856 1392 2925 γὰρ
1442 2855 1876 2909 ἀπαλλάττεσθαι

305 2953 403 3024 τῆς
459 2950 553 3004 τοῦ
615 2950 859 3004 διαϐόλου
921 2948 1264 3016 πλεονεξίας,
1309 2949 1644 3020 δικαιότητος
1695 2948 1876 3009 αὐτοῖς

309 3045 673 3114 ἀπονέμοντος
716 3043 862 3107 ἔλεος
891 3043 983 3096 τοῦ
1017 3043 1166 3095 ὁσίου
1195 3059 1255 3096 τε
1288 3042 1382 3095 καὶ
1416 3041 1626 3095 δικαίου
1663 3038 1872 3110 κριτοῦ.

309 3137 384 3192 Ού
414 3138 523 3208 γὰρ
552 3137 736 3207 οῐομαι
779 3137 889 3190 δεῖν
917 3135 1126 3189 οἴεσθαι
1170 3135 1289 3189 νυνὶ
1319 3133 1739 3205 κατακρίνεσθαι
1780 3133 1874 3186 κό-
1904 3169 1952 3233 c

311 3246 465 3298 σμον,
487 3229 577 3282 ὅτε
620 3228 717 3282 τοῦ
760 3228 972 3282 δικαίου
1018 3227 1199 3298 παρῆν
1244 3229 1272 3280 6
1322 3227 1540 3298 καιρός
1588 3226 1704 3278 ἀλλ’
1734 3224 1878 3278 οὕτω

312 3322 429 3391 μὲν,
460 3322 650 3393 κόσμῳ
687 3321 866 3392 κρίσις
897 3320 1071 3384 ἐσται,
1109 3320 1252 3374 τοῦτ’
1295 3319 1440 3374 ἐστιν
1476 3319 1774 3390 ἐκδίκησις.
1816 3318 1877 3372 '0

307 3412 363 3465 δὲ
412 3411 596 3484 ἄρχων
645 3412 740 3466 τοῦ
801 3413 1010 3482 κόσμου
1055 3413 1245 3466 τούτου
1304 3411 1704 3483 ἐκϐληθήσεται
1752 3411 1876 3477 ἔξω.

314 3499 528 3562 Ἔσται,
560 3503 715 3572 φησὶ,
743 3501 885 3556 κατὰ
912 3501 1008 3554 τοῦ
1047 3501 1140 3555 τὸν
1177 3502 1379 3572 κόσμον
1406 3501 1728 3570 ἠδικηκότος
1760 3500 1882 3572 κρίο

312 3608 420 3657 σις,
455 3593 552 3645 καὶ
590 3591 711 3660 οὐχὶ
765 3591 909 3645 κατὰ
957 3589 1052 3643 τοῦ
1092 3591 1192 3660 τὴν
1242 3589 1458 3644 ἀδικίαν
1491 3590 1883 3659 ὑπομείναντος

312 3683 543 3752 κόσμου.
569 3683 683 3736 Καὶ
712 3682 841 3752 γὰρ,
871 3682 946 3744 ὡς
984 3682 1146 3744 αὐτὸς
1174 3685 1201 3734 ὁ
1228 3681 1462 3752 Χριστός
1494 3697 1680 3750 φησιν,
1716 3701 1734 3738 ι
1771 3681 1885 3735 Οὐκ

315 3771 639 3828 ἀπέστειλεν
681 3775 710 3826 6
758 3772 886 3836 Θεὸς
938 3773 1030 3826 τὸν
1074 3773 1201 3826 Υίὸν
1239 3771 1403 3828 αὑτοῦ
1463 3773 1551 3827 ἵνα
1586 3773 1747 3846 κρίνῃ
1797 3772 1887 3826 τὸν

318 3863 546 3932 κόσμον,
591 3862 706 3916 ἀλλ’
758 3862 846 3918 ἵνα
891 3861 1040 3932 σώσῃ
1073 3861 1165 3915 τὸν
1196 3862 1420 3932 κόσμον.
1455 3883 1474 3915 ι
1518 3863 1682 3934 Ὅρος
1709 3864 1887 3924 τοίνυν

318 3953 421 4022 τῆς
443 3951 748 4021 ἐνεστώσης
769 3952 922 4006 ἔσται
948 3952 1201 4022 κρίσεως,
1225 3952 1284 4006 τὸ
1312 3951 1636 4023 ἐκϐληθῆναι
1664 3953 1768 4019 ἔξω
1795 3955 1886 4008 τὸν

313 4045 549 4114 ἄρχοντα
589 4041 682 4096 τοῦ
714 4042 918 4112 κόσμου
963 4042 1174 4098 τούτου.
1219 4043 1573 4116 Ἐκόληθῆναι
1601 4045 1658 4098 δέ
1685 4046 1882 4112 πόθενς

311 4130 348 4204 ἦ
378 4133 621 4204 δηλονότι
663 4133 762 4204 τῆς
802 4136 868 4189 ἐκ
913 4133 1032 4204 βίας
1073 4133 1221 4204 αὐτῷ
1266 4137 1674 4208 πεπυρωμένης
1710 4140 1886 4212 ἀρχῆς

313 4226 532 4296 καὶτῆς
561 4227 860 4295 οὐδαμόθεν
889 4229 1274 4298 προσηκούσης
1307 4227 1600 4297 βασιλείας,

382 4318 556 4387 Κάγὼ
585 4319 696 4372 ἐὰν
720 4317 938 4387 ὑψωθῶ
961 4319 1030 4374 ἐκ
1068 4319 1178 4388 τῆς
1213 4319 1348 4391 τῆς,
1371 4321 1612 4376 ἑλκύσω
1651 4321 1889 4395 ,πάντας

313 4405 465 4474 πρὸς
491 4406 773 4474 ἐμαυτόν.

1971 1957 2234 2019 tanquam
2278 1946 2472 2001 Filium
2511 1945 2627 2010 Dei,
2661 1961 2828 2016 quem
2872 1945 2982 2000 scit
3008 1943 3174 2002 Pater
3209 1941 3315 1998 sibi
3352 1949 3546 1995 natura

1973 2050 2095 2092 esse
2141 2033 2358 2088 Filium.
2405 2033 2546 2088 Dicit
2578 2033 2802 2103 quidem
2861 2031 3130 2087 Dominus
3175 2031 3376 2086 factam
3422 2044 3549 2084 esse

1972 2143 2184 2194 vocem,
2218 2128 2311 2184 sed
2351 2143 2462 2182 non
2495 2126 2687 2196 adjicit
2735 2125 2915 2179 Patris
2959 2139 3103 2188 esse,
3140 2138 3238 2178 nec
3273 2121 3548 2192 quomodo

1973 2219 2119 2274 facta
2169 2219 2260 2283 sit,
2306 2219 2564 2288 quoniam
2611 2216 2663 2271 id
2705 2229 3198 2285 supervacaneum.
3237 2213 3397 2284 707
3435 2211 3568 2267 Sed-

1974 2320 2030 2366 et
2058 2317 2397 2380 protestatur
2416 2309 2561 2380 quod
2586 2307 2776 2362 audita
2801 2306 2965 2362 etiam
2984 2321 3015 2361 ο
3037 2307 3180 2359 otelo
3199 2319 3334 2359 voce
3350 2303 3549 2358 nihilo-

1975 2403 2158 2459 secius
2193 2403 2246 2456 in
2276 2417 2374 2458 sua
2412 2401 2692 2471 impietate
2729 2397 3160 2469 permanserint.

2044 2492 2163 2559 XII,
2199 2494 2288 2549 5i.
2327 2491 2486 2546 Nunc
2517 2490 2785 2560 judicium
2813 2497 2891 2544 est
2919 2487 3125 2552 "tuadi,
3152 2493 3262 2541 etc.

2050 2671 2591 2729 Desideratissimum
2649 2669 2752 2724 hoc
2787 2668 3058 2724 adventus
3086 2665 3397 2722 Serva-toris
3448 2679 3552 2719 no-

1978 2765 2082 2828 stri
2123 2773 2359 2834 tempus,
2401 2764 2513 2832 jam
2547 2762 2739 2817 adesse
2789 2759 3060 2830 judicium
3088 2768 3144 2814 et
3174 2757 3443 2826 iustitiam
3495 2757 3550 2811 in

1979 2857 2236 2926 gentibus
2264 2855 2613 2917 ostendebat,
2644 2853 2848 2924 quippe
2900 2866 3027 2906 cum
3063 2867 3092 2904 a
3139 2850 3346 2905 diaboli
3388 2864 3555 2919 rapa-

1979 2948 2146 3004 citate
2169 2945 2508 3001 vindicanda:
2545 2945 2745 3008 forent,
2778 2943 3056 2998 tribuente
3093 2943 3202 2997 illis
3239 2942 3555 2998 misericor-

1979 3040 2124 3095 diam
2161 3039 2338 3093 sancti
2371 3049 2424 3092 et
2446 3037 2583 3106 justi
2628 3035 2835 3105 judicis
2870 3036 3144 3104 arquitate.
3170 3033 3356 3104 Neque
3381 3033 3552 3098 enim,

1981 3129 2198 3200 Opinor,
2229 3127 2654 3182 existimandum
2709 3134 2795 3182 est
2833 3140 2978 3181 nunc
3009 3124 3363 3180 condemnari
3397 3140 3557 3178 mun-

1986 3223 2136 3287 dum,
2169 3235 2293 3276 cum
2349 3219 2576 3288 iustitia:
2608 3226 2825 3287 tempus
2864 3217 3042 3282 adest,
3081 3215 3176 3271 sed
3209 3215 3292 3270 sic
3331 3213 3552 3284 quidem

1983 3314 2190 3370 mundo
2229 3313 2334 3368 erit
2371 3309 2664 3384 judicium,
2709 3325 2905 3379 nempe
2941 3307 3268 3364 vindicatio.
3292 3305 3555 3375 Princeps

1982 3421 2114 3460 vero
2143 3404 2308 3474 hujus
2343 3401 2531 3457 mundi
2557 3400 2808 3471 ejicietur
2843 3407 3018 3456 extra.
3067 3398 3204 3464 Erit,
3237 3397 3435 3468 inquit,
3463 3396 3557 3466 ju—

1985 3497 2187 3553 dicium
2214 3494 2480 3552 adversus
2503 3508 2626 3548 eum
2658 3492 2753 3562 qui
2790 3491 3054 3546 mundum
3081 3489 3324 3551 violavit,
3355 3497 3411 3544 et
3443 3503 3554 3549 non

1984 3589 2251 3645 adversus
2279 3586 2565 3648 mundum,
2589 3583 2683 3653 qui
2719 3581 2975 3652 injuriam
3000 3587 3055 3636 et
3078 3580 3401 3649 iniustitiam
3433 3594 3559 3648 per-

1985 3680 2130 3738 tulit.
2179 3677 2418 3744 Etenim,
2471 3686 2532 3732 ut
2576 3677 2696 3748 ipse
2748 3675 3002 3731 Christus
3052 3675 3148 3738 ait,
3185 3693 3205 3726 ι
3236 3672 3355 3728 Non
3405 3673 3556 3728 misit

1986 3769 2130 3831 Deus
2156 3768 2352 3824 Filium
2402 3783 2588 3834 suum,
2615 3776 2674 3823 ut
2705 3765 2972 3822 mundum
3013 3765 3312 3836 judicent,
3359 3764 3454 3821 sed
3494 3774 3557 3819 ut

1986 3861 2247 3918 mundum
2312 3867 2560 3916 servaret
2591 3858 2658 3913 “.
2699 3878 2718 3912 ι
2763 3857 3057 3916 Terminus
3115 3871 3248 3929 ergo
3299 3855 3558 3912 instantis

1983 3955 2176 4025 judicii
2234 3954 2364 4016 erit,
2418 3961 2478 4008 ut
2537 3952 2797 4022 ejiciatur
2867 3951 3015 4006 foras
3081 3951 3339 4022 princeps
3392 3949 3558 4018 hujus

1990 4045 2200 4105 mundi.
2228 4045 2384 4103 Unde
2426 4061 2560 4102 vero
2604 4045 2896 4115 ejiciatur?
2938 4061 3134 4116 nempe
3165 4059 3198 4100 e
3247 4044 3556 4114 principatu

1991 4156 2088 4210 per
2117 4140 2226 4201 vim
2261 4151 2439 4210 parto,
2479 4148 2534 4196 et
2580 4155 2611 4195 e
2657 4155 2826 4212 regno
2858 4140 3010 4194 nullo
3045 4137 3211 4194 modo
3259 4137 3325 4192 ad
3376 4137 3556 4208 ipsum

1987 4233 2315 4303 pertinente.

2059 4321 2172 4388 XII,
2205 4325 2294 4379 52.
2326 4323 2389 4377 Et
2413 4341 2508 4394 ego
2541 4328 2586 4378 si
2613 4325 2882 4378 exaltalus
2917 4324 3070 4391 fuere
3093 4340 3120 4377 e
3147 4333 3310 4390 terra,
3347 4321 3560 4376 traham

1989 4429 2163 4472 cernes
2193 4413 2260 4468 ad
2291 4430 2394 4467 me.

387 4498 648 4552 Τουτιίστι
673 4498 778 4569 (I),
815 4499 889 4570 μὴ
921 4499 987 4571 δὴ
1018 4500 1268 4572 κωλύσῃς
1297 4502 1440 4556 ίόντα
1469 4501 1606 4572 πρὸς
1632 4501 1879 4567 θάνατον,

2058 4506 2203 4560 Cave
2231 4521 2298 4560 ne
2329 4521 2415 4559 me
2452 4506 2746 4575 prohibeas
2785 4505 2852 4559 ad
2880 4513 3111 4560 mortem
3149 4504 3412 4571 tendere;
3449 4503 3555 4556 imc

315 4585 454 4640 ἀλλὰ
499 4583 929 4655 συγκατάνευσον
982 4589 1072 4648 διὰ
1112 4591 1173 4649 τὸ
1212 4593 1344 4648 πᾶσι
1396 4593 1694 4656 λυσιτελές.
1747 4594 1889 4658 Δόξα

316 4678 424 4745 γάρ
453 4678 690 4748 Χριστοῦ
737 4681 764 4732 6
810 4680 1061 4752 σταυρός.
1109 4680 1399 4747 Δοξάζεται
1445 4684 1502 4738 δὲ
1545 4687 1638 4738 καὶ
1675 4687 1886 4756 Πατὴρ,

317 4769 446 4821 ὅταν
487 4768 742 4839 φαίνηται
784 4771 1027 4824 τοιοῦτον
1063 4771 1202 4841 ἔχων
1247 4774 1338 4827 τὸν
1366 4774 1423 4842 ἐξ
1449 4777 1644 4830 ἑαυτοῦ
1672 4778 1887 4832 ὁποῖὸσ-

317 4876 423 4929 περ
444 4860 707 4931 ὑπάρχειν
736 4862 899 4925 αὐτὸς
927 4863 1252 4918 ύπονοεῐται.
1282 4866 1437 4918 Ἐστι
1467 4868 1524 4920 δὲ
1559 4869 1760 4937 ἀγαθὸς
1793 4873 1888 4923 καὶ

317 4951 718 5022 φιλάνθρωπος,
748 4952 883 5022 φῶς,
921 4955 1013 5008 καὶ
1045 4955 1178 5025 ζωὴ,
1206 4957 1300 5010 καὶ
1326 4958 1531 5030 φθορᾶς
1557 4961 1813 5032 ἀμείνων.

389 5124 626 5196 Χριστοῦ
667 5125 851 5196 μέντοι
889 5126 1176 5191 δεδωκότος
1209 5127 1399 5183 ἑαυτὸν
1426 5127 1505 5200 τῷ
1538 5132 1712 5204 Ila-cpi
1749 5133 1888 5206 ὑπὲρ

315 5215 417 5286 τῆς
465 5217 622 5288 ἡμῶν
677 5219 950 5288 σωτηρίας
1000 5218 1074 5283 ὡς
1116 5220 1345 5291 ἄμωμον
1382 5222 1606 5292 ἱερεῖον,
1651 5227 1744 5278 καὶ
1795 5228 1893 5292 τὰς

319 5307 461 5378 ὑπὲρ
493 5309 650 5378 ἡμῶν
683 5312 966 5381 μονονουχὶ
995 5311 1150 5375 δίκας
1182 5311 1474 5375 τιννύντος,
1509 5313 1891 5390 ἐλυτρώθημεν

315 5397 430 5452 τῶν
460 5399 554 5467 τῆς
585 5401 854 5473 ἁμαρτίας
890 5404 1273 5476 ἐγκλημάτων.
1306 5406 1416 5458 Καὶ
1441 5405 1505 5475 δὴ
1533 5407 1622 5460 ὅτε
1647 5411 1676 5462 ό
1701 5409 1802 5482 θὴρ
1828 5415 1891 5466 ὲκ

320 5489 493 5561 μέσου
518 5489 725 5558 γέγονε,
767 5496 860 5548 καὶ
898 5494 1178 5566 καθῃρέθη
1222 5498 1249 5549 6
1292 5497 1590 5568 τύραννος,“
1620 5501 1740 5554 τότε
1770 5505 1889 5571 ἄγει

397 5625 446 5660 ³⁵
481 5624 638 5684 Joan.
676 5645 786 5695 xu,
826 5631 914 5685 i7.

1993 4599 2177 4668 potius
2225 4598 2514 4662 assentire,
2558 4608 2782 4666 propter
2831 4598 3196 4651 universalem
3242 4596 3557 4650 utilitatem.

1995 4690 2204 4746 Etenim
2243 4689 2416 4759 gloria
2447 4687 2650 4748 Christi
2695 4703 2830 4744 crux
2869 4696 2976 4742 est.
3018 4687 3373 4742 Glorilicatur
3407 4699 3563 4753 teque

1995 4781 2190 4846 Pater,
2238 4795 2363 4834 cum
2426 4780 2588 4834 talem
2657 4778 2857 4832 habere
2917 4777 3114 4831 Filium
3177 4775 3560 4844 cognoscitur,

1993 4872 2172 4942 qualis
2215 4871 2446 4940 ipsemet
2474 4884 2596 4925 esse
2627 4869 2890 4924 creditur.
2921 4867 3016 4923 Est
3057 4876 3238 4921 autem
3277 4866 3473 4925 bonus,
3509 4874 3563 4915 et

1993 4963 2275 5018 hominum
2317 4969 2550 5026 amator,
2583 4961 2852 5027 lux,vita,
2877 4969 2930 5015 et
2964 4959 3208 5030 cujusvis
3242 4954 3565 5024 corruptelae

1998 5053 2279 5109 immunis.

2067 5145 2202 5198 Cum
2255 5144 2420 5214 igitur
2462 5142 2718 5199 Christus
2771 5142 3010 5212 seipsum
3042 5138 3191 5193 Patri
3228 5151 3326 5206 pro
3372 5141 3566 5189 nostra

1993 5238 2235 5292 omnium
2287 5237 2462 5292 salute
2512 5237 2726 5292 dederit
2751 5235 2900 5290 velut
2956 5229 3365 5285 immaculatum
3409 5226 3565 5280 victi-

1995 5344 2162 5394 mam,
2188 5344 2251 5382 ac
2284 5344 2382 5399 pro
2416 5329 2575 5384 nobis
2602 5342 2791 5398 punias
2819 5319 3212 5395 propemodum
3242 5317 3566 5380 exsolverit,

1994 5433 2022 5472 a
2057 5419 2264 5489 peccati
2312 5419 2541 5474 crimine
2577 5417 2794 5472 liberati
2829 5424 3044 5469 sumus.
3081 5408 3147 5462 Et
3187 5408 3404 5479 quidem
3437 5421 3566 5459 cum

1994 5513 2105 5566 fera
2148 5510 2215 5565 dc
2253 5510 2430 5565 medio
2460 5510 2677 5566 sublata
2713 5514 2816 5571 est,
2847 5519 2910 5558 ac
2955 5501 3238 5566 confectus
3270 5509 3566 5572 tyrannus,

395 5758 469 5827 (1)
503 5764 779 5818 Τουτέστι
807 5813 816 5821 .
845 5810 856 5822 .
888 5807 900 5822 .
929 5808 942 5836 ,
967 5769 1243 5836 ἀμείνων.
1276 5766 1348 5820 Ex
1373 5775 1561 5823 catena
1586 5769 1864 5838 Vaticana,

1987 5817 1996 5828 .
2039 5777 2153 5837 156,
2186 5791 2268 5835 at).
2299 5775 2398 5830 Mai
2431 5779 2465 5831 l.
2501 5779 2530 5830 l.
