4106 6262
555 338 623 392 95
1541 345 1598 400 ς.
1634 342 1918 402 CYIIILLI
1944 342 2411 400 ALEXANDRINI
2450 340 2771 398 ARCIIIEP.
3725 337 3796 393 96

555 461 687 507 tunc
713 456 778 510 ad
810 460 1050 530 seipsum
1085 460 1305 514 adducit
1333 460 1586 517 Christus
1629 462 1912 518 hominum
1943 480 2098 535 genus

2221 461 2354 532 πρὸς
2387 459 2578 513 ἐαυτὸν
2611 462 2639 512 6
2692 455 2928 528 Χριστὸς
2957 454 3018 508 τὸ
3068 454 3453 531 ἀποπλανηθέν
3491 454 3677 523 γένος,
3728 457 3794 510 οὐ

553 545 700 612 quod
742 547 1109 614 deerraverat,
1139 565 1247 604 non
1281 553 1455 605 solum
1493 552 1734 619 Judeeos,
1757 557 1851 611 sed
1891 564 1945 610 et
1992 557 2117 610 uni-

557 649 744 692 versos
783 641 1037 696 mortales
1075 641 1141 694 ad
1173 641 1403 696 salutem
1448 658 1544 713 per
1572 643 1731 700 ﬁdem
1763 647 1819 701 in
1870 663 1994 701 eum
2021 664 2118 702 vo-

555 741 710 783 cans.
743 726 1002 786 Partialis
1040 733 1183 786 enim
1217 748 1314 803 per
1348 735 1519 802 legem
1555 737 1788 802 vocatio,
1818 746 1873 790 at
1905 740 2118 794 univer-

554 818 686 872 salis
729 833 824 888 per
855 821 1133 877 Christum
1163 840 1176 874 :
1205 825 1408 895 quippe
1460 828 1611 883 solus
1636 830 1891 886 Christus
1938 841 2117 901 potest

554 919 808 978 tanquam
855 909 998 967 Deus
1037 915 1200 970 nobis
1235 916 1378 970 bona
1417 919 1602 973 omnia
1651 921 1969 976 conciliare.
2004 922 2114 974 En-

553 999 778 1067 phemim
809 1018 936 1057 vero
975 1019 1143 1059 causa
1182 1021 1280 1075 pro
1307 1009 1616 1078 cruciﬁxum
1645 1027 1789 1077 esse,
1818 1013 2113 1066 exaltatum

549 1105 672 1144 esse
703 1091 860 1147 dixit.
885 1092 1020 1148 Nam
1051 1095 1251 1150 caedem
1283 1099 1620 1166 spirantibus
1647 1117 1712 1155 ac
1745 1104 2113 1172 sanguinariis

547 1183 824 1238 occultum
866 1200 992 1242 esse
1021 1187 1237 1242 volebat
1271 1193 1613 1260 mysterium,
1637 1193 1785 1262 quod
1820 1196 1966 1249 scire
2004 1212 2111 1250 non

547 1275 936 1330 merebantur:
960 1280 1201 1335 conlatis
1237 1296 1366 1336 vero
1398 1290 1452 1336 et
1486 1285 1777 1353 sagacibus
1804 1286 2112 1356 intelligen-

545 1364 674 1420 dum
701 1369 1062 1439 relinquebat,
1084 1387 1142 1427 se
1171 1383 1392 1443 propter
1417 1389 1629 1442 omnes,
1653 1386 1702 1432 et
1728 1393 1830 1446 pro
1857 1379 2112 1435 omnibus

545 1471 858 1526 passurum.
898 1462 1118 1532 Alioqui
1157 1465 1325 1519 etiam
1355 1465 1627 1535 quispiam
1683 1469 1876 1523 merito
1908 1470 2111 1525 dixerit

544 1551 922 1607 celsitudinem
955 1569 1079 1609 esse
1111 1556 1179 1610 de
1227 1557 1401 1626 gloria
1449 1566 1502 1612 et
1558 1559 1767 1614 honore
1808 1569 2107 1630 acceptam,

544 1647 775 1695 mortem
808 1643 1012 1698 crucis.
1040 1642 1274 1712 Pr0pter
1295 1645 1398 1699 hoc
1424 1646 1568 1700 enim
1599 1649 1937 1718 gloriﬁcatur
1956 1649 2110 1703 Chri-

543 1739 688 1793 stus,
720 1731 909 1786 multis
937 1732 1101 1802 708
1144 1732 1469 1788 humanitati
1515 1751 1607 1804 per
1659 1737 1710 1791 id
1753 1738 1914 1794 bonis
1956 1755 2107 1793 COIII-

2223 554 2382 623 μόνον
2417 550 2724 613 Ἰουδαίους,
2759 548 2896 602 ἀλλά
2922 547 3015 601 καὶ
3046 547 3254 610 πάντας
3291 546 3612 618 ἀνθρώπους
3657 547 3796 617 πρὸς

2220 641 2492 712 σωτηρίαν
2525 639 2704 694 καλῶν
2735 637 2822 691 διὰ
2845 637 2945 706 τῆς
2981 637 3062 699 είς
3087 636 3251 689 αὐτὸν
3283 636 3538 699 πίστεως.
3575 635 3792 706 Μερικὴ

2216 731 2326 800 γὰρ
2351 731 2384 800 ἡ
2412 729 2498 782 διὰ
2533 729 2627 781 τοῦ
2673 727 2840 797 νόμου
2888 725 3099 794 κλῆσις,
3137 725 3328 796 γενικὴ
3371 725 3428 778 δέ
3459 728 3493 796 ὴ
3530 725 3618 778 διὰ
3658 727 3796 795 Χριο

2217 823 2376 875 στούο
2427 821 2588 892 μόνος
2638 820 2746 890 γὰρ
2775 822 2804 872 6
2858 819 3091 889 Χριστὸς
3141 818 3367 882 δυνατὸς
3411 814 3480 889 ἦν
3537 817 3611 882 ὡς
3656 817 3791 880 Θεὸς

2215 913 2392 966 πάντα
2443 914 2573 983 ἡμῖν
2628 911 2962 982 προξενῆσαι
3015 910 3085 964 τὰ
3152 909 3358 978 ἀγαθά.
3408 911 3684 980 Εὐφήμως
3731 908 3790 962 δὲ

2214 1001 2352 1065 λίαν,
2397 1002 2519 1056 ἀντῖ⁹
2550 1000 2646 1054 τοῦ
2699 999 3120 1069 σταυρωθῆναι
3157 1000 3218 1054 τὸ
3260 999 3578 1069 ὑψωθῆναι
3629 1016 3786 1069 φησι.

2215 1093 2338 1154 Τοῖς
2371 1092 2469 1162 μὲν
2495 1091 2602 1162 γὰρ
2637 1090 2875 1159 φονῶσιν
2918 1089 3242 1161 ἀσυμφανές
3278 1091 3464 1160 ἐτήρει
3489 1089 3547 1143 τὸ
3580 1089 3787 1160 μυστή-

2217 1199 2328 1251 ριον
2348 1200 2361 1213 ·
2383 1184 2444 1235 ού
2473 1183 2580 1254 γὰρ
2603 1177 2745 1252 ἦσαν
2775 1181 2913 1246 ἄξιοι
2943 1181 3136 1252 μαθεῖν
3153 1198 3174 1215 κ
3195 1183 3309 1244 τοῖς
3329 1198 3390 1249 γε
3417 1181 3523 1251 μὴν
3543 1196 3791 1249 νουνεχε-

2215 1274 2424 1344 στέροις
2452 1274 2624 1343 ἐφῆκε
2651 1273 2792 1326 νοεῖν
2815 1275 2897 1326 ὅτι
2927 1273 3015 1324 διὰ
3047 1272 3257 1336 πάντας
3284 1272 3378 1325 καὶ
3405 1272 3542 1342 ὑπὲρ
3566 1270 3790 1326 πάντων

2213 1361 2482 1416 πείσεται.
2513 1361 2651 1413 Ἀλλ’
2691 1360 2830 1414 ὥστε
2858 1361 2994 1433 φαίη
3023 1379 3105 1426 τις
3139 1361 3224 1425 ἂν,
3254 1357 3430 1432 οἶμαι,
3451 1361 3543 1414 καὶ
3575 1361 3787 1432 σφόδρα

2211 1452 2408 1519 καλῶς,
2441 1452 2573 1522 ὕψος
2606 1448 2826 1507 εἶναιτὸ
2853 1454 2947 1508 ἐπὶ
2977 1453 3198 1525 εὐκλείᾳ
3236 1455 3330 1507 καὶ
3369 1453 3495 1524 δόξῃ
3545 1453 3778 1523 νοούμε-

2209 1561 2320 1612 νον,
2343 1545 2435 1597 τὸν
2473 1546 2566 1597 ἐπὶ⁹
2601 1543 2678 1614 τῷ
2704 1545 2925 1614 σταυρῷ
2958 1545 3210 1600 θάνατον.
3230 1543 3520 1609 Δοξάζεται
3549 1545 3657 1613 γὰρ
3690 1545 3790 1596 καὶ

2207 1635 2296 1688 διὰ
2321 1635 2476 1688 τοῦτο
2497 1635 2756 1707 Χριστὸς,
2792 1637 2963 1691 πολλὰ
2985 1639 3051 1707 τῇ
3088 1634 3462 1705 ἀνθρωπότητι
3484 1635 3569 1688 διὰ
3589 1634 3788 1688 τούτου

2210 1725 2546 1798 προξενήσεις
2576 1726 2645 1780 τὰ
2695 1728 2896 1797 ἀγαθά,
2945 1727 3012 1781 δι’
3054 1723 3130 1781 ὦν
3181 1726 3328 1780 ἕλκει
3373 1725 3510 1797 πρὸς
3559 1727 3783 1778 ἑαυτόν·

542 1818 770 1887 paratis,
791 1835 885 1890 per
901 1835 1022 1890 qua:
1049 1821 1115 1875 ad
1145 1821 1387 1892 seipsum
1414 1825 1601 1886 trahit.
1625 1835 1677 1881 et
1711 1844 1819 1883 non
1847 1831 2098 1898 quemad-

2207 1816 2300 1868 καὶ
2325 1817 2384 1868 οὐ
2437 1816 2691 1888 καθάπερ
2735 1819 2784 1870 οἱ
2828 1817 3104 1888 μαθηταὶ,
3145 1817 3314 1888 ἑτέρῳ
3354 1816 3638 1888 προσάγει.
3664 1816 3789 1867 Δεί-

542 1909 761 1965 modum
808 1912 1088 1984 discipuli,
1129 1914 1197 1967 ad
1247 1916 1416 1970 alium
1464 1917 1635 1974 ducit.
1676 1920 1813 1991 Ergo
1862 1923 2103 1992 seipsum

540 2014 688 2056 nunc
736 2017 861 2057 vere
911 2013 1105 2060 natura
1157 2021 1280 2061 esse
1313 2006 1478 2062 Deum
1514 2011 1774 2075 ostendit,
1807 2029 1876 2069 ne
1922 2023 2101 2071 tamen

540 2088 754 2146 Patrem
786 2095 1052 2148 excludit.
1078 2095 1212 2148 Nam
1238 2112 1337 2165 per
1370 2096 1564 2154 Filium
1600 2102 1667 2156 ad
1697 2102 1878 2160 Patris
1907 2109 2101 2177 cogni-

535 2182 736 2236 tionem
769 2185 892 2254 quis
931 2187 1186 2246 trahitur.

603 2271 715 2337 XII,
748 2275 835 2329 53.
872 2275 986 2331 Hoc
1039 2296 1157 2335 vero
1196 2282 1422 2351 dicebat,
1456 2283 1761 2355 signiﬁcans
1792 2305 1897 2358 qua
1931 2304 2102 2346 morte

531 2373 666 2418 esset
695 2367 1008 2423 moriturus.

608 2453 710 2508 Per
733 2454 849 2510 haec
894 2459 1138 2515 ostendit
1175 2464 1507 2536 evangelista
1552 2465 1839 2523 Dominum
1875 2486 2097 2539 passum

531 2559 661 2599 esse
705 2561 811 2600 non
851 2563 918 2603 ex
960 2549 1261 2620 improviso
1305 2563 1359 2609 et
1408 2555 1804 2628 inexspectato,
1841 2562 1933 2616 sed
1972 2579 2102 2631 pru-

533 2634 752 2689 dentem
811 2647 868 2693 et
931 2642 1218 2708 scientem,
1272 2646 1676 2717 volentemque,
1735 2666 1834 2705 nec
1887 2662 2098 2707 tantum

533 2744 765 2794 ullarum
805 2746 866 2787 se
923 2737 1274 2805 moriturum,
1335 2741 1429 2797 sed
1490 2758 1600 2812 quo
1656 2743 1821 2796 etiam
1879 2746 2093 2800 modo:

532 2833 763 2876 mortem
809 2839 942 2880 vero
971 2830 1266 2897 appellavit
1297 2848 1418 2902 qua:
1442 2840 1525 2886 est
1555 2843 1900 2887 sanctorum.

605 2911 717 2978 XII,
747 2915 836 2970 35.
868 2918 1054 2974 Adhuc
1089 2923 1278 2992 exiguo
1337 2933 1563 2989 tempore
1609 2924 1783 2978 [unum
1833 2925 2097 2980 vobiscum

526 3013 626 3059 est.

604 3094 857 3154 Christus
886 3116 994 3155 non
1025 3102 1253 3172 exponit
1283 3103 1522 3159 dilucide
1551 3103 1754 3161 Iudaeis
1786 3109 1952 3161 altum
1986 3123 2095 3162 ser-

527 3189 708 3244 monis
753 3194 1094 3262 mysterium.
1124 3202 1312 3262 utpote
1361 3195 1598 3264 stupidis
1653 3198 2092 3269 inﬁdelibnsquc,

527 3279 624 3335 sed
662 3280 727 3334 ad
757 3281 903 3335 aliud
952 3283 1150 3336 transit
1177 3283 1361 3338 statim
1397 3287 1540 3353 quod
1575 3302 1604 3341 e
1627 3303 1684 3341 re
1708 3289 1953 3357 ipsorum
1989 3300 2092 3357 est,

526 3372 816 3428 declamas
843 3381 898 3428 et
933 3374 1186 3442 aperiens
1215 3389 1436 3428 causam
1473 3380 1828 3446 quamobrem
1862 3397 1924 3435 ea
1973 3399 2095 3452 qua:

528 3461 835 3533 Scripturis
876 3465 1241 3518 continentur
1287 3467 1430 3520 haud
1482 3471 1805 3540 percipiant,
1835 3475 1974 3528 adeo
2011 3487 2090 3540 ut,

525 3554 632 3608 nisi
657 3555 706 3610 ei
737 3553 1096 3617 crediderint,
1124 3556 1216 3624 qui
1262 3558 1489 3613 omnino
1524 3561 1612 3615 lux
1648 3571 1755 3625 est,
1782 3573 1901 3618 atra
1940 3568 2092 3636 igno-

525 3646 721 3701 rantiae
783 3645 929 3699 nube
983 3647 1444 3722 tcnebrarumque
1490 3655 1726 3725 caligine
1782 3657 2090 3714 involvendi

525 3736 658 3796 sint,
705 3751 918 3790 necnon
966 3737 1106 3794 lucis
1145 3740 1303 3798 bonis
1365 3759 1430 3798 ac
1485 3748 1790 3804 commodis
1829 3754 2088 3806 exuendi.

525 3825 679 3890 Quod
707 3825 853 3878 enim
877 3827 1074 3882 attinet
1105 3830 1172 3883 ad
1199 3830 1562 3900 Scripturam,
1587 3843 1849 3906 tanquam
1883 3841 2090 3904 lumen,

523 3915 778 3970 Messiam
834 3919 1261 3988 exspectabant.
1305 3919 1602 3992 Postquam
1657 3936 1839 3980 autem
1907 3931 2090 3994 venit,

527 4023 652 4078 spes
675 4007 758 4063 eis
789 4008 843 4063 in
877 4011 1220 4065 contrarium
1257 4013 1456 4068 cecidit
1484 4034 1497 4068 :
1521 4027 1917 4084 Oppresseraut
1945 4022 2090 4076 enim

521 4114 620 4155 eos
643 4100 880 4156 tenebm
906 4101 977 4157 ob
1012 4103 1419 4160 inﬁdelitatem.
1454 4105 1788 4177 Resipiscite
1819 4126 1968 4180 ergo,
1995 4116 2090 4180 ait,

523 4194 953 4264 quamprimum,
979 4197 1155 4253 donec
1181 4198 1361 4252 adhuc
1384 4202 1804 4267 superestvobis
1837 4206 2091 4276 exiguum

525 4284 654 4354 quid
705 4289 970 4356 temporis
1021 4288 1088 4343 ad
1127 4289 1376 4344 divinum
1434 4293 1618 4347 lumen
1680 4292 1990 4362 fruendum,
2024 4314 2092 4355 ne

523 4389 618 4430 vos
647 4379 857 4446 peccati
909 4377 1132 4449 obteget
1168 4379 1368 4450 caligo.
1410 4381 1576 4436 Recte
1609 4398 1737 4438 vero
1784 4384 1919 4442 dicit
1965 4397 2092 4457 post

2210 1923 2365 1961 κνυσι
2411 1907 2506 1961 νῦν
2541 1909 2732 1962 ἐαυτὸν
2760 1909 2888 1962 ὅντα
2927 1908 3085 1978 φύσει
3122 1908 3283 1976 Θεὸν,
3319 1909 3418 1961 οὐκ
3452 1905 3557 1972 ἔξω
3610 1906 3786 1971 τιθεὶς

2206 1997 2296 2050 τὸν
2325 1998 2562 2070 Πατέρα.
2604 1999 2704 2053 Διὰ
2748 2000 2854 2072 γὰρ
2884 1999 2978 2053 τοῦ
3015 1997 3148 2054 Υίοῢ
3191 1997 3405 2052 ἕλκεται
3444 2014 3528 2060 τις
3563 1996 3645 2060 είς
3679 1995 3786 2066 τὴν

2205 2088 2300 2144 τοῦ
2328 2089 2540 2162 Πατρὸς
2575 2089 2800 2159 γνῶσιν.

2277 2307 2458 2361 Τοῦτο
2477 2306 2545 2361 δὲ
2581 2307 2775 2375 ἔλεγε,
2810 2305 3125 2376 σημαίνων
3163 2307 3316 2372 ποίῳ
3343 2305 3575 2372 θανάτῳ
3599 2305 3780 2376 ἔμελ-

2199 2401 2314 2453 λεν
2339 2389 2770 2467 ἀποθνήσκειν.

2271 2491 2371 2543 Διά
2401 2490 2556 2543 τοῦτο
2585 2491 2784 2555 ἔδειξεν
2809 2492 2836 2543 6
2873 2489 3283 2562 εύαγγελιστὴς.
3312 2491 3393 2543 ὅτι
3421 2490 3521 2543 οὐκ
3557 2490 3780 2558 ἀγνοῶν

2200 2583 2399 2637 ἔπαθεν
2425 2585 2452 2636 6
2489 2583 2712 2653 Κύριος,
2743 2583 2856 2636 ἀλλ’
2900 2583 3039 2635 ἐκὼν
3083 2583 3178 2636 καὶ
3207 2581 3366 2645 εἰδὼς
3403 2584 3464 2636 ού
3498 2583 3654 2652 μόνον
3685 2583 3774 2635 ὅτι

2200 2675 2562 2747 ἀπέθνησκεν,
2617 2675 2752 2730 ἀλλά
2792 2679 2887 2730 καὶ
2925 2675 3061 2746 ποίῳ
3107 2675 3325 2746 τρόπῳο
3370 2675 3460 2728 τὸν
3504 2675 3674 2743 ἁγίων
3711 2675 3776 2728 δὲ

2199 2767 2450 2837 ὠνόμασε
2481 2765 2734 2821 θάνατον.

2270 2944 2391 2998 Ἕτι
2424 2943 2639 3015 μικρὸν
2663 2945 2888 3014 χρόνον
2913 2943 2982 2998 τὸ
3010 2921 3135 3012 556).;-
3157 2940 3287 3014 μεθ’
3314 2942 3479 3013 ὑμῶν
3502 2943 3654 2997 ἐστι.

2281 3102 2367 3166 Ὠς
2393 3101 2672 3165 ἀσυνέτοις
2698 3101 2792 3154 καὶ
2824 3102 3073 3164 ἀπίστοις
3097 3103 3208 3164 τοῖς
3250 3101 3542 3163 Ἰουδαίοις,
3576 3101 3638 3154 ού
3665 3118 3768 3152 κα·⁵

2196 3192 2410 3260 ταλέγει
2431 3191 2617 3262 σαφῶς
2647 3193 2676 3245 ό
2706 3193 2938 3264 Χριστὸς
2974 3194 3033 3247 τὸ
3065 3194 3198 3264 βαθὺ
3227 3194 3321 3247 τοῦ
3355 3192 3514 3257 λόγου
3559 3193 3766 3262 μυστή-

2197 3301 2332 3355 ριον,
2364 3283 2500 3337 ἀλλὰ
2532 3284 2666 3354 πρὸς
2692 3285 2878 3353 ἕτερον
2912 3285 3076 3356 πηδᾷ,
3103 3284 3238 3354 όμοῦ
3267 3284 3361 3337 καὶ
3390 3284 3450 3336 τὸ
3483 3283 3762 3352 ἐπωφελές

2195 3376 2374 3438 αὐτοῖς
2411 3375 2777 3446 ἐξηγούμενος
2811 3377 2904 3430 καὶ
2931 3377 3142 3440 δεικνὺς
3180 3375 3279 3447 τὴν
3305 3375 3481 3430 αἰτίαν
3507 3375 3572 3428 δι’
3601 3375 3669 3446 ἣν
3699 3377 3763 3428 οὺ

2193 3463 2374 3518 νοοῦσι
2401 3468 2470 3520 τὰ
2495 3467 2553 3519 ὲν
2573 3469 2693 3530 ταῖς
2713 3467 2977 3537 Γραφαῖς,
3001 3469 3093 3520 καὶ
3122 3469 3201 3521 ὅτι
3231 3468 3277 3519 εί
3310 3468 3382 3537 μὴ
3412 3465 3762 3520 πιστεύσειαν

2193 3555 2342 3626 αύτῷ
2369 3557 2506 3625 φωτὶ
2535 3557 2669 3622 ὄντι,
2717 3556 2975 3621 όλοτελῶς
3002 3558 3198 3620 αὐτοὺς
3244 3557 3304 3610 τὺ
3347 3557 3445 3627 τῆς
3487 3557 3762 3625 ἀγνωσίας

2193 3647 2558 3718 καταλήψεται
2591 3649 2800 3714 σκότος,
2830 3649 2924 3702 καὶ
2953 3648 3060 3702 τῶν
3095 3649 3160 3702 ἐκ
3189 3648 3282 3702 τοῦ
3330 3649 3507 3718 φωτὸς
3536 3647 3760 3716 ἀγαθῶν

2194 3739 2635 3810 στερηθήσονται.
2662 3739 2824 3793 Ὅσον
2856 3740 2964 3810 7&9
3003 3740 3112 3793 ἀπὸ
3140 3741 3238 3809 τῆς
3265 3740 3507 3809 Γραφῆς,
3540 3739 3616 3802 ὠς
3642 3739 3760 3808 φῶς

2193 3831 2533 3899 προσεδόκων
2552 3832 2642 3884 τὸν
2666 3832 2932 3885 Μεσσίαν.
2961 3830 3178 3901 Ἐπειδὴ
3201 3831 3258 3883 δὲ
3281 3826 3462 3900 ἦλθεν,
3494 3832 3572 3892 είς
3597 3829 3754 3882 τούν-ι

2192 3922 2370 3976 αντίον
2411 3924 2595 3986 αὐτοῖς
2615 3925 2792 3995 ἀπέϐη
2811 3925 2878 3978 τὰ
2901 3925 3001 3993 τῆς
3019 3923 3232 3986 ἐλπίδος
3252 3941 3265 3954 ·
3297 3922 3486 3985 σκότος
3518 3923 3629 3992 7&9
3659 3922 3758 3976 αύ-

2191 4012 2317 4077 τοὺς
2333 4031 2436 4067 κατ
2444 4014 2601 4068 ἐλαϐε
2614 4015 2700 4068 διὰ
2713 4015 2810 4085 τὴν
2829 4015 3104 4069 ἀπιστίαν.
3122 4015 3450 4086 Ἀνανήψατε
3470 4010 3582 4077 οὖν,
3597 4014 3756 4084 φησὶ,

2192 4104 2422 4174 ταχέως,
2475 4105 2580 4168 ἓως
2612 4106 2738 4174 ὑμῖν
2781 4105 2958 4169 ἔξεστι
3007 4106 3202 4177 μικρόν
3245 4123 3297 4160 τι
3330 4105 3431 4174 τῆς
3465 4104 3560 4158 τοῦ
3606 4103 3755 4157 θείου

2193 4194 2367 4263 φωτὸς
2396 4195 2570 4264 αὐγῆς
2610 4198 2920 4265 μετασχεῖν,
2957 4196 3045 4250 ἴνα
3076 4196 3149 4267 μὴ
3179 4197 3324 4266 ὑμᾶς
3349 4195 3450 4264 τῆς
3483 4193 3761 4265 ἁμαρτίας

2192 4286 2472 4360 καταλάϐῃ
2521 4286 2730 4351 σκότος.
2759 4288 2954 4351 Καλῶς
2994 4288 3051 4342 δὲ
3085 4285 3204 4342 εἷπε
3237 4288 3374 4357 μετὰ
3399 4286 3462 4340 τὸ
3501 4287 3617 4356 φῶς
3656 4287 3760 4356 τὴν

2193 4381 2439 4435 σκοτίαν·
2481 4381 2604 4434 κατ’
2651 4382 2794 4451 ἴχνος
2826 4381 2932 4452 7&9
2977 4379 3076 4450 τῆς
3114 4379 3208 4432 τοῦ
3253 4379 3428 4447 φωτὸς
3466 4379 3758 4448 ἀναχωρή-

525 4469 698 4522 lucem
736 4469 990 4525 tenebras
1024 4488 1037 4525 :
1071 4471 1339 4541 evestigio
1377 4473 1521 4526 enim
1590 4490 1810 4532 recessu
1859 4480 2082 4538 luminis

2200 4489 2329 4536 ςεως
2354 4472 2554 4543 βαδίζει
2591 4472 2652 4525 τὸ
2690 4471 2900 4536 σκότος.
2935 4469 3119 4524 Εἰπὼν
3142 4470 3199 4524 δέ
3239 4470 3334 4522 σὺν
3359 4469 3434 4541 τῷ
3474 4470 3663 4540 ἀρθρῳ
3689 4469 3758 4522 τὸ

520 4559 830 4614 succedunt
900 4563 1161 4618 tenebrae.
1227 4562 1426 4620 Dicens
1480 4581 1612 4621 vero
1673 4584 1794 4623 cum
1853 4573 2086 4630 articulo

2200 4564 2330 4632 ρῶς,
2369 4565 2559 4618 ἐαυτὸν
2587 4564 2874 4635 ἐδήλωσεν,
2924 4566 3003 4618 ὅτι
3053 4565 3216 4630 αὐτός
3259 4567 3376 4618 ἐστι
3411 4564 3568 4635 μόνος
3611 4564 3757 4617 κατὰ

521 4651 717 4713 lumen,
747 4649 994 4721 seipsum
1023 4653 1304 4719 indicavit,
1335 4656 1596 4726 quoniam
1632 4658 1750 4730 ipse
1785 4661 1939 4718 solus
1960 4679 2087 4720 vere

2200 4654 2444 4726 ἱλήθειαν
2473 4656 2533 4708 τὸ
2561 4654 2696 4724 φῶς.

520 4751 606 4794 cst
637 4741 752 4794 lux.

594 4828 706 4895 XII,
735 4830 827 4885 ιο.
869 4830 1174 4888 Excccavit
1204 4835 1365 4901 enim,
1397 4838 1498 4902 ait.
1527 4856 1707 4894 eorum
1743 4842 1941 4898 oculos.

2258 4809 2606 4878 Τετύφλωκε
2651 4811 2792 4879 γὰρ,
2851 4810 3044 4880 φησὶν,
3090 4807 3287 4862 αὐτῶν
3343 4806 3480 4873 τοὺς
3525 4805 3756 4874 ὀφθαλ-

2181 4903 2334 4972 μούς

593 4986 881 5044 Enimvero
911 5005 1018 5045 non
1047 4998 1108 5046 ut
1140 4994 1506 5063 implerentur
1546 4997 1808 5052 vaticinia
1847 5001 2085 5070 pr0phe-

518 5083 698 5132 tarum
723 5077 894 5136 Judaei
928 5080 1216 5137 Dominum
1244 5085 1568 5140 occiderunt
1594 5087 1719 5158 (hoc
1749 5088 1893 5142 enim
1925 5089 2086 5143 modo

518 5169 672 5237 impii
704 5187 810 5226 non
855 5172 1138 5245 fuissent),
1165 5175 1260 5231 sed
1305 5192 1366 5231 ex
1402 5179 1622 5247 proprio
1647 5179 1854 5233 scelere
1876 5194 1941 5234 ac
1969 5195 2085 5234 ma-

518 5257 654 5312 litia.
681 5260 794 5316 Etsi
827 5265 972 5319 enim
1005 5269 1374 5337 praadixerant
1401 5269 1680 5340 prophetae
1710 5284 1832 5339 quae
1862 5271 2086 5324 omnino

518 5359 782 5406 eventura
812 5363 991 5420 erant,
1014 5369 1069 5411 et
1105 5358 1374 5414 nefarium
1409 5373 1473 5412 ac
1502 5369 1864 5428 spontaneum
1898 5375 2086 5415 eorum

521 5441 817 5498 consilium
868 5456 1150 5512 secutura,
1193 5450 1319 5505 ideo
1387 5451 1784 5520 praedixerunt,
1825 5460 1882 5504 ut
1951 5452 2088 5506 resi—

524 5527 801 5600 piscentes
830 5533 1037 5590 diaboli
1077 5536 1258 5592 fossas
1304 5540 1667 5603 transilirent,
1700 5555 1823 5592 cum
1859 5556 2085 5608 prorsus

525 5623 578 5674 in
639 5628 908 5692 potestate
962 5635 1108 5682 esset
1162 5630 1496 5685 audientium
1542 5644 1870 5700 praecavere.
1906 5630 2085 5694 Quare

525 5716 836 5773 necessaria
890 5717 1194 5791 prazdictio.
1237 5718 1452 5778 Rursus
1507 5721 1738 5776 alterius
1772 5720 2083 5791 quaestionis

2257 4993 2367 5062 Ούχ
2396 4992 2482 5046 ἵνα
2507 4991 2685 5045 τοίνυν
2711 4987 3040 5059 πληρώσωσι
3067 4988 3164 5050 τὰς
3195 4987 3528 5058 προφητείας
3551 4988 3600 5040 οἱ
3630 4989 3756 5041 Ἰου-

2184 5083 2320 5136 δαῖοι
2347 5085 2640 5152 ἐφόνευσαν
2669 5083 2759 5135 τὸν
2785 5082 2988 5153 Κύριον
3007 5099 3020 5112 σ
3049 5082 3080 5153 ἢ
3109 5081 3215 5150 γὰρ
3237 5081 3302 5134 ἂν
3329 5081 3452 5134 οὔτε
3471 5081 3756 5146 δυσσεϐεῖς

2185 5169 2345 5245 ἦσαν’
2367 5175 2500 5229 ἀλλὰ
2524 5176 2590 5228 δι’
2605 5175 2811 5228 οἰκείαν
2836 5175 3141 5227 κακόνοιαν.
3159 5174 3220 5226 Εἰ
3237 5173 3343 5244 7&9
3374 5173 3467 5227 καὶ
3494 5175 3755 5241 προεῖπον

2184 5267 2233 5318 οἱ
2260 5267 2531 5337 προφῆται
2577 5266 2644 5320 τὰ
2686 5265 2774 5318 διὰ
2812 5265 2909 5335 τὴν
2944 5263 3188 5318 ἑκούσιον
3217 5263 3396 5317 αὐτῶν
3431 5263 3755 5316 δυσϐουλίαν

2187 5357 2397 5420 πάντως
2429 5358 2679 5426 ἐσόμενα,
2710 5355 2798 5409 διὰ
2837 5355 2996 5408 τοῦτο
3037 5357 3315 5426 προεῖπον,
3351 5355 3437 5407 ἵνα
3472 5355 3521 5406 oi
3553 5356 3754 5426 νήφον-

2186 5467 2275 5513 τες
2311 5451 2683 5521 διαπηδήσωσι
2728 5452 2853 5514 τοὺς
2896 5450 2992 5503 τοῦ
3038 5449 3284 5504 διαϐόλου
3326 5449 3588 5521 βόθρους’
3634 5449 3754 5513 ἐξὸν

2185 5541 2295 5610 7&9
2322 5545 2538 5602 πάντως
2571 5543 2683 5603 τοῖς
2729 5541 2984 5593 ἀκούουσι
3021 5541 3114 5593 καὶ
3154 5539 3512 5608 φυλάξασθαι.
3542 5539 3634 5592 Διὸ
3661 5540 3755 5591 καὶ

2183 5632 2453 5700 ἀναγκαία
2498 5633 2530 5699 ή
2587 5632 2910 5702 πρόρρησις,
2973 5631 3142 5683 Πάλιν
3195 5630 3381 5701 ἑτέρου
3440 5631 3752 5699 ζητήματος

2185 5722 2364 5787 λύσις’
2396 5723 2476 5776 ὅτι
2514 5722 2610 5792 οὐχ
2650 5723 2679 5774 ὁ
2718 5722 2848 5785 Θεὸς
2889 5721 3162 5790 ἐτύφλωσε
3193 5721 3317 5785 τοὺς
3359 5720 3641 5783 Ἰουδαίους
3667 5736 3680 5746 ’
3717 5716 3752 5789 ἦ
