4106 6262
295 387 361 443 97
1079 381 1145 436 IN
1184 379 1522 438 JOANNEM.
1556 408 1623 422 —-
1663 375 1791 432 LIB.
1835 373 1924 428 VII
1967 373 2053 429 ET
2098 373 2207 429 VIII
2245 372 2688 429 FRAGMENTA.
3471 375 3542 433 98

297 499 407 569 γὰρ
433 496 500 552 ἂν
527 493 648 550 οὔτε
687 494 883 566 ἀπῄτει
904 493 1101 556 αὐτοὺς
1133 495 1385 559 εὐθύνας,
1419 494 1553 546 ὅπου
1583 508 1645 560 γε
1673 489 1767 544 καὶ
1793 487 1863 540 τὰ

1967 487 2166 541 solutio
2200 503 2212 538 :
2244 487 2389 556 quod
2442 486 2586 543 Deus
2634 503 2744 541 non
2795 489 3093 544 excaecavit
3137 489 3381 559 Iudaeos,
3442 510 3544 551 nec

300 589 526 643 ἑκούσια
580 590 853 658 συγχωρεῖ
909 586 1246 656 πταίσματα.
1294 585 1354 640 Ὀ
1410 587 1466 638 δὲ
1510 584 1632 646 νοῦς
1681 581 1870 642 οὕτως.

312 683 402 746 Ὠς
434 682 542 752 γὰρ
562 680 668 734 ἀπὸ
705 680 844 734 Θεοῦ
873 678 1172 749 λαληθέντα
1196 678 1265 732 τὰ
1309 680 1528 749 ῥήματα
1565 675 1594 726 6
1651 671 1873 733 Ἡσαΐας

297 774 582 844 προφέρει.
623 772 748 826 Ἐὰν
783 772 1029 842 γένωμαι
1062 769 1349 840 ἄνθρωπος
1379 768 1474 822 καὶ
1515 766 1688 835 οἰκείᾳ
1723 764 1872 832 φωνῇ

298 867 657 937 ἐξηγήσωμαι
692 865 820 935 ὑμῖν
854 863 924 916 τὰ
975 861 1267 931 λυσιτελῆ,
1310 858 1431 914 οὑδέ
1491 856 1662 918 οῦτως
1711 852 1875 908 ἁκού-

300 957 422 1011 σετέ
493 973 614 1028 μου,
664 954 853 1025 ὥσπερ
905 954 1028 1007 οὑδὲ
1061 953 1169 1008 τῶν
1217 949 1534 1022 προφητῶν·
1580 946 1700 1003 οὑδὲ
1749 947 1875 998 ὅταν

300 1047 446 1118 ἴδητε
491 1047 560 1100 τὰ
603 1047 745 1118 ὑπὲρ
777 1045 938 1112 λόγον
988 1045 1228 1114 σημεῖα,
1280 1041 1432 1096 οὐδὲν
1493 1041 1558 1092 ἐκ
1596 1037 1691 1092 τοῦ
1747 1036 1874 1090 ἰδεῖν

300 1138 743 1210 ὠφεληθήσεσθε.
789 1138 902 1191 Καὶ
935 1135 1095 1188 τοῦτο
1139 1132 1292 1204 δηλοῖ
1327 1133 1408 1193 16,
1466 1149 1483 1182 ι
1533 1130 1605 1182 Οὑ
1655 1129 1729 1200 μὴ
1763 1127 1874 1198 ῐδη-

298 1248 381 1284 τε.
418 1250 437 1282 ι
497 1232 574 1284 Οὐ
621 1229 730 1300 γὰρ
769 1223 924 1282 εἶπεν
957 1227 1037 1280 ὅτι
1077 1226 1335 1295 Πωρώσω
1374 1223 1551 1277 αὐτῶν
1603 1221 1700 1285 τὰς
1743 1237 1877 1290 καρτ

298 1321 438 1385 δίας.
489 1322 585 1376 καὶ
635 1319 903 1389 τυφλώσω
947 1319 1073 1381 τοὺς
1119 1315 1462 1385 ὀφθαλμοὺς,
1496 1313 1610 1366 ἀλλ’
1639 1315 1716 1366 ὅτι
1753 1311 1874 1365 Κᾶν

301 1411 596 1482 ἀκούσητε,
617 1410 677 1462 οὑ
713 1411 788 1481 μὴ
824 1409 1124 1477 ἀκούσητε’
1159 1406 1259 1460 κᾶν
1299 1404 1468 1474 ἴδητε,
1503 1405 1562 1457 οὐ
1593 1406 1666 1474 μὴ
1703 1403 1873 1473 ἴδητε,

300 1507 387 1559 ἵνα
425 1504 498 1573 μὴ
556 1499 992 1571 ἐπιστραφέντας
1046 1499 1303 1566 ίάσωμαι.
1355 1497 1418 1549 Εἰ
1469 1493 1577 1566 γὰρ
1634 1495 1874 1564 ἥκουσαν

300 1597 396 1650 καὶ
438 1592 575 1648 εἶδον
614 1594 784 1663 ὅνπερ
832 1589 1002 1660 ἐχρῆν
1043 1589 1277 1659 τρόπον,
1333 1585 1522 1656 ἔτυχον
1555 1585 1621 1639 ἂν
1657 1587 1876 1649 πάντως

299 1687 589 1757 ὠφελείας.
622 1682 830 1738 Οὐκοῦν
859 1683 920 1734 οὑ
960 1681 1228 1751 τιμωρίας
1277 1679 1579 1747 ἀναγκαίας
1626 1679 1738 1749 ἔχει
1775 1678 1874 1748 δήο

298 1779 464 1831 λωσιν
497 1779 525 1829 6
562 1775 740 1842 λόγος.
763 1772 884 1825 οὑδέ
917 1772 1040 1840 ὅρον
1070 1768 1522 1832 καταδικάζοντος
1568 1767 1664 1820 καὶ
1702 1784 1872 1820 κατα-

1976 579 2122 633 enim
2154 593 2344 648 pmuas
2379 581 2448 634 ab
2492 582 2575 636 eis
2616 581 2984 663 repetivisset,
3017 583 3239 653 quando
3268 592 3322 639 et
3354 585 3544 640 volun-

1977 671 2150 726 tarios
2221 672 2499 726 condonat
2553 671 2827 727 interdum
2873 673 3080 743 lapsus.
3125 674 3288 745 709
3339 675 3544 732 Sensus

1977 776 2108 816 vero
2153 762 2470 831 hujusmodi
2531 770 2637 818 est.
2683 761 2818 817 Nam
2868 765 3020 818 velut
3065 780 3095 819 a
3164 765 3274 820 Deo
3330 768 3544 835 prolata

1976 856 2143 909 verba
2174 853 2344 910 Isaias
2369 854 2613 924 profert:
2645 856 2699 911 Si
2732 857 2895 911 homo
2930 857 3107 912 factus
3137 857 3314 920 fuero,
3339 869 3392 911 et
3420 873 3546 926 pro-

1975 946 2094 1015 pria
2128 961 2262 1001 voce
2304 948 2460 1000 utilia
2502 948 2659 1003 vobis
2702 963 3033 1018 exposuero,
3074 963 3144 1002 ne
3191 949 3271 1003 sic
3319 949 3541 1018 quidem

1977 1052 2063 1091 me
2121 1037 2377 1105 audietis,
2433 1041 2900 1108 quemadmodum
2956 1055 3133 1110 neque
3191 1041 3540 1109 prOpbetas:

1975 1143 2156 1198 neque
2184 1144 2307 1184 cum
2353 1131 2607 1188 videritis
2642 1131 2798 1202 signa
2830 1148 2997 1202 supra
3042 1132 3339 1186 humanam
3373 1134 3544 1187 ratio-

1976 1234 2126 1282 nem,
2151 1222 2450 1290 quidquam
2483 1222 2640 1277 vobis
2663 1223 2872 1278 vidisse
2908 1224 3193 1293 profuerit.
3230 1223 3295 1276 Et
3323 1223 3428 1278 hoc
3458 1224 3545 1278 in-

1973 1307 2119 1362 dicat
2164 1310 2321 1376 illud,
2364 1328 2382 1362 ι
2427 1326 2536 1365 non
2578 1312 2851 1367 videritis.
2897 1331 2915 1364 ›
2961 1311 3148 1382 Neque
3190 1313 3334 1366 enim
3382 1312 3542 1376 dixit,

1973 1394 2252 1453 Indurabo
2287 1415 2480 1454 eorum
2529 1401 2720 1462 corda,
2762 1407 2817 1454 et
2868 1401 3158 1456 excazcabo
3204 1400 3419 1463 oculos,
3449 1399 3545 1453 sed

1974 1489 2409 1559 quia,Quamvis
2456 1491 2770 1554 audieritis,
2807 1493 3180 1561 nequidquam
3231 1492 3545 1556 audieritis,

1973 1591 2028 1638 et
2073 1584 2328 1653 quamvis
2380 1584 2656 1645 videritis,
2699 1599 2808 1638 non
2844 1584 3117 1647 videritis,
3165 1599 3233 1638 ne
3290 1585 3546 1640 conversi

1973 1675 2275 1730 remedium
2330 1691 2360 1728 a
2407 1691 2492 1731 me
2547 1676 2854 1746 accipiatis.
2907 1677 2964 1732 Si
2995 1677 3142 1732 enim
3179 1677 3462 1734 audissent
3490 1685 3546 1734 et

1975 1766 2323 1836 aspexissent
2371 1783 2483 1837 quo
2533 1768 2718 1823 decuit
2757 1768 2944 1835 modo,
2985 1769 3214 1825 omnino
3249 1771 3546 1825 utilitatem

297 1868 677 1941 ψηφιζομένου
729 1864 838 1916 τῶν
896 1862 1182 1926 Ἰουδαίων,
1231 1859 1369 1913 ἀλλὰ
1420 1859 1528 1912 τῶν
1580 1859 1863 1930 χρησίμων

1974 1859 2375 1928 percepissent.
2414 1857 2585 1927 Igitur
2638 1873 2746 1913 non
2788 1859 3242 1929 significationem
3284 1874 3545 1916 necessa—

301 1961 420 2014 ἐστὶ
458 1954 913 2027 προαγγελτικός.
943 1952 1097 2025 ᾝδει
1135 1951 1244 2019 γὰρ
1277 1953 1422 2003 ποῖοι
1463 1950 1684 2019 ἔμελλον
1722 1949 1868 2018 γίνε-

301 2048 447 2112 σθαι,
494 2047 586 2100 καὶ
619 2045 940 2114 ἀπεφήνατο
968 2042 1094 2112 περὶ
1135 2040 1349 2094 αὑτῶν·
1397 2040 1537 2112 πλὴν
1565 2041 1685 2094 ούδέ
1728 2041 1869 2094 κατὰ

302 2140 520 2196 πάντων
554 2139 725 2208 χωρεί
760 2139 788 2190 6
824 2136 1003 2204 λόγος,
1052 2133 1191 2187 ἀλλὰ
1225 2133 1368 2186 κατὰ
1409 2133 1587 2203 μόνων
1615 2131 1723 2186 τῶν
1741 2132 1869 2186 ἀπί-

304 2249 468 2295 στων,
500 2231 686 2282 πολλοὶ
726 2229 836 2300 γὰρ
885 2226 1321 2280 πεπιστεύκασιν
1369 2224 1430 2289 ἐξ
1473 2224 1650 2280 αὐτῶν
1675 2239 1686 2253 '
1728 2223 1870 2277 οῦτω

307 2319 408 2389 μὲν
437 2314 529 2373 οῦν
552 2315 913 2373 ἐκδεδώκασιν
942 2317 991 2368 οἱ
1021 2315 1447 2386 Ἐὅδομήκοντα.
1482 2315 1644 2379 Εἰκὸς
1677 2315 1756 2379 δέ,
1786 2317 1868 2368 ὅτι

305 2413 334 2464 6
369 2408 760 2478 εὑαγγελιστὴς
811 2411 878 2478 τῇ
921 2406 1185 2476 Ἑϐραίων
1221 2406 1430 2460 ἐκδόσει
1496 2405 1870 2475 ἀκολουθήσας

307 2503 506 2572 ἑτέρως
557 2499 754 2572 ἐχούσῃ
789 2499 936 2569 παρὰ
978 2499 1078 2570 τὴν
1125 2499 1233 2552 τῶν
1269 2499 1702 2569 Ἐὕδομήκοντα,
1747 2494 1867 2551 εἷπε

302 2594 383 2656 16,
417 2594 516 2646 Διὰ
548 2592 705 2645 τοῦτο
747 2593 848 2645 οὐκ
876 2589 1136 2659 ἠδύναντο
1172 2590 1470 2656 πιστεύειν,
1508 2591 1696 2661 ἐπειδὴ
1743 2590 1866 2644 ἐτύ-

300 2685 510 2750 φλωσεν
565 2683 788 2746 αὐτούς’
827 2684 920 2736 καὶ
973 2684 1096 2736 ὅσον
1147 2682 1248 2752 μὲν
1290 2683 1355 2736 ἐκ
1404 2682 1505 2751 τῆς
1555 2682 1867 2751 προφανοῦς

297 2775 516 2841 λέξεως.
551 2777 652 2829 οὑκ
682 2758 901 2848 εῐρίηκεν
933 2777 1016 2830 ὅτι
1055 2776 1084 2828 6
1121 2775 1254 2838 Θεὸς
1286 2774 1596 2843 ἐτύφλωσεν
1632 2775 1863 2840 αὐτούς’

297 2867 443 2930 εἰκὸς
471 2867 551 2932 δὲ,
581 2869 662 2920 ὃτι
704 2869 864 2931 ἄλλος
907 2867 1069 2922 τοῦτο
1097 2869 1319 2939 ἐποίησε
1355 2869 1492 2941 πρὸς
1519 2871 1579 2923 τὸ
1608 2870 1863 2941 sarta-rpi-

296 2957 396 3026 ψαι
446 2959 574 3019 τοὺς
621 2959 906 3023 Ἰουδαίους
941 2959 1033 3013 καὶ
1079 2963 1264 3029 τυχεῖν
1311 2961 1525 3024 ἰάσεως.
1575 2962 1638 3014 Ei
1681 2962 1736 3014 δέ
1770 2962 1863 3015 καὶ

296 3048 560 3120 δεξόμεθα
587 3051 673 3104 ὅτι
698 3051 731 3102 6
778 3051 908 3113 Θεὸς
939 3052 1269 3120 ἐτύφλωσεν,
1319 3053 1460 3106 οῦτω
1491 3057 1708 3125 νοητέον
1728 3097 1742 3119 ,
1781 3057 1861 3109 ὅτι

297 3140 692 3212 παρεχώρησεν
726 3144 923 3206 αὐτοὺς
958 3143 1152 3198 παθεῖν
1187 3145 1284 3215 τὴν
1315 3145 1588 3214 τύφλωσιν
1634 3147 1738 3200 ὑπὸ
1767 3148 1860 3201 τοῦ

293 3229 565 3295 διαϐόλου,
611 3233 714 3286 οὐκ
756 3233 995 3301 ἀγαθοὺς
1036 3234 1196 3298 ὄντας
1247 3235 1346 3306 τὴν
1379 3236 1509 3303 ἕξιν.
1559 3238 1714 3294 Οὕτω
1758 3240 1866 3311 γὰρ

295 3323 664 3393 παραδίδωσιν
697 3325 776 3387 εἰς
815 3324 1074 3394 ἀδόκιμον
1108 3326 1234 3380 νοῦν
1285 3330 1376 3381 καὶ
1416 3331 1497 3393 είς
1524 3330 1694 3394 πάθος
1741 3333 1868 3395 τοὺς

292 3414 706 3485 ὁμοιοτρόπους.
743 3416 832 3469 Ἐν
882 3410 926 3483 ᾧ
966 3417 1022 3471 δὲ
1071 3419 1302 3472 τοιοῦτοι
1347 3414 1505 3489 ἦσαν,
1555 3421 1616 3478 οὐ
1660 3421 1867 3479 δίκαιον

290 3499 362 3572 ἦν
403 3505 597 3569 αὐτοὺς
629 3505 833 3573 γνῶναι
863 3504 958 3560 τοῦ
1007 3508 1306 3578 μυστηρίου
1348 3508 1410 3560 τὸ
1455 3509 1617 3578 βάθος
1657 3512 1751 3563 καὶ
1799 3512 1867 3567 τὰ

290 3594 540 3665 κρύφια,
583 3597 709 3659 τοὺς
758 3597 890 3666 μηδὲ
921 3597 1018 3660 τὰς
1055 3599 1287 3667 νομικὰς
1338 3600 1560 3658 ἐντολὰς
1602 3601 1857 3672 διατηρήο

293 3699 522 3746 σαντας.
562 3685 715 3737 Ἐπεὶ
754 3681 847 3737 οὖν
890 3685 1012 3739 οὔτε
1041 3687 1132 3738 τὸν
1172 3688 1356 3757 νόμον,
1387 3687 1510 3740 οὒτε
1537 3691 1604 3742 τὰ
1637 3691 1868 3758 εὐαγγε-

289 3774 424 3830 λικὰ
450 3773 702 3839 ἐδέξαντο
725 3774 1090 3846 διατάγματα,
1115 3779 1206 3830 16v
1241 3779 1338 3848 τῆς
1370 3779 1611 3844 διανοίας
1641 3782 1864 3852 μύοντες

288 3863 594 3934 ὀφθαλμὸν,
643 3866 730 3920 διὰ
755 3867 911 3921 τοῦτο
942 3867 1001 3922 οὐ
1033 3868 1273 3940 δέχονται
1313 3871 1412 3942 τὴν
1435 3872 1668 3941 φωτίσαι
1708 3875 1864 3934 δυνα-

288 3956 467 4027 μένην
495 3957 692 4020 αὐτοὺς
722 3957 1018 4012 παίδευσιν.

362 4132 552 4186 Ταῦτα
597 4131 665 4184 δὲ
697 4126 866 4185 εἶπεν
911 4131 1166 4198 Ἡσαΐας,
1213 4134 1312 4188 ὅτε
1355 4131 1475 4190 εἶδε
1522 4137 1636 4206 τὴν
1672 4138 1859 4205 δόξαν

271 4225 491 4285 αὑτοῦ.
519 4225 614 4278 καὶ
643 4224 914 4282 altu-nae
937 4224 1068 4291 περὶ
1093 4225 1301 4279 αὑτοῦ.

352 4317 478 4369 Ὅτι
544 4317 640 4390 μὲν
681 4311 775 4370 οὖν
821 4315 913 4367 τὸν
955 4315 1077 4368 Υίδν
1109 4318 1137 4368 6
1178 4322 1460 4390 προφήτης
1504 4320 1754 4376 τεθέαται
1799 4325 1857 4378 ἐν

266 4410 341 4479 τῆ
378 4406 508 4478 δόξῃ
548 4405 640 4460 τοῦ
694 4404 830 4459 Θεοῦ
882 4405 978 4458 καὶ
1026 4407 1272 4476 Πατρὸς,
1308 4410 1406 4461 οὑκ
1449 4410 1516 4463 ἂν
1562 4411 1855 4466 ἐνδοιάσειέ

1975 1952 2071 2004 riae
2114 1950 2347 2006 ultionis
2375 1965 2558 2004 sermo
2588 1966 2700 2020 pra:
2743 1966 2803 2006 se
2839 1951 2966 2018 fert,
3001 1968 3178 2022 neque
3212 1952 3548 2007 determina-

1975 2049 2084 2094 tam
2115 2041 2590 2096 condemnationis
2631 2042 2685 2096 in
2721 2041 2941 2098 Iudaeos
2970 2045 3263 2109 rationem,
3296 2044 3390 2098 sed
3437 2043 3544 2098 vim

1975 2148 2040 2188 ac
2084 2132 2382 2188 efﬁcaciam
2442 2134 2597 2188 utilia
2651 2134 3020 2204 praemonendi
3081 2135 3269 2190 habet.
3306 2135 3545 2191 Noverat

1974 2225 2121 2279 enim
2158 2225 2352 2294 quales
2380 2224 2549 2280 futuri
2579 2234 2757 2288 erant,
2789 2233 2842 2280 et
2889 2225 2956 2280 de
2998 2216 3105 2281 illis
3137 2228 3540 2297 pronuntiavit,

1975 2330 2291 2384 quanquam
2328 2329 2439 2368 non
2485 2315 2553 2369 ad
2597 2327 2790 2370 omnes
2828 2316 3066 2385 pertinet
3101 2331 3304 2383 sermo,
3339 2317 3435 2371 sed
3476 2319 3542 2372 ad

1975 2404 2126 2459 solos
2169 2403 2442 2468 inﬁdeles,
2478 2405 2634 2457 multi
2665 2405 2809 2458 enim
2841 2419 2908 2458 ex
2951 2405 3020 2459 iis
3057 2405 3416 2462 crediderunt
3444 2409 3490 2439 ⁵⁸
3527 2425 3540 2461 :

1975 2492 2058 2547 sic
2092 2491 2261 2560 igitur
2311 2493 2605 2546 ediderunt
2663 2491 3041 2563 Septuaginta.
3092 2492 3405 2550 Verisimile
3458 2504 3544 2552 est

1973 2597 2105 2636 vero
2157 2582 2559 2652 evangelistam
2615 2581 2965 2638 Hebr-reorum
3026 2585 3328 2641 editionem
3381 2602 3541 2642 secu-

1973 2686 2087 2729 tum
2139 2688 2169 2726 a
2219 2672 2576 2744 Septuaginta
2609 2674 2914 2738 diversam,
2942 2675 3153 2732 dixisse
3208 2677 3375 2742 hoc,¢
3407 2677 3542 2733 Pro-

1976 2773 2164 2834 pterca
2199 2780 2310 2818 non
2340 2772 2594 2832 pmerant
2625 2764 2870 2831 credere,
2896 2767 3024 2836 quia
3053 2770 3457 2825 excmcavitcos
3489 2790 3534 2824 ιο

1969 2862 2024 2910 et
2059 2853 2241 2924 quoad
2275 2863 2523 2924 apertam
2556 2853 2854 2910 dictionem
2900 2872 3008 2912 non
3057 2857 3192 2912 dixit
3230 2874 3541 2916 excaecasse

1973 2945 2160 3016 ipsos;
2187 2961 2285 3015 par
2309 2953 2393 3000 est
2417 2954 2600 3001 autem
2635 2947 2803 3000 alium
2835 2947 2940 3001 hoc
2972 2947 3192 3015 fecisse,
3221 2960 3281 3004 ut
3311 2967 3541 3006 conver-

1973 3046 2224 3094 terentur
2284 3037 2497 3105 Judari,
2543 3047 2598 3094 et
2661 3041 2994 3096 medicinam
3047 3057 3538 3115 consequeremur.

1973 3132 2216 3198 Quod‘si
2266 3133 2608 3202 accipiamus
2659 3132 2828 3189 Deum
2861 3149 3186 3202 excaecasse,
3211 3137 3292 3192 sic
3329 3139 3542 3196 intelli-

1968 3225 2228 3295 gendum,
2261 3225 2584 3294 permisisse
2610 3239 2708 3280 eos
2752 3227 2862 3296 pati
2899 3228 3200 3284 caecitatem
3233 3245 3263 3284 a
3293 3231 3536 3298 diabolo,

1966 3317 2094 3387 quia
2147 3317 2278 3371 boni
2316 3332 2425 3372 non
2458 3325 2647 3373 essent
2693 3317 2902 3374 habitu.
2939 3317 3030 3374 Sic
3081 3320 3226 3374 enim
3280 3323 3447 3378 tradit
3484 3327 3538 3380 in

1969 3411 2261 3480 reprobam
2315 3419 2579 3474 mentem,
2619 3418 2674 3464 et
2717 3411 2772 3464 in
2824 3413 3194 3468 calamitatem
3245 3415 3292 3469 ei
3325 3415 3538 3471 similes

1965 3503 2238 3559 moribus.
2270 3501 2523 3568 Quandiu
2576 3518 2708 3556 vero
2745 3504 2879 3558 tales
2916 3514 3112 3569 erant,
3154 3522 3263 3560 non
3317 3524 3535 3578 aequum

1963 3604 2082 3650 erat
2112 3595 2193 3650 eis
2237 3593 2654 3650 communicare
2689 3593 3030 3648 altitudinem
3076 3603 3126 3650 et
3179 3599 3360 3653 abdita
3417 3615 3537 3672 my-

1963 3687 2142 3752 sterii,
2175 3687 2268 3757 qui
2325 3701 2393 3740 ne
2437 3685 2657 3754 quidem
2713 3686 2891 3754 legum
2943 3697 3214 3758 praecepta
3249 3692 3536 3747 observas-

1963 3789 2104 3834 sent.
2137 3778 2369 3845 Quando
2397 3793 2527 3833 vero
2557 3793 2737 3846 neque
2783 3779 2978 3849 legem,
3012 3795 3189 3851 neque
3216 3785 3532 3854 evangelica

1962 3880 2233 3944 praecepta
2259 3879 2612 3941 exceperunt,
2643 3885 2896 3940 soporem
2930 3881 2985 3926 ει
3010 3881 3297 3927 veternum
3331 3879 3532 3932 mentis

1960 3965 2304 4019 nictantibus
2339 3964 2516 4019 oculis
2544 3965 2718 4035 passi,
2753 3972 3041 4034 propterea
3091 3979 3192 4019 nec
3227 3967 3530 4022 institutio-

1961 4072 2106 4117 nem,
2133 4071 2253 4125 quaa
2281 4056 2405 4110 illos
2431 4056 2744 4110 illuminare
2776 4056 2918 4125 palis
2946 4056 3040 4120 sit,
3073 4056 3392 4113 admittunt.

2034 4146 2146 4212 XII,
2175 4148 2262 4202 41.
2296 4148 2422 4202 Ηαί
2451 4164 2568 4201 vero
2595 4148 2730 4200 dixit
2773 4146 2970 4215 Isaias,
3003 4147 3215 4218 quando
3261 4149 3387 4203 vidit
3417 4152 3531 4220 910-

1959 4238 2096 4291 riam
2125 4237 2262 4306 ejus,
2291 4246 2339 4291 et
2369 4236 2432 4290 de
2459 4253 2519 4290 eo
2550 4238 2752 4290 locutus
2783 4248 2882 4291 est.

2030 4329 2188 4394 Quod
2227 4326 2425 4381 Filium
2479 4329 2742 4398 propheta
2776 4329 3130 4398 conspicatus
3162 4332 3233 4386 sit
3264 4330 3317 4385 in
3355 4333 3526 4402 gloria

1958 4417 2052 4474 Dei
2114 4427 2170 4473 et
2223 4417 2444 4480 Patris,
2493 4433 2651 4473 nemo
2711 4421 2976 4489 ambigit,
3030 4424 3336 4490 priesertim
3401 4440 3525 4478 cum

263 4517 386 4562 τις,
452 4498 697 4551 Ἰωάννου
730 4496 1034 4566 γράφοντος
1067 4498 1313 4568 ἐναργῶς
1359 4502 1489 4571 περὶ
1541 4503 1730 4569 αὑτοῦ,
1768 4506 1848 4558 ὅτι

1967 4511 2197 4566 Ioannes
2226 4511 2430 4565 diserte
2467 4512 2671 4564 scribat
2715 4511 2783 4565 de
2831 4527 2918 4576 eo,
2950 4514 3099 4583 quod
3158 4515 3271 4569 haec
3323 4515 3528 4570 dixerit

262 4591 454 4644 ταῦτα
506 4583 657 4642 εἶπεν
716 4589 979 4652 Ἡσαΐας,
1027 4590 1111 4642 ὅτι
1160 4585 1267 4644 εἶδε
1317 4593 1415 4663 τὴν
1464 4592 1620 4656 δόξαν
1659 4595 1846 4649 αὑτοῦ.

266 4681 474 4751 ’Λθρει
501 4679 557 4734 δέ
599 4697 689 4750 μοι
719 4679 821 4749 τῆς
851 4680 1189 4750 θεοπρεποῦς
1219 4681 1489 4755 ὑπεροχῆς
1522 4685 1584 4737 16
1609 4684 1848 4756 ἀξίωμα,

258 4776 362 4830 καὶ
413 4771 480 4825 16
527 4771 670 4826 κατά
720 4772 903 4843 πάσης
932 4772 1208 4842 ὑπεροχῆς
1236 4775 1453 4844 κράτος.
1491 4777 1548 4829 '0
1600 4779 1699 4848 μὲν
1741 4783 1850 4850 γάρ

255 4871 420 4920 ἐστιν
461 4865 549 4932 ἐφ’
579 4861 786 4932 ὑψηλοῦ
814 4880 874 4915 τε
905 4863 1000 4916 καὶ
1043 4864 1356 4933 ἐπηρμένου
1393 4865 1581 4937 θρόνου
1607 4873 1720 4934 τοῖς
1749 4874 1849 4942 τῆς

254 4955 554 5029 βασιλείας
586 4953 1047 5024 εὐπρεπεστάτοις
1085 4955 1395 5026 αὐχήμασιν
1429 4954 1487 5011 εὖ
1534 4959 1675 5028 μάλα
1717 4979 1851 5015 κατ-

250 5045 610 5118 εστεμμένος
629 5063 643 5076 ·
673 5046 728 5099 at
769 5045 826 5100 δὲ
869 5046 1140 5100 ἁνώταται
1169 5047 1428 5118 δυνάμεις
1455 5051 1574 5120 μεθ’
1599 5051 1665 5116 ἃς
1695 5053 1848 5107 οὐδὲν

249 5139 534 5192 ἐπέκεινα
570 5133 679 5187 τῶν
726 5135 972 5204 γενητῶν
1008 5131 1149 5193 εἶναι
1177 5136 1418 5205 λέγεται,
1468 5139 1652 5212 κύκλῳ
1686 5160 1844 5217 περι-

245 5228 490 5288 εστῶσι,
519 5225 675 5290 τάξιν
708 5225 929 5296 ἔχουσαι
957 5226 1057 5298 τὴν
1093 5228 1371 5299 οἰκετικὴν
1397 5231 1489 5282 καὶ
1517 5235 1640 5295 ταῖς
1673 5234 1846 5305 εὐφη-

247 5321 419 5392 μίαις
463 5320 981 5390 καταγεραίρουσαι.
1040 5322 1160 5391 Χρὴ
1212 5322 1270 5376 δέ
1329 5323 1733 5394 ὑπολαμϐάνειν
1787 5331 1846 5382 ἐν

241 5411 514 5472 τοπικοῖς
560 5408 816 5481 ὑψώμασι
854 5412 943 5466 τὸν
995 5413 1138 5466 θεῖον
1175 5413 1421 5468 τίθεσθαι
1450 5416 1638 5486 θρόνον
1684 5421 1844 5473 οὑδαο

245 5504 372 5575 μῶς
397 5518 412 5534 ο
458 5497 662 5570 εὔηθες
697 5503 806 5574 γὰρ
842 5503 902 5556 16
949 5504 1093 5559 οῦτω
1131 5507 1287 5560 νοεῖν.
1335 5507 1502 5576 Ὑψοῦ
1545 5509 1602 5563 δὲ
1649 5514 1676 5563 ὸ
1703 5511 1844 5578 θεῖος

238 5596 498 5651 τέθειται
537 5591 750 5663 θρόνος,
792 5595 927 5648 καθὸ
974 5597 1070 5650 καὶ
1117 5600 1315 5652 νοεῖται
1358 5600 1541 5670 πάσης
1588 5602 1841 5657 ἐπέκεινα

311 5772 363 5805 ⁵⁵
403 5771 574 5828 Joan.
613 5785 679 5836 x,
718 5771 809 5824 42.

1957 4603 2152 4664 Isaias,
2191 4602 2322 4670 quia
2365 4601 2504 4655 vidit
2529 4601 2761 4672 gloriam
2787 4603 2931 4672 ejus.
2957 4604 3192 4660 Attende
3224 4622 3353 4661 vero
3391 4609 3524 4663 mihi

1957 4697 2160 4752 divina:
2182 4695 2504 4751 eminentia:
2542 4695 2911 4764 majestatem,
2937 4707 2990 4752 et
3021 4699 3184 4768 710
3217 4699 3272 4752 in
3306 4714 3522 4753 onmem

1954 4789 2307 4844 eminentiam
2364 4786 2674 4856 imperium.
2727 4787 2821 4842 Ille
2875 4789 3022 4843 enim
3079 4791 3133 4844 in
3179 4793 3396 4847 excelso
3459 4807 3524 4846 ac

1955 4881 2176 4936 sublimi
2227 4880 2366 4935 solio
2414 4879 2566 4934 sedet
2606 4879 2920 4949 insignibus
2965 4884 3118 4952 regni
3154 4894 3317 4952 atque
3355 4898 3523 4937 orna-

1955 4973 2157 5028 mentis
2213 4969 2502 5041 magnifice
2567 4970 2964 5035 circumdatus,
3017 4988 3177 5042 quem
3248 4989 3523 5042 supremae

1953 5067 2230 5132 potentiae,
2264 5065 2408 5117 ultra
2441 5077 2580 5132 quas
2623 5071 3000 5118 creaturarum
3047 5065 3185 5118 nihil
3226 5079 3350 5119 esse
3387 5065 3522 5119 dici-

1955 5164 2066 5219 tur,
2100 5156 2153 5208 in
2194 5155 2389 5210 ordine
2433 5155 2796 5210 famulantum
2840 5156 3282 5218 circumsistunt,
3312 5165 3366 5210 et
3403 5159 3522 5212 fau-

1949 5248 2051 5302 stis
2083 5249 2584 5303 acclamationibus
2622 5247 2987 5317 laudibusque
3019 5257 3377 5304 venerantur.
3404 5250 3521 5304 Cae-

1950 5347 2126 5393 terum
2151 5354 2500 5408 nequaquam
2525 5340 2858 5395 censendum
2881 5347 2966 5394 cst
3002 5339 3165 5392 locali
3190 5340 3520 5397 celsitudine

1949 5432 2196 5486 divinum
2231 5432 2430 5486 solium
2483 5434 2772 5494 constitui,
2804 5431 2855 5484 id
2907 5430 3051 5484 enim
3092 5433 3341 5500 cogitare
3396 5433 3516 5487 ine-

1949 5534 2099 5594 ptum
2138 5523 2320 5577 fuerit.
2357 5521 2414 5575 In
2446 5522 2664 5576 sublimi
2714 5537 2848 5575 vero
2877 5521 3122 5576 divinum
3154 5525 3353 5578 solium
3384 5541 3517 5577 con-

1954 5613 2224 5676 stituitur,
2271 5613 2322 5664 in
2361 5620 2624 5681 quantum
2675 5612 2819 5664 ultra
2862 5628 3079 5666 omnem
3126 5622 3381 5670 naturam
3431 5617 3517 5667 in—
