4106 6262
596 427 664 484 99
1581 424 1640 478 ὃ.
1685 421 1965 479 CYRILLI
2008 421 2169 477 Αιει

2269 420 2477 476 iDBINl
2517 422 2841 478 .-\RC|llEP.

3729 422 3834 477 106

595 541 928 612 telligibilom
988 539 1138 611 regni
1196 538 1290 593 Dei
1348 539 1522 609 gloria
1575 539 1916 610 concipitur,
1981 540 2158 596 sessio

2269 539 2478 607 posse);
2507 540 2730 610 νοητῆς,
2755 541 2856 608 τῆς
2880 538 2974 592 τοῦ
3002 537 3139 592 Θεοῦ
3176 534 3452 608 βασιλείας
3479 539 3512 609 ἡ
3538 538 3680 604 δόξα
3718 541 3751 609 ἡ
3778 541 3834 593 δὲ

597 647 726 688 vero
773 635 824 688 in
865 647 952 696 eo,
989 632 1160 686 veluti
1196 631 1569 685 firmissimam
1625 630 1681 685 in
1712 633 1980 685 bonorum
2014 631 2166 685 iden-

595 726 754 778 tilate
793 723 1088 778 stationem
1135 731 1201 776 ac
1250 720 1598 776 durationem
1646 721 1865 776 videtur
1911 723 2162 777 iunuere.

598 817 688 870 Sic
720 817 865 870 enim
893 814 1045 868 canit
1071 817 1126 868 et
1153 813 1377 868 divinus
1413 803 1588 867 David
1622 831 1638 867 :
1675 832 1695 865 ‹
1745 811 1888 870 Deus
1925 814 2076 868 sedet
2109 814 2164 867 in

598 908 736 962 solio
765 911 958 960 sancto
989 905 1114 975 ejus
1135 905 1204 958 ".
1244 921 1265 954 ι
1300 903 1366 956 Et
1415 903 1638 974 quidem
1679 907 1846 958 etiam
1899 905 2165 975 propheta

596 999 859 1054 Jeremias
903 997 1105 1051 alicubi
1154 997 1220 1051 ad
1288 996 1469 1066 ipsum
1512 997 1636 1052 ait:
1675 1011 1695 1048 ι
1738 995 1819 1050 Tu
1869 997 2066 1052 sedens
2109 999 2165 1051 in

597 1091 879 1153 saeculum,
903 1097 957 1142 et
977 1099 1079 1144 nos
1101 1096 1394 1158 pereuntes
1424 1088 1475 1140 in
1503 1089 1764 1142 saeculum
1792 1087 1857 1140 ⁸⁷.
1887 1107 1905 1139 ι
1943 1087 2168 1158 Semper

596 1185 744 1237 enim
795 1190 851 1238 et
885 1185 1034 1237 omni
1093 1193 1340 1252 tempore
1377 1183 1758 1253 corruptibilis
1807 1190 1892 1238 est
1929 1189 1983 1238 et
2024 1183 2167 1237 facta

597 1283 822 1339 natura,
851 1283 905 1330 et
935 1275 1121 1330 omnia
1153 1276 1333 1346 genita
1371 1275 1516 1330 intra
1548 1275 1694 1329 hunc
1731 1275 1954 1330 modum
1994 1289 2054 1329 se
2079 1274 2170 1328 ha-

598 1365 748 1419 bent.
776 1363 941 1419 Sedet
990 1379 1141 1428 vero,
1169 1371 1228 1418 ut
1269 1364 1407 1426 dixi,
1439 1363 1688 1417 omnium
1727 1361 1907 1434 opifex
1943 1370 1997 1417 ct
2037 1377 2168 1433 ope-

598 1459 772 1510 ratrix
829 1457 1142 1527 sapientia,
1192 1456 1246 1510 id
1306 1463 1392 1510 est
1446 1454 1834 1509 inconcussam
1891 1455 2056 1508 habet
2112 1454 2167 1508 in

597 1549 788 1603 eodem
840 1550 1329 1617 perseverantiam.
1357 1545 1458 1602 Vel
1511 1547 1680 1617 igitur
1719 1545 1918 1609 sedere,
1954 1543 2168 1600 Domini

599 1651 855 1694 naturam
893 1638 1191 1709 significat,
1236 1638 1321 1692 vel
1354 1653 1586 1708 regnum
1641 1637 1835 1707 ipsius,
1881 1637 2168 1705 Seraphim

602 1733 659 1788 in
693 1731 877 1801 specie
923 1745 1210 1786 servorum
1257 1731 1307 1784 ei
1361 1730 1695 1791 astantibus,
1737 1745 1970 1798 quorum
2012 1729 2169 1798 longe

602 1837 771 1893 supra
813 1835 1006 1877 omnes
1045 1821 1272 1892 angelos
1317 1830 1402 1875 est
1445 1819 1713 1888 dignatio.
1741 1818 2170 1890 lntcrpretamur

601 1925 783 1970 autem
835 1913 1119 1984 Seraphim
1164 1912 1316 1968 velut
1373 1909 1729 1966 incendiarius
1772 1910 1889 1967 sive
1946 1910 2160 1980 inﬂam-

599 2013 808 2059 mante:
857 2019 877 2059 :
913 2004 1050 2059 nihil
1101 2004 1247 2058 enim
1299 2003 1560 2074 frigidum
1615 2002 1683 2057 ad
1743 2013 2030 2072 supremas
2073 2017 2166 2072 po-

601 2104 849 2159 testates,
891 2109 1013 2166 quae
1048 2089 1157 2150 Dee
1209 2095 1478 2163 proximae
1517 2102 1668 2157 sunt,
1725 2094 1963 2148 accedit.
2013 2091 2168 2159 Quod

598 2200 730 2241 vero
764 2187 1052 2257 Seraphim
1084 2185 1186 2241 alis
1208 2185 1468 2254 obtegam
1505 2183 1700 2240 faciem
1727 2191 1780 2240 et
1805 2185 1995 2255 pedes,
2025 2184 2170 2240 dua-

597 2275 809 2344 busque
856 2274 960 2329 alis
1009 2273 1218 2337 volent,
1249 2273 1470 2342 signum
1520 2284 1609 2330 est
1641 2287 1754 2328 non
1787 2287 1951 2343 posse
1977 2287 2169 2344 quem-

596 2381 763 2437 quam
798 2372 1127 2435 ooneeptum
1175 2371 1232 2418 et
1282 2363 1557 2418 rationem
1607 2363 1676 2417 de
1713 2362 1849 2428 Deo,
1875 2371 1971 2418 aut
2011 2365 2167 2434 prin-

599 2458 804 2528 cipium
852 2463 948 2510 aut
999 2455 1164 2509 linem
1236 2453 1462 2507 intueri.
1499 2451 1672 2522 Caput
1710 2454 1855 2508 enim
1897 2461 1952 2509 et
1993 2453 2169 2508 vultus

599 2545 935 2618 principium
971 2543 1272 2615 significat,
1293 2542 1447 2612 pelea
1471 2557 1602 2598 vero
1629 2543 1791 2599 finem
1818 2561 1830 2596 :
1863 2559 2028 2614 porro
2049 2545 2170 2600 sine

593 2635 878 2709 principio
911 2643 966 2689 et
1005 2633 1115 2688 ﬁne
1160 2631 1332 2698 Deus,
1364 2639 1419 2688 et
1451 2645 1554 2686 nos
1601 2632 1689 2686 vix
1739 2633 1980 2688 medium
2015 2645 2169 2690 asse-

601 2726 846 2798 quimur,
875 2723 1228 2794 ea,inquam,
1257 2737 1381 2792 quae
1408 2721 1712 2777 secundum
1745 2731 1991 2792 tempora
2018 2732 2169 2789 sunt,

595 2817 912 2875 secundum
963 2829 1106 2884 quae,
1139 2827 1205 2869 ea
1256 2827 1378 2883 quae
1417 2812 1714 2884 aliquando
1766 2827 1874 2868 non
1909 2822 2070 2869 erant
2116 2816 2170 2870 in

601 2921 791 2964 rerum
818 2914 1071 2961 naturam
1113 2903 1376 2974 producta
1421 2911 1570 2960 sunt.
1603 2903 1804 2959 Volant
1837 2915 2014 2960 autem
2048 2915 2171 2959 tan-

593 3012 769 3069 quam
815 2996 953 3052 nihil
1004 2996 1274 3050 habentes
1325 2995 1598 3064 abjectum
1633 3009 1696 3050 ac
1731 2996 2057 3064 demissum,
2084 3005 2173 3051 ut-

606 3097 733 3160 pote
759 3101 990 3159 quorum
1033 3086 1265 3156 spiritus
1297 3086 1473 3157 magis
1519 3087 1574 3140 in
1623 3087 1855 3140 sublime
1903 3087 1970 3141 ad
2004 3085 2171 3142 Deum

608 3179 800 3238 tendit.
847 3177 957 3234 Nec
981 3179 1134 3234 enim
1183 3177 1356 3232 sicuti
1403 3191 1502 3233 nos
1536 3185 1754 3232 terrena
1803 3179 2044 3248 sapiunt,
2074 3179 2170 3234 sed

604 3269 662 3324 in
685 3268 1022 3339 quibusdem
1051 3283 1163 3322 non
1191 3267 1520 3322 enarrandis
1545 3269 1981 3337 speculationem
2016 3267 2170 3324 fasti-

602 3362 710 3433 giis
735 3375 800 3415 ac
829 3359 1270 3417 sublimitatibus
1320 3374 1593 3429 supremze
1643 3360 1904 3429 potentia;
1933 3371 2168 3415 mentem

601 3456 922 3520 occupatam
957 3447 1183 3503 habent.
1209 3447 1286 3502 Os
1325 3449 1492 3504 etiam
1520 3448 1602 3503 cis
1633 3448 1887 3503 laudibus
1910 3458 1964 3504 et
1989 3449 2171 3503 faven-

602 3541 738 3594 tium
759 3539 1248 3594 acclamationibus
1271 3547 1570 3608 personat:
1593 3538 1797 3608 quippe
1825 3537 1919 3594 Dei
1940 3540 2171 3610 gloriam

600 3633 924 3692 concinunt.
960 3631 1122 3700 idque
1151 3631 1402 3695 alternis,
1449 3645 1560 3686 non
1585 3631 1730 3698 quod
1770 3629 2049 3695 fatiscant,
2075 3631 2172 3687 sed

601 3723 834 3778 invicem
919 3721 1078 3790 ἰιι
1165 3720 1273 3776 sibi
1331 3719 1598 3775 honorem
1653 3720 2061 3784 concedentes,
2118 3726 2174 3774 et

603 3812 775 3868 Deum
805 3810 1065 3866 laudndi
1095 3809 1271 3866 vicem
1293 3811 1397 3865 sibi
1425 3821 1615 3864 mutuo
1643 3811 1922 3866 tradentes
1951 3822 1965 3862 ι
1990 3811 2173 3864 omnia

603 3903 750 3958 enim
781 3901 839 3955 in
878 3898 1076 3953 ordine
1129 3915 1252 3969 qua:
1300 3914 1467 3969 supra
1511 3907 1663 3954 sunt.
1699 3898 1806 3954 Ter
1834 3916 1967 3954 vero
2017 3901 2171 3964 illud,

604 4000 820 4049 adactus
848 4030 864 4056 ,
899 3989 1147 4044 dicentes
1203 3989 1546 4045 concludunt
1607 3991 2060 4060 gloriﬁcationem
2117 3996 2173 4050 in

607 4084 732 4147 hoc,
762 4100 785 4134 ε
829 4079 1095 4136 Dominus
1119 4077 1392 4144 Sabmth,
1431 4098 1456 4131 τι
1497 4080 1552 4133 in
1584 4093 1692 4132 una
1726 4088 1935 4136 natum
1971 4082 2174 4139 deitate

603 4182 857 4230 sanctam
895 4171 1227 4226 Trinitatem
1261 4172 1624 4227 collocantes.
1665 4171 1982 4228 Subsistere
2029 4175 2173 4229 enim

607 4282 736 4322 vere
768 4265 1008 4321 dicimus
1040 4263 1280 4326 Patrem.
1323 4263 1407 4318 sic
1446 4272 1506 4319 et
1555 4263 1776 4330 Filium,
1808 4276 1861 4322 et
1911 4267 2173 4338 Spiritum

606 4367 888 4422 sanctum,
916 4371 1018 4412 nec
1049 4357 1158 4411 ulla
1194 4355 1340 4412 ratio
1375 4355 1429 4410 in
1477 4355 1849 4412 diversitatem
1887 4358 2173 4428 physicam

606 4450 798 4506 divisit
828 4463 1278 4520 unumquemque
1333 4447 1808 4518 supradictorum,
1837 4449 1933 4504 sed
1969 4451 2030 4504 in
2075 4451 2176 4504 tri~

608 4541 736 4614 plici
777 4541 1062 4614 hypostasi
1093 4555 1203 4594 una
1229 4538 1410 4595 deitas
1440 4539 1783 4610 intelligitur.

677 4633 1148 4703 Quemadmodum
1187 4631 1334 4688 enim
1371 4632 1541 4687 carbo
1579 4639 1776 4686 natura
1809 4633 2015 4705 lignum
2053 4645 2171 4698 est,

603 4737 659 4784 et
687 4727 887 4798 alioqui
918 4733 1069 4782 totus
1095 4737 1195 4796 per
1227 4731 1402 4780 totum
1434 4723 1560 4795 igne
1590 4723 1783 4783 Dlenua
1809 4733 1925 4791 est,
1945 4724 2176 4796 ejusque

605 4820 714 4874 vim
756 4833 821 4874 ac
865 4817 1162 4873 efﬁcaciam
1197 4815 1394 4881 habet,
1435 4815 1512 4869 sic
1537 4821 1592 4869 et
1625 4813 1860 4871 Verbum
1901 4815 2044 4886 ignis
2080 4831 2176 4871 ex-

606 4911 810 4968 sis'eus
845 4917 906 4964 ut
938 4908 1081 4964 Deus
1100 4950 1116 4974 ,
1143 4926 1166 4960 ι
1200 4907 1403 4962 factum
1435 4915 1521 4963 est
1551 4917 1708 4972 care,
1736 4917 1791 4962 et
1822 4907 2090 4964 habitavit
2116 4908 2173 4964 in

605 4999 786 5054 nobis.
816 5017 837 5051 ι
859 4997 975 5052 Etsi
1020 5012 1151 5052 vero
1175 4997 1621 5066 conspiciebatur
1657 4997 1822 5052 homo
1868 4996 2042 5052 instar
2075 5015 2173 5052 no-

603 5099 778 5147 strum
797 5106 867 5146 ex
897 5089 1324 5161 dispensationis
1357 5088 1569 5153 ordine,
1593 5097 1834 5143 attamen
1861 5104 2024 5145 omne
2053 5090 2172 5145 dei-

603 5183 732 5240 tatia
755 5183 1217 5253 complementum
1247 5180 1302 5236 in
1332 5195 1400 5235 eo
1424 5179 1700 5236 residebat
1723 5221 1738 5246 ,
1771 5181 2030 5236 nimirum
2077 5198 2174 5252 per

605 5274 825 5330 unionis
863 5274 1108 5328 malum.
1159 5271 1372 5326 Idcirco
1407 5271 1573 5327 etiam
1614 5285 1710 5340 per
1750 5285 1906 5327 suam
1949 5287 2169 5328 carnem

605 5359 716 5416 Deo
765 5363 1120 5433 dignissimas
1166 5362 1374 5417 habere
1407 5363 1658 5417 cernitur
1693 5365 2067 5434 operationes.
2109 5366 2170 5421 Si

605 5466 737 5507 vero
765 5450 982 5508 dicatur
1015 5453 1230 5524 forcipe
1259 5453 1380 5524 capi
1403 5490 1420 5518 ,
1479 5453 1756 5524 intelliges
1805 5455 2083 5526 eleganter
2113 5465 2172 5513 et

607 5541 839 5608 urbane,
863 5557 966 5600 nos
997 5546 1145 5600 circa
1175 5560 1301 5600 eum
1323 5544 1486 5599 [idem
1511 5557 1576 5598 ac
1603 5545 1854 5600 notitiam
1887 5549 2034 5602 velut
2070 5549 2172 5603 ali-

603 5647 713 5704 qua
743 5631 972 5704 forcipe,
1009 5649 1105 5702 per
1124 5633 1326 5701 legales
1355 5633 1518 5688 simul
1553 5641 1608 5689 et
1643 5635 1991 5705 propheticas
2013 5638 2170 5695 insti-

604 5724 870 5792 tutiones,
901 5723 1017 5779 sive
1041 5721 1426 5794 praedictiones
1455 5729 1510 5776 et
1535 5723 1869 5778 testimonia.

653 5839 725 5898 ,⁸⁸
747 5837 910 5920 Psal.
942 5853 1101 5926 ξιιμ,
1138 5837 1222 5890 19.
1302 5835 1345 5866 ³⁷
1386 5833 1595 5888 Baruch
1630 5852 1726 5902 ιιι,
1761 5836 1815 5889 '5.

2266 629 2483 692 κάθισις
2511 631 2545 700 ἡ
2582 630 2668 682 ἐπ’
2705 630 2875 698 αὐτῷ,
2903 630 3002 699 τὴν
3040 627 3192 683 οίονεί
3245 629 3598 699 βεϐαιοτάτην
3636 630 3731 683 καὶ
3775 631 3836 682 ἐν

2264 723 2547 792 ταυτότητι
2567 722 2673 774 τῶν
2701 719 2921 790 ἀγαθῶν
2947 721 3155 793 ἴδρυσίν
3175 737 3233 773 τε
3257 721 3350 774 καὶ
3373 719 3634 792 διαμονὴν
3659 721 3836 774 ἔοικεν

2266 814 2585 884 ὑποδηλοῦν.
2611 815 2818 868 vim“
2849 815 2955 886 γὰρ
2983 813 3124 867 οῦτω
3149 814 3240 867 καὶ
3267 811 3295 868 ὁ
3323 813 3465 877 Θεῐος
3494 813 3657 867 Δαόίδ
3677 832 3689 845 ι
3721 832 3740 865 ι
3776 814 3838 866 ’0

2266 906 2402 968 Θεὸς
2451 905 2685 976 κάθηται
2729 906 2822 959 ἐπὶ
2874 907 3066 975 θρόνου
3105 905 3260 973 ἁγίου
3313 903 3500 958 αὐτοῦ.
3533 923 3552 956 ι
3589 906 3699 959 Καὶ
3729 905 3839 974 μὴν

2268 997 2360 1049 καὶ
2393 999 2420 1050 ό
2469 997 2760 1067 προφήτης
2813 997 3084 1068 Ἱερεμίας
3129 995 3266 1064 πρὸς
3301 995 3462 1050 αὐτόν
3512 996 3617 1051 πού
3667 1013 3837 1066 φησιο

2273 1107 2292 1138 ι
2325 1089 2395 1142 Σὺ
2439 1087 2748 1158 καθήμενος
2782 1089 2862 1152 εἰς
2891 1089 2983 1140 τὸν
3025 1087 3220 1151 αίῶνα,
3256 1089 3350 1140 καὶ
3402 1089 3562 1158 ἡμεῖς
3603 1086 3840 1142 suam-

2271 1197 2422 1251 μενοι
2461 1181 2540 1244 είς
2563 1179 2653 1232 τὸν
2683 1180 2870 1233 αἰῶνα.
2901 1199 2920 1231 ι
2953 1181 3062 1232 Ἀεὶ
3097 1179 3205 1250 γὰρ
3237 1179 3331 1232 καὶ
3361 1181 3418 1233 ὲν
3449 1181 3610 1234 παντὶ
3637 1182 3838 1252 χρόνῳ,

2271 1272 2483 1342 φθαρτή
2516 1272 2574 1326 τὲ
2598 1272 2828 1324 ἐστικαὶ
2856 1271 3196 1342 πεποιημένη
3226 1272 3384 1340 φύσις
3416 1273 3508 1324 καὶ
3533 1272 3641 1324 τῶν
3671 1288 3839 1341 γενη-

2267 1364 2377 1418 τῶν
2407 1365 2467 1417 ὲν
2497 1363 2706 1426 τούτοις
2741 1363 2806 1416 τὸ
2849 1363 3067 1434 μέτρον.
3095 1363 3347 1432 Κάθηται
3383 1363 3464 1427 δὲ,
3505 1362 3581 1426 ὡς
3618 1363 3775 1430 ἔφην,
3804 1365 3839 1433 ἡ

2270 1458 2491 1510 πάντων
2518 1458 2750 1527 τεχνῖτις
2778 1457 2873 1509 καὶ
2903 1454 3230 1526 δημιουργὸς
3262 1453 3444 1523 σοφία,
3479 1453 3628 1507 τοῦτ’
3670 1455 3838 1517 ἔστιν,

2268 1550 2564 1621 ἀκλόνητον
2587 1549 2700 1621 ἔχει
2731 1550 2830 1621 τὴν
2859 1550 2916 1601 ὲν
2947 1546 3130 1618 ταυτῷ
3156 1547 3435 1617 διαμονήν.
3461 1543 3534 1599 Ἣ
3571 1545 3750 1600 τοίνυν
3779 1546 3842 1600 se

2269 1641 2586 1711 καθῆσθαι,
2616 1642 2714 1712 τὴν
2747 1639 2838 1695 τοῦ
2875 1641 3144 1694 Δεσπότου
3167 1639 3329 1710 φύσιν
3363 1639 3638 1710 σημαίνει,
3674 1639 3708 1708 ἢ
3738 1638 3838 1708 τὴν

2272 1734 2548 1806 βασιλείαν
2593 1732 2782 1798 αὑτοῦ,
2837 1731 3206 1803 παρεστώτων
3259 1732 3436 1784 αὐτῶν
3490 1732 3548 1784 ὲν
3595 1731 3838 1800 σχήματι

2269 1825 2513 1889 δουλείας
2540 1823 2652 1878 τῶν
2680 1824 2950 1895 Σεραφὶμ,
2987 1823 3022 1877 ἃ
3052 1823 3308 1894 ὑπεράνω
3349 1823 3464 1876 ἐστὶ
3496 1823 3592 1875 καὶ
3619 1823 3836 1890 ἐντιμό-

2267 1931 2405 1986 τερα
2431 1913 2543 1967 τῶν
2581 1912 2828 1982 ἀγγέλων
2855 1912 3091 1966 πάντων.
3131 1911 3556 1983 Διερμηνεύεται
3576 1910 3633 1963 δὲ
3665 1911 3835 1980 Σερα-

2270 2003 2395 2072 φὶμ,
2432 2001 2790 2072 ἐμπρησταὶ,
2828 2001 2946 2070 ἦτοι
2973 2001 3387 2069 θερμαίνοντες
3411 2017 3425 2031 ο
3466 2000 3674 2072 ψυχρὸν
3727 2001 3836 2070 γὰρ

2266 2091 2421 2146 οὐδὲν
2447 2093 2759 2161 παράγεται
2789 2093 2908 2155 ταῖς
2940 2091 3052 2145 ἄνω
3092 2091 3405 2161 δυνάμεσιν,
3440 2092 3604 2162 αἴπερ
3635 2091 3700 2145 ἂν
3725 2089 3836 2144 εἷεν

2271 2184 2508 2256 μάλιστα
2537 2184 2631 2238 καὶ
2672 2183 2841 2251 ἔγγὺς
2866 2181 3023 2236 Θεοῦ.
3060 2182 3336 2252 Σύμϐολον
3377 2182 3433 2234 δὲ
3461 2183 3522 2236 τὸ
3557 2186 3678 2247 ταῖς
3711 2183 3837 2236 πτέ-

2275 2274 2395 2345 ρυξι
2418 2271 2862 2327 κατακαλύπτειν
2881 2271 2949 2324 τὰ
2969 2271 3241 2342 Σεραφὶμ,
3259 2271 3321 2325 τό
3336 2281 3394 2324 τε
3427 2271 3718 2342 πρόσωπον
3742 2275 3839 2326 καὶ

2266 2366 2395 2430 τοὺς
2426 2364 2617 2429 πόδας,
2641 2363 2736 2416 καὶ
2768 2361 3025 2415 πέτεσθαι
3061 2363 3182 2424 ταῖς
3210 2360 3328 2413 δυσὶ
3356 2361 3600 2433 πτέρυξι,
3631 2360 3726 2414 τοῦ
3762 2365 3837 2430 μὴ

2266 2455 2522 2511 δύνασθαί
2562 2463 2715 2519 τινας
2757 2454 2791 2525 ἢ
2841 2453 3016 2524 ἀρχὴν
3069 2452 3102 2524 ἢ
3161 2451 3315 2516 τέλος
3354 2453 3487 2522 όρᾷν
3531 2451 3752 2506 ἐννοιῶν
3803 2451 3839 2514 ἡ

2267 2549 2442 2618 λόγων
2477 2549 2586 2602 τῶν
2629 2548 2758 2618 περὶ
2801 2546 2959 2600 Θεοῦ.
3002 2545 3265 2615 Σημαίνει
3305 2545 3415 2616 γὰρ
3454 2545 3557 2614 τὴν
3599 2546 3773 2617 ἀρχὴν
3804 2546 3840 2616 ἡ

2269 2639 2506 2709 κεφαλὴ
2545 2638 2638 2692 καὶ
2667 2639 2726 2691 τὸ
2756 2638 3109 2704 πρόσωπον-⁸
3148 2636 3209 2690 τὸ
3248 2637 3302 2690 δέ
3332 2650 3395 2704 γε
3429 2635 3605 2701 τέλος,
3637 2639 3690 2692 ei
3734 2641 3844 2693 πό-

2269 2731 2402 2796 δεςο
2451 2731 2687 2800 ἄναρχον
2725 2728 2831 2800 γὰρ
2857 2729 2918 2781 τὺ
2948 2729 3103 2782 Θεϊον
3134 2729 3229 2782 καὶ
3266 2728 3638 2800 ἀτελεύτητον,
3670 2747 3842 2801 προσ-

2267 2819 2540 2891 ϐάλλομεν
2563 2817 2622 2872 δὲ
2647 2820 2760 2882 τοῖς
2790 2819 2878 2872 διὰ
2911 2818 3078 2889 μέσου
3111 2819 3284 2888 μόλις,
3312 2822 3425 2882 τοῖς
3454 2820 3594 2872 κατὰ
3616 2837 3681 2888 γε
3711 2822 3843 2884 τοὺς

2269 2912 2498 2984 χρόνους
2528 2911 2672 2982 φημί
2690 2928 2704 2944 θ
2728 2911 2849 2965 καθ’
2883 2911 2974 2974 οὒς
3004 2911 3069 2964 τὰ
3101 2912 3202 2964 οὐκ
3230 2911 3360 2965 ὄντα
3394 2912 3523 2965 ποτὲ
3553 2913 3844 2985 παρήχθη-

2273 3021 2372 3057 σαν
2401 3001 2539 3074 πρὸς
2570 3000 2826 3071 ὓπαρξιν.
2858 2999 3118 3055 Πέτονταί
3145 3014 3208 3068 γε
3246 3001 3353 3071 μὴν
3389 2999 3466 3065 ὡς
3501 3001 3653 3054 οὐδὲν
3686 3002 3842 3071 ἔχον-

2271 3112 2362 3160 τες
2395 3095 2456 3149 τὸ
2488 3094 2959 3164 κατερῤιμμένον·
2998 3092 3133 3162 ὑψοῦ
3173 3092 3229 3144 δὲ
3262 3093 3460 3162 μᾶλλον
3492 3095 3579 3149 ἀεὶ⁴
3608 3094 3670 3146 τὸ
3708 3094 3845 3165 φρό-

2198 3217 2243 3278 C
2273 3206 2420 3260 νημα
2453 3187 2588 3259 πρὸς
2615 3186 2764 3239 Θεόν.
2797 3185 2871 3238 Οὐ
2907 3185 3014 3255 γάρ
3037 3200 3118 3238 τοι
3141 3185 3276 3254 πρὸς
3303 3187 3449 3278 ἡμᾶς
3482 3186 3741 3256 φρονοῦσι
3775 3187 3842 3240 τὲ

2271 3283 2456 3334 κάτον
2490 3279 2604 3332 ἀλλ’
2641 3280 2698 3331 ἐν
2734 3279 3074 3350 ἀπορρήτοις
3112 3279 3254 3330 τισὶν
3293 3277 3578 3348 ὑψώμασιν
3622 3279 3843 3334 ἐννοιῶν

2270 3373 2326 3424 αἱ
2354 3370 2628 3425 ἁνὼταται
2665 3369 2942 3440 δυνάμεις,
2982 3369 3074 3422 τὸν
3112 3371 3309 3422 οἰκεῖον
3350 3370 3531 3440 ἔχουσι
3565 3371 3706 3424 νοῦν.
3738 3371 3841 3425 Εὖ-

2269 3477 2454 3532 φημον
2484 3459 2542 3514 δὲ
2571 3461 2664 3514 καὶ
2688 3461 2749 3512 τὸ
2775 3461 2948 3530 στόμα
2973 3461 3154 3522 αὐτοῖς
3172 3477 3186 3490 ·
3214 3459 3553 3530 δοξολογοῦσι
3583 3462 3714 3532 γὰρ,
3747 3463 3842 3515 καὶ

2269 3554 2429 3607 τοῦτο
2467 3553 2525 3620 ἐξ
2550 3551 2810 3624 ἀμοιῦἧς,
2835 3553 2894 3604 οὐ
2919 3552 3007 3604 διά
3037 3569 3100 3621 γε
3129 3553 3189 3605 τὸ
3215 3555 3464 3621 κάμνειν,
3490 3553 3844 3624 παραχωροῦο

2273 3661 2365 3697 σαι
2398 3642 2596 3714 μᾶλλον
2619 3643 2718 3706 τὰς
2747 3643 2914 3712 τιμὰς
2943 3642 3221 3712 ἀλλήλαις,
3255 3643 3350 3696 καὶ
3379 3642 3840 3714 ἀντιδωρούμεναι

2270 3736 2369 3800 τὰς
2397 3735 2730 3804 δοξολογίαςο
2763 3736 2942 3789 πάντα
2969 3735 3078 3806 γὰρ
3115 3735 3173 3786 ὲν
3213 3735 3403 3805 κόσμῳ
3433 3735 3499 3788 τὰ
3550 3734 3682 3788 ἄνω.
3707 3735 3843 3805 Τρὶς

2269 3828 2328 3882 δὲ
2358 3828 2438 3891 τὸ,
2463 3828 2629 3897 ἅγιος
2680 3827 2950 3894 λέγοντες,
2989 3825 3370 3878 κατακλείουσι
3397 3826 3494 3896 τὴν
3535 3824 3842 3892 δοξολογίαν

2271 3919 2352 3980 είς
2384 3917 2466 3979 τὸ,
2517 3935 2533 3967 ι
2562 3915 2762 3986 Κύριος
2797 3914 3047 3977 Σαϐαὼθ,
3080 3935 3098 3966 ι
3149 3917 3208 3968 ὲν
3244 3916 3339 3986 μιᾷ
3369 3913 3583 3983 φύσεως
3629 3915 3842 3983 θεότητι

2273 4008 2372 4078 τὴν
2404 4007 2563 4074 ἁγίαν
2596 4007 2832 4069 τιθέντες
2877 4006 3100 4077 Τριάδα.
3144 4006 3469 4074 ’Υφεστάναι
3508 4007 3616 4078 γὰρ
3653 4008 3844 4078 ὁμολο-

2275 4099 2555 4168 γουμένως
2583 4097 2760 4166 φαμὲν
2789 4097 2879 4149 τὸν
2916 4098 3154 4168 Πατέρα,
3179 4097 3320 4151 οὕτω
3342 4097 3399 4151 δὲ
3437 4099 3529 4151 καὶ
3571 4098 3662 4150 τὸν
3694 4099 3842 4163 Υίὸν,

2275 4188 2371 4242 καὶ
2397 4187 2459 4240 τὸ
2492 4187 2718 4258 Πνεῦμα
2747 4187 2807 4240 τὸ
2837 4187 3010 4255 ἅγιον,
3055 4189 3148 4241 καὶ
3183 4188 3342 4256 λόγος
3369 4189 3543 4251 οὐδεὶς
3570 4189 3846 4259 διατέμνει

2274 4282 2410 4353 πρὸς
2437 4283 2728 4352 ἑτερότητα
2755 4281 2988 4350 φυσικὴν
3017 4281 3125 4333 τῶν
3165 4281 3566 4351 ὠνομασμένων
3592 4281 3845 4343 ἕκαστον,

2275 4373 2391 4428 ἀλλ’
2417 4374 2481 4427 ὲν
2507 4373 2841 4427 ὑποστάσεσι
2873 4373 3021 4444 τρισὶ
3049 4375 3253 4426 νοεῖται
3293 4374 3390 4445 μία
3421 4371 3632 4443 θεότης.

2201 4549 2248 4605 D
2273 4623 2282 4628 ς

2352 4637 2562 4706 ’Ὠσπερ
2590 4633 2743 4706 γὰρό
2765 4633 2991 4705 ἄνθραξ,
3016 4635 3082 4704 τῇ
3120 4632 3280 4704 φύσει
3320 4631 3480 4699 ξύλον
3517 4633 3632 4687 ἐστὶ
3652 4673 3666 4694 ,
3702 4633 3847 4703 πλὴν

2279 4723 2398 4786 ὅλος
2416 4723 2483 4776 δι’
2501 4721 2626 4776 ὃλου
2669 4722 3012 4792 μεμέστωται
3049 4721 3144 4774 τοῦ
3190 4721 3380 4792 πυρὸς,
3421 4723 3516 4775 καὶ
3540 4721 3638 4792 τὴν
3679 4723 3844 4775 αὑτοῦ

2276 4815 2508 4885 δύναμιν
2537 4814 2632 4868 καὶ
2677 4815 2962 4884 ἐνέργειαν
3000 4813 3133 4884 ἔχει,
3170 4813 3314 4867 οὕτω
3341 4815 3436 4867 καὶ
3459 4813 3490 4866 ό
3531 4814 3704 4880 Λόγος
3735 4814 3846 4882 πῦρ

2275 4908 2372 4971 ὣν,
2401 4907 2476 4972 ὡς
2494 4907 2647 4972 Θεὸς,
2674 4927 2694 4960 ι
2713 4907 2905 4978 γέγονε
2929 4906 3085 4976 σὰρξ,
3107 4907 3203 4960 καὶ
3229 4906 3538 4978 ἐσκήνωσεν
3557 4907 3614 4959 ὲν
3642 4907 3800 4975 ἡμῖν.
3823 4925 3842 4956 ι

2290 5000 2431 5054 Ἀλλ’
2457 5001 2512 5056 εί
2549 5000 2643 5053 καὶ
2669 4994 2740 5070 ἦν
2770 4999 2889 5052 καθ’
2917 4999 3064 5068 ἡμᾶς
3091 4996 3366 5068 ὁρώμενος
3385 4996 3671 5068 ἅνθρωπος
3703 4998 3847 5049 otto-

2278 5091 2539 5162 νομικῶς,
2574 5091 2687 5144 ἀλλ’
2720 5086 2814 5144 οὖν
2843 5089 2992 5143 ἅπαν
3023 5089 3086 5142 τὸ
3129 5089 3228 5160 τῆς
3272 5089 3525 5158 θεότητος
3569 5086 3846 5156 πλήρωμα

2280 5183 2599 5252 κατῴκησεν
2637 5183 2696 5235 ὲν
2713 5180 2880 5251 αὐτῷ,
2911 5180 3054 5234 καινά
3088 5180 3151 5248 γέ
3185 5195 3327 5250 φημι
3353 5181 3444 5233 τὸν
3473 5180 3572 5250 τῆς
3595 5178 3846 5240 ινώσεως

2275 5275 2498 5346 τρόπον.
2524 5273 2716 5345 Ταύτῃ
2743 5289 2826 5326 τοι
2855 5273 2950 5326 καὶ
2970 5273 3061 5326 διὰ
3086 5271 3186 5342 τῆς
3219 5273 3354 5336 ιδίας
3375 5271 3597 5343 mpm,
3619 5271 3846 5341 Θεοπρο-

2275 5367 2550 5430 πεστάτας
2597 5366 2738 5437 ἔχων
2768 5365 2962 5437 ὁρᾶται
2987 5367 3088 5429 τὰς
3127 5365 3428 5438 ἐνεργείας.
3464 5365 3526 5418 Ei
3552 5363 3610 5417 ἢ
3658 5363 3725 5434 δὴ
3756 5361 3844 5415 λι-

2276 5470 2426 5524 γοιτο
2469 5459 2535 5526 τῇ
2560 5455 2736 5509 nam
2769 5453 3158 5527 λαμϐάνεσθαι,
3194 5456 3446 5524 συνήσεις
3475 5453 3730 5515 ἀστείως,
3759 5452 3846 5504 δτι

2276 5546 2376 5615 τὴν
2407 5546 2495 5597 ἐπ’
2526 5544 2673 5614 αὐτῷ
2700 5543 2882 5598 πίστιν
2909 5544 3003 5597 καὶ
3025 5544 3223 5612 γνῶσιν
3243 5541 3495 5610 καθάπερ
3519 5538 3628 5592 τινὶ
3668 5537 3849 5592 λασίδι

2275 5635 2564 5705 δεχόμεθα,
2595 5634 2684 5688 διὰ
2714 5634 2959 5704 νομικῶν
2976 5650 3035 5687 τε
3065 5633 3181 5704 ἅμα
3202 5633 3296 5686 καὶ
3323 5629 3684 5704 προφητώ
3705 5645 3852 5682 ’παι-

2273 5727 2574 5796 δευμὰτων,
2609 5728 2728 5796 ἦτοι
2759 5725 3212 5795 προαγορεύσεων
3242 5724 3334 5778 καὶ
3365 5719 3704 5793 μαρτυριῶν.
