4106 6262
316 394 412 448 IOI

1121 386 1186 440 IN
1226 383 1565 440 JOANNEM.
1600 415 1668 426 ——
1693 385 1819 439 LIB.
1863 383 1957 438 VII
2001 379 2086 438 ET
2133 383 2240 439 VIII
2271 381 2720 440 FRAGMENTA.

3458 387 3557 442 102

390 515 576 580 Ὅμως
622 507 851 578 μέντοι
902 506 998 558 καὶ
1041 506 1110 558 ἐκ
1159 501 1281 557 τῶν
1324 503 1632 572 ἀρχόντων
1677 501 1891 554 πολλοὶ

2068 499 2157 554 Xll
2181 541 2194 566 ,
2229 501 2318 554 4-2.
2359 501 2557 555 Tantm
2591 511 2638 556 et
2673 515 2738 554 ex
2770 501 3096 570 principibus
3128 502 3282 555 multi
3326 505 3560 559 credide-

317 606 688 659 ἐπίστευσαν
723 601 810 664 εἰς
853 599 1057 661 αὐτὸν,
1093 598 1188 650 καὶ
1219 596 1291 648 τὰ
1321 596 1467 665 ἑξῆς.

388 697 500 749 Νῦν
537 694 637 764 μέν
673 709 757 745 τοι
796 689 1195 758 συνωθούμενοι
1239 687 1346 740 ὑπὸ
1374 686 1482 740 τῶν
1522 686 1766 756 σημείων
1811 685 1889 747 είς
1978 715 1980 718 ›

314 789 376 842 τὸ
408 785 706 846 πιστεύειν,
755 783 849 836 καὶ
879 782 1064 835 οὐκέτι
1110 779 1419 850 τολμῶντες
1472 779 1776 847 ἀντιλέγειν
1813 776 1890 847 τῷ

316 878 522 949 Κυρίῳ,
561 876 887 929 ἐκπίπτουσι
916 873 1015 942 τῆς
1064 871 1285 925 αἰωνίου
1331 870 1495 941 ζωῆς,
1535 872 1766 941 ἐπιμονῇ
1791 871 1890 939 τῆς

318 966 528 1020 ἑαυτῶν
560 963 864 1034 βδελυρίας,
895 961 992 1032 τῆν
1021 961 1102 1024 εἰς
1125 959 1446 1029 ἀνθρώπους
1468 959 1602 1012 αίδὼ
1631 961 1730 1029 τῆς
1755 959 1890 1029 πρὸς

315 1061 448 1113 Θεὸν
493 1058 821 1120 οἱκειώσεως
870 1058 1337 1126 προτιμήσαντες,
1388 1055 1482 1108 καὶ
1536 1055 1692 1125 δόξης
1725 1071 1889 1126 προσ-

319 1151 509 1222 καίρου
563 1149 738 1201 δοῦλοι
789 1149 960 1213 ὅντες,
1016 1147 1291 1219 ἀφόρητον
1346 1147 1636 1217 ἡγούμενοι
1689 1147 1890 1215 ζημίαν

316 1243 378 1295 τὺ
411 1242 662 1293 ἐκπεσεῖν
701 1239 800 1304 τῆς
825 1240 887 1290 ἐκ
919 1236 1029 1290 τῶν
1057 1236 1368 1306 Φαρισαίων
1403 1237 1582 1304 τιμῆς.
1624 1236 1777 1288 Ἔπεὶ
1798 1230 1890 1289 οὖν

317 1333 476 1388 τοῦτο
500 1329 568 1402 ἤν
605 1332 668 1384 τὸ
695 1329 904 1383 κωλύον
931 1331 1130 1392 αὑτοὺς
1162 1329 1453 1381 πιστεῦσαι
1480 1329 1623 1388 τότε,
1659 1328 1890 1382 ἄκουσον

317 1426 370 1478 τί
403 1441 568 1493 φησιν
597 1425 626 1475 ὁ
649 1422 905 1494 Χριστός.

401 1518 462 1568 '0
505 1515 805 1568 moth
865 1515 952 1578 ὲίς
1000 1511 1137 1581 ἐμὲ,
1183 1514 1255 1566 σὺ
1305 1511 1572 1564 πιστεύει
1629 1512 1718 1578 είς
1763 1510 1888 1580 ἐμὲ,

317 1609 457 1663 ἀλλ’
479 1610 566 1674 εἰς
590 1609 696 1660 τὸν
726 1604 1049 1676 πέμψαντὰ
1069 1622 1166 1674 με,
1199 1605 1296 1658 καὶ
1325 1603 1392 1656 τὰ
1427 1599 1572 1673 ἑξῆς.

393 1702 601 1772 Κράζει
644 1700 700 1754 δὲ
733 1699 883 1772 παρὰ
917 1699 978 1751 τὺ
1027 1697 1214 1761 εἰωθὸς
1254 1696 1464 1766 ἐαυτῷ,
1497 1696 1708 1765 ἐλέγχει
1757 1694 1814 1748 δὲ
1855 1692 1888 1767 ἡ

318 1791 540 1862 κραυγὴ
565 1777 674 1843 τῶν
701 1789 1106 1842 πιστευσάντων
1147 1787 1246 1858 μὲν
1273 1789 1352 1850 είς
1388 1786 1569 1849 αὑτὸν,
1600 1787 1699 1839 οὑκ
1728 1788 1892 1854 ἐγκα-

318 1877 647 1947 λυψαμένων
677 1877 732 1930 δὲ
757 1877 859 1942 ἔτι,
893 1877 992 1948 τὴν
1021 1866 1251 1948 ἄκαιρον
1293 1875 1447 1930 αίδὼ.
1480 1877 1558 1929 Ού
1591 1875 1702 1945 γὰρ
1737 1875 1892 1946 λελη-

321 1966 491 2030 θότως
512 1966 771 2038 τιμᾶσθαι
804 1967 1049 2037 βούλεται
1081 1966 1232 2038 παρὰ
1251 1965 1362 2020 τῶν
1394 1964 1693 2037 θαυμάζειν
1731 1967 1892 2020 αὑτὸν

321 2055 679 2128 βουλομένων,
707 2056 844 2110 ἀλλά
875 2055 1144 2126 φανερῶς.
1172 2055 1386 2128 Χρῆναι
1407 2055 1514 2126 γὰρ
1545 2054 1892 2125 ὑπελάμϐανε

321 2152 422 2219 τὴν
453 2149 550 2220 μὲν
577 2149 758 2204 πίστιν
796 2149 1151 2204 ἀποτίθεσθαι
1176 2151 1242 2220 τῇ
1277 2149 1496 2221 καρδίᾳ,
1533 2149 1802 2203 ποιεῖσθαί
1829 2167 1894 2219 γε

327 2241 435 2311 μὴν
479 2244 536 2294 ὲν
585 2242 868 2313 παρρησίᾳ
901 2241 1068 2312 πολλῇ
1113 2241 1214 2311 τὴν
1261 2241 1349 2294 ἐπ’
1398 2241 1534 2312 αὑτῇ
1579 2242 1896 2312 σοφωτάτην

324 2331 634 2399 ὁμολογίαν.
681 2333 899 2402 Ἐπειδὴ
943 2333 1001 2386 δὲ
1037 2332 1169 2396 Θεδς
1215 2331 1358 2385 κατά
1402 2331 1565 2402 φύσιν
1609 2333 1892 2406 ὑπάρχων,

325 2422 430 2492 τὴν
466 2420 584 2475 καθ’
627 2423 773 2492 ἡμᾶς
807 2422 972 2475 ὑπέδυ
1021 2422 1251 2494 μορφὴν,
1285 2425 1634 2494 παραιτεῖται
1677 2425 1898 2496 γυμνῶς

327 2516 409 2578 εἰς
441 2513 736 2586 μισούντων
766 2513 932 2577 ἀκοὰς
973 2515 1054 2577 είς
1090 2515 1150 2567 τὺ
1203 2514 1374 2586 παρὸν
1424 2515 1618 2579 εἰπεῖν,
1660 2516 1742 2569 ὅτι
1790 2516 1896 2588 χρὴ

326 2607 608 2660 πιστεύειν
652 2605 730 2668 είς
758 2605 940 2669 αὑτὸν,
989 2605 1165 2662 καίτοι
1197 2605 1455 2670 πολλάκις
1502 2607 1659 2661 τοῦτο
1692 2608 1894 2662 είπών·

322 2695 790 2766 οἰκονομικώτατα
827 2694 883 2749 δὲ
930 2695 1039 2748 τῶν
1070 2696 1436 2767 νενοσηκότων
1489 2699 1576 2750 ἐπ’
1618 2697 1768 2769 αὑτῷ
1807 2699 1898 2752 τὸν

321 2787 616 2841 ἀτίθασσον
657 2785 850 2855 φθόνον
880 2785 1199 2857 καταϐραχὺ
1232 2788 1610 2859 προσερεθίζει
1657 2789 1747 2842 τὸν
1775 2790 1898 2844 νοῦν

322 2872 698 2929 καθικνεῖσθαι
728 2873 866 2943 πρὸς
901 2874 960 2925 τὸ
993 2873 1156 2944 βάθος
1188 2874 1296 2927 τῶν
1331 2876 1461 2946 περὶ
1495 2877 1658 2930 αὑτὸν
1695 2896 1900 2950 μυστη-

328 2968 479 3038 ρίων,
510 2966 609 3018 οὐκ
631 2967 712 3028 εἰς
748 2963 1090 3036 ἀνθρώπινον
1120 2965 1432 3036 πρόσωπον,
1468 2966 1584 3020 ἀλλ’
1617 2969 1692 3031 είς
1719 2969 1780 3022 τὸ
1801 2972 1899 3041 τῆς

321 3058 474 3119 θείας
513 3055 721 3120 οὐσίας,
749 3055 827 3118 ὡς
862 3055 1162 3126 νοουμένης
1194 3057 1291 3126 τῆς
1317 3057 1569 3128 θεότητος
1594 3060 1900 3131 ὁλοκλήρως

325 3153 381 3202 ὲν
411 3139 486 3218 τῷ
517 3147 792 3218 προσώπῳ
825 3146 918 3199 τοῦ
947 3145 1083 3200 Θεοῦ
1110 3150 1205 3200 καὶ
1242 3149 1475 3220 Πατρός.
1508 3152 1660 3220 Ἔχει
1698 3153 1808 3224 γάρ
1842 3155 1897 3205 ὲν

326 3239 506 3310 ἑαυτῷ
538 3238 628 3290 τὸν
686 3237 813 3289 Υίὸν
870 3235 966 3290 καὶ
1025 3236 1088 3289 τὸ
1135 3235 1376 3308 Πνεῦμα.
1424 3234 1604 3294 Διίἶιν
1642 3244 1750 3314 γάρ
1798 3261 1901 3315 φη-

325 3348 443 3384 σιν’
501 3349 520 3382 ι
557 3331 613 3383 Ὁ
661 3329 932 3384 πιστεύων
980 3332 1057 3393 εἰς
1106 3329 1226 3400 ἐμὲ,
1265 3333 1326 3384 οὑ
1365 3332 1608 3386 πιστεύει
1653 3335 1731 3398 είς
1777 3338 1896 3406 ἐμὲ,

321 3423 434 3476 ἀλλ’
489 3421 572 3481 εἰς
627 3419 717 3472 τὸν
785 3417 1078 3488 πέμψαντά
1133 3435 1236 3488 με,
1294 3437 1312 3470 ι
1357 3421 1456 3472 οὐκ
1510 3421 1615 3486 ἔξω
1681 3423 1899 3492 τίθησιν

319 3511 516 3565 ὲαυτδν
548 3510 644 3563 τοῦ
687 3510 1040 3564 πιστεύεσθαι
1086 3511 1216 3580 παρ’
1262 3513 1420 3582 ἡμῶν
1464 3513 1544 3565 ὅτι
1581 3514 1712 3577 Θεὸς
1760 3516 1898 3568 κατὰ

327 3605 487 3670 φύσιν
521 3603 638 3682 εστὶ
670 3601 763 3654 καὶ
807 3603 872 3654 ὲκ
919 3601 1056 3654 Θεοῦ
1101 3604 1309 3674 πέφηνε
1361 3605 1611 3674 Πατρός·
1654 3605 1769 3659 ἀλλ’
1811 3610 1897 3660 ἐν-

326 3695 565 3762 τέχνως,
618 3691 762 3744 καθὰ
809 3693 1042 3762 εἴρηται,
1093 3688 1528 3764 μεταχειρίζεται
1566 3697 1702 3767 πρὸς
1749 3695 1900 3752 esas

329 3783 484 3836 ϐειαν
515 3781 622 3834 τῶν
667 3781 1036 3836 ἀσθενούντων
1069 3785 1159 3837 τὸν
1204 3786 1350 3851 νοῦν,
1401 3786 1486 3839 ἵνα
1526 3787 1766 3842 τοιοῦτον
1814 3790 1898 3844 ἔνο

329 3874 456 3942 νοῇς
481 3870 735 3938 λέγοντα·
769 3872 936 3924 Ὅταν
981 3875 1059 3936 εἰς
1087 3876 1183 3946 ἐμὲ
1214 3875 1515 3946 πιστεύητε
1533 3876 1621 3931 τὸν
1649 3878 1715 3932 δι’
1757 3881 1898 3951 ὑμᾶς

327 3965 618 4035 ἄνθρωπον
652 3963 773 4016 καθ’
803 3964 968 4034 ὑμᾶς,
1001 3966 1130 4021 Θεὸν
1162 3968 1218 4021 δὲ
1247 3969 1313 4022 δι’
1348 3968 1558 4034 ἑαυτὸν,
1600 3971 1693 4024 καὶ
1721 3973 1809 4028 τὸν
1837 3974 1898 4041 ἐξ

323 4051 494 4124 οὗπέρ
535 4055 648 4124 είμι
685 4051 928 4125 Πατέρα.
959 4054 1032 4126 μὴ
1067 4056 1340 4129 ἀνθρώπῳ
1367 4059 1468 4131 τὴν
1492 4061 1675 4116 πίστιν
1710 4065 1896 4119 ἀνατι-

323 4146 472 4198 θέναι
521 4143 801 4213 νομίσητε.
839 4144 969 4214 Εἰμὶ
999 4145 1119 4216 γὰρ
1157 4147 1309 4201 οὐδὲν
1355 4144 1518 4221 ἦττον
1560 4153 1702 4206 κατά
1735 4155 1896 4223 φύσιν

321 4233 474 4297 Θεὸς,
506 4233 600 4285 καὶ
628 4235 677 4286 εί
707 4234 970 4304 φαίνομαι
1010 4234 1134 4288 καθ’
1175 4236 1318 4307 ὑμᾶς
1339 4253 1353 4266 ·
1384 4239 1492 4309 ἔχω
1529 4235 1586 4295 δὲ
1627 4244 1687 4295 ὲν
1717 4243 1894 4315 ἐαυτῷ

321 4323 412 4377 τὸν
444 4327 785 4395 γεννήσαντα
804 4341 818 4354 ·
850 4324 985 4393 ἐμοῦ
1016 4328 1304 4397 τοιγαροῦν
1327 4329 1478 4394 ὄντος
1505 4333 1787 4402 ὁμοουσίου
1813 4336 1892 4406 τῷ

323 4415 697 4484 γεγεννηκότι,
753 4413 1067 4484 διαϐήσεται
1107 4416 1323 4482 πάντως
1371 4421 1405 4490 ἡ
1455 4421 1636 4485 πίστις
1692 4424 1784 4477 καὶ
1812 4427 1893 4488 είς

323 4503 488 4555 αὑτὸν
515 4503 606 4556 τὸν
653 4505 892 4576 Πατέρα.
935 4506 1112 4576 Ὅπερ
1145 4503 1238 4560 οῦν
1280 4508 1526 4580 ἔφημεν,
1570 4515 1890 4586 καταϐραχὺ

328 4592 741 4660 μεταπαιδεὺων
778 4597 808 4646 ὁ
854 4593 1058 4665 Κύριος
1087 4597 1180 4649 ἐπὶ
1206 4598 1266 4650 τὸ
1295 4598 1537 4669 ἄμεινον,
1577 4604 1671 4656 καὶ
1702 4606 1891 4676 χρησί-

324 4699 444 4751 μως
478 4682 796 4736 ἀναπλέκων
824 4685 901 4754 τῷ
940 4686 1236 4757 θεοπρεπεί
1268 4687 1324 4741 τὸ
1359 4689 1716 4762 ἀνθρώπινον,
1753 4695 1890 4764 ἔφα-

323 4788 483 4826 σκεν·
519 4791 538 4826 ι
574 4775 631 4828 '0
687 4776 960 4829 πιστεύων
1005 4779 1085 4841 είς
1118 4778 1238 4847 ἐμὲ,
1276 4797 1294 4829 ι
1339 4782 1430 4834 καὶ
1472 4783 1542 4836 τὰ
1584 4785 1732 4856 ἑξῆς.
1771 4789 1891 4842 Ὅτι

325 4863 423 4932 μὲν
448 4863 556 4935 γὰρ
578 4865 677 4919 οὑκ
705 4867 787 4929 είς
819 4867 1106 4938 ἄνθρωπον
1146 4870 1332 4934 ἁπλῶς
1361 4873 1393 4943 ἡ
1434 4873 1634 4941 πίστις,
1669 4878 1782 4932 ἀλλ’
1814 4883 1889 4944 εἰς

321 4952 461 5006 Θεοῦ
487 4953 666 5022 φύσιν,
693 4956 740 5006 εί
774 4955 866 5008 καὶ
905 4951 974 5026 ἦν
1002 4957 1029 5009 ὁ
1062 4957 1234 5026 Λόγος
1265 4961 1321 5012 ἐν
1354 4963 1540 5034 σαρκὶ,
1570 4958 1655 5018 διὰ
1691 4966 1785 5020 τοῦ
1816 4968 1892 5038 μὴ

322 5044 404 5106 εἰς
434 5044 598 5096 αὑτὸν
632 5045 967 5114 πράττεσθαι
1000 5047 1098 5118 τὴν
1126 5049 1309 5117 φύσιν,
1347 5047 1405 5104 εὖ
1444 5051 1588 5121 μάλα
1625 5053 1892 5126 διαμεμὴ-

321 5151 504 5188 νυκεν.
533 5135 654 5187 Ὅτι
678 5134 734 5187 δέ
782 5138 929 5190 ἐστιν
975 5139 1032 5192 ὲν
1062 5139 1348 5211 ταυτότητι
1391 5145 1455 5213 τῇ
1506 5145 1644 5196 κατά
1681 5146 1789 5198 πᾶν
1815 5145 1892 5216 τῷ

320 5225 442 5296 Θεῷ
483 5227 578 5280 καὶ
615 5226 813 5298 Πατρὶ,
844 5228 932 5282 διὰ
965 5228 1064 5300 τὴν
1098 5233 1334 5304 φυσικὴν
1370 5234 1668 5304 ἐμφέρειαν
1710 5237 1801 5289 καὶ
1831 5237 1892 5291 τὸ

319 5321 424 5383 τῆς
454 5318 638 5383 οὐσίας
665 5321 829 5374 οἱονεὶ
865 5323 1194 5388 ταυτοειδὲς,
1228 5323 1471 5392 διεσάφει
1502 5325 1673 5394 λέγων
1692 5343 1706 5358 ο

405 5407 553 5477 Ἐτὼ
595 5409 720 5478 φῶς
770 5414 858 5479 εις
900 5413 1006 5469 τὸν
1055 5417 1289 5484 κόσμον
1329 5416 1632 5484 ἐλήλυθα,
1677 5421 1770 5473 καὶ
1825 5421 1893 5476 τὰ

318 5499 469 5568 ἑξῆς.

404 5591 536 5644 Ἰδοὺ
576 5593 735 5647 πάλιν
769 5595 849 5660 είς
899 5597 1091 5652 ἑαυτὸν
1124 5598 1360 5668 ἁρπάζει
1389 5598 1486 5671 τὴν
1541 5601 1750 5669 πίστιν,
1799 5605 1892 5656 καὶ

316 5678 412 5732 δύο
439 5683 580 5737 κατά
607 5686 805 5738 ταυτὸν
839 5687 1055 5751 ὲξανύει
1092 5688 1161 5741 τὰ
1193 5691 1605 5760 χρησιμώτατα.
1643 5693 1760 5756 Φῶς
1794 5695 1892 5763 μὲν

320 5770 426 5838 γὰρ
481 5774 673 5828 ἑαυτὸν
720 5776 983 5848 ὑπάρχειν
1031 5780 1343 5848 ὁμολογῶν,
1399 5781 1528 5832 θεὸν
1574 5782 1702 5836 ὄντα
1747 5784 1884 5836 κατὸ

1997 601 2117 644 rtmt
2155 594 2207 646 in
2251 610 2392 654 eum,
2423 601 2530 647 etc.

2066 681 2354 738 Enimvero
2381 683 2491 753 jam
2511 685 2781 752 compulsi
2804 684 3090 740 miraculis
3115 684 3182 738 ad
3204 686 3559 750 credemlum,

1995 782 2096 829 nec
2122 775 2262 827 ultra
2293 775 2556 828 audentes
2582 777 2959 829 contradicere
2987 773 3241 840 Domino,
3269 776 3338 829 ab
3357 784 3563 831 aeterna

1995 868 2104 921 vita
2139 868 2401 921 excidunt
2427 883 2440 920 :
2471 868 2675 936 quippe
2705 867 2760 920 in
2784 882 2882 921 sua
2924 867 3167 937 nequitia
3195 867 3469 922 obﬁrmati
3499 883 3564 921 ac

1995 967 2432 1029 perseverantes,
2469 959 2736 1028 pudorem
2772 973 2833 1012 ac
2869 960 3250 1014 verecundiam
3280 945 3561 1013 hominum

1997 1051 2090 1105 Dei
2139 1053 2312 1105 amori
2353 1067 2417 1106 ac
2458 1051 2834 1120 conjunctioni
2866 1058 3224 1120 anteponunt,
3265 1053 3565 1104 momenta-

1995 1156 2113 1197 Μαι
2149 1144 2337 1213 gloriae
2362 1145 2524 1208 servi,
2556 1144 2757 1213 quibus
2795 1141 3138 1195 intoleranda
3167 1141 3380 1210 jactura
3409 1141 3564 1194 vide--

1995 1240 2105 1292 t-ur,
2136 1235 2180 1286 si
2213 1231 2499 1292 honorem,
2550 1247 2710 1300 quem
2755 1232 2895 1300 apud
2942 1229 3253 1286 Pharisams
3279 1231 3561 1293 obtinent,

1996 1323 2299 1376 aruiserint.
2334 1321 2788 1391 Quandoquidem
2837 1322 3003 1391 igitur
3053 1321 3155 1374 hoc
3203 1335 3297 1375 eos
3353 1321 3565 1390 quomi-

1997 1417 2101 1468 nus
2123 1415 2414 1469 crederent
2459 1415 2783 1478 cohibebat,
2813 1413 2938 1467 audi
2963 1414 3094 1483 quid
3118 1411 3264 1468 dicat
3285 1414 3563 1467 Christus.

2066 1503 2187 1567 XII,
2228 1505 2318 1558 M.
2373 1505 2479 1571 Qui
2528 1506 2694 1559 Credit
2745 1507 2802 1559 in
2850 1514 2964 1569 me,
3021 1519 3124 1558 non
3166 1505 3333 1558 credit
3377 1507 3432 1557 in
3463 1519 3562 1564 me.

1997 1593 2088 1649 sed
2118 1597 2176 1649 id
2208 1603 2326 1650 eum
2361 1598 2452 1666 qui
2476 1597 2622 1650 misit
2655 1605 2758 1662 me,
2790 1603 2895 1652 ett.

2069 1686 2416 1743 Vocimratur
2449 1693 2647 1759 praeter
2679 1699 2885 1745 morem
2922 1698 3082 1744 eam
3102 1729 3116 1753 ,
3143 1695 3308 1759 atque
3339 1688 3441 1741 hac
3471 1701 3567 1740 vo-

1998 1781 2320 1836 eil‘eratlone
2351 1782 2788 1853 intempestivum
2821 1782 3082 1852 pudorem
3108 1795 3298 1836 eorum
3327 1782 3418 1850 qui
3444 1786 3567 1834 cre-

1925 1848 1967 1918 Β
1998 1872 2221 1937 debant,
2251 1873 2486 1928 needur‘n
2520 1848 2702 1929 tamen
2739 1848 2919 1943 palam
2963 1877 3065 1927 hoc
3112 1848 3365 1942 agebant,
3409 1885 3568 1924 coar-

1997 1965 2134 2035 guit.
2164 1963 2351 2034 Neque
2375 1965 2521 2019 enim
2554 1965 2789 2020 latenter
2817 1965 2884 2020 ab
2917 1965 2983 2020 iis
3011 1965 3103 2035 qui
3129 1965 3410 2036 suspicere
3442 1977 3565 2018 eum

1996 2056 2187 2110 volunt
2231 2066 2285 2112 et
2342 2057 2668 2126 complecti,
2717 2057 2814 2113 sed
2857 2066 3043 2128 aperte
3074 2058 3180 2112 εοίί
3214 2059 3348 2112 vult.
3392 2058 3569 2126 Atque

1997 2147 2133 2202 adeo
2162 2148 2510 2204 existimabat
2563 2148 2722 2203 ﬁdem
2772 2150 2826 2204 in
2877 2149 3222 2219 penitissimo
3275 2148 3440 2204 corde
3486 2165 3569 2204 re-

1995 2238 2334 2307 ponendam,
2385 2246 2641 2294 caeterum
2690 2253 2903 2295 summa
2950 2239 3194 2294 libertate
3236 2238 3396 2308 712
3447 2240 3566 2308 ejus

1998 2328 2397 2386 eoul‘e‘ssioneiu
2446 2331 2890 2401 expromendam.
2932 2329 3386 2400 Quandoquidem
3439 2343 3568 2385 vero

2000 2420 2144 2476 Deus
2183 2422 2487 2477 secundum
2529 2427 2782 2476 naturam
2818 2422 3092 2478 exsistens
3120 2425 3364 2476 nostram
3397 2421 3568 2475 subiit

2000 2509 2251 2576 formam,
2276 2517 2383 2566 nun
2407 2512 2526 2565 vult
2555 2510 2697 2565 nude
2731 2525 2794 2564 ae
2825 2510 3150 2581 simpliciter
3175 2511 3315 2580 apud
3339 2501 3568 2566 infestos

1999 2610 2053 2656 et
2079 2616 2271 2656 osores
2329 2601 2382 2656 in
2424 2603 2714 2672 praesentia
2753 2601 3030 2672 proﬁteri,
3067 2601 3211 2672 quod
3247 2603 3299 2655 in
3349 2611 3408 2657 'se
3445 2618 3566 2656 cre-

1999 2693 2237 2749 dentium
2272 2694 2382 2758 sit,
2423 2694 2638 2748 tametsi
2672 2693 2775 2748 hoc
2821 2705 2963 2764 saepe
3011 2692 3146 2748 alias
3195 2691 3435 2747 dixerit:
3471 2693 3564 2746 sed

2003 2782 2239 2835 maxime
2265 2781 2604 2835 meonmnice
2625 2795 2813 2836 eorum
2845 2781 2938 2850 qui
2962 2781 3568 2850 implacabilis‘invidite

2001 2874 2192 2928 merbo
2225 2874 2278 2928 in
2310 2888 2370 2928 se
2405 2874 2653 2928 laborant
2680 2914 2694 2938 ,
2733 2873 2996 2942 pautatim
3029 2874 3269 2927 animum
3306 2881 3567 2944 provocat

2000 2966 2065 3019 ad
2096 2965 2482 3036 penetrandam
2510 2966 2897 3035 mysteriorum
2937 2965 3086 3018 circa
3119 2965 3294 3034 ipsum
3319 2965 3565 3018 altitudia

2001 3072 2147 3120 nem,
2184 3063 2236 3110 et
2270 3071 2378 3111 non
2414 3057 2669 3110 humanae
2703 3057 2796 3112 sed
2838 3057 3036 3112 divinae
3076 3057 3332 3112 essentia:
3373 3071 3567 3126 persu-

2004 3161 2127 3200 nam
2153 3187 2167 3208 ,
2204 3163 2302 3202 ceu
2345 3149 2398 3202 in
2439 3147 2756 3201 universum
2807 3149 2979 3202 deitas
3025 3148 3078 3201 in
3113 3153 3348 3216 persona
3383 3145 3474 3199 Dei
3503 3153 3566 3197 ac

1998 3235 2182 3290 i’utris
2217 3237 2574 3308 intelligatur.
2609 3234 2783 3289 liabet
2814 3237 2958 3290 enim
2983 3237 3044 3290 in
3080 3237 3264 3305 seipse
3287 3233 3482 3287 Filium
3513 3229 3568 3288 et

1995 3327 2262 3395 Spiritum
2296 3339 2568 3382 sanctum.
2599 3328 2734 3382 Nam
2768 3337 2864 3398 per
2889 3327 3214 3397 Quaeditit':
3253 3345 3271 3377 ι
3311 3324 3413 3392 Qui
3448 3339 3568 3379 cret-

1991 3419 2081 3474 ‘dit
2114 3420 2169 3472 iit
2203 3424 2306 3481 me,
2351 3437 2458 3474 non
2494 3421 2668 3475 credit
2699 3424 2751 3475 in
2782 3429 2892 3483 tne,
2918 3418 3011 3475 sed
3047 3420 3100 3473 ln
3132 3423 3254 3473 eum
3297 3418 3390 3487 qui
3419 3417 3567 3472 misit

1991 3523 2118 3577 me,
2152 3529 2170 3563 ι
2209 3523 2318 3564 non
2353 3513 2596 3566 excludit
2630 3513 2870 3581 seipsum
2926 3510 3222 3580 quominus
3251 3504 3510 3563 credatur
3535 3521 3564 3562 a

1999 3605 2160 3658 nobis
2207 3603 2348 3658 Deus
2399 3618 2519 3658 esse
2558 3604 2860 3659 secundum
2910 3610 3188 3667 naturam,
3246 3609 3299 3654 et
3346 3615 3408 3654 ex
3455 3599 3568 3652 Deo

1999 3691 2160 3748 Patre
2187 3710 2248 3749 ex
2259 3696 2466 3750 sistens
2493 3713 2504 3748 :
2531 3695 2623 3749 sed
2644 3705 2854 3749 summo
2877 3694 3131 3756 artiﬁcio,
3154 3699 3209 3746 ut
3231 3692 3436 3745 dictum
3459 3699 3563 3756 est,

2000 3786 2412 3841 imbecillorum
2454 3795 2694 3842 mentem
2730 3787 2794 3840 ad
2827 3789 3082 3855 pietatem
3114 3784 3339 3855 pellicit.
3383 3791 3440 3836 ut
3469 3797 3564 3836 ac-

1997 3876 2178 3946 cipere
2220 3877 2401 3945 possis
2453 3876 2555 3932 hoc
2601 3876 2762 3932 modo
2797 3877 3107 3946 loquentem
3145 3891 3159 3928 :
3199 3874 3334 3929 Cum
3380 3873 3433 3926 in
3478 3888 3567 3926 me

1997 3967 2259 4031 credetis,
2301 3975 2527 4038 propter
2573 3983 2668 4023 vos
2713 3967 2986 4021 hominem
3030 3967 3234 4021 factum
3259 3964 3561 4019 secundum

1995 4071 2117 4123 vos,
2153 4053 2320 4111 Deum
2352 4073 2484 4112 vero
2508 4073 2604 4127 per
2632 4058 2928 4128 meipsum,
2961 4064 3015 4112 et
3047 4071 3169 4110 eum
3205 4071 3268 4109 ex
3300 4070 3409 4125 quo
3441 4071 3563 4109 sum

1995 4144 2234 4210 Patrem,
2275 4163 2343 4201 ne
2376 4147 2580 4202 homini
2639 4147 2801 4202 ﬁdem
2849 4147 3088 4217 adjicere
3122 4147 3341 4216 putetis.
3385 4145 3568 4201 Nihilo

1994 4237 2177 4294 secius
2219 4237 2364 4293 enim
2402 4253 2522 4292 sum
2571 4237 2875 4292 secundum
2926 4243 3176 4290 naturam
3232 4235 3395 4296 Deus,
3461 4235 3563 4288 etsi

1993 4328 2182 4383 videar
2212 4339 2454 4385 vestrum
2510 4330 2755 4385 similis:
2820 4329 2994 4384 habeo
3045 4327 3189 4382 enim
3248 4327 3302 4381 in
3355 4327 3568 4397 meipso

1993 4421 2326 4486 Genitorem,
2350 4430 2544 4476 etcum
2577 4422 2763 4491 utique
2794 4422 2897 4475 sim
2933 4419 3178 4475 Genitori
3203 4420 3563 4474 consubstan-

1995 4514 2180 4578 tialis,
2213 4514 2472 4568 transibit
2501 4526 2726 4582 prorsus
2758 4512 2890 4567 ﬁdes
2918 4520 2972 4566 et
3003 4512 3058 4566 in
3099 4511 3280 4582 ipsum
3321 4509 3558 4564 Patrem.

1995 4605 2150 4672 Quod
2191 4589 2356 4675 igitur
2382 4605 2641 4669 diximus,
2678 4603 2935 4674 paulatim
2967 4601 3230 4656 Dominus
3259 4600 3562 4656 informans

1991 4697 2058 4750 ad
2091 4695 2314 4748 meliora
2375 4705 2430 4748 et
2475 4694 2800 4748 humanitati
2846 4694 3190 4749 divinitatem
3221 4693 3426 4746 utiliter
3467 4707 3561 4759 ap-

1990 4786 2224 4856 plicans,
2257 4785 2510 4839 dicebat:
2560 4803 2578 4836 ί
2607 4782 2709 4849 Qui
2741 4782 2918 4837 credit
2951 4783 3005 4836 in
3039 4798 3158 4847 me,
3197 4799 3215 4832 ι
3250 4791 3303 4834 et
3328 4780 3555 4848 reliqua.

1991 4876 2147 4943 Qttod
2181 4876 2323 4931 enim
2361 4889 2471 4930 non
2502 4876 2559 4930 in
2596 4876 2870 4929 hominem
2911 4873 3229 4944 simpliciter
3263 4871 3416 4935 ﬁdes,
3462 4869 3559 4923 sed

1991 4971 2046 5023 in
2094 4969 2184 5023 Dei
2232 4978 2508 5030 naturam,
2566 4968 2670 5023 etsi
2732 4973 2848 5021 erat
2885 4964 3124 5020 Verbum
3165 4966 3218 5018 in
3259 4977 3443 5024 carne,
3492 4977 3558 5014 eo

1990 5059 2136 5130 quod
2177 5074 2284 5113 non
2320 5059 2375 5112 in
2405 5059 2583 5130 ipsum
2621 5058 2717 5112 ﬁat
2757 5067 2972 5120 natura,
3009 5056 3314 5110 luculenter
3346 5053 3556 5106 indica-

1991 5153 2086 5206 vit.
2119 5151 2274 5217 Quod
2303 5166 2434 5206 vero
2471 5166 2566 5221 per
2595 5152 2778 5205 omnia
2814 5166 2938 5204 eum
2973 5147 3133 5201 Patre
3176 5156 3230 5199 et
3263 5145 3370 5198 Deo
3401 5143 3556 5197 iden—

1993 5244 2202 5298 titatem
2240 5243 2458 5305 habeat.
2503 5253 2724 5313 propter
2765 5241 3068 5295 naturalem
3116 5237 3555 5299 similitudinem,

1991 5343 2045 5389 et
2072 5333 2235 5388 veluti
2265 5333 2508 5387 eamdem
2543 5335 2799 5404 speciem,
2831 5331 3144 5386 declarabat
3182 5329 3370 5383 dicens
3402 5348 3413 5380 :

2065 5423 2158 5477 XII
2181 5463 2196 5487 ,
2249 5423 2337 5479 46.
2380 5423 2490 5494 Ego
2522 5426 2615 5478 tua;
2649 5427 2703 5478 in
2740 5421 2992 5476 mundum
3021 5421 3168 5485 veni,
3200 5431 3308 5476 etc.

2063 5605 2201 5661 Ecce
2233 5621 2426 5660 rursus
2473 5605 2528 5658 in
2577 5604 2815 5672 seipsum
2875 5601 3030 5654 tidem
3079 5599 3293 5668 arripit,
3346 5609 3393 5652 et
3448 5599 3558 5650 duo

1994 5696 2289 5750 identidem
2357 5694 2650 5748 utilissima
2710 5692 3081 5760 consequitur.
3148 5687 3346 5741 Lucem
3408 5687 3555 5738 enim

1993 5789 2231 5851 seipsum
2264 5800 2384 5840 esse
2427 5785 2707 5851 prolitcns,
2758 5784 2923 5837 Deum
2963 5784 3263 5835 secundum
3307 5787 3558 5831 mitur-nu
