4106 6262
592 393 698 450 105

1612 383 1669 436 S.
1696 380 1971 438 CYBILLI
2014 376 2481 434 ALI-LXANIIBINI
2523 374 2840 432 ARCIIII‘II‘.
3723 381 3814 435 1οι

590 523 716 564 esse
741 502 982 561 ostendit
1008 521 1021 557 :
1053 501 1152 556 soli
1183 500 1328 557 enim
1360 507 1557 554 natura
1588 514 1688 556 sua
1721 498 1830 553 Deo
1864 498 1937 551 ita
1965 497 2151 551 vocari

2260 495 2420 564 φύσιν
2447 495 2825 549 ἀποδεικνύει·
2859 494 3004 563 μόνῳ
3037 492 3144 564 γὰρ
3173 491 3249 564 τῷ
3284 493 3443 562 φύσει
3471 493 3590 563 Θεῷ
3624 496 3815 565 πρέπει

589 597 869 652 convenit.
925 593 1200 663 Adjiciens
1237 597 1416 645 autem
1458 589 1541 644 sui
1577 590 1848 644 adventus
1893 601 2155 653 causam,

590 701 704 741 sua:
754 681 1061 740 dilectionis
1100 679 1576 748 contemptoribus
1622 677 1882 748 pudorem
1941 678 2155 731 incutit.

589 775 898 842 Quinetiam
929 773 1240 828 necessario
1261 772 1641 841 consequitur,
1679 771 1895 825 interim
1922 769 1976 824 in
2006 776 2156 824 tene-

589 866 704 921 bris
729 879 825 920 eos
861 863 1066 918 versari
1101 863 1195 933 qui
1225 862 1468 917 nondum
1500 861 1850 927 crediderint,
1885 859 2154 931 siquidem

587 955 721 1013 solis
749 957 805 1010 in
845 970 970 1011 eum
993 954 1348 1010 credentibus
1389 954 1528 1008 lucis
1558 953 1717 1027 713
1748 953 1818 1007 ab
1847 968 1914 1008 eo
1941 952 2156 1007 emissa:

585 1046 856 1116 contingit
910 1061 1034 1102 esse
1087 1046 1406 1115 participes.
1460 1044 1601 1109 Quin
1660 1052 1714 1098 et
1769 1044 1876 1099 illis
1930 1043 2155 1098 refricat

584 1137 906 1194 memoriam
951 1137 1246 1192 multorum
1287 1149 1664 1206 saepenumero
1708 1132 1775 1187 de
1810 1133 1929 1202 ipso
1957 1133 2151 1202 praedi-

585 1238 826 1294 ctorum,
866 1243 962 1298 per
1007 1242 1129 1296 quae
1161 1233 1427 1280 venturus
1464 1223 1821 1279 nuntiabatur
1849 1225 1914 1276 ad
1950 1221 2152 1275 illumi-

585 1321 822 1376 nandum
853 1320 1081 1374 orbem:
1107 1317 1413 1388 cujusmodi
1446 1323 1532 1371 est
1566 1313 1732 1367 illud:
1763 1331 1781 1364 ι
1809 1313 2148 1378 llluminare,

583 1411 916 1473 illuminare.
971 1409 1300 1475 Jerusalem,
1349 1408 1497 1462 venit
1557 1406 1705 1460 enim
1763 1405 1942 1459 lumen
1998 1412 2150 1459 tuum

585 1518 772 1559 verum
810 1504 876 1558 ⁵⁸.
917 1522 934 1554 ι
975 1503 1039 1556 Ει
1079 1501 1213 1556 illud
1244 1518 1258 1555 :
1293 1518 1310 1550 ι
1348 1497 1550 1552 Emitte
1583 1498 1759 1552 lucem
1790 1505 1938 1551 tuam
1971 1503 2025 1550 et
2057 1510 2150 1550 ve-

583 1594 800 1647 ritatem
828 1602 977 1646 tuam
1007 1593 1091 1659 ⁸⁹;
1126 1609 1145 1643 ι
1183 1598 1238 1645 et
1268 1608 1282 1644 :
1321 1607 1338 1640 ι
1373 1585 1561 1642 Gloria
1588 1586 1807 1641 Domini
1832 1586 1886 1640 in
1923 1595 1974 1643 te
2003 1585 2152 1641 etfui-

2257 587 2317 640 τὸ
2346 587 2488 640 οὕτω
2536 587 2838 640 καλεῖσθαι.
2895 585 3158 656 Προσθεὶς
3200 585 3257 638 δὲ
3298 588 3398 656 τῆς
3449 586 3684 652 ἀφίξεως
3725 588 3814 657 τὴν

2258 679 2457 741 αἰτίαν,
2482 677 2738 749 ἐρυθριᾷν
2761 677 3041 731 ἀναπείθει
3072 676 3163 730 τὸν
3209 676 3308 744 τῆς
3341 677 3420 739 είς
3465 675 3657 730 ἑαυτὸν
3685 677 3814 744 ἀγά-

2257 786 2366 839 πης
2407 769 2815 840 όλιγωρήσαντα
2838 785 2852 799 ο
2883 768 2978 822 xui.
3014 769 3096 822 ὅτι
3133 769 3346 838 ἀνάγκη
3375 768 3545 838 δήπου
3572 771 3733 832 νοεῖν,
3762 771 3814 822 ἐν

2259 859 2441 910 σκότει
2469 856 2607 920 τέως
2653 858 2917 928 ὑπάρχειν
2962 858 3085 921 τοὺς
3132 856 3282 911 οὔπω
3326 857 3742 919 πιστεύσαντας.
3769 858 3817 913 si

2255 967 2319 1017 γε
2352 947 2532 1019 μόνοις
2575 950 2687 1011 τοῖς
2715 949 3131 1002 πεπιστευκόσιν
3165 949 3243 1012 είς
3291 949 3452 1002 αὐτὸν
3491 948 3724 1018 ὑπάρχει
3759 949 3814 1002 "ab

2253 1042 2313 1096 ὲν
2354 1041 2492 1109 φωτὶ
2530 1039 2785 1109 γενέσθαι
2831 1041 2908 1110 τῷ
2949 1041 3077 1111 παρ’
3130 1039 3298 1110 αὐτῷ.
3333 1041 3489 1109 ’Δγει
3526 1039 3582 1093 δὲ
3625 1040 3815 1104 αὐτοὺς

2254 1131 2350 1184 καὶ
2393 1132 2472 1193 εἰς
2503 1130 2806 1202 ἀνάμνησιν
2837 1131 2944 1184 τῶν
2996 1130 3259 1201 πολλαχοῦ
3293 1131 3420 1200 περὶ
3463 1129 3624 1183 αὑτοῦ
3665 1132 3812 1201 εἰρη-

2255 1221 2464 1291 μένων,
2500 1221 2568 1274 δι’
2622 1215 2697 1277 ὧν
2731 1222 2880 1292 ἥξειν
2919 1223 3320 1294 προηγγέλλετο
3357 1223 3456 1295 τὴν
3495 1224 3812 1294 οἰκουμένην

2252 1314 2675 1384 καταφωτισων·
2721 1314 2900 1371 ὁποῖόν
2933 1316 3047 1369 ἔστι
3079 1315 3166 1368 τό·
3216 1333 3233 1367 ι
3259 1316 3521 1380 Φωτίζου,
3558 1313 3810 1383 φωτίζου,

2263 1405 2652 1478 Ἰερουσαλήμο
2699 1407 2824 1478 ἥκει
2855 1409 2962 1478 γάρ
3009 1424 3101 1461 σου
3137 1407 3199 1460 τὸ
3241 1407 3356 1477 φῶς
3389 1407 3450 1460 τὸ
3485 1407 3752 1476 ἀληθινόν.
3786 1426 3803 1459 ι

2249 1497 2360 1551 Καὶ
2392 1497 2486 1551 τό·
2526 1516 2545 1549 ι
2587 1497 2992 1562 Ἐξαπόστειλον
3029 1498 3090 1553 τὺ
3141 1499 3256 1568 φῶς
3291 1516 3383 1553 σου
3425 1498 3520 1552 καὶ
3549 1498 3644 1569 τὴν
3687 1499 3813 1568 ἀλή-

2250 1585 2398 1641 θειάν
2437 1605 2551 1642 σου.
2580 1606 2597 1640 ι
2653 1589 2782 1654 Καὶ,
2815 1608 2832 1640 ι
2875 1590 2937 1642 Ἦ
2981 1589 3105 1656 δόξα
3145 1590 3348 1662 Κυρίου
3393 1590 3487 1643 ἐπὶ
3530 1589 3589 1647 σὲ
3624 1588 3810 1642 άνατέο

583 1683 658 1738 sit
685 1685 750 1736 ".
785 1703 802 1735 ι
838 1683 1024 1740 Simile
1057 1681 1226 1752 igitur
1255 1697 1320 1736 ac
1344 1679 1390 1736 si
1429 1679 1662 1734 dixisset
1691 1697 1704 1733 :
1737 1679 1856 1749 Ego
1889 1693 2010 1734 sum
2057 1679 2148 1734 lux

2252 1681 2467 1734 ταλκεν.
2501 1699 2518 1731 ι
2556 1680 2778 1752 Ὅμοιον
2808 1676 2899 1735 οὖν
2938 1682 3012 1745 ὼς
3062 1673 3113 1736 εί
3153 1682 3374 1750 ἔλεγενο
3419 1679 3561 1748 Ἐγώ
3599 1683 3714 1748 εἰμι
3754 1679 3811 1732 τὸ

583 1790 706 1844 quae
745 1774 802 1828 in
833 1773 1137 1844 Scripturis
1163 1780 1394 1828 ventura
1427 1778 1779 1840 exspectatur
1807 1771 1872 1825 ad
1917 1771 2146 1825 salutem

2252 1771 2364 1840 φῶς
2395 1772 2456 1825 τὸ
2498 1773 2555 1825 ἐν
2591 1775 2658 1845 τῇ
2696 1774 2887 1845 Γραφῇ
2921 1773 3206 1843 ἀφίξεσθαι
3251 1772 3697 1846 προσδοκώμενον
3725 1772 3810 1828 ἐπὶ

584 1864 796 1926 mundi,
834 1865 900 1917 ad
936 1863 1326 1918 illuminandos
1357 1876 1451 1918 eos
1484 1863 1578 1932 qui
1631 1862 1689 1915 in
1737 1861 1978 1918 tenebris
2027 1872 2148 1916 tan-

581 1970 746 2025 quam
783 1955 836 2008 in
879 1963 1036 2008 nocte
1066 1954 1342 2008 deerrant.

654 2044 778 2110 XII,
833 2045 920 2099 47.
975 2042 1099 2101 Non
1129 2044 1267 2098 enim
1309 2044 1424 2097 veni
1471 2053 1526 2098 ut
1569 2042 1805 2112 judicem
1860 2042 2144 2106 mundum,

579 2137 671 2193 sed
698 2144 754 2190 ut
791 2136 1079 2206 salviﬁcem
1109 2133 1383 2189 mundum.

647 2227 818 2300 Igitur
844 2243 946 2284 suo
972 2228 1214 2298 ipsorum
1241 2226 1454 2296 judicio
1487 2225 1804 2282 damnatum
1847 2225 1914 2280 iri
1948 2225 2023 2280 ait
2053 2239 2148 2279 eos

578 2321 675 2390 qui
705 2320 854 2376 dicto
901 2320 1192 2375 audientes
1225 2335 1335 2375 non
1385 2321 1606 2382 fuerint,
1655 2319 1925 2388 ﬁdemque
1961 2331 2146 2371 scrva—

579 2412 771 2466 tricem
811 2425 924 2466 non
972 2413 1304 2482 acceperint.
1339 2411 1445 2478 Qui
1479 2412 1622 2466 enim
1653 2411 1801 2466 venit
1835 2411 1902 2464 ad
1946 2408 2148 2464 illumi-

581 2502 848 2567 nandum,
883 2517 992 2556 non
1032 2503 1182 2556 venit
1226 2509 1286 2557 ut
1325 2501 1619 2572 iudicaret,
1649 2501 1742 2556 sed
1778 2509 1838 2554 ut
1870 2505 2133 2554 servaret.

581 2591 727 2662 Ergo
773 2593 866 2662 qui
911 2593 1131 2648 rebellis
1178 2603 1284 2656 est,
1334 2602 1388 2647 et
1419 2592 1677 2648 maximis
1706 2591 1944 2660 seipsum
1989 2589 2147 2644 malis

581 2683 830 2746 involvit,
874 2683 1092 2739 incuset
1126 2700 1186 2738 se
1222 2691 1484 2752 tanquam
1535 2682 1731 2736 merito
1777 2689 1967 2751 pomus
2009 2678 2146 2733 dan-

581 2781 713 2828 tem.
746 2771 864 2826 Nou
895 2773 1039 2827 enim
1070 2788 1172 2843 ego
1203 2771 1366 2842 hujus
1391 2773 1467 2827 rei
1498 2786 1664 2826 causa
1694 2786 1836 2832 sum,
1859 2769 1952 2838 qui
1987 2769 2148 2839 cupio

579 2879 805 2922 servare
831 2879 926 2919 eos
957 2863 1047 2932 qui
1081 2872 1375 2935 properant
1417 2863 1603 2920 subire
1624 2861 1909 2932 judicium,
1945 2862 2148 2930 quique

580 2957 651 3012 ob
707 2956 761 3010 id
796 2955 937 3011 veni.
985 2953 1090 3021 Qui
1121 2955 1270 3010 enim
1304 2955 1476 3026 legem
1525 2954 1700 3024 ponit,
1747 2968 1870 3024 quae
1916 2952 2185 3022 castig'et‘

2252 1883 2394 1936 σωτη
2406 1867 2493 1937 ρίᾳ
2519 1866 2610 1920 τοῦ
2639 1869 2866 1936 κόσμου,
2891 1868 3027 1938 πρὸς
3051 1867 3113 1921 τὸ
3141 1867 3374 1937 φωτίσαι
3401 1865 3526 1928 τοὺς
3555 1865 3611 1918 ὲν
3636 1864 3811 1918 σκότει

2251 1956 2638 2027 πλανωμένους
2667 1958 2741 2021 ὠς
2774 1959 2830 2011 ὲν
2856 1957 3029 2010 νυκτί.

2321 2050 2402 2101 Οὐ
2429 2048 2538 2116 γὰρ
2563 2044 2750 2117 ἦλθον
2777 2049 2877 2102 ἵνα
2919 2050 3098 2118 κρίνω
3144 2047 3250 2101 τὸν
3269 2048 3525 2118 κόσμον,
3549 2047 3688 2102 ἀλλ’
3715 2047 3810 2100 ἵνα

2247 2137 2423 2192 σώσω
2452 2139 2557 2192 τὸν
2587 2140 2836 2207 κόσμον.

2315 2230 2821 2301 Λύτοκατακρίτους
2871 2228 2964 2284 οὖν
3021 2247 3183 2300 φησιν
3246 2229 3462 2282 ἔσεσθαι
3501 2230 3623 2295 τοὺς
3649 2227 3810 2287 αὑτοῦ

2248 2319 2662 2387 παρακούοντας
2721 2321 2814 2374 καὶ
2870 2323 2932 2379 οὐ
2965 2321 3438 2392 παραδεξαμένους
3460 2323 3556 2392 τὴν
3613 2321 3812 2386 σώζου-

2249 2425 2345 2462 σαν
2380 2409 2579 2466 πίστιν.
2615 2410 2672 2464 ’0
2718 2412 2824 2481 γὰρ
2871 2410 2963 2463 ἐπὶ
2997 2411 3072 2481 τῷ
3113 2411 3341 2479 φωτίσαι
3371 2409 3561 2470 ἐλθὼν,
3594 2410 3692 2480 οὐχ
3729 2411 3812 2464 ἵνα

2252 2502 2412 2575 κρίνῃ
2441 2498 2626 2572 ἦλθεν,
2660 2502 2774 2559 ἀλλ’
2812 2503 2899 2555 ἵνα
2934 2501 3102 2572 σώσῃ.
3150 2503 3207 2554 ὐ
3237 2501 3412 2555 τοίνυν
3451 2502 3694 2555 ἀπειθῶν
3719 2502 3813 2556 καὶ

2247 2594 2360 2654 τοῖς
2426 2591 2703 2660 μεγίστοις
2753 2595 2941 2654 κακοῖς
2990 2593 3179 2645 ἑαυτὸν
3233 2591 3571 2656 ὑποϐάλλων,
3621 2592 3811 2645 ἑαυτὸν

2251 2681 2550 2751 μεμφέσθω
2605 2682 2679 2746 ὡς
2717 2683 2936 2746 δικαίως
2993 2689 3420 2753 τιμωρούμενον.
3454 2683 3528 2734 Οὐ
3571 2682 3680 2752 γὰρ
3703 2683 3814 2749 ἐγὼ

2246 2772 2434 2826 τούτου
2498 2772 2689 2836 αἴτιος,
2737 2775 2766 2826 ὁ
2808 2773 2976 2826 θέλων
3022 2775 3194 2827 σῶσαι
3242 2774 3369 2836 τοὺς
3409 2773 3702 2844 μέλλοντας
3734 2776 3814 2835 εἰς

2247 2865 2428 2934 κρίσιν
2459 2865 2724 2933 ἐμπεσεῖν
2750 2902 2765 2928 ,
2792 2865 2887 2918 καὶ
2912 2864 3000 2918 διὰ
3028 2865 3185 2918 τοῦτο
3205 2863 3392 2918 ἐλθών.
3423 2865 3478 2918 Ὀ
3513 2864 3620 2936 γάρ
3648 2865 3812 2935 νόμον

2245 2952 2414 3016 τιθεὶς
2435 2953 2727 3019 κολάζοντα
2764 2955 2889 3018 τοὺς
2911 2955 3174 3018 ἀπειθεῖς,
3201 2957 3300 3026 οὐχ
3322 2956 3506 3009 ἕνεκεν
3530 2956 3623 3008 τοῦ
3641 2973 3812 3026 τιμω-

580 3047 833 3110 rebelles,
865 3061 976 3101 non
1021 3057 1076 3100 ut
1101 3046 1399 3102 violatores
1441 3045 1654 3116 puniat,
1682 3059 1802 3100 eam
1833 3046 2007 3115 ponit,
2049 3043 2145 3100 sed

2252 3045 2518 3117 ρήσασθαι
2549 3046 2676 3110 τοὺς
2716 3047 3068 3118 παραϐάντας
3093 3046 3280 3101 τοῦτον
3320 3047 3548 3118 τίθησιν,
3581 3047 3694 3102 ἀλλ’
3725 3048 3812 3100 ῖνα

580 3150 643 3195 ut
680 3142 775 3209 qui
809 3153 928 3196 eam
957 3137 1187 3194 audiunt
1225 3146 1508 3194 servantes
1538 3139 1640 3215 ipsi
1672 3146 1983 3193 serventur.
2031 3135 2146 3207 Ego

2252 3137 2582 3208 φυλάξαντες
2612 3138 2773 3192 αὑτὸν
2814 3140 2864 3192 οἱ
2898 3138 3206 3204 ἀκούοντες,
3244 3139 3508 3195 σωθῶσιν.
3549 3138 3686 3207 Ἐγὼ
3717 3134 3809 3194 οὖν

577 3230 747 3303 igitur
797 3231 894 3302 qui
921 3229 1044 3288 veni
1087 3231 1157 3287 ad
1191 3230 1546 3294 servandum,
1590 3228 1856 3284 denuntio
1892 3229 2045 3285 vobis
2083 3241 2144 3287 ut

2252 3229 2414 3285 ἐλθὼν
2459 3231 2648 3300 σῶσαι,
2684 3230 3048 3302 παραγγέλλω
3081 3232 3209 3303 ὑμῖν
3265 3231 3556 3297 πιστεύειν,
3593 3231 3695 3284 καὶ
3737 3232 3810 3303 μὴ

577 3323 849 3387 credatis,
907 3330 966 3378 et
1017 3337 1127 3378 non
1197 3338 1350 3380 meos
1405 3338 1689 3378 sermones
1745 3324 2142 3389 contemnatis,

2252 3327 2603 3395 καταφρονεῖν
2618 3324 2726 3379 τῶν
2752 3324 2899 3394 ἐμῶν
2927 3324 3119 3392 λόγων,
3148 3324 3380 3394 ἐπείπερ
3407 3323 3437 3375 ὁ
3470 3320 3660 3393 παρὼν
3689 3337 3810 3376 και-

576 3415 1018 3486 quandoquidem
1051 3430 1292 3486 praesens
1331 3423 1546 3486 tempus
1576 3415 1771 3471 salutis
1797 3422 1904 3480 est,
1941 3422 1996 3470 et
2035 3431 2143 3471 non

2252 3416 2364 3488 ρὸς,
2434 3417 2708 3487 σωτηρίας
2759 3417 2930 3479 ἐστὶν,
2985 3416 3098 3470 ἀλλ’
3139 3417 3199 3470 οὐ
3234 3417 3485 3487 κρίσεως.
3521 3416 3608 3469 Ἐν
3627 3415 3812 3487 ἡμέρᾳ

571 3507 788 3577 iudicii.
828 3506 885 3561 In
923 3507 1011 3563 die
1034 3506 1178 3564 enim
1203 3507 1398 3577 judicii
1433 3507 1816 3562 inobedientiaa
1841 3523 2030 3578 pmnas
2059 3508 2144 3563 in-

2252 3506 2357 3577 γάρ
2419 3506 2651 3578 κρίσεως
2691 3506 2879 3570 ἐπάξει
2913 3507 3040 3577 ὑμῖν
3061 3507 3161 3576 τῆς
3214 3507 3494 3570 ἀπειθείας
3519 3507 3616 3570 τὰς
3641 3523 3814 3575 τιμωη

576 3597 726 3670 ﬂiget
777 3598 1055 3663 Verbum,
1111 3598 1259 3669 quod
1324 3599 1391 3654 ad
1450 3599 1679 3654 salutem
1738 3613 1838 3652 vos
1902 3599 2136 3658 vocavit.

2252 3598 2391 3669 ρίας,
2417 3598 2446 3650 ό
2493 3598 2629 3668 πρὸς
2669 3597 2943 3668 σωτηρίαν
2977 3597 3119 3668 ὑμᾶς
3163 3598 3396 3662 καλέσας
3425 3599 3615 3669 Λόγος.
3650 3599 3812 3662 Ποῖος

575 3689 749 3755 Quale
773 3697 954 3746 autem
986 3698 1104 3746 erat
1135 3690 1383 3756 verbum,
1414 3690 1560 3760 quod
1595 3692 1813 3746 locutus
1834 3691 1998 3746 sum?

2252 3689 2300 3747 δὲ
2326 3684 2394 3760 ἦν
2416 3689 2444 3742 6
2465 3689 2620 3759 λόγος
2650 3690 2711 3744 ὃν
2741 3690 3000 3760 ὲλάλησα;

649 3844 694 3874 ⁵⁵⁵
731 3842 838 3898 lsa.
872 3860 938 3904 ιι
962 3884 978 3910 ,
1017 3847 1069 3900 ι.
1140 3847 1187 3879 ⁸⁸
1225 3846 1370 3906 Psal.
1410 3864 1556 3913 sui,
1586 3849 1639 3905 5.
1715 3847 1759 3878 ⁸ο
1802 3846 1908 3904 Isa.
1944 3861 2008 3898 LX
2034 3883 2048 3906 ,
2087 3845 2137 3897 1-

586 4037 3817 4074 ww

1525 4219 1914 4277 ΚΕΦΔΛΔΙΟΝ
1970 4217 2056 4270 ΤΟ
2107 4217 2199 4270 ΕΝ
2227 4217 2313 4288 Τῼ
2346 4220 2622 4292 ΕΝΝΑΤῼ
2655 4222 2893 4294 ΒΙΒΛῘῼ.

1645 4531 1852 4626 LIBRI
1906 4531 2096 4592 ΝΟΝΙ
2148 4534 2388 4595 CAPUT
2435 4535 2746 4595 UNICUM.

583 4842 734 4909 Qnoa
767 4857 979 4916 prapter
1007 4844 1582 4916 natum‘idenlitatem
1621 4845 1796 4916 Filius
1826 4845 2034 4913 quidem
2073 4847 2143 4902 sit

830 4857 979 4928 ρρι-ςν
1005 4847 1582 4928 ualurrcnirlenlitatem
1621 4847 2034 4928 Eilius‘quidem
2073 4847 2143 4902 sit
2253 4847 2381 4928 Ὅτι
2419 4847 2651 4928 δεὰξὴν
2687 4852 3164 4928 ταυτότητᾳγτῆςλ
3196 4857 3433 4928 φύσεῳς
3459 4861 3505 4928 ὀί
3543 4858 3674 4923 nec
3699 4860 3820 4927 μέν

823 4914 873 4971 in
913 4917 1094 4987 Patre,
1133 4925 1180 4969 et
1219 4914 1378 4969 Pater
1419 4931 1605 4970 rursus
1639 4917 1693 4970 in
1742 4915 1900 4970 Filio.

2318 4919 2387 4969 ἐν
2407 4917 2492 4999 Et?»
2515 4922 2696 4988 Πατρί
2722 4917 2931 4989 ἐστιν,
2958 4926 2990 4976 ό
3021 4917 3218 4995 Πάέῖζρ
3252 4927 3304 4978 δ’
3321 4917 3612 4982 (ι-ὖξτάληο
3639 4917 3717 4982 si):
3741 4928 3821 4994 τῷ

2330 4990 2439 5053 Υίῳ
2469 4989 2657 5044 ἐστιν.

2500 5007 2657 5044 στιν.
