4106 6262
321 352 429 411 105

1378 349 1442 404 ΙΝ
1470 348 1751 406 ,ιοΑΝΝιε
1788 347 2234 407 EVANGELIUM
2270 349 2400 405 LlB.
2426 349 2515 406 IX.

3447 349 3547 408 106

2960 510 3237 525 W...

3240 510 3521 528 Μ.

895 685 1068 773 ΕΙΣ
1140 685 1288 771 ΤΟ
1345 685 1642 771 ΚΑΤΑ
1715 683 2215 770 ΙΩΑΝΝΗΝ
2288 683 2983 772 ΕΥΑΓΓΕΛΙΟΝ

1678 890 2114 979 ΒΙΒΛΙΟΝ
2189 888 2280 978 Θ’
2293 952 2313 974 .

684 1281 801 1369 ΙΝ
881 1275 1392 1369 JOANNIS
1461 1274 2247 1368 EVANGELIUM
2328 1273 2686 1361 LIBER
2765 1269 3211 1363 NONUS.

1899 1489 1964 1506 ρο

396 1650 517 1704 Ὅτι
534 1650 647 1720 ἐγὼ
668 1649 742 1715 ἐξ
775 1650 1034 1720 ἐμαυτοῦ
1058 1653 1170 1704 οὐκ
1196 1648 1491 1716 ἐλάλησα,
1531 1648 1669 1703 ἀλλ’
1696 1651 1728 1702 ὀ
1751 1648 1896 1718 πέμ-

2069 1645 2230 1717 715
2256 1643 2349 1699 XII
2371 1686 2385 1711 ,
2426 1645 2529 1710 49,
2560 1644 2647 1697 50.
2680 1642 2819 1709 Quia
2852 1658 2945 1712 ego
2973 1657 3038 1697 ea:
3077 1642 3271 1709 meipso
3302 1656 3404 1695 non
3440 1655 3558 1694 sum

320 1742 450 1806 ψας
469 1754 548 1805 με
569 1737 793 1805 Πατὴρ,
810 1740 991 1803 αὑτός
1002 1754 1103 1806 μοι
1125 1736 1380 1805 ἐντολὴν
1395 1736 1636 1801 δέδωκε,
1664 1738 1721 1790 τί
1744 1737 1892 1791 εἴπω

321 1830 421 1883 καὶ
448 1831 507 1882 τί
530 1829 802 1894 λαλήσω,
828 1829 927 1883 καὶ
968 1825 1099 1882 οἴδα
1140 1829 1228 1881 ὅτι
1268 1831 1307 1897 ἠ
1336 1828 1555 1897 ἐντολὴ
1594 1828 1748 1897 αὕτη
1776 1826 1888 1895 ζωὴ

322 1922 561 1987 αἰώνιός
613 1922 816 1975 ἐστιν·
854 1920 894 1975 d
949 1903 1064 1976 οὖν·
1112 1920 1282 1976 λαλῶ
1305 1919 1441 1987 ἐγὼ,
1481 1919 1673 1985 καθὼς
1689 1919 1891 1988 εἴρηκέ

298 2082 301 2085 ἰ
318 2033 421 2085 μοι
451 2018 484 2069 ό
513 2013 739 2081 Πατὴρ,
772 2014 963 2079 οὕτως
988 2012 1174 2066 λαλῶ.

396 2107 489 2168 Εἰς
510 2105 811 2175 ἀνάμνησιν
868 2105 989 2173 ἄγει
1030 2105 1123 2157 τὸν
1163 2103 1274 2156 τῶν
1314 2101 1582 2155 Ἰουδαίων
1618 2099 1745 2155 λαὸν
1783 2099 1890 2154 τῶν

323 2195 415 2247 διὰ
440 2196 676 2259 Μωσέως
701 2195 1238 2267 προκεκηρυγμένων
1258 2193 1388 2263 περὶ
1405 2193 1591 2255 αὐτοῦ,
1619 2190 1891 2262 ύποπλήτ-

328 2302 411 2337 τει
455 2285 511 2335 δὲ
563 2285 653 2354 διᾷι
697 2284 898 2337 τούτων
932 2282 1167 2352 εὐφυῶς,
1199 2282 1294 2337 καὶ
1320 2283 1419 2351 τὴν
1440 2279 1664 2334 ἐνοῦσαν
1706 2279 1893 2343 αὐτοῖς

331 2374 650 2443 ἀνοσιότητα
696 2373 1076 2443 παραδεικνὺς,
1126 2373 1415 2442 ἁπελέγχει
1457 2371 1663 2440 σαφῶς,
1703 2371 1778 2435 ὡς
1808 2372 1891 2426 οὐ·

334 2463 442 2525 δεὶς
464 2465 642 2526 αὐτοῖς
670 2463 822 2531 λόγος
849 2463 941 2516 τοῦ
971 2466 1061 2516 καί
1098 2464 1176 2526 είς
1195 2464 1352 2516 αὑτὸν
1377 2464 1775 2534 ἐμπαροινῆσαι
1800 2464 1891 2517 τὸν

338 2556 521 2624 νόμον,
562 2555 735 2607 καίτοι
765 2554 1002 2610 δεδόσθαι
1054 2554 1405 2609 πιστευθέντα
1464 2554 1614 2624 παρὰ
1637 2555 1791 2609 Θεοῦ.
1824 2555 1890 2608 Τί

329 2647 439 2717 rip
462 2645 561 2715 ἔφη
597 2646 683 2699 διὰ
722 2646 963 2710 Μωσέως
1014 2648 1142 2717 περὶ
1179 2646 1434 2719 Χριστοῦ,
1484 2647 1760 2717 γνώριμον
1792 2646 1888 2716 μὲν

328 2741 549 2799 ἅπασιν,
604 2737 713 2807 ὲρῶ
776 2739 821 2792 δ’
862 2735 955 2793 οὖν
1000 2741 1149 2808 ὅμως
1202 2738 1291 2792 διὰ
1343 2740 1442 2810 τὴν
1488 2738 1581 2794 τοῦ
1622 2741 1889 2810 νοήματος

323 2827 514 2896 χρείαν
537 2842 550 2855 ’
594 2845 612 2878 ι
652 2828 940 2898 Προφήτην
966 2828 1254 2898 ἀναστήσω
1278 2829 1462 2891 αὐτοῖς
1476 2830 1542 2883 ὲκ
1576 2831 1742 2900 μέσου
1782 2830 1889 2882 τῶν

323 2916 565 2985 ἀδελφῶν
586 2918 783 2982 αὐτῶν,
844 2917 1031 2988 ὥσπερ
1063 2919 1145 2993 σὲ,
1188 2939 1207 2972 ι
1238 2920 1382 2972 τοῦτ’
1424 2920 1540 2973 ἔστι
1594 2920 1889 2991 νομοθέτην

1997 1738 2237 1802 locutus;
2269 1737 2358 1791 sed
2402 1736 2491 1807 qui
2524 1737 2669 1789 misit
2696 1751 2776 1788 me
2812 1733 2994 1798 Pater,
3038 1734 3148 1801 ipse
3181 1731 3307 1784 mihi
3336 1731 3561 1783 manda-

1998 1838 2106 1882 tum
2138 1828 2281 1882 dedit
2321 1828 2445 1899 quid
2473 1828 2673 1891 dicam,
2703 1834 2752 1880 et
2784 1827 2908 1896 quid
2947 1826 3161 1893 loquar;
3204 1839 3254 1877 et
3282 1825 3391 1878 scio
3437 1824 3563 1892 quia

1995 1918 2307 1975 mandatum
2352 1920 2464 1987 eius
2492 1920 2599 1973 vita
2635 1928 2829 1973 (eterna
2868 1930 2944 1973 est
2986 1934 3003 1971 :
3049 1934 3166 1987 qua:
3202 1934 3323 1986 ergo
3355 1917 3561 1985 loquor,

1996 2013 2133 2066 sicut
2180 2012 2314 2063 dixit
2356 2012 2484 2065 mihi
2516 2011 2697 2074 Pater,
2741 2012 2817 2064 sic
2859 2012 3057 2079 loquor.

2064 2099 2378 2154 Judzeorum
2413 2100 2612 2169 populo
2640 2107 2859 2153 revocat
2903 2102 2956 2151 in
2990 2097 3306 2152 memoriam
3351 2112 3412 2150 ea
3443 2110 3565 2165 qua:

1998 2191 2066 2247 de
2095 2207 2154 2246 se
2198 2206 2228 2245 a
2259 2190 2409 2246 Mose
2440 2191 2699 2261 praedicta
2733 2202 2881 2253 sunt,
2921 2197 2975 2243 et
3010 2204 3106 2258 per
3151 2189 3264 2242 haec
3301 2203 3395 2242 eos
3440 2202 3564 2255 per-

1998 2280 2237 2350 stringit,
2267 2280 2597 2349 insitamque
2614 2280 2694 2334 eis
2724 2280 3053 2349 impietatem
3078 2279 3395 2346 designans,
3419 2277 3566 2329 clare

1998 2374 2175 2443 arguit
2205 2373 2341 2426 nihil
2373 2373 2454 2427 eis
2479 2387 2625 2426 cura:
2656 2387 2780 2426 esse
2819 2372 3235 2425 temulentorum
3278 2385 3427 2423 more
3460 2368 3564 2437 legi

1998 2465 2245 2527 illudere,
2275 2464 2526 2532 quamvis
2556 2479 2584 2517 a
2622 2463 2731 2517 Deo
2759 2462 2918 2516 datae.
2962 2462 3117 2515 Putet
3141 2462 3284 2515 enim
3308 2460 3565 2514 omnibus

1997 2557 2124 2626 quid
2156 2572 2250 2625 per
2282 2555 2467 2610 Mosen
2494 2556 2560 2610 de
2589 2556 2813 2609 Christo
2848 2554 3068 2619 dixerit,
3098 2554 3229 2607 illud
3257 2561 3439 2607 tamen
3481 2552 3565 2605 af-

1996 2646 2189 2712 ferant,
2222 2646 2290 2700 ad
2323 2646 2608 2699 clariorem
2637 2645 2741 2697 loci
2763 2645 3179 2714 explicationem
3216 2661 3228 2697 :
3266 2662 3284 2694 ι
3325 2642 3564 2713 Prophe-

1996 2749 2103 2793 tam
2138 2739 2424 2794 suscitabo
2460 2737 2542 2792 eis
2571 2753 2636 2792 ex
2671 2736 2933 2791 fratribus
2976 2751 3186 2801 eorum,
3217 2737 3361 2790 sicut
3404 2744 3455 2789 te
3488 2756 3499 2790 :
3539 2755 3557 2787 ι

1995 2830 2050 2884 id
2091 2838 2175 2884 est
2214 2830 2578 2898 legislaturem
2618 2836 2673 2882 et
2706 2828 3058 2882 mediatorem
3118 2829 3259 2881 inter
3302 2826 3469 2882 Deum
3511 2840 3564 2881 et

1992 2908 2245 2976 homines
2276 2919 2321 2951 “
2371 2938 2383 2973 :
2432 2938 2451 2968 ι
2490 2930 2543 2972 et
2572 2918 2713 2972 dabo
2740 2918 2962 2971 verbum
2997 2932 3174 2972 meum
3202 2918 3255 2969 in
3285 2932 3379 2970 ore
3419 2916 3585 2986 ejus,‘

326 3010 419 3062 καὶ
449 3010 673 3079 μεσίτην
738 3010 873 3063 Θεοῦ
917 3010 1011 3063 καὶ
1045 3011 1349 3082 ἀνθρώπων
1385 3028 1399 3045 ο
1437 3030 1456 3064 ι
1488 3012 1583 3065 καὶ
1635 3012 1792 3065 δώσω
1830 3013 1891 3064 τὸ

2001 3019 2048 3065 et
2078 3012 2331 3079 loquetur
2376 3010 2454 3065 eis
2496 3010 2799 3064 secundum
2854 3008 2999 3077 quod
3062 3007 3332 3061 mandabo
3378 3008 3449 3062 ei.
3500 3008 3565 3060 Et

296 3102 307 3116 '
329 3100 481 3170 ῥῆμά
511 3118 611 3169 μου
635 3102 692 3153 ὲν
717 3100 794 3170 τῷ
847 3101 1074 3171 στόματι
1110 3102 1297 3166 αὐτοῦ,
1329 3104 1424 3156 καὶ
1463 3103 1681 3175 λαλήσει
1711 3104 1895 3167 αὐτοῖς

326 3191 514 3243 καθότι
536 3190 601 3243 ἂν
620 3191 939 3261 ὲντείλωμαι
967 3193 1137 3263 αὐτῷ.
1168 3194 1278 3246 Καὶ
1308 3195 1336 3246 ὁ
1360 3194 1644 3264 ἄνθρωπος
1669 3195 1892 3256 ἐκεῖνος.

325 3282 386 3343 ὃς
432 3281 497 3333 ἂν
550 3281 624 3352 μὴ
681 3282 889 3356 ἀκούσῃ
943 3284 1042 3336 ὅσα
1078 3284 1143 3337 ἂν
1177 3284 1387 3358 λαλήσῃ
1420 3286 1448 3336 ὁ
1490 3286 1775 3355 προφήτης
1805 3286 1896 3337 ἐπὶ

326 3371 406 3441 τῷ
424 3372 647 3442 ὀνόματί
676 3386 799 3442 μου,
822 3372 930 3441 ἐγὼ
955 3374 1225 3443 ἐκδικήσω
1250 3374 1309 3438 ὲξ
1344 3373 1528 3426 αὑτοῦ.
1556 3393 1575 3426 ι
1611 3375 1699 3426 Ἐν
1720 3373 1898 3442 ταυτῷ

325 3462 615 3531 τοιγαροῦν
676 3463 706 3514 ὁ
752 3462 958 3532 Κύριος
999 3462 1153 3532 ἡμῶν
1190 3462 1397 3531 Ἰησοῦς
1448 3465 1477 3516 ὁ
1522 3463 1754 3533 Χριστὸς
1804 3463 1898 3514 τὴν

328 3554 566 3616 ἀλαζόνα
591 3552 700 3605 τῶν
746 3553 1013 3606 Ἰουδαίων
1055 3552 1266 3605 εὐθύνει
1295 3553 1488 3622 δῆμον,
1517 3554 1591 3614 ὡς
1626 3553 1720 3606 καὶ
1752 3553 1899 3622 αὐτῷ

335 3645 643 3713 μαχόμενον
669 3643 745 3713 τῷ
803 3643 922 3713 Θεῷ
964 3643 1061 3696 καὶ
1121 3644 1317 3714 Πατρὶ,
1351 3643 1442 3696 καὶ
1485 3643 1550 3695 δι’
1583 3638 1657 3697 ὧν
1685 3644 1900 3714 ἐντολὴν

333 3733 617 3802 εἰληφέναι
667 3733 814 3799 λέγει
850 3732 975 3801 παρ’
1000 3731 1190 3794 αὑτοῦ,
1216 3733 1312 3785 καὶ
1334 3732 1425 3801 ἀφ’
1460 3733 1652 3785 ἑαυτοῦ
1703 3733 1777 3804 μὴ
1804 3733 1871 3786 λα

335 3824 473 3886 λεῖν,
503 3823 692 3876 ἑαυτὸν
712 3824 839 3876 ὄντα
872 3824 965 3874 τὸν
1006 3824 1289 3893 προφήτην
1322 3824 1645 3878 ἐπιδεικνύει
1695 3825 1899 3892 σαφῶς,

337 3915 429 3968 τὸν
454 3915 542 3967 διὰ
573 3914 737 3983 νόμου
789 3912 1192 3984 προὸοώμενον,
1246 3914 1339 3966 καὶ
1368 3915 1457 3967 διὰ
1482 3915 1581 3983 τῆς
1632 3915 1724 3968 τοῦ
1767 3916 1900 3969 Θεοῦ

336 4010 432 4061 καὶ
462 4007 670 4076 Πατρὸς
699 4007 879 4075 φωνῆς
907 4008 970 4057 ὲκ
999 4005 1210 4058 πολλῶν
1238 4005 1442 4059 ἄνωθεν
1472 4007 1677 4079 χρόνων
1705 4025 1903 4079 προκε⁸

336 4095 702 4165 κηρυτμένον.
765 4094 935 4147 Καλεῖ
974 4093 1028 4145 δέ
1060 4110 1177 4156 πως
1204 4095 1339 4165 πρὸς
1373 4097 1698 4166 ἀνάμνησιν,
1726 4098 1902 4150 καίτοι

334 4187 526 4248 νωθείς
551 4185 707 4247 ὄντας
743 4186 960 4246 αὐτοὺς,
1014 4184 1089 4245 ὡς
1138 4186 1187 4237 εί
1215 4187 1289 4256 μὴ
1326 4185 1596 4255 βούλοιντο
1629 4190 1740 4250 τοῖς
1771 4187 1902 4257 παρ’

336 4278 500 4331 αὑτοῦ
564 4278 988 4332 καταπείθεσθαι
1042 4280 1239 4348 λόγοις,
1266 4277 1644 4332 ὑποκείσονται
1684 4278 1905 4341 πάντως

337 4367 650 4436 ἁδιαφύκτω
705 4368 953 4433 κολάσει,
1014 4371 1106 4422 καὶ
1175 4367 1533 4437 ὑπομενοῦσιν
1605 4368 1750 4438 ἅπερ
1798 4368 1901 4438 ἔφη

335 4457 486 4518 Θεός.
506 4460 568 4510 Οἱ
592 4457 700 4530 γὰρ
726 4458 823 4528 τὴν
860 4459 1011 4513 θείαν
1034 4460 1250 4529 ἐντολὴν
1278 4459 1367 4513 τοῦ
1400 4459 1536 4513 Θεοῦ
1572 4460 1666 4512 καὶ
1691 4460 1904 4529 Πατρὸς

340 4549 790 4618 παρατρέχοντες,
836 4554 929 4604 καὶ
993 4553 1085 4604 τὸν
1135 4552 1392 4616 ζωοποιὸν
1425 4552 1518 4605 τοῦ
1569 4552 1702 4605 Θεοῦ
1731 4553 1905 4619 Λόγον

339 4641 693 4711 ἐξωθούμενοι
752 4642 842 4696 τοῦ
888 4641 1139 4715 Σωτῆρος
1179 4644 1335 4714 ἡμῶν
1369 4644 1629 4715 Χριστοῦ,
1660 4643 1777 4705 πῶς
1803 4645 1905 4697 οὐκ

337 4732 396 4781 ὲν
423 4733 534 4792 τοῖς
553 4731 804 4800 ἐσχάτοις
832 4733 1101 4786 κείσονται
1128 4737 1339 4796 κακοῖς,
1365 4734 1398 4804 ἢ
1434 4735 1549 4798 πῶς
1577 4736 1681 4787 οὐκ
1735 4735 1905 4804 ἀμέτ-

334 4837 446 4887 οχοι
478 4821 693 4888 μενοῦσι
721 4821 819 4890 τῆς
839 4823 963 4894 παρ’
991 4822 1152 4875 αὑτοῦ
1174 4822 1337 4892 ζωῆς,
1363 4824 1593 4890 εὐλόγως
1618 4825 1904 4887 ἀκούοντες

334 4913 395 4961 τὸ
416 4912 503 4963 διὰ
533 4912 632 4981 τῆς
662 4912 756 4966 τοῦ
815 4916 1094 4984 προφήτου
1135 4916 1315 4985 φωνῆς
1338 4929 1352 4943 ·
1391 4934 1408 4964 ι
1448 4915 1542 4985 Γῆ,
1577 4917 1672 4985 γῆ,
1714 4917 1901 4980 ἄκουε,

334 5004 501 5055 ἄκουε
544 5002 698 5070 λόγον
752 5007 979 5076 Κυρίου.
1021 5008 1149 5060 Ἰδοὺ
1173 5007 1284 5075 ἐγὼ
1312 5008 1503 5074 ἐπάγω
1541 5008 1633 5060 ἐπὶ
1658 5008 1747 5061 τὸν
1774 5008 1902 5060 λαὸν

332 5094 521 5145 τοῦτον
546 5095 710 5159 κακὰ,
737 5097 826 5148 τὸν
856 5097 1067 5168 καρπὸν
1101 5099 1445 5168 ἀποστροφῆς
1476 5098 1672 5161 αὐτῶν,
1706 5100 1786 5152 ὃτι
1824 5100 1901 5169 τῷ

332 5187 484 5254 νόμῳ
506 5203 602 5254 μου
618 5187 676 5238 οὐ
700 5188 1020 5258 προσέσχον,
1040 5190 1237 5243 καὶτὸν
1257 5190 1415 5257 λόγον
1433 5206 1535 5259 μου
1558 5189 1864 5256 ἀπώσαντος
1880 5210 1896 5241 ι

333 5276 509 5345 Διττῷ
535 5277 641 5349 γὰρ
666 5280 882 5349 ἐνόχους
912 5280 1068 5344 ὂντας
1095 5283 1402 5351 ἐγκλήματι
1448 5284 1575 5344 τοὺς
1618 5282 1903 5344 Ἰουδαίους

334 5367 641 5436 εὑρήσομεν
664 5385 677 5399 ο
728 5370 852 5423 οὔτε
880 5374 988 5443 γὰρ
1015 5374 1174 5425 αὐτὸν
1218 5374 1395 5426 καίτοι
1424 5374 1619 5426 σεπτὸν
1656 5368 1793 5425 εἶναι
1821 5373 1905 5425 δο-

334 5457 539 5510 κοῦντα
574 5460 665 5511 καὶ
715 5462 866 5529 φίλον
910 5466 1237 5535 τετιμήκασι
1263 5464 1353 5517 τὸν
1386 5464 1571 5533 νόμον,
1596 5463 1689 5515 τὸν
1716 5464 1781 5516 δι’
1806 5466 1904 5517 αὐ-

330 5551 430 5604 τοῦ
474 5552 813 5623 κηρυχθέντα
881 5555 957 5627 μὴ
1002 5556 1426 5626 προσηκάμενοι,
1451 5553 1571 5607 οὔτε
1605 5554 1708 5624 μὴν
1733 5572 1893 5625 προσ-

410 5713 449 5743 ⁸⁸
492 5710 610 5766 Jac.
646 5727 720 5778 IV,
759 5714 826 5766 1⁸2
855 5730 869 5779 ;
902 5714 919 5766 l
955 5714 1097 5768 Tim.
1132 5729 1170 5769 il
1200 5757 1211 5780 ,
1245 5718 1298 5771 5.

534 5830 810 5893 PATROL.
868 5832 987 5895 Cu.
1032 5836 1302 5898 LXXIV.

1930 4349 1973 4406 C

1413 5719 1456 5749 θ’
1502 5717 1655 5773 Deut.
1692 5733 1854 5781 xvm,
1892 5718 1990 5785 l8,
2033 5720 2116 5774 l‘J.

1997 3102 2162 3156 homo
2194 3104 2285 3171 qui
2322 3117 2428 3157 non
2462 3102 2696 3155 audierit
2730 3116 2851 3170 qua:
2874 3102 3089 3155 loeutus
3115 3101 3274 3153 fuerit
3303 3100 3563 3170 propheta

1999 3195 2093 3248 ille
2144 3193 2196 3246 in
2259 3194 2481 3248 nomine
2531 3209 2672 3253 meo.
2726 3208 2825 3261 ego
2878 3194 3175 3247 vindictam
3229 3207 3437 3247 sumam
3499 3192 3565 3245 de

1998 3301 2064 3340 eo
2093 3286 2157 3338 θ’.
2209 3305 2227 3337 ι
2259 3284 2380 3339 Uno
2411 3285 2579 3355 igitur
2607 3285 2771 3356 716
2801 3284 3101 3355 eodemque
3144 3286 3264 3338 loco
3305 3284 3564 3340 Dominus

2001 3387 2186 3432 noster
2213 3375 2375 3432 .lesus
2419 3376 2671 3431 Christus
2705 3377 3001 3446 superbum
3032 3375 3342 3429 Judaaorum
3391 3392 3565 3446 popu-

2000 3470 2113 3523 lum
2146 3468 2410 3539 increpat,
2436 3476 2495 3522 ut
2524 3468 2615 3536 qui
2646 3467 2748 3536 ipsi
2783 3467 2892 3521 Deo
2922 3482 2983 3520 ac.
3012 3466 3156 3519 Patri
3194 3475 3478 3535 repugnet.
3512 3478 3563 3521 et

2000 3574 2096 3628 per
2124 3573 2245 3625 quae
2281 3557 2596 3610 mandatum
2626 3556 2702 3607 ait
2727 3555 3005 3623 accepisse
3039 3555 3108 3608 ab
3133 3569 3218 3617 eo,
3250 3562 3305 3607 et
3329 3568 3357 3606 a
3384 3554 3566 3623 seipse

2001 3665 2109 3702 non
2141 3648 2309 3717 loqui,
2335 3663 2430 3716 per
2457 3647 2572 3701 haec
2603 3644 2789 3701 eadem
2822 3646 3063 3715 seipsum
3092 3645 3411 3715 prophetam
3443 3661 3568 3701 esse

2001 3740 2246 3795 declarat
2309 3741 2403 3809 qui
2443 3754 2472 3792 a
2524 3738 2640 3809 lege
2692 3737 2980 3808 praedictus
3017 3738 3110 3801 sit,
3143 3746 3197 3793 et
3243 3752 3341 3807 per
3375 3736 3471 3793 Dei
3506 3754 3569 3793 ac

2002 3831 2182 3888 Patris
2213 3847 2399 3886 vocem
2443 3831 2630 3885 multis
2672 3838 2823 3885 retro
2850 3831 3192 3900 temporibus
3231 3834 3560 3909 praenuntia-

2005 3930 2092 3976 tus
2126 3922 2214 3977 sit.
2252 3920 2345 3976 Eis
2375 3930 2577 3985 autem,
2617 3921 2868 3991 quamvis
2907 3921 3049 3975 tardi
3094 3921 3223 3985 sint,
3256 3922 3311 3976 in
3362 3938 3569 3977 memo-

2004 4014 2143 4066 riam
2174 4011 2573 4080 quodammodo
2622 4019 2862 4073 revocat,
2909 4011 3016 4066 nisi
3057 4011 3178 4080 ejus
3227 4013 3567 4066 sermonibus

2004 4118 2199 4172 parere
2242 4104 2430 4166 velint,
2472 4102 2770 4156 inevitabili
2815 4103 3081 4172 supplicio
3118 4105 3343 4158 omnino
3384 4104 3570 4174 subje-

2005 4207 2151 4250 ctum
2184 4197 2249 4249 iri
2278 4235 2292 4257 ,
2323 4210 2498 4265 eaque
2522 4210 2783 4263 passuros
2816 4211 2937 4263 qua:
2956 4196 3093 4248 dixit
3118 4195 3279 4251 Deus.
3311 4196 3443 4251 Nam
3477 4198 3569 4267 qui

2007 4288 2251 4343 divinum
2301 4287 2393 4341 Dei
2440 4302 2503 4340 ac
2537 4285 2715 4340 Patris
2764 4286 3079 4338 mandatum
3115 4287 3570 4356 przetergrcdiun-

2007 4389 2116 4444 tur,
2152 4388 2203 4433 et
2235 4378 2510 4432 viviﬁcum
2557 4378 2650 4433 Dei
2696 4394 2760 4432 ac
2799 4376 3105 4432 Servatoris
3143 4379 3315 4430 nostri
3364 4378 3569 4433 Christi

2006 4487 2313 4526 sermonem
2373 4471 2660 4540 repellunt,
2713 4468 2987 4538 quomodo
3034 4483 3142 4520 non
3193 4471 3453 4523 extremis
3486 4474 3571 4522 in-

2006 4562 2294 4615 volventur
2335 4562 2513 4623 malis,
2560 4569 2652 4613 ant
2683 4559 2958 4629 quomodo
2986 4560 3111 4612 vita)
3149 4561 3217 4613 ab
3249 4577 3313 4612 eo
3344 4576 3569 4613 mananv

2006 4653 2076 4703 tis
2126 4667 2231 4704 non
2264 4662 2514 4719 expertes
2561 4652 2945 4716 remanebunt,
2981 4667 3091 4704 non
3128 4653 3243 4705 sine
3275 4668 3438 4704 causa
3471 4667 3569 4703 au-

2004 4743 2217 4796 dientes
2257 4743 2404 4810 quod
2447 4744 2721 4811 prophetae
2756 4758 2886 4796 voce
2915 4742 3123 4796 dictum
3153 4752 3235 4797 est
3269 4762 3281 4795 :
3321 4762 3337 4792 ι
3377 4741 3567 4802 Terra,

2008 4843 2175 4894 terra,
2203 4834 2369 4897 audi,
2404 4832 2527 4885 audi
2562 4835 2788 4888 verbum
2830 4833 3061 4888 Domini.
3094 4833 3232 4887 Ecce
3261 4849 3360 4901 ego
3399 4833 3568 4884 addu-

2005 4939 2071 4979 co
2096 4940 2261 4994 super
2291 4926 2547 4992 populum
2595 4926 2741 4977 hunc
2786 4926 2949 4985 mala,
2986 4924 3223 4977 fructum
3268 4923 3567 4975 eversionis

2006 5032 2216 5079 eorum,
2250 5017 2378 5082 quia
2412 5015 2509 5083 legi
2565 5031 2697 5069 mem
2741 5030 2850 5067 non
2877 5014 3246 5076 attenderunt,
3280 5020 3333 5065 et
3361 5027 3567 5065 sermo-

2006 5125 2127 5162 nem
2157 5123 2331 5160 meum
2373 5108 2716 5173 projecerunt
2747 5106 2875 5157 ‘3?)
2918 5104 3156 5171 Dttplicls
3196 5104 3340 5156 enim
3384 5103 3565 5155 crimi-

2005 5201 2091 5254 nis
2126 5216 2248 5253 reos
2277 5215 2396 5253 esse
2440 5197 2656 5252 .lmlaeos
2692 5196 3110 5264 eomperiemus.
3155 5192 3265 5246 Nec
3300 5191 3442 5246 enim
3483 5193 3566 5260 ip-

2004 5305 2117 5344 sam
2160 5291 2352 5359 legem,
2382 5304 2544 5357 quant
2592 5295 2832 5342 sanetam
2863 5284 3066 5351 alioqui
3103 5282 3388 5350 putabant,
3418 5297 3573 5335 reve-

2006 5381 2095 5433 riti
2128 5389 2275 5444 sunt,
2310 5382 2510 5449 quippe
2541 5380 2632 5446 qui
2676 5394 2783 5430 non
2838 5381 3197 5440 susceperunt
3233 5389 3355 5427 eum
3403 5388 3563 5442 quem

2007 5473 2095 5526 illa
2130 5471 2475 5540 prtedixerat,
2511 5486 2612 5522 nec
2653 5465 3006 5520 attenderunt
3052 5461 3362 5518 Servaturis
3395 5464 3564 5517 nostri

2005 5561 2207 5616 Christi
2241 5562 2605 5619 sermonibus,
2652 5558 2775 5610 licet
2809 5559 2995 5623 apeite
3028 5554 3316 5609 clamantis
3362 5572 3418 5607 se
3445 5567 3566 5604 essu

2196 5721 2237 5751 ⁶³
2274 5720 2472 5773 Jet'etu.
2513 5734 2603 5782 vt,
2644 5716 2721 5769 l9.
