4106 6262
590 366 690 417 ΗΠ

1611 364 1666 417 S.
1710 363 1985 418 CYRILLI
2023 366 2485 421 ALEXANDRINI
2525 367 2843 422 ARCHIEP.

3731 367 3836 423 108

588 479 773 537 utique
808 479 1124 548 prophetam
1165 481 1257 548 qui
1292 495 1385 550 per
1415 480 1584 550 legem
1617 480 1952 548 prmdicitur,
1991 497 2055 535 ex
2090 498 2150 536 eo

2259 485 2654 554 εσχήκασιτοίς
2684 482 2860 551 λόγοις
2895 480 2989 534 τοῦ
3044 482 3294 553 Σωτῆρος
3359 480 3516 552 ήμῶν
3575 480 3835 551 Χριστοῦ,

586 572 732 637 quod
757 570 831 622 ait
866 570 968 625 sibi
997 586 1023 622 a
1049 570 1157 624 Deo
1177 586 1237 624 ac
1262 570 1420 625 Patre
1447 570 1576 640 quid
1612 574 1759 625 dicat
1790 573 2151 643 suppeditari.

586 658 772 727 Neque
802 673 932 713 vero
984 659 1275 727 quisquam
1314 659 1588 713 existimet
1638 675 1703 714 ex
1749 678 1814 715 eo
1861 662 2005 730 quod
2050 662 2156 715 Do-

588 747 768 801 minus
795 747 870 799 ait
906 747 1039 798 nihil
1066 762 1092 797 a
1125 747 1309 815 seipse
1336 746 1541 813 dicere,
1573 749 1666 803 sed
1710 750 1857 820 loqui
1898 767 1927 805 a
1960 752 2153 818 Patre,

585 838 894 892 detrimenti
941 838 1242 907 quidquam
1296 841 1546 910 accipere
1589 857 1771 911 posse,
1826 846 1941 899 sive
1975 848 2182 915 quoad‘

586 934 850 982 rationem
899 930 1257 990 substantiar,
1313 932 1428 985 sive
1481 933 1624 1001 quod
1682 935 1876 989 attinet
1928 938 1995 990 ad
2049 935 2157 991 Deo

584 1021 802 1090 dignam
838 1020 1176 1086 majestateni
1210 1040 1221 1073 :
1261 1022 1353 1075 sed
1391 1023 1522 1077 illud
1560 1039 1754 1079 rursus
1800 1026 2036 1095 primum
2066 1042 2159 1080 eo-

584 1110 736 1178 gitel,
767 1124 831 1162 ac
863 1109 1182 1176 rogantibus
1214 1109 1371 1164 nobis
1409 1113 1758 1181 respondeat,
1801 1122 1983 1168 utrum
2029 1130 2158 1170 vero

584 1212 631 1254 et
662 1200 896 1254 naturali
946 1199 1058 1255 Deo
1113 1202 1417 1270 prophetiae
1474 1218 1671 1257 nomen
1726 1212 1779 1258 et
1828 1222 1941 1258 rem
1982 1207 2157 1274 ipsam

584 1292 882 1346 convenire
923 1298 1114 1360 putet;
1151 1293 1300 1360 atqui
1336 1308 1495 1346 nemo
1529 1310 1636 1347 non
1675 1294 1895 1361 dixerit,
1940 1298 2156 1366 npinor,

585 1385 905 1438 incredibile
943 1399 1064 1437 esse
1105 1382 1273 1438 Deum
1321 1386 1640 1457 propin-tam
1677 1391 1862 1443 vocari
1907 1406 2030 1444 eum
2067 1393 2158 1462 qui

586 1476 639 1528 in
678 1475 955 1543 prophetis
986 1475 1268 1544 loquatur.
1311 1494 1329 1525 «
1371 1476 1492 1546 Ipse
1527 1478 1668 1532 enim
1704 1480 1947 1535 visiones
1980 1483 2163 1536 multi-

588 1567 832 1635 plicavit,
867 1576 923 1619 ut
964 1566 1249 1629 scribitur,
1285 1568 1417 1620 etin
1470 1569 1725 1624 manibus
1773 1572 2160 1640 prophetarum

583 1656 926 1710 assiuiilatus
964 1665 1043 1708 est
1075 1654 1143 1709 °".
1184 1674 1201 1706 ι
1239 1654 1381 1720 Quia
1405 1672 1534 1727 ergo
1556 1659 1840 1714 servitutis
1871 1663 2091 1715 nomine
2110 1669 2163 1716 et

587 1748 763 1799 forma
789 1757 991 1799 nostrae
1011 1746 1387 1801 similitudinis
1418 1758 1698 1818 assumpta
1716 1750 1781 1805 ad
1806 1761 2048 1806 nostram
2081 1752 2158 1806 si-

2259 575 2436 627 καίτοι
2480 574 2708 645 βοῶντος
2756 572 3079 641 ἀναφανδὸν,
3126 572 3202 635 ὡς
3259 573 3421 636 αὑτὸς
3462 571 3550 642 εἴη
3588 572 3775 641 σαφῶς
3805 574 3836 626 6

2257 666 2540 736 προφήτης
2605 665 2634 717 6
2684 663 2773 717 διά
2826 663 2991 733 νόμου
3067 661 3577 734 χρησμῳδούμενος,
3619 663 3688 717 δι’
3760 657 3836 716 ὧν

2261 757 2465 823 ἔφασκε
2489 758 2600 818 τοῖς
2632 757 2784 826 παρά
2814 754 2906 808 τοῦ
2934 754 3067 807 Θεοῦ
3099 754 3193 807 καὶ
3224 755 3434 824 Πατρὸς
3471 753 3837 807 διακονεῖσθαι

2258 846 2455 915 λόγοις.
2486 846 2596 898 Καὶ
2640 846 2803 916 μήτις
2838 845 3033 898 οίέσθω
3070 845 3130 897 τὸ
3173 846 3337 913 φάναι
3368 844 3458 897 τὸν
3499 844 3724 915 Κύριον,
3761 845 3838 908 ὡς

2258 938 2349 1005 ἀφ’
2410 936 2604 990 ἑαυτοῦ
2664 937 2762 1006 μὲν
2790 936 2962 999 οὐδὲν,
3022 936 3269 988 λαλεῖται
3294 935 3350 989 δὲ
3394 935 3546 1007 παρά
3597 936 3835 1004 Πατρὺς,

2258 1027 2460 1080 ἀδικεῖν
2486 1028 2648 1080 αὑτὸν
2698 1027 2957 1080 δύνασθαι
2996 1027 3137 1081 κατά
3161 1045 3213 1081 τι
3255 1027 3385 1097 γοῦν
3436 1027 3593 1090 ὅλως,
3629 1027 3662 1098 ἢ
3694 1027 3842 1080 κατά

2258 1118 2349 1170 τὸν
2376 1119 2471 1186 τῆς
2510 1118 2696 1181 οὑσίας
2744 1119 2937 1188 αὑτῆς,
2997 1119 3164 1188 ήγουν
3206 1120 3286 1181 είς
3340 1116 3496 1182 ἀξίας
3544 1117 3701 1185 λόγον
3739 1119 3840 1187 τῆς

2260 1209 2595 1281 θεοπρεποῦς
2620 1226 2633 1240 ο
2665 1208 2803 1262 ἀλλά
2847 1208 3063 1280 πρῶτον
3104 1209 3201 1279 μὲν
3239 1210 3413 1262 έκεῖνο
3448 1208 3841 1278 διενθυμείσθω

2260 1316 2318 1351 τε
2356 1298 2539 1363 πάλιν,
2570 1298 2664 1351 καὶ
2685 1297 2888 1366 λεγέτω
2910 1298 3190 1368 ἐρομένοις
3215 1299 3344 1367 ήμίν
3362 1313 3375 1327 ⁸
3398 1292 3545 1367 Ἀρα
3574 1298 3680 1366 γὰρ
3704 1296 3842 1367 πρέ-

2263 1408 2386 1444 πειν
2418 1390 2662 1459 οἰήσεταί
2700 1408 2781 1452 τις
2812 1390 2892 1459 τῷ
2916 1407 2978 1459 γε
3012 1390 3146 1453 ὅλως
3203 1390 3315 1442 ὄντι
3355 1406 3414 1442 τε
3443 1390 3536 1442 καὶ
3562 1389 3840 1459 νοουμένῳ

2261 1482 2399 1535 κατὰ
2456 1460 2616 1551 φύσιν
2665 1481 2803 1552 Θεῷ,
2848 1481 2906 1534 τὸ
2948 1482 3046 1551 τῆς
3086 1481 3421 1551 προφητείας
3445 1479 3616 1550 ὄνομά
3644 1498 3702 1532 τε
3741 1479 3838 1533 καὶ

2262 1574 2537 1645 πρᾶγμα;
2591 1573 2768 1626 καίτοι
2819 1573 2926 1634 πᾶς
2966 1588 3050 1634 τις
3081 1565 3193 1633 οὖν,
3233 1567 3405 1642 οἶμαι,
3447 1571 3543 1624 καὶ
3580 1569 3687 1623 τῶν
3717 1570 3838 1624 λίαν

2264 1667 2323 1717 εὑ
2330 1664 2503 1735 χερῶν
2536 1666 2866 1733 ἀποφήσειεν
2891 1663 2977 1727 ἂν,
3023 1664 3285 1717 ἀπίθανον
3318 1657 3458 1715 εἶναι
3495 1661 3669 1729 λέγων
3697 1662 3839 1715 ἀποο

2267 1755 2543 1808 καλεῖσθαι
2572 1760 2856 1825 προφήτην
2874 1754 2965 1806 τὸν
2987 1755 3044 1806 ὲν
3066 1755 3370 1823 προφήταις
3385 1752 3649 1804 λαλοῦντα
3678 1750 3834 1805 Θεόν.

584 1835 946 1889 militudiuem
976 1835 1237 1905 pr0pheta
1258 1845 1484 1892 vocatus
1506 1847 1609 1901 est,
1629 1842 1937 1895 necessario
1954 1842 2001 1895 ei
2021 1858 2150 1911 quo-

2264 1869 2282 1899 ι
2331 1848 2502 1911 Αὐτὸς
2554 1850 2664 1917 γάρ
2698 1846 2916 1916 ὁράσεις
2963 1844 3261 1914 ἐπλήθυνε,
3302 1842 3444 1896 κατά
3487 1842 3549 1895 τὸ
3586 1858 3838 1913 γεγραμ-

583 1944 690 1997 que
721 1928 802 1981 lex
837 1943 958 1996 qua:
984 1928 1258 1995 prophetae
1287 1930 1617 1983 conveniunt
1649 1933 1914 1992 attribuit.
1941 1936 2039 1987 hoc
2074 1947 2156 1988 est

584 2019 806 2072 audisse
859 2018 1063 2087 aliquid
1107 2035 1136 2072 a
1181 2019 1360 2084 Patre,
1412 2033 1466 2075 et
1511 2023 1827 2077 mandatum
1875 2027 2155 2094 accepisse

584 2111 744 2178 717
782 2110 908 2178 quid
937 2110 1086 2164 dicat
1141 2120 1193 2164 et
1227 2113 1358 2181 quid
1394 2113 1669 2183 loquatur.
1704 2116 1801 2169 Cui
1846 2118 2152 2173 addendum

581 2201 839 2264 arbitror,
882 2200 1097 2257 Judacos
1150 2203 1285 2274 legis
1327 2204 1587 2273 opinione
1636 2207 1986 2262 vehementer
2020 2226 2155 2279 pra:-

581 2296 905 2355 occupatos,
943 2288 986 2342 si
1020 2305 1140 2344 eam
1172 2304 1200 2342 a
1244 2290 1353 2344 Deo
1385 2293 1651 2360 prolatam
1683 2310 1804 2349 esse
1841 2298 2150 2362 crederent,

581 2377 883 2430 Salvatoris
928 2394 1210 2433 sermones
1251 2397 1528 2450 nunquam
1573 2394 1930 2455 suscepturus
1983 2388 2155 2444 fuisse

582 2467 636 2519 in
659 2468 958 2536 spiritalem
978 2470 1183 2523 cultum
1207 2480 1385 2525 vetera
1409 2474 1660 2528 mandata
1684 2478 2151 2536 lt'ansformantis.

584 2556 687 2612 Sed
724 2559 854 2628 quid
912 2575 1090 2615 causa?
1137 2572 1257 2616 erat
1299 2579 1399 2616 cur
1434 2565 1537 2633 ipsi
1586 2567 1794 2619 nollent
1857 2569 2151 2638 ﬁgurarum

582 2647 648 2699 ad
686 2649 965 2702 veritatem
1002 2650 1543 2707 transfnriuationem
1583 2656 1903 2726 suscipere?
1931 2659 2153 2716 Nescie-

582 2739 713 2797 baut
753 2738 920 2795 Deum
972 2756 1096 2796 esse
1147 2743 1301 2796 illuni
1351 2746 1653 2798 secundum
1714 2755 1992 2815 naturam,
2055 2766 2155 2805 nec

581 2831 765 2889 animo
809 2832 1101 2899 capiebant
1148 2833 1489 2902 unigenitum
1543 2835 1722 2892 Patris
1770 2836 2006 2893 Verbum
2052 2858 2154 2898 no-

581 2933 752 2974 stram
796 2929 1018 2990 propter
1050 2937 1149 2978 nos
1179 2932 1425 2992 gestasse
1455 2941 1701 2981 carnem.
1743 2930 1962 3000 Alioqui
2005 2934 2150 2987 enim

581 3012 763 3063 statim
792 3009 901 3064 Deo
933 3012 1359 3079 procumbentes
1401 3023 1455 3068 et
1486 3029 1817 3087 quocunque
1859 3021 2021 3075 vellet
2052 3023 2152 3076 im-

580 3100 731 3167 pigre
765 3099 952 3165 delati,
984 3103 1401 3158 convenientem
1447 3106 1497 3160 ei
1533 3110 1761 3177 gloriam
1811 3122 2147 3169 servassent.

2261 1939 2439 2009 μένον,
2473 1939 2566 1991 καὶ
2613 1939 2670 1990 έν
2719 1937 2877 2008 χερσὶ
2907 1934 3200 2006 προφητῶν
3222 1932 3501 2003 ὡμοιώθη.
3540 1952 3559 1984 ι
3612 1932 3834 2004 Ἐπειδὴ

2255 2032 2433 2084 τοίνυν
2471 2032 2530 2083 τί)
2573 2030 2672 2099 τῆς
2713 2030 2958 2092 δουλείας
3002 2030 3169 2097 ὖνομα
3215 2028 3307 2079 καὶ
3343 2025 3530 2095 σχῆμα
3563 2025 3664 2093 τῆς
3695 2023 3837 2094 πρὸς

2254 2124 2404 2193 ἡμᾶς
2428 2123 2743 2192 ὁμοιότητος
2778 2119 3085 2183 ἀναλαϐὼν,
3114 2119 3236 2172 καθ’
3268 2118 3547 2188 ἡμετέραν
3573 2117 3836 2186 ὁμοίωσιν

2255 2216 2456 2286 ἐκλήθη
2486 2217 2793 2286 προφήτης,
2830 2212 3142 2281 ἀναγκαίως
3191 2209 3339 2279 αὑτῷ
3367 2209 3461 2263 καὶ
3494 2209 3562 2262 τά
3586 2206 3666 2276 τῷ
3701 2222 3836 2278 προσ

2256 2309 2398 2379 φήτῃ
2430 2308 2712 2378 πρέποντα
2755 2305 3127 2376 περιτέθεικεν
3157 2304 3184 2355 6
3221 2301 3403 2369 νόμος,
3425 2299 3571 2352 τοῦτ’
3604 2298 3741 2357 ἐστι,
3771 2296 3835 2349 τὸ

2255 2398 2518 2455 πυθέσθαι
2551 2416 2600 2450 τι
2631 2396 2780 2467 παίιά
2804 2396 2897 2449 τοῦ
2922 2395 3154 2465 Πατρός,
3201 2391 3419 2461 ἐντολήν
3450 2408 3509 2442 τε
3551 2388 3835 2458 είληφέναι

2252 2490 2304 2543 τί
2334 2491 2482 2559 είπῃ,
2535 2488 2628 2540 καὶ
2667 2486 2719 2538 τί
2783 2486 3012 2556 λαλήσῃ.
3048 2485 3190 2555 Πρὸς
3222 2482 3278 2535 δέ
3301 2498 3364 2549 γε
3393 2480 3567 2550 τούτῳ
3612 2480 3837 2531 κάκεῖνο

2253 2584 2425 2634 εἰπεῖν
2454 2583 2709 2650 οἰήσομαι
2762 2580 2871 2630 δεῖν
2892 2594 2904 2605 ·
2934 2580 2992 2630 ὲν
3030 2575 3195 2644 πολλῇ
3254 2571 3519 2644 προλήψει
3546 2570 3834 2638 γεγονότες

2268 2674 2507 2726 Ἰουδαῖοι
2538 2673 2666 2741 περὶ
2696 2670 2784 2723 τὸν
2817 2671 2997 2740 νόμον,
3035 2666 3362 2735 λελαλῆσθαι
3402 2663 3552 2734 παρά
3581 2663 3674 2715 τοῦ
3696 2659 3831 2714 Θεοῦ

2256 2765 2599 2826 πιστεύοντες
2625 2763 2806 2824 αὑτὸν,
2836 2763 2933 2814 οὑκ
2964 2761 3029 2814 ἂν
3059 2758 3419 2831 παρεδέξαντο
3447 2755 3539 2809 τοῦ
3580 2755 3836 2823 Σωτῆρος

2252 2858 2377 2918 τοὶς
2401 2855 2610 2922 λόγους,
2656 2855 2734 2916 είς
2783 2852 3162 2921 πνευματικὴν
3223 2846 3477 2918 λατρείαν
3529 2843 3836 2915 μεταπλάτ-

2252 2962 2438 3008 τοντος
2474 2947 2541 2999 τά
2594 2945 2763 2999 πάλαι
2814 2941 3167 3013 διωρισμένα.
3223 2939 3334 2992 Καὶ
3379 2938 3459 3001 τίς
3494 2937 3527 3005 ή
3557 2935 3835 3004 πρόφασις

2252 3037 2345 3090 τοῦ
2377 3037 2451 3107 μὴ
2485 3036 2659 3090 θέλειν
2683 3035 2880 3098 αὑτοὺς
2915 3029 3328 3103 παραδέξασθαι
3352 3029 3443 3082 τὸν
3461 3029 3543 3090 είς
3572 3024 3833 3096 ἀλήθειαν

2253 3128 2360 3180 τῶν
2393 3127 2581 3180 τύπων
2621 3125 3045 3195 μεταπλασμόνς
3107 3123 3219 3176 Οὑκ
3268 3121 3463 3191 ᾔδεσαν
3487 3117 3630 3171 κατὰ
3666 3117 3831 3185 φύσιν

583 3186 687 3240 Sed
719 3187 1105 3243 exisumabant
1148 3191 1334 3245 miseri
1380 3208 1546 3247 unum
1600 3212 1629 3252 e
1667 3200 1828 3254 nobis
1859 3206 2147 3268 exsistere,

2255 3222 2383 3274 ὅντα
2437 3219 2590 3281 Θεὸν,
2621 3186 2747 3270 ’ἀλλ’
2778 3186 3071 3286 οὑδὲέἷχον
3114 3215 3194 3274 εἰς
3242 3186 3389 3274 νοῦν,
3430 3210 3511 3264 ὅτι
3545 3209 3715 3277 Λόγος
3755 3206 3831 3260 ὣν

578 3293 814 3347 cumque
855 3278 1016 3333 homo
1047 3281 1226 3336 nudus
1264 3297 1328 3337 ac
1364 3300 1550 3341 merus
1588 3300 1753 3353 esset,
1793 3301 2007 3346 tantum
2049 3295 2151 3349 sibi

582 3379 759 3423 tamen
794 3385 1095 3436 assumere,
1128 3382 1185 3426 ut
1217 3385 1271 3428 et
1298 3375 1446 3445 ipsas
1478 3379 1569 3433 Dei
1609 3379 1783 3437 Patris
1812 3383 1960 3454 leges
1997 3401 2154 3440 ever-

581 3471 694 3516 tere
729 3463 978 3518 auderet.
1016 3465 1134 3530 Quo
1166 3465 1368 3521 factum
1414 3478 1498 3524 est
1545 3480 1602 3524 ut
1652 3473 1999 3543 impudenter
2028 3497 2151 3536 eum

576 3551 912 3609 clamoribus
943 3556 1320 3614 incesserent:
1358 3578 1377 3611 ι
1430 3561 1506 3616 De
1545 3562 1692 3619 bono
1729 3580 1893 3635 opere
1925 3585 2032 3624 non
2082 3574 2154 3627 la-

577 3643 828 3713 pidainus
862 3656 933 3710 te,
963 3648 1055 3702 sed
1087 3648 1154 3703 de
1197 3649 1534 3721 blasphemia
1578 3672 1591 3707 :
1643 3667 1696 3710 et
1730 3660 1858 3727 quia
1891 3669 1945 3714 tu
1991 3662 2152 3719 hi-mo

576 3749 698 3786 cum
723 3735 824 3798 sis,
856 3738 1090 3806 teipsum
1124 3738 1260 3794 facis
1295 3739 1461 3796 Deum
1493 3744 1561 3798 ⁸⁵.
1595 3763 1613 3797 t
1662 3745 1937 3819 Singulari
1966 3753 2152 3825 itaque

577 3837 630 3881 et
657 3830 919 3896 praelaro
959 3831 1191 3885 consilio
1228 3832 1491 3888 Dominus
1523 3846 1711 3892 noster
1750 3839 1912 3896 Jesus
1958 3845 2025 3898 ab
2058 3847 2151 3900 illa

578 3917 892 3986 suspicione
923 3920 1205 3975 auditores
1235 3923 1582 3989 abstrahens,
1617 3935 1877 3998 tanquam
1928 3947 1957 3985 a
2003 3936 2150 3989 nuda

577 4015 631 4060 et
669 4009 782 4061 sola
830 4009 1069 4064 humana
1108 4026 1343 4080 persona
1399 4018 1704 4070 orationem
1768 4022 2030 4077 transfert
2080 4028 2150 4083 ad

579 4114 702 4153 eum
747 4099 842 4168 qui
897 4100 1074 4166 palam
1104 4112 1157 4155 et
1203 4104 1325 4157 sine
1370 4105 1814 4164 contradictione
1864 4112 2147 4184 adoratur,

582 4192 773 4255 Deum,
817 4190 1062 4259 inquam,
1096 4202 1152 4246 et
1200 4191 1445 4260 Patrem,
1474 4195 1788 4253 Judzeorum
1838 4205 2145 4261 vecordiam

579 4282 726 4336 omni
763 4282 976 4337 ratione
1009 4283 1374 4349 confundens,
1419 4297 1474 4343 et
1503 4291 1671 4345 variis
1713 4293 1889 4350 modis
1933 4296 2147 4367 ignaras

579 4383 786 4427 mentes
830 4381 1098 4438 tractans,
1134 4383 1299 4445 atque
1331 4377 1401 4431 ad
1444 4395 1571 4435 vera
1609 4390 1666 4436 et
1698 4388 2144 4445 convenientiora

578 4463 835 4531 discenda
873 4465 1176 4532 pelliciens.
1220 4466 1316 4524 His
1347 4471 1566 4539 quidem
1597 4478 1943 4534 sermonibus
1969 4489 2021 4535 et
2049 4483 2144 4537 ob-

2254 3309 2347 3363 τοῦ
2410 3309 2621 3380 Πατρδς
2670 3310 2698 3360 6
2750 3306 3059 3376 Μονογενὴς
3117 3304 3215 3375 τὴν
3255 3301 3529 3372 ἡμετέραν
3580 3299 3647 3352 δι’
3682 3299 3831 3367 ἡμᾶς

2257 3401 2543 3471 πεφόρηκε
2574 3400 2852 3469 σάρκα.Ἢ
2885 3397 2995 3468 γὰρ
3027 3396 3093 3450 ἂν
3126 3395 3289 3458 εὐθὺς
3318 3391 3685 3453 ὑποπεσόντες
3710 3386 3829 3458 Θεῷ

2256 3493 2392 3565 πρὸς
2438 3494 2546 3545 πᾶν
2580 3492 2755 3545 ὁτιοῦν
2801 3488 3066 3562 ἀμελλητὶ
3108 3486 3514 3558 μεθιστάμενοι,
3559 3481 3655 3551 τὴν
3681 3477 3831 3550 αὑτῷ

2254 3583 2570 3653 πρέπουσαν
2605 3581 2928 3650 διετήρησαν
2968 3578 3144 3643 δόξαν.
3194 3576 3382 3646 ᾯοντο
3411 3572 3466 3624 δὲ
3494 3569 3693 3640 μᾶλλον
3716 3565 3828 3619 τῶν

2253 3671 2373 3725 καθ’
2421 3672 2568 3741 ἡμᾶς
2619 3672 2666 3723 οί
2696 3670 2919 3723 δείλαιοι
2943 3668 3209 3737 ὑπάρχειν
3260 3664 3377 3727 ἕνα,
3408 3662 3500 3714 καὶ
3541 3659 3827 3729 ἄνθρωπον

2251 3762 2380 3815 ὄντα
2411 3762 2565 3831 ψιλὸν
2602 3761 2868 3833 φρονῆσαι
2925 3757 3200 3819 τοσοῦτον,
3229 3757 3303 3817 ὼς
3348 3754 3440 3806 καὶ
3480 3751 3677 3810 αὑτοὺς
3704 3751 3826 3801 ἐπι-

2251 3857 2454 3924 χειρεῖν
2478 3854 2604 3916 τοὺς
2627 3852 2779 3923 ποιρά
2824 3850 2920 3904 τοῦ
2968 3850 3101 3903 Θεοῦ
3155 3847 3247 3901 καὶ
3285 3844 3498 3914 Πατρὸς
3524 3839 3825 3911 παραλύειν

2252 3946 2470 4014 νόμους.
2525 3945 2634 3998 Καὶ
2693 3943 2822 4011 γοῦν
2877 3941 3100 4011 ἀναίδην
3148 3938 3386 4005 ἔφασκον
3432 3932 3571 4005 πρὸς
3628 3929 3823 3983 αὑτόν·

2258 4053 2277 4084 ‹
2315 4035 2449 4104 Περὶ
2496 4032 2660 4087 καλοῦ
2707 4033 2870 4103 ἔργου
2919 4031 2981 4083 οὑ
3025 4026 3317 4095 λιθάζομέν
3384 4040 3467 4088 σε,
3516 4020 3653 4075 ἀλλά
3696 4017 3825 4089 περὶ

2252 4124 2619 4194 βλασφημίας,
2676 4125 2755 4176 ὃτι
2798 4123 2861 4175 σὺ
2901 4120 3184 4192 ἄνθρωπος
3239 4116 3335 4178 ὢν,
3373 4116 3543 4175 ποιεῖς
3596 4109 3825 4163 σεαυτὸν

2248 4214 2398 4268 Θεόν.
2432 4234 2452 4267 ι
2481 4214 2580 4268 Διά
2635 4213 2833 4284 πολλῆς
2866 4212 3044 4264 τοίνυν
3074 4210 3169 4263 καὶ
3208 4205 3466 4277 ἀκριϐοῦς
3509 4200 3826 4271 οἰκονομίας

2246 4312 2274 4363 ό
2301 4306 2503 4378 Κύριος
2535 4306 2694 4377 ήμῶν
2733 4304 2939 4375 Ἰησοῦς
2959 4304 3059 4373 τῆς
3084 4302 3310 4370 ένούσης
3351 4299 3532 4359 αὐτοῖς
3566 4294 3822 4356 ὑπονοίας

2249 4399 2506 4470 μεθιστὰς
2526 4397 2648 4460 τοὺς
2668 4395 3077 4467 ἀκροωμένους,
3100 4394 3175 4457 ὼς
3194 4392 3303 4446 ἀπὺ
3340 4389 3499 4459 ψιλοῦ
3532 4388 3628 4441 καὶ
3656 4388 3819 4457 μόνου

2247 4490 2340 4543 τοῦ
2396 4488 2737 4559 ἀνθρωπίνου
2796 4483 3090 4557 προσώπου
3147 4479 3501 4553 μετακομίζει
3540 4478 3633 4531 τὸν
3660 4476 3819 4544 λόγον

578 4555 982 4609 servationibus
1016 4565 1307 4613 contentus
1341 4576 1466 4616 esse
1503 4563 1631 4632 quis
1655 4576 1844 4634 posset
1871 4569 1936 4623 ad
1961 4579 2145 4626 retun-

2252 4578 2340 4631 ἐπί
2364 4577 2455 4630 τὸν
2493 4555 2900 4646 ἀναντιῤῥήτως
2920 4591 2980 4627 τε
3030 4574 3125 4626 καὶ
3162 4569 3611 4642 ὁμολογουμένως
3645 4584 3816 4639 προσ-

577 4646 758 4701 denda
815 4646 1106 4716 impiorum
1154 4648 1537 4707 literetieorum
1594 4658 1863 4724 convicia,
1917 4663 2011 4730 qui
2062 4664 2145 4717 vel

578 4739 682 4793 hac
722 4748 875 4807 parte
904 4738 1171 4793 minorem
1197 4738 1357 4797 Patre
1384 4741 1584 4798 Filiutn
1625 4749 1967 4815 existimant,
2000 4754 2141 4826 quod

578 4828 716 4882 dixit
751 4828 889 4881 nihil
943 4844 973 4882 a
1025 4829 1210 4898 seipso
1249 4832 1424 4902 loqui,
1480 4836 1575 4890 sed
1631 4838 1816 4894 datum
1876 4844 1981 4897 sibi
2022 4860 2145 4900 esse

578 4919 929 4984 mandatum,
982 4927 1038 4975 et
1085 4920 1229 4975 sicut
1277 4924 1485 4979 audivit
1530 4928 1699 4999 loqui.
1737 4931 1800 4986 Et
1847 4934 2144 4990 sull'ectura

577 5009 800 5079 quidem
836 5009 941 5065 ista
987 5010 1103 5079 ipse
1134 5026 1355 5081 quoque
1381 5018 1667 5084 existimo,
1701 5023 1898 5077 addam
1936 5026 2140 5081 nihilo-

574 5103 760 5156 minus
792 5101 999 5172 aliquid
1037 5102 1183 5156 aliud
1234 5119 1344 5173 quo
1379 5106 1598 5163 illorum
1643 5113 1981 5170 blateronum
2013 5133 2141 5187 pro—

575 5193 783 5247 cacitas
824 5192 1067 5263 pateﬁat.
1097 5192 1214 5263 Age
1241 5195 1408 5262 enim,
1451 5200 1497 5254 si
1532 5200 1728 5270 placet,
1766 5209 2140 5275 prietermisso

576 5298 723 5338 nunc
771 5282 1199 5354 dispensationis
1248 5300 1371 5340 cum
1421 5303 1588 5346 carne
1643 5308 1915 5362 sermone,
1951 5307 2140 5355 osten-

574 5374 773 5428 damus
813 5382 959 5429 recte
988 5376 1057 5430 de
1095 5376 1216 5446 ipso
1246 5376 1543 5450 Unigeuito
1569 5382 1774 5439 dictum
1808 5403 1930 5443 esse
1957 5390 2089 5446 illud
2116 5411 2130 5447 :

580 5480 601 5513 ι
642 5462 782 5527 Quia
809 5477 910 5530 ego
947 5479 1013 5518 ex
1048 5466 1257 5534 meipso
1290 5483 1400 5523 non
1446 5471 1667 5542 loquor,
1705 5476 1800 5530 sed
1852 5479 1947 5548 qui
1983 5481 2135 5537 misit

576 5565 665 5606 me
686 5550 868 5617 Pater,
900 5552 1017 5620 ipse
1056 5552 1187 5606 mihi
1222 5558 1538 5617 mandatum
1582 5563 1732 5620 dedit
1757 5567 1888 5636 quid
1931 5569 2130 5641 dicam,

648 5729 694 5760 “
724 5727 862 5785 Osee
894 5747 995 5801 xu,
1026 5735 1112 5792 lO.
1186 5737 1231 5768 "
1260 5734 1414 5790 Joan.
1453 5754 1481 5792 ιε
1503 5777 1518 5803 ,
1550 5739 1641 5795 ³53.

2243 4668 2596 4737 κυνούμενον,
2628 4668 2770 4737 φημὶ
2797 4666 2854 4719 δὲ
2891 4667 2981 4719 τὸν
3008 4665 3140 4717 Θεὸν
3172 4664 3264 4716 καὶ
3298 4660 3539 4729 Πατέρα,
3566 4658 3654 4711 διά
3678 4675 3817 4711 παν-

2239 4760 2332 4823 τὸς
2376 4760 2573 4830 χρῆναι
2624 4760 2826 4827 τρόπου
2882 4758 2981 4826 τὴν
3011 4754 3334 4809 ἀπαίδευτον
3388 4751 3496 4804 τῶν
3545 4749 3816 4802 Ἰουδαίων

2242 4851 2471 4922 καρδίαν
2501 4850 2832 4903 ἐκδυσωπεῖν
2865 4849 3128 4918 οἰόμενος,
3187 4845 3281 4899 καὶ
3338 4840 3814 4915 μεταχειρίζεσθαι

2241 4940 2500 5004 ποικίλως
2530 4941 2655 5003 τοὺς
2688 4940 2980 5001 ἀσυνέτους
3009 4937 3303 5008 ἐπιχειρῶν
3331 4937 3410 4998 εἰς
3436 4934 3498 4987 τὸ
3527 4931 3813 5002 βούλεσθαι

2243 5029 2436 5099 μαθεῖν
2461 5028 2531 5081 τὰ
2553 5028 2725 5099 ἀληθῆ
2759 5029 2851 5082 καὶ
2895 5027 3336 5099 πρεπωδέστερα.
3381 5022 3658 5084 Τοιούτοις
3713 5020 3812 5091 μὲν

2237 5116 2329 5173 οὖν
2390 5121 2751 5190 ἀποχρήσαιτ’
2815 5120 2879 5173 ἄν
2924 5136 3008 5182 τις
3041 5118 3219 5187 λόγοις
3263 5134 3323 5169 τε
3351 5116 3446 5169 καὶ
3468 5114 3808 5185 θεωρήμασι,

2235 5210 2334 5273 τάς
2360 5210 2469 5265 τῶν
2500 5211 2728 5264 ἀνοσίων
2778 5210 3069 5281 αἱρετικῶν
3110 5208 3428 5280 φιλοψογίας
3454 5205 3811 5275 διακρουόμε-

2235 5317 2344 5364 νος,
2379 5300 2658 5368 οίομένων,
2680 5302 2762 5353 ὅτι
2794 5304 2944 5371 μεῖον
2967 5300 3078 5367 ἕξει
3116 5299 3258 5354 κατά
3279 5317 3330 5352 τι
3358 5297 3486 5365 γοῦν
3506 5298 3534 5350 6
3557 5296 3709 5361 Υίδς,
3733 5294 3808 5357 ὡς

2240 5390 2374 5461 πρὸς
2400 5390 2491 5442 τὸν
2525 5390 2716 5444 ἑαυτοῦ
2748 5392 3072 5466 Γεννήτορα,
3099 5391 3187 5445 διά
3231 5389 3292 5443 τὸ
3317 5389 3482 5457 φάναι
3501 5387 3682 5440 λαλεῖν
3711 5385 3808 5455 μὲν

2237 5481 2332 5550 ἀφ’
2364 5481 2556 5533 ἑαυτοῦ
2582 5482 2766 5552 μηδὲν,
2809 5484 3053 5538 δεδόσθαι
3087 5500 3150 5552 γε
3198 5482 3304 5552 μὴν
3336 5479 3576 5549 ἐντολὴν,
3627 5478 3808 5532 λαλεῖν

2237 5587 2297 5624 τε
2325 5569 2464 5623 οὑτω
2508 5572 2759 5645 καθάπερ
2808 5574 3064 5646 ἠκροᾶτο.
3102 5574 3214 5628 Καὶ
3245 5572 3500 5643 ἀρκέσειν
3531 5569 3628 5641 μὲν
3650 5564 3809 5639 οῐμαι
