4106 6262
373 355 480 415 10’.)

1405 345 1468 400 IN
1497 343 1778 402 JOANNIS
1813 341 2265 400 EVANGELIUM
2299 344 2425 400 LIB.
2467 343 2556 399 IX.

3508 345 3604 398 Ilii

373 472 468 528 καὶ
517 469 711 534 ταῦτα,
768 465 907 537 πλὴν
965 464 1078 536 ἐρῶ
1132 481 1186 518 τι
1244 465 1337 517 καὶ
1369 464 1554 534 ἕτερον
1579 463 1678 532 τῆς
1722 464 1942 515 ἐκείνων

2056 469 2098 516 et
2147 463 2279 531 quid
2333 465 2543 532 loquar.
2583 481 2602 514 ι
2654 459 2771 532 Ipse
2823 463 2966 516 enim
3008 478 3132 517 cum
3184 461 3256 517 sit
3313 465 3502 521 vivens
3551 477 3609 521 et

377 557 814 633 ἀθυρογλωττίας
855 558 954 626 τὴν
986 555 1144 625 ὓϐριν
1171 555 1534 623 ἀπογυμνοῦν.
1578 553 1712 623 Φέρε
1744 553 1870 623 γὰρ,
1895 553 1944 604 εἰ

376 655 542 717 δοκεῖ,
583 652 752 723 βραχὺ
799 646 1239 719 περιστείλαντες
1276 647 1373 715 τῆς
1420 644 1556 715 μετὰ
1581 643 1781 713 σαρκὸς
1810 645 1948 696 οἰκο-

377 744 566 815 νομίας
586 744 642 796 ἐν
666 759 730 810 γε
749 741 825 811 τῷ
841 739 1166 810 παρόντιτδν
1188 738 1364 804 λόγον,
1392 738 1476 788 ἐπ’
1497 735 1658 788 αὑτοῦ
1689 735 1946 788 δεικνύω-

381 853 482 906 μεν
507 834 602 887 τοῦ
633 832 970 899 Μονογενοῦς
993 830 1168 901 ὀρθῶς
1205 847 1261 882 τε
1319 829 1412 882 καὶ
1437 827 1618 890 καλῶς
1657 827 1946 897 εἰρημένον

377 926 466 980 16°
505 943 522 976 ι
555 925 678 977 Ὅτι
727 923 837 991 ἐγὼ
881 923 939 988 ἐξ
971 919 1210 992 ἐμαυτοῦ
1237 920 1296 972 οὑ
1319 918 1486 980 λαλῶ,
1519 917 1632 970 ἀλλ’
1669 919 1697 970 6
1731 916 1947 986 πέμψας

382 1035 450 1087 με
471 1015 678 1086 Πατὴρ,
700 1014 862 1077 αὑτός
894 1031 982 1083 μοι
1004 1012 1222 1082 ἐντολὴν
1259 1011 1480 1071 δέδωκε,
1515 1009 1566 1060 τί
1593 1009 1754 1071 είπω,
1779 1007 1873 1059 καὶ
1895 1006 1948 1058 τί

378 1107 615 1178 λαλήσω.
648 1124 666 1155 ι
711 1105 881 1168 Αὐτὸς
921 1103 1030 1172 γὰρ
1079 1101 1152 1154 ὢν
1188 1103 1215 1154 6
1240 1099 1347 1165 ζῶν
1385 1115 1443 1152 τε
1468 1100 1561 1150 καὶ
1589 1098 1948 1158 ἐνυπόστατος

379 1197 550 1266 Λόγος
606 1195 699 1248 τοῦ
771 1193 906 1247 Θεοῦ
945 1193 1040 1246 καὶ
1096 1192 1330 1262 Πατρὸς,
1386 1189 1695 1256 ἀναγκαίως
1726 1187 1941 1257 διερμη-

380 1287 525 1343 νεὺει
579 1285 647 1340 τὰ
691 1287 748 1338 ἐν
797 1283 966 1354 αὐτῷ,
1001 1284 1096 1336 καὶ
1129 1283 1190 1336 τὸ
1221 1282 1292 1344 ὼς
1330 1283 1387 1332 ἐν
1420 1281 1632 1350 θελήσει
1661 1279 1848 1332 δοκοῦν
1872 1280 1950 1350 τῷ

387 1380 502 1450 ἰδίῳ
539 1379 830 1446 Γεννήτορι
852 1375 1061 1441 ἐξᾶγων
1099 1376 1176 1436 είς
1216 1373 1352 1440 φῶς,
1375 1372 1448 1434 ὡς
1479 1370 1697 1439 ἐντολῆς
1725 1370 1951 1440 δύναμιν

383 1469 666 1538 εἰληφέναι
704 1467 889 1538 φησίν.
921 1465 1047 1518 ἰδοι
1081 1464 1124 1516 δ’
1148 1463 1211 1517 ἄν
1231 1480 1312 1525 τις
1340 1462 1434 1516 καὶ
1458 1463 1540 1530 ἐφ’
1577 1461 1734 1532 ἡμῶν
1772 1463 1952 1514 αὑτῶν

387 1560 584 1630 ἀληθὲς
611 1559 670 1612 τὸ
701 1561 954 1631 πρᾶγμα,
991 1559 1082 1612 καὶ
1113 1557 1210 1626 οὑχ
1235 1555 1431 1624 ἐτέρως
1462 1553 1602 1624 ἔχον.
1647 1554 1818 1621 Λόγος
1844 1554 1953 1624 γὰρ

383 1649 782 1719 ὁπροφορικὸς,
832 1649 860 1701 6
907 1649 964 1698 ἐν
999 1645 1244 1698 συνθέσει
1283 1643 1478 1708 λέξεων
1528 1643 1620 1696 καὶ
1669 1643 1950 1714 ῥημάτων,

383 1739 474 1792 διά,
499 1755 549 1792 τε
593 1738 774 1807 φωνῆς
801 1738 896 1806 τῆς
925 1736 1186 1808 ἐνάρθρου
1230 1735 1362 1806 πρὸς
1398 1735 1460 1787 τὸ
1497 1733 1600 1798 ἔξω
1623 1732 1951 1786 διακτυπού-

2045 555 2354 610 subsistens
2387 553 2478 608 Dei
2514 569 2578 608 ac.
2622 553 2802 608 Patris
2839 554 3111 620 Verbum,
3147 556 3461 611 necessario
3489 574 3610 628 quae

2047 644 2100 698 in
2135 659 2201 697 eo
2235 651 2363 698 sunt
2407 645 2679 708 enuntiat,
2736 645 3186 712 voluntatemque
3239 647 3504 716 genitoris
3551 649 3609 703 in

2048 735 2224 788 lucem
2267 733 2458 800 edens,
2507 735 2666 804 quasi
2727 735 3043 790 mandatum
3101 737 3266 807 718
3298 737 3517 807 aliquod
3551 755 3613 794 se

2047 823 2325 890 accepisse
2360 822 2452 876 ait.
2493 823 2646 888 Quod
2681 824 2932 893 exemplo
2960 839 2991 878 a
3024 825 3187 880 nobis
3222 825 3357 895 ipsis
3387 826 3611 882 desum-

2047 921 2141 982 pto
2179 928 2366 966 verum
2400 927 2524 966 esse
2565 914 2957 982 comperietur.
2991 911 3182 968 Sermo
3215 914 3610 979 enuntiativus,

2048 1002 2349 1056 dictionum
2404 1017 2467 1056 ac
2524 1003 2812 1056 verborum
2867 1004 3269 1072 compositione
3317 1014 3610 1069 constans,

2049 1092 2251 1161 quique
2278 1093 2563 1146 articulate
2596 1108 2728 1148 voce
2763 1092 2912 1148 foras
2959 1095 3221 1164 erumpit,
3270 1101 3474 1152 mentis
3517 1114 3615 1151 no-

2051 1193 2178 1234 stra
2206 1183 2370 1235 veluti
2415 1181 2572 1250 jussu
2619 1184 2736 1250 ejus
2775 1199 2974 1239 arcana
3013 1188 3267 1251 recludit,
3314 1189 3477 1259 idque
3521 1205 3615 1246 ce-

2051 1267 2292 1322 lerrime.
2326 1269 2499 1323 Simul
2526 1274 2669 1326 enim
2701 1288 2765 1328 ac
2797 1291 2950 1330 mens
2975 1277 3182 1346 aliquid
3206 1279 3474 1348 concepit,
3498 1287 3614 1334 tum

2051 1357 2107 1411 id
2143 1359 2262 1412 voci
2313 1361 2647 1415 committit:
2688 1363 2801 1419 lnirc
2857 1377 3034 1420 autem
3094 1366 3245 1422 foras
3297 1383 3614 1440 erumpens,

2053 1461 2174 1514 qua:
2206 1447 2354 1503 intus
2386 1457 2439 1503 et
2469 1449 2522 1502 in
2553 1459 2731 1504 mente
2754 1461 2882 1506 sunt
2912 1453 3097 1509 abdita
3121 1457 3390 1521 enuntiat,
3420 1473 3521 1511 nec
3547 1459 3617 1514 de

2053 1539 2155 1592 sibi
2186 1540 2457 1594 mandatis
2480 1543 2773 1612 quidquam
2806 1553 2996 1598 mutat.
3026 1544 3166 1612 Quid
3199 1547 3398 1601 mirum
3427 1549 3614 1619 igitur.

2053 1637 2145 1680 aut
2183 1629 2520 1696 incredibile,
2567 1633 2776 1700 inquiet
2812 1635 3030 1704 aliquis,
3061 1637 3105 1691 si
3147 1636 3383 1692 Verbum
3428 1639 3524 1693 Dei
3552 1655 3618 1694 ae

2055 1716 2233 1772 Patris
2281 1735 2405 1775 cum
2446 1723 2517 1777 sit
2569 1722 2761 1787 Filius,
2811 1742 2920 1780 non
2979 1728 3146 1782 sicuti
3199 1737 3386 1786 noster
3439 1747 3620 1787 sermo

388 1847 570 1902 μενος,
615 1829 1001 1898 ἐντελλομένης
1039 1829 1226 1898 ὥσπερ
1256 1825 1513 1897 αὑτῷτῆς
1547 1827 1819 1896 ἡμετέρας
1835 1827 1948 1878 δια-

2056 1809 2284 1878 (majora
2315 1815 2459 1866 enim
2509 1825 2636 1868 sunt
2663 1817 2809 1870 omni
2841 1818 3093 1888 exemplo
3126 1818 3194 1874 de
3225 1819 3336 1876 Deo
3378 1837 3501 1892 qua:
3530 1823 3619 1878 di-

382 1924 552 1988 νοίας,
607 1923 938 1976 ἐκκαλύπτει
965 1921 1032 1972 τὰ
1083 1922 1139 1972 ἐν
1189 1918 1350 1988 αὐτῇ,
1395 1916 1489 1970 καὶ
1512 1918 1560 1968 εἰ
1587 1916 1660 1986 μὴ
1693 1917 1748 1968 ἐν
1775 1917 1950 1986 χρόνῳ

389 2015 584 2087 μακρῷ
613 2014 672 2068 τὸ
730 2015 962 2082 πρᾶγμα
1013 2012 1240 2078 γίνεται.
1275 2009 1429 2076 ’Ἅμα
1465 2007 1570 2076 γάρ
1593 2023 1644 2058 τι
1670 2007 1896 2074 συνῆκεν
1924 2008 1952 2058 6

385 2105 528 2169 νοῦς,
559 2105 653 2160 καὶ
673 2103 940 2174 παρέθετο
967 2104 1032 2172 τῇ
1065 2101 1215 2170 φωνῇ
1247 2117 1260 2130 ·
1286 2100 1319 2169 ἡ
1348 2098 1403 2151 δέ
1431 2097 1564 2166 πρὸς
1592 2097 1653 2149 τὸ
1679 2095 1781 2161 ἔξω
1805 2095 1951 2164 βαδί-

389 2195 558 2258 ζουσα
618 2194 686 2247 τὰ
727 2195 785 2246 ἐν
837 2191 914 2261 τῷ
966 2189 1136 2260 βάθει,
1170 2189 1238 2240 τὰ
1283 2189 1340 2241 ἐν
1368 2186 1444 2256 τῷ
1472 2184 1552 2239 νοῒ
1580 2185 1952 2255 διερμηνεύειν

392 2285 844 2355 παραλλάττουσα
902 2283 1062 2353 μηδὲν
1116 2279 1222 2332 τῶν
1277 2277 1626 2348 ἐνταλμάτων
1684 2277 1844 2346 αὐτῇ.
1889 2275 1952 2328 Τί

393 2376 573 2428 τοίνυν
611 2376 672 2428 τὸ
721 2376 890 2440 ξένον,
949 2368 992 2426 ὦ
1043 2367 1210 2436 οὑτοι,
1257 2372 1478 2440 φήσειεν
1508 2371 1573 2423 ἄν
1604 2387 1686 2431 τις
1714 2365 1772 2422 εὖ
1807 2369 1950 2439 μάλα

397 2467 532 2536 πρὸς
559 2465 817 2530 ἐκείνους,
873 2467 920 2517 εί
965 2463 1134 2529 Λόγος
1188 2460 1261 2513 ὢν
1283 2459 1374 2513 τοῦ
1403 2459 1535 2512 Θεοῦ
1576 2461 1667 2512 καὶ
1697 2461 1906 2530 Πατρδς
1926 2463 1955 2514 6

397 2556 543 2620 Υἱὸς,
584 2557 681 2626 οὑχ
735 2555 922 2626 ὥσπερ
979 2557 1006 2608 6
1063 2555 1326 2626 ἡμέτερος
1379 2554 1572 2624 (μείζω
1615 2555 1723 2626 γὰρ
1752 2556 1954 2620 παντὸς

396 2646 814 2716 παραδείγματα
839 2646 904 2698 τὰ
924 2645 1049 2716 περί
1083 2645 1238 2713 Θεοῦ)
1259 2645 1354 2716 τὴν
1399 2646 1492 2698 τοῦ
1515 2646 1765 2708 τεκόντος
1794 2647 1956 2698 αὑτὸν

390 2733 736 2805 διερμηνεύει
799 2732 1032 2803 βουλήν;
1063 2733 1129 2786 "ll
1177 2735 1284 2802 γὰρ
1321 2735 1438 2804 οὐχὶ
1477 2733 1570 2786 καὶ
1595 2733 1765 2803 ὄνομα
1794 2750 1956 2803 φησιν

389 2826 418 2877 6
447 2827 732 2895 προφήτης
762 2823 910 2892 αὑτῷ
944 2826 1417 2895 πρεπωδέστατον,
1473 2825 1754 2878 καλεῖσθαι
1791 2827 1959 2895 μεγά-

388 2909 489 2980 λης
517 2909 713 2982 βουλῆς
750 2911 1050 2979 Ἀγγελον;
1093 2912 1232 2965 Ἀλλ’
1273 2908 1424 2982 οἶμαι
1462 2911 1554 2965 καὶ
1593 2912 1747 2964 τοῦτο
1783 2914 1960 2984 ὑπάρ-

391 3019 507 3073 χειν
537 3002 729 3071 σαφές.
794 3002 956 3054 οὐδὲν
1001 3001 1289 3073 τοιγαροῦν
1315 3005 1393 3066 εἰς
1423 3003 1515 3056 τὸν
1542 3003 1639 3073 τῆς
1664 3004 1852 3067 οὐσίας
1872 3005 1950 3056 λό·

391 3110 510 3162 γον,
541 3093 662 3164 ἦτοι
712 3093 810 3162 τῆς
835 3092 990 3157 ἀξίας
1025 3093 1286 3163 ὑπομενεῖ
1331 3093 1390 3146 τὸ
1422 3093 1616 3163 βλάϐος
1657 3094 1684 3146 6
1717 3096 1958 3160 Μονογε-

2052 1900 2275 1970 cuntnr)
2311 1901 2593 1959 Genitnris
2625 1907 2710 1960 sui
2746 1909 3083 1964 voluntatem
3113 1913 3401 1966 enuntiet?
3431 1913 3620 1970 Nonne

2053 1993 2200 2044 enim
2229 2002 2283 2046 et
2310 1995 2573 2062 propheta
2620 2013 2816 2052 nomen
2855 1999 2934 2053 ait
2974 2016 3100 2056 esse
3135 2002 3185 2057 ei
3214 2005 3620 2062 convenientis-

2054 2082 2276 2148 simum,
2321 2093 2379 2137 ut
2419 2085 2598 2154 magni
2629 2088 2848 2142 consilii
2877 2091 3116 2160 Angelus
3152 2092 3369 2147 dicatur
3391 2094 3472 2160 ‘2?
3504 2094 3620 2152 Hoc

2053 2174 2306 2242 equidem
2343 2177 2708 2235 clarum‘esse
2755 2191 2906 2250 pulo.
2942 2157 3092 2236 Nihil
3141 2185 3328 2256 igitur,
3368 2157 3516 2257 qdod
3548 2189 3617 2244 ad

2055 2264 2382 2320 substantia:
2428 2269 2692 2324 rationem
2725 2278 2819 2324 aut
2851 2271 3138 2343 dignitatis
3183 2277 3400 2344 attinet,
3432 2278 3619 2336 damni

2056 2355 2295 2422 patietur
2342 2356 2683 2429 Unigenitus,
2741 2363 2868 2418 licet
2914 2367 3230 2420 mandatum
3280 2371 3560 2439 accepisse
3589 2388 3620 2426 a

2057 2443 2168 2498 Deo
2193 2455 2246 2500 et
2273 2445 2436 2500 Patre
2476 2448 2732 2504 dicatur:
2770 2465 2896 2504 nam
2943 2460 2998 2507 et
3042 2468 3144 2510 nos
3177 2455 3280 2525 ipsi
3329 2472 3473 2526 sape
3498 2460 3621 2516 aliis

2059 2543 2118 2589 ut
2142 2538 2349 2606 aliquid
2391 2536 2599 2593 faciant
2627 2539 2908 2609 jubemus,
2946 2559 3124 2615 neque
3157 2554 3339 2603 tamen
3369 2549 3512 2605 hanc
3549 2554 3622 2607 ob

2059 2641 2280 2680 causam
2308 2636 2503 2682 natura
2535 2631 2695 2686 nobis
2725 2633 2934 2689 similes
2966 2649 3090 2691 esse
3117 2636 3390 2704 desinent,
3423 2643 3623 2712 quippe

2059 2715 2151 2782 qui
2199 2730 2311 2769 non
2360 2718 2542 2772 minus
2591 2719 2700 2773 sint
2744 2721 2904 2779 nobis
2950 2726 3447 2785 consubstantiales
3494 2745 3620 2786 cum

2059 2815 2205 2870 ante,
2241 2816 2352 2862 tum
2380 2819 2500 2879 post
2546 2812 2882 2867 mandatum.
2925 2815 3161 2886 Atenim,
3201 2819 3440 2890 inquies,
3487 2838 3623 2878 con-

2059 2900 2452 2955 subsmntiales
2485 2903 2701 2972 quidem
2732 2915 2974 2970 manent,
3008 2910 3102 2964 sed
3143 2911 3408 2981 dignitate
3447 2915 3626 2968 mino-

2061 3005 2150 3044 res
2174 2991 2267 3059 qui
2296 2991 2493 3046 alienis
2521 2995 2836 3050 ministrant
2868 2998 3132 3068 imperiis.
3165 3001 3312 3057 Idem
3345 3018 3448 3074 ego
3489 3021 3624 3074 quo-

2061 3095 2167 3149 que
2198 3081 2298 3136 tibi
2333 3085 2640 3153 respondeo
2665 3086 2732 3140 de
2763 3087 3070 3158 Unigenito.
3103 3089 3160 3145 Si
3192 3093 3336 3147 enim
3358 3095 3624 3166 scriptum

392 3185 514 3252 τὴς,
543 3183 646 3236 κᾶν
700 3181 917 3252 ἐντολὴν
970 3183 1245 3252 εἰληφέναι
1267 3181 1492 3251 λέγηται
1533 3182 1682 3252 παρὰ
1709 3181 1799 3236 τοῦ
1825 3183 1954 3236 Θεοῦ

2064 3187 2171 3226 non
2207 3182 2352 3228 esset
2381 3175 2447 3230 de
2475 3191 2540 3230 eo
2577 3195 2590 3231 :
2623 3195 2642 3228 ι
2689 3176 2828 3244 Quia
2867 3195 2994 3233 cum
3030 3181 3084 3235 in
3111 3181 3284 3236 forma
3318 3182 3410 3238 Dei
3453 3195 3626 3249 esset,

397 3273 490 3328 καὶ
521 3271 732 3344 Πατρός
756 3290 770 3303 ·
824 3273 943 3325 ἐπεὶ
969 3271 1060 3326 καὶ
1099 3275 1262 3343 ἡμεῖς
1299 3273 1453 3326 αὑτοὶ
1475 3272 1732 3336 πολλάκις
1755 3272 1964 3345 ἑτέροις

395 3361 760 3431 ἐντελλόμεθά
785 3379 859 3426 τι,
906 3363 999 3416 καὶ
1029 3362 1158 3433 δρᾷν
1191 3363 1571 3434 ἐπιτάττομεν,
1605 3362 1719 3415 ἀλλ’
1747 3363 1807 3416 οὑ
1833 3363 1966 3416 ταὺ-

391 3469 492 3522 της
517 3452 680 3504 ἕνεκα
713 3453 812 3522 τῆς
841 3453 1018 3516 αἰτίας
1045 3453 1141 3523 τὴν
1169 3453 1304 3524 πρὸς
1325 3455 1470 3525 ἡμᾶς
1497 3453 1786 3525 ὁμοιότητα
1809 3471 1966 3522 φυσι-

394 3541 497 3612 κὴν
529 3543 878 3614 ἀρνήσονται,
907 3544 1023 3596 οὑδὲ
1045 3544 1108 3596 τὸ
1138 3541 1274 3596 εἶναι
1298 3545 1418 3597 καθ’
1451 3545 1598 3613 ἡμᾶς
1630 3545 1964 3598 ἁποϐαλοῦν-

395 3648 509 3694 ται,
532 3628 695 3701 ἧττον
743 3633 892 3694 ὅντες
943 3634 1236 3701 ὁμοούσιοι,
1289 3633 1384 3684 καὶ
1431 3631 1536 3702 πρὸ
1585 3633 1680 3700 τῆς
1721 3633 1955 3702 ἐντολῆς,

398 3719 497 3771 καὶ
525 3719 664 3788 μετὰ
683 3718 781 3790 τὴν
810 3719 1048 3788 ἐντολήν.
1092 3720 1230 3772 Ἀλλ’
1291 3721 1432 3791 ἐρεῖς
1491 3722 1570 3774 ὅτι
1600 3721 1815 3790 μένουσι
1862 3725 1958 3793 μὲν

2062 3278 2173 3316 non
2209 3265 2452 3334 rapinam
2487 3267 2790 3324 arbitratus
2831 3277 2913 3324 est
2953 3287 3076 3326 esse
3109 3287 3168 3327 se
3195 3275 3460 3342 aequalem
3495 3277 3624 3343 Deo,

2063 3354 2156 3408 sed
2187 3357 2541 3425 semetipsum
2559 3359 2882 3427 exinanivit,
2908 3360 3136 3416 formam
3157 3366 3300 3418 servi
3329 3366 3626 3434 accipiens,

2065 3452 2119 3498 et
2158 3445 2350 3500 habitu
2387 3448 2642 3503 inventus
2688 3456 2748 3502 ut
2788 3449 2974 3516 homo,
3031 3451 3333 3507 humiliavit
3368 3456 3626 3526 semetip-

2067 3553 2186 3593 sum
2220 3539 2286 3603 ⁸⁷,
2331 3557 2350 3591 ι
2405 3540 2658 3594 nonnihil
2713 3541 2970 3596 fortassis
3021 3543 3136 3598 haec
3193 3553 3284 3598 tua
3321 3546 3463 3601 ratio
3512 3563 3628 3602 mo.

2066 3631 2237 3685 menti
2268 3631 2472 3685 habere
2515 3631 2792 3687 videretur
2827 3652 2842 3688 :
2880 3650 3069 3688 verum
3103 3651 3228 3690 cum
3260 3637 3627 3707 subjectionis

2063 3736 2127 3774 ac
2157 3722 2508 3777 demissionis
2541 3725 2735 3779 modus
2763 3725 3040 3780 universis
3082 3735 3284 3796 pateat,
3319 3743 3423 3782 cur
3457 3739 3628 3786 teme-

399 3808 700 3878 ὁμοοὺσιοι,
754 3807 1054 3878 ἡττώμενοι
1107 3809 1162 3862 δὲ
1203 3811 1301 3880 τῆς
1333 3807 1490 3874 ἀξίας
1515 3811 1844 3882 ὑπηρετοῦσι
1867 3814 1954 3884 τῆς

2060 3827 2119 3865 re
2153 3827 2380 3867 accusas
2411 3829 2534 3867 eum
2561 3814 2652 3884 qui
2670 3823 2900 3891 propter
2919 3832 3018 3891 nos
3043 3817 3202 3872 etiam
3228 3819 3330 3872 hoc
3355 3821 3466 3889 pati
3498 3837 3626 3877 sus-

404 3901 705 3972 παρ’ἠμῖν.
745 3901 918 3968 Κάγὼ
963 3901 1020 3954 δέ
1063 3918 1145 3954 σοι
1201 3902 1334 3970 πρὸς
1362 3902 1518 3954 τοῦτό
1542 3920 1680 3973 φημι
1725 3905 1852 3974 περὶ
1870 3905 1954 3957 τοῦ

2063 3903 2266 3956 tinuit?
2313 3901 2563 3974 Undique
2605 3905 2770 3975 igitur
2799 3909 2863 3962 ad
2887 3907 3203 3978 dogmatum
3238 3912 3624 3967 rectitudinem

403 3990 754 4060 Μονογενοῦς.
804 3993 867 4045 Εἰ
927 3992 1025 4062 μὲν
1061 3993 1169 4062 γὰρ
1215 3993 1314 4045 οὑκ
1371 3993 1584 4064 ἐγράφη
1622 3994 1752 4065 περὶ
1775 3995 1954 4060 αὑτοῦ,

2063 4009 2318 4050 sermone
2389 4011 2702 4061 converso,
2766 3997 3053 4054 Dominum
3123 4013 3370 4058 nostrum
3441 4002 3627 4059 Jesum

405 4101 426 4132 ι
470 4082 588 4135 Ὅτι
613 4085 670 4134 ἐν
706 4085 884 4153 μορφῇ
913 4082 1046 4136 Θεοῦ
1078 4084 1356 4154 ὑπάρχων,
1387 4085 1484 4154 οὐχ
1514 4085 1802 4156 ἁρπαγμὸν
1831 4087 1954 4157 ήγή·

2064 4086 2341 4143 Christum
2377 4089 2591 4144 ratione
2621 4090 3050 4160 dispensationis
3083 4107 3206 4162 quae
3245 4095 3298 4147 in
3345 4095 3628 4166 proposito

405 4189 534 4225 σατο
553 4173 613 4226 τὸ
643 4168 781 4227 εἶναι
815 4174 904 4226 ica
931 4173 1068 4244 Θεῷ,
1103 4174 1217 4228 ἁλλ’
1247 4175 1437 4227 ἐαυτὸν
1463 4176 1718 4241 ἐκένωσε,
1751 4177 1954 4246 μορφὴν.

2065 4177 2212 4232 dicto
2241 4181 2595 4234 continentur
2620 4181 2893 4236 elocutum
2929 4184 3253 4238 asserimus.

398 4264 583 4318 δούλου
607 4264 808 4330 λαδὼν,
871 4265 965 4318 καὶ
986 4267 1222 4335 σχήματι
1282 4265 1524 4337 εὑρεθεὶς
1575 4265 1650 4329 ὡς
1693 4266 2000 4337 ἄνθρωπος,
2073 4267 2437 4322 ἐταπείνωσεν
2457 4271 2666 4335 ἐαυτὸν,
2713 4291 2732 4324 ι
2769 4267 2914 4342 εῖχεν
2938 4271 3002 4326 ἂν
3027 4289 3108 4326 σοι
3133 4275 3222 4327 καὶ
3249 4274 3348 4328 οὑκ
3369 4273 3630 4330 ἀπίθανον

398 4355 556 4422 λόγον
573 4356 672 4425 τῆς
703 4354 1011 4424 ἀντιλογίας
1049 4355 1112 4408 τὸ
1141 4357 1343 4426 σχῆμα.
1385 4355 1598 4426 Ἐπειδὴ
1645 4356 1702 4409 δὲ
1734 4358 1832 4426 τῆς
1852 4358 2127 4428 ὑποταγῆς
2158 4361 2252 4413 καὶ
2311 4361 2688 4426 ταπεινώσεως
2751 4363 2984 4435 ἐναργὴς
3013 4367 3041 4418 6
3073 4366 3289 4436 τρόπος,
3351 4369 3405 4420 τί
3477 4368 3630 4440 ῥιψο-

401 4448 658 4511 κινδύνως
703 4449 959 4518 ἐπιτιμᾷς
1007 4446 1086 4516 τῷ
1137 4447 1204 4500 δι’
1247 4449 1392 4516 ἡμᾶς
1451 4450 1545 4500 καὶ
1587 4447 1746 4500 τοῦτο
1812 4449 2001 4502 παθεῖν
2073 4452 2455 4521 ὑπομείναντις
2513 4455 2852 4525 Πανταχόθεν
2904 4456 3188 4526 τοιγαροῦν
3245 4460 3323 4520 είς
3367 4460 3632 4529 ὀρθότητα

403 4539 685 4608 δογμάτων
738 4541 1110 4611 περιιστάντες
1163 4541 1252 4592 τὸν
1279 4539 1455 4608 λόγον,
1502 4540 1856 4611 οἰκονομικῶς
1889 4543 2165 4612 εἰρηκέναι
2213 4547 2388 4615 φαμὲν
2443 4547 2532 4600 τὸν
2580 4547 2780 4618 Κύριον
2843 4547 2997 4618 ἡμῶν
3047 4549 3248 4620 Ἰησοῦν
3295 4551 3527 4621 Χριστὸν
3561 4553 3632 4603 τὰ

400 4628 460 4681 ἐν
477 4626 554 4698 τῷ
583 4629 923 4699 προκειμένῳ
950 4627 1115 4698 ῥητῷ.

471 4719 590 4787 Πρὸ
628 4718 696 4772 δὲ
731 4717 843 4786 τῆς
896 4717 1106 4786 ἑορτῆς
1145 4718 1250 4772 τοῦ
1317 4717 1550 4788 Πάσχα,
1594 4719 1757 4786 εἰδὼς
1786 4723 1821 4774 d
1869 4721 1954 4787 ’1η-

2142 4717 2257 4771 XIII
2283 4760 2298 4784 ,
2355 4720 2407 4775 I.
2449 4722 2581 4773 Ante
2603 4721 2741 4774 diem
2775 4731 2947 4774 autem
2979 4721 3167 4787 festum
3194 4723 3436 4791 Pascha},
3460 4727 3629 4780 sciens

397 4809 550 4876 σοῦς
575 4810 662 4863 ὅτι
697 4805 884 4879 ἦλθεν
907 4808 1095 4862 αὐτοῦ
1131 4808 1170 4874 ἠ
1207 4806 1348 4876 ὥρα,
1377 4809 1476 4862 ἵνα
1509 4809 1732 4878 μεταϐῇ
1756 4811 1823 4864 ἐκ
1859 4811 1954 4864 τοί

2063 4807 2218 4864 Iesus
2247 4812 2369 4879 quia
2393 4813 2526 4864 venit
2563 4811 2695 4865 liora
2733 4813 2844 4882 ejus
2877 4822 2932 4866 ut
2967 4823 3200 4868 transeat
3225 4832 3290 4868 ex
3311 4815 3408 4869 hoc
3439 4819 3630 4870 mundo

398 4902 628 4969 κόσμου
656 4901 875 4952 τούτου
909 4901 1058 4966 πρὸς
1088 4899 1192 4952 τὸν
1211 4899 1461 4966 Πατέρα,
1482 4900 1802 4968 ἀγαπήσας
1824 4901 1963 4965 τοὺς

403 4993 592 5057 ἰδίους
627 4991 768 5057 τοὺς
816 4993 885 5044 ἐν
933 4990 1014 5056 τῷ
1051 4992 1278 5060 κόσμῳ,
1325 4993 1413 5056 εἰς
1454 4991 1626 5058 τέλος
1652 4993 1968 5061 ἠγάπησεν

397 5083 640 5148 αὐτούς.

455 5171 960 5244 Ἀσυμφανέστερόν
977 5175 1090 5226 ἐστι
1107 5177 1217 5237 τοῖς
1237 5175 1450 5236 πολλοῖς
1473 5173 1531 5226 τὸ
1548 5175 1606 5225 ἐν
1625 5175 1734 5238 τοῖς
1750 5192 1966 5244 προκει-

401 5263 583 5332 μένοις
611 5264 892 5334 θεώρημα,
923 5267 1014 5318 καὶ
1032 5267 1090 5317 οὑ
1122 5266 1328 5337 σφόδρα
1359 5267 1552 5337 τρανές
1583 5267 1661 5328 εἰς
1685 5267 1962 5336 ἐξήγησιν,

397 5351 518 5404 ἀλλ’
545 5353 663 5404 οὑδέ
699 5353 901 5406 ἁπλοῦν
941 5355 1084 5424 ἔχον,
1126 5356 1310 5428 ὥσπερ
1363 5357 1427 5410 ἄν
1473 5374 1558 5418 τις
1593 5357 1820 5428 οἰηθείη,
1877 5357 1965 5410 τὸν

397 5441 546 5495 νοῦν.
569 5443 674 5496 Τοῦ
705 5445 810 5515 γὰρ
841 5445 904 5516 δὴ
937 5445 1096 5516 χάριν
1131 5447 1544 5517 ἐπισημαίνεται
1577 5448 1669 5499 νῦν
1708 5450 1736 5500 6
1781 5448 1968 5500 θεσπέ-

398 5550 515 5596 σιος
543 5535 950 5606 εὐαγγελιστὴς,
981 5537 1077 5590 καὶ
1103 5537 1289 5608 ὥσπερ
1318 5556 1369 5590 τι
1393 5538 1498 5592 τῶν
1519 5539 1826 5606 ἀναγκαίων
1855 5541 1968 5592 ἐπι-

469 5711 514 5741 οι
548 5710 650 5765 Isa.
687 5727 770 5778 ix,
807 5713 992 5777 6,sec.
1027 5715 1186 5770 Lxx.
1273 5717 1314 5748 ατ
1357 5715 1589 5786 Philipp.
1623 5732 1697 5780 ιι,
1729 5716 1848 5771 6-8.

2066 4900 2133 4953 ad
2165 4905 2401 4966 Patrem,
2437 4919 2552 4954 cum
2579 4903 2852 4958 dilexisset
2886 4921 3008 4958 suos
3037 4907 3127 4975 qui
3147 4916 3296 4960 erant
3321 4907 3372 4959 in
3401 4907 3627 4970 mundo,

2066 4994 2121 5046 in
2155 4995 2311 5062 [mem
2345 4995 2530 5048 dilexit
2556 5013 2664 5049 eos.

2139 5170 2693 5244 Obseuriorestapud
2709 5175 2906 5228 multos
2931 5173 3090 5240 hujus
3115 5171 3216 5222 loci
3240 5170 3402 5239 719
3427 5169 3632 5224 intelle-

2067 5269 2210 5320 ctus.
2231 5279 2339 5329 nec
2355 5265 2625 5332 explicato
2647 5266 2934 5318 admodum
2957 5261 3153 5320 facilis,
3169 5263 3264 5314 sed
3284 5275 3462 5330 neque
3479 5275 3628 5330 aper-

2067 5355 2362 5422 tnm,quod
2389 5355 2510 5424 quis
2530 5356 2632 5409 sibi
2671 5355 2854 5407 forsan
2882 5351 3234 5420 persuaserit,
3257 5367 3478 5408 sensum
3503 5367 3630 5405 con-

2067 5447 2221 5501 tinet.
2247 5446 2416 5515 Cujus
2446 5449 2586 5500 enim
2609 5449 2686 5499 rei
2718 5445 2890 5514 gratia
2914 5443 3191 5511 signanter
3212 5444 3376 5497 modo
3406 5442 3628 5498 divinus

2066 5540 2401 5608 evangelista
2445 5539 2626 5592 dicere
2674 5538 2910 5600 videtur,
2941 5549 3001 5589 ac
3033 5535 3178 5589 velut
3203 5533 3424 5604 aliquod
3451 5547 3628 5601 opera:
