4106 6262
538 319 633 378 ιιι

1518 314 1885 372 S.CYR1LLI
1933 312 2401 369 ALEXANDRINI
2461 313 2779 371 ARCHII‘JP.

3664 321 3773 378 ιη

536 434 766 506 pretium
820 434 1117 500 observat,
1168 433 1407 489 dicens:
1462 453 1479 484 ι
1513 433 1654 488 Ante
1703 433 1846 487 diem
1905 440 2077 487 autem

2192 433 2366 500 τηρεῖ,
2387 430 2583 498 λέγων’
2606 449 2623 480 ι
2645 431 2757 500 Πρὸ
2777 430 2832 483 δὲ
2846 430 3148 503 τῆςὲορτῆς
3165 431 3258 485 τοῦ
3276 434 3484 503 Πάσχα,
3504 434 3661 500 εἰδὼς
3686 438 3772 491 ὅτι

537 524 736 579 festum
770 523 1028 587 Pascha,
1078 524 1260 580 sciens
1298 524 1425 592 quia
1467 524 1616 577 venit
1662 522 1797 575 hora
1831 521 1990 590 ejus,
2035 530 2094 575 ut

536 623 782 669 transeat
811 630 878 669 ex
911 614 1015 668 hoc
1050 614 1250 667 mundo
1289 614 1355 666 ad
1388 612 1647 666 Patrem?
1678 632 1698 664 ι
1733 611 1872 678 Quid
1911 620 2091 665 autem

534 712 619 754 est
644 715 804 770 porro
825 703 967 771 quod
999 705 1075 755 ait
1105 719 1119 754 :
1164 719 1183 753 ι
1206 703 1340 757 Cum
1368 701 1652 756 dilexisset
1679 717 1808 757 suos
1837 702 1892 756 in
1929 718 2092 755 mun-

534 790 602 844 do
625 830 638 854 ,
669 791 722 843 in
754 791 908 845 finem
938 791 1128 845 dilexit
1150 793 1282 847 eos?
1311 812 1327 842 ι
1367 793 1425 846 In
1451 808 1646 871 magna
1676 793 1859 863 itaque
1887 794 2090 848 obscu-

534 883 712 944 ritate,
734 881 838 934 tale
850 881 1107 949 quiddam
1134 882 1309 951 ipsum
1333 882 1518 937 dicere
1533 885 1788 946 arbitror,
1808 884 2089 949 nimirum,

532 979 653 1024 ante
704 970 1000 1024 salutarem
1064 972 1373 1039 passionem
1429 974 1681 1041 quamvis
1727 983 2090 1043 cognosceret

531 1059 782 1111 Salvator
817 1058 928 1128 jam
981 1059 1202 1114 tandem
1251 1060 1414 1115 veluti
1469 1078 1569 1131 pro
1623 1063 1831 1118 foribus
1886 1064 2091 1118 instare

528 1156 740 1216 tempus
781 1164 888 1219 quo
916 1148 981 1203 ad
1008 1151 1178 1205 caelos
1216 1154 1556 1207 transiturus
1588 1163 1770 1220 esset,
1803 1155 2089 1225 perfectis-

527 1239 718 1293 simam
770 1247 952 1293 tamen
999 1254 1128 1311 erga
1178 1257 1308 1298 suos
1352 1247 1444 1314 qui
1492 1245 1545 1298 in
1572 1247 1673 1300 hoc
1700 1247 1903 1300 mundo
1930 1256 2089 1302 erant

526 1330 868 1384 dilectionem
900 1331 1237 1388 exhibuisse.
1260 1334 1414 1400 Quod
1450 1336 1494 1390 si
1526 1352 1705 1406 operae
1738 1338 1968 1405 pretium
2002 1338 2089 1392 vi-

524 1420 717 1474 deatur
750 1427 922 1475 totam
965 1437 1075 1475 rem
1120 1424 1285 1479 latius
1316 1427 1619 1495 explicare,
1671 1442 1778 1480 non
1819 1428 2090 1498 gravabor

523 1509 666 1579 quod
710 1510 871 1566 modo
901 1511 1019 1566 dixi
1055 1512 1236 1567 denuo
1270 1523 1541 1583 repetere.
1573 1514 1883 1571 Servatoris
1914 1517 2086 1571 nostri

519 1601 724 1657 Christi
760 1602 993 1672 propriae
1014 1610 1148 1658 sunt
1186 1616 1250 1656 ac
1280 1604 1586 1673 peculiares
1614 1620 1959 1675 quiescunth
1991 1620 2087 1675 per

520 1707 641 1747 eum
671 1691 831 1746 facta:
859 1702 987 1747 sunt
1017 1692 1319 1748 rationales
1357 1702 1410 1747 et
1451 1695 1849 1750 intellectuales
1874 1704 2086 1749 creatu-

2201 520 2456 591 ἐλήλυθεν
2493 522 2656 577 αὑτοῦ
2714 523 2747 592 ἡ
2782 521 2919 593 ὥρα,
2972 522 3059 581 ἵνα
3097 523 3304 595 μεταϐῇ
3345 525 3408 579 ὲκ
3435 526 3528 578 τοῦ
3563 528 3770 598 κόσμου

2199 607 2388 662 τούτου
2441 609 2578 679 πρὸς
2620 609 2710 663 τὸν
2762 609 2977 681 Πατέρα
3006 628 3020 677 ;
3059 628 3076 661 ι
3108 610 3172 663 Τί
3196 611 3250 664 δὲ
3273 609 3338 665 αὖ
3360 612 3521 668 πάλιν
3540 614 3656 669 ἐστὶ
3683 614 3771 682 τὺ,

2204 718 2222 749 ι
2267 700 2582 770 Ἀγαπήσας
2605 700 2729 764 τοὺς
2762 700 2925 763 ἰδίους
2954 701 3079 762 τοὺς
3106 702 3164 755 tv
3192 701 3267 773 τῷ
3291 703 3497 774 κόσμῳ,
3521 707 3599 769 εἰς
3619 705 3769 771 τέλος

2200 791 2479 859 ἠγάπησεν
2503 791 2721 858 αύτούς
2759 810 2777 841 ι
2809 792 3061 861 Ἔχοντος
3105 792 3285 846 τοίνυν
3336 794 3398 847 ού
3446 794 3682 867 μετρίως
3708 796 3770 851 τὸ
3824 808 3831 813 “

2196 880 2425 948 ἀσαφὲς,
2475 879 2760 949 βούλεσθαί
2812 898 2865 934 τι
2919 881 3160 935 τοιοῦτον
3195 878 3346 954 οἶμαι
3380 884 3557 954 λέγειν
3584 886 3767 950 αὑτὸν,

2176 972 2275 1025 ’ὅτι
2324 973 2431 1044 πρὸ
2475 972 2568 1027 τοῦ
2624 972 2892 1043 σωτηρίου
2948 974 3174 1041 πάθους,
3236 977 3412 1030 καίτοι
3459 977 3764 1046 γινώσκων,

2197 1063 2381 1130 φησὶν,
2441 1064 2469 1115 ό
2525 1062 2738 1133 Σωτὴρ,
2764 1063 2847 1116 δτι
2875 1063 3060 1117 λοιπὸν
3111 1066 3203 1117 ἐπὶ
3245 1065 3434 1136 θύραις
3476 1068 3698 1137 γέγονεν
3736 1070 3768 1122 ὁ

2195 1152 2383 1222 καιρὸς
2437 1152 2524 1220 τῆς
2570 1152 2650 1214 εἰς
2687 1154 2949 1224 οὐρανοὺς
2987 1157 3392 1226 μεταστάσεως,
3422 1160 3766 1232 τελειοτάτην

2196 1241 2504 1306 ἐπεδείξατο
2534 1243 2631 1313 τὴν
2670 1244 2945 1316 ἀγάπησιν
2968 1246 3066 1315 τῆν
3088 1248 3214 1318 περὶ
3242 1249 3366 1311 τοὺς
3390 1249 3552 1311 ἰδίους
3605 1251 3766 1315 ὄντας

2195 1335 2253 1387 ὲν
2283 1333 2415 1404 τῷδε
2441 1333 2517 1404 τῷ
2543 1335 2751 1406 κόσμῳ.
2783 1336 2892 1389 Καὶ
2922 1339 2969 1391 εἰ
2996 1340 3099 1409 χρή
3144 1356 3260 1403 πως
3290 1340 3627 1411 πλατυτέραν
3650 1345 3763 1406 τοῖς

2194 1426 2568 1495 προκειμένοις
2599 1426 2879 1495 ἐπινοῆσαι
2916 1426 3171 1500 θεωρίαν,
3193 1430 3329 1501 ὅπερ
3371 1430 3509 1503 ἔφην
3536 1432 3760 1502 ἀρτίως,

2179 1513 2286 1577 ,καὶ
2303 1512 2546 1576 εἰσαῦθις
2586 1514 2715 1584 ἐρῶ.
2739 1515 2899 1569 Ἴδιον
2934 1517 3033 1586 μὲν
3054 1518 3162 1587 γάρ
3189 1518 3282 1572 τοῦ
3316 1520 3566 1592 Σωτῆρος
3606 1521 3763 1592 ήμῶν

2190 1603 2235 1654 Χ
2246 1602 2425 1672 ριστοῦ
2440 1602 2509 1656 τά
2531 1604 2707 1658 πάντα
2720 1604 2787 1658 δι’
2806 1606 2968 1660 αὑτοῦ
2981 1609 3261 1677 γεγονότα,
3275 1609 3465 1678 λογικὰ
3486 1611 3581 1666 καὶ
3601 1612 3762 1685 νοερὰ

2192 1691 2488 1762 κτίσματα,
2522 1695 2790 1764 Δυνάμεις
2839 1697 2896 1750 αἰ
2924 1697 3055 1762 ἀνω,
3100 1700 3193 1753 καὶ
3216 1700 3427 1771 Θρόνοι.
3446 1705 3539 1757 καὶ
3568 1704 3761 1774 κυριό-

523 1796 627 1844 rae,
649 1780 957 1837 Potestates
989 1796 1266 1849 superna,
1296 1781 1502 1837 Throni
1523 1823 1536 1847 ,
1561 1792 1615 1838 et
1642 1784 2077 1851 Dominationes,

2188 1798 2369 1852 τητες,
2414 1784 2508 1837 καὶ
2556 1786 2659 1839 εῐτι
2715 1786 2923 1850 τούτοις
2965 1790 3245 1859 ὁμογενὲς,
3272 1792 3396 1845 ὅσον
3424 1794 3504 1857 εἰς
3534 1794 3626 1848 τὸν
3662 1796 3757 1849 τοῦ

520 1879 575 1926 et
602 1871 711 1925 alia
745 1870 797 1925 id
830 1886 1024 1942 genus,
1061 1874 1113 1926 in
1144 1879 1408 1942 quantum
1432 1882 1618 1929 creata
1643 1875 1733 1928 illa
1764 1883 1912 1930 sunt.
1940 1874 2080 1929 Sunt

522 1961 649 2015 item
676 1961 794 2030 ejus
832 1963 1068 2032 pr0priae
1098 1977 1439 2032 quaecunque
1483 1975 1610 2018 sunt
1652 1964 1705 2017 in
1739 1973 1884 2018 terra
1929 1979 2083 2018 crea-

520 2059 658 2107 turae
687 2053 918 2107 rationis
944 2063 1245 2124 compotes,
1282 2062 1553 2124 quatenus
1590 2055 1830 2108 omnium
1865 2064 1947 2108 est
1974 2053 2076 2109 Do-

520 2144 725 2206 minus,
753 2143 969 2197 etiamsi
1001 2145 1251 2198 nonnulli
1286 2160 1408 2199 eum
1429 2160 1536 2199 non
1568 2146 1799 2199 adorent
1829 2155 1887 2199 ut
1920 2146 2080 2215 opiﬁ-

515 2246 653 2287 cem.
687 2231 887 2286 Dilexit
926 2233 1096 2307 igitur
1127 2250 1259 2289 suos
1288 2236 1380 2305 qui
1414 2246 1571 2289 erant
1612 2236 1664 2289 in
1696 2238 1939 2300 mundo;
1981 2251 2081 2291 nec

513 2321 657 2374 enim
689 2323 912 2391 angelos
944 2323 1308 2392 apprehendit
1333 2363 1348 2384 ,
1384 2323 1541 2393 juxta
1581 2324 1737 2379 Pauli
1776 2341 1965 2379 vocem
1998 2326 2077 2391 “,

514 2423 689 2478 neque
721 2417 941 2479 propter
969 2412 1283 2481 angelorum
1312 2421 1566 2467 naturam
1594 2415 1647 2467 in
1690 2414 1862 2468 forma
1894 2413 1986 2469 Dei
2015 2430 2079 2469 ac

516 2498 694 2553 Patris
732 2514 856 2553 cum
885 2510 1064 2565 esset,
1098 2518 1209 2557 non
1244 2503 1490 2572 rapinam
1517 2505 1819 2562 arbitratus
1840 2515 1925 2562 est
1958 2524 2078 2563 esse

515 2605 575 2645 se
598 2591 860 2660 aequalem
891 2589 1003 2645 Deo
1026 2592 1069 2631 ⁸³
1089 2630 1105 2655 ,
1137 2593 1231 2648 sed
1258 2603 1486 2665 propter
1509 2612 1609 2652 nos
1638 2599 1817 2667 potius
1850 2599 1943 2668 qui
1980 2617 2078 2653 su-

514 2694 637 2734 mus
666 2680 720 2733 in
745 2680 847 2733 hoc
879 2679 1106 2744 mundo.
1139 2682 1440 2737 exinanivit
1467 2686 1728 2754 seipsum,
1764 2697 1817 2741 et
1847 2688 2076 2743 formam

514 2769 764 2824 servilem
796 2768 1028 2837 sumpsit
1052 2769 1143 2823 ille
1172 2770 1417 2824 omnium
1454 2771 1751 2837 Dominus,
1791 2777 1963 2829 nostri
1995 2776 2078 2829 di-

514 2860 754 2914 lectione
789 2865 843 2913 et
868 2873 1056 2914 amore
1081 2876 1146 2913 eo
1172 2872 1400 2917 vocatus
1425 2864 1491 2916 "°.
1523 2863 1656 2918 Cum
1689 2880 1818 2935 ergo
1855 2866 2077 2921 dilexis-

513 2956 595 3003 set
625 2962 720 3003 eos
753 2948 845 3017 qui
875 2958 1033 3003 erant
1070 2949 1124 3003 in
1165 2951 1266 3004 hoc
1314 2951 1553 3017 mundo,
1597 2954 1651 3007 in
1688 2954 1848 3009 finem
1888 2955 2077 3009 dilexit

511 3050 608 3090 eos
633 3076 647 3099 ,
686 3035 813 3089 licet
843 3044 968 3091 ante
1002 3036 1198 3091 festum
1227 3079 1241 3104 ,
1289 3047 1341 3092 et
1385 3051 1509 3094 ante
1553 3041 1760 3096 Pascha
1783 3083 1796 3106 ,
1832 3063 1849 3094 ι
1884 3043 2075 3101 Sciens

2188 1874 2515 1944 πεποιῆσθαι
2568 1874 2745 1946 λόγον.
2778 1877 2933 1931 Ἴδιον
2976 1879 3032 1932 δὲ
3092 1876 3161 1933 αὖ
3193 1880 3353 1935 πάλιν
3376 1884 3538 1938 αὐτοῦ
3564 1892 3658 1939 και.
3689 1888 3760 1942 τά

2184 1964 2277 2017 ἐπὶ
2302 1965 2402 2034 τῆς
2442 1966 2543 2037 γῆς
2605 1966 2817 2035 λογικὰ,
2878 1969 3014 2023 καθὸ
3051 1973 3269 2025 πάντων
3301 1975 3416 2028 ἐστί
3458 1977 3756 2048 Δεσπότης,

2186 2054 2278 2107 καί¹
2309 2057 2355 2108 εἰ
2393 2056 2465 2127 μή
2493 2073 2638 2120 τινες
2664 2059 3076 2128 προσκυνοῦσιν,
3098 2061 3173 2125 ὡς
3201 2064 3560 2136 Δημιουργόν.
3596 2069 3757 2136 Ἠγά-

2184 2152 2325 2214 πησε
2357 2147 2538 2201 τοίνυν
2600 2150 2725 2212 τοὺς
2753 2150 2917 2214 ἰδίους
2943 2153 3070 2214 τοὺς
3099 2154 3155 2206 tv
3183 2154 3261 2225 τῷ
3293 2156 3514 2227 κόσμῳ·
3547 2158 3608 2211 οὐ
3648 2159 3756 2232 γὰρ

2182 2237 2427 2304 ἀγγέλων
2457 2240 2906 2311 ἐπιλαμϐάνεται,
2957 2244 3099 2298 κατά
3141 2245 3239 2317 τὴν
3265 2246 3359 2300 τοῦ
3396 2249 3609 2304 Παύλου
3644 2268 3758 2320 φω-

2181 2326 2299 2394 νὴν,
2330 2328 2451 2380 οὐδὲ
2503 2328 2588 2381 διὰ
2623 2330 2720 2403 τὴν
2760 2331 2865 2384 τῶν
2924 2333 3170 2402 ἀγγέλων
3231 2337 3412 2406 φύσιν,
3449 2342 3507 2392 tv
3571 2344 3753 2413 μορφῇ

2181 2416 2314 2470 Θεοῦ
2343 2417 2437 2472 καὶ
2463 2420 2675 2491 Πατρδς
2698 2422 2979 2493 ὑπάρχων,
2999 2425 3096 2495 οὐχ
3112 2428 3401 2499 ἁρπαγμὸν
3433 2433 3678 2503 ἡγήσατο
3692 2433 3755 2487 τὸ

2181 2504 2316 2561 εἶναι
2348 2509 2436 2561 ῐσα
2463 2509 2598 2578 Θεῷ
2626 2511 2692 2564 δι’
2723 2513 2867 2583 ἡμᾶς
2886 2514 2942 2567 δὲ
2964 2517 3166 2584 μᾶλλον
3184 2520 3306 2582 τοὺς
3334 2519 3490 2585 ὄντας
3519 2524 3576 2576 tv
3617 2523 3754 2594 τῷδε

2178 2597 2254 2666 τῷ
2274 2598 2485 2667 κόσμῳ,
2515 2599 2819 2655 κεκένωκεν
2839 2604 3050 2667 ἑαυτὸν,
3079 2608 3170 2659 καὶ
3203 2610 3417 2679 μορφὴν
3468 2610 3755 2677 ἀνεδέξατο

2179 2686 2276 2756 τὴν
2303 2690 2577 2759 οἰκετικὴν
2598 2693 2625 2744 ό
2650 2692 2866 2746 πάντων
2887 2695 3109 2767 Κύριος,
3132 2699 3321 2772 ἀγάπῃ
3344 2705 3410 2773 τῇ
3444 2720 3511 2755 πε
3521 2704 3574 2773 pl.
3604 2707 3753 2775 ἡμᾶς

2181 2779 2518 2848 κεκλημένος
2568 2783 2647 2845 εἰς
2692 2782 2869 2838 τοῦτο.
2927 2787 3241 2860 Ἀγαπήσας
3288 2793 3466 2847 τοίνυν
3521 2799 3647 2860 τοὺς
3690 2799 3750 2852 tv

2178 2866 2313 2936 τῷδε
2355 2867 2431 2937 τῷ
2458 2870 2666 2941 κόσμῳ,
2704 2873 2993 2944 ἠγάπησεν
3021 2878 3218 2942 αὐτοὺς
3259 2881 3339 2945 εἰς
3361 2882 3533 2947 τέλος,
3571 2886 3749 2940 καίτοι

2178 2957 2272 3008 καὶ
2295 2958 2400 3028 πρὸ
2433 2960 2529 3029 τῆς
2560 2962 2774 3032 ἑορτῆς,
2803 2966 2896 3018 καί
2919 2966 3024 3036 πρὸ
3056 2968 3150 3022 τοῦ
3178 2971 3388 3042 Πάσχα,
3417 2994 3434 3025 ι
3472 2975 3641 3041 Εἰδὼς
3666 2978 3748 3032 ὅτι

2176 3045 2336 3120 ἦλθεν
2362 3053 2524 3107 αὐτοῦ
2559 3056 2754 3129 ήῶρα,
2787 3059 2875 3114 ἵνα
2906 3064 3118 3134 μεταϐῇ
3156 3068 3218 3120 ὲκ
3254 3067 3348 3121 τοῦ
3388 3071 3593 3141 κόσμου
3624 3073 3750 3127 τού-

515 3126 646 3193 quia
677 3126 827 3180 venit
859 3128 994 3181 hora
1026 3129 1144 3199 ejus
1176 3138 1235 3182 ut
1271 3139 1514 3184 transeat
1538 3146 1603 3186 ex
1634 3133 1735 3187 hoc
1763 3135 1967 3187 mundo
2008 3134 2073 3189 ad

2180 3157 2269 3231 του
2300 3143 2429 3213 πρὸς
2458 3144 2548 3198 τὸν
2603 3126 2844 3220 Πατέρα.
2882 3126 3034 3205 »ἾΤοῦ
3093 3126 3200 3225 ’μὲν
3242 3157 3350 3230 γὰρ
3385 3160 3459 3231 μὴ
3488 3126 3568 3225 εἰς
3594 3164 3748 3228 τέλος

510 3213 751 3272 Patrem.
786 3236 804 3269 ι
843 3215 1068 3273 Factum
1098 3221 1243 3275 enim
1267 3235 1389 3275 esse
1415 3221 1724 3287 lmminem,
1766 3223 1912 3277 haud
1954 3240 2075 3294 per-

512 3308 656 3359 lecte
689 3305 973 3375 diligentis
1019 3315 1196 3373 esset,
1238 3310 1342 3364 nisi
1395 3326 1492 3379 pro
1521 3311 1764 3365 omnium
1797 3314 1906 3367 vita
1931 3313 2075 3383 peri-

509 3397 686 3450 clitari
716 3397 907 3465 vellet,
956 3398 1050 3453 sed
1084 3400 1138 3454 in
1170 3399 1330 3455 ﬁnem
1371 3402 1563 3457 dilexit
1605 3418 1722 3466 eos,
1758 3419 1931 3473 neque
1963 3404 2073 3475 pati

509 3483 854 3553 detrectavit,
885 3489 1139 3558 quamvis
1184 3506 1472 3558 passurum
1508 3508 1567 3547 se
1612 3494 1929 3562 prmsciret:
1973 3509 2075 3550 nec

510 3573 654 3627 enim
687 3575 868 3646 ignota
914 3586 1009 3631 aut
1050 3579 1347 3648 improvisa
1384 3589 1503 3635 erat
1544 3582 1824 3637 Servatori
1865 3584 2069 3654 passio.

512 3659 649 3716 Cum
684 3679 845 3734 ergo,
878 3664 1093 3734 inquit,
1123 3666 1432 3723 Judazorum
1481 3670 1832 3738 petulantiam
1865 3679 1919 3726 et
1951 3686 2074 3726 cru-

507 3754 840 3824 citigentium
869 3758 1208 3827 impietatem
1241 3762 1414 3815 vitare
1443 3761 1653 3828 liceret,
1691 3776 1962 3817 summam
1992 3762 2076 3817 di-

508 3847 797 3902 lectionem
834 3850 1080 3905 exhibuit
1120 3852 1175 3906 in
1213 3868 1344 3908 suos
1382 3854 1474 3922 qui
1520 3863 1677 3908 erant
1726 3856 1781 3910 in
1831 3856 2069 3912 mundo:

509 3954 617 3993 non
651 3940 926 3995 recusavit
957 3942 1103 3997 enim
1150 3959 1251 4013 pro
1289 3946 1401 3999 vita
1444 3947 1684 4000 omnium
1727 3948 1887 4002 mori.
1919 3947 2074 4015 Quod

508 4031 650 4082 enim
683 4028 768 4082 hic
797 4028 1263 4098 perfectissimum
1287 4034 1608 4090 dilectionis
1640 4037 1859 4091 modum
1893 4038 2076 4094 videre

510 4120 701 4183 liceat,
755 4119 935 4188 ipsum
968 4126 1161 4175 testem
1201 4122 1471 4177 adducam
1508 4122 1792 4179 Dominum
1823 4135 2073 4182 nostrum

505 4209 690 4267 Jesum
711 4212 987 4268 Christum
1011 4213 1221 4269 sanctis
1249 4215 1415 4287 720
1436 4216 1724 4287 discipulis
1753 4220 1826 4274 ita
1856 4221 2076 4291 loquen-

506 4311 612 4356 tem
640 4322 651 4358 :
697 4322 715 4354 ι
754 4302 870 4358 Hoc
896 4314 981 4359 est
1014 4316 1343 4377 praeceptqu
1378 4323 1557 4364 meum
1579 4352 1593 4376 ,
1631 4320 1689 4365 ut
1720 4310 1959 4384 diligatis
1987 4316 2073 4369 in-

507 4392 701 4454 vicem,
728 4394 873 4447 sicut
904 4394 1071 4449 dilexi
1095 4411 1213 4453 vos.
1240 4395 1501 4467 Maiorem
1526 4401 1671 4453 enim
1696 4401 1797 4456 hac
1821 4403 2071 4459 dilectio-

2176 3229 2560 3301 ἀγαπήσαντος
2616 3232 2704 3307 ἦν,
2760 3237 2820 3290 τό
2881 3241 3131 3307 γενέσθαι
3167 3245 3263 3315 μὲν
3320 3229 3625 3321 ἄνθρωπον,
3671 3252 3747 3325 μὴ

2309 3321 2560 3393 ἐθελῆσαι
2581 3326 2786 3399 καὶτῆς
2815 3330 3070 3386 ἀπάντων
3105 3320 3551 3407 προκινδυνεῦσαι
3579 3320 3743 3412 ζωῆς,

2178 3409 2294 3463 ἀλλ’
2327 3413 2610 3485 ἠγάπησεν
2630 3419 2709 3482 εἰς
2733 3420 2900 3487 τέλος,
2936 3426 3027 3477 καὶ
3053 3424 3211 3479 τοῦτο
3240 3428 3430 3483 παθεῖν
3449 3432 3511 3484 οὐ
3544 3409 3748 3502 παραι-

2174 3502 2496 3594 τησάμενος,
2536 3507 2715 3562 καίτοι
2765 3513 3029 3582 προειδὼς
3079 3516 3161 3569 δτι
3202 3517 3477 3573 πείσεται·
3536 3522 3597 3575 ού
3637 3523 3746 3594 γάρ

2173 3591 2414 3648 ἄποπτον
2446 3591 2515 3667 ἦν
2544 3597 2622 3668 τῷ
2673 3600 2885 3673 Σωτῆρι
2931 3605 2992 3658 τὸ
3030 3607 3223 3672 πάθος.
3266 3609 3414 3675 Ἐξὺν
3440 3607 3552 3674 οῦν,
3586 3591 3744 3683 φησί,

2170 3683 2448 3755 διαδρᾶναι
2484 3688 2592 3742 τῶν
2630 3690 2895 3747 Ἰουδαίων
2915 3694 3012 3759 τάς
3052 3700 3357 3769 παροινίας,
3392 3704 3487 3756 καὶ
3514 3703 3612 3774 τὴν
3637 3705 3745 3759 τῶν

2173 3774 2550 3849 σταυρόύντων
2582 3780 3275 3860 ἀνοσιότητα,τελεωτάτην
3303 3792 3612 3858 ἐπεδείξατο
3644 3795 3746 3866 τὴν

2172 3866 2447 3938 ἀγάπησιν
2480 3868 2578 3939 τὴν
2622 3873 2701 3935 εἰς
2744 3874 2872 3938 τοὺς
2905 3875 3068 3940 ἰδίους
3111 3880 3239 3944 τοὺς
3268 3881 3428 3946 ὄντας
3452 3884 3513 3939 tv
3541 3885 3619 3955 τῷ
3646 3887 3744 3940 κό-

2174 3968 2314 4023 σμῳ·
2349 3960 2702 4030 παρῃτήσατο
2747 3963 2855 4035 γάρ
2898 3966 3150 4037 οὐδαμῶς
3188 3970 3250 4023 τὸ
3299 3972 3516 4045 καὶτῆς
3566 3976 3744 4030 ἀπάν-

2172 4058 2279 4138 των
2303 4044 2664 4138 ύπερτεθῆναι
2693 4051 2803 4124 [ἴον.
2836 4056 3252 4133 ύπερτεθνᾶναι]
3288 4060 3453 4132 ζωῆς.
3476 4044 3610 4119 γὍτι
3630 4067 3741 4138 γάρ

2172 4132 2230 4185 tv
2246 4135 2419 4207 τούτῳ
2474 4140 2709 4206 μάλιστα
2760 4144 3084 4201 τελεώτατον
3147 4132 3262 4203 ἔστι
3307 4152 3404 4222 τῆς
3432 4132 3653 4226 ἀγάπης
3679 4132 3742 4210 ab
3834 4219 3854 4235 κ

2176 4224 2369 4317 μέτρον
2430 4228 2577 4294 ἰδεῖν,
2615 4231 2777 4285 αὑτὸν
2825 4237 3070 4306 παροίσω
3120 4240 3372 4312 μάρτυρα
3412 4243 3500 4297 τὸν
3533 4224 3741 4317 Κύριον

2172 4315 2326 4385 ἡμῶν
2364 4317 2568 4388 Ἰησοῦν
2595 4322 2828 4392 Χριστὸν
2854 4328 2962 4389 τοῖς
2998 4328 3168 4395 ἁγίοις
3197 4329 3424 4398 λέγοντα
3447 4315 3737 4404 μαθηταῖς⁹

2177 4424 2196 4458 ι
2231 4406 2378 4477 Αὕτη
2396 4410 2540 4463 ἐστὶν
2570 4413 2601 4480 ἡ
2638 4414 2823 4484 ἐντολὴ
2850 4416 3030 4487 ήὲμὴ,
3056 4419 3141 4472 ἵνα
3169 4421 3417 4487 ἀγαπᾶτε
3455 4424 3736 4496 ἀλλήλους,

507 4495 630 4534 nem
657 4496 817 4535 nemo
845 4482 1045 4548 habet,
1080 4491 1140 4538 ut
1169 4486 1406 4541 animam
1431 4502 1586 4543 suam
1616 4500 1779 4558 ponat
1811 4492 1934 4560 quis
1970 4508 2068 4562 pro

2180 4498 2352 4563 καθὼς
2378 4501 2635 4572 ἠγάπησα
2657 4482 2820 4573 ὑμᾶςξ
2855 4482 3092 4572 Μείζονα
3138 4482 3245 4581 γὰρ
3293 4513 3491 4583 ταύτης
3767 4552 3777 4580 ρ

505 4570 698 4626 amicis
721 4571 839 4628 suis
865 4573 931 4629 ⁷³.
967 4593 985 4626 ιι
1024 4574 1165 4641 Quin
1196 4585 1250 4632 et
1281 4579 1385 4633 alia
1416 4581 1628 4635 ratione
1658 4584 1867 4638 ostendi
1891 4595 2069 4653 potest

506 4669 726 4718 sanctos
757 4667 1119 4735 evangelistas
1157 4669 1429 4738 imprimis
1460 4687 1686 4729 curasse
1719 4684 1776 4727 ut
1815 4678 2068 4733 ostende-

503 4765 628 4806 rent
679 4753 967 4810 Dominum
1014 4766 1265 4813 nostrum
1307 4759 1493 4815 Jesum
1536 4761 1813 4819 Christum
1857 4774 2071 4836 tempus

504 4847 776 4913 passionis
816 4849 1101 4917 praescisse
1131 4892 1146 4916 ,
1192 4866 1260 4906 ne
1309 4852 1432 4921 quis
1474 4852 1761 4911 haereticus
1805 4857 2069 4914 adversus

500 4936 620 5002 ejus
667 4936 896 5006 gloriam
946 4938 1294 5010 insurgeret,
1351 4941 1541 5000 dicens
1590 4960 1700 5014 pra:
1749 4947 2064 5004 intirmitate

500 5035 717 5094 captqu
749 5026 936 5093 fuisse,
961 5037 1014 5085 et
1037 5046 1160 5085 cum
1192 5031 1396 5087 invitus
1419 5032 1472 5087 in
1504 5034 1727 5104 laqueos
1746 5036 2059 5094 Judaeorum

503 5117 802 5186 incidisset,
838 5121 1277 5178 crudelissimam
1307 5132 1533 5179 mortem
1563 5130 1870 5195 pertulisse.
1902 5128 2062 5187 Utilis

501 5223 633 5276 ergo
686 5219 739 5264 et
792 5211 862 5267 ad
886 5211 1351 5284 dispensationem
1402 5216 1684 5286 pertinens
1743 5231 2059 5276 sanctorum

501 5312 588 5353 801⁵
594 5314 703 5355 mo.

571 5469 716 5537 XIII,
746 5468 869 5528 2-5.
915 5473 977 5527 Et
1012 5493 1155 5530 cana
1183 5477 1358 5546 facta,
1396 5496 1512 5535 cum
1542 5480 1783 5537 diabolus
1808 5482 1920 5551 jam
1961 5485 2048 5536 im-

2166 4588 2339 4652 ούδεὶς
2409 4590 2538 4660 ἔχει,
2575 4594 2661 4645 ἴνα
2697 4612 2779 4657 τις
2809 4595 2906 4666 τὴν
2931 4598 3107 4669 ψυχὴν
3148 4602 3317 4654 αὐτοῦ
3358 4603 3422 4674 θῇ
3463 4606 3601 4675 ὑπὲρ
3628 4608 3735 4662 τῶν

2166 4677 2334 4743 φίλων
2356 4678 2537 4732 αὑτοῦ.
2570 4699 2588 4729 ι
2626 4683 2734 4733 Καὶ
2781 4685 2902 4737 καθ’
2943 4688 3126 4758 ἕτερον
3170 4690 3224 4742 δὲ
3256 4692 3454 4761 τρόπον
3489 4694 3575 4746 ἀεί
3618 4696 3734 4759 πώς

2165 4767 2279 4818 ἐστι
2304 4767 2392 4820 διὰ
2422 4770 2659 4840 σπουδῆς
2692 4776 2913 4841 γεγονὸς
2942 4781 3052 4840 τοῖς
3082 4780 3253 4847 ἀγίοις
3300 4783 3731 4851 εὐαγγελισταῖς.

2169 4857 2451 4926 προειδότα
2504 4860 2769 4916 δεικνύειν
2799 4866 2891 4918 τὸν
2925 4868 3018 4920 τοῦ
3052 4870 3254 4933 πάθους
3284 4873 3472 4944 καιρὸν
3506 4874 3596 4927 τὸν
3623 4876 3729 4928 Κύ-
3780 4934 3785 4943 ,

2172 4963 2285 5016 ριον
2315 4948 2469 5017 ἡμῶν
2503 4950 2709 5020 Ἰησοῦν
2732 4956 2821 5008 τὸν
2851 4958 3083 5028 Χριστόν
3104 4976 3117 4990 ·
3149 4961 3233 5013 ἵνα
3266 4964 3339 5031 μή
3372 4980 3452 5025 τις
3477 4963 3586 5016 τῶν
3614 4966 3729 5017 tte-

2174 5035 2403 5105 ροδοξείν
2462 5039 2728 5095 εἰωθότων
2779 5045 2876 5114 τῆς
2909 5046 3058 5111 θείας
3098 5049 3261 5102 αὑτοῦ
3292 5051 3446 5122 δόξης
3472 5055 3730 5107 κατεπαί-

2171 5143 2353 5195 ρηται,
2385 5128 2580 5197 λέγων,
2621 5133 2696 5196 ὡς
2724 5135 2839 5204 ἥλω
2871 5136 2969 5205 μὲν
2999 5138 3067 5190 δι’
3096 5140 3398 5206 ἀσθένειαν,
3433 5143 3648 5214 βρόχοις
3677 5144 3731 5198 δὲ

2167 5218 2277 5279 τοῖς
2328 5217 2594 5274 Ἰουδαίων
2651 5224 2985 5295 ἀνεθελήτως
3026 5231 3355 5299 περιπεσὼν,
3422 5234 3512 5285 τὸν
3587 5234 3732 5290 οῦτω

2167 5306 2448 5362 πάνδεινον
2481 5312 2686 5385 ὑπέστη
2744 5315 2988 5374 θάνατον.
3042 5324 3388 5393 Οἰκονομικὸς
3446 5328 3732 5398 τοιγαροῦν

2168 5399 2262 5451 καί
2292 5399 2564 5472 ὠφέλιμος
2590 5406 2697 5461 τῶν
2727 5409 2898 5475 ἀγίων
2918 5412 2945 5464 ό
2977 5411 3153 5481 λόγος.

2238 5487 2348 5541 Καὶ
2382 5488 2629 5547 δείπνου
2653 5497 2975 5567 γενομένου
3000 5539 3014 5563 ,
3049 5501 3151 5555 τοῦ
3184 5501 3463 5559 διαϐόλου
3496 5503 3611 5573 ἤδη
3629 5505 3726 5571 ,ϐεο

573 5650 619 5684 ⁸⁸
654 5651 819 5715 Hebr.
856 5672 916 5724 ιι,
956 5656 1039 5713 l6.
1118 5661 1161 5693 ⁶⁹
1198 5660 1432 5736 Philipp.
1467 5681 1525 5731 ιι,
1561 5665 1611 5720 6.
1688 5666 1733 5698 ⁷⁸
1777 5665 1910 5721 ibid.
1944 5665 1994 5719 7.
2073 5668 2077 5679 '

2180 5665 2314 5723 'oan.
2351 5685 2438 5737 xv,
2481 5674 2561 5736 I5,
2600 5676 2682 5730 Η.
