4106 6262
353 368 463 428 H3

1394 368 1461 424 lN
1498 364 1783 425 JOANNlS
1822 363 2272 426 EVANGELIUM
2319 368 2447 426 LIB.
2490 368 2580 425 IX.

3482 368 3586 422 116

351 487 644 556 δληκότος
709 488 797 552 εἰς
849 485 963 553 τὴν
1005 483 1257 552 καρδίαν
1297 485 1485 540 Ἰούδα
1516 485 1777 552 Σίμωνος
1816 482 1921 538 τοῦ

2026 486 2251 539 misisset
2284 485 2339 538 in
2368 500 2457 537 cor
2488 489 2546 536 ut
2574 484 2802 539 truderet
2827 496 2945 537 eum
2972 481 3146 537 ludas
3174 481 3401 537 Simonis
3435 480 3582 536 laca-

361 577 750 647 Ἰσκαριώτου,
823 577 924 629 ἵνα
965 576 1210 645 παραδῷ
1252 576 1442 632 αὐτόν
1458 615 1473 644 ,
1526 577 1696 643 εἰδὼς
1743 580 1775 631 ό
1813 579 1918 646 Ἰη-

349 670 504 735 σοῦς
554 668 642 722 ὅτι
705 666 903 721 πάντα
956 667 1178 721 ἔδωκεν
1200 667 1360 733 αὐτῷ
1387 671 1420 719 d
1450 668 1651 739 Πατὴρ
1700 674 1788 736 εἰς
1811 670 1917 736 τὰς

350 758 572 827 χεῖρας,
606 758 706 811 καί
747 758 836 811 ὅτι
878 758 997 814 ἀπὸ
1038 758 1185 811 Θεοῦ
1219 756 1456 824 ἐξῆλθε,
1501 760 1597 813 καὶ
1635 762 1785 829 πρὸς
1811 762 1918 813 τὸν

351 849 499 901 Θεὸν
544 849 778 918 ὑπάγει,
820 849 1103 919 ere/petat
1133 850 1200 902 ἐκ
1248 850 1352 903 τοῦ
1390 850 1660 914 δείπνου,
1694 852 1792 905 καὶ
1830 852 1915 904 τί-

347 942 487 1006 θησι
533 939 603 993 τὰ
663 938 893 1008 ἱμάτια·
942 940 1042 994 καί
1086 939 1290 993 λαϐὼν
1333 941 1595 1007 λέντιον,
1641 941 1917 1002 διέζωσεν

345 1028 584 1081 ἑαυτόν.
612 1024 756 1082 Εἶτα
811 1028 1032 1093 ﬁctus:
1076 1028 1234 1097 ὕδωρ
1251 1031 1338 1095 εἰς
1362 1029 1469 1083 τὸν
1503 1030 1782 1100 νιπτῆρα,
1818 1031 1917 1085 καὶ

346 1117 570 1185 ἤρξατο
615 1121 849 1172 νίπτειν
897 1119 1038 1185 τοὺς
1093 1118 1283 1185 πόδας
1332 1118 1449 1173 τῶν
1479 1120 1778 1187 μαθητῶν,
1816 1122 1915 1175 καί

346 1208 679 1277 ἐκμάσσειν
698 1209 778 1275 τῷ
803 1211 1018 1274 ,λεντίῳ
1036 1209 1082 1274 ᾧ
1106 1207 1183 1281 ἦν
1219 1210 1626 1280 διεζωσμένος.

425 1299 727 1370 Πρόῤῥιζον
776 1303 804 1354 6
860 1301 1051 1372 Σωτὴρ
1083 1304 1147 1355 ἐκ
1190 1301 1297 1354 τῶν
1322 1301 1606 1372 ἡμετέρων
1645 1303 1914 1369 διανοιῶν,

345 1388 421 1453 ὡς
451 1390 772 1460 νοσημάτων
796 1391 1093 1461 αἴσχιστον,
1122 1392 1215 1445 καὶ
1242 1392 1340 1462 τῆς
1368 1391 1626 1446 ἁπάντων
1654 1392 1917 1447 ἀνωτάτω

348 1479 626 1550 βδελυρίας
673 1480 841 1547 ἀξιον,
878 1482 1241 1554 καταστρέφει
1272 1484 1371 1552 τὴν
1433 1482 1755 1553 ὑπεροψίαν.
1793 1480 1916 1536 Οἷδε

345 1569 456 1640 γὰρ
480 1569 650 1634 οὕτως
677 1572 828 1625 οὐδὲν
849 1573 1054 1627 ἀδικεῖν
1080 1573 1274 1636 εἰωθὸς
1299 1572 1397 1644 τὴν
1418 1562 1710 1642 ἀνθρώπου
1739 1572 1919 1643 aliuth

345 1659 423 1723 ὼς
437 1659 594 1714 τοῦτο
636 1662 870 1738 μάλιστα
898 1663 959 1716 τὸ
988 1664 1184 1735 μιαρὸν
1214 1664 1306 1717 καὶ
1341 1662 1688 1717 ἀπόπτυστον
1726 1664 1916 1729 πάθος,

344 1744 392 1819 ᾧ
419 1754 514 1806 καὶ
533 1753 694 1816 αὑτὸς
725 1755 754 1806 6
796 1754 1012 1809 πάντων
1060 1755 1355 1822 Δεσπότης,
1385 1755 1461 1819 ὡς
1495 1756 1552 1808 ὲν
1579 1756 1730 1822 τάξει
1756 1757 1917 1809 πολε-

2020 577 2218 640 rietes,
2267 575 2435 629 sciens
2473 572 2633 628 Iesus
2664 574 2788 643 quia
2834 574 3011 629 omnia
3052 572 3197 628 dedit
3243 573 3293 626 ei
3325 572 3490 629 Pater
3527 575 3585 628 in

2020 683 2226 729 manus,
2258 676 2308 720 et
2336 667 2458 736 quia
2493 683 2525 719 a
2556 664 2660 720 Deo
2685 666 2843 720 exivit
2877 673 2927 720 et
2960 665 3027 720 ad
3063 665 3228 721 Deum
3258 665 3430 732 vadit,
3462 680 3584 720 sur-

2014 762 2089 830 git
2123 777 2154 813 a
2188 775 2329 812 coma
2358 798 2372 820 ,
2416 767 2465 811 et
2499 759 2642 824 ponit
2687 758 2993 812 uestimenta
3023 773 3123 812 sua
3159 773 3178 811 :
3207 766 3257 812 et
3284 771 3403 811 cum
3432 772 3583 811 acce-

2014 853 2173 920 pisset
2210 852 2453 911 linteum,
2495 850 2771 920 prwcinxit
2816 866 2891 904 se.
2944 849 3143 904 Deinde
3185 850 3346 904 mittit
3387 865 3584 920 aquam

2017 944 2069 996 in
2108 942 2330 1010 pelvim,
2379 951 2428 995 et
2478 941 2627 1009 carpit
2672 940 2853 995 lauare
2874 940 3027 1009 pedes
3077 940 3489 1012 discipulorum,
3534 948 3602 1015 et.

2016 1042 2280 1104 extergere
2306 1033 2464 1087 linteo
2489 1048 2589 1103 quo
2619 1040 2736 1087 erat
2762 1033 3099 1102 pracinctus.

2089 1289 2351 1345 Servator
2386 1305 2451 1345 es
2494 1290 2697 1346 animis
2728 1291 2938 1347 nostris
2974 1289 3291 1361 superbiam
3326 1295 3585 1358 tanquam

2018 1382 2331 1436 morborum
2353 1381 2600 1435 omnium
2624 1379 3011 1446 foedissimum,
3030 1389 3086 1436 et
3113 1395 3322 1436 summa
3339 1381 3585 1435 omnium

2016 1470 2383 1526 detestatione
2428 1470 2654 1542 dignum
2709 1470 2981 1529 radicitus
3018 1472 3223 1528 evellit.
3269 1470 3389 1527 Scit
3434 1471 3583 1527 enim

2019 1562 2156 1616 nihil
2198 1577 2352 1631 aeque
2389 1562 2626 1619 hominis
2661 1562 2857 1617 animae
2889 1561 3107 1619 ollicere
3151 1577 3317 1633 posse
3356 1577 3423 1616 ac
3456 1562 3589 1616 abo-

2020 1653 2335 1707 minandam
2376 1653 2523 1708 illam
2557 1667 2622 1708 ac
2660 1652 3041 1708 detestandam
3070 1653 3542 1724 perturbationem
3570 1690 3585 1715 ,

2021 1742 2111 1797 cui
2155 1752 2213 1797 et
2256 1743 2373 1811 ipse
2411 1742 2656 1799 universi
2699 1741 2966 1799 Dominus
2999 1745 3149 1798 velut
3185 1742 3404 1798 infenso
3443 1743 3587 1796 hosti

351 1842 498 1911 μίου,
530 1842 753 1906 δικαίως
777 1844 1176 1898 ἀντανίσταται.
1214 1864 1233 1896 ι
1260 1845 1464 1916 Κύριος
1493 1845 1602 1915 γὰρ
1636 1846 1921 1917 ὑπερηφά-

2023 1832 2142 1902 iure
2190 1831 2537 1887 adversatur.
2591 1849 2610 1883 ι
2649 1831 2917 1889 Dominus
2962 1834 3110 1889 enim
3154 1833 3410 1903 superbis
3449 1833 3588 1888 resi-

346 1949 459 1996 νοις
503 1932 907 1999 ἀντιτάσσεται,
944 1952 963 1986 ι
1000 1936 1140 1990 κατὰ
1184 1935 1284 2007 τὴν
1306 1936 1401 1989 τοῦ
1431 1935 1774 2007 Σολομῶντος
1809 1956 1921 2007 φωο

346 2021 465 2090 νήν.
495 2022 641 2076 Ἔδει
661 2025 840 2077 τοίνυν
881 2026 996 2087 τοῖς
1039 2025 1218 2094 ἁγίοις
1269 2025 1502 2096 μάλιστα
1534 2026 1799 2097 μαθηταῖς
1825 2045 1922 2096 μευ

347 2110 497 2179 τρίου
521 2129 579 2165 τε
608 2114 701 2167 καὶ
730 2113 1137 2186 καθυφειμένου
1160 2118 1528 2186 φρονήματος,
1551 2118 1646 2170 καὶ
1672 2117 1920 2171 διακένου

347 2203 515 2273 τιμῆς
545 2204 606 2257 οὑ
640 2205 844 2275 σφόδρα
882 2205 1258 2275 φροντίζοντος
1302 2207 1587 2278 λογισμοῦ·
1633 2207 1696 2261 οὑ
1720 2209 1920 2279 μικρὰς

352 2291 463 2361 γὰρ
492 2291 703 2361 ἔχοντες
734 2294 832 2355 τάς
882 2296 976 2349 τοῦ
1009 2297 1236 2351 τοιαῦτα
1267 2301 1441 2352 νοσεῖν
1476 2300 1749 2370 ἀφορμὰς,
1786 2319 1919 2355 κατ-

356 2379 583 2435 ώλισθον
621 2381 686 2434 ἂν
730 2383 991 2451 εὐκόλως,
1030 2387 1078 2439 εἰ
1125 2387 1200 2458 μὴ
1227 2389 1425 2460 πολλῆς
1460 2392 1647 2462 ἔτυχον
1670 2395 1767 2462 τῆς
1798 2395 1920 2447 ἐπι-

361 2471 602 2541 κουρίας.
635 2472 785 2525 Φιλεῖ
807 2474 913 2546 γάρ
937 2492 1051 2539 πως
1075 2477 1163 2530 ἀεὶ
1190 2481 1309 2541 τοῖς.
1328 2479 1509 2549 ἔχουσι
1534 2482 1595 2535 τὸ
1625 2485 1921 2553 περιφανὲς

357 2560 419 2612 τὸ
458 2561 651 2631 πικρὸν
673 2563 773 2631 τῆς
810 2564 1123 2628 ἀλαζονείας
1148 2568 1452 2637 ἐπιτρέχειν
1485 2568 1690 2640 θηρίον.
1723 2566 1852 2624 Εἶτα
1868 2572 1920 2624 τί

351 2652 463 2705 τῶν
491 2654 659 2722 ἁγίων
689 2654 1000 2708 ἀποστόλων
1022 2656 1400 2728 φαιδρότερον;
1427 2658 1461 2728 ἢ
1493 2663 1643 2713 ποῖον
1664 2661 1762 2731 τῆς
1787 2662 1919 2732 πρὸς

350 2744 482 2797 Θεὸν
513 2744 694 2814 φιλίας
754 2746 815 2799 τὸ
856 2745 1312 2817 ἀξιολογώτερον;
1367 2749 1469 2802 Τὸν
1505 2750 1603 2818 μὲν
1641 2751 1748 2823 γὰρ
1771 2753 1921 2806 οὐδὲν

348 2834 479 2889 ὄντα
509 2836 648 2889 κατά
671 2835 763 2889 τὸν
812 2836 926 2906 βίον
982 2838 1081 2891 οὑκ
1121 2837 1186 2892 ἂν
1209 2839 1441 2892 εἰσέλθοι
1482 2840 1544 2893 τὸ
1571 2842 1762 2906 πάθος.
1787 2843 1921 2896 Φεύ-

350 2940 438 2992 γει
483 2926 591 2997 γάρ
642 2945 760 2990 πως
785 2927 874 2981 ἀεὶ
900 2927 989 2980 τὸν
1011 2928 1162 2981 οὐδὲν
1201 2929 1392 3000 έχοντα
1426 2931 1683 3003 ζηλωτὸν,
1709 2934 1800 2988 καὶ
1831 2934 1923 2989 τὸν

350 3017 407 3068 ὲν
435 3015 512 3086 τῷ
551 3017 737 3088 μηδενὶ
769 3019 1100 3089 τεταγμένον
1132 3020 1487 3075 ἀνεπίϐατον·
1549 3023 1666 3087 πῶς
1699 3025 1807 3095 γάρ
1856 3027 1923 3079 ἂν

2022 1923 2160 1986 stit,
2200 1942 2220 1974 ι
2270 1923 2429 1991 juxta
2486 1921 2801 1979 Salomonis
2856 1938 3047 1979 vocem
3080 1925 3149 1978 ".
3201 1925 3353 1994 Opus
3403 1924 3592 1994 itaque

2021 2021 2139 2068 erat
2170 2013 2379 2068 sanctis
2407 2013 2693 2084 discipulis
2722 2014 2972 2069 modesto
3006 2029 3071 2069 ac
3092 2014 3336 2071 demisso
3367 2015 3550 2069 animo
3571 2054 3588 2079 ,

2022 2111 2077 2158 et
2131 2118 2284 2158 vanze
2335 2104 2525 2172 gloriae
2597 2103 3021 2172 haudquaquam
3087 2104 3332 2174 cupido:
3388 2105 3591 2175 quippe

2021 2209 2144 2249 cum
2173 2208 2281 2247 non
2310 2207 2490 2263 parvae
2511 2206 2692 2248 causae
2717 2202 2907 2247 essent
2940 2195 3145 2263 quibus
3183 2195 3236 2247 in
3269 2193 3414 2249 hunc
3447 2209 3592 2248 mor-

2022 2286 2152 2341 bum
2188 2286 2497 2339 inciderent
2520 2324 2534 2347 ,
2567 2284 2727 2339 facile
2762 2285 2955 2354 utique
2986 2287 3039 2339 in
3070 2302 3192 2341 eum
3225 2286 3463 2357 prolapsi
3498 2301 3586 2341 εει

2022 2386 2163 2443 sent,
2197 2376 2303 2431 nisi
2331 2391 2491 2444 opem
2525 2374 2791 2430 Servator
2814 2378 2896 2432 eis
2926 2377 3233 2432 attulisset.
3267 2376 3414 2431 Solet
3445 2378 3591 2432 enim

2021 2471 2263 2525 crudelis
2314 2468 2426 2524 fera
2474 2469 2748 2539 superbia:
2797 2484 2895 2525 eos
2944 2478 3003 2522 ut
3053 2469 3344 2541 plurimum
3390 2470 3592 2539 quibus

2021 2561 2295 2616 claritatis
2338 2561 2541 2630 aliquid
2589 2561 2737 2616 inest
2782 2560 3060 2614 invadere.
3100 2563 3170 2614 At
3212 2561 3341 2629 quid
3385 2560 3593 2620 sanctis

2022 2651 2287 2721 apostolis
2324 2652 2598 2707 illustrius
2622 2691 2637 2716 ,
2669 2659 2762 2705 aut
2791 2650 3055 2721 quidnam
3085 2659 3170 2706 est
3200 2651 3439 2705 amicitia
3466 2666 3592 2705 cum

2023 2743 2135 2799 Deo
2170 2744 2585 2814 praestabilius?
2637 2744 2701 2797 Et
2733 2745 2952 2814 quidem
2987 2745 3089 2799 hoc
3118 2744 3310 2797 vitium
3344 2743 3397 2797 in
3434 2742 3592 2799 nihili

2023 2838 2299 2892 hominem
2335 2852 2441 2893 non
2483 2838 2788 2893 intraverit.
2821 2836 2983 2907 Fugit
3026 2838 3173 2893 enim
3218 2850 3343 2891 eum
3390 2835 3446 2890 in
3483 2850 3594 2906 quo

2024 2929 2157 2984 nihil
2188 2937 2272 2985 est
2303 2944 2484 2999 operae
2511 2929 2713 2999 pretii,
2736 2945 2838 2984 nec
2869 2929 2936 2983 ad
2964 2943 3059 2984 eos
3092 2929 3305 2983 accedit
3337 2930 3428 2998 qui
3467 2929 3592 2982 nul~

2026 3021 2135 3074 lum
2177 3022 2320 3077 inter
2352 3023 2491 3077 alios
2532 3022 2762 3091 gradum
2807 3021 3099 3076 obtinent:
3144 3019 3276 3090 quid
3319 3020 3463 3075 enim
3508 3028 3595 3074 est

351 3107 568 3160 ἐπέλθοι
621 3109 732 3162 τῶν
782 3107 1037 3162 τοιούτων
1089 3111 1196 3164 τινί⁸
1246 3111 1307 3163 τὸ
1364 3113 1506 3167 κατὰ
1544 3130 1597 3166 τι
1629 3115 1760 3183 γοῦν
1787 3116 1921 3181 ὅλως

362 3198 406 3215 2‘
465 3197 490 3215 In
593 3199 605 3214 ο
679 3199 704 3215 Λ
830 3201 861 3215 ,ι
890 3200 907 3215 \
950 3202 972 3215 υ
1001 3200 1052 3215 αι
1113 3195 1120 3201 ”
1260 3200 1271 3215 I
1372 3202 1385 3215 ο
1551 3203 1562 3215 ι
1585 3204 1596 3215 ι
1719 3207 1731 3215 ι
1750 3205 1772 3215 .-
1834 3206 1885 3215 ι.-

2026 3128 2135 3183 quo
2168 3113 2480 3168 istiusmodi
2514 3113 2764 3169 homines
2796 3115 3061 3169 tantulum
3110 3112 3384 3183 superbiae
3408 3112 3595 3166 conci-

350 3197 800 3265 ἀλαζονεύεσθαι;
824 3200 972 3253 Φιλεῖ
997 3200 1056 3253 δέ
1096 3195 1182 3265 τις
1220 3200 1319 3273 τὴν
1364 3202 1665 3273 ὑπεροψίαν
1708 3205 1925 3278 ἀξιοζή-

349 3288 515 3352 λωτος
553 3287 646 3350 ὢν.
679 3290 872 3343 ἑαυτόν
897 3308 955 3344 τε
985 3291 1073 3344 διά
1120 3290 1276 3345 τοῦτο
1304 3292 1398 3346 τοῦ
1429 3294 1595 3358 πέλας
1626 3296 1920 3367 προτιθεὶς,

349 3379 445 3432 καὶ
474 3380 608 3433 πολὺ
638 3380 747 3433 τῶν
764 3380 938 3434 ἄλλων
973 3380 1267 3449 διενεγκεῖν
1307 3383 1581 3448 ἀσυνέτως
1614 3384 1922 3454 ὑπολαϐὼν,

349 3470 427 3533 ὡς
486 3469 764 3541 ἐξαίρετόν
818 3488 979 3535 τινα,
1042 3472 1136 3524 καὶ
1195 3472 1644 3544 ὑπερφυεστάτην
1700 3476 1921 3547 ἀρετὴν,

349 3561 773 3631 κατορθώσαντα
802 3564 892 3615 καὶ
913 3563 1188 3624 πολιτείας
1220 3562 1334 3615 ὁδὸν
1364 3564 1504 3635 ἀήθη
1526 3583 1588 3618 τε
1611 3569 1724 3630 τοῖς
1746 3567 1925 3632 ἄλλοις

350 3651 449 3704 καὶ
509 3652 705 3722 ἀστιϐῆ
748 3651 1093 3704 διανύσαντα.
1147 3654 1270 3706 Ὅτε
1320 3654 1498 3708 τοίνυν
1549 3659 1923 3730 παραπέπηγέ

353 3758 474 3804 πως
492 3744 606 3805 τοῖς
662 3741 843 3812 έχουσι
878 3760 931 3795 τι
967 3744 1218 3815 λαμπρὸν
1273 3744 1335 3798 τδ
1362 3750 1536 3799 νοσεῖν
1569 3747 1682 3801 ἔσθ’
1707 3750 1793 3803 ὅτε
1825 3753 1924 3822 τὴν

354 3830 681 3901 ὑπεροψίαν,
711 3831 829 3895 πῶς
851 3831 951 3885 οὑκ
999 3831 1106 3886 ἔδει
1133 3835 1245 3897 τοῖς
1288 3836 1462 3904 ἁγίοις
1492 3837 1806 3902 ἀποστόλοις
1827 3855 1924 3908 με-

353 3920 510 3991 τρίου
585 3922 933 3993 φρονήματος
985 3923 1348 3994 ὑπογραμμὸν
1382 3926 1634 3994 γενέσθαι
1667 3928 1918 3999 Χριστὸν,

354 4011 441 4064 ἵνα
467 4010 637 4065 τύπον
695 4012 910 4084 ἔχοντες
933 4014 1026 4066 καὶ
1060 4015 1244 4069 είκόνα
1276 4015 1369 4070 τὸν
1411 4017 1665 4072 ἀπάντων
1694 4021 1919 4090 Κύριον,

349 4103 446 4154 καὶ
467 4103 622 4157 αὑτοὶ
671 4105 811 4158 κατά
843 4105 904 4157 τὸ
929 4105 1119 4159 δοκοῦν
1141 4106 1218 4177 τῷ
1247 4107 1365 4179 Θεῷ
1392 4110 1482 4162 τὸν
1518 4113 1716 4164 οἰκεῖον
1751 4129 1921 4181 μετα-

350 4194 642 4248 πλάσσοιεν
671 4194 830 4261 νοῦν·;
862 4191 969 4248 Ἦν
996 4192 1091 4250 οὖν
1114 4198 1220 4270 ἀρα
1253 4199 1351 4268 τὴν
1379 4200 1532 4254 νόσον
1583 4203 1682 4275 οὑχ
1717 4204 1921 4276 ἑτέρως

349 4285 571 4349 ἐξελεῖν,
589 4286 731 4356 εἰμὴ
756 4286 842 4339 διὰ
852 4285 945 4339 τοῦ
965 4286 1171 4354 διδάξαι
1203 4289 1410 4358 σαφῶς,
1432 4292 1686 4349 τοσοῦτον
1710 4295 1919 4350 οἰεσθαι

348 4374 458 4428 τῶν
487 4375 660 4430 ἄλλων
687 4377 947 4447 ἡττᾶσθαι
978 4380 1122 4433 κατὰ
1147 4381 1243 4451 τὴν
1276 4382 1455 4447 δόξαν,
1485 4385 1561 4447 ὡς
1589 4386 1683 4439 καὶ
1713 4388 1773 4439 ὲν
1793 4386 1917 4441 δού-

352 4466 449 4520 λου
469 4469 618 4535 τάξει
642 4471 1070 4526 κατατάττεσθαι
1101 4473 1231 4536 δεῖν,
1261 4474 1383 4528 οὐδὲ
1420 4476 1589 4548 αὑτὴν
1616 4479 1920 4550 καταφρίτ-
1954 4503 1997 4557 D

351 4573 511 4610 τοντα
521 4558 620 4629 τὴν
641 4559 826 4633 οἰκέτῃ
849 4562 1163 4632 πρέπουσαν
1186 4562 1525 4636 λειτουργίαν
1549 4569 1921 4640 ἀποπληροῦν,

351 4644 441 4697 διὰ
475 4645 568 4699 τοῦ
602 4648 694 4700 καὶ
723 4649 998 4714 ἀπονίζειν
1051 4652 1160 4703 τῶν
1190 4652 1432 4720 ἀδελφῶν
1467 4658 1593 4719 τοὺς
1621 4658 1803 4722 πόδας,
1827 4661 1923 4713 καὶ

351 4734 555 4790 λέντιον
583 4739 900 4808 περιθέσθαι
928 4740 1016 4793 διὰ
1056 4742 1152 4810 τὴν
1173 4744 1380 4812 χρείαν.
1414 4744 1601 4815 Ἀθρει
1635 4747 1743 4819 γὰρ
1776 4750 1923 4813 ὅπως

351 4829 757 4900 ἀνδραποδῶδες
785 4832 848 4885 τὸ
874 4833 1066 4903 χρῆμά
1106 4836 1275 4897 ἐστιν,
1297 4836 1419 4888 ὅσον
1442 4837 1520 4899 εἰς
1546 4837 1640 4908 ἔθη
1672 4840 1816 4909 φημὶ
1853 4840 1922 4894 τὰ

352 4919 411 4969 ὲν
432 4918 641 4989 κόσμῳ,
662 4919 757 4974 καὶ
788 4922 887 4985 τὰς
915 4921 1020 4986 ἔξω
1043 4922 1256 4993 τριϐάς.
1276 4923 1671 4996 ’Υπογραμμὸς
1692 4945 1918 4999 τοιγαρ-

355 5006 448 5059 οῦν
484 5010 704 5082 μετρίου
717 5028 775 5064 τε
801 5013 895 5065 καὶ
932 5013 1361 5084 συνεσταλμένου
1388 5017 1729 5087 φρονήματος
1745 5018 1920 5073 ἅπασι

362 5106 465 5168 ὀῖς
506 5101 649 5156 κατά
698 5102 789 5154 τὸν
815 5102 949 5170 βίον,
997 5102 1121 5157 οὔτε
1165 5104 1273 5175 γὰρ
1295 5105 1476 5174 μόνοις
1505 5109 1617 5169 τοῖς
1656 5108 1922 5178 μαθηταῖς

376 5195 575 5264 ’έγονεν
614 5196 643 5249 ὁ
686 5196 942 5266 Χριστός.
975 5199 1075 5248 Διὰ
1106 5199 1261 5249 τοῦτο
1291 5196 1387 5249 καὶ
1416 5196 1444 5248 6
1468 5195 1749 5263 θεσπέσιος
1771 5200 1910 5253 Παῦ-

340 5289 468 5349 ’ςος,
497 5286 658 5340 αὑτὸν
694 5287 879 5341 εἰκόνα
926 5285 1281 5356 παραλαϐὼν,
1337 5288 1418 5349 εἰς
1437 5287 1595 5340 τοῦτο
1622 5290 1921 5361 προτρέπει

350 5376 527 5445 λέγων
546 5393 563 5409 ⁸
594 5395 613 5427 ι
652 5376 822 5431 Τοῦτο
848 5377 1112 5450 φρονείτω
1166 5377 1394 5437 ἕκαστος
1440 5379 1498 5429 ὲν
1520 5378 1549 5430 ὑ
1558 5380 1668 5448 μίν,
1687 5380 1716 5432 ὃ
1739 5381 1834 5434 καὶ
1862 5383 1921 5435 ὲν

348 5465 570 5536 Χριστῷ
625 5466 832 5537 Ἰησοῦ·
874 5489 892 5520 ι
940 5469 1035 5523 καὶ
1070 5467 1253 5529 πάλιν,
1292 5485 1311 5518 t
1345 5468 1424 5538 τῇ
1454 5472 1920 5546 ταπεινοφροσύνῃ

343 5557 607 5628 ἀλλήλους
644 5558 934 5629 ἡγούμενοι
967 5559 1333 5631 ὑπερέχοντας
1383 5558 1613 5614 ἑαυτῶν.
1656 5580 1673 5612 ι
1710 5562 1919 5635 Θεσμδς

2031 3205 2227 3276 piant?
2276 3203 2381 3260 Sed
2434 3202 2634 3260 fastum
2693 3205 2866 3275 diligit
2915 3205 3231 3274 quicunque
3272 3202 3594 3272 spectabilis

2029 3304 2155 3358 est,
2201 3303 2366 3364 atque
2409 3295 2621 3350 idcirco
2664 3297 2881 3350 caeteris
2932 3311 2991 3351 se
3051 3295 3352 3366 praeponit,
3417 3294 3595 3363 iisque

2029 3385 2189 3456 longe
2219 3401 2280 3442 se
2310 3394 2573 3456 praestare
2611 3387 2926 3452 existimat,
2971 3398 3029 3441 ut
3064 3387 3155 3454 qui
3188 3385 3386 3441 eximia
3411 3392 3467 3440 et
3494 3401 3595 3440 ex-

2029 3478 2417 3533 cellentissima
2443 3478 2515 3532 sit
2543 3479 2743 3532 virtute
2769 3478 2924 3547 721
2957 3477 3236 3547 praeditus,
3267 3484 3323 3531 et
3347 3477 3472 3531 vitm
3500 3490 3595 3545 ge-

2029 3581 2135 3621 nus
2167 3565 2449 3621 insolitum
2494 3581 2560 3620 ac
2595 3567 2779 3619 minus
2814 3567 3004 3618 tritum
3050 3566 3171 3618 aliis
3214 3564 3415 3618 inierit.
3454 3563 3590 3617 Cum

2028 3672 2162 3727 ergo
2185 3658 2455 3726 superbia:
2490 3659 2682 3711 vitium
2716 3658 2779 3713 ils
2813 3657 3084 3712 interdum
3119 3657 3350 3711 insideat
3382 3657 3437 3711 in
3463 3659 3591 3728 qui-

2030 3749 2133 3804 bus
2163 3747 2412 3802 nonnihil
2451 3755 2535 3801 est
2564 3746 2859 3816 praecipui,
2896 3745 3168 3814 quomodo
3206 3761 3435 3802 necesse
3481 3762 3594 3803 non

2027 3846 2150 3895 erat
2208 3847 2269 3893 ut
2345 3837 2603 3893 Christus
2669 3838 2875 3891 sanctis
2941 3835 3204 3905 apostolis
3266 3836 3594 3891 humilitatis

2029 3930 2285 3998 exemplo
2326 3935 2471 3983 esset
2498 3966 2512 3990 .
2564 3934 2625 3980 ut
2660 3933 2848 3997 typum
2898 3934 2949 3980 et
2995 3923 3287 3993 imaginem
3330 3923 3594 3979 habentes

2030 4019 2414 4073 universorum
2445 4016 2732 4071 Dominum
2764 4014 2866 4083 ipsi
2905 4027 3122 4083 quoque
3160 4012 3226 4065 ad
3265 4010 3360 4065 Dei
3399 4012 3595 4065 volun-

2028 4117 2192 4164 tatem
2222 4123 2379 4163 suam
2413 4119 2649 4162 mentem
2683 4103 3133 4160 conformarent?
3172 4102 3374 4156 Vitium
3426 4102 3594 4173 igitur

2028 4199 2165 4254 illud
2212 4200 2373 4254 aliter
2413 4199 2569 4254 evelli
2616 4212 2726 4252 non
2756 4202 3008 4265 poterat,
3042 4209 3203 4265 quam
3245 4193 3291 4247 si
3321 4195 3499 4263 palam
3539 4199 3594 4246 et

2029 4300 2218 4361 aperte
2256 4292 2480 4346 doceret
2522 4291 2597 4344 ita
2647 4289 2885 4344 demisse
2924 4287 2993 4341 de
3043 4301 3105 4342 se
3155 4285 3400 4349 sentire,
3441 4291 3503 4338 ut
3538 4290 3592 4338 et

2027 4383 2174 4438 servi
2202 4382 2356 4437 vices
2386 4381 2571 4444 obire,
2617 4386 2675 4434 et
2720 4376 3090 4432 ministerium
3139 4375 3328 4429 famuli
3363 4374 3593 4445 implere

2028 4489 2136 4528 non
2166 4479 2466 4535 vereretur,
2492 4470 2724 4524 fratrum
2756 4470 2919 4538 pedes
2941 4466 3234 4532 abluendo,
3264 4471 3319 4520 et
3341 4465 3507 4518 linteo
3532 4478 3592 4518 se

2024 4565 2091 4620 ad
2121 4580 2260 4635 opus
2294 4561 2698 4633 przecingendo.
2763 4556 3069 4614 Considera
3111 4558 3255 4611 enim
3294 4565 3352 4610 nt
3391 4555 3591 4610 servile

2023 4657 2093 4711 sit
2122 4655 2254 4710 illud
2286 4653 2674 4717 ministerium,
2705 4651 2752 4705 si
2785 4649 3237 4705 consuetudinem
3271 4646 3459 4700 mundi
3488 4646 3586 4698 hu-

2019 4747 2110 4817 jus
2136 4789 2151 4814 ,
2198 4754 2252 4802 et
2294 4746 2480 4801 saeculi
2533 4759 2712 4799 mores
2760 4743 3019 4812 aspicias.
3060 4739 3379 4808 Exemplum
3420 4738 3588 4807 igitur

2021 4840 2253 4894 modesti
2275 4853 2339 4892 ac
2371 4836 2593 4892 demissi
2627 4835 2793 4888 animi
2827 4834 3083 4888 omnibus
3112 4829 3451 4891 hominibus,
3479 4842 3586 4882 non

2023 4936 2234 4984 tantum
2275 4928 2391 4983 suis
2411 4926 2719 4994 discipulis,
2760 4926 3001 4994 seipsum
3037 4922 3289 4993 praabuit.
3318 4918 3587 4973 Proinde-

2023 5036 2132 5090 que
2155 5019 2376 5074 divinus
2416 5016 2615 5070 Paulus
2647 5031 2768 5069 cum
2811 5031 2934 5069 eum
2968 5013 3287 5068 imitandum
3321 5010 3588 5079 sumpsis-

2023 5118 2127 5176 set,
2162 5111 2409 5164 hortatur
2440 5107 2507 5161 ad
2540 5107 2686 5162 istud
2723 5107 2951 5161 dicens:
2993 5122 3011 5154 ι
3050 5103 3163 5155 Hoc
3213 5098 3589 5167 unusquisque

2024 5204 2226 5258 sentite
2271 5202 2326 5255 in
2360 5200 2514 5253 vobis
2539 5239 2554 5262 ,
2591 5198 2737 5266 quod
2780 5204 2836 5251 et
2876 5197 2930 5249 in
2963 5193 3187 5248 Christo
3217 5190 3348 5246 Jesu
3369 5192 3451 5257 ",
3486 5210 3504 5241 ι
3535 5196 3589 5243 et

2025 5308 2273 5347 rursus:
2324 5309 2342 5341 ι
2380 5290 2433 5343 In
2485 5289 2793 5342 humilitate
2833 5283 3148 5352 superiores
3198 5280 3302 5336 sibi
3355 5280 3586 5335 invicem

2027 5381 2361 5434 arbitrantes
2391 5378 2458 5430 ⁷⁵.
2494 5396 2511 5427 ι
2565 5375 2668 5427 Lex
2701 5375 2846 5428 enim
2875 5368 3162 5425 charitatis
3188 5376 3244 5424 et
3275 5370 3589 5426 concordiae

2030 5470 2223 5526 humili
2255 5477 2470 5522 constat
2506 5465 2722 5534 spiritu.
2754 5460 2954 5516 Verum
3000 5466 3057 5514 ut
3099 5458 3224 5528 ejus
3259 5462 3334 5515 rei
3370 5460 3586 5530 opinio-

2029 5576 2149 5617 nem
2189 5559 2482 5622 attolleret,
2522 5570 2699 5623 neque
2731 5553 2950 5622 vulgare
2982 5549 3259 5621 quidpiam
3300 5565 3328 5603 a
3371 5549 3588 5605 Christo

423 5761 464 5791 "
506 5759 663 5813 Prov.
704 5773 762 5813 Ill
790 5798 802 5821 ,
835 5758 943 5825 54;
978 5758 1092 5815 Jac.
1130 5775 1201 5821 tv,
1234 5757 1285 5812 6.
1361 5759 1404 5790 ⁷³
1441 5757 1672 5831 Philipp.
1715 5777 1785 5828 ιι,
1954 5764 1999 5796 ⁷³
2041 5760 2170 5816 ibid.
2205 5759 2256 5810 5.
