4106 6262
496 382 604 440 HS

1481 379 1536 435 8.
1575 377 1849 434 CYRILLI
1889 377 2357 436 ALEXANDRINI
2389 379 2710 438 ARCIIIEP.

3630 383 3735 438 ΗΒ

486 499 691 553 factum
726 511 850 552 esse
880 503 1220 566 putaremus,
1252 496 1569 551 necessario
1603 509 1800 549 rursus
1834 494 2052 548 divinus

2158 493 2267 567 γὰρ
2320 494 2541 565 ἀγάπης
2575 495 2669 548 καὶ
2719 494 3022 566 όμοψυχίας
3073 496 3131 549 ἐν
3183 496 3491 565 φρονήματι
3524 496 3737 565 γίνεται

485 586 820 656 evangelista
851 586 1079 656 gloriam
1109 596 1162 641 et
1190 592 1512 655 potestatem
1540 584 1661 654 ejus
1689 594 1743 639 et
1764 586 2054 653 imperium

485 676 542 731 in
580 691 771 731 omnes
798 677 948 745 prius
974 677 1234 740 miratur,
1266 675 1354 731 his
1382 676 1566 731 verbis
1597 694 1609 730 :
1653 695 1671 726 ι
1703 674 1896 731 Sciens
1927 676 2056 745 quia

485 768 668 821 oinnia
704 767 852 821 dedit
890 767 942 822 ei
987 765 1149 821 Pater
1180 768 1234 820 in
1273 784 1489 823 manus.
1522 786 1542 818 ι
1582 766 1845 832 Quamvis
1875 768 2051 831 enim,

487 858 702 928 inquit,
748 872 856 910 non
903 858 1182 928 ignoraret
1221 860 1471 913 omnium
1519 874 1697 913 rerum
1743 858 1947 913 habere
1997 872 2056 913 se

486 955 830 1015 potestatem,
855 957 909 1003 et
932 965 991 1005 se
1020 965 1047 1003 a
1073 949 1180 1004 Deo
1202 951 1428 1014 exiisse,
1456 951 1557 1004 hoc
1579 962 1685 1009 est,
1703 965 1769 1004 ex
1801 948 2058 1004 substan-

483 1039 557 1091 tia
588 1041 831 1108 genitum
856 1055 980 1095 esse
1013 1041 1102 1095 Dei
1136 1055 1200 1095 ac
1234 1040 1432 1106 Patris,
1460 1049 1514 1094 et
1541 1039 1606 1093 ad
1633 1038 1800 1092 Deum
1835 1038 2051 1101 vadere,

484 1129 585 1183 hoc
608 1137 695 1185 est
725 1147 918 1186 rursus
944 1132 999 1185 in
1022 1132 1193 1186 cmlos
1218 1133 1439 1192 reverti,
1472 1145 1865 1185 conscssurum
1899 1130 2056 1183 nimi-

488 1236 605 1274 rum
628 1236 752 1275 cum
778 1238 879 1277 suo
908 1223 1186 1284 Genitore,
1216 1231 1424 1276 tantam
1458 1232 1641 1276 tamen
1668 1221 2054 1277 demissionem

485 1327 596 1381 pra!
641 1328 701 1367 se
749 1314 913 1377 tulit,
960 1324 1020 1368 ut
1065 1316 1234 1370 linteo
1280 1315 1614 1384 praecinctus
1657 1312 2053 1382 discipulorum

487 1403 650 1472 pedes
676 1405 930 1460 abluerit.
954 1404 1090 1460 Cum
1121 1408 1285 1476 igitur
1316 1407 1444 1460 hinc
1481 1405 1801 1475 praeclarum
1833 1404 2056 1473 pietatis

487 1498 792 1567 exemplum
839 1509 891 1552 et
931 1498 1247 1554 dilectionis
1301 1507 1502 1552 mnth
1533 1498 1823 1567 imaginem
1855 1496 2055 1549 habea-

487 1604 645 1652 mus,
679 1591 922 1646 modeste
955 1591 1023 1647 de
1050 1591 1209 1645 nobis
1236 1591 1577 1652 sentiamus,
1611 1587 1922 1643 charissimi
1946 1624 1961 1646 ,
2002 1594 2057 1639 et

486 1682 789 1751 majoribus
820 1686 1200 1754 praerogativis
1241 1685 1436 1740 fratres
1475 1683 1727 1753 praeditos
1760 1689 2013 1749 putemus
2039 1721 2054 1744 ν

485 1775 736 1840 quamvis
787 1774 923 1829 boni
968 1776 1166 1830 simus.
1207 1775 1320 1830 lloc
1365 1777 1509 1829 enim
1558 1785 1615 1827 ut
1664 1774 1965 1826 sentiamus
2003 1778 2057 1823 et

485 1862 720 1919 velimus
752 1880 1008 1936 maguum
1041 1866 1188 1920 istud
1219 1867 1527 1935 exemplum
1559 1878 1657 1917 nos
1691 1862 1880 1931 adigit.

2156 586 2416 657 ταπεινῷ.
2446 590 2564 641 Ἰνα
2604 587 2661 640 δὲ
2710 588 2811 658 τὴν
2839 586 2933 640 τοῦ
2986 588 3308 658 πράγματος
3360 588 3625 658 ὑπόληψιν
3656 592 3736 653 εἰς

2159 678 2289 747 ῦψος
2319 678 2487 751 ἐξάρῃ
2521 678 2685 748 μέγα,
2722 679 2817 731 καὶ
2840 683 2967 749 μήτι
3010 679 3117 731 τῶν
3151 678 3420 750 τυχόντων
3448 679 3733 751 δεδρᾶσθαι

2156 771 2467 841 νομίσωμεν
2498 769 2648 841 παρά
2674 768 2933 840 Χριστοῦ,
2952 770 3114 822 πάλιν
3143 770 3455 839 ἀναγκαίως
3488 772 3516 823 ὁ
3539 770 3734 823 θεσπέ-

2158 883 2272 928 σιος
2302 865 2693 936 εὐαγγελιστὴς
2756 864 3300 936 προκαταπλήττεται
3359 864 3457 936 τὴν
3509 865 3751 921 ὲνοῦσαντ

2156 957 2306 1025 αὐτῴ
2333 957 2490 1020 δόξαν
2546 974 2605 1008 τε
2662 957 2758 1009 καὶ
2791 957 3060 1020 ἐξουσίαν,
3125 958 3219 1010 καὶ
3250 959 3311 1009 τδ
3343 957 3484 1010 κατὰ
3515 957 3737 1011 πάντων

2156 1048 2374 1116 κράτος,
2388 1046 2455 1097 δι’
2465 1040 2537 1099 ὧν
2551 1064 2620 1115 φη
2631 1064 2732 1113 σιν,
2746 1067 2761 1097 ι
2776 1046 2963 1111 Εἰδὼς,
2976 1048 3056 1100 ὅτι
3069 1046 3244 1099 πάντα
3261 1046 3575 1117 παρέδωκεν
3586 1045 3737 1116 αὑτῷ

2155 1138 2183 1189 ό
2234 1138 2424 1207 Πατὴρ
2474 1140 2555 1200 εἰς
2584 1138 2683 1201 τὰς
2721 1142 2929 1209 χεῖρας.
2961 1158 2979 1188 ι
3012 1138 3209 1191 Καίτοι
3240 1136 3366 1206 γὰρ,
3410 1136 3597 1205 φησὶν,
3632 1137 3737 1189 οὐκ

2155 1224 2463 1293 ὴγνοηκὼς,
2522 1227 2603 1277 ὅτι
2661 1228 2879 1279 πάντων
2933 1225 3045 1295 ἔχοι
3074 1227 3172 1295 τὴν
3224 1224 3490 1289 ἐξουσίαν,
3532 1226 3624 1276 καὶ
3654 1227 3737 1277 ὅτι

2156 1314 2264 1367 ἀπὸ
2305 1315 2441 1368 Θεοῦ
2472 1316 2718 1385 ἐξῆλθεν,
2764 1318 2907 1369 τοῦτ’
2948 1317 3116 1379 ἔστιν,
3143 1319 3206 1370 ὲκ
3237 1318 3336 1386 τῆς
3369 1316 3557 1378 οὐσίας
3579 1319 3735 1383 ἐγεν-

2156 1406 2293 1476 νήθη
2326 1407 2419 1460 τοῦ
2458 1409 2594 1461 Θεοῦ
2646 1410 2741 1461 καὶ
2795 1410 3027 1479 Ιιατρὸς,
3059 1409 3151 1462 καὶ
3186 1408 3321 1477 πρὸς
3349 1407 3481 1460 Θεὸν
3511 1406 3733 1473 ὑπάγει,

2155 1500 2300 1551 τοῦτ’
2335 1499 2470 1563 ἔστι,
2532 1501 2693 1553 πάλιν
2734 1501 2945 1569 ἀνίησιν
2975 1503 3053 1564 είς
3080 1502 3359 1570 οὐρανοὺς,
3400 1498 3736 1567 συνεδρεύων

2155 1587 2396 1657 δηλονότι
2448 1589 2525 1658 τῷ
2580 1589 2692 1658 ἰδίῳ
2744 1589 3051 1660 Γεννήτορυ,
3094 1587 3360 1657 τοσαύτην
3402 1587 3609 1655 ὑπέστη
3635 1587 3736 1657 τὴν

2156 1679 2507 1742 ταπείνωσιν,
2571 1680 2647 1742 ὠς
2700 1682 2890 1751 λεντίῳ
2937 1683 3034 1750 μὲν
3073 1678 3464 1743 διαζώσασθαι,
3523 1680 3632 1731 τῶν
3677 1679 3735 1731 δὲ

2161 1771 2416 1841 μαθητῶν
2462 1773 2739 1837 ἀπονίζειν
2800 1777 2926 1837 τοὺς
2987 1775 3175 1837 πόδας.
3238 1775 3491 1844 Ἔχοντες
3551 1773 3735 1825 τοίνυν

2092 1860 2129 1911 Β
2161 1862 2407 1917 ἐντεῦθεν
2460 1864 2682 1936 ἄριστον
2722 1868 2824 1936 τῆς
2874 1866 3161 1927 εὐλαϐείας
3200 1865 3586 1935 ὑπογραμμὸν,
3637 1864 3736 1916 καὶ

481 1956 584 2027 τῆς
617 1960 695 2023 είς
754 1960 1018 2030 ἀλλήλους
1071 1962 1293 2030 ἀγάπης
1356 1958 1829 2029 περιφανεστάτην
1880 1955 2082 2016 εἰκόνα,
2126 1956 2320 2026 μέτρια
2357 1959 2457 2029 μὲν
2521 1961 2830 2030 φρονῶμεν,
2874 1958 3168 2028 ἀγαπητοὶ,
3212 1956 3475 2027 ἡγώμεθα
3515 1955 3572 2008 δὲ
3607 1954 3737 2018 τοὺς

482 2050 744 2119 ἀδελφοὺς
768 2053 835 2106 τὰ
871 2053 1042 2123 μείζω
1082 2052 1378 2123 κεκτῆσθαι
1416 2051 1523 2105 τῶν
1550 2053 1607 2103 ἐν
1638 2052 1770 2120 ἡμῖν
1806 2047 2313 2115 πλεονεκτημάτων,
2362 2052 2465 2106 κᾶν
2510 2053 2845 2124 ὐπάρχωμεν
2890 2052 3108 2122 ἀγαθοί.
3175 2050 3347 2105 Τοῦτο
3412 2049 3522 2119 γὰρ
3589 2049 3736 2120 ἡμᾶς

481 2144 510 2197 ό
541 2143 713 2212 μέγας
740 2138 893 2207 οὗτος
917 2145 1280 2215 ὐπογραμμὺς
1329 2143 1615 2196 ἀναπείθει
1642 2144 1857 2212 φρονεῖν
1879 2156 1937 2192 τε
1960 2140 2053 2192 καὶ
2093 2138 2397 2208 βούλεσθαι.

549 2235 703 2297 XIII,
748 2236 861 2293 6-8.
910 2237 1063 2292 Venit
1098 2254 1220 2306 ergo
1262 2236 1331 2289 ad
1377 2236 1645 2289 Simonem
1694 2233 1951 2291 Petrum,
1994 2239 2043 2283 et

480 2326 608 2380 dicit
649 2328 697 2381 ei
751 2328 941 2382 Petrus
991 2344 1008 2382 :
1072 2327 1309 2389 Domine,
1371 2338 1424 2379 tu
1476 2326 1603 2379 mihi
1658 2325 1805 2378 lavas
1848 2324 2048 2393 pedes?

482 2416 765 2486 Respondit
788 2418 976 2484 Iesus,
1014 2429 1063 2472 et
1093 2420 1227 2471 dixit
1259 2419 1418 2487 722
1451 2420 1497 2470 ei
1525 2435 1545 2472 :
1577 2416 1730 2481 Quod
1764 2433 1854 2485 ego
1885 2415 2049 2482 facio,

486 2515 542 2558 tu
565 2508 732 2560 neseis
775 2507 948 2569 modo,
989 2508 1117 2560 scies
1146 2516 1323 2559 autent
1344 2516 1543 2574 postea.
1571 2506 1715 2559 Dicit
1738 2508 1785 2559 ei
1817 2505 2007 2557 Petrus
2035 2520 2052 2557 :

487 2594 613 2651 Non
650 2596 849 2651 lauabis
890 2598 1018 2651 mihi
1058 2599 1210 2667 pedes
1258 2599 1314 2650 in
1361 2607 1634 2651 wternum.
1690 2597 1972 2666 Respondit
2010 2598 2059 2651 ei

483 2690 663 2747 Iesus.

553 2782 960 2837 Ferventiorem
995 2783 1217 2852 ubique,
1250 2788 1309 2835 ut
1335 2781 1501 2836 verbo
1526 2780 1731 2844 dicam,
1753 2779 1900 2836 Petri
1936 2780 2056 2833 ani-

484 2890 637 2931 mum
676 2883 731 2930 et
762 2857 829 2928 ad
861 2874 1116 2944 pietatem
1150 2873 1326 2943 magis
1357 2887 1421 2926 ac
1454 2873 1625 2942 magis
1655 2871 2053 2925 inflammatum

483 2967 672 3021 videre
705 2965 854 3020 licet.
876 2966 1084 3020 Idcirco
1118 2980 1320 3019 morem
1348 2974 1401 3019 et
1422 2964 1874 3018 consuetudinem
1896 2977 2050 3017 suam

485 3067 748 3121 secutus,
794 3056 1138 3127 disciplinam
1182 3056 1326 3110 hanc
1370 3072 1599 3111 summa:
1643 3055 1971 3109 humilitatis
1999 3063 2053 3109 et

485 3149 775 3206 charitatis
805 3165 967 3220 quam
1003 3156 1282 3211 servaret,
1327 3148 1552 3218 abjicit,
1604 3160 1785 3201 mente
1834 3145 2050 3215 quidem

2216 2237 2481 2304 Ἔρχεται
2502 2234 2615 2293 οὖν
2632 2256 2718 2305 εις
2742 2240 2975 2307 Σίμωνα
2996 2240 3237 2306 Πέτρον,
3263 2238 3358 2291 καὶ
3382 2237 3542 2307 λέγει
3573 2237 3736 2303 αὺτῷ

2148 2330 2384 2397 Πέτροςο
2417 2332 2615 2399 Κύριε,
2644 2332 2726 2385 σύ
2751 2348 2870 2400 μου
2902 2331 3129 2396 νίπτεις
3160 2331 3303 2397 τοὺς
3338 2331 3566 2396 adduc;
3606 2331 3735 2384 Ἆπ-

2147 2423 2350 2489 εκρίθη
2392 2422 2640 2489 Ἰησοῦς,
2688 2424 2787 2477 καὶ
2836 2421 3006 2477 εἶπεν
3059 2422 3247 2488 αὐτῷ’
3285 2426 3347 2475 Ὃ
3392 2423 3507 2492 ἐγὼ
3561 2422 3733 2485 ποιῶ,

2153 2513 2233 2565 σὺ
2270 2515 2380 2565 οὐκ
2416 2510 2583 2579 οἶδας
2614 2515 2763 2581 ἄρτι,
2804 2514 3005 2583 γνώσῃ
3040 2514 3106 2566 δὲ
3137 2513 3285 2582 μετὰ
3327 2513 3534 2566 ταῦτα.
3563 2514 3736 2581 Λέγει

2154 2604 2312 2668 αὐτῷ
2349 2606 2569 2672 Πέτρος
2592 2625 2604 2637 ο
2637 2610 2718 2658 Οὐ
2756 2606 2835 2673 μὴ
2869 2608 3056 2673 νίψῃς
3091 2606 3235 2671 τοὺς
3274 2605 3463 2672 πόδας
3501 2622 3620 2674 μου
3647 2607 3737 2672 είς

2154 2694 2261 2747 τὸν
2292 2694 2494 2749 αἰῶνα,
2530 2697 2836 2765 Ἀπεκρίθη
2872 2696 3030 2761 αὐτῷ
3064 2700 3094 2750 ό
3128 2696 3386 2763 Ἰησοῦς.

2224 2785 2564 2858 Θερμότερόν
2595 2804 2711 2849 πως
2752 2789 2838 2840 ἀεὶ
2888 2787 2982 2839 τοῦ
3020 2787 3223 2857 Πέτρου
3273 2787 3334 2839 τὸ
3373 2785 3597 2856 κίνημα,
3639 2785 3738 2839 καὶ

2156 2877 2288 2930 πολὺ
2316 2879 2637 2947 γοργότερον
2666 2880 2744 2943 είς
2782 2878 3084 2942 εὐλάϐειαν,
3123 2878 3397 2948 θεωρῆσαι
3442 2895 3527 2941 τις
3569 2876 3636 2930 ἂν
3677 2879 3736 2929 ἐν

2151 2968 2311 3031 ὅλοις,
2341 2969 2416 3033 ὡς
2445 2969 2574 3032 ἔπος
2603 2972 2795 3034 εἰπεῖν,
2836 2971 2950 3032 τοῖς
2989 2970 3401 3039 συγγράμμασι.
3444 2968 3739 3038 Τοιγάρτοι

2150 3062 2246 3114 καὶ
2272 3061 2366 3116 νῦν
2418 3061 2528 3115 ἔθει
2576 3061 2652 3132 τῷ
2705 3063 2819 3132 ἰδίῳ
2874 3060 3349 3130 κατακολουθήσας
3398 3060 3489 3112 καὶ
3524 3059 3733 3130 τρόπῳ,

2155 3153 2215 3205 τὸ
2253 3155 2592 3222 σεσωσμένον
2629 3155 2692 3224 δὴ
2731 3154 2885 3207 τοῦτο
2917 3155 3017 3223 τῆς
3051 3154 3129 3217 είς
3174 3154 3341 3223 ἄκρον
3371 3151 3610 3222 ἡκούσης
3638 3168 3736 3204 τα-

484 3253 744 3311 reputans
776 3243 1001 3311 quinam
1033 3253 1179 3295 esset
1213 3240 1330 3311 ipse
1355 3253 1572 3301 natura,
1600 3248 1654 3293 et
1679 3240 1805 3309 quis
1837 3240 1926 3293 ille
1959 3239 2051 3308 qui

2158 3212 2585 3317 πεινοιρροσύνης
2606 3212 2692 3299 τε.
2718 3248 2810 3299 καὶ
2852 3212 3071 3314 ἀγάπης
3110 3212 3447 3314 παρῶθεῖται
3483 3212 3733 3312 μάθημα,

485 3333 681 3403 pelvim
736 3333 1036 3400 afferebat,
1081 3348 1146 3388 ac
1192 3332 1381 3387 famuli
1424 3347 1623 3386 munus
1670 3330 1898 3400 implere
1944 3346 2052 3383 non

484 3427 840 3483 detrectabat.
879 3425 990 3482 Nec
1020 3427 1167 3482 enim
1206 3425 1557 3480 mediocriter
1591 3438 1716 3477 eum
1760 3422 1943 3476 turbat
1968 3437 2054 3476 res

484 3519 875 3591 propemodum
938 3518 1309 3581 incredibilis,
1357 3518 1482 3571 licet
1526 3516 1821 3570 multorum
1876 3514 2053 3569 oculis

484 3614 911 3683 conspiceretur.
943 3609 1078 3677 Quis
1109 3611 1253 3665 enim
1280 3625 1387 3663 non
1427 3608 1807 3662 exhorruisset
1828 3606 2053 3661 discens

482 3720 605 3759 eum
657 3704 750 3775 qui
780 3719 886 3758 una
933 3719 1056 3757 cum
1112 3702 1272 3757 Patre
1326 3701 1594 3756 Dominus
1636 3712 1721 3755 est
1775 3700 2049 3763 universi,

485 3796 623 3850 adeo
653 3796 1020 3851 miserabilem
1056 3811 1186 3864 erga
1220 3810 1351 3849 suos
1380 3794 1684 3863 discipulos
1722 3793 2048 3847 servitutem

485 3901 595 3954 prae
615 3900 675 3940 se
699 3888 913 3949 tulisse,
948 3894 1007 3938 ut
1033 3886 1176 3953 quod
1206 3886 1349 3939 inter
1373 3900 1563 3940 servos
1596 3895 1931 3952 postremum
1971 3881 2053 3934 lo-

484 3990 612 4029 cum
627 3984 794 4038 tenet,
816 3978 917 4031 hoc
955 3975 1321 4031 libentissime
1342 3974 1517 4028 facere
1539 3973 1792 4033 voluerit,
1809 3972 2050 4039 seipsum

486 4068 541 4120 in
589 4069 895 4136 exemplum
927 4075 981 4122 et
1018 4075 1208 4137 typum
1252 4066 1483 4134 spiritus
1522 4064 1752 4118 humilis
1787 4061 2056 4115 tradens?

485 4156 675 4213 Metuit
703 4173 833 4226 ergo
865 4158 1166 4226 discipulus
1197 4166 1361 4211 tanta!
1397 4156 1475 4210 rei
1507 4156 1718 4225 pondus
1739 4196 1752 4217 ,
1800 4161 1853 4207 et
1887 4154 2055 4207 usita-

487 4255 596 4301 tam
634 4264 699 4303 ac
760 4247 1083 4301 familiarem
1146 4247 1252 4301 sibi
1311 4245 1671 4301 reverentiam
1707 4252 2051 4313 prsetexens,

486 4350 741 4394 recusat:
768 4338 967 4408 quippe
993 4352 1115 4391 cum
1148 4337 1388 4390 nondum
1409 4337 1487 4391 rei
1522 4351 1744 4389 causam
1778 4336 2052 4405 cognitam

487 4431 703 4492 haheat,
742 4428 1028 4483 Dominum
1060 4428 1262 4499 aliquid
1296 4438 1496 4483 temere
1527 4444 1688 4497 agere
1719 4437 1910 4497 putat,
1955 4444 2053 4481 nec

2153 3337 2238 3401 τίς
2275 3338 2373 3408 μὲν
2430 3338 2591 3401 αὐτὸς
2637 3339 2719 3408 εἴη
2766 3339 2907 3392 κατὰ
2966 3338 3126 3407 φύσιν
3174 3338 3401 3400 ἐννοῶν,
3461 3336 3543 3400 τίς
3583 3336 3628 3389 δ’
3663 3330 3734 3390 αὖ

2158 3429 2318 3483 πάλιν
2362 3431 2389 3481 ὁ
2427 3430 2516 3482 τὸν
2558 3431 2795 3500 νιπτῆρα
2842 3429 3235 3499 παρακομίζων
3296 3427 3465 3498 αὐτῷ,
3512 3429 3604 3481 καὶ
3634 3427 3736 3497 τὴν

2154 3521 2365 3573 οἰκέτου
2396 3521 2582 3590 χρείαν
2622 3520 2971 3590 ἀποπληροῦν
3023 3520 3082 3572 οὐ
3125 3520 3577 3591 παραιτούμενος.
3631 3519 3736 3571 Θο-

2156 3612 2312 3682 ρυϐεῖ
2340 3612 2447 3683 γὰρ
2478 3613 2536 3664 οὐ
2589 3611 2822 3681 μετρίως
2870 3610 3029 3663 αὐτὸν
3077 3610 3452 3682 ἀπαράδεκτόν
3496 3626 3614 3672 πως
3655 3611 3738 3673 εἰς

2155 3706 2336 3755 πίστιν
2382 3704 2624 3772 ὑπάρχον
2671 3702 2729 3754 τὸ
2767 3704 3019 3772 πρᾶγμα,
3058 3702 3150 3754 καὶ
3202 3703 3250 3754 εἰ
3303 3700 3518 3762 πολλοῖς
3562 3700 3738 3771 ὁρῷτο

2152 3796 2313 3864 τυχὸν
2354 3794 2669 3863 ὀφθαλμοῖς.
2702 3795 2793 3857 Τίς
2822 3794 2930 3865 γάρ
2964 3795 3028 3847 ἂν
3066 3794 3167 3846 οὐκ
3206 3792 3389 3863 ἔφριξε
3427 3792 3633 3864 μαθὼν,
3661 3792 3739 3856 ὡς

2154 3888 2182 3938 ὁ
2212 3886 2319 3938 τῶν
2351 3887 2488 3939 ὅλων
2526 3887 2663 3956 μετὰ
2709 3888 2920 3958 Πατρὸς
2954 3887 3212 3957 ὑπάρχων
3262 3885 3484 3956 Κύριος,
3521 3887 3736 3951 οἰκτρο-

2155 3974 2322 4044 τάτην
2356 3974 2494 4026 οὕτω
2534 3974 2633 4043 τὴν
2692 3973 2932 4026 δουλείαν
2972 3974 3107 4043 πρὸς
3140 3974 3264 4034 τοὺς
3316 3970 3513 4025 ἑαυτοῦ
3562 3971 3738 4040 μαθη-

2154 4068 2253 4127 τὰς
2285 4067 2612 4132 ἐπεδείξατο,
2657 4066 2731 4127 ὡς
2762 4066 2852 4119 καὶ
2904 4067 3040 4136 ὅπερ
3084 4061 3220 4117 εἶναι.
3257 4065 3405 4117 δοκεῖ
3437 4063 3588 4136 παρά
3621 4065 3737 4125 τοῖς

2154 4159 2392 4221 οἰκέταις
2419 4158 2515 4228 τὴν
2545 4157 2779 4228 ἐσχάτην
2823 4158 3013 4227 ἐπέχον
3054 4158 3226 4223 τάξιν,
3274 4156 3434 4208 τοῦτο
3459 4156 3552 4207 καὶ
3591 4154 3739 4223 μάλα

2157 4248 2451 4319 προθύμως
2482 4249 2731 4318 ἐθελῆσαι
2763 4249 2894 4319 δρᾷν
2927 4248 3106 4312 αὐτὸν,
3144 4250 3221 4311 εἰς
3251 4245 3613 4317 ὑπογραμμὸν
3643 4245 3738 4298 καὶ

2155 4341 2322 4393 τύπον
2356 4341 2574 4412 μετρίου
2624 4341 3001 4411 φρονήματος;
3041 4340 3187 4392 Δέδιε
3238 4339 3523 4409 τοιγαροῦν
3573 4341 3601 4391 ό
3647 4338 3737 4390 θε-

2159 4432 2378 4494 σπέσιος
2432 4431 2675 4501 μαθητὴς
2716 4431 2775 4482 τὸ
2821 4434 2884 4482 ἐκ
2929 4430 3024 4483 τοῦ
3073 4432 3393 4500 πράγματος
3425 4430 3605 4500 ἄχθος,
3642 4429 3736 4481 καὶ

487 4522 635 4579 aliud
670 4524 722 4577 in
754 4520 937 4576 animo
967 4520 1185 4587 habere,
1219 4536 1380 4589 quam
1416 4530 1476 4573 ut
1509 4522 1758 4588 corporis
1787 4520 2052 4573 duntaxat

2159 4523 2255 4591 τῆς
2288 4522 2548 4592 συνήθους
2580 4522 2672 4575 καὶ
2702 4522 3068 4592 τετριμμένης
3101 4522 3385 4583 εὐλαϐείας
3420 4520 3567 4589 αὐτῷ
3601 4537 3736 4590 καρ-

485 4617 722 4686 quietem
764 4614 846 4669 eis
876 4612 1197 4668 conciliaret
1236 4629 1251 4666 :
1299 4613 1497 4680 pedum
1525 4613 1667 4665 enim
1706 4613 1913 4666 ablutio
1950 4613 2053 4665 ali-

486 4709 810 4777 quantulum
840 4705 1052 4760 relaxat
1089 4713 1142 4759 et
1171 4704 1394 4759 resolvit
1432 4704 1833 4758 distensionem
1875 4719 1939 4758 ex
1973 4705 2057 4757 in-

485 4815 646 4854 cessu
689 4805 889 4851 ortam.
930 4796 1168 4863 Ideoque
1212 4796 1484 4849 ferventer
1527 4795 1820 4848 admodum
1864 4795 2054 4863 prohi-

486 4893 682 4958 hchat,
725 4890 917 4945 dicens
948 4909 961 4940 :
1016 4907 1034 4940 ι
1069 4887 1325 4952 Domine,
1353 4895 1409 4941 tu
1443 4886 1574 4941 mihi
1607 4887 1757 4941 latas
1793 4886 1996 4955 pedes?
2029 4905 2048 4937 ι

492 4980 714 5037 Deceret
754 4981 924 5042 enim,
980 4964 1191 5050 inquii,
1236 4978 1457 5033 deceret
1497 4993 1598 5032 nos
1633 4988 1827 5032 natura
1862 4994 2053 5033 servos

488 5074 538 5127 id
570 5073 777 5136 facere,
816 5086 925 5124 non
968 5075 1018 5123 te
1048 5068 1427 5123 universorum
1468 5066 1781 5121 Dominum.
1816 5066 1920 5121 Sed
1954 5084 2051 5121 cx-

484 5165 840 5237 p!icationem
883 5162 961 5216 rei
1007 5160 1261 5215 Christus
1299 5158 1519 5229 quidem
1552 5158 1731 5213 differt
1772 5159 1824 5211 in
1850 5175 2053 5227 oppor—

485 5266 677 5309 tunum
711 5265 944 5323 tempus,
979 5251 1224 5320 adeoque
1250 5265 1355 5304 non
1386 5250 1505 5305 sine
1529 5250 1849 5319 gravissima
1887 5265 2051 5302 causa

486 5346 690 5401 factum
715 5346 768 5398 id
800 5347 869 5399 ah
906 5359 971 5399 eo
1003 5344 1243 5413 posthaec
1276 5342 1519 5410 agnitum
1560 5341 1625 5393 iri
1655 5342 1762 5404 ait,
1804 5357 1927 5394 cum
1968 5341 2053 5393 ni-

489 5439 685 5490 mirum
721 5451 837 5489 cum
877 5452 989 5489 rem
1027 5436 1243 5504 planius
1273 5442 1529 5502 exportet.
1568 5432 1735 5486 Porro
1781 5449 1887 5485 non
1937 5448 2049 5485 me-

488 5526 733 5580 diocrem
766 5525 1055 5579 utilitatem
1081 5525 1282 5579 isthiuc
1308 5525 1470 5578 etiam
1506 5538 1606 5578 nos
1634 5540 1740 5578 una
1776 5539 1897 5577 cum
1928 5525 2051 5579 aliis

2160 4614 2257 4666 πον
2300 4617 2530 4666 ποιεῖται
2578 4613 2673 4683 τὴν
2707 4614 3065 4685 παραίτησιν,
3116 4614 3292 4675 συνεῖς
3340 4613 3395 4664 δὲ
3437 4611 3589 4665 οῦπω
3635 4612 3734 4679 τὴν

2151 4704 2327 4757 αἰτίαν
2359 4705 2450 4756 τοῦ
2485 4704 2824 4774 πράγματος,
2870 4705 3037 4758 οἴεταί
3084 4723 3135 4757 τι
3186 4706 3315 4775 δρᾷν
3350 4703 3469 4772 εἰκῆ
3498 4703 3589 4755 τὸν
3622 4702 3733 4753 Κύ-

2154 4813 2284 4861 ριον,
2331 4797 2426 4848 καὶ
2459 4795 2617 4865 ψιλὴν
2655 4796 2836 4859 αὐτοῖς
2874 4797 2967 4849 τοῦ
3019 4797 3264 4865 σώματος
3315 4795 3598 4863 ἐπινοῆσαι
3629 4795 3729 4860 τὴν

2150 4888 2451 4940 ἀνάπαυσιν
2471 4904 2483 4917 ⁸
2520 4887 2581 4939 τὸ
2609 4888 2714 4958 γὰρ
2758 4887 3107 4950 ἀπονίζεσθαι
3138 4887 3263 4948 τοὺς
3297 4885 3461 4947 πόδας
3489 4883 3732 4939 συντελεῖ

2152 4997 2270 5041 πως
2320 4982 2399 5042 εἰς
2452 4978 2627 5044 τοῦτο,
2678 4979 2774 5032 καὶ
2827 4980 3063 5049 μετρίως
3107 4976 3354 5046 ἀποχαλᾷ
3388 4976 3485 5045 τὴν
3520 4976 3584 5027 ὲκ
3632 4974 3725 5026 τοῦ

2155 5067 2477 5137 βαδίσματος
2505 5068 2659 5121 τάσιν
2694 5070 2789 5138 (l).
2828 5068 2924 5120 Διὰ
2950 5067 3105 5120 τοῦτο
3138 5064 3467 5134 καὶ,σφόδρα
3507 5062 3727 5133 θερμῶς

2152 5158 2384 5229 ὲνείργει
2432 5158 2638 5224 λέγων·
2680 5176 2699 5208 ι
2734 5157 2924 5227 Κύριε,
2956 5156 3017 5209 σύ
3077 5174 3176 5226 μου
3228 5155 3434 5217 νίπτεις
3467 5154 3595 5214 τοὺς
3634 5152 3727 5204 πό-

2151 5250 2245 5311 δας
2272 5266 2284 5312 ;
2326 5270 2343 5301 ι
2376 5250 2522 5302 Ἔδει
2551 5249 2679 5318 γὰρ,
2708 5249 2832 5311 ἔδει,
2866 5249 3018 5319 φησὶ,
3051 5250 3175 5311 τούς
3224 5247 3363 5300 κατά
3402 5246 3561 5315 φύσιν
3590 5243 3730 5296 οἰκέ-

2152 5356 2249 5400 τας
2279 5339 2433 5391 τοῦτο
2461 5340 2719 5408 πράττειν
2746 5341 2910 5408 ἡμᾶς,
2942 5339 3061 5409 οὐχὶ
3106 5338 3165 5391 σὲ
3204 5337 3293 5390 τὸν
3323 5338 3576 5391 ἁπάντων
3612 5336 3728 5387 Κύ-

2161 5450 2290 5501 ριον.
2338 5433 2475 5485 Ἀλλ’
2504 5432 2847 5503 ὑπερτίθεται
2887 5431 2982 5499 μὲν
3024 5430 3115 5482 τοῦ
3155 5429 3477 5498 πράγματος
3515 5426 3612 5494 τὴν
3644 5423 3728 5488 ἐξ·

2158 5526 2352 5593 ηἐἠςιν
2391 5528 2466 5589 εἰς
2507 5526 2696 5598 καιρδν
2721 5527 2748 5577 ὁ
2785 5523 3034 5593 Χριστὸς,
3082 5522 3161 5574 ὅτι
3200 5539 3261 5589 γε
3293 5521 3398 5591 μὴν
3433 5518 3727 5584 ἀξιολογω-

558 5724 635 5787 (l)
672 5720 890 5774 Editum
915 5729 1031 5776 erat
1060 5720 1268 5788 στάσιν,
1293 5729 1347 5776 et
1375 5721 1663 5791 interpres,
1707 5718 1905 5774 Pedum
1943 5720 2079 5773 enim
2120 5722 2317 5778 ablatio
2361 5727 2412 5779 in
2448 5726 2541 5777 hoc
2576 5724 2840 5788 conducit,
2869 5734 2916 5777 et
2944 5724 3097 5777 lassis
3126 5721 3188 5775 de
3223 5721 3305 5775 ria
3361 5719 3582 5789 quietem
3628 5731 3723 5769 ar-

491 5797 667 5851 cessit.
700 5792 851 5846 EDtT.
