4106 6262
355 342 457 397 117

1412 351 1481 409 ΙΝ
1519 352 1805 413 JOANNIS
1844 357 2297 419 EVANGELIUM
2339 363 2467 419 LIB.
2506 362 2598 420 IX.

3504 368 3604 423 118

345 460 512 533 τέραν
549 461 663 533 ἔχοι
705 463 802 535 τὴν
842 467 1041 530 αἰτίαν,
1075 470 1137 524 τὸ
1166 473 1300 541 παρ’
1336 471 1503 527 αὐτοῦ
1533 475 1754 545 γεγονὸς
1802 493 1916 529 συν-

2031 489 2387 549 pereepturos
2430 482 2525 536 ait.
2575 478 2710 535 V;de
2744 481 2889 535 enim
2919 495 3028 551 quo
3056 488 3214 550 pacto
3255 489 3497 549 tempore
3535 485 3603 533 ad

347 551 502 619 ήσειν
530 553 660 622 φησί
711 554 850 624 μετά
887 557 1082 620 ταῦτα,
1128 562 1258 616 ὅταν
1301 562 1543 633 δηλονότι
1582 566 1925 638 πλατυτέραν

350 642 479 713 περὶ
506 643 669 697 αύτοῦ
700 649 933 703 ποιεῖται
976 650 1075 721 τὴν
1111 651 1390 723 ἐξήγησιν.
1433 656 1645 727 Ὀνήσει
1696 657 1753 711 δὲ
1804 658 1926 713 λίαν

349 732 444 785 καὶ
474 732 633 788 τοῦτο
679 736 842 790 πάλιν
877 740 1025 810 ἡμᾶς
1053 742 1191 811 μετά
1234 744 1341 797 τῶν
1383 745 1558 799 ἄλλων
1592 747 1653 800 οὐ
1688 748 1920 819 μικρῶς.

346 819 456 873 Θέα
489 822 596 892 γὰρ
620 825 769 890 ὅπως
823 830 1016 901 καιροῦ
1069 832 1353 899 καλοῦντος
1404 837 1485 900 εἰς
1534 835 1715 907 ἔργον,
1751 839 1923 909 ὑπερ-

280 981 286 986 .
343 911 542 968 τίθεται
575 917 666 970 τὸν
690 918 867 988 λόγον.
904 924 1095 995 καιροῦ
1137 925 1181 977 δ’
1209 922 1276 980 αὗ
1307 928 1470 982 πάλιν
1502 929 1811 997 ἐπείγοντος
1842 931 1921 994 εἰς

342 1000 498 1072 λόγον
543 1009 830 1065 ἀναδύεται
863 1015 924 1065 τὸ
968 1014 1117 1086 δρᾷν.
1148 1017 1331 1071 Πάντα
1377 1019 1486 1089 γὰρ
1526 1023 1738 1091 καιροῖς
1786 1021 1920 1073 ἀπο-

2021 586 2162 641 0pus
2187 585 2422 629 vocante
2451 589 2762 629 sermonem
2791 574 3030 639 diﬂ‘erat,
3060 581 3116 629 et
3141 589 3336 628 rursus
3364 583 3605 641 tempore

2022 663 2086 715 ad
2122 678 2431 719 sermonem
2467 665 2753 721 incitante.
2780 668 2847 719 ab
2877 664 3091 735 agendo
3115 664 3368 719 desistat.
3394 661 3601 715 Cttneta

2020 752 2166 807 enim
2214 755 2559 823 temporibus
2589 756 2849 825 rongruis
2882 756 3179 809 tribuebat.
3231 753 3392 807 Petro
3440 751 3605 820 igitur

2019 855 2284 899 renuente
2307 852 2362 899 et
2391 856 2581 916 aperte
2611 857 2840 916 negante
2870 847 3031 917 pedes
3055 847 3156 900 sibi
3182 845 3250 899 ab
3269 861 3334 899 eo
3357 844 3599 897 ablutum

2020 934 2090 989 iri
2139 936 2193 989 in
2238 944 2540 1001 attentum,
2582 937 2841 992 damnum
2889 939 3015 994 hinc
3064 940 3308 993 futurum
3346 934 3597 989 Set-valor

2024 1026 2293 1094 explicat.
2334 1027 2523 1082 dicens
2553 1046 2567 1083 :

340 1097 522 1191 νέμων
583 1105 697 1167 τοῖς
739 1105 943 1160 ἐοικόσι
986 1110 1079 1162 καί⁵
1124 1111 1420 1182 πρέπουσιν
1460 1109 1546 1185 ἦν.
1587 1114 1959 1178 Ἀνανεύοντος
1994 1119 2173 1171 τοίνυν
2194 1118 2288 1172 τοῦ
2337 1120 2563 1190 Πέτρου,
2629 1121 2720 1174 καὶ
2764 1122 3172 1189 ἀποφάσκοντος
3213 1116 3598 1191 ἐναργῶςνοίηι

341 1189 411 1284 ἀν
440 1192 605 1248 αὐτοῦ
632 1195 780 1266 νίψαι
813 1200 941 1263 τοὺς
971 1201 1138 1267 πόδας
1174 1205 1253 1269 εἰς
1290 1206 1381 1259 τὸν
1440 1205 1633 1272 αἰῶνα,
1682 1206 1781 1277 τὴν
1818 1206 2086 1277 ἐσομένην
2134 1211 2337 1273 ζηαίαν
2387 1189 2635 1265 ἐντεῦοεν
2680 1214 2916 1284 φανερὰν
2971 1215 2999 1266 ὁ
3051 1213 3237 1282 Σωτὴρ
3307 1189 3595 1277 καθίστησι

339 1282 514 1352 λέγων
529 1302 543 1316 ο

423 1376 559 1430 Ἐὰν
587 1377 675 1448 μὴ
712 1381 871 1450 νίψω
902 1398 996 1451 σε,
1027 1387 1137 1440 οὐκ
1183 1386 1344 1457 ἔχεις
1374 1387 1559 1457 μέρος
1588 1390 1717 1459 μετ’
1754 1388 1923 1459 ἐμοῦ.

409 1550 573 1606 Ὅσον
612 1555 712 1624 μὲν
742 1551 835 1613 οὖν
879 1554 1012 1631 ἦκεν
1055 1562 1134 1625 εἰς
1170 1562 1263 1616 τδν
1295 1564 1510 1637 ἐμφανῆ
1550 1566 1647 1621 καὶ
1699 1569 1923 1639 πρόχει-

342 1659 435 1712 ρον
488 1644 583 1698 τοῦ
645 1651 1011 1719 προκειμένου
1065 1655 1286 1718 σκοπὸν,
1318 1656 1380 1710 Εἰ
1435 1657 1509 1727 μὴ
1569 1659 1912 1726 καταδέξαιο,

266 1784 269 1787 .
337 1734 497 1804 φησί,
521 1735 583 1789 τὸ
607 1735 754 1801 ξένον
784 1738 940 1795 τοῦτο
967 1750 1061 1795 καί
1098 1743 1266 1815 ἄηθες
1291 1746 1391 1815 τῆς
1417 1751 1917 1822 ταπεινοφροσύνης

339 1824 594 1897 μάθημα,
619 1828 807 1900 μερίδα
834 1832 925 1885 καὶ
959 1832 1158 1905 κλῆρον
1189 1837 1289 1889 οὐκ
1311 1835 1377 1889 ἂν
1408 1836 1589 1909 εὕροις
1617 1842 1732 1909 μετ’
1755 1843 1912 1911 ἐμοῦ.

349 1917 568 2033 Ἐἰτειδὴ
589 1918 656 2033 ἱδὲ
686 1921 942 2033 πολλάκις
979 1926 1008 1977 ὁ
1037 1925 1239 1997 Κύριος
1269 1929 1425 1998 ἡμῶν
1464 1931 1670 2000 Ἰησοῦς
1708 1934 1737 1986 ὁ
1781 1935 1915 2005 Χρι-
1948 1982 1986 2033 Β

338 2008 480 2073 (nec,
518 2010 611 2063 καὶ
641 2011 844 2081 μικρὰς
884 2013 991 2066 τῶν
1027 2015 1201 2083 λόγων
1239 2017 1420 2072 λαϐὼν
1457 2022 1731 2091 ἀφορμὰς,
1765 2040 1913 2091 γενι-

337 2098 440 2169 κὴν
478 2104 708 2155 ποιεῖται
738 2103 836 2170 τὴν
876 2104 1155 2175 ἐξήγησιν,
1201 2110 1295 2162 καὶ
1337 2113 1417 2174 εἰς
1453 2113 1651 2176 πλάτος
1676 2115 1910 2179 ἐξέλκων

336 2196 406 2249 τὰ
440 2197 524 2265 ἐφ’
557 2198 677 2262 ἐνὸς
722 2201 1064 2271 πράγματος,
1112 2204 1278 2274 ἤγουν
1324 2205 1403 2268 εἷς
1446 2225 1500 2259 τι
1550 2208 1713 2280 μέρος
1768 2211 1911 2276 ἰδίως

342 2288 641 2357 εἰρημένα,
689 2290 944 2346 πλουσίαν
998 2296 1108 2357 τοῖς
1159 2296 1455 2366 ὁρωμένοις
1516 2300 1759 2368 εἰσφέρει
1813 2300 1912 2371 τὴν

343 2379 550 2449 δνησιν,
580 2382 872 2451 οἰησόμεθά
903 2401 1018 2446 πως
1069 2387 1172 2440 κάν
1196 2386 1371 2459 τούτῳ
1412 2388 1589 2457 λέγειν
1625 2391 1807 2455 αὑτὸν,
1837 2392 1913 2456 ὡς

344 2470 496 2540 εἰμὴ
527 2487 611 2533 τις
653 2471 970 2541 ἀπονίψαιτο
1009 2474 1098 2528 διὰ
1141 2475 1232 2545 τῆς
1270 2477 1429 2530 αὑτοῦ
1455 2484 1673 2549 χάριτος
1707 2481 1798 2533 τὸν
1848 2483 1913 2534 ἐκ

341 2559 442 2629 τῆς
472 2560 745 2632 ἀμαρτίας
779 2562 875 2614 καὶ
904 2561 996 2615 τοῦ
1032 2564 1367 2634 πλημμελεῖν
1409 2569 1701 2639 μολυσμὸν,
1747 2552 1911 2641 ἀμέτ·

339 2667 464 2721 οχος
494 2650 647 2705 ἔσται
677 2653 775 2721 τῆς
812 2655 940 2725 παρ’
973 2655 1135 2708 αὑτοῦ
1163 2656 1325 2728 ζωῆς,
1349 2661 1445 2713 καὶ
1470 2662 1567 2731 τῆς
1604 2662 1711 2714 τῶν
1750 2665 1913 2733 ούρα-

336 2741 444 2796 νῶν
482 2741 755 2812 βασιλείας
783 2744 1043 2813 ἄγευστος
1075 2747 1357 2818 ἀπομενεῖ.
1402 2752 1475 2805 Οὐ
1503 2754 1610 2824 γὰρ
1634 2757 1744 2817 τοῖς
1780 2757 1914 2807 ἀκα-

335 2833 552 2907 θάρτοις
576 2837 657 2897 εἰς
683 2836 779 2899 τὰς
819 2837 932 2891 ἄνω
978 2838 1145 2908 μονὰς
1175 2842 1397 2895 εἰσιέναι
1430 2844 1607 2914 οέμις,
1641 2847 1775 2899 ἀλλά
1803 2851 1915 2912 τοῖς

335 2927 425 2981 διὰ
445 2929 541 2999 τῆς
568 2930 648 2991 εἰς
681 2931 913 3001 Χριστὸν
944 2932 1164 3003 ἀγάπης
1196 2934 1436 3004 καθαρὸν
1478 2936 1659 3006 έχουσι
1698 2939 1759 2992 τὸ
1793 2957 1916 2993 συν-

336 3022 494 3086 ειδὸς,
532 3024 627 3076 καὶ
655 3024 1006 3094 ἡγιασμένοις
1054 3028 1111 3079 ἐν
1160 3027 1435 3099 Πνεύματι
1487 3029 1574 3083 διὰ
1615 3030 1707 3084 τοῦ
1758 3033 1913 3100 ἁγίου

338 3112 730 3184 βαπτίσματος.

410 3206 577 3274 Λέγει
621 3205 781 3271 αὐτῷ
823 3208 1018 3275 Σίμων
1070 3209 1320 3277 Πέτρος·
1365 3212 1572 3280 Κύριε,
1630 3214 1717 3283 μὴ
1774 3216 1915 3280 τοὺς

2094 1389 2253 1460 723
2285 1388 2424 1455 XIII,
2454 1390 2508 1445 8.
2542 1388 2599 1443 Si
2625 1407 2725 1443 non
2755 1396 2929 1443 lavero
2966 1399 3034 1451 te,
3092 1405 3195 1441 non
3236 1388 3447 1443 habebis
3468 1408 3595 1459 par-

2024 1492 2125 1533 tem
2152 1498 2377 1535 mecum.

2091 1571 2246 1636 Quod
2282 1572 2348 1626 ad
2387 1572 2495 1626 loci
2532 1572 2701 1641 ltujus
2726 1570 3079 1625 manifestum
3116 1580 3170 1626 et
3192 1572 3411 1627 obvium
3468 1587 3591 1627 sco-

2019 1676 2149 1731 ptun
2180 1664 2400 1727 attinet,
2439 1663 2553 1718 Nisi
2581 1663 2900 1718 inusitatam
2930 1664 3073 1717 Itane
3097 1672 3151 1718 et
3181 1664 3455 1717 insolitam
3489 1663 3591 1715 liu-

2016 1752 2301 1806 tuilitatem
2339 1754 2625 1818 didiceris,
2653 1754 2852 1824 inquit,
2890 1762 3099 1824 partetn
3139 1762 3191 1807 et
3229 1761 3429 1806 sortem
3483 1768 3588 1805 nou

2016 1840 2273 1897 invenies
2302 1859 2539 1898 meeum.
2578 1843 2683 1898 Sed
2722 1860 2846 1898 cum
2883 1858 3026 1911 sa‘pe
3086 1842 3348 1896 Dominus
3407 1851 3590 1895 noster

2013 1929 2178 1987 Jesus
2217 1934 2476 1990 Christus
2513 1936 2756 2003 sumptis
2787 1934 3003 1988 levibus
3065 1933 3230 1986 etiam
3298 1932 3587 1985 verborum

2014 2026 2409 2081 occasionibus
2461 2029 2774 2095 generalem
2839 2027 3236 2096 expositionem
3289 2024 3476 2088 l'aeiat,
3536 2033 3590 2077 et

2013 2131 2138 2184 qum
2169 2116 2237 2170 de
2274 2134 2380 2169 una
2432 2135 2491 2172 re
2551 2128 2646 2171 aut
2714 2128 2866 2188 parte
2915 2133 3019 2169 una
3059 2118 3411 2187 peculiariter
3441 2116 3587 2168 dirta

2013 2214 2144 2260 sunt
2176 2209 2341 2261 latius
2372 2210 2696 2268 extendens.
2733 2210 3070 2262 abumlantia
3118 2210 3237 2261 utili
3270 2209 3587 2275 locupletet,

2012 2297 2190 2365 ipsum
2227 2300 2390 2352 etiam
2426 2301 2513 2353 Itie
2545 2301 2729 2353 dicere
2758 2300 3073 2368 putabimus
3108 2299 3275 2367 quod,
3308 2298 3415 2352 nisi
3461 2298 3587 2366 quis

2014 2391 2251 2457 perejus
2288 2392 2517 2458 gratiam
2549 2390 2740 2444 sordes
2780 2406 2842 2444 ex
2883 2399 3107 2459 peccato
3134 2398 3449 2443 contractas
3494 2389 3588 2441 ab-

2013 2480 2198 2545 luerit,
2243 2482 2520 2550 particeps
2581 2482 2799 2536 futurus
2843 2498 2951 2534 non
2993 2486 3066 2536 sit
3102 2482 3225 2533 vita:
3259 2495 3378 2548 qua:
3416 2479 3485 2532 ab
3522 2494 3589 2531 eo

2015 2578 2221 2636 manat,
2264 2580 2319 2625 et
2354 2572 2503 2641 regni
2539 2573 2804 2626 caalorum
2857 2587 3052 2641 expers
3109 2585 3423 2624 mansurus.
3478 2568 3589 2622 Nec

2013 2665 2159 2718 enim
2194 2664 2275 2718 fas
2315 2676 2400 2719 est
2442 2664 2674 2734 impuris
2721 2667 2778 2719 in
2816 2679 3088 2733 supernas
3142 2664 3456 2717 mansiones
3504 2663 3590 2716 itt-

2013 2754 2189 2825 gredi,
2217 2755 2314 2810 sed
2347 2756 2440 2824 qtti
2474 2771 2570 2825 per
2599 2754 2956 2809 dilectionem
2986 2755 3039 2807 in
3077 2755 3353 2809 Chi-istum
3396 2770 3585 2823 puraut

2016 2846 2223 2899 habent
2254 2846 2680 2910 conscientiam,
2710 2853 2763 2899 et
2795 2846 3125 2900 sanctilieati
3156 2856 3282 2899 sunt
3306 2845 3357 2897 in
3381 2842 3585 2913 Spiritu

2014 2953 2112 3007 per
2139 2946 2398 2993 sanetum
2440 2938 2734 3007 baptisma.

2098 3204 2236 3270 Xlll,
2269 3204 2322 3258 9.
2347 3203 2483 3257 Dicit
2511 3204 2558 3257 ei
2584 3201 2767 3257 Simon
2805 3201 2993 3256 Petrus
3021 3216 3038 3253 :
3071 3200 3307 3255 Domine.
3336 3216 3438 3253 non
3468 3207 3587 3250 lan-

334 3298 525 3363 πόδας
549 3316 668 3366 μου
692 3302 903 3368 μόνον,
935 3301 1095 3356 ἀλλὰ
1137 3302 1233 3355 καί
1263 3302 1369 3369 τὰς
1406 3304 1629 3373 χεῖρας,
1656 3306 1754 3360 καὶ
1801 3307 1916 3374 τὴν

2020 3308 2127 3351 tum
2155 3299 2308 3367 pedes
2340 3313 2499 3363 meos,
2530 3294 2621 3349 sed
2650 3304 2698 3348 et
2731 3311 2917 3347 manus
2947 3304 2994 3346 et
3032 3300 3208 3359 caput.

334 3388 628 3457 κεφαλήν.

420 3478 477 3533 '0
508 3480 774 3549 τοσαύτην
811 3483 942 3552 ἡμῖν
976 3483 1176 3551 ἀρτίως
1211 3484 1479 3551 ἐπιδείξας
1506 3488 1603 3557 τὴν
1644 3487 1911 3553 ἔνστασιν,

336 3571 433 3624 καὶ
484 3570 801 3641 ἀπαυδήσας
842 3572 1082 3643 ἐναργῶς
1120 3576 1233 3625 τοῖν
1277 3576 1456 3628 ποδοῖν
1497 3578 1598 3649 τὴν
1640 3580 1912 3648 ἀπόνιψιν,

336 3661 437 3730 οὐχ
493 3662 639 3722 ὅπως
691 3662 889 3721 αὐτοὺς
944 3663 1276 3731 παρατίθησι
1360 3666 1573 3733 μόνους,
1628 3668 1762 3722 ἀλλά
1821 3672 1915 3723 καὶ

339 3750 529 3818 χεῖρας
572 3749 666 3801 καί⁸
711 3750 971 3819 κεφαλήν.
1011 3752 1087 3804 Εἰ.
1118 3751 1226 3823 γὰρ
1276 3755 1542 3826 μέλλοιμι,
1583 3761 1735 3828 φησί,
1777 3761 1914 3815 ἀπο-

341 3839 627 3891 πεσεῖσθαι
673 3840 762 3893 διὰ
812 3840 1001 3894 τούτου
1050 3844 1149 3912 τῆς
1188 3844 1323 3915 πρὸς
1368 3848 1425 3898 σὲ
1479 3850 1779 3917 κοινωνίας,
1825 3856 1916 3907 καὶ

344 3931 562 4001 μακράν
593 3948 693 3984 που
733 3932 944 3985 κεῖσθαι
990 3933 1096 3988 τῶν
1130 3937 1187 3989 ἐν
1229 3937 1440 3990 ἐλπίσιν
1483 3941 1720 4007 ἀγαθῶν,
1754 3946 1801 3997 εί
1839 3947 1911 4015 μή

339 4039 423 4074 σοι
469 4024 562 4074 καί
602 4022 761 4075 τοῦτο
792 4025 925 4095 δρᾷν
968 4026 1201 4080 ἐθέλοντι
1238 4030 1330 4080 καὶ
1375 4032 1716 4103 προελομένῳ
1745 4052 1914 4088 κατα-

335 4112 608 4181 νεύσαιμι,
637 4116 729 4165 καὶ
765 4114 1089 4186 ἀπονίψαιμι
1111 4118 1238 4179 τοὺς
1272 4119 1454 4185 πόδας,
1493 4124 1794 4195 παραθήσω
1819 4127 1913 4178 κα)⁸

333 4204 403 4257 τὰ
432 4204 613 4269 λοιπὰ,
665 4204 761 4274 τὴν
808 4205 948 4258 οὕτω
994 4208 1430 4281 φρικωδεστάτην
1465 4213 1668 4282 ζημίαν
1714 4233 1913 4286 παραι-

333 4295 612 4365 τούμενος.
652 4296 949 4361 Εὑλαϐείας
971 4295 1063 4352 οὖν
1085 4295 1154 4370 ἦν
1190 4301 1297 4371 ἄρα
1330 4305 1538 4373 καρπὸς
1571 4307 1604 4375 ἡ
1635 4307 1692 4358 ἐν
1721 4309 1915 4377 ἀρχαῖς

340 4388 695 4457 παραίτησις,
738 4389 834 4442 καὶ
872 4388 931 4441 τὸ
975 4390 1235 4461 δυσαχθὲς
1267 4393 1497 4458 δεδιότος
1522 4396 1616 4449 τοῦ
1660 4398 1915 4467 πράγμα-

336 4495 448 4540 τος,
479 4480 597 4547 οὐχὶ
623 4479 686 4548 δὴ
713 4480 926 4541 πάντως
966 4482 1414 4550 ἀντιπράττοντος
1438 4490 1547 4549 τοῖς
1566 4490 1914 4552 Δεσποτικοῖς

336 4568 719 4636 ἐπιτάγμασιν.
769 4570 994 4623 Ἐννοῶν
1034 4589 1092 4624 τε
1124 4573 1250 4643 γὰρ,
1293 4576 1368 4637 ῶς
1406 4576 1562 4647 ἔφην,
1596 4579 1693 4648 τήν
1732 4597 1788 4630 τε
1819 4579 1912 4631 τοῦ

2086 3479 2191 3544 Qui
2233 3481 2394 3532 modo
2430 3486 2716 3545 tantopere
2748 3475 2969 3537 restitit,
3002 3482 3055 3529 et
3093 3474 3256 3543 pedes
3283 3472 3383 3525 sibi
3419 3471 3588 3524 lavari

2016 3580 2206 3640 aperte
2248 3570 2462 3635 renuit,
2501 3586 2608 3622 non
2651 3577 2859 3620 tantum
2897 3582 2990 3621 eos
3026 3566 3169 3618 ultro
3229 3564 3454 3632 profert,
3492 3562 3588 3616 sed

2016 3669 2069 3714 et
2100 3676 2298 3715 manus
2330 3668 2384 3713 et
2418 3667 2606 3727 caput.
2638 3658 2767 3710 Nam
2802 3657 2846 3711 si
2884 3672 2914 3709 a
2942 3666 3037 3709 tuo
3066 3655 3349 3709 consortio
3382 3653 3589 3707 idcirco

2019 3755 2392 3807 removendus
2434 3767 2579 3816 sum,
2624 3751 2821 3819 inquit,
2863 3759 2915 3803 et
2972 3766 3000 3803 a
3035 3750 3193 3804 bonis
3227 3764 3347 3817 quas
3409 3752 3587 3816 posita

2017 3853 2149 3900 Sunt
2190 3846 2244 3899 itt
2284 3860 2380 3914 spe
2418 3843 2819 3902 excludendos.
2861 3844 2964 3896 nisi
3000 3842 3094 3894 tibi
3137 3843 3241 3894 hoc
3301 3856 3463 3910 agere
3496 3857 3589 3894 vo-

2018 3937 2150 3990 lenti
2184 3937 2561 4005 statuentique
2593 3950 2862 4001 annuero,
2886 3944 2937 3988 et
2967 3934 3132 4003 pedes
3155 3934 3397 3996 abluero,
3427 3933 3586 3988 exhi-

2016 4031 2159 4084 bebo
2193 4032 2355 4084 etiam
2391 4031 2623 4098 reliqua.
2662 4029 2857 4083 nolens
2905 4028 3154 4082 terribile
3195 4028 3297 4080 ltoe
3324 4027 3588 4079 damnum

2019 4121 2319 4174 incurrere.
2382 4119 2707 4174 Reverentia
2771 4117 2938 4186 igitur
2984 4132 3047 4171 ac
3114 4124 3262 4169 metu
3316 4117 3590 4184 principio

2017 4212 2330 4272 recusabat,
2368 4212 2692 4280 gravitatem
2749 4210 2825 4264 rei
2863 4211 3280 4277 pertimescens,
3336 4224 3443 4261 non
3481 4210 3589 4261 uti-

2016 4317 2124 4371 que
2151 4302 2294 4369 quod
2331 4300 2542 4353 Domini
2592 4300 2867 4353 mandatis
2905 4301 3207 4353 resisteret.
3250 4298 3386 4352 Cum
3444 4299 3588 4352 enim

2019 4395 2161 4462 apud
2206 4410 2263 4447 se
2294 4399 2592 4462 reputaret,
2644 4392 2846 4462 inquit.
2894 4391 3203 4446 Servatoris
3244 4392 3587 4461 dignitatem,

2016 4488 2067 4533 et
2107 4488 2318 4533 naturae
2344 4495 2458 4533 suae
2486 4480 2808 4543 utilitatem,
2842 4480 3115 4548 principio
3148 4481 3366 4549 quidem
3424 4495 3591 4548 nega-

2017 4571 2148 4624 bat:
2200 4572 2295 4624 sed
2330 4586 2453 4624 cum
2497 4571 2756 4623 damnum
2791 4571 3079 4624 imminere
3108 4570 3390 4624 didicisset
3420 4573 3470 4624 ni
3512 4571 3591 4623 fa-

338 4658 586 4727 Σωτῆρος
618 4658 794 4724 ἀξίαν,
827 4661 921 4712 καὶ⁸
956 4660 1056 4727 τῆς
1097 4661 1289 4714 ἑαυτοῦ
1328 4664 1540 4729 φύσεως
1587 4665 1646 4716 τὸ
1693 4683 1913 4735 σμικρο-

2017 4670 2188 4725 ceret,
2217 4661 2429 4715 Domini
2461 4662 2756 4715 confestim
2787 4662 3125 4730 obtemperat
3159 4662 3424 4715 voluntati
3483 4659 3584 4712 liic

338 4750 567 4817 πρεπὲς,
597 4752 815 4820 ἠρνεῖτο
845 4750 943 4820 μὲν
968 4752 1025 4804 ἐν
1054 4753 1278 4821 ἀρχαῖς·
1311 4752 1495 4822 μαθὼν
1523 4754 1577 4806 δέ
1603 4754 1661 4806 τὸ
1698 4755 1913 4825 βλάϐος,

339 4841 499 4904 εὐθὺς
543 4843 862 4912 μετατρέχει
904 4843 1040 4911 πρὸς
1093 4845 1153 4895 τὸ
1217 4841 1499 4911 βούλεσθαι
1551 4845 1609 4897 τὸ
1654 4846 1731 4915 τῷ
1782 4864 1916 4917 κρα-

341 4932 520 4985 τοῦντι
570 4933 780 4986 δοκοῦν.
842 4934 1121 5003 Ἐπιτήρει
1177 4934 1235 4987 δὲ
1282 4934 1464 4998 πάλιν,
1501 4936 1593 4987 καὶ
1640 4936 1793 5006 δέχου
1856 4939 1917 4989 τὸ

348 5024 724 5092 πεπραγμένον
755 5026 834 5086 εἰς
860 5024 1125 5094 ὠφελείας
1157 5025 1540 5095 ὑπογραμμόν.
1584 5026 1769 5078 Καίτοι
1808 5027 1917 5096 γὰρ

346 5113 603 5183 ῖίρηκὼς·
647 5133 665 5166 ι
703 5115 777 5168 Οὐ
832 5115 906 5185 μὴ
955 5116 1114 5189 νίψῃς
1163 5134 1263 5186 μου
1308 5117 1434 5178 τοὺς
1485 5116 1649 5179 πόδας
1700 5118 1779 5179 εἰς
1826 5118 1918 5170 τὸν

349 5204 547 5269 αἰῶνα,
607 5225 627 5256 ι
673 5205 990 5277 μεθίσταται
1044 5207 1381 5277 παραχρῆμα
1436 5206 1527 5258 τοῦ
1578 5207 1713 5277 πρὸς
1762 5207 1919 5260 τοῦτο

337 5298 624 5369 βλέποντος
674 5298 789 5363 νοῦ,
840 5300 939 5352 οὐκ
984 5301 1158 5352 ἐκεῖνο
1218 5299 1449 5369 μάλιστα
1509 5300 1785 5368 ἐννοήσας,
1836 5300 1919 5352 ὅτι

339 5389 603 5459 προσήκοι
626 5392 738 5453 τοῖς
773 5389 921 5452 ἰδίοις
959 5390 1122 5442 αὐτὸν
1165 5389 1472 5458 ἐμμένοντα
1520 5389 1692 5456 λόγοις
1744 5390 1916 5459 ἁληθῆ

335 5478 624 5547 φαίνεσθαι
661 5482 788 5550 παρ’
814 5483 967 5551 ἡμῖν,
1013 5480 1127 5533 ἀλλ’
1166 5481 1245 5532 ὅτι
1292 5481 1511 5549 μείζονα
1545 5481 1636 5532 καὶ
1670 5482 1918 5549 χαλεπω-

332 5574 501 5641 τέραν
528 5570 748 5642 εὑρήσει
778 5570 1004 5643 ζημίαν,
1049 5572 1146 5641 τὴν
1187 5573 1251 5624 ἐκ
1274 5571 1367 5623 τοῦ
1402 5572 1638 5641 τηρῆσαι
1666 5571 1724 5624 τὸ
1762 5575 1912 5642 εἰρη-

338 5660 517 5730 μένον.
550 5661 1012 5732 Παραφυλακτέον
1040 5662 1327 5732 τοιγαροῦν
1352 5662 1412 5713 τὸ
1444 5661 1694 5731 προαλῶς
1724 5679 1774 5713 τι
1822 5665 1914 5716 καὶ

334 5753 644 5825 προχείρως
694 5757 889 5821 εἰπεῖν,
934 5757 1070 5826 μήτε
1101 5756 1198 5826 μὲν
1244 5754 1455 5824 ἀγρίοις
1498 5752 1797 5821 ἐπειγέσθω
1830 5772 1913 5818 τις

2017 4752 2393 4805 animadverte
2429 4768 2641 4813 rursus,
2672 4763 2721 4807 et
2762 4751 2969 4806 factum
3009 4754 3185 4822 ipsum
3241 4754 3293 4804 in
3339 4752 3590 4820 ιιι-ιιεερΐί-

2018 4853 2165 4914 ptum
2185 4852 2236 4897 et
2262 4844 2501 4913 regulam
2528 4846 2712 4898 utilem
2745 4846 3174 4913 cape.Quamvis
3201 4844 3343 4898 enim
3365 4843 3588 4906 dixerit,

2022 4954 2040 4985 ι
2088 4934 2205 4988 Non
2244 4935 2452 4989 Iavabis
2481 4936 2612 4989 mibi
2644 4937 2810 5004 pedes
2837 4938 2888 4989 in
2916 4945 3203 4997 :rteruum,
3239 4954 3257 4985 ι
3297 4936 3586 4987 consilium

2016 5034 2198 5080 tamen
2238 5041 2302 5079 ac
2339 5038 2570 5079 tuentem
2599 5030 2784 5080 statim
2824 5036 3032 5091 mutat,
3066 5026 3308 5094 ttonjam
3341 5027 3589 5093 cogitans

2018 5117 2231 5170 ﬁrmum
2265 5128 2318 5171 et
2347 5125 2691 5172 constantem
2737 5118 2791 5170 in
2837 5118 2999 5171 dictis
3033 5116 3302 5170 manendo
3342 5130 3586 5169 veracem

2016 5209 2186 5262 videri
2222 5216 2492 5277 oportere,
2526 5210 2620 5261 sed
2660 5210 2923 5272 maiorem
2964 5209 3383 5276 gravioremqne
3409 5207 3590 5276 jaetu-

2016 5314 2130 5351 ram
2168 5299 2273 5351 sibi
2315 5298 2603 5352 imminere
2635 5297 2798 5367 724
2831 5299 2876 5350 si
2917 5298 3081 5350 dictis
3117 5297 3348 5349 steterit.
3374 5297 3589 5352 Caren-

2015 5388 2143 5441 dutn
2188 5389 2370 5457 itaque
2418 5407 2485 5443 tte
2520 5392 2647 5459 quid
2701 5405 3041 5457 pra-propere
3083 5403 3144 5440 ac
3186 5397 3388 5445 temere
3440 5390 3590 5443 diea-

2022 5497 2144 5535 tnus
2174 5500 2184 5533 :
2217 5497 2393 5550 neque
2425 5498 2551 5536 vero
2585 5482 2709 5550 quis
2738 5481 2952 5533 acerbis
2988 5480 3212 5534 vocibus
3249 5481 3509 5541 incessat.
3542 5484 3588 5534 si

2021 5572 2150 5640 quid
2183 5589 2247 5626 ex
2283 5573 2505 5627 levitate
2536 5584 2588 5626 et
2648 5571 3115 5624 ineonsiderantia
3171 5571 3433 5639 rejeetum
3492 5574 3591 5623 sit-

2022 5665 2114 5717 sed
2152 5665 2194 5717 si
2233 5665 2360 5733 quid
2403 5666 2565 5718 alicui
2607 5662 2897 5723 exciderit.
2930 5678 2993 5715 ac
3057 5678 3179 5716 mox
3244 5678 3338 5729 per
3376 5662 3590 5714 inlicia-

2025 5753 2226 5805 tionem
2286 5755 2486 5806 bonum
2519 5752 2739 5822 aliquod
2795 5767 2858 5806 ac
2917 5754 3048 5806 utile
3104 5760 3159 5804 et
3219 5750 3587 5801 necessarium
