4106 6262
512 321 614 382 “9

1505 321 1562 377 S.
1602 322 1878 379 CYRILLI
1919 320 2387 377 ALEXANDR‘INI
2415 320 2733 378 ARCHIEP.

3645 316 3757 373 1Ξο

511 442 795 507 appareat,
830 452 897 492 ex
959 435 1066 492 hoc
1120 435 1240 491 loco
1295 435 1553 492 observet
1595 437 1756 509 longe
1810 446 2066 508 prastare

2177 438 2393 500 τόνοις..
2429 475 2443 489 .
2473 476 2488 490 .
2519 475 2533 490 .
2564 475 2578 489 .
2617 474 2632 488 .
2664 434 2724 488 τὸ
2757 434 2821 488 ἐκ
2844 432 3171 505 προπετείας
3194 428 3574 493 ἀποπτυσθέν,
3612 427 3750 482 ἀλλά

511 529 659 598 quod
696 531 823 585 usui
877 529 950 584 sit
1015 527 1193 583 facere
1250 527 1462 595 conari,
1516 544 1688 599 quam
1748 529 1922 599 loqui,
1983 535 2078 583 aut

511 619 718 675 frustra
757 620 1120 684 contendere,
1155 619 1310 689 quasi
1345 634 1469 674 cum
1524 621 1740 675 ratione
1791 621 2073 689 loquatur.

511 710 685 765 Nemo
719 711 919 781 quippe
953 726 1057 764 non
1087 711 1455 781 praestabilius
1478 749 1492 774 ,
1525 713 1742 780 opinor,
1795 709 2074 773 fatebitur,

512 802 801 856 verborum
830 816 992 871 quam
1018 792 1203 855 rerum
1240 803 1686 857 necessariarum
1725 801 1870 856 ferre
1899 802 2075 866 iactu-

512 904 651 943 ram.
686 888 789 945 Sed
828 891 1074 958 procula
1106 891 1292 963 lingua
1320 899 1509 946 nostra
1544 892 1918 960 juramentum
1977 891 2073 955 sit,

507 979 578 1033 ob
618 981 829 1034 subitas
854 993 903 1035 et
941 981 1359 1037 inconsideratae
1396 983 1596 1038 mentis
1632 997 1818 1047 voces,
1862 990 1910 1036 et
1953 997 2075 1052 qure

506 1071 655 1124 velut
685 1085 747 1125 ex
785 1073 1115 1128 necessitate
1142 1073 1416 1128 interdum
1441 1075 1697 1129 accidunt
1718 1074 2070 1129 mutationes.

506 1159 760 1231 Magnum
793 1163 940 1217 enim
974 1173 1059 1218 est
1088 1178 1265 1234 Operae
1294 1165 1527 1235 pretium
1561 1166 1804 1235 linguam
1836 1167 2071 1221 circum-

506 1261 753 1323 spectant
777 1253 1001 1316 habere,
1027 1270 1130 1309 nec
1163 1256 1219 1309 in
1252 1270 1315 1310 ea
1354 1272 1477 1326 qua:
1518 1258 1706 1312 minus
1737 1258 2074 1311 conveniunt

506 1344 903 1416 prolabentem.
947 1344 1053 1400 Sed
1087 1347 1218 1417 quia
1254 1362 1365 1401 rem
1403 1347 1629 1402 arduam
1695 1362 1820 1403 esse
1845 1362 2072 1417 prorsus

504 1434 625 1505 ipse
675 1450 894 1506 quoque
958 1437 1124 1492 nobis
1154 1436 1377 1494 divinus
1429 1453 1613 1495 sermo
1676 1438 2067 1494 demonstrat:

509 1541 529 1575 ι
564 1524 829 1596 Linguam
855 1525 1001 1580 enim
1030 1526 1215 1583 nullus
1248 1527 1532 1583 hominum
1563 1528 1788 1584 domare
1810 1536 2013 1599 potest,
2043 1547 2063 1580 ι

503 1624 564 1670 ιιι
597 1618 861 1687 scriptum
910 1626 995 1673 est
1015 1619 1090 1683 ⁷⁸,
1127 1634 1438 1675 sermonem
1500 1621 1640 1675 citra
1686 1620 2067 1689 juramentum

502 1709 671 1763 ullum
702 1708 1071 1779 proferamus.
1105 1710 1262 1766 'l‘unc
1290 1713 1437 1767 enim
1466 1710 1513 1767 si
1543 1711 1675 1782 quid
1709 1712 2068 1781 praetergredi

2178 530 2279 584 κάν
2323 546 2375 582 τι
2423 527 2676 595 λέγεσθαι
2721 525 2900 597 συμϐῇ
2949 524 3099 596 παρὰ
3152 540 3334 585 τινων,
3374 518 3495 575 εἶτά
3538 537 3593 574 τι
3640 520 3751 574 τῶν

2176 618 2398 686 ἀγαθῶν
2461 619 2557 672 καὶ
2620 619 3056 688 ἀναγκαιοτέρων
3110 617 3436 687 ἀφανίζηται
3507 614 3597 669 διὰ
3649 615 3748 683 τῆς

2177 711 2498 775 ἐνστάσεως,
2552 711 2858 779 ἐπαθρείτω
2902 711 2989 765 διὰ
3042 709 3150 764 τῶν
3194 709 3566 780 προκειμένων
3593 749 3608 771 ,
3665 708 3741 761 ὅτι

2177 801 2310 855 πολὺ
2334 801 2454 856 λίαν
2485 804 2541 855 ἐν
2569 802 2813 872 ἀμείνοσι
2849 802 2909 855 τὺ
2939 802 3012 873 μὴ
3055 802 3232 870 λέγειν
3266 801 3453 864 ἁπλῶς
3507 800 3601 853 καὶ
3633 801 3739 853 δια⁹

2168 893 2439 964 ντείνεσθαι
2472 895 2667 964 μάτην,
2699 895 2780 948 ὅτι
2803 893 3047 957 δεδωκὼς
3083 894 3166 964 εἴη
3192 893 3365 962 λόγον,
3395 892 3653 964 πράττειν
3692 891 3749 943 δὲ

2178 985 2378 1055 μᾶλλον
2424 986 2736 1055 ἐπείγεσθαι
2775 986 2836 1038 τὸ
2863 984 3154 1047 λυσιτελές.
3209 986 3468 1056 Κρείττον
3509 985 3639 1051 γάρ,
3667 978 3751 1035 οἷ·-

2177 1092 2295 1146 μαι,
2327 1077 2433 1139 πᾶς
2473 1093 2556 1139 τις
2600 1076 2735 1145 ἐρεῖ,
2786 1076 2845 1128 ἐν
2891 1074 3071 1142 λόγοις
3118 1074 3263 1144 ἡμᾶς
3297 1073 3586 1143 ὑπομεῖναι
3610 1087 3750 1142 γρα-

2174 1168 2362 1240 φὴν,ἢ
2413 1168 2758 1238 πραγμάτων
2808 1166 3120 1236 ἀναγκαίων
3164 1164 3367 1235 ζημίαν
3400 1163 3749 1233 ὑφίστασθαι.

2186 1257 2430 1313 Ἀπέστω
2461 1258 2516 1312 δὲ
2544 1258 2787 1329 γλώττης
2825 1259 2921 1328 τῆς
2954 1257 3227 1329 ἡμετέρας
3257 1256 3317 1310 τὸ
3357 1254 3587 1327 ὀμνύναι
3617 1273 3752 1308 παν-

2172 1348 2361 1412 τελῶς,
2394 1348 2480 1402 διά
2526 1349 2624 1411 τὰς
2674 1346 2995 1418 προχείρους
3037 1363 3094 1399 τε
3148 1344 3241 1399 καὶ
3272 1344 3330 1411 ἐξ
3372 1344 3596 1417 ἀκρίτου
3629 1342 3747 1396 δια-

2171 1440 2317 1504 νοίας
2351 1439 2555 1507 φωνὰς,
2601 1438 2696 1490 καὶ
2743 1439 2839 1500 τὰς
2889 1436 2998 1489 ἐσθ’
3033 1436 3121 1488 ὅτε
3155 1433 3558 1505 συμϐαινούσας
3582 1432 3657 1495 ὡς
3687 1431 3748 1497 ἐξ

2171 1530 2416 1599 ἀνάγκης
2443 1528 2763 1599 μεταϐολάς.
2797 1526 2981 1592 ’Ἄξιον
3007 1526 3105 1598 μὲν
3129 1525 3237 1597 γὰρ
3264 1526 3359 1579 καὶ
3387 1524 3748 1594 ἀξιοζήλωτον

2170 1622 2335 1685 ὅντως
2362 1622 2477 1693 ἐρεῖ
2502 1637 2586 1683 τις
2617 1620 2678 1672 τὸ
2707 1618 2949 1687 γλῶτταν
2979 1617 3121 1688 ἔχειν
3150 1618 3509 1688 ἐπιστήμονα,
3545 1617 3639 1669 καὶ
3667 1618 3749 1680 είς

2170 1713 2205 1767 ἀ
2233 1712 2306 1784 μὴ
2334 1713 2607 1784 προσῆκεν
2643 1711 2887 1779 ὀλιγάκις
2928 1709 3405 1763 διολισθαίνουσαν.
3443 1707 3662 1777 Ἐπειδὴ
3692 1706 3750 1759 δὲ

503 1805 723 1869 tempus
752 1801 1066 1872 contigerit.
1108 1802 1289 1857 minor
1321 1804 1428 1858 erit
1449 1803 1633 1874 culpa,
1663 1810 1717 1858 et
1749 1802 1933 1858 minus
1965 1801 2066 1857 erit

2171 1804 2230 1856 τὸ
2257 1805 2490 1873 πρᾶγμα
2517 1800 3019 1869 δυσκαταγώνιστον
3077 1801 3172 1853 καὶ
3204 1798 3365 1863 αὐτὸς
3394 1799 3526 1869 ἡμῖν
3552 1800 3580 1851 ὁ
3608 1797 3751 1861 θεῖος

504 1890 561 1943 iu
602 1890 758 1960 lapsu
783 1890 1252 1960 reprehensionis,
1285 1891 1382 1947 sed
1418 1890 1599 1958 facile,
1633 1899 1692 1946 ut
1724 1906 1871 1956 reor,
1904 1905 1932 1944 a
1963 1889 2066 1946 Deo

2169 1891 2451 1963 παρέδειξε
2491 1891 2675 1960 λόγος·
2710 1912 2726 1942 ι
2764 1890 2874 1962 Τὴν
2907 1889 3013 1961 γὰρ
3052 1888 3295 1957 γλῶτταν
3324 1888 3498 1951 οὐδεὶς
3524 1886 3751 1941 δύναται

504 1980 719 2035 veniam
759 1995 1186 2051 consequemur,
1222 1981 1294 2036 ob
1345 1982 1620 2037 levitatem
1673 1996 1796 2053 quae
1852 1988 2066 2038 nostras

2168 1983 2467 2055 ἀνθρώπων
2523 1983 2783 2054 δαμάσαι,
2821 2004 2839 2036 ›
2879 1982 3022 2037 κατά
3079 1982 3140 2035 τὸ
3196 1979 3514 2052 εἰρημένον·
3565 1979 3749 2049 ὅρκων

502 2071 862 2140 Cogitationes
894 2071 1009 2127 fere
1057 2071 1373 2127 comitatur.
1417 2090 1436 2124 ι
1480 2071 1693 2128 Delicta
1733 2071 1879 2127 enim
1946 2069 2066 2140 quis

2166 2075 2455 2146 ἐλευθέραν
2485 2075 2583 2145 τὴν
2608 2073 2718 2126 τῶν
2750 2074 2922 2142 λόγων
2966 2071 3247 2143 ποιώμεθα
3276 2069 3579 2143 προφορὰν.
3613 2062 3749 2121 Τότε

502 2163 795 2236 intelliget,
835 2182 854 2216 ι
890 2173 948 2218 ιιι
989 2164 1256 2232 scriptum
1287 2164 1456 2230 est",
1491 2172 1587 2218 aut
1645 2163 1920 2234 quomodo
1957 2179 2066 2218 non

2166 2165 2272 2236 γὰρ
2320 2164 2374 2217 εί
2411 2180 2463 2216 τι
2523 2164 2618 2216 καὶ
2656 2162 2943 2233 παρελθεῖν
2981 2162 3287 2230 ἀναγκάσαι
3339 2160 3548 2231 καιρὸς,
3593 2161 3746 2229 μεῖον

499 2255 767 2309 ceciderit
802 2265 1056 2311 terrenus
1094 2256 1283 2319 homo,
1314 2270 1439 2310 cum
1486 2270 1667 2311 sermo
1728 2255 1782 2309 in
1838 2254 2063 2324 quidvis

2168 2254 2318 2308 ἔσται
2348 2254 2409 2307 τὸ
2437 2254 2817 2324 κατηγόρημα,
2848 2254 2943 2306 καὶ
2973 2252 3341 2323 μετριωτέραν
3365 2251 3474 2316 ἕξει
3501 2249 3563 2303 τὸ
3594 2252 3746 2302 πταῖ-

500 2343 658 2399 facile
685 2347 979 2415 erumpat?
1004 2345 1216 2416 Lingua
1272 2346 1418 2402 enim
1452 2354 1643 2426 nostra
1703 2345 1846 2400 haud
1905 2344 2063 2400 facile

2169 2361 2281 2414 σμα
2329 2346 2429 2414 τὴν
2480 2343 2726 2414 γραφήν’
2780 2342 3014 2405 εὐκόλως
3049 2341 3094 2395 δ’
3127 2340 3213 2407 ἂν,
3265 2339 3437 2410 οἶμαι,
3492 2339 3587 2394 καὶ
3641 2338 3744 2410 τῆς

500 2437 744 2491 coerceri
782 2448 983 2498 potest.

2167 2433 2319 2505 παρά
2350 2431 2485 2487 Θεοῦ
2519 2451 2601 2496 τις
2631 2431 2957 2503 συγγνώμης
2984 2432 3251 2497 τεύξεται,
3276 2432 3362 2485 διὰ
3389 2431 3487 2503 τὴν
3511 2431 3595 2484 ἀεί
3624 2446 3745 2494 πως

500 2526 630 2596 ἡμῖν
658 2531 1046 2601 παρεπομένην
1072 2531 1178 2583 τῶν
1205 2530 1477 2601 λογισμῶν
1502 2531 1780 2602 ἐλαφρίαν.
1818 2551 1836 2583 ι
1878 2528 2307 2601 Παραπτώματα
2341 2529 2448 2600 γὰρ
2485 2528 2568 2593 τίς
2637 2529 2887 2598 συνήσει;
2925 2547 2943 2579 ι
3006 2526 3147 2582 κατά
3213 2527 3275 2581 τὸ
3336 2526 3741 2597 γεγραμμένον.

500 2618 533 2690 ἣ
569 2620 685 2685 πῶς
721 2622 820 2675 οὐκ
858 2621 923 2676 ἂν
968 2622 1261 2693 διαπταίσῃ
1304 2624 1490 2693 γήϊνος
1568 2623 1873 2694 ἄνθρωπος,
1912 2623 2192 2692 λειοτάτην
2238 2623 2452 2692 ἔχοντος
2493 2622 2587 2675 τοῦ
2638 2621 2796 2690 λόγου
2844 2620 2942 2692 τὴν
2989 2622 3070 2684 είς
3146 2620 3324 2675 ὁτιοῦν
3387 2620 3743 2691 ἀποδρομήνς

499 2714 538 2766 Γ
541 2714 717 2769 λῶττα
750 2716 856 2788 γὰρ
885 2717 917 2787 ἠ
952 2719 1009 2771 ἐν
1040 2717 1173 2787 ἡμῖν
1200 2718 1261 2770 οὐ
1297 2716 1415 2770 λίαν
1438 2714 1749 2788 εὐκάτοχος.

571 2805 712 2871 XIII,
753 2807 840 2869 10,
874 2807 959 2862 Il.
998 2806 1133 2861 Dicit
1159 2809 1205 2861 ei
1234 2806 1427 2862 Iesus:
1460 2807 1566 2874 Qui
1617 2808 1757 2862 lotus
1809 2818 1911 2871 est,
1964 2823 2064 2860 non

499 2900 696 2970 indiget
724 2901 830 2953 nisi
860 2908 918 2953 ut
947 2900 1100 2969 pedes
1142 2901 1296 2963 lavet,
1328 2902 1417 2955 sed
1442 2911 1517 2957 est
1542 2901 1767 2956 mundus
1796 2911 1957 2956 totus.
1993 2899 2061 2952 Et

2239 2802 2406 2873 Λέγει
2432 2802 2591 2867 αὐτῷ
2621 2806 2653 2857 ὀ
2686 2803 2914 2870 Ἰησοῦς
2932 2821 2944 2833 ·
2976 2803 3028 2856 '0
3048 2804 3417 2873 λελουμένος
3443 2806 3515 2859 οὐ
3534 2805 3748 2874 χρείαν

2166 2896 2309 2965 ἔχει,
2335 2894 2373 2964 ἣ
2394 2895 2535 2961 τοὺς
2561 2894 2749 2960 πόδας
2781 2896 3093 2964 νίψασθαι,
3132 2896 3269 2951 ἀλλ’
3307 2896 3439 2952 ἔστι
3486 2900 3745 2967 καθαρὸς

499 3005 589 3043 υοε
617 2988 976 3055 mundi'estis,
1017 2989 1108 3044 sed
1142 3006 1247 3045 non
1280 3007 1479 3045 omnes.
1511 2991 1722 3046 Sciebat
1746 2991 1888 3045 enim
1916 2989 2064 3059 quis-

2166 2986 2328 3051 ὅλος.
2365 2985 2472 3040 Καὶ
2506 2987 2673 3055 ὑμεῖς
2701 2988 2946 3053 καθαροί
2978 2987 3139 3051 ἐστε,
3168 2989 3306 3043 ἀλλ’
3332 2988 3465 3057 οὐχί
3493 2990 3741 3057 πάντες.

501 3095 623 3134 nam
657 3090 791 3135 esset
819 3082 910 3151 qui
949 3080 1176 3136 traderet
1211 3098 1347 3136 eum.
1382 3081 1670 3152 Propterea
1699 3082 1877 3136 dixit:
1940 3079 2062 3134 Non

498 3172 629 3226 estis
670 3171 854 3225 mundi
883 3188 1080 3226 omnes.

568 3265 612 3315 A
676 3277 735 3317 re
794 3263 1072 3317 communi
1107 3269 1161 3318 et
1194 3261 1396 3318 usitata
1432 3262 1579 3332 apud
1611 3279 1712 3319 nos
1747 3265 2062 3335 exemplum

499 3353 662 3422 capit,
718 3359 773 3407 et
810 3351 1199 3421 percommode
1251 3353 1734 3423 reprehensionem
1793 3357 2064 3426 proditori

499 3444 686 3507 struit,
715 3442 920 3500 docens
960 3443 1239 3498 hominem
1273 3451 1519 3499 mutasse
1548 3444 1863 3507 consilium,
1894 3452 1949 3500 et
1996 3446 2064 3502 ad

498 3535 772 3589 deteriora
848 3550 1203 3591 conversum.
1282 3533 1524 3591 Tametsi
1596 3537 1742 3591 enim
1820 3537 2062 3594 nondum

498 3635 686 3697 aperte
721 3628 1054 3684 temeritatis
1097 3627 1218 3698 ejus
1245 3627 1481 3682 crimina
1537 3627 1842 3698 redarguit,
1882 3644 2063 3686 acrem

496 3727 685 3774 tamen
709 3719 1013 3788 emphasim
1045 3719 1214 3774 habet
1244 3720 1439 3774 oratio.
1475 3717 1583 3773 Per
1612 3735 1735 3789 qua:
1781 3721 1928 3775 enim
1960 3736 2066 3776 cae-

499 3810 630 3862 teris
658 3806 958 3877 perfectam
987 3809 1277 3877 puritatem
1306 3810 1523 3872 tribuit,
1561 3825 1659 3880 per
1700 3810 1820 3865 haec
1873 3811 2064 3866 eadem

498 3906 821 3969 suspectum
850 3898 1027 3952 reddit
1047 3915 1172 3953 eum
1202 3901 1298 3969 qui
1329 3902 1460 3955 talis
1492 3916 1606 3954 non
1646 3902 1755 3966 sit,
1781 3910 1836 3957 et
1878 3902 2066 3972 inqui-

498 3999 688 4045 natum
722 3989 980 4043 ostendit.
1011 3990 1150 4046 Aliis
1180 3991 1325 4045 enim
1351 3993 1470 4060 ejus
1499 3991 1788 4062 discipulis
1825 4002 1881 4049 et
1917 3995 2067 4064 jugis

498 4077 663 4151 725
685 4078 1031 4133 assiduitatis
1053 4080 1225 4151 gloria
1247 4116 1263 4141 ,
1332 4090 1386 4134 et
1407 4082 1794 4137 asseclationis
1818 4083 1988 4147 labor,
2012 4092 2067 4139 et

498 4172 555 4225 in
587 4171 691 4226 tide
719 4170 953 4226 ﬁrmitas
992 4178 1159 4242 atque
1185 4172 1521 4235 constantia,
1569 4180 1622 4227 et
1663 4174 1903 4241 perfecta
1934 4190 2065 4245 erga

498 4261 781 4315 Christum
817 4260 1063 4315 charitas
1118 4261 1409 4328 puritatem
1466 4262 1760 4317 conciliat:
1796 4263 2063 4333 proditori

2171 3076 2334 3147 ’ᾘδει
2364 3074 2473 3146 γὰρ
2499 3078 2607 3129 τὸν
2638 3076 3040 3143 παραδιδόντα
3075 3079 3279 3134 αὐτόν.
3318 3080 3423 3134 Διὰ
3449 3081 3624 3136 τοῦτο
3657 3078 3743 3137 εἷ-

2166 3184 2298 3230 πεν,
2330 3166 2418 3220 ὅτι
2452 3167 2598 3237 Οὐχὶ
2633 3165 2900 3241 [πάντες]
2929 3171 3174 3238 καθαροί
3209 3170 3368 3224 ἐστε.
3698 3242 3704 3247 Α

2234 3258 2458 3328 Δέχεται
2511 3259 2612 3328 μὲν
2657 3260 2723 3310 ἐκ
2764 3259 2885 3312 τῶν
2918 3259 3037 3313 καθ’
3068 3262 3214 3331 ἡμᾶς
3245 3261 3353 3315 ἀπὸ
3385 3262 3568 3318 κοινοῦ
3601 3265 3743 3335 πρά-

2163 3365 2371 3419 γμοιτος
2398 3348 2459 3402 τὸ
2489 3348 2855 3419 παράδειγμα,
2880 3349 3207 3420 εύαφόρμως
3234 3368 3293 3404 τε
3316 3350 3637 3422 διαπράττει
3662 3353 3743 3425 τῷ

2164 3437 2399 3510 προδότῃ
2430 3437 2520 3491 τὸν
2558 3437 2799 3509 ἔλεγχον,
2837 3439 3328 3509 μεταϐουλεύεσθαί
3358 3457 3419 3494 τε
3447 3440 3737 3508 διδάσκων,

2163 3530 2258 3582 καὶ
2285 3529 2664 3600 μετατίθεσθαι
2693 3532 2773 3594 εἰς
2804 3529 2916 3595 ἕξιν
2948 3531 3047 3601 τὴν
3081 3530 3287 3601 ἀμείνω
3310 3531 3401 3585 τὸν
3428 3532 3739 3604 ἄνθρωπον.

2163 3619 2227 3672 Εἰ
2258 3619 2367 3691 γάρ
2399 3619 2491 3699 καῖ
2519 3617 2671 3674 οὔπω
2697 3620 2917 3691 γυμνῶς
2953 3622 3051 3691 τῆς
3080 3620 3303 3691 ἐνούσης
3341 3621 3488 3693 αὐτῷ
3513 3623 3741 3677 δυσϐου-

2162 3708 2281 3774 λίας
2307 3710 2597 3782 ἀπελέγχει
2634 3712 2703 3765 τὰ
2752 3711 3093 3783 ἐγκλήματα,
3132 3713 3244 3766 ἀλλ’
3277 3709 3368 3767 οὖν
3399 3730 3460 3781 γε
3487 3714 3741 3786 δριμεῖαν

2162 3804 2191 3855 ὁ
2221 3802 2376 3871 λόγος
2406 3803 2518 3874 ἔχει
2544 3803 2642 3874 τὴν
2671 3803 2925 3874 ἔμφασιν.
2951 3806 3028 3857 Δι’
3058 3799 3133 3858 ὧν
3160 3805 3266 3877 γὰρ
3295 3808 3406 3870 τοῖς
3431 3806 3610 3870 ἀλλοις
3638 3807 3739 3877 τὴν

2163 3895 2243 3957 εἰς
2272 3894 2559 3967 ὁλόκληρον
2594 3895 2938 3967 καθαρότητα
2969 3901 3253 3969 μαρτυρεῖ,
3285 3897 3524 3953 ὕποπτον
3551 3899 3737 3969 δηλον‹¹

2163 3984 2246 4037 ότι
2277 3985 2367 4037 τὸν
2407 3986 2481 4056 μὴ
2535 3985 2774 4040 τοιοῦτον
2825 3987 3150 4058 καθίστησι,
3191 3988 3286 4041 καὶ
3329 3987 3738 4059 μεμολυσμένον

2164 4076 2522 4131 ἀποδεικνύει.
2556 4079 2681 4141 Τοῖς
2713 4079 2811 4147 μὲν
2843 4081 2950 4149 γὰρ
2985 4081 3191 4151 ἐτέροις
3228 4081 3393 4134 αὑτοῦ
3445 4083 3736 4152 μαθηταῖς,

2164 4166 2256 4219 καὶ
2286 4166 2347 4219 τὸ
2374 4170 2473 4238 τῆς
2497 4169 2906 4239 ἀπερισπάστου
2942 4172 3295 4242 προσεδρείας
3332 4172 3615 4243 καύχημα,
3642 4173 3737 4227 καὶ⁵

2162 4257 2253 4313 τὸν
2281 4257 2379 4329 τῆς
2414 4259 2819 4331 ἀκολουθήσεως
2852 4262 3032 4328 πόνον,
3078 4264 3172 4317 καὶ¹
3201 4263 3262 4316 τὸ
3297 4264 3512 4334 βέϐαιον
3544 4267 3604 4319 ἐν
3641 4265 3737 4318 πί-

502 4367 631 4406 vero
652 4359 706 4405 et
724 4349 1127 4420 inexplicabilis
1155 4351 1404 4405 avaritiae
1418 4349 1648 4412 crimen,
1672 4361 1726 4407 et
1751 4352 2066 4410 dilectionis

2171 4364 2304 4411 στει,
2334 4350 2425 4403 καὶ
2461 4352 2523 4404 τὺ
2560 4351 2764 4422 πλῆρες
2786 4353 2842 4406 ἐν
2871 4354 3059 4426 ἀγάπῃ
3084 4356 3147 4424 τῇ
3183 4355 3310 4424 περὶ
3350 4355 3605 4426 Χριστὸν,
3633 4355 3737 4426 τὴν

498 4455 626 4511 erga
656 4439 947 4493 Dominum
969 4447 1220 4495 nostrum
1253 4440 1438 4496 Jcsum
1467 4439 1745 4495 Christum
1775 4441 2066 4499 inﬁrmitas

497 4537 759 4585 aeternam
790 4528 968 4583 labem
1000 4527 1204 4593 inurit,
1257 4536 1311 4584 et
1340 4527 1790 4598 incomparabilis
1844 4528 2066 4583 temeri-

499 4619 632 4674 tatis
693 4624 879 4671 notam
941 4617 1227 4688 imprimit.
1278 4616 1415 4672 Cum
1475 4633 1608 4689 ergo
1665 4618 1919 4674 Christus
1953 4619 2064 4682 ait,

504 4724 525 4758 ι
549 4707 659 4763 Vos
683 4706 874 4761 mundi
898 4706 1054 4768 estis,
1089 4706 1182 4761 sed
1210 4721 1319 4761 non
1352 4721 1566 4770 omnes,
1588 4725 1608 4759 ι
1640 4708 1913 4762 occultam
1943 4706 2067 4776 qui-

499 4799 647 4862 dem,
685 4806 1057 4851 verumtamen
1089 4795 1389 4866 proditoris
1447 4797 1637 4851 utilem
1674 4797 2064 4867 reprehensio-

500 4903 624 4944 nem
654 4889 917 4943 continet.
942 4886 1182 4943 Tametsi
1212 4887 1353 4942 enim
1380 4902 1487 4941 non
1511 4895 1698 4957 aperte
1722 4889 2062 4958 loqueretur,

501 4986 561 5031 ut
595 4993 766 5047 nuper
799 4978 1062 5039 diximus,
1086 4984 1269 5030 tamen
1304 4977 1642 5031 conscientia
1692 4992 2063 5046 unumquem-

497 5086 607 5139 que
656 5077 1002 5140 peccatorem
1059 5067 1357 5138 pungebat,
1410 5076 1465 5122 et
1522 5067 1813 5123 verborum
1851 5068 1958 5121 vim
1995 5067 2064 5122 ad

498 5168 712 5216 sontem
761 5161 938 5232 ipsum
985 5159 1127 5213 velut
1149 5173 1215 5213 ex
1251 5158 1581 5213 necessitate
1606 5157 1842 5227 quadam
1877 5157 2062 5211 trahe-

498 5251 612 5305 bat.
646 5248 892 5305 Observa
926 5255 1111 5303 autem
1147 5247 1238 5301 hic
1270 5247 1571 5317 singularis
1623 5248 2061 5319 dispensationis

496 5350 554 5396 et
589 5340 700 5395 Deo
729 5341 907 5410 digna:
939 5339 1216 5409 patientiae
1254 5350 1415 5409 opus.
1452 5338 1512 5392 Si
1561 5339 1707 5393 enim
1747 5348 1935 5410 aperte
1977 5341 2059 5394 di-

2162 4439 2505 4511 καθαρότητα
2540 4440 2817 4512 προξενεῖ’
2849 4442 2926 4513 τῷ
2972 4459 3035 4511 γε
3083 4444 3191 4514 μὴν
3237 4445 3429 4516 ἑτέρῳ,
3459 4447 3553 4500 καὶ
3603 4445 3735 4499 αὐτὸ

2159 4531 2260 4600 τῆς
2306 4531 2581 4602 ἀπλήστου
2631 4532 3066 4603 φιλοχρηματίας
3112 4536 3173 4588 τὸ
3218 4535 3489 4607 ἔγκλημα,
3539 4537 3632 4591 καὶ
3671 4537 3735 4591 τὸ

2161 4622 2384 4685 ἀσθενὲς
2410 4625 2489 4687 εἰς
2514 4623 2751 4677 διάθεσιν
2776 4627 2873 4696 τὴν
2904 4628 3031 4696 περὶ
3079 4630 3169 4679 τὸν
3206 4627 3409 4697 Κύριον
3436 4627 3594 4698 ἡμῶν
3633 4627 3734 4699 Ἰη-

2163 4710 2289 4764 σοῦν
2321 4711 2410 4765 τὸν
2438 4712 2669 4782 Χριστὸν
2707 4714 2804 4784 τὴν
2846 4715 3194 4768 ἀνέκλειπτον
3222 4717 3413 4788 κηλῖδα
3469 4718 3732 4790 προστρί-

2162 4802 2331 4865 ϐεται,
2366 4803 2460 4857 καὶ
2496 4803 2594 4875 τῆς
2624 4805 2952 4877 ἀσυγκρίτου
2981 4807 3296 4871 δυσϐουλίας
3337 4810 3428 4862 τὸν
3459 4810 3733 4880 μολυσμὸν

2160 4892 2395 4962 ἐμποιεῖ.
2429 4893 2594 4948 Ὅταν
2632 4895 2811 4950 τοίνυν
2860 4896 2993 4969 λέγῃ
3036 4898 3303 4969 Χριστός’
3333 4918 3351 4949 ι
3388 4900 3527 4969 Ἤδη
3574 4901 3730 4971 ὑμεῖς

2160 4981 2390 5053 καθαροί
2418 4983 2560 5047 ἐστε,
2593 4984 2707 5037 ἀλλ’
2739 4986 2857 5056 οὐχὶ
2903 4989 3118 5053 πάντως
3149 5009 3165 5040 ι
3206 4987 3318 5061 [γρ.
3362 4989 3605 5062 πάντες],
3634 5008 3730 5045 κε-

2160 5074 2471 5144 κρυμμένον
2524 5075 2623 5145 μέν
2670 5076 2822 5143 ἐστι,
2881 5078 3019 5149 πλὴν
3075 5081 3328 5152 ἐπωφελῆ
3371 5081 3449 5152 τῷ
3496 5083 3733 5156 προδότῃ

2161 5163 2391 5214 ποιεῖται
2429 5161 2520 5214 τὸν
2568 5162 2804 5232 ἔλεγχον.
2856 5165 2918 5217 Εἰ
2961 5165 3069 5236 γὰρ
3106 5167 3200 5220 καὶ
3252 5167 3326 5238 μὴ
3372 5167 3476 5236 ἔφη
3522 5167 3729 5236 σαφῶς,

2160 5249 2409 5320 καθάπερ
2444 5250 2645 5321 ἀρτίως
2678 5253 2976 5322 εἰρήκαμεν
3000 5295 3014 5319 ,
3054 5253 3167 5305 ἀλλ’
3197 5248 3265 5324 ἦν
3311 5254 3368 5306 ὲν
3406 5252 3620 5324 ἑκάστῳ
3649 5253 3731 5306 δι-

2162 5340 2325 5404 κάζον
2352 5340 2414 5393 τὸ
2455 5342 2711 5405 συνειδὸς,
2745 5343 2838 5395 καὶ
2869 5343 3180 5397 διακεντοῠν
3229 5344 3319 5397 τὸν
3353 5344 3730 5415 ἡμαρτηκότα,

499 5434 672 5488 xisset
725 5433 848 5502 quis
908 5433 1230 5502 proditurus
1288 5439 1459 5495 esset,
1513 5430 1760 5487 infensos
1820 5432 1868 5487 ei
1920 5432 2059 5487 alios

2166 5430 2258 5482 καὶ
2289 5428 2387 5500 τὴν
2409 5429 2516 5481 τῶν
2541 5430 2844 5499 εἰρημένων
2866 5430 3094 5500 δύναμιν
3120 5431 3370 5501 καθάπερ
3398 5431 3457 5497 ἐξ
3484 5430 3732 5499 ἀνάγκης

492 5510 752 5588 fecisset,
789 5532 1105 5578 etextrema
1129 5537 1364 5593 quaeque
1392 5521 1576 5577 forsan
1622 5524 1867 5587 tulisset,
1897 5531 2059 5594 atque

2168 5516 2362 5571 καλοῦν
2389 5516 2480 5569 ἐπὶ
2506 5516 2595 5571 τὸν
2616 5519 2884 5573 ὑπαίτιον.
2927 5520 3125 5574 Ἐννόει
3156 5520 3212 5572 δὲ
3239 5522 3386 5584 ὅπως
3418 5519 3732 5590 οἰκονομίας

566 5702 617 5736 ’⁵
653 5700 774 5760 Jac.
809 5717 898 5766 tu,
1059 5703 1104 5737 "
1142 5701 1287 5757 Psal.
1317 5717 1450 5757 xvm
1474 5746 1488 5771 ,
1528 5704 1613 5758 I5.
