4106 6262
311 347 405 405 ill

1377 347 1447 404 IN
1481 346 1766 405 JOANNIS
1799 347 2245 409 EVANGELIUM
2285 355 2408 411 LIB.
2441 354 2529 413 lX.

3463 364 3566 421 1‘21

308 464 453 524 τινος
515 460 608 516 καὶ
655 458 987 532 θεοπρεποῦς
1034 459 1385 525 ἀνεξικακίας
1416 461 1478 515 τὸ
1526 462 1760 533 πρᾶγμα
1789 480 1868 517 πει

1995 470 2123 520 ante
2151 472 2369 534 tempus
2422 469 2690 522 multatus
2747 467 2965 535 fuisset,
2998 470 3324 542 insurgente
3357 473 3563 542 ειιιιιιιι,

312 553 615 626 πλήρωται.
651 554 712 606 Εἰ
739 552 845 624 γὰρ
883 552 989 624 ἔφη
1029 553 1239 623 σαφῶς,
1272 553 1356 618 τίς
1399 556 1428 607 6
1471 553 1764 625 προδώσων
1792 555 1891 609 αύ-

312 645 423 707 τὸν,
479 643 765 713 πολεμίους
817 643 883 696 ἂν
915 644 1042 707 τοὺς
1093 643 1285 708 ἄλλους
1326 642 1477 714 αὐτῷ
1512 644 1885 715 ἐξειργάσατο,

311 735 407 790 καὶ
433 735 572 803 τάχα
591 751 643 788 τι
668 734 777 787 τῶν
806 735 1121 804 ἀνηκέστων
1159 734 1356 803 συνέϐη
1382 734 1599 800 παθεῖν,
1629 737 1722 790 καὶ
1753 739 1887 807 πρό-

308 841 450 895 ωρον
477 824 542 877 ἂν
572 824 859 895 ὑπομεῖναι
902 824 1078 892 δίκην,
1114 824 1261 895 ζήλῳ
1298 823 1378 894 τῷ
1430 826 1569 896 πρὸς
1602 825 1886 879 εὐσέϐειαν

304 916 726 987 διατεϐηγμένου
772 916 938 980 τινὸς,
969 918 1064 969 καὶ
1114 916 1427 987 προανελεῖν
1472 917 1568 970 τοῦ
1614 917 1884 970 Δεσπότου

306 1007 395 1060 τὸν
429 1007 691 1078 προδότην
745 1008 1208 1077 ἐπιχειρήσαντος.
1256 1007 1711 1077 ’Υπαινιξάμενος
1767 1007 1882 1061 τοί-

305 1114 418 1157 νυν,
446 1098 541 1151 καὶ
572 1098 650 1167 τῷ
679 1097 938 1151 συνειδότι
966 1098 1164 1167 δριμὺν
1198 1097 1289 1151 τὸν
1330 1097 1550 1168 ἔλεγχον
1575 1099 1755 1166 ἀφεὶς,
1786 1098 1880 1149 ἀν-

303 1187 627 1257 αμίλλλητον
651 1186 822 1252 ἔδειξε
852 1187 954 1257 τῆς
989 1187 1215 1257 ἐνούσης
1259 1187 1408 1259 αὐτῴ
1444 1187 1791 1252 ἀνεξικακίας
1822 1187 1884 1240 τὸ

304 1279 555 1352 μέγεθος.
586 1281 778 1333 Καίτοι
831 1281 942 1351 γὰρ
990 1279 1147 1343 εἰδὼς
1190 1282 1291 1335 οὐκ
1337 1280 1538 1349 ἀγαθὸν
1574 1278 1703 1332 ὅντα
1752 1279 1882 1350 περὶ

298 1373 466 1425 αὑτὸν
505 1371 624 1425 οὐδὲ
667 1372 986 1442 εὐγνώμονα
1027 1372 1294 1443 μαθητὴν,
1336 1373 1451 1427 ἀλλ’
1485 1372 1744 1425 ὠδίνοντα
1779 1373 1881 1443 μὲν

295 1464 390 1517 τὸν
417 1465 480 1515 ἐκ
504 1463 602 1533 τῆς
643 1463 954 1534 διαϐολικῖμ·
982 1464 1206 1535 πικρίας
1256 1464 1351 1527 ἰὸν,
1385 1463 1880 1536 περισκεπτόμενον

294 1553 355 1609 δὲ
390 1554 513 1609 τίνα
532 1554 731 1625 τρόπον
758 1554 921 1608 αὑτὸν
948 1554 1195 1626 παραδῷ,
1220 1553 1513 1625 τετίμηκεν
1551 1556 1611 1608 ἐν
1643 1554 1742 1625 ῖσῳ
1765 1556 1881 1616 τοῖς

294 1646 497 1710 ἄλλοις,
521 1647 763 1711 ἀπονίζοι
792 1647 899 1719 [Ion
933 1647 1204 1710 ἀπονίζων
1230 1647 1309 1703 rel
1338 1645 1608 1718 ἀπονίζει]
1631 1646 1687 1699 δὲ
1713 1644 1877 1700 αὐτοῦ

293 1742 393 1795 καῖ
422 1742 547 1803 τοὺς
579 1741 765 1805 πόδας,
796 1741 958 1812 μέχρι
990 1741 1191 1806 παντὸς
1224 1740 1292 1795 τά
1336 1742 1400 1794 ἐκ
1438 1740 1539 1809 τῆς
1575 1740 1711 1803 ἰδίας
1738 1741 1877 1809 ἀγά-

1991 565 2048 614 et
2078 556 2295 614 Domini
2317 560 2653 629 proditorem
2678 561 2796 617 zelo
2822 563 3045 631 pietatis
3071 564 3139 620 de
3163 565 3344 619 medio
3376 566 3567 620 tollere

1990 660 2248 705 conante.
2277 649 2532 707 Obscuro
2571 654 2758 723 itaque
2809 670 3062 711 sermone
3106 672 3265 719 usus,
3318 667 3374 711 et
3428 672 3565 711 con-

1992 740 2246 796 scientia:
2261 757 2442 797 acrem
2464 744 2953 813 reprehensionem
2984 746 3327 815 relinquens,
3344 747 3564 801 incom—

1990 834 2289 900 parabilem
2314 850 2428 890 suae
2454 836 2733 905 patientiae
2766 838 3204 908 magnitudinem
3238 836 3559 892 declaravit.

1986 925 2252 989 Quamvis
2280 927 2428 980 enim
2470 942 2571 982 nec
2604 928 2754 997 pium
2806 943 2935 997 erga
2975 944 3036 985 se
3082 944 3184 984 nec
3226 936 3438 998 gratum
3474 927 3560 981 dio

1985 1013 2259 1083 scipulum
2295 1015 2488 1079 sciret,
2514 1017 2609 1071 sed
2639 1031 2706 1070 ex
2743 1017 3046 1072 acerbitate
3090 1017 3365 1073 diabolica
3396 1032 3561 1073 vene~

1984 1117 2117 1156 num
2151 1112 2336 1159 mente
2363 1116 2674 1174 parantem,
2715 1113 2771 1161 et
2809 1105 2955 1175 apud
2996 1121 3057 1161 se
3105 1107 3404 1176 agitantem
3449 1121 3562 1176 quo

1983 1202 2147 1265 pacto
2175 1210 2300 1251 eum
2338 1199 2599 1259 traderet,
2630 1209 2812 1253 tamen
2846 1214 2971 1254 eum
3012 1198 3243 1270 perinde
3289 1213 3355 1253 ac
3401 1198 3543 1255 alios

1983 1285 2299 1350 honorarit,
2336 1287 2568 1357 ejusque
2609 1289 2780 1358 pedes
2844 1290 3029 1355 lavat,
3096 1306 3220 1361 quae
3274 1290 3561 1345 charitatis

1981 1385 2111 1433 sunt
2133 1393 2366 1433 servans
2407 1395 2504 1448 per
2546 1382 2757 1447 omnia,
2788 1390 2842 1436 et
2873 1382 3194 1453 priusquam
3230 1383 3299 1436 ad
3352 1384 3559 1437 exitum

1980 1466 2217 1520 crimina
2256 1465 2519 1535 perducta
2553 1468 2687 1531 sint,
2727 1469 2864 1523 iram
2909 1486 3018 1524 non
3069 1471 3335 1527 inferens.
3394 1471 3560 1527 Istam

1979 1557 2124 1611 enim
2156 1560 2580 1628 praerogativam
2618 1560 2899 1630 prepriam
2932 1576 3055 1617 esse
3096 1570 3309 1618 natura:
3360 1563 3562 1617 divinae

1979 1648 2168 1704 videre
2194 1649 2346 1704 licet.
2379 1649 2490 1704 Nec
2520 1650 2667 1705 enim
2701 1651 2830 1720 quia
2852 1652 3004 1705 novit
3028 1650 3172 1706 Dens
3198 1668 3288 1708 res
3318 1653 3559 1717 futuras,

1980 1738 2192 1794 idcirco
2227 1750 2611 1810 praematuram
2667 1743 3010 1811 punitionem
3046 1742 3213 1799 infert
3261 1744 3557 1814 aliquibus.

293 1849 405 1903 πης
423 1831 626 1902 τηρῶν,
653 1833 747 1885 καὶ
766 1833 895 1904 πρὶν
920 1835 1001 1896 εἰς
1026 1833 1177 1896 τέλος
1204 1832 1396 1886 ἐλάσαι
1425 1832 1495 1885 τά
1523 1831 1868 1903 ἐγκλήματα,

1975 1832 2073 1886 sed
2108 1833 2384 1901 patienter
2418 1832 2601 1889 ferens
2633 1834 2822 1902 potius
2852 1843 3064 1904 quanto
3100 1842 3350 1906 tempore
3390 1851 3558 1906 opor-

291 1922 393 1993 τὴν
424 1922 593 1994 ὀργὴν
634 1922 733 1975 οὐκ
784 1922 1070 1986 ἐπιτιθείς.
1098 1924 1258 1987 Ἴδοις
1288 1922 1397 1994 γάρ
1447 1922 1514 1977 ἂν
1562 1923 1691 1977 ῖδιον
1729 1924 1876 1989 ὅπως

291 2013 537 2084 ὑπάρχον
585 2014 680 2068 καὶ
744 2014 901 2068 τοῦτο
946 2015 1046 2086 τῆς
1100 2014 1237 2078 ἰδίας
1285 2014 1501 2083 φύσεως
1563 2014 1623 2067 τὸ
1682 2014 1874 2068 πλεον-

289 2105 523 2176 έκτημα.
551 2108 625 2160 Οὑ
648 2107 755 2179 γάρ
777 2108 1007 2180 ἐπείπερ
1027 2104 1166 2163 οἶδεν
1194 2108 1223 2161 6
1252 2108 1381 2172 Θεὸς
1413 2108 1482 2162 τὰ
1509 2108 1762 2179 ἐσόμενα,
1786 2108 1875 2163 διά

288 2196 446 2249 τοῦτο
472 2197 716 2269 πρόωρον
747 2198 997 2270 ἐπιφέρει
1029 2199 1139 2253 τισὶ
1182 2199 1279 2271 τὴν
1331 2199 1583 2252 κόλασινο
1619 2198 1872 2265 ἀνεξικα-

290 2289 469 2355 κὴσας
495 2288 552 2341 δὲ
582 2289 795 2357 μᾶλλον,
823 2291 945 2345 ὅσον
986 2290 1093 2344 ἔδει
1135 2293 1345 2362 καιρὸν,
1387 2293 1514 2345 ὅταν
1558 2290 1873 2360 ὠφελουμέ-

292 2395 418 2441 νους
450 2378 536 2450 ἴδῃ
566 2378 748 2447 μηδὲν,
788 2380 1122 2449 ἐμμένοντας
1148 2382 1206 2435 δὲ
1238 2383 1435 2452 μᾶλλον
1460 2383 1573 2444 τοῖς
1605 2383 1870 2452 αἱρεοεῖσι

294 2471 505 2535 κακοῖς,
542 2470 758 2533 κολάζει
801 2472 1006 2535 λοιπὸν,
1054 2474 1152 2543 τῆς
1197 2473 1512 2534 δυσϐουλίας
1549 2474 1610 2526 τὸ
1638 2474 1870 2545 πρᾶγμα

290 2559 527 2623 δεικνὺς,
554 2562 646 2613 καὶ
672 2560 769 2613 οὐκ
802 2560 960 2631 ἔργον
984 2561 1149 2624 ὅντως
1196 2562 1295 2633 τῆς
1340 2562 1476 2625 ἰδίας
1504 2562 1720 2633 βουλῆς,
1751 2563 1869 2633 ἦτοι

286 2648 576 2719 θελήσεως.
610 2651 716 2702 Καὶ
746 2651 877 2717 γοῦν
902 2650 988 2703 διὰ
1015 2651 1170 2705 τοῦτό
1200 2669 1364 2723 φησιν
1400 2652 1690 2724 Ἰεζεχιήλ·
1734 2671 1753 2704 ι
1785 2654 1870 2707 Ζῶ

282 2738 567 2809 ἐγὼ,λέγει
596 2741 816 2812 Κύριος,
850 2744 933 2795 ὅτι
964 2743 1025 2796 ού
1056 2743 1193 2796 Θέλω
1218 2744 1311 2797 τὸν
1341 2745 1570 2799 θάνατον
1599 2745 1692 2799 τοῦ
1729 2747 1868 2799 ἀποο

282 2833 624 2901 θνήσκοντος,
659 2835 735 2898 ὡς
773 2836 834 2888 τὸ
879 2836 1202 2906 ἐπιστρέψαι
1243 2838 1403 2892 αὑτὸν
1442 2838 1550 2891 ἀπὸ
1606 2839 1705 2909 τῆς
1747 2838 1867 2892 ὁδοῦ

282 2925 447 2979 αὐτοῦ
483 2926 581 2996 τῆς
626 2930 886 2998 πονηρᾶς,
922 2929 1015 2982 καί
1063 2928 1162 3001 ζῇν
1202 2930 1385 2984 αὐτόν.
1430 2951 1445 2981 ι
1480 2931 1869 3001 Μακροθύμως

282 3017 567 3088 τοιγαροῦν
597 3020 687 3072 καὶ
720 3020 1058 3086 ἀνεξικάκως
1091 3022 1119 3074 6
1170 3021 1371 3093 Κύριος
1398 3024 1429 3092 ἡ
1441 3023 1559 3093 μῶν
1602 3024 1810 3094 Ἰησοὺς
1838 3025 1867 3077 6

283 3107 512 3179 Χριστὸς
554 3112 953 3180 συναναμιγνὺς
996 3110 1077 3163 ἔτι
1112 3114 1224 3175 τοῖς
1267 3112 1447 3176 ἀλλοις
1480 3113 1643 3166 αὐτοῦ
1692 3112 1865 3184 μαθη-

1977 1922 2156 1986 tebat,
2188 1938 2314 1978 cum
2349 1923 2484 1977 nihil
2509 1923 2563 1979 id
2594 1923 2678 1980 eis
2702 1924 2969 1995 prodesse
3000 1926 3225 1989 viderit,
3251 1927 3347 1982 sed
3374 1929 3559 1998 potius

1978 2015 2140 2070 malis
2192 2015 2360 2069 semel
2419 2015 2695 2085 susceptis
2734 2017 3027 2083 inhaerere,
3093 2019 3557 2091 punit‘demum,

1975 2107 2272 2163 ostendens
2323 2106 2377 2161 id
2433 2122 2622 2161 revera
2653 2122 2793 2177 epus
2843 2123 2964 2163 esse
2996 2109 3326 2164 inconsultae
3360 2124 3554 2164 eorum

1975 2199 2322 2263 temeritatis,
2359 2215 2465 2254 non
2499 2216 2613 2254 sua:
2645 2202 2960 2255 voluntatis.
2989 2200 3264 2267 Quocirca
3300 2204 3556 2259 Ezechiel

1973 2290 2084 2343 ait:
2126 2308 2144 2339 σ
2184 2288 2321 2342 Vivo
2350 2304 2474 2359 ego,
2508 2289 2642 2343 dicit
2675 2287 2962 2352 Dominus,
2997 2292 3126 2360 quia
3167 2293 3294 2347 nolo
3327 2302 3556 2348 mortem

1974 2381 2285 2442 morientis,
2325 2395 2489 2450 quam
2523 2381 2770 2434 converti
2813 2380 2995 2449 ipsum
3024 2396 3052 2435 a
3081 2382 3168 2436 via
3231 2398 3331 2436 sua
3388 2384 3555 2450 mala,

1971 2479 2027 2526 et
2057 2473 2244 2527 vivere
2276 2487 2403 2527 eum
2420 2472 2488 2525 ⁷⁷.
2537 2490 2556 2523 ι
2598 2471 2913 2527 Clementer
2946 2473 3116 2543 igitur
3172 2481 3227 2526 et
3284 2474 3557 2543 patienter

1972 2560 2239 2617 Dominus
2272 2570 2461 2617 noster
2489 2559 2655 2618 Jesus
2680 2561 2935 2618 Christus
2968 2578 3077 2617 una
3107 2578 3232 2618 cum
3274 2565 3399 2619 aliis
3433 2564 3556 2620 suis

1969 2656 2266 2726 discipulis
2322 2655 2504 2709 adhuc
2564 2663 2817 2709 numerat
2874 2654 3238 2725 proditorem,
3302 2657 3555 2725 quamvis

1968 2744 2224 2799 diabolus
2252 2742 2365 2812 jam
2398 2742 2701 2797 intraverit
2740 2743 2794 2796 in
2824 2757 2922 2797 cor
2946 2743 3091 2811 ejus,
3128 2753 3188 2797 ut
3214 2761 3337 2798 eum
3371 2744 3556 2799 trade-

1970 2846 2075 2893 ret.
2108 2835 2436 2890 Necessario
2462 2835 2607 2889 enim
2642 2835 2746 2889 hoc
2780 2835 2927 2891 inter
2950 2836 3057 2889 alia
3096 2836 3164 2890 ab
3216 2838 3553 2907 evangelista

1972 2928 2135 2999 726
2167 2926 2719 2997 significaturinitio,
2760 2942 2882 2980 cum
2919 2928 3015 2990 ait,
3058 2945 3076 2978 ι
3130 2937 3184 2981 et
3217 2929 3380 2997 pedes
3431 2928 3553 2997 ejus

1973 3020 2126 3081 lavit,
2165 3036 2184 3069 ι
2238 3016 2676 3071 inexcusabilem
2726 3014 2845 3085 ejus
2896 3017 3233 3087 impietatem
3294 3020 3550 3084 reddens,

1970 3118 2031 3164 ut
2063 3108 2242 3163 insitae
2280 3108 2330 3163 ei
2382 3108 2759 3178 improbitatis
2818 3107 3035 3162 fructus
3097 3108 3337 3164 deiectio
3393 3108 3553 3165 vide-

280 3204 398 3264 ταῖς
420 3202 509 3255 τὸν
541 3204 823 3275 προδότην.
857 3207 1034 3261 καίτοι
1060 3207 1153 3261 τοῦ
1188 3207 1433 3263 διαϐόλου
1465 3210 1565 3281 ήδη
1600 3208 1859 3281 βεϐληκό-
1891 3201 1933 3258 C
1967 3210 2143 3257 Γοιιιτ-

278 3309 371 3357 τος
405 3291 514 3366 [γρ.
554 3296 866 3371 βεϐηκότος]
901 3301 981 3363 εἰς
1019 3300 1118 3371 τὴν
1149 3301 1375 3373 καρδίαν
1415 3303 1602 3363 αὑτοῦ.
1639 3303 1726 3355 ἵνα
1760 3300 1921 3355 αύτδν
1947 3291 2192 3365 παραδῷ.
2232 3291 2573 3360 Ἀναγκαίως
2627 3292 2737 3362 γὰρ
2770 3289 2928 3344 τοῦτο
2996 3290 3131 3360 πρὸς
3195 3292 3308 3353 τοῖς
3367 3290 3550 3347 ᾶὶλοις

279 3387 718 3458 ἐπισημήνασθαι
767 3391 859 3445 τὸν
909 3392 1299 3463 εὐαγγελιστὴν
1343 3397 1401 3448 ἐν
1435 3397 1650 3466 ἀρχαῖς,
1689 3415 1707 3448 ι
1744 3394 1855 3448 Καὶ
1895 3386 2060 3445 αὐτοῦ
2094 3386 2259 3449 πόδας
2295 3385 2495 3454 ἔνιψεν,
2532 3404 2549 3437 ι
2582 3385 2990 3456 ἀπροφάσιστον
3036 3383 3197 3436 αὑτοῦ
3258 3383 3363 3453 τὴν
3422 3383 3549 3436 δυσ-

279 3477 496 3533 σέϐειαν
548 3482 845 3549 ἀποτελῶν,
903 3485 992 3538 ἵνα
1050 3488 1260 3557 καρπὸς
1293 3488 1393 3558 τῆς
1442 3490 1667 3559 ἐνούσης
1710 3485 1860 3557 αύτῷ
1898 3480 2218 3551 πονηρίαςή
2249 3480 2547 3541 ἀπόστασις
2577 3478 2854 3547 φαίνηταιο

352 3571 481 3624 Ὅτε
506 3570 619 3625 οὖν
649 3572 823 3641 ἕνιψε
859 3576 1001 3642 τοὺς
1033 3577 1223 3644 πόδας
1263 3577 1383 3632 τῶν
1410 3582 1716 3648 μαθητῶν,
1759 3581 1859 3635 καί

277 3661 458 3716 ἔλαϐε
502 3663 576 3714 τὰ
620 3662 819 3729 ἱμάτια
864 3665 1069 3725 αὑτοῦ,
1100 3670 1425 3722 ἀναπεσὼν
1462 3669 1669 3732 πάλιν,
1696 3668 1864 3725 εἶπεν

277 3751 487 3815 αὐτοῖς
510 3767 525 3781 ·
590 3752 924 3807 Γινώσκετε
991 3758 1047 3809 τι
1106 3760 1404 3826 πεποίηκα
1457 3760 1637 3829 ὑμῖν;
1682 3761 1865 3829 Ὑμεῖς

280 3842 532 3911 φωνεῖτέ
564 3859 662 3911 με,
710 3847 743 3897 ό
779 3847 993 3912 Κύριος
1009 3849 1105 3901 καὶ
1140 3852 1172 3903 ό
1199 3850 1593 3917 Διδάσκαλος,
1628 3853 1724 3906 καί
1764 3871 1867 3908 κα-

279 3931 404 3997 λῶς
446 3932 685 4000 λέγετε·
728 3934 843 4004 εὶμί
896 3935 1023 4004 γάρ.
1072 3941 1143 3992 Εἰ
1186 3935 1301 3994 οὖν
1328 3941 1441 4008 ἐγὼ
1479 3940 1659 4011 ἔνιψα
1700 3944 1866 4014 ὑμῶν

276 4021 422 4084 τοὺς
465 4022 655 4087 πόδας
710 4025 746 4076 ό
799 4025 1010 4092 Κύριος
1066 4027 1164 4081 καὶ
1219 4031 1254 4083 ό
1301 4031 1706 4099 Διδάσκαλος,
1758 4036 1857 4089 καί

272 4113 447 4181 ὑμεῖς
498 4114 768 4182 ὀφείλετε
822 4116 1112 4185 ἀλλήλων
1160 4120 1395 4174 νίπτειν
1446 4124 1586 4190 τοὺς
1643 4125 1853 4192 πόδας.

280 4202 634 4274 Ὗπόδειγμα
664 4205 773 4274 γὰρ
801 4206 1029 4262 δέδωκα
1054 4209 1215 4278 ὑμῖν,
1246 4211 1347 4265 Ira
1377 4214 1571 4282 καθὼς
1600 4216 1859 4285 ἐποίησα

270 4294 418 4363 ὑμῖν
449 4294 584 4364 ἐγὼ.
615 4297 713 4350 καὶ
746 4298 913 4365 ὑμεῖς
946 4300 1187 4355 ποιεῖτε.

358 4384 686 4455 Ἀναφανδὸν
715 4387 813 4459 ήδη
860 4392 994 4460 φησί
1026 4392 1124 4463 τὴν
1160 4393 1253 4448 τοῦ
1285 4396 1609 4469 πράγματος
1654 4400 1853 4465 αἰτίαν,

2035 3572 2173 3634 XIII,
2207 3572 2396 3626 1245.
2435 3570 2726 3640 Postquam
2757 3586 2880 3639 ergo
2914 3569 3040 3623 larit
3070 3567 3225 3638 pedes
3254 3584 3457 3629 eorum,
3494 3574 3545 3621 et

1960 3666 2158 3731 accepit
2175 3663 2491 3717 vestimenta
2514 3678 2635 3722 sua,
2668 3677 2785 3714 cum
2811 3660 3132 3713 recubuisset
3168 3660 3382 3721 iterum,
3408 3658 3545 3712 dixit

1961 3751 2078 3804 eis:
2109 3749 2269 3805 Scitis
2300 3749 2425 3819 quid
2456 3748 2672 3818 fecerim
2705 3748 2848 3802 vobis
2868 3749 2894 3801 7
2932 3747 3034 3801 Vos
3061 3749 3261 3801 vocatis
3291 3764 3392 3811 me,
3426 3747 3548 3801 Ma-

1963 3842 2130 3911 gister
2157 3850 2208 3895 et
2246 3838 2528 3905 Dominus,
2563 3849 2613 3893 et
2654 3839 2779 3893 bene
2812 3839 2988 3893 dicitis
3016 3855 3034 3892 :
3078 3856 3197 3893 sum
3242 3841 3451 3895 etenim.
3485 3840 3546 3895 Si

1961 3948 2087 4001 ergo
2111 3931 2219 3985 lavi
2248 3932 2403 4001 pedes
2438 3941 2639 3985 vestros
2681 3930 2941 3984 Dominus
2976 3939 3025 3984 et
3057 3929 3337 4000 Magister,
3362 3940 3412 3986 et
3456 3948 3544 3986 vos

1960 4022 2155 4078 debetis
2195 4026 2332 4078 alter
2378 4024 2599 4078 alterius
2630 4024 2807 4079 lavare
2834 4023 3008 4095 pedes.
3040 4022 3358 4092 Exemplum
3402 4025 3542 4080 enim

1959 4114 2081 4169 dedi
2115 4117 2279 4179 vobis,
2308 4126 2366 4170 ut
2397 4116 2842 4188 quemadmodum
2890 4132 2983 4186 ego
3027 4118 3130 4186 feci
3160 4115 3335 4182 vobis,
3374 4117 3450 4171 ita
3491 4126 3542 4171 et

1960 4221 2049 4260 vos
2079 4208 2320 4277 faciatis.

2024 4389 2122 4445 Rei
2157 4402 2384 4444 causam
2446 4393 2635 4456 aperte
2682 4385 2796 4454 jam
2827 4382 3057 4454 profert,
3084 4390 3140 4437 et
3184 4383 3539 4455 incompara-

270 4474 372 4528 καὶ
400 4477 496 4545 τῆς
524 4477 853 4549 ἅσυγκρίτου
889 4485 1387 4558 ταπεινοφροσύνης
1422 4488 1484 4542 τὸ
1528 4490 1853 4563 ὑπόδειγμα,

1970 4481 2092 4536 bilis
2132 4478 2469 4534 humilitatis
2496 4476 2809 4545 exemplum
2860 4473 2927 4528 ad
2961 4484 3207 4529 nostram
3240 4477 3540 4531 utilitatem

268 4566 375 4633 τῆς
421 4566 500 4629 εἰς
545 4568 690 4637 ἡμᾶς
736 4570 920 4625 ἕνεκεν
967 4573 1232 4642 ὠφελείας
1280 4579 1613 4648 πεποιῆσθαι
1653 4585 1849 4651 φησιν’

268 4656 677 4730 ἀναπολόγητον
734 4661 791 4714 δὲ
850 4663 912 4716 τὸ
961 4665 1026 4718 ἐκ
1087 4667 1187 4737 τῆς
1246 4668 1546 4741 ὑπεροψίας
1600 4666 1852 4744 ἔγκλημα

266 4747 461 4811 τιθεὶς,
493 4750 802 4819 ἀναγκαίως
847 4754 1090 4825 εἰσφέρει
1141 4757 1235 4810 τοῦ
1284 4761 1414 4813 ἰδίου
1459 4765 1754 4834 προσώπου
1794 4766 1854 4820 τὸ

266 4840 589 4905 περιφανές.
627 4842 716 4893 Ἑν
750 4842 858 4912 γὰρ
886 4842 949 4914 δὴ
1004 4843 1072 4915 τῷ
1116 4847 1340 4918 τοιούτῳ
1364 4849 1637 4923 θεωρῆσαι
1673 4873 1759 4920 τις
1786 4856 1851 4910 ἂν

262 4930 329 4981 τὸ
361 4931 459 4999 τῆς
487 4933 982 5006 ταπεινοφροσύνης
1010 4937 1340 5010 ἀσύγκριτον
1365 4943 1612 5012 μέγεθος.
1648 4947 1720 5000 Τὸ
1753 4948 1851 5019 μὲν

260 5018 380 5090 γὰρ
410 5020 467 5086 ἐξ
499 5021 691 5074 ἑαυτοῦ
718 5026 1136 5098 χαμαιρριφὲςῆ
1166 5030 1258 5082 καὶ
1288 5032 1344 5085 ἐν
1363 5033 1439 5103 τῷ
1467 5035 1656 5103 μηδενὶ
1674 5054 1862 5105 τεταγ-

262 5109 453 5179 μένον,
506 5112 647 5166 κατά
711 5116 863 5167 ποῖον
910 5114 975 5169 ἂν
1022 5123 1526 5193 κατασμικρυνοείη
1572 5126 1853 5197 τρόπον,ἦ

258 5199 389 5252 ὅποι
417 5200 659 5271 χωρήσει
687 5201 748 5255 τὸ
778 5204 928 5257 κάτω
967 5210 1236 5278 κείμενονς
1265 5210 1538 5283 θεωρῆσαι
1569 5214 1676 5284 γὰρ
1701 5215 1858 5269 τοῦτο

260 5288 363 5343 καὶ
395 5291 444 5342 εί
476 5293 548 5360 μή
569 5309 622 5345 τι
651 5293 712 5347 τὸ
738 5297 1122 5364 καταϐιϐάζειν
1150 5303 1355 5355 ἀνωθεν
1390 5306 1652 5375 πεφυκός.
1703 5308 1775 5360 Τὸ
1800 5308 1855 5361 δὲ

258 5382 326 5433 ἐν
355 5377 481 5448 ὕψει
525 5381 916 5454 θεωρούμενον,
952 5392 1011 5443 ὲν
1060 5393 1299 5465 ταπεινῷ
1345 5396 1587 5463 γεγονὸς,
1634 5396 1847 5465 θαυμά-

256 5469 440 5535 ζεται·
478 5473 681 5545 κατέϐη
713 5476 821 5548 γὰρ
859 5481 936 5543 εἰς
977 5481 1116 5553 ὅπερ
1142 5483 1242 5538 οὐκ
1271 5480 1710 5556 ἦν.Ἀναγκαίως
1744 5505 1853 5541 τοι-

256 5556 471 5629 γαροῦν
528 5560 623 5614 καί⁵
653 5563 681 5615 6
712 5565 914 5637 Κύριος
944 5570 1101 5639 ἡμῶν
1138 5574 1343 5645 Ἰησοῦς
1391 5578 1419 5629 6
1462 5576 1694 5647 Χριστὸς
1738 5580 1851 5642 τοῖς

346 5738 390 5768 ’τ
435 5736 638 5796 Bacch.
672 5758 842 5809 xvm,
878 5745 966 5801 '52.

1960 4571 2302 4642 propositum
2331 4569 2431 4630 ait,
2468 4565 2846 4620 inexcusabile
2878 4580 3009 4617 vero
3033 4567 3300 4634 superbia:
3332 4568 3539 4619 crizm'll

1959 4677 2235 4722 asserens,
2266 4659 2583 4713 necessario
2607 4671 2721 4711 suae
2749 4672 2997 4725 personae.
3020 4657 3326 4711 claritatem
3352 4657 3535 4711 infert.

1958 4752 2016 4807 ln
2053 4754 2159 4807 hoc
2184 4756 2331 4807 enim
2372 4750 2703 4803 humilitatis
2737 4749 3190 4818 incomparabilis
3220 4748 3541 4817 magnitudo

1959 4845 2323 4915 conspicitur.
2366 4842 2498 4895 Nam
2552 4841 2698 4911 quod
2760 4858 2828 4895 ex
2880 4843 3065 4910 seipse
3123 4850 3401 4895 terrenum
3456 4847 3540 4893 est

1958 4947 2125 5007 atque
2173 4937 2471 5004 abjcctum,
2527 4935 2806 5004 quomodo
2859 4933 3139 4987 humiliari
3180 4941 3379 5003 potest,
3442 4943 3538 4987 aut

1956 5045 2196 5101 quonam
2234 5030 2511 5083 abiturum
2542 5040 2625 5083 est
2670 5028 2809 5096 quod
2845 5028 2986 5081 infra
3015 5028 3183 5096 jacet,
3220 5039 3322 5080 nec
3378 5026 3538 5079 aliter

1957 5137 1984 5174 a
2021 5130 2218 5175 natura
2257 5129 2632 5188 comparatum
2666 5128 2771 5185 est,
2816 5136 2978 5188 quam
3014 5127 3074 5172 ut
3105 5133 3343 5187 superne
3377 5117 3538 5172 deor-

1957 5226 2076 5264 sum
2138 5210 2369 5264 tendat?
2410 5208 2515 5264 Sed
2570 5211 2823 5279 quisquis
2897 5210 2950 5263 in
3003 5210 3116 5262 alto
3149 5215 3451 5277 spectatur,
3487 5210 3533 5263 si

1955 5300 2254 5370 depressus
2285 5298 2472 5363 fuerit,
2503 5298 2851 5354 admirationi
2882 5308 2965 5352 est
2993 5318 3004 5352 :
3038 5298 3090 5351 in
3126 5298 3179 5350 id
3212 5301 3356 5352 enim
3387 5299 3531 5368 quod

1957 5407 2068 5446 non
2123 5400 2237 5447 erat
2299 5392 2608 5446 descendit.
2643 5390 2970 5445 Necessario
3022 5390 3202 5456 itaque
3267 5389 3531 5446 Dominus

1958 5492 2147 5539 noster
2201 5482 2362 5539 Jesns
2393 5484 2653 5538 Christus
2708 5482 2826 5536 suis
2889 5480 3200 5549 discipulis,
3262 5482 3370 5535 imo
3402 5497 3532 5535 να·το

1960 5590 2055 5641 per
2085 5574 2207 5629 illos
2262 5574 2481 5629 cunctis
2545 5573 2871 5628 mortalibus
2925 5571 3151 5627 tradens
3201 5572 3530 5626 humilitatis
