4106 6262
530 327 637 383 123

1539 330 1595 384 S.
1624 328 1899 384 CYRILLI
1936 327 2399 384 ALEXANDRINI
2424 327 2742 385 ARCHIEP.

3654 331 3762 386 125

530 444 943 506 documentum,
975 458 1080 497 non
1107 443 1430 513 simpliciter
1460 443 1536 498 ait
1565 463 1578 497 :
1626 444 2098 509 Quemadmodum

2204 441 2397 495 ἐαυτοῦ
2450 441 2740 513 μαθηταῖς,
2788 439 2985 511 μᾶλλον
3030 441 3085 494 δὲ
3127 440 3194 494 δι’
3226 442 3446 495 ἐκείνων
3497 445 3606 506 τοῖς
3671 445 3778 501 ἀνά

531 549 632 605 ego
663 534 767 587 lavi
800 535 968 603 pedes
1006 545 1250 600 vestros,
1301 535 1382 590 sic
1409 542 1464 589 et
1496 550 1593 591 vos
1628 533 1807 589 facere
1842 536 2091 591 debetis:

531 621 627 677 sed
680 624 864 692 potius
906 623 1225 693 dignitatem
1272 638 1426 679 suam
1459 626 1611 695 prius
1642 626 1898 694 explicat,
1955 635 2010 681 et
2064 643 2096 681 a

532 723 728 769 natura
775 714 878 769 sibi
931 716 1150 770 insitam
1189 716 1530 771 nobilitatem
1575 732 1916 787 proponens,
1977 720 2094 788 ipsa

530 821 594 861 re
647 806 827 861 inanis
878 807 1065 877 gloria:
1102 807 1335 877 cupidos
1368 807 1680 863 confundit.
1720 829 1737 860 ι
1778 808 1885 863 Vos
1923 812 2090 876 enim,

533 899 732 968 inquit,
766 900 976 956 vocalis
1015 915 1101 954 me
1173 898 1439 955 Dominus
1484 909 1539 955 et
1569 900 1843 970 Magister,
1872 911 1928 955 et
1959 888 2096 956 bene

530 989 735 1048 dicitis.
771 1005 892 1044 sum
950 992 1172 1046 etenim.
1216 1010 1235 1043 ι
1269 990 1512 1047 Observa
1561 1000 1741 1046 autem
1773 1008 1883 1061 quo
1938 1004 2097 1061 pacto

530 1078 739 1132 interea
774 1079 902 1132 dum
933 1079 1199 1148 loquitur,
1227 1079 1574 1135 :editicationi
1606 1096 1826 1150 quoque
1862 1081 2095 1135 creden-

530 1168 663 1221 tium
694 1169 997 1237 provideat,
1026 1181 1081 1225 et
1113 1170 1402 1239 impiorum
1439 1171 1818 1226 bareticerum
1850 1173 2093 1241 linguam

528 1257 842 1326 petulantiae
879 1260 1089 1327 plenam
1125 1276 1233 1314 non
1262 1261 1501 1331 ignoret.
1542 1261 1677 1315 Cum
1712 1262 1857 1316 enim
1895 1264 1964 1316 ad
2014 1263 2097 1318 di-

529 1347 776 1415 seipulos
813 1363 943 1404 suos
982 1350 1223 1405 dixerit:
1268 1371 1286 1403 ι
1325 1350 1437 1407 Vos
1467 1353 1676 1408 vocatis
1716 1369 1801 1407 me
1832 1353 2097 1410 Dominus

526 1446 581 1493 et
608 1438 886 1509 Magister,
913 1460 932 1492 ι
973 1456 1044 1496 ne
1083 1443 1210 1511 quis
1238 1443 1581 1499 existimaret
1624 1454 1819 1499 natura
1874 1447 2094 1514 quidem

528 1528 707 1597 ipsum
754 1546 863 1584 non
904 1546 1030 1587 esse
1068 1532 1357 1587 Dominum
1406 1550 1585 1604 neque
1616 1534 1961 1605 Magistrum,
2000 1541 2093 1593 sed

527 1625 788 1689 tanquam
825 1620 1052 1676 llOllOl’is
1097 1622 1217 1676 loco
1254 1622 1454 1678 habere
1515 1624 1660 1679 banc
1715 1640 1745 1678 a
1805 1626 2097 1696 discipulis

527 1712 977 1780 appellationem,
1011 1715 1327 1769 necessario
1378 1715 1610 1779 addidit,
1659 1717 1878 1771 illorum
1917 1720 2097 1789 suspi-

527 1801 717 1857 ciones
744 1810 1018 1870 evertens,
1050 1823 1068 1855 ι
1109 1803 1171 1857 Et
1212 1806 1349 1860 bene
1376 1806 1604 1862 dicitis:
1643 1822 1764 1863 sum
1805 1810 2027 1863 etenim.
2070 1830 2089 1863 ι
2130 1779 2168 1836 Β

528 1889 641 1945 Nec
679 1892 823 1945 enim
857 1893 1060 1947 nudum
1087 1895 1317 1951 honoris
1346 1911 1543 1952 nomen
1569 1899 1804 1968 adeptus
1829 1909 1911 1955 est
1940 1901 2091 1968 illud,

532 1980 813 2050 Dominus,
835 1985 996 2041 sicuti
1020 2001 1145 2051 nos,
1170 1990 1261 2059 qui
1289 1989 1476 2044 famuli
1511 2008 1856 2047 remanemus
1879 2004 2095 2061 natura,

528 2077 782 2145 quamvis
814 2094 909 2147 per
964 2080 1124 2151 727
1175 2083 1407 2151 gratiam
1461 2084 1645 2153 dignis
1701 2087 2016 2142 nominibus
2043 2096 2097 2142 et

526 2174 780 2220 naturam
835 2170 1226 2227 excedentibus
1275 2173 1571 2229 illustrati:
1617 2175 1709 2230 sed
1764 2186 1847 2231 est
1896 2187 2096 2233 natura

526 2253 811 2324 Dominus,
844 2261 1117 2317 universis
1149 2263 1319 2318 rebus
1362 2265 1672 2335 imperans,
1710 2276 1770 2320 ut
1810 2268 1974 2330 Deus,
2028 2270 2095 2324 ad

525 2361 689 2415 quem
718 2348 921 2403 dictqu
954 2360 1039 2405 est
1085 2353 1289 2407 alicubi
1349 2356 1862 2433 vocegPsalmistm:
1903 2380 1921 2411 ι
1959 2362 2097 2428 Quia

526 2437 709 2489 omnia
739 2440 990 2493 serviunt
1027 2442 1124 2497 tibi
1146 2443 1214 2496 ⁷⁸.
1254 2462 1272 2495 ι
1314 2443 1409 2498 Est
1441 2455 1624 2500 autem
1655 2458 1709 2502 et
1752 2459 1949 2504 natura
1982 2468 2094 2506 ma-

526 2528 736 2597 gister:
788 2532 969 2588 omnis
1002 2535 1148 2587 enim
1186 2536 1464 2606 sapientia
1525 2548 1609 2594 est
1673 2557 1703 2594 a
1761 2541 2009 2610 Domino,
2045 2556 2099 2600 et

526 2620 705 2675 omnis
757 2620 1116 2693 intelligentia
1152 2642 1250 2696 per
1307 2628 1506 2697 ipsum.
1565 2629 1903 2701 Sapientiam
1950 2637 2097 2689 enim

526 2709 665 2764 indit
715 2712 1027 2782 spiritibus,
1080 2724 1139 2769 ut
1195 2719 1491 2788 sapientia,
1531 2732 1585 2777 et
1640 2728 1787 2777 omni
1835 2735 2100 2781 creatura:

525 2804 802 2868 rationali,
840 2807 1051 2862 caelesti
1081 2823 1145 2862 ac
1182 2815 1416 2865 terrenae
1443 2815 1851 2869 convenientem
1886 2816 2099 2872 intelle-

526 2902 676 2948 ctum
715 2897 926 2951 inserit.
978 2898 1453 2963 Quemadmodum
1495 2905 1640 2960 enim
1678 2907 1797 2976 ipse
1854 2923 1975 2961 cum
2026 2909 2098 2964 sit

527 2986 833 3041 secundum
860 2998 1112 3043 naturam
1144 2991 1280 3053 vita.
1309 2995 1491 3048 omnia
1524 2997 1649 3051 vitze
1683 3001 1909 3067 Capacia
1955 3001 2095 3055 vivi—

2197 534 2373 585 πᾶσαν
2420 531 2519 601 τὴν
2564 529 2668 601 γῆν
2725 530 2785 583 τὸ
2837 530 2935 601 τῆς
2997 533 3490 603 ταπεινοφροσύνης
3546 533 3780 604 μάθημα

2193 621 2386 687 διδοὺς,
2439 621 2534 691 οὐχ
2582 620 2767 684 ἁπλῶς
2825 638 3007 691 φησιν,
3063 622 3144 674 ὅτι
3193 622 3402 694 Ὠσπερ
3453 620 3564 690 ἐγὼ
3615 622 3778 693 ἔνιψα

2195 712 2348 783 ὑμῶν
2374 712 2501 775 τοὺς
2546 712 2731 778 πόδας,
2765 710 2907 765 οὕτω
2954 712 3047 765 καὶ
3090 712 3246 782 ὑμεῖς
3284 712 3524 780 ὀφείλετε
3565 716 3770 767 πειεῖν·

2195 803 2576 876 προεξηγεῖται
2616 802 2672 855 δὲ
2715 802 2912 872 μᾶλλον
2956 803 3018 856 τὸ
3069 802 3197 856 ίδιον
3244 802 3477 872 ἀξίωμα,
3532 805 3627 857 καὶ
3673 806 3778 874 τὴν

2194 894 2601 964 ἐνυπάρχουσαν
2659 892 2807 964 αὐτῷ
2871 895 3106 964 φυσικὴν
3153 893 3402 948 εὔκλειαν
3457 894 3778 966 παρατιθεὶς

2194 984 2433 1038 δυσωπεῖ
2458 983 2536 1055 τῷ
2564 985 2848 1055 πράγματι
2899 986 2990 1037 τὸν
3030 984 3320 1053 φιλόδοξον.
3353 1005 3372 1037 ι
3417 986 3604 1056 Ὑμεῖς
3642 987 3776 1056 γάρ,

2194 1076 2377 1145 φησὶν,
2410 1075 2564 1127 αὐτοὶ
2592 1075 2805 1128 καλεῖτέ
2838 1092 2926 1144 με,
2969 1077 2998 1129 ὁ
3024 1075 3228 1145 Κύριος
3253 1077 3346 1130 καὶ
3368 1080 3396 1130 ὁ
3421 1076 3776 1142 Διδάσκαλος,

2195 1166 2291 1219 καὶ
2335 1166 2516 1230 καλῶς
2556 1165 2764 1235 λέγετε,
2811 1167 2927 1237 είμὶ
2975 1166 3102 1238 γάρ.
3142 1188 3159 1217 ι
3200 1168 3480 1237 Ἐπιτήρει
3524 1169 3582 1247 δὲ
3626 1169 3778 1231 ὅπως

2196 1257 2291 1310 καὶ
2337 1259 2537 1327 μεταξὺ
2580 1257 2675 1310 τοῦ
2725 1257 2888 1325 λόγου
2937 1257 3037 1327 τῆς
3081 1257 3188 1311 τῶν
3241 1258 3602 1313 πιστευόντων
3638 1276 3779 1330 προ-

2196 1350 2415 1419 ενόησεν
2450 1350 2760 1421 οἰκοδομῆς,
2793 1351 2889 1403 καὶ
2937 1350 3034 1413 τὰς
3080 1350 3188 1403 τῶν
3219 1351 3449 1404 ἀνοσίων
3481 1352 3778 1423 αίρετικῶν

2194 1444 2295 1493 οὐκ
2333 1442 2570 1513 ἠγνόησε
2620 1442 3019 1510 γλωσσαλγίας.
3059 1443 3275 1512 Ἐπειδὴ
3335 1444 3444 1513 γάρ
3486 1443 3590 1513 ἔφη
3637 1445 3777 1514 πρὸς

2193 1536 2317 1598 τοὺς
2354 1534 2545 1587 ἐαυτοῦ
2585 1534 2855 1605 μαθητάς·
2904 1554 2923 1585 ι
2969 1533 3157 1603 Ὑμεῖς
3211 1534 3426 1586 καλεῖτέ
3461 1551 3549 1603 με,
3589 1535 3619 1586 ὁ
3663 1535 3780 1587 Κύ-

2200 1642 2311 1694 ριος
2337 1627 2431 1679 καὶ
2461 1626 2853 1690 ὁΔιδάσκαλος,
2882 1646 2900 1677 ι
2934 1626 3019 1679 ἵνα
3056 1626 3129 1695 μή
3153 1641 3238 1689 τις
3268 1625 3445 1695 οἴηται
3477 1625 3635 1694 φύσει
3675 1628 3777 1696 μὲν

2195 1718 2357 1770 αὐτὸν
2381 1718 2480 1771 οὐκ
2514 1713 2652 1770 εἶναι
2680 1718 2881 1787 Κύριον
2907 1717 3029 1769 οὐδέ
3056 1716 3391 1782 διδάσκαλον,
3413 1716 3558 1786 ἐχειν
3577 1733 3641 1784 γε
3670 1717 3777 1785 μὴν

2195 1808 2269 1871 ὡς
2316 1810 2373 1862 ἐν
2412 1808 2565 1875 τάξει
2612 1808 2776 1878 τιμῆς
2830 1808 2980 1879 παρὰ
3025 1807 3134 1859 τῶν
3183 1806 3457 1877 ἐσομένων
3504 1806 3651 1876 αὑτῷ
3679 1807 3778 1875 τὴν

2197 1899 2551 1966 ἐπωνυμίαν,
2618 1897 2926 1965 ἀναγκαίως
2986 1896 3340 1967 προστέθεικε
3395 1896 3494 1960 τὰς
3550 1898 3780 1950 ἐκείνων

2197 1990 2432 2060 ἀναιρῶν
2455 1990 2723 2054 ὑπονοίας,
2762 2008 2781 2040 ι
2806 1990 2914 2043 Καὶ
2962 1988 3143 2051 καλῶς
3190 1987 3396 2054 λέγετε’
3439 1988 3553 2058 εἰμὶ
3583 1987 3711 2059 γάρ.
3751 2005 3775 2037 ι

2197 2082 2270 2134 Οὐ
2315 2082 2423 2151 γὰρ
2457 2080 2610 2149 ψιλὸν
2662 2080 2831 2150 ὄνομα
2888 2080 3148 2147 κέκτηται
3198 2079 3363 2149 τιμῆς
3412 2078 3493 2141 τὸ,
3540 2080 3776 2145 Κύριος,

2196 2173 2447 2243 καθάπερ
2479 2173 2639 2241 ἡμεῖς
2690 2172 2898 2223 οἰκέται
2948 2170 3198 2240 μένοντες
3235 2168 3333 2238 τὴν
3366 2168 3548 2236 φύσιν,
3579 2168 3782 2239 λελαμ-

2199 2265 2501 2333 πρυσμένοι
2532 2278 2595 2329 γε
2628 2261 2734 2331 μὴν
2762 2260 2901 2313 κατὰ
2923 2261 3080 2331 χάριν
3103 2263 3215 2323 τοῖς
3246 2260 3385 2328 ὑπὲρ
3416 2259 3577 2328 φύσιν
3596 2276 3654 2312 τε
3683 2260 3779 2313 καὶ

2196 2357 2365 2420 ἀξίοις
2400 2354 2684 2424 ὀνόμασιν·
2734 2352 2849 2406 ἀλλ’
2890 2351 3004 2404 ἐστι
3045 2353 3111 2421 τῇ
3160 2350 3320 2420 φύσει
3369 2351 3591 2421 Κύριος,
3641 2367 3779 2403 κατ-

2197 2447 2518 2512 εξουσιάζων
2548 2446 2655 2496 τῶν
2706 2444 2862 2506 ὅλων,
2889 2443 2963 2506 ὡς
2997 2442 3149 2507 Θεὸς,
3176 2442 3311 2512 πρὸς
3342 2442 3401 2495 ὃν
3430 2442 3644 2512 εἴρηταί
3674 2458 3780 2494 που

2196 2538 2283 2590 διὰ
2326 2539 2424 2607 τῆς
2452 2536 2545 2589 τοῦ
2583 2535 2876 2604 ψάλλοντος
2911 2532 3123 2602 φωνῆς·
3162 2552 3179 2583 ι
3214 2534 3337 2585 Ὅτι
3380 2533 3446 2585 τά
3486 2532 3782 2602 σύμπαντα

2195 2629 2358 2681 δοῦλά
2388 2645 2499 2679 σου.
2536 2645 2553 2677 ι
2591 2626 2740 2678 Ἐστι
2772 2625 2828 2676 δὲ
2851 2626 2916 2694 τῇ
2947 2623 3105 2692 φύσει
3134 2623 3227 2676 καὶ
3253 2623 3606 2687 διδάσκαλοςο
3632 2625 3783 2676 πᾶσα

2198 2719 2305 2791 γάρ
2336 2718 2496 2786 σοφία
2524 2716 2677 2788 παρὰ
2704 2715 2929 2786 Κυρίου,
2955 2716 3045 2767 καὶ
3070 2716 3217 2767 πᾶσα
3251 2715 3465 2777 σύνεσις
3493 2714 3558 2767 δι’
3585 2715 3777 2767 αὐτοῦ.

2198 2812 2358 2878 Σοφοῖ
2401 2808 2509 2879 γάρ
2535 2808 2610 2869 ὡς
2655 2807 2813 2874 σοφία
2848 2807 2916 2859 τά
2963 2806 3149 2876 νοητά,
3181 2806 3274 2858 καὶ
3320 2805 3469 2877 πάσῃ
3501 2804 3678 2857 κτίσει
3709 2808 3778 2876 τῇ

2197 2900 2408 2970 λογικῇ,
2442 2898 2747 2968 ἐπουρανίῳ
2774 2914 2833 2948 τε
2871 2899 2965 2949 καὶ
2995 2896 3217 2964 ἐπιγείῳ
3244 2896 3339 2967 τὴν
3370 2898 3508 2966 αὐτῇ
3536 2896 3779 2966 πρέπου-

2200 3011 2297 3046 σαν
2348 2991 2621 3063 ἐνσπείρει
2674 2989 2910 3043 σύνεσιν.
2945 2990 3151 3059 Ὂνπερ
3202 2988 3309 3058 γάρ
3364 2990 3565 3056 τρόπον
3619 2988 3781 3050 αὐτὸς

530 3076 675 3142 licat,
710 3077 786 3132 ita
819 3094 942 3132 eum
982 3080 1055 3135 sit
1086 3082 1204 3152 ipse
1243 3084 1511 3153 sapientia
1571 3085 1783 3152 Patris,
1842 3091 2097 3146 omnibus

2199 3084 2456 3153 ὑπάρχων
2484 3084 2517 3152 ἠ
2557 3080 2697 3133 κατὰ
2724 3080 2882 3148 φύσιν
2931 3079 3066 3149 ζωὴ,
3115 3077 3372 3146 ζωογονεῖ
3412 3078 3479 3130 τὰ
3509 3077 3685 3131 πάντα
3713 3079 3782 3129 τά

528 3167 670 3221 indit
703 3169 983 3239 sapientiae
1008 3172 1172 3239 dona,
1207 3190 1427 3229 sensum
1455 3178 1710 3232 videlicet
1766 3188 1819 3233 et
1873 3196 2087 3237 omnem

529 3262 894 3331 cognitionem
933 3264 1226 3320 bonorum.
1259 3267 1466 3322 Natura
1493 3271 1678 3339 itaque
1710 3273 2091 3328 universorum

528 3349 792 3409 Dominus
822 3364 905 3409 est
938 3371 1003 3411 ac
1060 3359 1321 3429 magister
1350 3360 1544 3416 l‘ilius.
1581 3361 1717 3416 Cum
1778 3380 1878 3435 ego
1908 3366 2091 3433 igitur,

529 3443 725 3514 inquit,
776 3454 961 3502 tantus
996 3447 1052 3502 in
1090 3449 1284 3518 gloria,
1319 3450 1388 3504 ad
1446 3460 1651 3506 tantam
1693 3469 1779 3508 me
1810 3455 2096 3512 demittere

529 3534 888 3594 humilitatem
918 3555 1025 3594 non
1057 3541 1158 3596 sim
1220 3541 1566 3613 dedignatus,
1608 3552 1669 3598 ut
1702 3546 1868 3599 etiam
1929 3548 2094 3617 pedes

526 3634 741 3683 vestros
769 3629 1018 3695 laverim,
1041 3631 1318 3701 quomodo
1351 3649 1449 3689 vos
1471 3637 1744 3692 recusatis
1768 3638 1908 3692 alter
1936 3640 2091 3693 alteri

528 3715 582 3769 id
611 3714 830 3773 facere?
861 3718 935 3773 Ex
978 3720 1065 3775 his
1100 3731 1282 3776 autem
1317 3722 1478 3778 docet
1534 3742 1640 3780 non
1674 3728 1874 3784 debere
1904 3746 2096 3799 quem-

529 3822 695 3875 quam
734 3819 921 3862 contra
957 3812 1186 3866 aliorum
1241 3815 1507 3871 honorem
1557 3819 1861 3874 insolenter
1890 3822 2093 3885 ell'erri,

532 3897 627 3951 sed
697 3898 1019 3954 existimare
1056 3918 1381 3958 conservum
1423 3909 1761 3974 superiorem
1825 3925 1981 3973 esse,
2044 3920 2099 3965 et

531 3987 728 4054 quavis
787 3988 840 4040 in
901 4004 958 4043 re
1011 3993 1459 4059 praeponendum.
1521 3992 1848 4049 Praeclarum
1910 4000 2100 4068 utique

533 4077 919 4132 documentum
950 4097 963 4132 :
1002 4082 1258 4137 modestae
1285 4084 1429 4138 enim
1461 4086 1625 4139 menti
1659 4097 1712 4141 et
1744 4102 1865 4156 quae
1899 4088 2098 4144 fastum

534 4178 849 4225 contemnat
892 4172 1026 4226 nihil
1067 4180 1152 4228 est
1189 4176 1644 4243 comparandum,
1692 4186 1746 4233 et
1787 4179 1919 4233 nihil
1949 4197 2103 4248 aeque

538 4260 734 4318 fratres
771 4272 823 4317 et
856 4264 1066 4319 amicos
1092 4265 1233 4319 inter
1263 4281 1323 4320 se
1357 4268 1568 4332 dividit,
1623 4284 1685 4322 ac
1738 4271 1952 4326 misera:
1987 4275 2103 4344 glo-

536 4352 692 4407 riola:
726 4353 1001 4421 impotens
1054 4354 1241 4408 libido.
1295 4352 1520 4425 Semper
1548 4357 1692 4410 enim
1746 4360 1888 4427 quod
1926 4362 2102 4426 majus

2196 3174 2341 3243 ζωῆς
2365 3171 2607 3229 δεκτικά,
2640 3170 2811 3233 οὕτως
2858 3169 3090 3240 ἐπείπερ
3131 3170 3291 3232 αὑτός
3343 3170 3489 3221 ἐστιν
3532 3171 3565 3237 ή
3619 3170 3781 3237 σοφία,

2193 3269 2286 3321 τοῦ
2319 3268 2548 3337 Πατρδς,
2578 3267 2743 3319 πᾶσιν
2776 3265 3013 3335 ἐντίθησι
3049 3266 3117 3317 τά
3154 3265 3345 3332 σοφίας
3368 3264 3538 3334 δῶρα,
3574 3266 3781 3335 φρόνη-

2196 3376 2280 3412 σιν
2307 3359 2544 3429 δηλονότι
2595 3357 2688 3410 καὶ
2718 3358 2895 3410 πᾶσαν
2925 3356 3131 3426 εἴδησιν
3174 3353 3413 3422 ἀγαθῶν.
3458 3353 3623 3406 Φύσει
3670 3371 3781 3407 τοι·

2195 3450 2397 3519 γαροῦν
2422 3450 2530 3501 τῶν
2555 3448 2690 3501 ὅλων
2728 3446 2930 3517 Κύριός
2962 3449 3075 3500 ἐστι
3100 3445 3194 3499 καὶ
3224 3445 3539 3505 διδάσκαλος
3564 3445 3592 3496 ὁ
3624 3445 3776 3505 Υἱός.

2197 3546 2327 3597 Ὅτε
2383 3542 2562 3595 τοίνυν
2610 3542 2637 3594 ὁ
2705 3540 2875 3611 μέγας
2942 3541 2998 3592 ἐν
3037 3536 3184 3608 δόξῃ,
3221 3538 3313 3590 καὶ
3365 3535 3616 3599 τοσοῦτος
3667 3534 3782 3604 ἐγὼ

2196 3636 2331 3704 πρὸς
2351 3634 2447 3705 τὴν
2467 3633 2609 3687 οὕτω
2655 3630 3005 3701 μικροπρεπῆ
3038 3626 3409 3683 καθικνεῖσθαι
3449 3627 3781 3679 ταπείνωσιν

2195 3729 2253 3780 οὐ
2298 3726 2637 3795 κατοκνήσας
2681 3722 2963 3791 φαίνομαι,
3010 3721 3085 3784 ὡς
3136 3720 3231 3774 καὶ
3275 3721 3400 3782 τοὺς
3433 3719 3586 3786 ὑμῶν
3634 3718 3778 3772 ἁπο-

2196 3816 2344 3883 νίψαι
2396 3813 2578 3877 πόδας,
2634 3813 2752 3875 πῶς
2807 3812 2873 3864 ἂν
2929 3810 3009 3863 ἐτι
3053 3811 3147 3863 καὶ
3186 3810 3362 3880 ὑμεῖς,
3396 3809 3550 3878 φησὶ,
3580 3825 3781 3877 παραι-

2197 3905 2373 3959 τεῖσθε
2408 3904 2654 3974 ἀλλήλοις
2697 3905 2907 3968 ποιεῖν;
2941 3902 3189 3955 Διδάσκει
3237 3901 3291 3954 δὲ
3327 3901 3417 3952 διὰ
3454 3900 3683 3959 τούτων,
3718 3899 3781 3951 τὸ

2204 3995 2277 4063 μὴ
2308 3995 2405 4063 τῆς
2447 3994 2646 4064 ἐτέρων
2683 3993 2848 4062 τιμῆς
2884 3989 3407 4052 καταλαζονεύεσθαι
3439 3989 3633 4057 φιλεῖν,
3662 3988 3779 4041 ἀλλ’

2201 4082 2531 4151 ὑπερφέρειν
2561 4081 2722 4134 αὐτοῦ
2752 4082 2841 4133 καὶ
2863 4080 3222 4150 προτετάχθαι
3264 4079 3405 4131 κατὰ
3458 4080 3566 4132 πᾶν
3599 4078 3780 4131 ὁτιοῦν

2199 4172 2402 4226 οἴεσθαι
2427 4172 2515 4225 τὸν
2543 4172 2844 4242 ὁμόδουλον.
2890 4169 3065 4222 Καλόν
3088 4187 3152 4238 γε
3188 4170 3390 4240 σφόδρα
3419 4170 3478 4222 τὸ
3507 4168 3740 4241 μάθημα
3764 4185 3777 4198 ·

2204 4266 2542 4335 φρονήματος
2597 4264 2703 4332 γάρ
2754 4262 3146 4330 ἁφιλοκομπείν
3213 4261 3464 4323 εἰωθότος
3537 4260 3639 4313 οὐκ
3690 4259 3779 4320 ἂν.

2203 4352 2374 4425 οἶμαι.
2405 4357 2488 4417 τὶς
2519 4353 2781 4418 ἐπιδείξαι
2826 4353 2886 4405 τὸ
2931 4352 3063 4415 ἴσον,
3102 4351 3255 4405 οὐδέν
3287 4368 3345 4403 τε
3373 4349 3514 4403 οὕτω
3546 4350 3780 4420 διίστησι

536 4450 621 4495 est
650 4442 980 4511 appetimus,
1012 4450 1065 4498 et
1095 4444 1221 4497 vani
1274 4445 1397 4499 vita:
1428 4445 1593 4515 hujus
1634 4447 1869 4505 honores
1923 4452 2098 4505 lubri-

2204 4449 2294 4501 καὶ
2318 4446 2576 4515 ἀδελφοὺς
2616 4446 2708 4498 καὶ
2749 4445 2957 4513 φίλους,
2990 4444 3119 4513 ὡςή
3150 4443 3256 4495 τῶν
3294 4442 3493 4495 ἀθλίων
3519 4441 3781 4513 δοξαρίων

538 4549 662 4587 cum
697 4542 948 4588 nostrum
989 4534 1234 4589 animum
1267 4537 1493 4607 adigunt
1529 4545 1587 4592 ut
1613 4538 1944 4595 clarioribus
1987 4558 2103 4595 ma-

537 4626 622 4695 gis
647 4640 713 4680 ac
741 4627 913 4695 magis
938 4626 1128 4682 inhiet.
1166 4628 1235 4683 Ut
1271 4628 1435 4697 igitur
1467 4638 1622 4685 tanto
1658 4633 1848 4685 morbo
1905 4635 2103 4689 libere-

541 4731 687 4781 mur,
746 4725 955 4769 actam
1000 4718 1372 4773 detestandam
1422 4721 1699 4776 libidinem
1767 4726 2108 4780 excutiamus

541 4801 561 4873 (
587 4804 721 4857 nihil
750 4805 895 4858 enim
924 4805 1071 4860 aliud
1102 4815 1186 4861 est
1214 4806 1305 4861 ille
1333 4808 1654 4863 ambitionis
1683 4812 1908 4866 morbus
1942 4828 2104 4883 quam

542 4897 893 4966 pratmigiae),
944 4897 1120 4966 ipsum
1172 4898 1556 4954 universorum
1617 4917 1795 4972 regem
1827 4902 2106 4957 Christum

541 4996 658 5042 toto
691 4989 875 5044 animo
905 4991 1358 5060 complectamur,
1390 4994 1484 5063 qui
1534 4994 1931 5063 discipulorum
1976 5012 2109 5049 suo-

544 5093 662 5132 rum
694 5079 861 5147 pedes
902 5080 1107 5136 idcirco
1146 5082 1297 5145 lavit,
1336 5094 1395 5136 ut
1435 5100 1537 5140 nos
1569 5084 1798 5139 invicem
1836 5086 1886 5139 id
1940 5086 2109 5139 facia-

544 5183 685 5223 mus.
725 5168 838 5224 lloc
864 5173 1005 5224 enim
1033 5180 1190 5241 pacto
1215 5175 1394 5229 cumis
1422 5177 1694 5243 superbiae
1713 5176 1907 5232 modus
1940 5177 2109 5230 inter-

544 5258 812 5324 chuletur,
846 5270 900 5316 et
929 5278 1094 5319 omne
1134 5279 1309 5334 genus
1361 5266 1653 5321 mundanae
1676 5268 1989 5323 ambitionis
2025 5283 2112 5322 re-

546 5352 800 5421 pelletur.
851 5354 989 5408 Nam
1043 5356 1088 5411 si
1142 5356 1233 5410 ille
1291 5364 1486 5410 natura
1536 5356 1802 5412 Dominus
1851 5366 2110 5428 tanquam

545 5458 737 5496 servus
763 5443 941 5500 factus
965 5456 1071 5511 est,
1100 5447 1377 5517 quomodo
1398 5464 1499 5503 nos
1524 5450 1667 5503 servi
1697 5450 1902 5519 aliquid
1936 5451 2112 5505 istius-

548 5532 696 5585 modi
727 5533 868 5589 l’erre
896 5537 1031 5589 citra
1065 5537 1408 5606 gravissimae
1438 5553 1611 5609 pmnae
1664 5539 1965 5606 periculum
2024 5554 2111 5593 re-

547 5641 782 5681 nuamus
803 5626 826 5658 °

646 5801 669 5833 '
706 5800 855 5858 Psal.
891 5818 1054 5859 cxvut
1082 5853 1096 5875 ,
1133 5805 1221 5861 9|.

2201 4538 2441 4608 ἀκρατὴς
2484 4536 2769 4606 ἐπιθυμία.
2805 4536 2916 4588 Ἀεὶ
2964 4536 3071 4605 γάρ
3110 4552 3226 4598 πως
3273 4534 3333 4587 τὸ
3370 4535 3549 4604 μεῖξον
3590 4534 3779 4604 αἱρού-

2207 4630 2362 4700 μεθα,
2406 4631 2499 4683 καὶ
2538 4632 2648 4691 τοῖς
2690 4628 3091 4698 λαμπροτέροις
3138 4627 3406 4696 ἐπιπηδᾴν
3443 4629 3497 4679 αἱ
3543 4626 3781 4679 διάκενοι

2202 4720 2295 4773 τοῦ
2324 4721 2437 4790 βίου
2465 4721 2621 4789 τιμαὶ
2647 4718 2737 4772 τὸν
2766 4718 3040 4771 εὐόλισθον
3070 4719 3102 4786 ἡ
3113 4716 3227 4785 μῶν
3254 4717 3604 4769 ἀναπείθουσι
3632 4715 3778 4769 νοῦν.

2208 4815 2325 4865 Ἵνα
2364 4813 2541 4866 τοίνυν
2586 4812 2683 4880 τῆς
2721 4810 2976 4878 τοιαύτης
3024 4808 3415 4878 καταλήξωμεν
3453 4807 3631 4870 νόσου,
3684 4808 3782 4859 καὶ

2205 4907 2301 4974 τῆς
2327 4903 2469 4957 οὕτω
2498 4902 2754 4973 βδελυρὶς
2782 4900 3229 4970 ἁποπαυσώμεθα
3261 4898 3553 4967 ἐπιθυμίας
3575 4899 3780 4967 (ἀπάτη

2204 4997 2333 5064 γὰρ,
2360 4996 2452 5047 καὶ
2488 4995 2575 5046 ’ἐτε
2585 5012 2675 5066 ρον
2702 4993 2852 5046 οὐδὲν
2884 4992 2944 5045 τὸ
2973 4991 3243 5060 φιλόδοξον
3273 4987 3485 5055 πάθος),
3513 4988 3675 5041 αὑτὸν
3701 4990 3782 5049 είς

2208 5090 2402 5140 σίκεῖον
2446 5086 2729 5156 δεχώμεθα
2768 5085 2889 5139 νοῦν
2942 5085 3031 5139 τὸν
3079 5086 3333 5138 ἁπάντων
3390 5081 3612 5150 βασιλέα
3649 5081 3783 5151 Χρι-

2207 5177 2348 5236 στὸν,
2382 5176 2471 5228 διὰ
2511 5176 2668 5228 τοῦτο
2709 5176 2937 5243 νίψαντα
2984 5174 3089 5226 τῶν
3131 5172 3384 5244 μαθητῶν
3425 5173 3547 5232 τοὺς
3593 5170 3779 5231 πόδας,

2206 5267 2293 5321 ἵνα
2323 5268 2413 5320 καὶ
2440 5269 2599 5337 ἡμεῖς
2636 5267 2759 5329 τοὺς
2791 5266 3051 5336 ἀλλήλων.
3094 5265 3190 5318 Διὰ
3236 5265 3341 5333 γάρ
3390 5262 3576 5314 τούτου
3620 5260 3781 5313 x011-

2211 5359 2468 5428 σθησεται
2501 5358 2597 5427 μὲν
2624 5358 2767 5419 ἄπας
2798 5357 3107 5421 ἀλαζονείας
3151 5356 3366 5423 τρόπος,
3391 5355 3532 5407 ἅπαν
3562 5351 3616 5406 δὲ
3646 5345 3783 5411 εἶδος

2210 5448 2479 5519 κοσμικῆς
2524 5447 2825 5515 φιλοδοξίας
2866 5444 3103 5498 ἐκποδὼν
3153 5447 3449 5513 οἰχήσεται.
3495 5442 3557 5493 Ei
3605 5441 3713 5509 γάρ
3758 5440 3784 5490 ὁ

2212 5540 2368 5608 φύσει
2413 5540 2615 5610 Κύριος
2682 5540 2755 5600 ὼς
2799 5537 3032 5605 οἰκέτης,
3079 5534 3193 5596 πῶς
3244 5535 3304 5608 τε)
3344 5532 3526 5586 δοῦλον
3575 5530 3677 5583 οὐκ
3717 5528 3783 5582 ἂν

2212 5633 2384 5685 ἓλοιτό
2410 5650 2463 5685 τι
2496 5632 2688 5685 παθεῖν
2712 5631 2818 5683 τῶν
2844 5628 2989 5697 αὑτῷ
3022 5626 3503 5697 πρεπωδεστάτων,
3528 5622 3623 5675 καὶ
3664 5621 3785 5691 οὐχὶ

2219 5723 2402 5776 λοιπὸν
2425 5722 2522 5793 τὴν
2550 5721 2773 5775 ἀπασῶν
2802 5720 3033 5790 ἐσχάτην
3059 5718 3287 5789 ἀποτίσῃ
3311 5716 3464 5783 δίκην
3488 5730 3502 5778 ;
