4106 6262
287 371 393 426 125

1375 372 1444 429 ΙΝ
1480 371 1768 430 IOANNIS
1804 369 2257 428 EVANGELIUM
2297 370 2426 425 LIB.
2467 369 2558 423 IX.

3420 365 3524 422 126

365 486 577 556 Ἀμὴν,
605 487 768 558 ἀμὴν
797 486 953 557 λέγω
977 487 1138 558 ὑμῖν,
1167 490 1280 542 οὐκ
1310 489 1440 544 ἔστι
1469 489 1688 556 δοῦλος
1720 487 1849 560 μεί-

2021 484 2162 549 Xlll,
2193 485 2282 550 16,
2323 485 2404 538 17.
2445 484 2613 537 Amen
2646 497 2795 536 auten
2823 481 2943 535 dico
2970 481 3136 544 vobis,
3169 497 3270 535 non
3299 489 3376 535 est
3415 498 3526 535 ser-

282 577 396 640 ζων
435 578 543 634 τοῦ
584 579 794 647 κυρίου
823 579 1030 646 αὐτοῦ,
1069 579 1216 634 οὐδὲ
1260 582 1602 648 ἀπόστολος
1643 579 1853 652 μείζων

281 666 392 724 τοῦ
416 667 764 737 πέμψαντος
792 667 999 722 αὐτόν.
1027 671 1092 724 Εί
1118 669 1304 724 ταῦτα
1333 669 1554 736 οἴδατε,
1573 669 1854 739 μακάριοί

281 759 444 823 ἐστε,
475 760 584 815 ἐὰν
614 757 821 828 ποιῆτε
845 759 1020 814 αὐτά.

353 850 554 920 Νόμοις
589 848 712 922 lla.
751 849 974 920 ὅρκοις]
1017 848 1208 920 ὥσπερ
1251 849 1570 916 ἀναγκαίοις
1621 847 1852 919 ὀχυροῦν

280 938 473 992 Ξπεται
499 938 736 1009 Χριστὸς
775 938 872 992 τοῦ
911 937 1306 1008 πεπραγμένου
1337 938 1436 1010 τὴν
1463 937 1714 1008 δύναμιν,
1757 936 1852 990 καὶ

280 1030 703 1102 σφαλερωτάτην
737 1031 1020 1094 παντελῶς
1061 1031 1354 1100 ἀποφαίνει
1387 1029 1487 1101 τὴν
1538 1029 1852 1102 παράϐασιν

276 1121 378 1190 τῆς
405 1119 780 1191 σωτηριώδους
815 1121 1055 1187 ἐντολῆς.
1097 1121 1172 1174 Τὸ
1206 1121 1315 1190 γάρ
1371 1122 1518 1191 ὅρκῳ
1557 1119 1852 1190 βεϐαιωθέν

277 1209 382 1262 οὐκ
403 1208 734 1278 ἀνέγκλητον
769 1207 883 1278 ἔχει
907 1209 1007 1279 τὴν
1047 1209 1428 1280 παραδρομὴν.
1472 1209 1852 1278 Κατηγόρημα

275 1301 491 1362 τοίνυν,
522 1302 718 1371 φησιν,
765 1299 1177 1370 ἀπροφάσιστον
1220 1301 1334 1362 τοῖς
1368 1299 1609 1361 οἰκέταις
1633 1340 1648 1362 ,
1685 1300 1734 1350 εί
1773 1299 1850 1370 μὴ

274 1392 347 1444 τὰ
375 1393 465 1445 ίσα
490 1394 705 1462 φρονεῖν
734 1390 970 1444 ἐθέλοιεν
1001 1392 1114 1453 τοῖς
1145 1388 1296 1452 ἰδίοις
1317 1388 1622 1451 δεσπόταις.
1657 1387 1852 1441 Πλεον-

277 1483 400 1548 εξία
443 1483 553 1554 γὰρ
594 1483 694 1554 ἤδη
728 1483 824 1536 καὶ
851 1482 1039 1552 ἕτερον
1075 1481 1247 1546 οὐδὲν,
1280 1481 1342 1534 τὸ
1377 1479 1472 1533 τοῦ
1507 1479 1750 1550 μείζονός
1787 1495 1847 1532 τε

278 1576 374 1630 καίΙ
419 1576 560 1648 ὑπὲρ
604 1574 760 1640 ἀξίαν
808 1575 974 1646 ὲρᾷψ
1026 1574 1347 1636 ἀποστόλοις
1393 1589 1452 1625 τε
1501 1571 1706 1641 ὁμοίως
1751 1570 1852 1642 τὴν

275 1665 450 1734 αὐτὴν
486 1664 550 1718 ἀν
579 1663 800 1727 εἰκότως
843 1663 1058 1716 ὲποίσαι
1087 1662 1306 1734 γραφὴν
1329 1704 1343 1728 ,
1379 1665 1442 1715 το
1476 1665 1534 1720 ἐν
1573 1661 1852 1731 ἀμείνοσιν

276 1751 419 1809 εἶναι
451 1754 634 1826 ζητεῖν
658 1796 674 1821 ,
705 1754 738 1826 ἢ
777 1757 834 1808 ὲν
881 1751 964 1814 οἷς
1000 1757 1147 1808 ἐστιν
1184 1757 1213 1808 ὁ
1257 1753 1580 1816 ἀποστείλας
1630 1751 1847 1815 αὐτούς.

1950 594 2043 632 vus
2070 576 2244 645 major
2273 575 2486 628 domino
2511 590 2629 639 suo,
2659 588 2821 642 neque
2848 571 3122 638 apostolus
3153 571 3327 639 major
3354 583 3432 624 est
3465 589 3525 626 eo

1948 670 2039 739 qui
2063 670 2206 722 misit
2240 668 2413 721 illum.
2453 665 2513 721 Si
2545 667 2656 720 [nec
2680 665 2854 729 scitis,
2892 664 3034 718 beati
3085 665 3258 730 eritis,
3304 663 3351 716 si
3385 663 3526 732 fece-

1951 761 2068 813 ritis
2090 777 2176 815 ea.
3525 749 3551 768 ⁸

2019 850 2359 907 Juramentis
2401 849 2567 904 veluti
2609 847 2944 902 necessariis
3012 847 3142 901 facti
3197 845 3307 900 vim
3344 845 3524 899 ﬁrmat

1949 941 2224 1007 Christus,
2279 949 2334 995 et
2387 940 2898 1010 praevaricationem
2963 939 3224 994 salutaris
3263 936 3523 1006 praecepti

1949 1034 2274 1102 periculosa:
2329 1033 2547 1102 plenam
2627 1031 2758 1084 aleae
2824 1030 3087 1085 ostendit.
3153 1027 3310 1096 Quod
3375 1029 3522 1082 enim

1943 1124 2309 1195 jurejurando
2353 1124 2632 1177 ﬁrmatum
2691 1121 2858 1192 ’128
2911 1131 3018 1187 est,
3052 1137 3159 1176 non
3193 1122 3315 1174 sine
3361 1119 3523 1188 culpa

1950 1216 2408 1286 praetermittitur.
2437 1214 2662 1269 Crimen
2703 1214 2874 1282 igitur
2905 1213 3288 1267 inexcusabile
3343 1211 3524 1265 famu-

1950 1311 2126 1363 lorum
2163 1315 2268 1369 est,
2320 1306 2522 1376 inquit.
2555 1305 2905 1358 dominorum
2967 1303 3237 1358 voluntati
3292 1295 3522 1370 obsequi

1950 1401 2114 1456 nolle.
2157 1399 2518 1468 Praisumptio
2554 1397 2762 1466 quippe
2804 1408 2908 1458 est,
2965 1395 3175 1462 majora
3213 1409 3376 1462 quam
3428 1408 3526 1462 par

1952 1493 2025 1549 sit
2056 1499 2314 1562 appetere
2341 1509 2354 1544 :
2393 1499 2448 1544 et
2479 1489 2716 1558 apostoli
2744 1489 2998 1541 similiter
3023 1485 3284 1556 culpandi
3313 1485 3448 1546 sint,
3479 1485 3524 1538 si

1952 1581 2074 1650 plus
2127 1579 2231 1634 sibi
2283 1585 2574 1634 assumant
2621 1591 2785 1646 quam
2840 1576 2891 1630 is
2945 1589 2976 1629 a
3027 1590 3139 1644 quo
3173 1575 3326 1629 missi
3370 1581 3524 1628 sunt.

1955 1671 2194 1725 Snﬂicict
2221 1669 2368 1747 enim
2419 1669 2501 1724 eis
2535 1669 2604 1723 ad
2642 1667 2824 1721 omnis
2876 1666 3145 1720 claritatis
3187 1679 3524 1728 mensuram,

1952 1781 2075 1818 cum
2106 1779 2171 1818 eo
2213 1777 2242 1816 a
2273 1777 2385 1833 quo
2412 1761 2565 1815 missi
2626 1768 2774 1822 sunt,
2807 1758 3054 1827 ejusdem
3087 1772 3211 1810 esse
3271 1755 3525 1825 spiritus.

289 1847 540 1919 Ἀρκέσει
584 1847 692 1918 γὰρ
740 1847 942 1911 αὐτοῖς,
986 1848 1066 1910 είς
1096 1846 1346 1910 εὐκλείας
1377 1845 1594 1916 ἀπάσης
1626 1845 1846 1915 μέτρον,

1957 1855 2068 1909 Hoc
2101 1863 2284 1909 autem
2321 1852 2461 1907 nihil
2502 1851 2651 1904 aliud
2696 1858 2818 1903 erat
2871 1863 3036 1918 quam
3092 1846 3298 1912 dicere,
3328 1844 3526 1898 Coram

275 1937 372 1992 τοῦ
425 1937 775 2008 πεπομφότος
818 1937 881 1990 τὸ
917 1939 1190 2010 φρόνημα.
1253 1937 1426 1990 Τοῦτο
1477 1937 1533 1990 δὲ
1585 1932 1653 2006 ἦν
1697 1937 1849 1992 οὐδὲν

277 2029 468 2100 ἓτερον
509 2028 543 2097 ἢ
582 2031 759 2082 ἐκεῖνο
793 2027 1010 2092 πάντως
1042 2031 1218 2082 εἰπεῖν
1243 2067 1260 2093 ,
1309 2029 1392 2081 ὅτι
1438 2029 1850 2100 Γελασθήσεσθε

275 2121 502 2182 δικαίως
529 2120 622 2173 ἐπὶ
660 2120 755 2172 τοῦ
795 2119 938 2174 θείου
971 2118 1216 2189 βήματος
1240 2159 1254 2183 ,
1302 2122 1351 2174 εί
1395 2120 1568 2173 ταῦτα
1595 2121 1728 2192 δρᾷν
1768 2124 1850 2184 εἰς

280 2211 541 2282 ἀλλήλους
583 2211 736 2264 αὐτοὶ
775 2211 1130 2280 παραιτεῖσθε
1177 2211 1244 2264 δι’
1291 2211 1626 2284 ὑπεροψίαν,
1669 2213 1849 2267 καίτοι

281 2300 346 2354 τὸ
393 2301 491 2370 τῆς
532 2302 770 2365 δουλείας
823 2301 990 2370 ὄνομα
1036 2302 1292 2372 λαχόντες
1330 2304 1543 2367 κοινὸν,
1594 2303 1737 2375 ὅπερ
1770 2307 1852 2368 εἰς

286 2393 432 2461 ὑμᾶς
463 2389 602 2458 ἐγὼ,
646 2392 822 2444 καίτοι
873 2392 1011 2446 κατά
1065 2393 1224 2462 φύσιν
1261 2394 1522 2464 ὑπάρχων
1575 2395 1705 2458 Θεὸς
1757 2397 1852 2449 καὶ

286 2481 510 2551 Κύριος.
555 2481 790 2532 Ἀτοπον
824 2479 934 2550 γὰρ
966 2479 1214 2550 ἀληθῶς,
1267 2481 1463 2552 μᾶλλον
1506 2482 1562 2535 δὲ
1605 2482 1706 2552 ήδη
1753 2484 1852 2552 τῆς

285 2571 548 2624 ἀνωτάτω
590 2569 784 2639 μανίας
819 2571 920 2623 οὐκ
961 2569 1261 2642 ἀμοιροῦν,
1315 2573 1530 2636 οἰκέτας
1573 2572 1731 2636 ὄντας
1791 2575 1849 2628 ἐν

281 2661 528 2715 ἐλάττοσι
568 2661 662 2714 τοῦ
692 2662 782 2715 καὶ
814 2663 1080 2716 Δεσπότου
1115 2665 1207 2716 καὶ
1253 2664 1674 2728 ἀποστείλαντος
1698 2707 1713 2730 ,
1755 2667 1850 2718 ἐπ-

279 2751 538 2824 ερυθριᾷν
587 2751 802 2816 ἀτόπως
859 2754 926 2824 τῇ
983 2753 1121 2824 πρὸς
1170 2754 1432 2826 ἀλλήλους
1497 2755 1730 2826 δουλείᾳ.
1784 2758 1848 2810 Εἰ

277 2844 451 2897 ταῦτα
483 2844 663 2896 τοίνυν
695 2843 810 2896 ἴστε
831 2884 846 2908 ,
886 2845 1023 2916 φησί
1049 2885 1064 2908 ,
1097 2845 1243 2898 τοῦτ’
1274 2845 1422 2899 ἐστιν
1445 2887 1460 2911 ,
1492 2851 1540 2900 εἰ
1571 2851 1710 2902 νοεῖν
1753 2849 1848 2902 δύ-

279 2935 440 2990 νασθε
471 2935 684 3003 σαφῶς,
731 2936 760 2990 ὃ
798 2953 974 3006 φημι,
1013 2955 1032 2987 ι
1069 2939 1346 3008 Μακάριοί
1379 2941 1499 2992 ἐστε
1533 2941 1628 2994 ἐὰν
1657 2943 1849 3012 ποιῆτε

281 3025 439 3078 αὐτά.
477 3043 497 3076 ι
531 3026 604 3078 0'3
635 3024 744 3095 γὰρ
792 3025 854 3078 τὸ
888 3026 1087 3080 εἰδέναι
1138 3027 1239 3097 τὴν
1298 3029 1535 3100 ἀρετὴν,
1593 3031 1732 3084 ἀλλὰ
1784 3032 1844 3083 τὸ

280 3117 602 3186 ἐργάζεσθαι
635 3117 836 3188 μᾶλλον
867 3117 1190 3189 ἀξιέραστόν
1237 3138 1296 3172 τε
1341 3123 1436 3174 καὶ
1484 3123 1846 3195 ἀξιοζήλωτον

1953 1948 2140 2003 divino
2169 1945 2428 2001 tribunali
2459 1945 2658 1998 merito
2689 1939 3030 2002 ridebimini,
3061 1939 3106 1992 si
3147 1938 3263 1992 haec
3305 1937 3444 1990 alter
3471 1935 3524 1988 in

1954 2040 2184 2092 alterum
2209 2035 2396 2091 facere
2428 2049 2539 2104 prae
2569 2033 2826 2101 superbia
2853 2031 3062 2092 nolitis,
3087 2017 3214 2082 licet
3237 2039 3530 2081 commune

1953 2127 2236 2182 servitutis
2285 2140 2482 2180 nomen
2543 2123 2748 2187 sortiti,
2798 2135 2921 2190 quae
2968 2120 3022 2172 in
3063 2133 3160 2176 vos
3201 2131 3344 2186 ego,
3399 2115 3530 2168 licet

1955 2217 2258 2272 secundum
2315 2223 2570 2268 naturam
2607 2213 2884 2265 exsistens
2918 2208 3063 2263 Deus
3107 2223 3172 2262 ac
3237 2205 3524 2259 Dominus.

1953 2309 2268 2364 Absurdum
2313 2306 2460 2360 enim
2505 2313 2592 2358 est
2621 2302 2892 2374 proferto,
2943 2311 2996 2354 et
3045 2300 3272 2353 extremi
3323 2297 3528 2350 furoris

1956 2403 2195 2471 plenum,
2246 2413 2368 2461 vos,
2403 2410 2528 2450 cum
2588 2393 2737 2449 servi
2801 2392 2946 2455 sitis,
2987 2389 3220 2442 Domino
3254 2395 3310 2441 et
3339 2401 3404 2440 eo
3433 2385 3528 2454 qui

1957 2491 2110 2546 misit
2145 2491 2304 2558 longe
2358 2487 2626 2546 minores,
2663 2492 2910 2538 mutuam
2973 2489 3152 2534 tamen
3207 2478 3530 2534 servitutem

1954 2561 2303 2637 erubescere.
2337 2577 2394 2632 Si
2431 2579 2544 2632 haec
2571 2575 2728 2632 scitis
2762 2574 2952 2644 igitur,
2985 2569 3187 2639 inquit,
3253 2567 3360 2622 hoc
3417 2573 3525 2626 est.

1955 2675 2000 2730 si
2024 2675 2170 2728 clare
2201 2687 2365 2727 nosse
2388 2668 2625 2740 potestis
2652 2665 2801 2736 quod
2833 2663 2991 2725 dico,
3037 2681 3055 2712 ι
3095 2659 3246 2714 Beati
3295 2657 3435 2714 estis
3481 2659 3529 2712 si

1957 2765 2201 2821 feceritis
2227 2778 2313 2818 ea.
2350 2781 2368 2813 ι
2399 2759 2516 2814 Non
2567 2759 2714 2812 enim
2765 2755 2910 2809 scire
2939 2753 3225 2812 virtutem,
3284 2749 3377 2804 sed
3407 2764 3528 2803 eam

1957 2870 2214 2914 exercere
2241 2853 2536 2924 optandum
2569 2857 2652 2903 est
2697 2854 2862 2916 atque
2916 2842 3212 2898 laudabile.
3265 2840 3532 2895 Existimo

1953 2967 2084 3008 vero
2111 2957 2376 3022 praestare
2409 2941 2820 3013 quodammodo
2855 2953 2974 2994 eam
3016 2953 3085 2992 ne
3123 2937 3384 2990 didicisse
3417 2933 3534 3002 qui-

1955 3042 2098 3104 dem,
2133 3053 2296 3110 quam
2323 3051 2447 3090 cum
2474 3031 2755 3093 didiceris,
2791 3029 3012 3100 pigritia
3035 3036 3268 3081 mentem
3297 3025 3529 3094 illigare,

1955 3144 2008 3188 et
2043 3147 2165 3202 qua:
2216 3139 2364 3183 recta
2398 3137 2450 3180 et
2481 3127 2621 3178 bona
2651 3137 2773 3178 esse
2825 3121 3001 3181 noris,
3039 3119 3187 3172 nolle
3244 3115 3537 3180 perﬁcere,

279 3207 411 3278 φαίη
450 3226 533 3270 τις
559 3208 644 3262 ἄν.
677 3205 845 3278 Οἶμαι
873 3210 929 3262 δὲ
973 3211 1055 3264 ὅτι
1080 3212 1222 3281 τάχα
1254 3230 1371 3275 πως
1410 3215 1506 3266 καὶ
1537 3216 1761 3284 ἄμεινον
1787 3217 1848 3269 τὸ

1952 3229 2108 3297 juxta
2137 3221 2446 3277 Servatoris
2475 3233 2707 3271 vocem:
2755 3235 2773 3266 ι
2821 3213 2928 3280 Qui
2974 3227 3084 3266 non
3125 3209 3384 3280 cognovit
3434 3221 3534 3260 vo-

281 3299 404 3370 μηδ’
429 3301 564 3362 ὅλως
604 3299 797 3370 μαθεῖν
824 3339 838 3362 ,
881 3301 913 3372 ἢ
966 3301 1238 3371 μαθόντας
1290 3304 1432 3375 ὄκνῳ
1477 3306 1709 3376 πεδῆσαι
1759 3307 1850 3361 τὸν

277 3389 404 3444 νοῦν
427 3432 443 3456 ,
479 3390 570 3444 καὶ
601 3391 742 3461 ἆπερ
775 3391 840 3446 ἀν
867 3410 952 3456 τις
990 3394 1192 3464 ἄριστά
1234 3413 1294 3448 τε
1343 3398 1440 3451 καὶ
1486 3399 1662 3470 ὀρθῶς
1706 3399 1851 3470 ἔχειν

275 3481 466 3550 εἰδείη,
512 3481 586 3552 μὴ
621 3482 905 3552 βούλεσθαι
943 3484 1262 3556 κατορθοῦν,
1300 3489 1442 3541 κατά
1466 3491 1565 3560 τὴν
1603 3491 1695 3544 τοῦ
1734 3494 1849 3546 Σω-

271 3574 445 3641 τῆρος
469 3575 685 3642 ιρωνήν⁹
725 3593 744 3626 ι
785 3573 842 3628 '0
876 3577 949 3646 μὴ
985 3575 1140 3640 εἰδὼς
1164 3577 1225 3630 τὸ
1257 3577 1468 3650 θέλημα
1509 3581 1604 3634 τοῦ
1643 3585 1850 3655 Κυρίου

273 3661 448 3715 αὐτοῦ
475 3702 489 3726 ,
535 3663 628 3715 καὶ
676 3662 750 3733 μὴ
794 3667 1064 3734 ποιήσας,
1113 3667 1411 3738 δαρήσεται
1459 3671 1672 3740 dli-{14'
1730 3677 1758 3727 ὁ
1796 3675 1851 3727 δὲ

275 3750 466 3811 εἰδὼς,
493 3752 587 3804 καὶ
620 3751 696 3822 μὴ
725 3754 978 3823 ποιήσας,
1007 3755 1296 3826 δαρήσεται
1332 3759 1549 3824 πολλάς.
1589 3781 1606 3812 ι
1640 3761 1730 3832 Τ
1755 3763 1853 3834 μὲν

277 3843 398 3912 γὰρ
426 3842 717 3912 ἠγνοηκότι
757 3843 1056 3908 παντελῶς,
1092 3849 1141 3898 εί
1171 3850 1266 3901 καὶ
1308 3850 1582 3905 εὐθύνοιτό
1616 3871 1731 3917 πως
1762 3855 1852 3908 ἐπὶ

275 3937 350 4005 τῇ
387 3933 634 4006 ῥᾳστώνῃ
660 3935 838 4006 τυχὸν,
867 3937 926 3990 τὸ
947 3937 1076 4006 γοῦν
1103 3941 1330 4012 μετρίαν
1355 3944 1576 4014 αἰτῆσαι
1604 3947 1850 4016 συγγνώ-

277 4043 396 4098 μην
415 4027 475 4078 οὐ
511 4025 627 4078 λίαν
647 4026 991 4097 ἀνάρμοστον
1015 4045 1028 4056 ·
1057 4029 1136 4100 τῷ
1159 4047 1222 4098 γε
1253 4032 1358 4103 μὴν
1389 4033 1550 4088 εἰδότι
1571 4038 1631 4089 τὸ
1660 4039 1851 4110 χρῆμα

269 4117 479 4184 γένοιτ’
514 4117 578 4171 ἃν
607 4117 867 4186 δυσαχθὲς
888 4121 970 4182 εἰς
998 4123 1338 4194 κατάκρισιν,
1373 4128 1404 4196 ἡ
1445 4127 1666 4196 γνῶσις.
1707 4132 1851 4185 Κατ-

269 4210 549 4280 εφρόνησε
585 4208 696 4278 γὰρ
715 4249 729 4273 ,
773 4209 986 4273 οὐδενὸς
1016 4213 1162 4284 αὐτῷ
1193 4214 1469 4280 λείποντος
1502 4220 1582 4282 είς
1609 4221 1668 4273 τὸ
1694 4220 1853 4274 δύναι-

267 4301 409 4353 σθαι
437 4300 568 4371 δρᾷν
589 4300 659 4352 τὰ
699 4299 847 4369 αὐτῷ
877 4303 1322 4376 πρεπωδέστερα.
1358 4309 1478 4381 Χρὴ
1513 4309 1692 4362 τοίνυν
1715 4312 1852 4364 εἰδό-

265 4409 378 4454 τας
405 4389 768 4461 ἐργάζεσθαν
814 4392 1018 4447 τέλειον
1064 4395 1172 4465 γὰρ
1209 4397 1330 4450 τότε
1369 4401 1468 4470 τῆς
1527 4403 1586 4454 ἐν
1628 4403 1851 4474 Χριστῷ

267 4482 554 4545 πολιτείας
595 4482 658 4535 τὸ
692 4483 951 4555 καύχημα
1009 4489 1411 4558 περικείμενοι,
1466 4492 1850 4566 πληρεστάτην

1952 3320 2220 3373 luntatem
2249 3311 2460 3366 domini
2494 3309 2602 3374 sui,
2633 3316 2687 3364 et
2715 3323 2826 3362 non
2853 3306 3008 3367 fecit,
3050 3301 3336 3372 vapulabit
3389 3314 3531 3369 pau—

1951 3409 2074 3463 cis:
2109 3405 2203 3476 qui
2239 3411 2420 3456 autem
2454 3399 2714 3470 cognovit
2767 3405 2823 3452 et
2880 3408 2992 3450 non
3042 3393 3194 3454 fecit,
3247 3389 3532 3460 vapulabit

1953 3498 2227 3552 inultis".
2270 3515 2288 3547 ι
2323 3493 2434 3548 Nec
2459 3493 2604 3546 enim
2633 3491 2865 3544 multum
2894 3487 3123 3542 dedecet
3153 3499 3277 3539 eum
3312 3481 3529 3536 veniam

1951 3587 2283 3642 mediocrem
2309 3593 2494 3652 petere
2527 3579 2620 3648 qui
2659 3592 2888 3648 prorsus
2934 3575 3220 3645 ignorarit,
3275 3573 3406 3624 licet
3459 3569 3534 3624 ob

1954 3676 2224 3746 pigritiam
2263 3672 2403 3726 forte
2436 3686 2564 3725 reus
2600 3669 2712 3723 sit:
2746 3673 2802 3720 at
2849 3665 2898 3720 ei
2963 3664 3057 3734 qui
3094 3665 3279 3718 sciens
3316 3661 3529 3725 fecerit,

1951 3768 2192 3838 cognitio
2219 3763 2664 3821 condemnationi
2689 3762 2814 3816 erit.
2833 3759 3178 3828 Contempsit
3203 3758 3372 3817 enim,
3403 3771 3530 3809 cum

1952 3861 2018 3914 ad
2070 3858 2306 3914 oﬁicium
2357 3854 2693 3924 implendum
2750 3852 2887 3906 nihil
2927 3850 2976 3905 ei
3027 3850 3262 3904 deesset.
3304 3846 3532 3916 Oportet

1951 3952 2118 4020 igitur
2145 3957 2202 4002 ut
2227 3948 2320 4017 qui
2359 3947 2542 4001 sciunt
2575 3951 2877 4014 operentur
2904 3960 2917 3996 :
2954 3949 3087 3994 tunc
3115 3941 3260 3994 enim
3287 3938 3531 4008 perfecta

1956 4045 2075 4098 vitae
2099 4043 2152 4095 in
2187 4041 2408 4095 Christo
2439 4045 2738 4092 transacta:
2771 4035 2944 4106 gloria
2977 4032 3244 4094 redimiti,
3276 4029 3534 4100 plenissi-

1953 4151 2095 4190 mam
2145 4133 2438 4204 aliquando
2485 4129 2908 4185 retributionem
2961 4126 3320 4195 recipiemus.
3379 4121 3534 4176 Unde

1955 4225 2210 4280 Servatur
2245 4240 2368 4278 eum
2417 4223 2510 4292 qui
2566 4218 2763 4274 fecerit
2819 4225 2874 4272 et
2924 4216 3206 4277 docuerit,
3274 4227 3532 4282 magnum

1953 4317 2132 4370 aiebat
2188 4315 2312 4383 jure
2363 4315 2563 4368 merito
2622 4319 2880 4365 vocatum
2927 4309 2996 4362 iri
3049 4307 3102 4360 in
3153 4320 3324 4374 regno
3358 4303 3534 4357 emto-

1955 4424 2072 4461 rum
2099 4407 2165 4461 ⁸⁰.
2203 4405 2344 4470 Quid
2381 4405 2527 4458 enim
2564 4403 2629 4456 ad
2665 4404 2923 4468 pietatem
2958 4399 3008 4454 ei
3049 4399 3365 4454 deest?aut
3397 4413 3534 4468 quo-

1955 4498 2116 4552 modo
2152 4513 2261 4550 non
2297 4495 2562 4550 divinitus
2597 4495 2844 4564 acceptis
2881 4491 3307 4562 perfectissimis
3374 4490 3535 4544 donis

267 4572 426 4628 κατά
459 4575 680 4644 καιροὺς
705 4576 1095 4644 ἀποληψόμεθα
1119 4579 1216 4647 τὴν
1246 4580 1538 4636 ἀντίδοσιν.
1578 4585 1686 4638 Καὶ
1714 4585 1844 4654 γοῦν

1952 4589 2238 4658 glorietur,
2269 4589 2362 4656 qui
2399 4603 2624 4656 operum
2677 4587 2946 4640 bonorum
3009 4585 3304 4654 splendore
3338 4597 3533 4636 cumu—

265 4668 295 4718 ὁ
327 4663 528 4734 Σωτὴρ
584 4664 674 4716 τὸν
724 4667 1028 4734 ποιήσαντα
1084 4669 1180 4720 καὶ
1212 4668 1494 4734 διδάξαντα
1539 4673 1714 4742 μέγαν
1743 4674 1846 4746 ἔφη

263 4753 680 4824 κληθήσεσθαι,
739 4757 831 4808 καὶ
871 4757 1014 4826 μάλα
1055 4759 1281 4822 δικαίως
1310 4801 1324 4821 ,
1383 4765 1440 4814 ὲν
1488 4767 1555 4834 τῇ
1602 4765 1850 4838 βασιλείᾳ

259 4847 380 4898 τῶν
414 4845 674 4914 οὐρανῶν.
711 4847 777 4899 Τί
799 4847 908 4919 γὰρ
941 4849 1090 4920 αὐτῷ
1119 4851 1178 4904 τὺ
1211 4851 1392 4906 λεῖπον
1420 4856 1499 4918 εἰς
1523 4856 1805 4912 εὐσέϐειαν
1832 4877 1846 4924 ;

257 4932 306 5006 ᾧ
349 4939 407 4990 δ”
437 4935 504 4990 ἂν
547 4939 790 5006 φαίνοιτο
833 4942 1034 5011 προσὸν
1081 4943 1140 4996 τὸ
1189 4944 1248 5011 ἐξ
1290 4945 1466 5015 ἔργων
1518 4948 1739 5015 ἀγαθῶν
1792 4953 1848 5003 ὲν

257 5029 556 5099 ὁλοκλήρῳ
587 5029 893 5100 καυχᾶσθαι
915 5032 992 5102 τῷ
1019 5033 1223 5106 μέτρῳ,
1257 5037 1376 5100 πῶς
1409 5039 1508 5090 οὐκ
1551 5038 1614 5092 ἂν
1642 5041 1848 5108 γένοιτο

260 5119 426 5191 παρὰ
461 5119 598 5172 Θεοῦ
632 5119 692 5172 τὺ
727 5121 1089 5186 τελειοτάταις
1122 5125 1382 5196 ἐπαυχεῖν
1409 5129 1678 5198 διυρεαῖς;
1712 5131 1849 5185 Σύν-

259 5211 473 5280 δρομος
502 5203 596 5264 οὖν
632 5211 740 5281 ἄρα
789 5215 900 5274 τοῖς
929 5213 1112 5282 ἔργοις
1143 5216 1271 5269 ὅταν
1300 5220 1333 5288 ἡ
1375 5219 1575 5286 γνῶσις
1605 5220 1849 5292 γένηται,

259 5304 391 5355 τότε
424 5303 494 5370 δὴ
535 5302 753 5364 πάντως
800 5303 1036 5373 ὀνίνησιν
1081 5307 1144 5359 οὐ
1193 5309 1439 5378 μικρῶς·
1487 5309 1852 5376 ἐλλελοιπότος

260 5395 318 5447 δὲ
354 5391 646 5462 ὁποτέρου,
679 5395 850 5462 χωλὸν
879 5396 942 5466 δὴ
987 5397 1204 5461 πάντως
1229 5400 1291 5452 τὸ
1324 5400 1512 5471 ἕτερον
1545 5401 1718 5456 ἔσται.
1755 5403 1846 5457 Γέυ

265 5501 522 5556 γραπται
570 5483 662 5548 δὲ,
717 5486 795 5539 δτι
844 5489 952 5542 Καὶ
1003 5489 1252 5558 ἡπίστις
1299 5494 1466 5563 χωρὶς
1514 5493 1622 5547 τῶν
1675 5495 1850 5566 ἔργων

259 5575 446 5648 νεκρὰ
492 5575 634 5628 ἐστι.
685 5578 876 5630 Καίτοι
914 5579 972 5632 τὸ
1023 5581 1220 5634 εἰδέναι
1273 5583 1405 5638 Θεὸν
1459 5584 1551 5638 τὸν
1605 5586 1698 5640 ἕνα
1755 5591 1846 5644 καὶ

337 5757 383 5789 τ’
426 5751 567 5808 Luc.
603 5769 715 5842 xu,
752 5755 840 5808 4⁸7.
920 5757 964 5788 ⁸ο
1008 5757 1197 5815 Matth.
1238 5777 1298 5824 ν,
1337 5763 1425 5819 19.

1947 4683 2052 4736 late
2101 4679 2347 4751 fulgeat?
2397 4679 2627 4745 Quando
2661 4679 2830 4746 igitur
2868 4678 3172 4747 cognitioni
3235 4676 3530 4743 conjuncta

1947 4781 2076 4827 sunt
2105 4789 2297 4842 Opera,
2330 4781 2461 4824 tunc
2494 4786 2600 4824 non
2629 4786 2823 4840 parum
2869 4771 2994 4824 inde
3022 4768 3280 4822 utilitatis
3318 4767 3530 4829 oritur;

1947 4867 2216 4919 alterutro
2253 4879 2384 4919 vero
2409 4863 2722 4929 deﬁciente,
2749 4878 3006 4916 mancum
3039 4874 3270 4930 prorsus
3295 4859 3529 4910 altermn

1946 4958 2072 5011 crit.
2097 4956 2472 5025 Scriptnmest
2499 4964 2704 5020 autem,
2751 4953 2908 5006 ﬁdem
2945 4953 3062 5006 sine
3081 4949 3342 5018 operibus
3381 4962 3532 4998 inor-

1949 5055 2097 5099 tuam
2117 5045 2526 5112 esse.Quamvis
2540 5045 2684 5098 enim
2705 5044 2847 5098 seire
2861 5043 3028 5095 Deum
3052 5055 3215 5093 unum
3235 5046 3290 5090 et
3309 5046 3500 5089 natura
3513 5073 3526 5096 ,

1949 5137 2112 5207 729
2166 5152 2400 5206 eumque
2440 5138 2651 5190 sincere
2709 5149 2772 5188 ac
2807 5150 2938 5188 vere
2981 5131 3230 5186 conﬁteri
3267 5127 3402 5181 ﬁdes
3433 5126 3531 5192 sit,

1949 5239 2130 5282 tamen
2171 5231 2317 5285 istud
2378 5244 2600 5299 quoque
2649 5235 2930 5282 mortuum
2989 5232 3094 5286 est,
3159 5219 3264 5274 nisi
3302 5233 3528 5288 Operam

1954 5321 2216 5390 splendor
2272 5332 2662 5390 consequatur.
2721 5319 2909 5370 Nonne
2968 5329 3100 5381 ergo
3165 5313 3364 5366 inutile
3443 5317 3531 5365 est

1958 5429 2187 5484 prorsus
2235 5415 2378 5468 scire
2417 5414 2549 5484 quid
2609 5413 2680 5466 sit
2731 5411 2961 5471 bonum,
3007 5405 3114 5460 nisi
3158 5405 3288 5458 illud
3347 5403 3529 5458 colere
3599 5449 3608 5463 ,

1963 5505 2141 5559 velis?
2168 5505 2316 5559 lianc
2349 5507 2532 5574 itaque
2559 5505 2628 5558 ob
2653 5515 2874 5556 causam
2909 5499 3098 5553 beatos
3134 5497 3250 5552 fore
3283 5497 3358 5550 ait
3397 5509 3527 5548 suos

1960 5595 2288 5667 discipulos,
2327 5597 2440 5652 sive
2473 5596 2768 5650 credentes
2796 5591 2849 5644 in
2899 5607 3046 5659 euut,
3085 5589 3130 5645 si
3195 5603 3301 5641 non
3362 5585 3526 5639 modo
