4106 6262
589 361 692 419 127

1586 364 1644 418 8.
1673 362 1945 419 CYRILLI
1970 363 2439 420 ALEXANDRINI
2478 364 2797 421 ARCHIEP.

3706 357 3811 413 I98

588 473 957 543 cognitionem
995 489 1181 530 eorum
1216 489 1335 545 quae
1381 474 1572 529 docuit.
1622 476 1993 546 susceperint,
2051 476 2142 530 sed

2249 476 2432 544 φύσει,
2466 475 2561 530 καὶ
2590 475 2872 545 ὁμολογεῖν
2912 474 3113 538 ἀδόλως
3153 491 3212 527 τε
3248 471 3342 527 καὶ
3380 471 3612 542 ἀληθῶς,
3652 470 3812 524 τοῦτό

588 565 635 620 si
659 580 723 621 ea
750 580 965 636 quoque
996 566 1243 621 fecerint.

2245 569 2391 620 ἐστιν
2420 569 2452 636 ἡ
2482 568 2685 629 πίστις,
2719 568 2854 620 ἀλλὰ
2893 568 2985 620 καὶ
3013 565 3173 619 τοῦτο
3201 565 3421 635 νεκρὸν,
3456 564 3530 635 μὴ
3560 580 3810 634 παρεπο-

589 655 757 726 μένης
783 656 930 727 αύτῷ
952 659 1051 728 τῆς
1083 657 1142 721 ἐξ
1171 656 1344 727 ἔργων
1376 657 1751 729 φαιδρότητος.
1776 659 1900 723 Πῶς
1924 656 2015 712 οὖν
2040 658 2140 712 οὐκ
2180 659 2433 729 ἀνόνητον
2482 659 2757 722 παντελῶς
2804 658 2865 711 τὸ
2914 657 3114 710 εἰδέναι
3157 656 3253 726 μὲν
3281 654 3442 724 τυχὸν
3474 653 3527 707 τί
3589 652 3657 707 ἃν
3723 654 3811 724 εἴη

585 746 648 800 τὸ
699 748 936 814 ἀγαθὸν,
994 747 1068 817 μὴ
1142 748 1248 818 μὴν
1317 748 1520 801 ἐθέλειν
1570 749 1687 813 ἔτι,
1742 749 1836 802 καὶ
1886 747 2222 819 ἐπιτηδεύειν
2259 750 2427 815 αὑτός
2500 750 2597 803 Διά
2665 748 2866 818 ταύτην
2911 746 3198 819 τοιγαροῦν
3248 747 3347 815 τὴν
3398 744 3575 798 αίτίαν
3631 761 3813 815 μακα-

588 836 737 906 ρίους
796 835 1013 889 ἔσεσθαί
1073 854 1207 907 φησι
1266 838 1392 903 τοὺς
1451 838 1642 891 ἐαυτοῦ
1707 838 1986 909 μαθητὰς,
2029 839 2148 907 ἦτοι
2184 838 2306 899 τοὺς
2337 837 2689 909 πιστεύοντας
2728 839 2808 900 είς
2857 834 3047 897 αὑτὸν,
3092 834 3159 887 οὐ
3222 832 3382 904 μόνον
3421 832 3636 897 ἑλόντας
3702 833 3812 886 τῶν

586 926 713 997 παρ’
744 925 910 979 αὑτοῦ
958 926 1308 996 λαλουμένων
1355 926 1453 998 τὴν
1499 928 1704 996 είδησιν
1729 970 1743 992 ,
1785 906 1898 981 ἀλλ’
1942 929 1990 981 εί
2048 906 2143 980 ita!
2181 924 2352 997 δρῷεν
2381 906 2542 982 αὑτά.

655 1016 793 1083 XIII,
815 1018 896 1072 I8.
927 1014 1047 1071 Non
1068 1017 1131 1072 de
1147 1017 1386 1071 omnibus
1407 1020 1546 1071 nobis
1571 1019 1689 1073 dico
1726 1037 1745 1072 .'
1779 1036 1872 1089 ego
1893 1021 2028 1072 enim
2045 1020 2153 1070 scio

583 1124 712 1179 quos
754 1109 997 1178 θίασοι-ἕνη
1023 1149 1036 1173 ,
1071 1109 1160 1162 sed
1200 1119 1257 1162 ut
1305 1110 1659 1177 adimpleatur
1703 1109 2009 1179 Scriptura,
2049 1110 2152 1174 Qui

584 1200 873 1253 manducat
915 1216 1114 1254 mecum
1156 1216 1364 1269 panem,
1409 1201 1593 1255 levavit
1630 1212 1818 1255 contra
1853 1218 1935 1256 me
1964 1201 2151 1255 calca-

585 1303 740 1342 mum
768 1305 945 1345 suum.

654 1377 773 1433 Non
824 1394 1014 1449 parum
1060 1379 1416 1435 obscuritatis
1460 1380 1576 1435 haec
1619 1381 1785 1436 verba
1832 1382 2142 1436 continent.

580 1466 718 1523 Nam
756 1470 943 1525 beatus
991 1469 1109 1524 fore
1132 1470 1323 1525 dicens
1356 1486 1450 1526 eos
1494 1471 1587 1540 qui
1619 1473 1746 1525 boni
1777 1472 2142 1541 cognitionem

582 1559 809 1625 habent,
838 1568 893 1617 et
940 1577 1105 1631 opere
1155 1562 1289 1616 illud
1342 1561 1524 1618 facere
1575 1564 1823 1627 student,
1860 1563 2146 1633 subjunxit

582 1650 793 1713 statim,
833 1669 853 1701 ι
892 1650 1014 1705 Non
1059 1652 1126 1707 de
1155 1653 1419 1709 omnibus
1451 1653 1598 1715 dico,
1639 1673 1659 1706 ι
1691 1654 2025 1724 proditorem
2059 1655 2143 1708 in—

2324 1020 2405 1071 Οὺ
2452 1017 2586 1087 περὶ
2637 1016 2877 1071 πάντων
2926 1012 3093 1082 ὑμῶν
3138 1012 3293 1082 λέγω
3315 1029 3328 1044 ’
3382 1012 3499 1081 ἐγὼ
3537 1012 3646 1081 Δγιὰιρ
3676 1009 3812 1067 οἴδα

2249 1106 2418 1170 τίνας
2444 1104 2834 1172 ἐξελεξάμην,
2873 1102 3011 1156 ἀλλ’
3049 1101 3149 1154 ἵνα
3192 1100 3231 1168 ἠ
3260 1098 3470 1168 Γραφὴ
3502 1100 3809 1169 πληρωθῇ,

2261 1193 2321 1247 '0
2358 1192 2591 1262 τρώγων
2619 1192 2745 1261 μετ’
2770 1190 2917 1261 ἐμοῦ
2944 1188 3050 1243 τὸν
3085 1188 3287 1257 ἄρτον,
3320 1188 3546 1257 ἐπῆρεν
3580 1189 3675 1241 ἐπ’
3704 1189 3813 1258 ἐμὲ

2248 1282 2361 1350 τὴν
2394 1283 2659 1351 πτέρναν
2685 1283 2832 1335 αὐτο
2841 1281 2893 1336 ῦ.

2319 1373 2392 1426 Ού
2426 1372 2628 1443 μικρὰν
2662 1375 2692 1425 ό
2716 1372 2873 1439 λόγος
2905 1370 3018 1441 ἔχει
3047 1371 3145 1441 τὴν
3190 1371 3456 1438 ἀσάφειαν
3489 1372 3548 1423 ἐν
3574 1369 3808 1427 τούτοις.

2248 1462 2568 1531 Μακαρίους
2599 1461 2708 1532 γὰρ
2739 1461 2956 1515 ἔσεσθαι
2989 1459 3161 1528 λέγων
3198 1460 3324 1523 τοὺς
3364 1462 3423 1513 ἐν
3463 1459 3662 1528 γνώσει
3710 1462 3811 1530 μὲν

2249 1552 2471 1623 ἔχοντας
2493 1553 2556 1606 τὸ
2586 1552 2809 1621 ἀγαθὸν,
2849 1551 2994 1622 ἔργῳ
3021 1549 3080 1603 δέ
3104 1548 3264 1602 τοῦτο
3301 1549 3539 1619 πληροῦν
3570 1550 3809 1604 σπουδά-

2249 1642 2458 1707 ζοντας,
2487 1643 2764 1712 ἐπήγαγεν
2800 1641 2981 1704 εὐθὺς,
3025 1659 3044 1692 ι
3078 1641 3152 1695 ού
3183 1640 3311 1711 περὶ
3347 1640 3559 1693 πάντων
3584 1640 3747 1707 λέγω,
3784 1659 3804 1691 ι

581 1755 781 1806 nuens,
821 1751 880 1796 ut
932 1758 1033 1813 ego
1090 1758 1216 1797 cum
1267 1745 1454 1800 multis
1513 1746 1813 1801 existimo:
1848 1761 1949 1802 nec
2004 1747 2142 1801 enim

2247 1734 2339 1787 τὸν
2371 1732 2631 1804 προδότην
2661 1732 3058 1802 αἰνιττόμενος,
3100 1730 3241 1786 κατά
3278 1746 3343 1797 γε
3381 1730 3442 1782 τὸ
3485 1730 3701 1794 πολλοῖς
3747 1749 3808 1784 τε

582 1831 726 1886 inter
764 1833 951 1888 felices
984 1841 1079 1887 aut
1106 1834 1297 1889 beatos
1330 1850 1572 1904 unquam
1612 1837 1992 1891 numerabitur
2053 1838 2145 1905 qui

584 1931 737 1977 tanta
777 1924 1060 1994 impietate
1088 1933 1346 1979 mentem
1378 1925 1767 1981 obstrinxerit.
1796 1927 1859 1981 Et
1904 1929 1994 1982 illa
2027 1930 2149 1997 qui-

582 2013 709 2067 dem
741 2024 823 2068 est
868 2010 1032 2084 ltujus
1077 2015 1181 2069 loci
1228 2014 1370 2084 apud
1425 2018 1627 2073 multos
1678 2019 1803 2072 trita
1852 2021 2143 2074 sententia.

581 2103 740 2157 Alter
765 2111 945 2158 autem
975 2113 1237 2174 praeterea
1286 2121 1483 2162 sensus
1518 2117 1602 2163 est
1649 2108 1980 2163 istiusmodi.
2009 2110 2144 2164 Cum

579 2196 726 2250 enim
766 2195 1022 2250 dicturus
1069 2203 1220 2252 esset
1251 2195 1704 2267 Christus,juxta
1742 2200 2145 2256 sanctissimam

582 2285 925 2356 Scripturam
959 2306 972 2343 :
1010 2307 1030 2340 ι
1067 2288 1175 2354 Qui
1229 2289 1425 2345 edebat
1461 2306 1643 2344 meum
1685 2307 1906 2361 panem,
1935 2293 2145 2363 magni-

582 2376 769 2431 ilcavit
827 2395 996 2448 super
1054 2395 1142 2435 me
1194 2382 1722 2450 supplantationem,
1759 2384 1897 2444 sive,
1945 2385 2146 2439 levavit

581 2479 775 2522 contra
811 2484 896 2523 me
928 2470 1247 2524 calcaneum
1279 2487 1437 2525 suum
1464 2472 1508 2502 “
1548 2491 1562 2526 :
1605 2491 1623 2523 ι
1663 2474 1986 2543 purgatione
2009 2489 2145 2543 qua-

582 2557 707 2611 dam
744 2558 896 2627 prius
937 2562 1132 2625 utitur,
1164 2570 1219 2613 et
1252 2562 1549 2627 genuinum
1589 2564 1817 2617 aliorum
1847 2564 2146 2634 discipulo-

580 2661 702 2700 rum
733 2655 932 2701 emtum
968 2646 1185 2709 delinit,
1212 2650 1304 2701 uni
1356 2648 1625 2704 duntaxat
1656 2651 1908 2706 criminis
1962 2661 2144 2707 notam

581 2736 912 2807 impingens.
941 2737 1081 2802 Quia
1120 2738 1264 2792 enim
1301 2754 1498 2805 panem
1528 2740 1650 2808 ejus
1682 2756 1875 2796 omnes
1911 2744 2143 2798 mandu-

578 2828 803 2890 cabant,
837 2836 1235 2883 convescentes
1264 2829 1527 2883 nimirum
1577 2839 1625 2885 el
1669 2848 1774 2886 una
1808 2848 2144 2887 consumen-

582 2928 666 2973 tes
689 2934 810 2987 quae
845 2935 942 2988 per
978 2935 1100 2974 eum
1131 2922 1312 2975 oblata
1355 2931 1535 2986 erant,
1572 2924 1783 2980 idcirco
1819 2926 1969 2981 inani
2000 2937 2143 2982 metu

581 3010 793 3066 conteri
819 3011 1118 3065 liberorum
1144 3021 1380 3068 mentem
1415 3028 1521 3068 non
1556 3015 1708 3081 sinit,
1737 3023 1788 3072 et
1812 3018 2145 3088 suspicionis

2249 1824 2340 1876 καὶ
2364 1824 2484 1893 ἐμοὶ
2502 1821 2692 1875 δοκοῦν
2717 1839 2728 1852 ·
2766 1823 2826 1874 οὑ
2851 1821 2958 1893 γὰρ
2980 1824 3037 1875 ἐν
3062 1823 3173 1884 τοῖς
3192 1821 3449 1891 ζηλωτοῖς
3473 1822 3502 1874 ὁ
3528 1821 3808 1891 θεομισὴς,

2246 1913 2354 1966 οὐδ’
2379 1913 2445 1967 ἂν
2475 1915 2531 1964 ἐν
2572 1915 2681 1974 τοῖς
2711 1912 2997 1981 μακαρίοις
3019 1911 3382 1982 καταταχθείη
3421 1912 3551 1965 ποτέ
3579 1915 3644 1982 τῇ
3678 1929 3809 1964 τοσ-

2245 2004 2383 2075 αύτη
2445 2003 2732 2075 δυσσεϐείᾳ
2778 2003 2877 2073 τὴν
2922 2003 3175 2073 τοιαύτην
3227 2003 3410 2073 ἔνοχον
3458 2005 3810 2075 καταστήσας

2243 2094 2437 2164 ψυχήν.
2474 2095 2581 2147 Καὶ
2622 2093 2718 2163 μία
2765 2094 2864 2163 μὲν
2900 2092 3039 2163 αὕτη
3067 2095 3160 2146 τοῦ
3197 2096 3555 2164 προκειμένου
3599 2094 3809 2149 διάνοια

2243 2184 2579 2254 τετριμμένη
2621 2184 2770 2252 παρὰ
2799 2186 2909 2245 τοῖς
2937 2183 3196 2238 πλείοσιν.
3238 2184 3432 2253 Ἑτέρα
3455 2184 3511 2237 δέ
3544 2182 3612 2237 αὖ
3641 2186 3809 2239 πάλιν

2244 2276 2382 2348 πρὸς
2409 2275 2600 2346 ταύτῃ.
2651 2276 2839 2329 Τοιάδε
2875 2276 3082 2346 μέλλων
3134 2277 3243 2349 γὰρ
3289 2278 3435 2347 ἐρεῖν
3479 2279 3507 2330 ὁ
3547 2279 3807 2348 Χριστὸς,

2243 2368 2325 2420 ὃτι
2373 2366 2512 2421 κατά
2539 2367 2637 2438 τὴν
2690 2368 2901 2422 τελείαν
2950 2385 3009 2420 τε
3061 2368 3155 2422 καὶ
3203 2370 3501 2440 ἱερωτάτην
3548 2370 3797 2439 Γραφὴν,

2250 2479 2269 2511 ι
2315 2460 2374 2513 Ὀ
2408 2458 2635 2530 τρώγων
2682 2478 2782 2530 μου
2836 2461 2925 2513 τὸν
2975 2460 3138 2531 ἄρτον
3183 2461 3513 2530 ἐμεγάλυνεν
3567 2462 3654 2513 ἐπ’
3704 2462 3809 2531 ἐμὲ

2245 2550 2593 2620 πτερνισμὺν,
2626 2552 2746 2613 ἦτοι
2780 2551 2985 2619 ἐπῆρεν
3028 2551 3115 2602 ἐπ’
3146 2551 3247 2620 ἐμὲ
3278 2552 3510 2620 πτέρναν
3541 2551 3732 2615 αὑτοῦ,
3781 2571 3802 2604 ι

2244 2641 2701 2710 προαπολογεῖται
2747 2642 2946 2710 τρόπον
2987 2640 3139 2708 τινὰ,
3175 2644 3268 2696 καὶ
3302 2643 3395 2695 τὸν
3437 2645 3659 2713 γνήσιον
3696 2643 3808 2696 τῶν

2244 2733 2445 2800 ἐτέρων
2483 2732 2742 2802 μαθητῶν
2768 2732 3057 2802 θεραπεύει
3085 2734 3263 2803 χορδν,
3299 2733 3379 2785 ἐνὶ
3414 2733 3508 2786 καὶ
3530 2733 3673 2802 μόνῳ
3707 2733 3809 2802 τὴν

2243 2820 2336 2873 τοῦ
2380 2824 2829 2891 κατηγορήματος
2874 2821 3101 2891 δύναμιν
3151 2822 3390 2886 ἀναθείς.
3435 2823 3654 2893 Ἐπειδὴ
3696 2823 3808 2895 γὰρ

2244 2912 2443 2975 πάντες
2499 2912 2683 2983 ἤσθιον
2747 2912 2837 2965 τὸν
2892 2912 3055 2981 ἄρτον
3123 2912 3322 2974 αὑτοῦ,
3388 2913 3808 2983 συνεστιώμενοι

2242 3003 2482 3072 δηλονότι
2535 3004 2629 3056 καὶ
2660 3002 3106 3067 συνδαπανῶντες
3138 3003 3206 3056 τὰ
3239 3003 3309 3056 δι’
3346 3002 3510 3057 αὑτοῦ
3541 3021 3808 3072 συγκομι-

583 3100 946 3154 acrimoniam
983 3102 1384 3170 quamprimum
1431 3104 1661 3165 inhibet,
1710 3108 1902 3163 dicens
1932 3126 1944 3162 :
1973 3127 1992 3161 ι
2024 3109 2140 3164 Non

2245 3094 2465 3164 ζόμενα,
2506 3095 2592 3149 διὰ
2634 3095 2792 3148 τοῦτο
2832 3095 3118 3166 χρησίμως
3163 3096 3391 3158 είκαίοις
3427 3096 3809 3164 συντρίϐεσθαι

582 3189 654 3246 tle
681 3190 937 3246 omnibus
980 3190 1138 3245 vobis
1179 3192 1304 3245 dico
1338 3211 1352 3247 :
1386 3209 1485 3263 ego
1517 3198 1634 3250 scio
1679 3213 1820 3266 quos
1848 3199 2141 3271 elegerint,

581 3283 676 3338 sed
701 3292 759 3335 ut
781 3282 1152 3351 adimplcatur
1175 3282 1485 3353 Scriptura,
1509 3305 1528 3339 ι
1562 3287 1740 3357 inquit
1769 3308 1783 3344 :
1818 3308 1837 3340 ι
1862 3290 1965 3357 Qui
1988 3307 2142 3346 man-

578 3373 746 3427 ducat
782 3389 960 3428 meum
996 3389 1213 3444 panem,
1242 3376 1441 3430 levavit
1473 3387 1667 3434 contra
1701 3395 1788 3435 me
1822 3382 2142 3437 calcaneum

578 3477 762 3525 suum,
794 3463 909 3518 sive
958 3464 1327 3533 magniﬁcavit
1376 3468 1898 3536 supplantationem,
1934 3490 1954 3524 ι
1990 3470 2142 3541 juxta

576 3554 882 3612 Psalmistae
911 3571 1120 3612 vocem.
1151 3557 1367 3623 Quibus
1394 3559 1575 3615 verbis
1620 3560 1934 3618 istiusmodi
1962 3564 2142 3632 quid-

576 3646 701 3701 dam
750 3647 1065 3716 signiﬁcare
1105 3649 1591 3719 autumo:dnplici
1637 3651 1822 3721 itaque
1873 3668 2040 3709 sensu
2085 3654 2139 3708 in

574 3736 664 3792 his
716 3740 996 3805 exposito,
1051 3740 1329 3794 meliorem
1396 3753 1462 3796 ac
1523 3742 1794 3797 veriorem
1861 3744 2143 3800 studiosus

576 3828 863 3895 exploret;
893 3838 1267 3885 verumtamen
1303 3831 1360 3884 in
1412 3831 1516 3886 hoc
1562 3833 1764 3889 dictum
1811 3835 1958 3889 aliud
2009 3834 2140 3889 σίτο-

576 3931 792 3976 ramus.
830 3917 896 3972 ad
966 3918 1372 3975 conﬁrmandos
1439 3921 1835 3991 simpliciorum
1907 3925 2139 3979 animos.

582 4005 804 4060 Duobus
840 4005 985 4060 enim
1016 4007 1193 4064 modis
1226 4008 1313 4062 hic
1339 4009 1592 4065 dubitare
1620 4020 1801 4080 potest
1832 4014 2055 4083 aliquis.
2078 4014 2142 4068 Et

579 4095 819 4162 primum
857 4095 1074 4164 quidem
1123 4095 1285 4152 nobis
1316 4097 1560 4165 objiciet,
1599 4100 1788 4155 dicens
1817 4119 1831 4155 :
1865 4099 1921 4155 Si
1955 4102 2140 4156 omnia

576 4185 724 4240 scire
750 4181 1034 4241 Christum
1066 4187 1368 4253 credimus,
1398 4203 1497 4243 cur
1529 4189 1691 4260 73o
1728 4189 1925 4246 Judam
1954 4192 2138 4263 elegit,

574 4283 632 4332 et
676 4291 777 4332 cur
813 4278 935 4333 aliis
987 4276 1289 4333 immiscuit
1332 4278 1639 4349 discipulis,
1664 4296 1788 4335 cum
1825 4297 1937 4337 non
1986 4284 2140 4352 igno-

575 4374 725 4420 raret
775 4367 1109 4436 proditorem
1147 4367 1284 4431 fore,
1319 4376 1374 4424 et
1420 4370 1661 4424 avaritia:
1704 4370 1914 4442 laqueis
1959 4373 2139 4443 impli-

2242 3186 2489 3255 δείμασιν
2509 3186 2608 3239 οὐκ
2637 3187 2701 3256 ἐᾷ
2728 3186 2833 3238 τῶν
2859 3185 3160 3256 ἐλευθέρων
3194 3187 3286 3240 τὸν
3324 3186 3468 3249 νοῦν,
3495 3188 3590 3241 καὶ
3615 3187 3676 3241 τὸ
3703 3188 3808 3257 τῆς

2244 3272 2477 3342 ὑποψίας
2529 3274 2691 3343 δριμὺ
2755 3273 3155 3343 προανακόπτει
3199 3272 3372 3342 λέγων
3411 3289 3423 3304 ο
3484 3292 3503 3324 ι
3546 3275 3622 3328 Οὑ
3677 3279 3809 3345 περὶ

2242 3363 2458 3417 πάντων
2497 3362 2649 3433 ὑμῶν
2699 3363 2876 3430 λέγω’
2926 3362 3038 3431 ἐγὼ
3086 3360 3204 3416 οἶδα
3249 3364 3402 3427 τίνας
3447 3363 3805 3437 ἐξελεξάμην,

2242 3453 2357 3507 ἀλλ’
2392 3454 2499 3517 ἵνα,
2531 3456 2717 3524 φησιν,
2748 3456 2781 3524 ἡ
2813 3453 3003 3524 Γραφὴ
3032 3453 3320 3526 πληρωθῇ·
3370 3455 3428 3509 '0
3470 3455 3664 3508 ἐσθίων
3702 3474 3806 3526 μου

2241 3544 2331 3597 τὸν
2355 3543 2538 3613 ἄρτον,
2574 3544 2777 3613 ἐπῆρεν
2815 3544 2900 3595 ἐπ’
2937 3544 3037 3613 ἐμὲ
3074 3544 3172 3614 τὴν
3200 3545 3435 3615 πτέρναν
3464 3545 3654 3609 αὑτοῦ,
3683 3548 3806 3618 ἦτοι

2241 3632 2542 3703 ἐμεγάλυνε
2589 3633 2955 3704 πτερνισμὸν,
2996 3652 3014 3684 ι
3050 3634 3192 3687 κατὰ
3234 3636 3332 3704 τὴν
3368 3636 3462 3690 τοῦ
3507 3637 3809 3706 ψάλλοντος

2241 3726 2444 3793 φωνήν.
2495 3719 2662 3794 Οἶμαί
2710 3741 2762 3778 τι
2809 3724 3051 3778 τοιοῦτον
3102 3727 3437 3795 ὑποδηλοῦν·
3489 3728 3805 3799 ἐκδοθείσης

2240 3817 2371 3887 ⁴ἡμῖν
2409 3816 2696 3886 τοιγαροῦν
2731 3817 2790 3869 ἐν
2830 3816 3040 3881 τούτοις
3068 3816 3305 3888 θεωρίας
3339 3819 3554 3889 διπλῆς,
3583 3821 3808 3891 δοκιμα-

2241 3912 2378 3976 ζέτω
2407 3911 2505 3983 τὴν
2534 3913 2745 3982 ἀμείνω
2787 3913 2881 3967 καὶ
2909 3913 3123 3980 ἀληθῶς
3153 3913 3380 3983 ἔχουσαν
3423 3917 3452 3968 ὁ
3474 3915 3804 3986 φιλομαθὴς,

2242 4003 2378 4072 πλὴν
2404 4004 2484 4065 είς
2510 4003 2571 4055 τὸ
2619 4002 2780 4072 ῥητὸν
2830 4003 2911 4057 ἔτι
2940 4002 3208 4073 λέγωμεν,
3245 4004 3336 4058 τὸν
3363 4005 3470 4059 τῶν
3505 4006 3809 4060 ἀπλονστέ-

2244 4112 2353 4165 ρων
2383 4096 2805 4174 ἀσφαλιζόμενοι
2843 4097 2988 4153 νοῦν.
3037 4099 3435 4170 Ἐπαπορήσειε
3480 4102 3589 4171 γὰρ
3624 4102 3691 4155 ἄν
3723 4120 3809 4166 τις

2238 4188 2296 4239 tv
2317 4186 2527 4251 τούτοις
2559 4189 2700 4241 κατά
2737 4188 2832 4242 δύο
2858 4189 3106 4259 τρόπους.
3138 4192 3247 4244 Καὶ
3273 4191 3489 4262 πρῶτον
3520 4191 3619 4263 μὲν
3661 4196 3800 4263 ἡμῖν

2240 4277 2537 4347 ὑπαντήσει
2564 4277 2755 4347 λέγων’
2784 4280 2845 4332 Ei
2872 4279 3048 4334 πάντα
3074 4280 3271 4335 εἰδέναι
3298 4282 3533 4353 Χριστὸν
3551 4284 3809 4338 πιστεύο-

2243 4386 2361 4438 μεν,
2407 4369 2459 4422 τί
2500 4371 2593 4423 τὸν
2635 4369 2832 4424 Ἰούδαν
2868 4370 3170 4438 ἐξελέξατο,
3238 4375 3333 4429 καὶ
3368 4373 3423 4427 τί
3455 4377 3567 4439 τοῖς
3593 4375 3807 4447 ἑτέροις

574 4455 749 4510 citum
785 4456 890 4510 iri?
913 4457 993 4511 Ad
1030 4457 1142 4513 haec
1170 4457 1303 4514 dicit
1336 4477 1349 4514 :
1387 4458 1441 4514 Si
1492 4461 1810 4516 calcaneum
1858 4478 2014 4518 suum
2046 4466 2131 4519 id-

2244 4460 2457 4530 ἀνέμιξε
2502 4460 2802 4531 μαθηταῖς,
2843 4461 2943 4515 οὑκ
2972 4463 3276 4533 ἀγνοήσας,
3317 4466 3401 4518 ὅτι
3441 4466 3535 4520 καὶ
3570 4467 3805 4536 προδοὺς

576 4544 731 4599 circo
760 4545 959 4599 levavit
993 4546 1258 4603 adversus
1289 4549 1593 4616 Christum,
1625 4551 1768 4606 sicut
1804 4552 1881 4607 ait
1914 4553 2050 4624 ipse,
2079 4564 2138 4610 ut

2244 4549 2526 4613 ἁλώσεται,
2569 4553 2662 4605 καὶ
2692 4552 2802 4605 τῶν
2832 4552 2933 4621 τῆς
2962 4554 3332 4625 φιλοκερδείας
3380 4558 3511 4609 εἵσω
3551 4560 3804 4611 πεσεῖται

576 4634 970 4704 adimplcrctur
1010 4634 1319 4709 Scriptura,
1349 4655 1692 4709 nequaquam
1726 4644 1782 4697 in
1820 4645 1982 4712 culpa
2012 4662 2135 4700 esse

2244 4641 2485 4712 βρόχων;
2529 4641 2677 4711 Ἐρεῖ
2702 4641 2758 4694 δὲ
2788 4642 2925 4713 πρὸς
2953 4642 3163 4707 τούτοις
3181 4662 3195 4675 ο
3228 4647 3290 4698 Εί
3314 4645 3371 4699 δὲ
3404 4645 3492 4699 διὰ
3518 4645 3678 4699 τοῦτο
3701 4648 3802 4717 τὴν

575 4726 696 4793 ipse
727 4727 1067 4791 censebitur,
1097 4729 1190 4783 sed
1233 4733 1531 4787 necessitas
1574 4733 1664 4787 illa
1708 4750 1827 4802 qua:
1857 4744 1917 4789 ut
1958 4738 2136 4792 adim-

2244 4733 2476 4801 πτέρναν
2515 4732 2686 4801 ἐπῆρε
2718 4732 2859 4786 κατά
2902 4734 3137 4803 Χριστοῦ
3161 4774 3175 4796 ,
3212 4734 3354 4788 καθά
3400 4752 3563 4805 φησιν
3614 4737 3799 4799 αὐτὸς,

575 4815 748 4883 pleret
782 4814 1128 4885 Scripturam
1159 4833 1281 4873 eum
1315 4821 1587 4888 adigebat.
1639 4822 1811 4880 Nobis
1843 4838 2022 4881 autem
2070 4830 2136 4883 ad

2244 4823 2325 4875 ῖνα
2360 4822 2681 4894 πληρωθῇὴ
2729 4824 2917 4895 Γραῳὴ
2946 4864 2961 4886 ,
3017 4824 3115 4877 οὑκ
3166 4826 3326 4889 αὐτὸς
3376 4825 3442 4879 ἂν
3491 4829 3665 4879 νοοῖτο
3703 4827 3799 4880 τοῦ

576 4903 791 4974 singula
828 4918 1019 4959 eorum
1067 4920 1189 4975 quae
1220 4906 1433 4977 objecta
1490 4917 1619 4964 sunt
1665 4912 1866 4967 acriter
1905 4930 2136 4985 respon-

2244 4915 2517 4981 γεγονότος
2573 4914 2855 4978 ὑπαίτιος,
2906 4915 3017 4969 ἀλλ’
3061 4918 3092 4984 ἡ
3141 4916 3522 4984 ἀναγκάζουσα
3571 4917 3801 4986 δύναμις

571 4992 809 5048 dendum
875 5002 995 5058 est,
1036 5003 1090 5050 et
1141 4998 1557 5053 convenientem
1617 5003 1916 5073 unicuique
1981 5006 2132 5060 solu-

2244 5004 2570 5074 πληροῦσθαι
2607 5005 2709 5076 τὴν
2735 5006 2979 5077 Γραφήν.
3014 5009 3104 5059 Δεῖ
3130 5007 3185 5060 δὲ
3231 5009 3377 5077 ἡμᾶς
3415 5008 3550 5078 πρὸς
3591 5009 3801 5063 ἕκαστα

571 5082 773 5139 tioneen
836 5085 1043 5154 quibus
1097 5089 1401 5156 poterimus
1470 5092 1781 5147 rationibus
1841 5094 2134 5151 subtexere

2244 5094 2339 5146 τῶν
2373 5096 2678 5167 εἰρημένων
2712 5097 3126 5150 ἀντανίστασθαι
3153 5098 3386 5167 γοργῶς,
3431 5101 3523 5152 καὶ
3552 5100 3647 5170 τὴν
3677 5101 3803 5153 ἐκα-

571 5181 806 5243 oportet,
834 5174 900 5229 ad
931 5175 1351 5231 azdiﬁcationem
1393 5188 1447 5233 et
1474 5181 1907 5239 consolationem
1941 5200 2130 5239 eorum

2244 5183 2375 5254 τέρῳ
2416 5185 2729 5255 πρέπουσαν
2767 5185 3065 5252 ἀπολογίαν
3108 5189 3219 5248 τοῖς
3264 5187 3404 5240 κατά
3437 5187 3664 5257 δύναμιν
3709 5188 3788 5252 ἐξ·

571 5263 664 5331 qui
693 5263 1061 5335 intelligendis
1094 5282 1268 5322 sacrae
1301 5266 1601 5339 Scriptura:
1649 5271 1788 5329 locis
1820 5289 1885 5327 ex
1929 5276 2130 5344 scipsis

2244 5278 2437 5345 υφᾶναι
2467 5276 2765 5346 λογισμοῖς,
2806 5276 2941 5346 πρὸς
2975 5276 3263 5347 οἰκοδομὴν
3310 5278 3406 5330 καὶ
3452 5279 3798 5348 παράκλησιν

574 5369 681 5408 non
713 5364 845 5410 sunt
874 5357 1074 5413 idonei.
1108 5360 1185 5412 Ac
1212 5360 1444 5429 primum
1471 5362 1687 5431 quidem
1718 5363 1955 5421 dicimus
1980 5366 2124 5434 quod

2244 5366 2343 5419 τῶν
2387 5367 2485 5419 οὑκ
2518 5366 2903 5437 ἐπαρκούντων
2935 5368 3145 5420 οἴκοθεν
3186 5369 3368 5436 σφίσιν
3394 5369 3576 5433 αὐτοῖς
3614 5372 3697 5434 είς
3739 5370 3799 5423 vis

572 5442 619 5496 si
653 5440 719 5497 de
744 5444 978 5515 singulis
1008 5464 1129 5518 quae
1157 5464 1186 5502 a
1219 5449 1327 5505 Deo
1353 5449 1496 5504 facta
1525 5462 1653 5508 sunt
1682 5454 1987 5511 istiusmodi
2018 5472 2129 5510 ser-

573 5535 826 5591 monibus
857 5539 933 5591 uti
966 5540 1511 5613 velimus,uunquam
1540 5560 1641 5603 uos
1675 5545 1833 5603 ﬁnem
1885 5548 2129 5603 facturos

646 5709 690 5741 ⁸¹
729 5707 869 5765 Ρειιι.
909 5727 1000 5773 vt,
1035 5712 1121 5767 to.

2238 5455 2498 5512 δύνασθαι
2538 5460 2677 5510 νοεῖν
2716 5458 2783 5511 τὰ
2822 5459 2878 5511 ἐν
2921 5462 2985 5527 τῇ
3016 5458 3137 5527 θείᾳ
3179 5460 3389 5530 Γραφῇ.
3440 5462 3546 5514 Καὶ
3580 5462 3795 5532 πρῶτον

2244 5549 2341 5620 μὲν
2366 5549 2537 5604 ἐκεῖνό
2567 5566 2767 5618 φαμεν,
2802 5550 2877 5612 ὡς
2921 5551 2967 5601 εί
3000 5549 3287 5619 μέλλοιμεν
3317 5553 3402 5621 ἐφ’
3438 5552 3655 5622 ἑκάστῳ
3689 5555 3797 5607 τῶν
