4106 6262
256 347 363 417 ηε

1305 342 1373 400 IN
1411 342 1695 402 JOANNIS
1728 342 2183 403 EVANG-ELIUM
2223 345 2476 402 LIBJX.

3398 355 3500 413 {30

253 461 560 535 γεγονότων
600 461 753 533 παρά
791 457 926 514 Θεοῦ
959 460 1072 530 τοῖς
1106 458 1374 523 τοιούτοις
1411 458 1814 532 ἀπκεχρῆσθαι

1927 458 2249 528 increpandi
2302 460 2677 533 carpendique
2727 462 2966 534 opiﬁcis,
3016 464 3340 522 immensam
3378 467 3500 540 eius

252 556 471 626 λόγοις,
540 550 911 623 καταλέξομεν
992 550 1247 622 οὐδαμῶς
1322 552 1681 623 ἐπιτιμῶντες
1748 549 1827 623 τῷ

253 650 490 719 ποιητῇ,
534 644 1021 717 διαλοιδορούμενοί
1051 660 1112 699 τε
1144 643 1223 715 τῷ
1264 644 1404 715 πρὸς
1452 645 1515 698 τὸ
1560 638 1701 698 εἶναι
1754 642 1827 697 τὰ

252 742 354 797 οὐκ
385 741 513 795 ὄντα
560 738 815 793 καλοῦντι
860 737 1014 809 Θεῷ,
1073 738 1166 792 καὶ
1214 738 1311 809 τὴν
1363 740 1603 809 ἄμετρον
1657 735 1821 791 αὐτοῦ

251 830 664 903 φιλανθρωπίαν
695 830 1045 901 διασύροντες
1094 829 1341 901 ἀμαθῶς.
1394 829 1459 882 Τί
1508 828 1616 901 γὰρ
1642 868 1657 893 ,
1701 829 1825 881 εἰπέ

255 940 367 994 μοι,
412 923 509 977 καὶ
538 922 771 994 ἑτέρους
796 920 1086 975 διακωλύει
1119 920 1283 992 τυχὸν
1312 920 1605 990 ἐγκαλέσαι
1635 919 1823 989 λέγον-

247 1033 347 1078 τας
368 1032 381 1045 ·
423 1016 489 1068 Τί
528 1016 620 1068 τὸν
650 1014 825 1069 Σαοὺλ
855 1014 1118 1081 ἐπελέξω,
1151 1014 1246 1067 καὶ
1277 1014 1357 1076 είς
1385 1012 1609 1083 βασιλέα
1639 1013 1825 1083 κέχρι-

250 1124 355 1171 κας
383 1106 480 1159 ἐπὶ
529 1106 622 1159 τὸν
681 1105 937 1178 Ἰσραὴλ,
984 1103 1138 1168 είδὼς
1178 1105 1260 1158 ὅτι
1310 1104 1527 1168 πάντως
1569 1104 1822 1175 ἀθετήσει

247 1196 350 1264 τὴν
383 1195 576 1266 χάριν;
603 1194 718 1250 Καὶ
740 1196 794 1248 τί
821 1194 980 1249 τοῦτο
993 1195 1173 1263 λέγω;
1206 1194 1563 1267 Ἀναὸήσεται
1585 1195 1693 1266 γὰρ
1720 1194 1822 1265 τῆς

246 1286 486 1356 αἰτίαςή
513 1286 786 1358 πρόφασις
826 1287 920 1341 ἐπὶ
964 1288 1056 1340 τὸν
1102 1285 1196 1340 τοῦ
1231 1286 1424 1355 γένους
1479 1285 1817 1357 καθηγητὴν,

246 1378 393 1432 τοῦτ’
430 1378 579 1432 ἔστιν
623 1379 815 1449 Ἀδάμ.
872 1380 1020 1450 Ἐρεῖ
1062 1379 1120 1433 δέ
1164 1396 1249 1442 τις
1298 1377 1461 1448 τυχὸν
1489 1377 1596 1432 τῶν
1635 1379 1820 1432 ἐκεῖνα

246 1468 691 1539 διεσκεμμένων’
739 1468 805 1521 Τί
853 1468 944 1521 τὸν
992 1467 1209 1538 πρῶτον
1256 1465 1543 1538 ἄνθρωπον
1576 1464 1819 1530 ἔπλασας

246 1558 358 1612 ἀπὸ
394 1562 498 1629 γῆς
549 1561 578 1612 ὁ
613 1558 681 1613 τά
720 1559 905 1613 πάντα
942 1557 1134 1625 εἰδώς;
1182 1558 1256 1612 Ού
1311 1556 1420 1628 γὰρ
1465 1557 1681 1626 ἠγνόεις
1736 1556 1819 1610 ὅτι

245 1650 496 1707 πεσεῖται
559 1647 656 1719 τὴν
711 1649 959 1703 δοθεῖσαν
1003 1648 1157 1719 αὐτῷ
1210 1647 1526 1719 παρελάσας
1574 1647 1815 1719 ἐντολήν.

243 1738 404 1791 Κατά
431 1737 525 1791 τὸν
553 1739 713 1793 αὐτὸν
750 1738 938 1793 τοῦτον
969 1738 1127 1808 λόγον
1152 1740 1246 1793 καὶ
1284 1739 1378 1792 ἐπὶ
1410 1742 1522 1804 τοῖς
1558 1739 1817 1810 ἀνωτέρω

1929 551 2323 622 benignitatem
2396 554 2565 609 stulte
2638 556 3032 613 convellentes.
3102 556 3242 624 Quid
3311 560 3501 626 enim,

1930 654 2137 709 quaeso,
2180 640 2501 711 prohibebit
2538 643 2706 697 etiam
2756 643 2897 700 alios
2936 644 3193 701 incusare
3236 646 3405 702 Deum
3436 662 3501 704 ac

1928 732 2156 789 dicere:
2189 732 2302 787 Cur
2334 732 2552 793 Saulem
2585 736 2819 806 elegisti,
2861 746 2917 792 et
2967 737 3022 791 in
3058 751 3236 810 regem
3293 738 3499 796 tinxisti

1930 838 2095 893 super
2145 821 2346 892 Israel,
2390 840 2552 895 quem
2620 827 2860 895 gratiam
2908 828 3137 883 omnino
3188 837 3500 898 spreturum

1929 916 2182 971 sciebas?
2206 917 2272 971 Et
2296 918 2428 988 quid
2460 919 2566 973 hoc
2590 919 2711 973 aio?
2735 919 2871 974 Nam
2905 922 3069 992 hujus
3095 923 3500 983 criminalionis

1927 1023 2093 1065 causa
2122 1009 2190 1064 ad
2224 1010 2401 1078 ipsum
2434 1010 2655 1081 generis
2692 1020 2974 1067 auctorem
3010 1014 3289 1080 ascendet,
3317 1015 3373 1069 id.
3414 1024 3500 1071 est

1926 1099 2123 1155 Adam.
2162 1101 2317 1168 Quod
2368 1100 2515 1157 dicet
2552 1101 2741 1158 forsan
2797 1103 2998 1173 aliquis
3043 1119 3232 1160 eorum
3272 1105 3365 1176 qui
3424 1106 3499 1161 ita

1927 1191 2172 1247 sentiunt
2193 1210 2207 1247 :
2226 1191 2341 1247 Cur
2367 1191 2606 1261 primum
2637 1192 2916 1249 hominem
2947 1194 3196 1249 formasti
3230 1194 3297 1250 de
3327 1202 3496 1263 terra,

1926 1283 2021 1354 qui
2071 1283 2258 1338 omnia
2299 1282 2489 1339 nosti?
2528 1281 2642 1339 Nec
2689 1283 2834 1339 enim
2900 1283 3196 1356 ignorabas
3236 1298 3496 1339 casurum

1925 1375 2106 1439 illum,
2154 1382 2340 1445 spreto
2397 1374 2544 1446 quod
2602 1383 2895 1445 acceperat
2957 1374 3240 1431 mandato.
3290 1374 3496 1430 Eodem

1925 1467 2087 1522 modo
2128 1473 2184 1523 et
2217 1481 2284 1521 ex
2318 1466 2536 1537 superis
2580 1480 2645 1521 ac
2677 1466 2999 1522 cmlestibus
3035 1482 3225 1522 ansam
3277 1481 3497 1538 quoque

1924 1556 2190 1626 carpendi
2239 1557 2490 1627 arripiet,
2524 1558 2769 1612 clamans
2799 1574 2811 1609 :
2843 1554 2956 1611 Cur
3006 1558 3324 1627 angelorum
3363 1572 3494 1612 con-

1924 1648 2114 1705 didisti
2163 1659 2440 1715 naturam,
2471 1663 2596 1702 cum
2633 1662 2742 1702 non
2776 1649 3082 1717 ignorares,
3111 1656 3171 1702 ut
3203 1647 3366 1712 Deus,
3405 1649 3495 1703 fu-

1923 1748 2105 1794 turam
2161 1741 2471 1810 aliquorum
2522 1737 3050 1794 defectionetn‘lNec
3099 1738 3244 1793 enim
3301 1753 3492 1794 serva-

243 1830 339 1882 καὶ
361 1829 607 1899 μείζοσιν
639 1829 720 1883 ἔτι
749 1833 1046 1903 κατηγορεῖ
1062 1831 1209 1902 τβοῶν
1233 1848 1246 1860 ·
1275 1832 1429 1886 Διατί
1449 1832 1546 1903 τὴν
1568 1833 1814 1902 ἀγγέλων

1920 1837 2117 1884 verunt
2146 1846 2342 1887 omnes
2376 1846 2540 1885 suum
2579 1829 2971 1899 principatum.
2995 1829 3138 1895 Quid
3176 1844 3340 1898 porro
3365 1830 3496 1885 hinc

241 1919 496 1991 δεδημιού
508 1938 721 1993 ργηκας
748 1922 931 1990 φύσιν,
965 1923 1065 1977 οὐκ
1095 1924 1393 1995 ἀγνοήσας,
1422 1924 1499 1988 ὡς
1527 1924 1680 1989 Θεὸς,
1718 1923 1818 1997 τὴν

239 2011 511 2081 ἐσομένην
539 2012 705 2068 τινῶν
753 2013 1011 2067 ἀπόνοιαν
1057 2014 1138 2079 είς
1196 2015 1543 2082 ἀπόστασιν;
1583 2016 1819 2087 Τετηρή-

241 2119 374 2156 κασι
410 2103 519 2175 γὰρ
566 2105 626 2158 ού
690 2105 893 2169 πάντες
946 2106 1046 2178 τὴν
1092 2107 1297 2161 οἰκείαν
1342 2107 1537 2178 ἀρχήν.
1591 2103 1725 2161 Εἶτα
1766 2107 1818 2161 τί

240 2192 306 2245 τὸ
360 2194 644 2261 ὲντεῦθενς
715 2197 780 2250 Ἠ
850 2197 944 2252 τοῦ
1004 2198 1144 2252 Θεοῦ
1211 2200 1523 2268 πρόγνωσις
1580 2200 1683 2254 οὐκ
1751 2200 1818 2254 ἂν

245 2281 413 2335 αὐτὸν
495 2284 917 2358 συγκεχώρηκεν
978 2287 1208 2359 ὀφθῆναι
1285 2288 1652 2360 δημιουργὸν,
1702 2289 1818 2343 ἀλλ’

245 2372 355 2426 οὐδ’
382 2372 450 2426 ἀν
476 2375 510 2445 ἠ
538 2374 731 2446 λογικὴ
772 2379 950 2442 κτίσις
982 2379 1261 2451 παρῆλθεν
1298 2380 1433 2444 ὅλως
1458 2381 1538 2444 εἰς
1578 2381 1814 2448 γένεσιν,

250 2463 336 2515 ἶνα
365 2463 532 2533 μόνης
574 2464 676 2534 τῆς
716 2466 911 2535 ἀλόγου
968 2468 1063 2522 καὶ
1102 2469 1425 2540 ἀναισθήτου
1472 2470 1686 2540 φύσεως
1721 2469 1809 2540 βα-

248 2550 434 2622 σιλεύῃ
468 2552 600 2618 Θεὸς
621 2595 635 2617 ,
678 2555 816 2628 μηδὲ
861 2556 943 2609 ὅτι
981 2556 1114 2621 Θεὸς
1143 2557 1281 2612 κατά
1316 2557 1476 2626 φύσιν
1511 2560 1629 2612 ἐστὶ
1654 2575 1819 2627 γινω-

244 2645 530 2718 σκόμενος.
588 2648 800 2718 Χρῆναι
853 2648 909 2702 δὲ
975 2643 1127 2718 οἶμαι
1182 2648 1414 2719 μάλιστα
1468 2650 1531 2720 δὴ
1598 2651 1815 2704 πάντων

238 2739 418 2793 ἐκεῖνο
465 2737 956 2809 διασκεπτομένους
987 2740 1151 2810 ὁρᾷν,
1194 2740 1276 2793 ὅτι
1307 2724 1420 2803 τοῖς
1444 2739 1681 2808 λογικοῖς
1705 2740 1813 2792 τῶν

238 2829 555 2898 κτισμάτων
614 2829 751 2894 ίδίας
812 2831 1185 2901 προαιρέσεως
1224 2830 1486 2900 ἀπένειμε
1523 2831 1623 2896 τὰς
1656 2833 1814 2903 ἡνίας

234 2919 266 2970 ὁ
296 2918 512 2975 πάντων
543 2921 917 2992 Δημιουργὲρς,
966 2922 1060 2976 ml.
1104 2922 1547 2987 αὑτοκελεύστοις
1603 2924 1813 2994 ἀφῆκεν

238 3005 376 3064 εἶναι
416 3013 644 3081 ῥοπαῖς,
689 3014 775 3083 ἐφ’
807 3014 944 3083 ὅπερ
992 3012 1058 3068 ἂν
1110 3014 1346 3078 ἕκαστος
1376 3013 1616 3084 βούλοιτο
1649 3015 1811 3085 τυχὸν

236 3100 382 3171 ἔχειν
408 3102 606 3173 ἀριστα
629 3102 928 3173 δοκιμάσας
953 3104 1045 3157 τὸν
1074 3105 1296 3176 τρόπον.
1331 3106 1394 3158 Ol
1428 3105 1526 3175 μὲν
1559 3100 1652 3159 οὖν
1696 3107 1810 3169 τοῖς

1923 1922 2216 1991 sequitur?
2239 1922 2379 1977 illud
2411 1922 2696 1991 videlicet,
2725 1931 2784 1976 ut
2836 1922 3285 1993 praecognitionis
3326 1937 3493 1978 causa

1923 2019 2017 2064 aut
2048 2011 2181 2065 nihil
2226 2011 2452 2065 omnino
2491 2025 2683 2066 creare
2727 2010 3004 2074 debuerit,
3036 2017 3133 2065 aut
3168 2019 3317 2067 certe
3342 2026 3494 2065 crea-

1921 2114 2101 2160 turam
2142 2106 2347 2161 nullam
2401 2106 2637 2160 rationis
2681 2114 2989 2176 compotem
3028 2106 3254 2159 omnino
3288 2103 3495 2174 produ-

1921 2212 2070 2261 cere,
2118 2205 2178 2252 ut
2228 2198 2538 2253 irrationali
2572 2207 2783 2252 tantum
2822 2205 2875 2253 et
2922 2212 3118 2254 sensus
3149 2196 3356 2264 experti
3389 2210 3491 2250 na-

1921 2298 2057 2344 turae
2089 2288 2234 2345 Deus
2284 2290 2540 2359 imperet,
2578 2305 2680 2345 nec
2725 2290 2844 2361 ipse
2882 2289 3108 2345 omnino
3154 2297 3352 2343 natura
3389 2302 3492 2343 sua

1923 2379 2065 2435 Deus
2094 2389 2483 2451 cognoscatur.
2511 2379 2647 2435 Illud
2677 2389 2856 2434 autem
2884 2381 3122 2434 maxime
3144 2381 3492 2434 consideran-

1919 2471 2046 2524 dum
2072 2471 2142 2526 iis
2174 2471 2446 2535 arbitror,
2476 2469 2716 2525 universi
2749 2469 2997 2539 opiﬁcem
3028 2469 3491 2526 intellectualibus

1918 2559 2194 2613 creaturis
2226 2559 2530 2614 voluntatis
2575 2573 2688 2612 sua:
2739 2556 2986 2611 habenas
3038 2556 3406 2627 commisisse,
3435 2565 3492 2613 et

1919 2658 2228 2720 spontaneo
2268 2658 2418 2704 motu
2453 2664 2519 2704 eo
2552 2648 2680 2703 ferri
2717 2646 3065 2719 permisisse,
3097 2664 3207 2718 quo
3254 2649 3494 2720 quisque

1917 2739 2064 2791 velit.
2111 2738 2214 2802 Qui
2257 2753 2390 2809 ergo
2435 2737 2758 2793 melioribus
2806 2747 2955 2791 recte
2988 2751 3047 2791 se
3084 2737 3490 2807 applicuerunt,

1916 2830 2142 2899 gloriam
2184 2843 2339 2883 suam
2391 2835 2638 2892 servant,
2693 2836 2749 2881 et
2795 2827 3068 2881 bonorum
3117 2827 3222 2882 sibi
3256 2842 3489 2884 conces-

1916 2934 2101 2972 sorum
2133 2919 2428 2989 participes
2456 2925 2775 2985 manent,et
2809 2917 3073 2973 felicitate
3102 2934 3209 2989 qua
3237 2920 3490 2977 excidere

1914 3022 2216 3082 nequeant,
2239 3011 2633 3082 perfruuntur;
2656 3010 2747 3081 qui
2771 3024 2903 3065 vero
2934 3010 3175 3081 prepriis
3200 3009 3489 3067 affectibus

1914 3109 2370 3172 corrumpuntur,
2406 3104 2774 3173 cupiditatum
2823 3112 2961 3157 testu
2993 3118 3103 3172 quo
3162 3101 3320 3159 nefas
3370 3113 3491 3159 erat

234 3171 485 3255 ἀμείνοσι
506 3171 960 3263 προσνενευκότες
982 3171 1176 3264 ὀρθῶς,
1204 3194 1303 3265 τὴν
1325 3171 1461 3248 ἰδίαν
1484 3192 1808 3257 διασώζουσι

1918 3171 2164 3255 abducti,
2198 3193 2355 3265 731
2385 3171 2583 3264 dignas
2636 3194 2937 3251 sceleribus
2982 3171 3100 3250 suis
3153 3209 3347 3264 pmnas
3382 3195 3488 3249 da-

230 3278 429 3347 δόξαν,
470 3282 564 3335 καὶ
615 3283 674 3336 ὲν
729 3284 943 3354 μεθέξει
999 3285 1220 3355 μένουσι
1260 3285 1370 3338 τῶν
1430 3284 1807 3356 ἀπονεμηθέν-

229 3387 347 3425 των
373 3372 557 3435 αὐτοῖς
591 3372 846 3442 ἀγαθῶν,
883 3375 1276 3444 ἀμετάπτωτόν
1312 3392 1373 3429 τε
1412 3376 1510 3445 τὴν
1543 3376 1809 3446 εὐθυμίαν

226 3459 624 3530 εὑρίσκουσινν
686 3464 737 3517 οἰ
802 3463 860 3517 δὲ
923 3467 1029 3527 τοῖς
1102 3465 1252 3529 ἰδίοις
1323 3464 1811 3537 καταφθειρὸμενοι

224 3548 557 3621 λογισμοῖς,
605 3555 701 3606 καὶ
744 3555 830 3622 ἐφ’
862 3554 897 3609 ἀ
948 3556 1024 3627 μὴ
1076 3554 1232 3625 θέμις
1273 3556 1595 3619 ἀκαθέκτοις
1623 3555 1812 3628 ὥσπερ

223 3639 509 3708 ῥεύμασιν
533 3640 838 3708 ἐπιθυμιῶν
858 3644 1314 3714 κατασυρόμενοι,
1340 3647 1438 3714 τὴν
1467 3645 1651 3708 αὐτοῖς
1680 3645 1803 3715 πρέ·

224 3747 453 3784 πουσαν
485 3731 818 3801 ὑπομένουσι
855 3732 1029 3803 δίκην,
1058 3733 1154 3786 καὶ
1199 3735 1296 3804 τὴν
1336 3736 1427 3787 ἐπὶ
1468 3737 1588 3798 ταῖς
1624 3736 1817 3806 ἀχαρι-

223 3823 423 3884 στίαις
456 3822 679 3884 εἰκότως
709 3823 1069 3892 ὑπομένοντες
1085 3826 1334 3895 γραφὴν,
1374 3827 1472 3896 τὴν
1501 3826 1683 3897 ἀπηνῆ
1724 3827 1816 3881 καὶ

221 3912 553 3981 ἀπέραντον
579 3911 975 3983 ύποστήσονται
1015 3913 1255 3970 κόλασιν.
1293 3915 1413 3968 Ἐπὶ
1453 3915 1663 3978 τούτοις
1705 3919 1813 3980 τοῖς

217 4004 491 4074 ὁρισμοῖς
518 4002 818 4073 γενομένην
842 4005 1094 4075 εὑρήσεις
1117 4005 1215 4075 τὴν
1242 4006 1348 4059 τῶν
1367 4005 1613 4075 ἀγγέλων
1631 4006 1811 4076 φύσιν.

213 4095 288 4146 Οἱ
322 4091 430 4163 μὲν
454 4093 565 4165 γὰρ
591 4093 1016 4164 διατηρήσαντες
1041 4093 1139 4165 τὴν
1163 4097 1367 4152 οἰκείαν
1387 4097 1583 4168 ἀρχὴν,
1606 4098 1812 4152 ἀναπό-

210 4184 432 4254 ϐλητον
464 4182 647 4254 ἔχουσι
672 4185 772 4254 τὴν
810 4185 896 4254 ἐφ’
917 4186 1088 4240 ἀπασι
1120 4192 1232 4252 τοῖς
1263 4190 1487 4258 ἀγαθοῖς
1523 4191 1730 4263 ἶδρυσίν
1755 4210 1813 4245 τε

207 4277 320 4331 καὶ
355 4275 569 4328 στάσιν
615 4276 664 4329 οί
709 4276 766 4329 δὲ
816 4280 929 4341 τοῖς
986 4280 1077 4332 ἐπὶ
1127 4280 1196 4334 τὰ
1243 4281 1409 4353 χείρω
1441 4283 1674 4352 νεύμασι
1717 4284 1815 4353 τῆς

205 4367 468 4437 ἀρχαίας
528 4367 745 4438 ἐκείνης
797 4368 1046 4433 εὐκλείας
1095 4370 1546 4443 διολισθήσαντες,
1605 4376 1815 4443 σειραῖς

205 4459 397 4524 ξόιρου
447 4457 944 4527 τεταρταρωμένοι,
978 4459 1118 4512 κατά
1165 4461 1227 4512 τὸ
1279 4462 1680 4531 γεγραμμένον,
1734 4464 1813 4525 εἰς

1911 3282 2071 3349 bunt,
2111 3292 2165 3336 et
2215 3283 2288 3337 ob
2343 3283 2545 3353 ingrati
2596 3284 2765 3338 animi
2812 3301 3008 3338 noxam
3065 3285 3191 3354 jure
3245 3284 3487 3341 damnati

1912 3387 2075 3442 grave
2116 3379 2170 3426 et
2203 3379 2471 3427 aeternum
2526 3374 2859 3444 supplicium
2907 3375 3079 3430 luent.
3106 3374 3203 3429 His
3235 3376 3488 3432 terminis

1914 3463 2239 3534 angelorum
2275 3474 2529 3519 naturam
2563 3465 2810 3521 invenies
2848 3465 3142 3521 contineri.
3183 3464 3288 3532 Qui
3336 3467 3486 3523 enim

1913 3562 2206 3610 servarunt
2243 3572 2402 3611 suum
2436 3556 2832 3627 principatum,
2858 3558 3247 3612 inconcussam
3287 3558 3489 3613 habent

1913 3642 1969 3696 in
2001 3643 2258 3699 omnibus
2295 3644 2456 3699 bonis
2516 3644 2826 3701 ﬁrmitatem
2868 3653 3032 3715 atque
3078 3648 3486 3714 constantiam;

1913 3734 2011 3804 qui
2038 3750 2170 3790 vero
2206 3735 2260 3789 in
2291 3735 2567 3790 deteriora
2606 3737 2860 3791 conversi
2900 3737 2989 3790 illa
3027 3738 3251 3808 antiqua
3283 3739 3489 3794 nobili-

1916 3834 2026 3881 tate
2065 3826 2408 3893 exciderunt,
2450 3828 3026 3902 rudentibus_inl‘erni
3068 3830 3322 3895 detracti,
3346 3831 3489 3887 sicut

1914 3917 2179 3987 scriptum
2227 3929 2332 3985 est,
2371 3920 2426 3973 in
2478 3919 2747 3989 judicium
2801 3937 3013 3992 magna:
3059 3923 3166 3978 diei
3222 3925 3489 3980 reservati

1915 4017 2045 4063 sunt
2074 4007 2142 4064 ".
2180 4007 2273 4065 Sic
2316 4009 2495 4067 factus
2525 4022 2610 4067 est
2641 4012 2801 4066 initio
2848 4014 3057 4082 primus
3088 4014 3179 4069 ille
3211 4015 3395 4083 homo,
3433 4015 3488 4071 id

1914 4108 2001 4154 est
2027 4100 2227 4154 Adam.
2255 4102 2387 4156 Erat
2407 4104 2554 4157 enim
2581 4105 2636 4158 in
2669 4105 2945 4174 paradiso,
2965 4113 3019 4160 et
3045 4106 3098 4160 in
3131 4108 3362 4162 summis
3392 4108 3489 4163 de-

1916 4189 2081 4254 liciis,
2117 4190 2461 4260 spiritalibus
2505 4196 2789 4258 nimirum,
2833 4204 2885 4250 ct
2916 4198 3085 4267 gloria
3113 4201 3254 4268 apud
3290 4199 3482 4258 Deum.

1917 4282 1983 4335 Et
2032 4284 2429 4351 permansisset
2476 4286 2697 4355 quidem
2740 4288 2793 4341 in
2835 4290 3084 4357 pristinis
3126 4293 3236 4347 illis
3278 4305 3487 4351 natura:

1916 4371 2096 4436 bonis,
2125 4373 2229 4427 nisi
2255 4388 2558 4430 conversus
2581 4384 2727 4430 esset
2754 4378 2804 4429 in
2827 4377 3189 4434 defectionem
3216 4391 3270 4436 et
3295 4384 3487 4442 inobe-

1916 4461 2203 4529 dientiam,
2244 4464 2430 4517 datum
2490 4466 2591 4518 sibi
2632 4466 2869 4536 desuper
2900 4472 3214 4526 mandatum
3265 4479 3485 4533 stultis-

203 4545 416 4615 κρίσιν
445 4544 687 4614 μεγάλης
716 4546 929 4616 ἡμέρας
964 4548 1315 4617 τετήρηνται.
1347 4548 1535 4612 Οὕτως
1588 4549 1814 4619 πεποίη-

1918 4554 2054 4607 sime
2088 4563 2534 4624 praetergressus.
2589 4558 2681 4611 Sic
2727 4560 2882 4613 unxit
2920 4560 3138 4617 Saulem
3182 4566 3235 4619 in
3275 4583 3479 4638 regem.

204 4651 307 4685 ται
344 4632 501 4684 κατὰ
526 4631 625 4702 τὴν
652 4633 827 4704 ἀρχὴν
855 4636 883 4687 ὁ
910 4634 1126 4704 πρῶτος
1160 4635 1468 4705 ἄνθρωπος,
1497 4636 1644 4690 τοῦτ’
1669 4637 1815 4689 ἔστιν

200 4729 231 4776 ὁ
265 4723 481 4791 Ἀδάμ.
513 4718 621 4776 Ἦν
675 4726 774 4794 μὲν
829 4726 938 4797 γὰρ
989 4727 1047 4778 ὲν
1105 4729 1438 4798 παραδείσῳ,
1472 4731 1567 4783 καὶ
1609 4732 1665 4783 ἐν
1696 4734 1815 4795 ταῖς

199 4814 494 4867 ἀνωτάτω
527 4816 784 4883 τρυφαῖς,
840 4819 1238 4886 πνευματικαῖς
1269 4818 1528 4888 δηλονότι.
1562 4823 1656 4873 καὶ
1686 4821 1811 4892 δόξῃ

198 4908 270 4975 τῇ
307 4904 480 4973 παρά
516 4902 655 4973 Θεῷ.
690 4905 803 4957 Καὶ
827 4905 1094 4975 διέμεινεν
1129 4905 1194 4959 ἂν
1216 4909 1275 4960 ὲν
1299 4910 1413 4971 τοῖς
1441 4909 1688 4979 ἀρχαίοις
1712 4909 1813 4979 τῆς

199 4998 445 5063 φύσεως
472 4993 721 5061 ἀγαθοῖς,
752 4996 802 5047 εί
825 4996 898 5067 μὴ
928 4996 1200 5068 τέτραπτο
1226 4997 1362 5069 πρὸς
1389 4999 1690 5051 ἀπόστασιν
1716 5001 1812 5052 καὶ

196 5082 538 5156 παρακοήν,
587 5083 918 5140 ἀϐουλότατα
971 5087 1256 5157 παρελθὼν
1311 5089 1408 5158 τὴν
1450 5089 1812 5159 διορισθεῖσαν

194 5174 445 5246 ἐντολὴν
482 5172 712 5227 ἄνωθεν.
753 5175 908 5230 Οὕτω
941 5178 1165 5248 κέχρικε
1205 5179 1297 5232 τὸν
1327 5180 1500 5232 Σαοὺλ
1544 5181 1623 5243 εἰς
1656 5181 1808 5249 βασι-

194 5269 321 5321 λέα.
353 5262 479 5318 Ἦν
509 5264 609 5332 μὲν
632 5267 741 5336 γὰρ
768 5269 825 5320 ὲν
854 5269 1048 5340 ἀρχαῖς
1073 5271 1133 5322 ού
1156 5271 1356 5340 φαῦλος
1387 5272 1544 5342 ἀνὴρ,
1578 5273 1808 5342 ὀφθέντα

192 5378 260 5429 γε
299 5358 422 5430 μὴν
454 5356 643 5409 ούκέτι
696 5360 933 5418 τοιοῦτον
972 5361 1196 5432 μεθίστη
1244 5364 1341 5434 τῆς
1368 5364 1527 5435 δόξης
1570 5365 1666 5417 καὶ
1706 5366 1807 5435 τῆς

194 5449 500 5522 βασιλίδος
525 5449 706 5519 τιμῆς.
747 5452 931 5517 Οὕτως
983 5452 1272 5520 ἐπελέξατο
1321 5456 1412 5508 τὸν
1447 5456 1668 5523 Ἰούδαν,
1708 5458 1804 5511 καί⁵

190 5548 312 5605 τοῖς
378 5539 573 5609 ἁγίοις
621 5541 777 5597 αὐτὸν
826 5543 1047 5616 ἀνέμιξε
1109 5544 1400 5616 μαθηταῖς,
1469 5549 1797 5619 ἐπιτηδείως

265 5722 316 5753 ⁸²
360 5719 533 5776 ludii:
570 5719 622 5773 6.

1914 4642 2043 4697 Erat
2082 4645 2228 4698 enim
2267 4646 2348 4698 vir
2391 4647 2535 4701 haud
2593 4651 2769 4703 tnalus
2824 4651 2998 4719 initio,
3036 4656 3128 4709 sed
3159 4670 3281 4709 cum
3320 4661 3481 4714 talem

1914 4748 1973 4788 se
2004 4750 2110 4788 non
2146 4736 2386 4804 amplius
2420 4738 2768 4805 praebuisset,
2799 4741 2971 4810 gloria
3000 4754 3053 4797 et
3080 4747 3231 4814 rcgni
3276 4747 3485 4805 honore

1912 4826 2141 4879 excidit.
2175 4827 2265 4880 Sic
2293 4826 2489 4881 Judant
2526 4830 2709 4899 elegit,
2735 4842 2784 4885 et
2812 4837 3019 4889 sanctis
3042 4836 3333 4905 discipulis
3361 4857 3482 4894 eum

1914 4918 2228 4986 adscripsit,
2267 4935 2391 4973 cum
2437 4920 2690 4975 idoneum
2740 4939 2797 4978 se
2850 4927 3122 4996 principio
3155 4938 3481 4985 sectatorem

1912 5021 1974 5058 ac
2020 5006 2350 5075 diSttipttlutn
2384 5019 2693 5076 praestaret.
2740 5012 2845 5067 Sed
2893 5024 3180 5085 postquam
3219 5021 3479 5086 paulatim

1910 5112 1938 5149 a
1974 5095 2177 5150 Satana
2229 5107 2476 5156 tentatus
2524 5111 2580 5155 et
2635 5104 2773 5157 lucri
2808 5107 2995 5160 studio
3045 5109 3291 5164 irretitus
3356 5112 3482 5165 huic

1908 5188 2044 5241 vitio
2077 5191 2391 5253 succubuit,
2426 5192 2628 5246 factum
2668 5198 2738 5250 ob
2786 5197 2836 5249 id
2881 5199 3213 5263 proditorem
3263 5200 3478 5254 demum

1908 5281 2128 5348 repulit.
2159 5282 2307 5336 Nihil
2335 5299 2469 5352 ergo
2500 5286 2565 5337 ad
2593 5302 2715 5340 eum
2750 5289 2841 5356 qui
2882 5288 3062 5354 elegit.
3099 5287 3270 5343 Penes
3326 5291 3478 5345 illum

1912 5370 2115 5439 quippe
2137 5380 2255 5424 erat
2288 5387 2399 5426 non
2432 5374 2652 5438 cadere,
2684 5375 2727 5429 si
2762 5375 2986 5427 meliora
3019 5373 3277 5431 nimirum
3322 5394 3476 5433 com-

1914 5460 2072 5529 plecti
2122 5461 2406 5526 voluisset,
2451 5475 2725 5532 totamque
2784 5479 2938 5517 suam
2992 5473 3224 5519 mentem
3269 5468 3336 5521 ad
3390 5486 3477 5522 se-

1914 5549 2191 5618 quendum
2227 5553 2442 5606 sincere
2484 5552 2762 5606 Christum
2800 5553 3200 5608 transtulisset.
3231 5556 3312 5610 Ad
3347 5556 3479 5609 alte-
