  <div class='ocr_page' id='page_1' title='image "/cluster/home/n/w/nwhite01/storage/ocr_20150623/74/mdp.39015078384487/073.png"; bbox 0 0 4106 6262; ppageno 0'>
   <div class='ocr_carea' id='block_1_1' title="bbox 622 314 712 371">
    <p class='ocr_par' dir='ltr' id='par_1_1' title="bbox 622 314 712 371">
     <span class='ocr_line' id='line_1_1' title="bbox 622 314 712 371; baseline -0.011 0"><span class='ocrx_word' id='word_1_1' title='bbox 622 314 712 371; x_wconf 76' lang='grc'>131</span> 
     </span>
    </p>
   </div>
   <div class='ocr_carea' id='block_1_2' title="bbox 1600 320 2826 388">
    <p class='ocr_par' dir='ltr' id='par_1_2' title="bbox 1600 320 2826 388">
     <span class='ocr_line' id='line_1_2' title="bbox 1600 320 2826 388; baseline 0.011 -13"><span class='ocrx_word' id='word_1_2' title='bbox 1600 320 1657 375; x_wconf 83' lang='grc'>8.</span> <span class='ocrx_word' id='word_1_3' title='bbox 1692 320 1970 375; x_wconf 70' lang='lat' dir='ltr'>CYRILLI</span> <span class='ocrx_word' id='word_1_4' title='bbox 2012 321 2481 382; x_wconf 74' lang='lat' dir='ltr'>ALEXANDRINI</span> <span class='ocrx_word' id='word_1_5' title='bbox 2507 320 2826 388; x_wconf 75' lang='lat' dir='ltr'><strong>ARCIIIEP.</strong></span> 
     </span>
    </p>
   </div>
   <div class='ocr_carea' id='block_1_3' title="bbox 3753 340 3855 395">
    <p class='ocr_par' dir='ltr' id='par_1_3' title="bbox 3753 340 3855 395">
     <span class='ocr_line' id='line_1_3' title="bbox 3753 340 3855 395; baseline -0.039 1"><span class='ocrx_word' id='word_1_6' title='bbox 3753 340 3855 395; x_wconf 63' lang='grc' dir='ltr'>ιιι</span> 
     </span>
    </p>
   </div>
   <div class='ocr_carea' id='block_1_4' title="bbox 620 434 2162 527">
    <p class='ocr_par' dir='ltr' id='par_1_4' title="bbox 620 434 2153 507">
     <span class='ocr_line' id='line_1_4' title="bbox 620 434 2153 507; baseline 0.008 -24"><span class='ocrx_word' id='word_1_7' title='bbox 620 447 736 484; x_wconf 87' lang='lat' dir='ltr'>rum</span> <span class='ocrx_word' id='word_1_8' title='bbox 757 447 921 501; x_wconf 90' lang='lat' dir='ltr'><strong>porro</strong></span> <span class='ocrx_word' id='word_1_9' title='bbox 949 434 1094 504; x_wconf 88' lang='lat' dir='ltr'><strong>quod</strong></span> <span class='ocrx_word' id='word_1_10' title='bbox 1116 436 1455 507; x_wconf 63' lang='lat' dir='ltr'><strong>propositum</strong></span> <span class='ocrx_word' id='word_1_11' title='bbox 1489 439 1914 502; x_wconf 86' lang='lat' dir='ltr'><strong>erat,dieimus.</strong></span> <span class='ocrx_word' id='word_1_12' title='bbox 1939 440 2153 496; x_wconf 81' lang='lat' dir='ltr'>Nemini</span> 
     </span>
    </p>
   </div>
   <div class='ocr_carea' id='block_1_5' title="bbox 2261 434 3851 527">
    <p class='ocr_par' dir='ltr' id='par_1_5' title="bbox 2281 446 3851 527">
     <span class='ocr_line' id='line_1_5' title="bbox 2281 446 3851 527; baseline 0.006 -30"><span class='ocrx_word' id='word_1_13' title='bbox 2281 446 2470 515; x_wconf 76' lang='grc' dir='ltr'>ἔχοντα</span> <span class='ocrx_word' id='word_1_14' title='bbox 2495 448 2736 520; x_wconf 85' lang='grc' dir='ltr'>δηλονότι</span> <span class='ocrx_word' id='word_1_15' title='bbox 2767 452 2903 523; x_wconf 77' lang='grc' dir='ltr'>πρὸς</span> <span class='ocrx_word' id='word_1_16' title='bbox 2930 453 3283 526; x_wconf 82' lang='grc' dir='ltr'>ἀκολούθησιν</span> <span class='ocrx_word' id='word_1_17' title='bbox 3305 456 3361 508; x_wconf 82' lang='grc' dir='ltr'>ἐν</span> <span class='ocrx_word' id='word_1_18' title='bbox 3390 456 3607 527; x_wconf 80' lang='grc' dir='ltr'>ἀρχαῖς.</span> <span class='ocrx_word' id='word_1_19' title='bbox 3636 454 3851 527; x_wconf 76' lang='grc' dir='ltr'>Ἐπειδὴ</span> 
     </span>
    </p>
   </div>
   <div class='ocr_carea' id='block_1_6' title="bbox 613 521 2179 597">
    <p class='ocr_par' dir='ltr' id='par_1_6' title="bbox 613 521 2179 597">
     <span class='ocr_line' id='line_1_6' title="bbox 613 521 2179 597; baseline 0.009 -25"><span class='ocrx_word' id='word_1_20' title='bbox 613 521 918 575; x_wconf 85' lang='lat' dir='ltr'><strong>secundum</strong></span> <span class='ocrx_word' id='word_1_21' title='bbox 950 526 1314 593; x_wconf 83' lang='lat' dir='ltr'><strong>quorumdam</strong></span> <span class='ocrx_word' id='word_1_22' title='bbox 1360 528 1589 582; x_wconf 80' lang='lat' dir='ltr'><strong>stultum</strong></span> <span class='ocrx_word' id='word_1_23' title='bbox 1624 539 2024 597; x_wconf 88' lang='lat' dir='ltr'><strong>commentum,</strong></span> <span class='ocrx_word' id='word_1_24' title='bbox 2061 533 2179 586; x_wconf 74' lang='lat' dir='ltr'><strong>exi-</strong></span> 
     </span>
    </p>
   </div>
   <div class='ocr_carea' id='block_1_7' title="bbox 613 613 2180 693">
    <p class='ocr_par' dir='ltr' id='par_1_7' title="bbox 613 613 2180 693">
     <span class='ocr_line' id='line_1_7' title="bbox 613 613 2180 693; baseline 0.01 -28"><span class='ocrx_word' id='word_1_25' title='bbox 613 613 946 668; x_wconf 83' lang='lat' dir='ltr'><strong>Stimandum</strong></span> <span class='ocrx_word' id='word_1_26' title='bbox 991 625 1076 670; x_wconf 90' lang='lat' dir='ltr'>est</span> <span class='ocrx_word' id='word_1_27' title='bbox 1136 616 1340 672; x_wconf 91' lang='lat' dir='ltr'><strong>idcirco</strong></span> <span class='ocrx_word' id='word_1_28' title='bbox 1401 636 1524 689; x_wconf 63' lang='lat' dir='ltr'><strong>quae</strong></span> <span class='ocrx_word' id='word_1_29' title='bbox 1568 635 1599 674; x_wconf 88' lang='lat' dir='ltr'>a</span> <span class='ocrx_word' id='word_1_30' title='bbox 1633 623 1847 677; x_wconf 82' lang='lat' dir='ltr'><strong>sanctis</strong></span> <span class='ocrx_word' id='word_1_31' title='bbox 1894 623 2180 693; x_wconf 73' lang='lat' dir='ltr'>prophetis</span> 
     </span>
    </p>
   </div>
   <div class='ocr_carea' id='block_1_8' title="bbox 611 703 2179 783">
    <p class='ocr_par' dir='ltr' id='par_1_8' title="bbox 611 703 2179 783">
     <span class='ocr_line' id='line_1_8' title="bbox 611 703 2179 783; baseline 0.01 -29"><span class='ocrx_word' id='word_1_32' title='bbox 611 703 757 757; x_wconf 86' lang='lat' dir='ltr'><strong>dicta</strong></span> <span class='ocrx_word' id='word_1_33' title='bbox 794 715 921 760; x_wconf 87' lang='lat' dir='ltr'><strong>sunt</strong></span> <span class='ocrx_word' id='word_1_34' title='bbox 972 707 1040 759; x_wconf 85' lang='lat' dir='ltr'>ad</span> <span class='ocrx_word' id='word_1_35' title='bbox 1071 709 1276 762; x_wconf 83' lang='lat' dir='ltr'><strong>exitum</strong></span> <span class='ocrx_word' id='word_1_36' title='bbox 1330 711 1584 779; x_wconf 82' lang='lat' dir='ltr'>perduci,</span> <span class='ocrx_word' id='word_1_37' title='bbox 1616 721 1679 765; x_wconf 86' lang='lat' dir='ltr'>ut</span> <span class='ocrx_word' id='word_1_38' title='bbox 1732 711 2036 783; x_wconf 73' lang='lat' dir='ltr'><strong>Scripturaa</strong></span> <span class='ocrx_word' id='word_1_39' title='bbox 2079 716 2179 768; x_wconf 84' lang='lat' dir='ltr'><strong>im-</strong></span> 
     </span>
    </p>
   </div>
   <div class='ocr_carea' id='block_1_9' title="bbox 610 795 2179 878">
    <p class='ocr_par' dir='ltr' id='par_1_9' title="bbox 610 795 2179 878">
     <span class='ocr_line' id='line_1_9' title="bbox 610 795 2179 878; baseline 0.009 -33"><span class='ocrx_word' id='word_1_40' title='bbox 610 795 883 863; x_wconf 86' lang='lat' dir='ltr'><strong>pleantur.</strong></span> <span class='ocrx_word' id='word_1_41' title='bbox 930 795 1062 849; x_wconf 84' lang='lat' dir='ltr'><strong>Nam</strong></span> <span class='ocrx_word' id='word_1_42' title='bbox 1096 798 1144 852; x_wconf 90' lang='lat' dir='ltr'>si</span> <span class='ocrx_word' id='word_1_43' title='bbox 1196 799 1273 852; x_wconf 90' lang='lat' dir='ltr'>ita</span> <span class='ocrx_word' id='word_1_44' title='bbox 1302 816 1361 855; x_wconf 91' lang='lat' dir='ltr'>se</span> <span class='ocrx_word' id='word_1_45' title='bbox 1392 817 1481 855; x_wconf 88' lang='lat' dir='ltr'>res</span> <span class='ocrx_word' id='word_1_46' title='bbox 1521 803 1739 866; x_wconf 89' lang='lat' dir='ltr'><strong>habeat,</strong></span> <span class='ocrx_word' id='word_1_47' title='bbox 1778 804 1914 856; x_wconf 83' lang='lat' dir='ltr'><strong>nihil</strong></span> <span class='ocrx_word' id='word_1_48' title='bbox 1956 806 2179 878; x_wconf 76' lang='lat' dir='ltr'><strong>omnino</strong></span> 
     </span>
    </p>
   </div>
   <div class='ocr_carea' id='block_1_10' title="bbox 606 885 2177 962">
    <p class='ocr_par' dir='ltr' id='par_1_10' title="bbox 606 885 2177 962">
     <span class='ocr_line' id='line_1_10' title="bbox 606 885 2177 962; baseline 0.007 -23"><span class='ocrx_word' id='word_1_49' title='bbox 606 885 808 939; x_wconf 88' lang='lat' dir='ltr'><strong>vetabit</strong></span> <span class='ocrx_word' id='word_1_50' title='bbox 858 887 1159 956; x_wconf 78' lang='lat' dir='ltr'>quominus</span> <span class='ocrx_word' id='word_1_51' title='bbox 1196 896 1515 945; x_wconf 83' lang='lat' dir='ltr'><strong>necessario</strong></span> <span class='ocrx_word' id='word_1_52' title='bbox 1560 891 1868 962; x_wconf 84' lang='lat' dir='ltr'><strong>Scripturis</strong></span> <span class='ocrx_word' id='word_1_53' title='bbox 1900 894 2108 950; x_wconf 84' lang='lat' dir='ltr'><strong>addicti</strong></span> <span class='ocrx_word' id='word_1_54' title='bbox 2146 910 2177 950; x_wconf 88' lang='lat' dir='ltr'>a</span> 
     </span>
    </p>
   </div>
   <div class='ocr_carea' id='block_1_11' title="bbox 608 981 2177 1052">
    <p class='ocr_par' dir='ltr' id='par_1_11' title="bbox 608 981 2177 1052">
     <span class='ocr_line' id='line_1_11' title="bbox 608 981 2177 1052; baseline 0.008 -23"><span class='ocrx_word' id='word_1_55' title='bbox 608 984 837 1047; x_wconf 88' lang='lat' dir='ltr'><strong>peccato</strong></span> <span class='ocrx_word' id='word_1_56' title='bbox 883 989 1242 1045; x_wconf 85' lang='lat' dir='ltr'><strong>excusentnr,</strong></span> <span class='ocrx_word' id='word_1_57' title='bbox 1273 981 1382 1034; x_wconf 91' lang='lat' dir='ltr'>imo</span> <span class='ocrx_word' id='word_1_58' title='bbox 1435 998 1568 1037; x_wconf 89' lang='lat' dir='ltr'><strong>vero</strong></span> <span class='ocrx_word' id='word_1_59' title='bbox 1617 986 1934 1040; x_wconf 89' lang='lat' dir='ltr'><strong>nullatenus</strong></span> <span class='ocrx_word' id='word_1_60' title='bbox 1985 1002 2177 1052; x_wconf 88' lang='lat' dir='ltr'><strong>pecca-</strong></span> 
     </span>
    </p>
   </div>
   <div class='ocr_carea' id='block_1_12' title="bbox 606 1068 2177 1146">
    <p class='ocr_par' dir='ltr' id='par_1_12' title="bbox 606 1068 2177 1146">
     <span class='ocr_line' id='line_1_12' title="bbox 606 1068 2177 1146; baseline 0.004 -25"><span class='ocrx_word' id='word_1_61' title='bbox 606 1068 813 1146; x_wconf 68' lang='lat' dir='ltr'><strong>verint.</strong></span> <span class='ocrx_word' id='word_1_62' title='bbox 871 1068 928 1124; x_wconf 91' lang='lat' dir='ltr'><strong>Si</strong></span> <span class='ocrx_word' id='word_1_63' title='bbox 983 1070 1128 1123; x_wconf 89' lang='lat' dir='ltr'><strong>enim</strong></span> <span class='ocrx_word' id='word_1_64' title='bbox 1187 1086 1281 1125; x_wconf 86' lang='lat' dir='ltr'>eas</span> <span class='ocrx_word' id='word_1_65' title='bbox 1339 1071 1554 1141; x_wconf 86' lang='lat' dir='ltr'><strong>impleri</strong></span> <span class='ocrx_word' id='word_1_66' title='bbox 1610 1075 1919 1142; x_wconf 82' lang='lat' dir='ltr'><strong>oportebat,</strong></span> <span class='ocrx_word' id='word_1_67' title='bbox 1968 1075 2177 1145; x_wconf 90' lang='lat' dir='ltr'><strong>inquiet</strong></span> 
     </span>
    </p>
   </div>
   <div class='ocr_carea' id='block_1_13' title="bbox 602 1160 2177 1236">
    <p class='ocr_par' dir='ltr' id='par_1_13' title="bbox 602 1160 2177 1236">
     <span class='ocr_line' id='line_1_13' title="bbox 602 1160 2177 1236; baseline 0.006 -25"><span class='ocrx_word' id='word_1_68' title='bbox 602 1160 829 1228; x_wconf 87' lang='lat' dir='ltr'><strong>aliquis,</strong></span> <span class='ocrx_word' id='word_1_69' title='bbox 862 1167 919 1214; x_wconf 90' lang='lat' dir='ltr'>et</span> <span class='ocrx_word' id='word_1_70' title='bbox 963 1175 1060 1230; x_wconf 91' lang='lat' dir='ltr'>per</span> <span class='ocrx_word' id='word_1_71' title='bbox 1105 1161 1207 1216; x_wconf 89' lang='lat' dir='ltr'>hos</span> <span class='ocrx_word' id='word_1_72' title='bbox 1250 1162 1486 1231; x_wconf 64' lang='lat' dir='ltr'><strong>impletse</strong></span> <span class='ocrx_word' id='word_1_73' title='bbox 1520 1174 1670 1229; x_wconf 88' lang='lat' dir='ltr'><strong>sunt,</strong></span> <span class='ocrx_word' id='word_1_74' title='bbox 1722 1164 1802 1218; x_wconf 88' lang='lat' dir='ltr'><strong>illi</strong></span> <span class='ocrx_word' id='word_1_75' title='bbox 1841 1167 2033 1236; x_wconf 88' lang='lat' dir='ltr'><strong>utique</strong></span> <span class='ocrx_word' id='word_1_76' title='bbox 2080 1181 2177 1236; x_wconf 89' lang='lat' dir='ltr'>per</span> 
     </span>
    </p>
   </div>
   <div class='ocr_carea' id='block_1_14' title="bbox 602 1251 2174 1328">
    <p class='ocr_par' dir='ltr' id='par_1_14' title="bbox 602 1251 2174 1328">
     <span class='ocr_line' id='line_1_14' title="bbox 602 1251 2174 1328; baseline 0.005 -24"><span class='ocrx_word' id='word_1_77' title='bbox 602 1266 742 1320; x_wconf 89' lang='lat' dir='ltr'><strong>quos</strong></span> <span class='ocrx_word' id='word_1_78' title='bbox 782 1251 1021 1321; x_wconf 67' lang='lat' dir='ltr'><strong>impletae</strong></span> <span class='ocrx_word' id='word_1_79' title='bbox 1058 1260 1188 1308; x_wconf 91' lang='lat' dir='ltr'><strong>sunt</strong></span> <span class='ocrx_word' id='word_1_80' title='bbox 1232 1256 1381 1307; x_wconf 90' lang='lat' dir='ltr'><strong>omni</strong></span> <span class='ocrx_word' id='word_1_81' title='bbox 1419 1253 1579 1323; x_wconf 90' lang='lat' dir='ltr'><strong>culpa</strong></span> <span class='ocrx_word' id='word_1_82' title='bbox 1623 1258 1919 1310; x_wconf 88' lang='lat' dir='ltr'><strong>vacabunt.</strong></span> <span class='ocrx_word' id='word_1_83' title='bbox 1952 1258 2174 1328; x_wconf 83' lang='lat' dir='ltr'><strong>Alioqui</strong></span> 
     </span>
    </p>
   </div>
   <div class='ocr_carea' id='block_1_15' title="bbox 601 1340 2177 1416">
    <p class='ocr_par' dir='ltr' id='par_1_15' title="bbox 601 1340 2177 1416">
     <span class='ocr_line' id='line_1_15' title="bbox 601 1340 2177 1416; baseline 0.005 -22"><span class='ocrx_word' id='word_1_84' title='bbox 601 1340 789 1394; x_wconf 87' lang='lat' dir='ltr'><strong>divina</strong></span> <span class='ocrx_word' id='word_1_85' title='bbox 822 1342 939 1410; x_wconf 87' lang='lat' dir='ltr'><strong>ipsa</strong></span> <span class='ocrx_word' id='word_1_86' title='bbox 975 1340 1260 1412; x_wconf 85' lang='lat' dir='ltr'><strong>Scriptura</strong></span> <span class='ocrx_word' id='word_1_87' title='bbox 1311 1346 1521 1412; x_wconf 86' lang='lat' dir='ltr'><strong>peccati</strong></span> <span class='ocrx_word' id='word_1_88' title='bbox 1569 1344 1819 1399; x_wconf 85' lang='lat' dir='ltr'><strong>ministra</strong></span> <span class='ocrx_word' id='word_1_89' title='bbox 1847 1346 2018 1400; x_wconf 86' lang='lat' dir='ltr'><strong>videri</strong></span> <span class='ocrx_word' id='word_1_90' title='bbox 2050 1363 2177 1416; x_wconf 84' lang='lat' dir='ltr'><strong>pos-</strong></span> 
     </span>
    </p>
   </div>
   <div class='ocr_carea' id='block_1_16' title="bbox 599 1432 2174 1503">
    <p class='ocr_par' dir='ltr' id='par_1_16' title="bbox 599 1432 2174 1503">
     <span class='ocr_line' id='line_1_16' title="bbox 599 1432 2174 1503; baseline 0.004 -18"><span class='ocrx_word' id='word_1_91' title='bbox 599 1433 694 1495; x_wconf 87' lang='lat' dir='ltr'><strong>sit,</strong></span> <span class='ocrx_word' id='word_1_92' title='bbox 729 1433 897 1486; x_wconf 88' lang='lat' dir='ltr'><strong>veluti</strong></span> <span class='ocrx_word' id='word_1_93' title='bbox 937 1433 987 1486; x_wconf 86' lang='lat' dir='ltr'>vi</span> <span class='ocrx_word' id='word_1_94' title='bbox 1021 1432 1258 1503; x_wconf 84' lang='lat' dir='ltr'><strong>quadam</strong></span> <span class='ocrx_word' id='word_1_95' title='bbox 1291 1448 1356 1488; x_wconf 88' lang='lat' dir='ltr'>ac</span> <span class='ocrx_word' id='word_1_96' title='bbox 1402 1435 1734 1490; x_wconf 88' lang='lat' dir='ltr'><strong>necessitate</strong></span> <span class='ocrx_word' id='word_1_97' title='bbox 1764 1438 2063 1492; x_wconf 89' lang='lat' dir='ltr'><strong>nonnullos</strong></span> <span class='ocrx_word' id='word_1_98' title='bbox 2107 1438 2174 1491; x_wconf 80' lang='lat' dir='ltr'>ad</span> 
     </span>
    </p>
   </div>
   <div class='ocr_carea' id='block_1_17' title="bbox 598 1522 2173 1597">
    <p class='ocr_par' dir='ltr' id='par_1_17' title="bbox 598 1522 2173 1597">
     <span class='ocr_line' id='line_1_17' title="bbox 598 1522 2173 1597; baseline 0.004 -23"><span class='ocrx_word' id='word_1_99' title='bbox 598 1522 691 1575; x_wconf 89' lang='lat' dir='ltr'><strong>illa</strong></span> <span class='ocrx_word' id='word_1_100' title='bbox 738 1525 1064 1592; x_wconf 81' lang='lat' dir='ltr'><strong>pertraxerit</strong></span> <span class='ocrx_word' id='word_1_101' title='bbox 1100 1539 1222 1595; x_wconf 63' lang='lat' dir='ltr'><strong>quae</strong></span> <span class='ocrx_word' id='word_1_102' title='bbox 1250 1526 1457 1595; x_wconf 85' lang='lat' dir='ltr'><strong>scripta</strong></span> <span class='ocrx_word' id='word_1_103' title='bbox 1486 1536 1662 1591; x_wconf 88' lang='lat' dir='ltr'><strong>erant,</strong></span> <span class='ocrx_word' id='word_1_104' title='bbox 1692 1534 1750 1580; x_wconf 79' lang='lat' dir='ltr'>ut</span> <span class='ocrx_word' id='word_1_105' title='bbox 1789 1528 1932 1597; x_wconf 90' lang='lat' dir='ltr'><strong>quod</strong></span> <span class='ocrx_word' id='word_1_106' title='bbox 1972 1531 2173 1597; x_wconf 71' lang='lat' dir='ltr'><strong>praedi-</strong></span> 
     </span>
    </p>
   </div>
   <div class='ocr_carea' id='block_1_18' title="bbox 596 1617 2172 1685">
    <p class='ocr_par' dir='ltr' id='par_1_18' title="bbox 596 1617 2172 1685">
     <span class='ocr_line' id='line_1_18' title="bbox 596 1617 2172 1685; baseline 0.003 -17"><span class='ocrx_word' id='word_1_107' title='bbox 596 1625 747 1668; x_wconf 90' lang='lat' dir='ltr'><strong>ctum</strong></span> <span class='ocrx_word' id='word_1_108' title='bbox 784 1624 869 1671; x_wconf 89' lang='lat' dir='ltr'>est</span> <span class='ocrx_word' id='word_1_109' title='bbox 901 1617 1030 1670; x_wconf 90' lang='lat' dir='ltr'><strong>olim</strong></span> <span class='ocrx_word' id='word_1_110' title='bbox 1070 1619 1277 1671; x_wconf 80' lang='lat' dir='ltr'><strong>exitum</strong></span> <span class='ocrx_word' id='word_1_111' title='bbox 1304 1619 1522 1673; x_wconf 86' lang='lat' dir='ltr'><strong>tandem</strong></span> <span class='ocrx_word' id='word_1_112' title='bbox 1571 1620 1883 1674; x_wconf 85' lang='lat' dir='ltr'><strong>sortiretur.</strong></span> <span class='ocrx_word' id='word_1_113' title='bbox 1923 1619 2079 1685; x_wconf 84' lang='lat' dir='ltr'><strong>Quod</strong></span> <span class='ocrx_word' id='word_1_114' title='bbox 2125 1621 2172 1674; x_wconf 90' lang='lat' dir='ltr'>si</span> 
     </span>
    </p>
   </div>
   <div class='ocr_carea' id='block_1_19' title="bbox 598 1706 2172 1779">
    <p class='ocr_par' dir='ltr' id='par_1_19' title="bbox 598 1706 2172 1779">
     <span class='ocr_line' id='line_1_19' title="bbox 598 1706 2172 1779; baseline 0.003 -20"><span class='ocrx_word' id='word_1_115' title='bbox 598 1707 773 1770; x_wconf 86' lang='lat' dir='ltr'><strong>dicas,</strong></span> <span class='ocrx_word' id='word_1_116' title='bbox 806 1706 1027 1770; x_wconf 82' lang='lat' dir='ltr'><strong>summi,</strong></span> <span class='ocrx_word' id='word_1_117' title='bbox 1051 1707 1268 1776; x_wconf 88' lang='lat' dir='ltr'><strong>opinor,</strong></span> <span class='ocrx_word' id='word_1_118' title='bbox 1301 1706 1449 1761; x_wconf 89' lang='lat' dir='ltr'><strong>istud</strong></span> <span class='ocrx_word' id='word_1_119' title='bbox 1481 1715 1561 1762; x_wconf 90' lang='lat' dir='ltr'>est</span> <span class='ocrx_word' id='word_1_120' title='bbox 1595 1707 1793 1779; x_wconf 83' lang='lat' dir='ltr'><strong>piaculi</strong></span> <span class='ocrx_word' id='word_1_121' title='bbox 1821 1722 2012 1779; x_wconf 81' lang='lat' dir='ltr'><strong>genus.</strong></span> <span class='ocrx_word' id='word_1_122' title='bbox 2039 1708 2172 1773; x_wconf 87' lang='lat' dir='ltr'><strong>Quis</strong></span> 
     </span>
    </p>
   </div>
   <div class='ocr_carea' id='block_1_20' title="bbox 2280 538 3848 617">
    <p class='ocr_par' dir='ltr' id='par_1_20' title="bbox 2280 538 3848 617">
     <span class='ocr_line' id='line_1_20' title="bbox 2280 538 3848 617; baseline 0.006 -27"><span class='ocrx_word' id='word_1_123' title='bbox 2280 538 2336 591; x_wconf 87' lang='grc' dir='ltr'>δὲ</span> <span class='ocrx_word' id='word_1_124' title='bbox 2365 539 2505 592; x_wconf 88' lang='grc' dir='ltr'>κατά</span> <span class='ocrx_word' id='word_1_125' title='bbox 2530 540 2704 612; x_wconf 79' lang='grc' dir='ltr'>βραχὺ</span> <span class='ocrx_word' id='word_1_126' title='bbox 2733 543 3008 614; x_wconf 77' lang='grc' dir='ltr'>πειράζων</span> <span class='ocrx_word' id='word_1_127' title='bbox 3047 547 3075 598; x_wconf 86' lang='grc' dir='ltr'>ό</span> <span class='ocrx_word' id='word_1_128' title='bbox 3102 546 3345 608; x_wconf 77' lang='grc' dir='ltr'>Σατανᾶς</span> <span class='ocrx_word' id='word_1_129' title='bbox 3371 548 3493 608; x_wconf 84' lang='grc' dir='ltr'>ταῖς</span> <span class='ocrx_word' id='word_1_130' title='bbox 3523 547 3848 617; x_wconf 72' lang='grc' dir='ltr'>αἰσχροκερο</span> 
     </span>
    </p>
   </div>
   <div class='ocr_carea' id='block_1_21' title="bbox 2278 631 3850 709">
    <p class='ocr_par' dir='ltr' id='par_1_21' title="bbox 2278 631 3850 709">
     <span class='ocr_line' id='line_1_21' title="bbox 2278 631 3850 709; baseline 0.006 -26"><span class='ocrx_word' id='word_1_131' title='bbox 2278 631 2419 695; x_wconf 87' lang='grc' dir='ltr'>δίαις</span> <span class='ocrx_word' id='word_1_132' title='bbox 2449 634 2946 706; x_wconf 85' lang='grc' dir='ltr'>προσεχειρὼσατο,</span> <span class='ocrx_word' id='word_1_133' title='bbox 2974 637 3264 707; x_wconf 80' lang='grc' dir='ltr'>νικηθέντα</span> <span class='ocrx_word' id='word_1_134' title='bbox 3294 637 3372 709; x_wconf 85' lang='grc' dir='ltr'>τῷ</span> <span class='ocrx_word' id='word_1_135' title='bbox 3402 638 3565 691; x_wconf 84' lang='grc' dir='ltr'>πάθει</span> <span class='ocrx_word' id='word_1_136' title='bbox 3592 640 3688 692; x_wconf 78' lang='grc' dir='ltr'>καὶ</span> <span class='ocrx_word' id='word_1_137' title='bbox 3720 656 3850 709; x_wconf 86' lang='grc' dir='ltr'>προ-</span> 
     </span>
    </p>
   </div>
   <div class='ocr_carea' id='block_1_22' title="bbox 2277 723 3849 796">
    <p class='ocr_par' dir='ltr' id='par_1_22' title="bbox 2277 723 3849 796">
     <span class='ocr_line' id='line_1_22' title="bbox 2277 723 3849 796; baseline 0.003 -21"><span class='ocrx_word' id='word_1_138' title='bbox 2277 723 2436 794; x_wconf 85' lang='grc' dir='ltr'>δότην</span> <span class='ocrx_word' id='word_1_139' title='bbox 2466 725 2533 777; x_wconf 89' lang='grc' dir='ltr'>δι’</span> <span class='ocrx_word' id='word_1_140' title='bbox 2560 727 2691 779; x_wconf 76' lang='grc' dir='ltr'>αὐτὸ</span> <span class='ocrx_word' id='word_1_141' title='bbox 2723 728 2984 796; x_wconf 85' lang='grc' dir='ltr'>γεγονότα</span> <span class='ocrx_word' id='word_1_142' title='bbox 3022 728 3205 781; x_wconf 81' lang='grc' dir='ltr'>λοιπὸν</span> <span class='ocrx_word' id='word_1_143' title='bbox 3228 729 3533 784; x_wconf 82' lang='grc' dir='ltr'>ἀπεώσατο.</span> <span class='ocrx_word' id='word_1_144' title='bbox 3568 729 3737 784; x_wconf 82' lang='grc' dir='ltr'>Οὐδὲν</span> <span class='ocrx_word' id='word_1_145' title='bbox 3759 726 3849 784; x_wconf 84' lang='grc' dir='ltr'>οῦν</span> 
     </span>
    </p>
   </div>
   <div class='ocr_carea' id='block_1_23' title="bbox 2276 814 3849 892">
    <p class='ocr_par' dir='ltr' id='par_1_23' title="bbox 2276 814 3849 892">
     <span class='ocr_line' id='line_1_23' title="bbox 2276 814 3849 892; baseline 0.004 -25"><span class='ocrx_word' id='word_1_146' title='bbox 2276 814 2386 885; x_wconf 83' lang='grc' dir='ltr'>ἀρα</span> <span class='ocrx_word' id='word_1_147' title='bbox 2414 816 2549 887; x_wconf 83' lang='grc' dir='ltr'>πρὸς</span> <span class='ocrx_word' id='word_1_148' title='bbox 2579 817 2669 870; x_wconf 81' lang='grc' dir='ltr'>τὸν</span> <span class='ocrx_word' id='word_1_149' title='bbox 2704 817 3221 889; x_wconf 54' lang='grc' dir='ltr'>ἐπιλεξάμενονῘΗν</span> <span class='ocrx_word' id='word_1_150' title='bbox 3240 820 3348 892; x_wconf 90' lang='grc' dir='ltr'>γάρ</span> <span class='ocrx_word' id='word_1_151' title='bbox 3378 822 3435 874; x_wconf 82' lang='grc' dir='ltr'>ἐν</span> <span class='ocrx_word' id='word_1_152' title='bbox 3466 819 3659 890; x_wconf 80' lang='grc' dir='ltr'>ἐκείνῳ</span> <span class='ocrx_word' id='word_1_153' title='bbox 3678 820 3740 873; x_wconf 81' lang='grc' dir='ltr'>τὸ</span> <span class='ocrx_word' id='word_1_154' title='bbox 3760 820 3849 873; x_wconf 69' lang='grc' dir='ltr'>δύο</span> 
     </span>
    </p>
   </div>
   <div class='ocr_carea' id='block_1_24' title="bbox 2277 907 3845 983">
    <p class='ocr_par' dir='ltr' id='par_1_24' title="bbox 2277 907 3845 983">
     <span class='ocr_line' id='line_1_24' title="bbox 2277 907 3845 983; baseline 0.001 -22"><span class='ocrx_word' id='word_1_155' title='bbox 2277 907 2473 961; x_wconf 87' lang='grc' dir='ltr'>νασθαι</span> <span class='ocrx_word' id='word_1_156' title='bbox 2505 908 2579 980; x_wconf 83' lang='grc' dir='ltr'>μὴ</span> <span class='ocrx_word' id='word_1_157' title='bbox 2605 910 2902 975; x_wconf 85' lang='grc' dir='ltr'>διαπεσεῖν,</span> <span class='ocrx_word' id='word_1_158' title='bbox 2934 912 3170 983; x_wconf 78' lang='grc' dir='ltr'>ἑλομένῳ</span> <span class='ocrx_word' id='word_1_159' title='bbox 3196 912 3437 982; x_wconf 84' lang='grc' dir='ltr'>δηλονότι</span> <span class='ocrx_word' id='word_1_160' title='bbox 3468 913 3536 965; x_wconf 89' lang='grc' dir='ltr'>τά</span> <span class='ocrx_word' id='word_1_161' title='bbox 3568 911 3845 982; x_wconf 81' lang='grc' dir='ltr'>πρεπωδέ-</span> 
     </span>
    </p>
   </div>
   <div class='ocr_carea' id='block_1_25' title="bbox 2277 998 3848 1070">
    <p class='ocr_par' dir='ltr' id='par_1_25' title="bbox 2277 998 3848 1070">
     <span class='ocr_line' id='line_1_25' title="bbox 2277 998 3848 1070; baseline 0 -20"><span class='ocrx_word' id='word_1_162' title='bbox 2277 1015 2465 1068; x_wconf 88' lang='grc' dir='ltr'>στερα,</span> <span class='ocrx_word' id='word_1_163' title='bbox 2493 999 2621 1070; x_wconf 83' lang='grc' dir='ltr'>ὃλην</span> <span class='ocrx_word' id='word_1_164' title='bbox 2653 1016 2712 1052; x_wconf 89' lang='grc' dir='ltr'>τε</span> <span class='ocrx_word' id='word_1_165' title='bbox 2744 1000 2842 1070; x_wconf 85' lang='grc' dir='ltr'>τὴν</span> <span class='ocrx_word' id='word_1_166' title='bbox 2873 999 3005 1053; x_wconf 81' lang='grc' dir='ltr'>ἰδίαν</span> <span class='ocrx_word' id='word_1_167' title='bbox 3038 1001 3374 1070; x_wconf 87' lang='grc' dir='ltr'>μετατιθέντι</span> <span class='ocrx_word' id='word_1_168' title='bbox 3407 1001 3649 1055; x_wconf 81' lang='grc' dir='ltr'>διάνοιαν</span> <span class='ocrx_word' id='word_1_169' title='bbox 3678 1000 3759 1062; x_wconf 83' lang='grc' dir='ltr'>είς</span> <span class='ocrx_word' id='word_1_170' title='bbox 3786 998 3848 1051; x_wconf 85' lang='grc' dir='ltr'>τὸ</span> 
     </span>
    </p>
   </div>
   <div class='ocr_carea' id='block_1_26' title="bbox 2275 1089 3845 1161">
    <p class='ocr_par' dir='ltr' id='par_1_26' title="bbox 2275 1089 3845 1161">
     <span class='ocr_line' id='line_1_26' title="bbox 2275 1089 3845 1161; baseline -0.001 -18"><span class='ocrx_word' id='word_1_171' title='bbox 2275 1090 2472 1160; x_wconf 82' lang='grc' dir='ltr'>χρῆναι</span> <span class='ocrx_word' id='word_1_172' title='bbox 2493 1090 2728 1160; x_wconf 86' lang='grc' dir='ltr'>γνησίως</span> <span class='ocrx_word' id='word_1_173' title='bbox 2750 1091 3110 1161; x_wconf 81' lang='grc' dir='ltr'>ἀκολουθῆσαι</span> <span class='ocrx_word' id='word_1_174' title='bbox 3155 1091 3394 1161; x_wconf 82' lang='grc' dir='ltr'>Χριστῷ.</span> <span class='ocrx_word' id='word_1_175' title='bbox 3431 1092 3526 1154; x_wconf 71' lang='lat' dir='ltr'><strong>Ei;</strong></span> <span class='ocrx_word' id='word_1_176' title='bbox 3552 1091 3610 1143; x_wconf 84' lang='grc' dir='ltr'>δέ</span> <span class='ocrx_word' id='word_1_177' title='bbox 3637 1107 3701 1159; x_wconf 90' lang='grc' dir='ltr'>γε</span> <span class='ocrx_word' id='word_1_178' title='bbox 3736 1089 3845 1142; x_wconf 84' lang='grc' dir='ltr'>τῶν</span> 
     </span>
    </p>
   </div>
   <div class='ocr_carea' id='block_1_27' title="bbox 2275 1181 3846 1254">
    <p class='ocr_par' dir='ltr' id='par_1_27' title="bbox 2275 1181 3846 1254">
     <span class='ocr_line' id='line_1_27' title="bbox 2275 1181 3846 1254; baseline 0.001 -21"><span class='ocrx_word' id='word_1_179' title='bbox 2275 1182 2651 1251; x_wconf 82' lang='grc' dir='ltr'>προκειμένων</span> <span class='ocrx_word' id='word_1_180' title='bbox 2696 1181 2760 1234; x_wconf 74' lang='grc' dir='ltr'>τὸ</span> <span class='ocrx_word' id='word_1_181' title='bbox 2808 1182 2992 1254; x_wconf 75' lang='grc' dir='ltr'>ἕτερον</span> <span class='ocrx_word' id='word_1_182' title='bbox 3033 1183 3208 1235; x_wconf 83' lang='grc' dir='ltr'>ἐκεῖνό</span> <span class='ocrx_word' id='word_1_183' title='bbox 3242 1200 3438 1253; x_wconf 83' lang='grc' dir='ltr'>φαμεν.</span> <span class='ocrx_word' id='word_1_184' title='bbox 3487 1185 3579 1252; x_wconf 83' lang='grc' dir='ltr'><strong>Μὴ</strong></span> <span class='ocrx_word' id='word_1_185' title='bbox 3619 1184 3729 1253; x_wconf 90' lang='grc' dir='ltr'>γάρ</span> <span class='ocrx_word' id='word_1_186' title='bbox 3759 1200 3846 1247; x_wconf 83' lang='grc' dir='ltr'>τις</span> 
     </span>
    </p>
   </div>
   <div class='ocr_carea' id='block_1_28' title="bbox 2274 1272 3843 1342">
    <p class='ocr_par' dir='ltr' id='par_1_28' title="bbox 2274 1272 3843 1342">
     <span class='ocr_line' id='line_1_28' title="bbox 2274 1272 3843 1342; baseline 0.001 -18"><span class='ocrx_word' id='word_1_187' title='bbox 2274 1273 2486 1339; x_wconf 81' lang='grc' dir='ltr'>οἰέσθω,</span> <span class='ocrx_word' id='word_1_188' title='bbox 2507 1272 2648 1325; x_wconf 90' lang='grc' dir='ltr'>κατά</span> <span class='ocrx_word' id='word_1_189' title='bbox 2670 1274 2767 1342; x_wconf 81' lang='grc' dir='ltr'>τήν</span> <span class='ocrx_word' id='word_1_190' title='bbox 2794 1289 2956 1325; x_wconf 90' lang='grc' dir='ltr'>τινων</span> <span class='ocrx_word' id='word_1_191' title='bbox 2988 1274 3260 1339; x_wconf 87' lang='grc' dir='ltr'>ἀϐουλίαν,</span> <span class='ocrx_word' id='word_1_192' title='bbox 3294 1275 3381 1328; x_wconf 83' lang='grc' dir='ltr'>διὰ</span> <span class='ocrx_word' id='word_1_193' title='bbox 3409 1274 3566 1328; x_wconf 88' lang='grc' dir='ltr'>τοῦτο</span> <span class='ocrx_word' id='word_1_194' title='bbox 3595 1274 3843 1342; x_wconf 82' lang='grc' dir='ltr'>διεξάγε-</span> 
     </span>
    </p>
   </div>
   <div class='ocr_carea' id='block_1_29' title="bbox 2276 1360 3843 1435">
    <p class='ocr_par' dir='ltr' id='par_1_29' title="bbox 2276 1360 3843 1435">
     <span class='ocr_line' id='line_1_29' title="bbox 2276 1360 3843 1435; baseline 0.003 -22"><span class='ocrx_word' id='word_1_195' title='bbox 2276 1360 2399 1414; x_wconf 83' lang='grc' dir='ltr'>σθαι</span> <span class='ocrx_word' id='word_1_196' title='bbox 2429 1362 2564 1431; x_wconf 74' lang='grc' dir='ltr'>πρὸς</span> <span class='ocrx_word' id='word_1_197' title='bbox 2599 1363 2771 1430; x_wconf 87' lang='grc' dir='ltr'>πέρας</span> <span class='ocrx_word' id='word_1_198' title='bbox 2817 1364 2885 1416; x_wconf 83' lang='grc' dir='ltr'>τὰ</span> <span class='ocrx_word' id='word_1_199' title='bbox 2914 1363 3050 1433; x_wconf 81' lang='grc' dir='ltr'>ἔργα</span> <span class='ocrx_word' id='word_1_200' title='bbox 3102 1365 3170 1417; x_wconf 86' lang='grc' dir='ltr'>τά</span> <span class='ocrx_word' id='word_1_201' title='bbox 3211 1365 3717 1435; x_wconf 79' lang='grc' dir='ltr'>κεχρησμῳδημένα</span> <span class='ocrx_word' id='word_1_202' title='bbox 3754 1364 3843 1418; x_wconf 73' lang='grc' dir='ltr'>διὰ</span> 
     </span>
    </p>
   </div>
   <div class='ocr_carea' id='block_1_30' title="bbox 2273 1453 3841 1526">
    <p class='ocr_par' dir='ltr' id='par_1_30' title="bbox 2273 1453 3841 1526">
     <span class='ocr_line' id='line_1_30' title="bbox 2273 1453 3841 1526; baseline 0.003 -22"><span class='ocrx_word' id='word_1_203' title='bbox 2273 1453 2379 1506; x_wconf 84' lang='grc' dir='ltr'>τῶν</span> <span class='ocrx_word' id='word_1_204' title='bbox 2407 1454 2578 1521; x_wconf 83' lang='grc' dir='ltr'>ἁγίων</span> <span class='ocrx_word' id='word_1_205' title='bbox 2608 1454 2920 1524; x_wconf 81' lang='grc' dir='ltr'>προφητῶν,</span> <span class='ocrx_word' id='word_1_206' title='bbox 2952 1456 3037 1508; x_wconf 82' lang='grc' dir='ltr'>ἵνα</span> <span class='ocrx_word' id='word_1_207' title='bbox 3066 1455 3403 1525; x_wconf 87' lang='grc' dir='ltr'>πληρωθεῖεν</span> <span class='ocrx_word' id='word_1_208' title='bbox 3439 1458 3493 1509; x_wconf 72' lang='grc' dir='ltr'>αἱ</span> <span class='ocrx_word' id='word_1_209' title='bbox 3523 1456 3754 1526; x_wconf 85' lang='grc' dir='ltr'>Γραφαί.</span> <span class='ocrx_word' id='word_1_210' title='bbox 3780 1458 3841 1509; x_wconf 77' lang='grc' dir='ltr'>Εἰ</span> 
     </span>
    </p>
   </div>
   <div class='ocr_carea' id='block_1_31' title="bbox 2272 1544 3843 1616">
    <p class='ocr_par' dir='ltr' id='par_1_31' title="bbox 2272 1544 3843 1616">
     <span class='ocr_line' id='line_1_31' title="bbox 2272 1544 3843 1616; baseline 0.004 -21"><span class='ocrx_word' id='word_1_211' title='bbox 2272 1544 2381 1615; x_wconf 75' lang='grc' dir='ltr'>γὰρ</span> <span class='ocrx_word' id='word_1_212' title='bbox 2413 1544 2570 1598; x_wconf 84' lang='grc' dir='ltr'>τοῦτό</span> <span class='ocrx_word' id='word_1_213' title='bbox 2598 1546 2744 1598; x_wconf 86' lang='grc' dir='ltr'>ἐστιν</span> <span class='ocrx_word' id='word_1_214' title='bbox 2767 1544 2984 1616; x_wconf 83' lang='grc' dir='ltr'>ἀληθὲς,</span> <span class='ocrx_word' id='word_1_215' title='bbox 3026 1546 3176 1600; x_wconf 82' lang='grc' dir='ltr'>οὐδὲν</span> <span class='ocrx_word' id='word_1_216' title='bbox 3209 1547 3343 1610; x_wconf 84' lang='grc' dir='ltr'>ὅλως</span> <span class='ocrx_word' id='word_1_217' title='bbox 3373 1546 3698 1601; x_wconf 78' lang='grc' dir='ltr'>διακωλύσει</span> <span class='ocrx_word' id='word_1_218' title='bbox 3718 1551 3843 1612; x_wconf 74' lang='grc' dir='ltr'>τοὺς</span> 
     </span>
    </p>
   </div>
   <div class='ocr_carea' id='block_1_32' title="bbox 2271 1638 3839 1710">
    <p class='ocr_par' dir='ltr' id='par_1_32' title="bbox 2271 1638 3839 1710">
     <span class='ocr_line' id='line_1_32' title="bbox 2271 1638 3839 1710; baseline -0.001 -20"><span class='ocrx_word' id='word_1_219' title='bbox 2271 1641 2382 1701; x_wconf 91' lang='grc' dir='ltr'>τοῖς</span> <span class='ocrx_word' id='word_1_220' title='bbox 2430 1638 2834 1709; x_wconf 84' lang='grc' dir='ltr'>γεγραμμένοις</span> <span class='ocrx_word' id='word_1_221' title='bbox 2877 1638 3188 1707; x_wconf 82' lang='grc' dir='ltr'>ἀναγκαίως</span> <span class='ocrx_word' id='word_1_222' title='bbox 3242 1638 3713 1710; x_wconf 80' lang='grc' dir='ltr'>ὑπηρετήσαντας,</span> <span class='ocrx_word' id='word_1_223' title='bbox 3740 1639 3839 1690; x_wconf 79' lang='grc' dir='ltr'>οὐκ</span> 
     </span>
    </p>
   </div>
   <div class='ocr_carea' id='block_1_33' title="bbox 2273 1729 3836 1802">
    <p class='ocr_par' dir='ltr' id='par_1_33' title="bbox 2273 1729 3836 1802">
     <span class='ocr_line' id='line_1_33' title="bbox 2273 1729 3836 1802; baseline 0.001 -20"><span class='ocrx_word' id='word_1_224' title='bbox 2273 1730 2678 1801; x_wconf 67' lang='grc' dir='ltr'>ἀπροφάσιστον</span> <span class='ocrx_word' id='word_1_225' title='bbox 2723 1729 2867 1799; x_wconf 76' lang='grc' dir='ltr'>ἔχειν</span> <span class='ocrx_word' id='word_1_226' title='bbox 2894 1729 2991 1801; x_wconf 77' lang='grc' dir='ltr'>τὴν</span> <span class='ocrx_word' id='word_1_227' title='bbox 3029 1730 3321 1802; x_wconf 88' lang='grc' dir='ltr'>ἁμαρτίαν,</span> <span class='ocrx_word' id='word_1_228' title='bbox 3359 1731 3558 1800; x_wconf 82' lang='grc' dir='ltr'>μᾶλλον</span> <span class='ocrx_word' id='word_1_229' title='bbox 3593 1730 3651 1783; x_wconf 82' lang='grc' dir='ltr'>δὲ</span> <span class='ocrx_word' id='word_1_230' title='bbox 3679 1730 3836 1783; x_wconf 74' lang='grc' dir='ltr'>οὐδα-</span> 
     </span>
    </p>
   </div>
   <div class='ocr_carea' id='block_1_34' title="bbox 598 1796 2162 1891">
    <p class='ocr_par' dir='ltr' id='par_1_34' title="bbox 598 1796 2162 1869">
     <span class='ocr_line' id='line_1_34' title="bbox 598 1796 2162 1869; baseline 0.001 -19"><span class='ocrx_word' id='word_1_231' title='bbox 598 1796 744 1850; x_wconf 87' lang='lat' dir='ltr'><strong>cnim</strong></span> <span class='ocrx_word' id='word_1_232' title='bbox 771 1796 907 1850; x_wconf 87' lang='lat' dir='ltr'><strong>adeo</strong></span> <span class='ocrx_word' id='word_1_233' title='bbox 938 1796 1171 1852; x_wconf 86' lang='lat' dir='ltr'><strong>rationis</strong></span> <span class='ocrx_word' id='word_1_234' title='bbox 1223 1804 1278 1851; x_wconf 91' lang='lat' dir='ltr'>et</span> <span class='ocrx_word' id='word_1_235' title='bbox 1311 1797 1513 1853; x_wconf 89' lang='lat' dir='ltr'><strong>mentis</strong></span> <span class='ocrx_word' id='word_1_236' title='bbox 1545 1799 1703 1869; x_wconf 89' lang='lat' dir='ltr'><strong>inops</strong></span> <span class='ocrx_word' id='word_1_237' title='bbox 1753 1799 1882 1863; x_wconf 89' lang='lat' dir='ltr'><strong>erit,</strong></span> <span class='ocrx_word' id='word_1_238' title='bbox 1906 1807 1966 1852; x_wconf 92' lang='lat' dir='ltr'>ut</span> <span class='ocrx_word' id='word_1_239' title='bbox 1998 1800 2162 1855; x_wconf 83' lang='lat' dir='ltr'><strong>sancti</strong></span> 
     </span>
    </p>
   </div>
   <div class='ocr_carea' id='block_1_35' title="bbox 2261 1796 3835 1891">
    <p class='ocr_par' dir='ltr' id='par_1_35' title="bbox 2276 1796 3835 1891">
     <span class='ocr_line' id='line_1_35' title="bbox 2276 1796 3835 1891; baseline -0.002 -18"><span class='ocrx_word' id='word_1_240' title='bbox 2276 1796 2393 1891; x_wconf 60' lang='grc' dir='ltr'>μιῦς</span> <span class='ocrx_word' id='word_1_241' title='bbox 2433 1796 2979 1891; x_wconf 72' lang='grc' dir='ltr'>πεπλημμεληκέναι.</span> <span class='ocrx_word' id='word_1_242' title='bbox 3138 1796 3245 1891; x_wconf 80' lang='grc' dir='ltr'>γάρ</span> <span class='ocrx_word' id='word_1_243' title='bbox 3301 1796 3407 1873; x_wconf 76' lang='grc' dir='ltr'>ἔδει</span> <span class='ocrx_word' id='word_1_244' title='bbox 3456 1818 3835 1890; x_wconf 82' lang='grc' dir='ltr'>πληρωθῆναι,</span> 
     </span>
    </p>
   </div>
   <div class='ocr_carea' id='block_1_36' title="bbox 599 1897 2169 1972">
    <p class='ocr_par' dir='ltr' id='par_1_36' title="bbox 599 1897 2169 1972">
     <span class='ocr_line' id='line_1_36' title="bbox 599 1897 2169 1972; baseline 0.003 -20"><span class='ocrx_word' id='word_1_245' title='bbox 599 1897 758 1968; x_wconf 80' lang='lat'>732</span> <span class='ocrx_word' id='word_1_246' title='bbox 786 1898 1024 1969; x_wconf 87' lang='lat' dir='ltr'><strong>Spiritus</strong></span> <span class='ocrx_word' id='word_1_247' title='bbox 1050 1915 1354 1955; x_wconf 87' lang='lat' dir='ltr'><strong>sermonem</strong></span> <span class='ocrx_word' id='word_1_248' title='bbox 1380 1900 1658 1955; x_wconf 79' lang='lat' dir='ltr'><strong>existimet</strong></span> <span class='ocrx_word' id='word_1_249' title='bbox 1683 1901 1938 1972; x_wconf 90' lang='lat' dir='ltr'><strong>cuiquam</strong></span> <span class='ocrx_word' id='word_1_250' title='bbox 1963 1904 2169 1971; x_wconf 88' lang='lat' dir='ltr'><strong>peccati</strong></span> 
     </span>
    </p>
   </div>
   <div class='ocr_carea' id='block_1_37' title="bbox 594 1989 2168 2062">
    <p class='ocr_par' dir='ltr' id='par_1_37' title="bbox 594 1989 2168 2062">
     <span class='ocr_line' id='line_1_37' title="bbox 594 1989 2168 2062; baseline 0.003 -20"><span class='ocrx_word' id='word_1_251' title='bbox 594 1989 768 2044; x_wconf 80' lang='lat' dir='ltr'><strong>fuisse</strong></span> <span class='ocrx_word' id='word_1_252' title='bbox 815 1991 1130 2059; x_wconf 87' lang='lat' dir='ltr'><strong>pararium?</strong></span> <span class='ocrx_word' id='word_1_253' title='bbox 1156 1989 1499 2061; x_wconf 82' lang='lat' dir='ltr'><strong>Quapropter</strong></span> <span class='ocrx_word' id='word_1_254' title='bbox 1537 2006 1879 2062; x_wconf 85' lang='lat' dir='ltr'><strong>nequaquam</strong></span> <span class='ocrx_word' id='word_1_255' title='bbox 1916 1993 1988 2047; x_wconf 91' lang='lat' dir='ltr'>ob</span> <span class='ocrx_word' id='word_1_256' title='bbox 2010 1994 2168 2047; x_wconf 86' lang='lat' dir='ltr'><strong>istam</strong></span> 
     </span>
    </p>
   </div>
   <div class='ocr_carea' id='block_1_38' title="bbox 591 2079 2171 2152">
    <p class='ocr_par' dir='ltr' id='par_1_38' title="bbox 591 2079 2171 2152">
     <span class='ocr_line' id='line_1_38' title="bbox 591 2079 2171 2152; baseline 0.002 -20"><span class='ocrx_word' id='word_1_257' title='bbox 591 2090 813 2134; x_wconf 86' lang='lat' dir='ltr'><strong>causam</strong></span> <span class='ocrx_word' id='word_1_258' title='bbox 842 2079 1119 2135; x_wconf 86' lang='lat' dir='ltr'><strong>credimus</strong></span> <span class='ocrx_word' id='word_1_259' title='bbox 1144 2080 1284 2134; x_wconf 80' lang='lat' dir='ltr'><strong>facta</strong></span> <span class='ocrx_word' id='word_1_260' title='bbox 1308 2096 1433 2136; x_wconf 88' lang='lat' dir='ltr'><strong>esse</strong></span> <span class='ocrx_word' id='word_1_261' title='bbox 1463 2080 1531 2135; x_wconf 89' lang='lat' dir='ltr'>ab</span> <span class='ocrx_word' id='word_1_262' title='bbox 1555 2082 1830 2151; x_wconf 85' lang='lat' dir='ltr'><strong>aliquibus</strong></span> <span class='ocrx_word' id='word_1_263' title='bbox 1854 2096 2040 2152; x_wconf 84' lang='lat' dir='ltr'><strong>opera,</strong></span> <span class='ocrx_word' id='word_1_264' title='bbox 2113 2091 2171 2136; x_wconf 90' lang='lat' dir='ltr'>ut</span> 
     </span>
    </p>
   </div>
   <div class='ocr_carea' id='block_1_39' title="bbox 589 2170 2169 2241">
    <p class='ocr_par' dir='ltr' id='par_1_39' title="bbox 589 2170 2169 2241">
     <span class='ocr_line' id='line_1_39' title="bbox 589 2170 2169 2241; baseline 0.001 -18"><span class='ocrx_word' id='word_1_265' title='bbox 589 2170 1025 2240; x_wconf 65' lang='lat' dir='ltr'><strong>adimpler‘entur</strong></span> <span class='ocrx_word' id='word_1_266' title='bbox 1057 2170 1354 2241; x_wconf 70' lang='lat' dir='ltr'><strong>Scripturaa</strong></span> <span class='ocrx_word' id='word_1_267' title='bbox 1395 2190 1408 2225; x_wconf 88' lang='lat'><strong>:</strong></span> <span class='ocrx_word' id='word_1_268' title='bbox 1443 2170 1536 2225; x_wconf 89' lang='lat' dir='ltr'>sed</span> <span class='ocrx_word' id='word_1_269' title='bbox 1563 2170 1825 2239; x_wconf 83' lang='lat' dir='ltr'><strong>Spiritum</strong></span> <span class='ocrx_word' id='word_1_270' title='bbox 1861 2186 2047 2225; x_wconf 88' lang='lat' dir='ltr'><strong>rerum</strong></span> <span class='ocrx_word' id='word_1_271' title='bbox 2090 2171 2169 2224; x_wconf 89' lang='lat' dir='ltr'><strong>l&#39;u-</strong></span> 
     </span>
    </p>
   </div>
   <div class='ocr_carea' id='block_1_40' title="bbox 590 2263 2165 2333">
    <p class='ocr_par' dir='ltr' id='par_1_40' title="bbox 590 2263 2165 2333">
     <span class='ocr_line' id='line_1_40' title="bbox 590 2263 2165 2333; baseline -0.001 -17"><span class='ocrx_word' id='word_1_272' title='bbox 590 2273 836 2316; x_wconf 86' lang='lat' dir='ltr'><strong>turarum</strong></span> <span class='ocrx_word' id='word_1_273' title='bbox 864 2264 1151 2332; x_wconf 79' lang='lat' dir='ltr'><strong>praescium</strong></span> <span class='ocrx_word' id='word_1_274' title='bbox 1170 2279 1262 2318; x_wconf 90' lang='lat' dir='ltr'>eas</span> <span class='ocrx_word' id='word_1_275' title='bbox 1281 2263 1619 2333; x_wconf 65' lang='lat' dir='ltr'><strong>praedixisse,</strong></span> <span class='ocrx_word' id='word_1_276' title='bbox 1637 2271 1696 2317; x_wconf 93' lang='lat' dir='ltr'>ut</span> <span class='ocrx_word' id='word_1_277' title='bbox 1713 2278 1837 2317; x_wconf 90' lang='lat' dir='ltr'>cum</span> <span class='ocrx_word' id='word_1_278' title='bbox 1856 2263 2165 2329; x_wconf 80' lang='lat' dir='ltr'><strong>evenerint,</strong></span> 
     </span>
    </p>
   </div>
   <div class='ocr_carea' id='block_1_41' title="bbox 590 2355 2166 2425">
    <p class='ocr_par' dir='ltr' id='par_1_41' title="bbox 590 2355 2166 2425">
     <span class='ocr_line' id='line_1_41' title="bbox 590 2355 2166 2425; baseline 0.004 -21"><span class='ocrx_word' id='word_1_279' title='bbox 590 2358 789 2424; x_wconf 77' lang='lat' dir='ltr'><strong>pignus</strong></span> <span class='ocrx_word' id='word_1_280' title='bbox 812 2355 933 2409; x_wconf 83' lang='lat' dir='ltr'><strong>ﬁdei</strong></span> <span class='ocrx_word' id='word_1_281' title='bbox 958 2356 1362 2425; x_wconf 62' lang='lat' dir='ltr'><strong>praedictionem</strong></span> <span class='ocrx_word' id='word_1_282' title='bbox 1386 2356 1651 2410; x_wconf 85' lang='lat' dir='ltr'><strong>habentes</strong></span> <span class='ocrx_word' id='word_1_283' title='bbox 1671 2356 1822 2409; x_wconf 90' lang='lat' dir='ltr'><strong>illam</strong></span> <span class='ocrx_word' id='word_1_284' title='bbox 1843 2356 1909 2410; x_wconf 91' lang='lat' dir='ltr'>de</span> <span class='ocrx_word' id='word_1_285' title='bbox 1924 2370 2034 2425; x_wconf 91' lang='lat' dir='ltr'>quo</span> <span class='ocrx_word' id='word_1_286' title='bbox 2051 2357 2166 2410; x_wconf 62' lang='lat' dir='ltr'>hac</span> 
     </span>
    </p>
   </div>
   <div class='ocr_carea' id='block_1_42' title="bbox 593 2444 2166 2516">
    <p class='ocr_par' dir='ltr' id='par_1_42' title="bbox 593 2444 2166 2516">
     <span class='ocr_line' id='line_1_42' title="bbox 593 2444 2166 2516; baseline 0.002 -20"><span class='ocrx_word' id='word_1_287' title='bbox 593 2444 799 2512; x_wconf 87' lang='lat' dir='ltr'><strong>scripta</strong></span> <span class='ocrx_word' id='word_1_288' title='bbox 828 2452 984 2509; x_wconf 90' lang='lat' dir='ltr'><strong>sunt,</strong></span> <span class='ocrx_word' id='word_1_289' title='bbox 1005 2457 1158 2499; x_wconf 86' lang='lat' dir='ltr'><strong>certo</strong></span> <span class='ocrx_word' id='word_1_290' title='bbox 1185 2445 1406 2499; x_wconf 89' lang='lat' dir='ltr'><strong>demum</strong></span> <span class='ocrx_word' id='word_1_291' title='bbox 1432 2454 1486 2499; x_wconf 89' lang='lat' dir='ltr'>et</span> <span class='ocrx_word' id='word_1_292' title='bbox 1521 2446 1834 2500; x_wconf 84' lang='lat' dir='ltr'><strong>indubitate</strong></span> <span class='ocrx_word' id='word_1_293' title='bbox 1861 2462 2166 2516; x_wconf 88' lang='lat' dir='ltr'><strong>cognosca-</strong></span> 
     </span>
    </p>
   </div>
   <div class='ocr_carea' id='block_1_43' title="bbox 592 2534 2166 2594">
    <p class='ocr_par' dir='ltr' id='par_1_43' title="bbox 592 2534 2166 2594">
     <span class='ocr_line' id='line_1_43' title="bbox 592 2534 2166 2594; baseline 0.006 -9"><span class='ocrx_word' id='word_1_294' title='bbox 592 2549 741 2587; x_wconf 85' lang='lat' dir='ltr'><strong>mus.</strong></span> <span class='ocrx_word' id='word_1_295' title='bbox 787 2535 893 2588; x_wconf 83' lang='lat' dir='ltr'>Sed</span> <span class='ocrx_word' id='word_1_296' title='bbox 928 2549 1054 2588; x_wconf 88' lang='lat' dir='ltr'>cum</span> <span class='ocrx_word' id='word_1_297' title='bbox 1104 2534 1160 2589; x_wconf 92' lang='lat' dir='ltr'>in</span> <span class='ocrx_word' id='word_1_298' title='bbox 1196 2536 1370 2589; x_wconf 90' lang='lat' dir='ltr'><strong>altero</strong></span> <span class='ocrx_word' id='word_1_299' title='bbox 1417 2536 1562 2590; x_wconf 92' lang='lat' dir='ltr'><strong>libro</strong></span> <span class='ocrx_word' id='word_1_300' title='bbox 1592 2536 1661 2590; x_wconf 91' lang='lat' dir='ltr'>de</span> <span class='ocrx_word' id='word_1_301' title='bbox 1712 2537 1799 2591; x_wconf 90' lang='lat' dir='ltr'>his</span> <span class='ocrx_word' id='word_1_302' title='bbox 1845 2537 1967 2594; x_wconf 82' lang='lat' dir='ltr'><strong>fuse</strong></span> <span class='ocrx_word' id='word_1_303' title='bbox 2005 2539 2166 2594; x_wconf 88' lang='lat' dir='ltr'><strong>nobis</strong></span> 
     </span>
    </p>
   </div>
   <div class='ocr_carea' id='block_1_44' title="bbox 589 2624 2162 2695">
    <p class='ocr_par' dir='ltr' id='par_1_44' title="bbox 589 2624 2162 2695">
     <span class='ocr_line' id='line_1_44' title="bbox 589 2624 2162 2695; baseline 0.002 -17"><span class='ocrx_word' id='word_1_304' title='bbox 589 2624 936 2693; x_wconf 77' lang='lat' dir='ltr'><strong>disputatum</strong></span> <span class='ocrx_word' id='word_1_305' title='bbox 960 2624 1055 2690; x_wconf 89' lang='lat' dir='ltr'><strong>sit,</strong></span> <span class='ocrx_word' id='word_1_306' title='bbox 1081 2626 1268 2679; x_wconf 87' lang='lat' dir='ltr'><strong>eadem</strong></span> <span class='ocrx_word' id='word_1_307' title='bbox 1294 2639 1463 2694; x_wconf 90' lang='lat' dir='ltr'><strong>porro</strong></span> <span class='ocrx_word' id='word_1_308' title='bbox 1486 2631 1733 2695; x_wconf 89' lang='lat' dir='ltr'><strong>repetere</strong></span> <span class='ocrx_word' id='word_1_309' title='bbox 1758 2626 2162 2695; x_wconf 87' lang='lat' dir='ltr'><strong>quodammodo</strong></span> 
     </span>
    </p>
   </div>
   <div class='ocr_carea' id='block_1_45' title="bbox 587 2714 1344 2786">
    <p class='ocr_par' dir='ltr' id='par_1_45' title="bbox 587 2714 1344 2786">
     <span class='ocr_line' id='line_1_45' title="bbox 587 2714 1344 2786; baseline -0.001 -15"><span class='ocrx_word' id='word_1_310' title='bbox 587 2715 929 2786; x_wconf 83' lang='lat' dir='ltr'><strong>superﬂuum</strong></span> <span class='ocrx_word' id='word_1_311' title='bbox 955 2729 1080 2770; x_wconf 87' lang='lat' dir='ltr'><strong>esse</strong></span> <span class='ocrx_word' id='word_1_312' title='bbox 1110 2714 1344 2770; x_wconf 87' lang='lat' dir='ltr'><strong>videtur.</strong></span> 
     </span>
    </p>
   </div>
   <div class='ocr_carea' id='block_1_46' title="bbox 2270 1907 3838 1985">
    <p class='ocr_par' dir='ltr' id='par_1_46' title="bbox 2270 1907 3838 1985">
     <span class='ocr_line' id='line_1_46' title="bbox 2270 1907 3838 1985; baseline -0.001 -19"><span class='ocrx_word' id='word_1_313' title='bbox 2270 1914 2455 1984; x_wconf 79' lang='grc' dir='ltr'>φησὶν,</span> <span class='ocrx_word' id='word_1_314' title='bbox 2488 1916 2601 1985; x_wconf 87' lang='grc' dir='ltr'>ἐρεῖ</span> <span class='ocrx_word' id='word_1_315' title='bbox 2646 1931 2749 1977; x_wconf 81' lang='grc' dir='ltr'>τις,</span> <span class='ocrx_word' id='word_1_316' title='bbox 2778 1913 3078 1985; x_wconf 76' lang='grc' dir='ltr'>ἐπληροῦτο</span> <span class='ocrx_word' id='word_1_317' title='bbox 3120 1913 3177 1967; x_wconf 75' lang='grc' dir='ltr'>δὲ</span> <span class='ocrx_word' id='word_1_318' title='bbox 3219 1913 3305 1966; x_wconf 89' lang='grc' dir='ltr'>διὰ</span> <span class='ocrx_word' id='word_1_319' title='bbox 3330 1913 3554 1979; x_wconf 87' lang='grc' dir='ltr'>τούτων,</span> <span class='ocrx_word' id='word_1_320' title='bbox 3582 1915 3631 1966; x_wconf 77' lang='lat' dir='ltr'>oi</span> <span class='ocrx_word' id='word_1_321' title='bbox 3655 1913 3724 1965; x_wconf 75' lang='grc' dir='ltr'>δι’</span> <span class='ocrx_word' id='word_1_322' title='bbox 3760 1907 3838 1967; x_wconf 84' lang='grc' dir='ltr'>ὧν</span> 
     </span>
    </p>
   </div>
   <div class='ocr_carea' id='block_1_47' title="bbox 2266 2000 3835 2077">
    <p class='ocr_par' dir='ltr' id='par_1_47' title="bbox 2266 2000 3835 2077">
     <span class='ocr_line' id='line_1_47' title="bbox 2266 2000 3835 2077; baseline -0.001 -17"><span class='ocrx_word' id='word_1_323' title='bbox 2266 2006 2375 2076; x_wconf 83' lang='grc' dir='ltr'>ἀρα</span> <span class='ocrx_word' id='word_1_324' title='bbox 2396 2006 2803 2077; x_wconf 82' lang='grc' dir='ltr'>πεπλήρωνται,</span> <span class='ocrx_word' id='word_1_325' title='bbox 2833 2007 3013 2076; x_wconf 83' lang='grc' dir='ltr'>πάσης</span> <span class='ocrx_word' id='word_1_326' title='bbox 3042 2006 3108 2059; x_wconf 83' lang='grc' dir='ltr'>ἂν</span> <span class='ocrx_word' id='word_1_327' title='bbox 3133 2000 3242 2059; x_wconf 75' lang='grc' dir='ltr'>εἷεν</span> <span class='ocrx_word' id='word_1_328' title='bbox 3276 2005 3505 2076; x_wconf 77' lang='grc' dir='ltr'>εὐθύνης</span> <span class='ocrx_word' id='word_1_329' title='bbox 3538 2004 3835 2075; x_wconf 84' lang='grc' dir='ltr'>ἐλεύθεροι.</span> 
     </span>
    </p>
   </div>
   <div class='ocr_carea' id='block_1_48' title="bbox 2271 2094 3838 2166">
    <p class='ocr_par' dir='ltr' id='par_1_48' title="bbox 2271 2094 3838 2166">
     <span class='ocr_line' id='line_1_48' title="bbox 2271 2094 3838 2166; baseline 0.001 -20"><span class='ocrx_word' id='word_1_330' title='bbox 2271 2094 2479 2158; x_wconf 81' lang='grc' dir='ltr'>Ἀλλως</span> <span class='ocrx_word' id='word_1_331' title='bbox 2506 2111 2566 2146; x_wconf 88' lang='grc' dir='ltr'>τε</span> <span class='ocrx_word' id='word_1_332' title='bbox 2597 2095 2691 2147; x_wconf 63' lang='grc' dir='ltr'>καλ⁵</span> <span class='ocrx_word' id='word_1_333' title='bbox 2716 2094 2960 2157; x_wconf 87' lang='grc' dir='ltr'>διάκονος</span> <span class='ocrx_word' id='word_1_334' title='bbox 2988 2096 3264 2166; x_wconf 86' lang='grc' dir='ltr'>ἁμαρτίας</span> <span class='ocrx_word' id='word_1_335' title='bbox 3297 2098 3329 2166; x_wconf 82' lang='grc' dir='ltr'><strong>ἡ</strong></span> <span class='ocrx_word' id='word_1_336' title='bbox 3363 2095 3483 2148; x_wconf 87' lang='grc' dir='ltr'>θεία</span> <span class='ocrx_word' id='word_1_337' title='bbox 3524 2094 3587 2164; x_wconf 84' lang='grc' dir='ltr'>δὴ</span> <span class='ocrx_word' id='word_1_338' title='bbox 3618 2094 3838 2156; x_wconf 84' lang='grc' dir='ltr'>πάντως</span> 
     </span>
    </p>
   </div>
   <div class='ocr_carea' id='block_1_49' title="bbox 2266 2184 3834 2256">
    <p class='ocr_par' dir='ltr' id='par_1_49' title="bbox 2266 2184 3834 2256">
     <span class='ocr_line' id='line_1_49' title="bbox 2266 2184 3834 2256; baseline 0 -18"><span class='ocrx_word' id='word_1_339' title='bbox 2266 2185 2622 2254; x_wconf 82' lang='grc' dir='ltr'>κατεφαίνετο</span> <span class='ocrx_word' id='word_1_340' title='bbox 2651 2186 2863 2256; x_wconf 76' lang='grc' dir='ltr'>Γραφὴ,</span> <span class='ocrx_word' id='word_1_341' title='bbox 2915 2185 3155 2240; x_wconf 78' lang='grc' dir='ltr'>καλοῦσα</span> <span class='ocrx_word' id='word_1_342' title='bbox 3204 2186 3453 2255; x_wconf 84' lang='grc' dir='ltr'>καθάπερ</span> <span class='ocrx_word' id='word_1_343' title='bbox 3503 2187 3567 2237; x_wconf 81' lang='grc' dir='ltr'>ὲκ</span> <span class='ocrx_word' id='word_1_344' title='bbox 3599 2184 3720 2254; x_wconf 80' lang='grc' dir='ltr'>βίας</span> <span class='ocrx_word' id='word_1_345' title='bbox 3754 2186 3834 2247; x_wconf 74' lang='grc' dir='ltr'>εἰς</span> 
     </span>
    </p>
   </div>
   <div class='ocr_carea' id='block_1_50' title="bbox 2264 2267 3836 2346">
    <p class='ocr_par' dir='ltr' id='par_1_50' title="bbox 2264 2267 3836 2346">
     <span class='ocr_line' id='line_1_50' title="bbox 2264 2267 3836 2346; baseline -0.001 -18"><span class='ocrx_word' id='word_1_346' title='bbox 2264 2278 2447 2330; x_wconf 80' lang='grc' dir='ltr'>ἐκεῖνά</span> <span class='ocrx_word' id='word_1_347' title='bbox 2471 2294 2641 2340; x_wconf 83' lang='grc' dir='ltr'>τινας,</span> <span class='ocrx_word' id='word_1_348' title='bbox 2671 2277 2706 2330; x_wconf 82' lang='grc' dir='ltr'>ἃ.</span> <span class='ocrx_word' id='word_1_349' title='bbox 2733 2267 2970 2331; x_wconf 82' lang='grc' dir='ltr'>ἐλαλεῖτ¹ο</span> <span class='ocrx_word' id='word_1_350' title='bbox 2999 2277 3065 2330; x_wconf 87' lang='grc' dir='ltr'>δι’</span> <span class='ocrx_word' id='word_1_351' title='bbox 3089 2278 3277 2346; x_wconf 76' lang='grc' dir='ltr'>αὐτῆς.</span> <span class='ocrx_word' id='word_1_352' title='bbox 3307 2278 3394 2329; x_wconf 81' lang='grc' dir='ltr'>ἵνα</span> <span class='ocrx_word' id='word_1_353' title='bbox 3423 2276 3517 2329; x_wconf 69' lang='grc' dir='ltr'>καὶ</span> <span class='ocrx_word' id='word_1_354' title='bbox 3549 2276 3628 2338; x_wconf 82' lang='grc' dir='ltr'>είς</span> <span class='ocrx_word' id='word_1_355' title='bbox 3659 2274 3836 2344; x_wconf 82' lang='grc' dir='ltr'>πέρας</span> 
     </span>
    </p>
   </div>
   <div class='ocr_carea' id='block_1_51' title="bbox 2262 2363 3835 2438">
    <p class='ocr_par' dir='ltr' id='par_1_51' title="bbox 2262 2363 3835 2438">
     <span class='ocr_line' id='line_1_51' title="bbox 2262 2363 3835 2438; baseline -0.001 -17"><span class='ocrx_word' id='word_1_356' title='bbox 2262 2368 2381 2438; x_wconf 80' lang='grc' dir='ltr'>ἥκοι</span> <span class='ocrx_word' id='word_1_357' title='bbox 2419 2367 2480 2421; x_wconf 83' lang='grc' dir='ltr'>τὸ</span> <span class='ocrx_word' id='word_1_358' title='bbox 2515 2368 2684 2421; x_wconf 88' lang='grc' dir='ltr'>πάλαι</span> <span class='ocrx_word' id='word_1_359' title='bbox 2712 2367 3119 2438; x_wconf 76' lang='grc' dir='ltr'>πεφωνημένον.</span> <span class='ocrx_word' id='word_1_360' title='bbox 3169 2368 3306 2420; x_wconf 84' lang='grc' dir='ltr'>Ἀλλ’</span> <span class='ocrx_word' id='word_1_361' title='bbox 3347 2363 3499 2437; x_wconf 74' lang='grc' dir='ltr'>οἶμαι</span> <span class='ocrx_word' id='word_1_362' title='bbox 3535 2366 3705 2429; x_wconf 83' lang='grc' dir='ltr'>πολὺς</span> <span class='ocrx_word' id='word_1_363' title='bbox 3741 2366 3835 2419; x_wconf 77' lang='grc' dir='ltr'>ἐπὶ</span> 
     </span>
    </p>
   </div>
   <div class='ocr_carea' id='block_1_52' title="bbox 2261 2457 3833 2530">
    <p class='ocr_par' dir='ltr' id='par_1_52' title="bbox 2261 2457 3833 2530">
     <span class='ocr_line' id='line_1_52' title="bbox 2261 2457 3833 2530; baseline 0.001 -20"><span class='ocrx_word' id='word_1_364' title='bbox 2261 2457 2431 2528; x_wconf 84' lang='grc' dir='ltr'>τούτῳ</span> <span class='ocrx_word' id='word_1_365' title='bbox 2461 2459 2561 2528; x_wconf 86' lang='grc' dir='ltr'>τῆς</span> <span class='ocrx_word' id='word_1_366' title='bbox 2588 2458 2897 2530; x_wconf 81' lang='grc' dir='ltr'>δυσφημίας</span> <span class='ocrx_word' id='word_1_367' title='bbox 2924 2461 2952 2512; x_wconf 87' lang='grc' dir='ltr'>ό</span> <span class='ocrx_word' id='word_1_368' title='bbox 2980 2459 3155 2527; x_wconf 86' lang='grc' dir='ltr'>λόγος.</span> <span class='ocrx_word' id='word_1_369' title='bbox 3182 2460 3275 2520; x_wconf 82' lang='grc' dir='ltr'>Τίς</span> <span class='ocrx_word' id='word_1_370' title='bbox 3316 2460 3424 2530; x_wconf 70' lang='grc' dir='ltr'>γὰρ</span> <span class='ocrx_word' id='word_1_371' title='bbox 3448 2459 3534 2530; x_wconf 82' lang='grc' dir='ltr'>εἴη</span> <span class='ocrx_word' id='word_1_372' title='bbox 3569 2458 3665 2511; x_wconf 87' lang='grc' dir='ltr'>τοῦ</span> <span class='ocrx_word' id='word_1_373' title='bbox 3698 2457 3833 2511; x_wconf 85' lang='grc' dir='ltr'>καθ-</span> 
     </span>
    </p>
   </div>
   <div class='ocr_carea' id='block_1_53' title="bbox 2262 2547 3833 2619">
    <p class='ocr_par' dir='ltr' id='par_1_53' title="bbox 2262 2547 3833 2619">
     <span class='ocr_line' id='line_1_53' title="bbox 2262 2547 3833 2619; baseline -0.001 -19"><span class='ocrx_word' id='word_1_374' title='bbox 2262 2549 2486 2618; x_wconf 85' lang='grc' dir='ltr'>ήκοντος</span> <span class='ocrx_word' id='word_1_375' title='bbox 2515 2549 2777 2617; x_wconf 79' lang='grc' dir='ltr'>λογισμοῦ</span> <span class='ocrx_word' id='word_1_376' title='bbox 2813 2549 3063 2602; x_wconf 89' lang='grc' dir='ltr'>τοσοῦτον</span> <span class='ocrx_word' id='word_1_377' title='bbox 3097 2550 3477 2619; x_wconf 73' lang='grc' dir='ltr'>ἐστερημένος,</span> <span class='ocrx_word' id='word_1_378' title='bbox 3514 2548 3587 2611; x_wconf 81' lang='grc' dir='ltr'>ὡς</span> <span class='ocrx_word' id='word_1_379' title='bbox 3618 2549 3710 2602; x_wconf 85' lang='grc' dir='ltr'>τὸν</span> <span class='ocrx_word' id='word_1_380' title='bbox 3738 2547 3833 2601; x_wconf 88' lang='grc' dir='ltr'>τοῦ</span> 
     </span>
    </p>
   </div>
   <div class='ocr_carea' id='block_1_54' title="bbox 2268 2638 3832 2711">
    <p class='ocr_par' dir='ltr' id='par_1_54' title="bbox 2268 2638 3832 2711">
     <span class='ocr_line' id='line_1_54' title="bbox 2268 2638 3832 2711; baseline -0.001 -21"><span class='ocrx_word' id='word_1_381' title='bbox 2268 2638 2422 2706; x_wconf 83' lang='grc' dir='ltr'>ἁγίου</span> <span class='ocrx_word' id='word_1_382' title='bbox 2448 2638 2762 2709; x_wconf 87' lang='grc' dir='ltr'>Πνεύματος</span> <span class='ocrx_word' id='word_1_383' title='bbox 2811 2640 3019 2692; x_wconf 75' lang='grc' dir='ltr'>οἴεσθαι</span> <span class='ocrx_word' id='word_1_384' title='bbox 3063 2640 3218 2708; x_wconf 84' lang='grc' dir='ltr'>λόγον</span> <span class='ocrx_word' id='word_1_385' title='bbox 3241 2641 3510 2711; x_wconf 85' lang='grc' dir='ltr'>ἁμαρτίας</span> <span class='ocrx_word' id='word_1_386' title='bbox 3544 2641 3656 2691; x_wconf 79' lang='grc' dir='ltr'>τισὶ</span> <span class='ocrx_word' id='word_1_387' title='bbox 3687 2640 3832 2707; x_wconf 83' lang='grc' dir='ltr'>γίνε-</span> 
     </span>
    </p>
   </div>
   <div class='ocr_carea' id='block_1_55' title="bbox 2266 2729 3834 2801">
    <p class='ocr_par' dir='ltr' id='par_1_55' title="bbox 2266 2729 3834 2801">
     <span class='ocr_line' id='line_1_55' title="bbox 2266 2729 3834 2801; baseline -0.001 -18"><span class='ocrx_word' id='word_1_388' title='bbox 2266 2731 2391 2783; x_wconf 89' lang='grc' dir='ltr'>σθαι</span> <span class='ocrx_word' id='word_1_389' title='bbox 2433 2730 2728 2801; x_wconf 79' lang='grc' dir='ltr'>πρόξενον;</span> <span class='ocrx_word' id='word_1_390' title='bbox 2773 2730 2981 2784; x_wconf 82' lang='grc' dir='ltr'>Οὐκοῦν</span> <span class='ocrx_word' id='word_1_391' title='bbox 3025 2732 3086 2784; x_wconf 84' lang='grc' dir='ltr'>οὐ</span> <span class='ocrx_word' id='word_1_392' title='bbox 3121 2732 3206 2785; x_wconf 88' lang='grc' dir='ltr'>διά</span> <span class='ocrx_word' id='word_1_393' title='bbox 3250 2732 3454 2792; x_wconf 83' lang='grc' dir='ltr'>ταύτην</span> <span class='ocrx_word' id='word_1_394' title='bbox 3502 2729 3834 2798; x_wconf 87' lang='grc' dir='ltr'>πιστεύομεν</span> 
     </span>
    </p>
   </div>
   <div class='ocr_carea' id='block_1_56' title="bbox 585 2820 3828 2896">
    <p class='ocr_par' dir='ltr' id='par_1_56' title="bbox 585 2820 3828 2896">
     <span class='ocr_line' id='line_1_56' title="bbox 585 2820 3828 2896; baseline -0.001 -21"><span class='ocrx_word' id='word_1_395' title='bbox 585 2822 682 2895; x_wconf 80' lang='grc' dir='ltr'>τὴν</span> <span class='ocrx_word' id='word_1_396' title='bbox 716 2821 899 2876; x_wconf 82' lang='grc' dir='ltr'>αἰτίαν</span> <span class='ocrx_word' id='word_1_397' title='bbox 922 2820 1210 2892; x_wconf 81' lang='grc' dir='ltr'>δεδρᾶσθαι</span> <span class='ocrx_word' id='word_1_398' title='bbox 1234 2822 1303 2874; x_wconf 84' lang='grc' dir='ltr'>τὰ</span> <span class='ocrx_word' id='word_1_399' title='bbox 1334 2820 1472 2892; x_wconf 74' lang='grc' dir='ltr'>ἔργα</span> <span class='ocrx_word' id='word_1_400' title='bbox 1509 2820 1661 2892; x_wconf 85' lang='grc' dir='ltr'>παρά</span> <span class='ocrx_word' id='word_1_401' title='bbox 1686 2837 1868 2886; x_wconf 89' lang='grc' dir='ltr'>τινων,</span> <span class='ocrx_word' id='word_1_402' title='bbox 1906 2823 1993 2877; x_wconf 77' lang='grc' dir='ltr'>ἵνα</span> <span class='ocrx_word' id='word_1_403' title='bbox 2026 2823 2360 2896; x_wconf 83' lang='grc' dir='ltr'>πληρωθεῖεν</span> <span class='ocrx_word' id='word_1_404' title='bbox 2396 2826 2454 2877; x_wconf 81' lang='grc' dir='ltr'>αι</span> <span class='ocrx_word' id='word_1_405' title='bbox 2494 2824 2725 2894; x_wconf 78' lang='grc' dir='ltr'>Γραφαί·</span> <span class='ocrx_word' id='word_1_406' title='bbox 2759 2824 2840 2877; x_wconf 80' lang='grc' dir='ltr'>ὅτι</span> <span class='ocrx_word' id='word_1_407' title='bbox 2880 2823 2938 2876; x_wconf 80' lang='grc' dir='ltr'>δὲ</span> <span class='ocrx_word' id='word_1_408' title='bbox 2986 2824 3202 2886; x_wconf 89' lang='grc' dir='ltr'>πάντως</span> <span class='ocrx_word' id='word_1_409' title='bbox 3255 2824 3408 2877; x_wconf 77' lang='grc' dir='ltr'>ἔσται</span> <span class='ocrx_word' id='word_1_410' title='bbox 3442 2824 3525 2893; x_wconf 38' lang='grc' dir='ltr'>τὰ,</span> <span class='ocrx_word' id='word_1_411' title='bbox 3552 2821 3828 2892; x_wconf 88' lang='grc' dir='ltr'>συμϐησό-</span> 
     </span>
    </p>
   </div>
   <div class='ocr_carea' id='block_1_57' title="bbox 587 2914 3826 2990">
    <p class='ocr_par' dir='ltr' id='par_1_57' title="bbox 587 2914 3826 2990">
     <span class='ocr_line' id='line_1_57' title="bbox 587 2914 3826 2990; baseline 0 -23"><span class='ocrx_word' id='word_1_412' title='bbox 587 2931 726 2983; x_wconf 90' lang='grc' dir='ltr'>μενα</span> <span class='ocrx_word' id='word_1_413' title='bbox 773 2914 1019 2985; x_wconf 84' lang='grc' dir='ltr'>προειδὸς</span> <span class='ocrx_word' id='word_1_414' title='bbox 1050 2915 1110 2967; x_wconf 81' lang='grc' dir='ltr'>τὸ</span> <span class='ocrx_word' id='word_1_415' title='bbox 1141 2914 1364 2985; x_wconf 89' lang='grc' dir='ltr'>Πνεῦμα</span> <span class='ocrx_word' id='word_1_416' title='bbox 1391 2914 1703 2985; x_wconf 88' lang='grc' dir='ltr'>λελάληκεν,</span> <span class='ocrx_word' id='word_1_417' title='bbox 1739 2914 1806 2968; x_wconf 76' lang='grc' dir='ltr'>ἶν’</span> <span class='ocrx_word' id='word_1_418' title='bbox 1840 2915 1967 2969; x_wconf 84' lang='grc' dir='ltr'>ὅταν</span> <span class='ocrx_word' id='word_1_419' title='bbox 1997 2916 2239 2985; x_wconf 85' lang='grc' dir='ltr'>γίνεσθαι</span> <span class='ocrx_word' id='word_1_420' title='bbox 2278 2918 2480 2990; x_wconf 79' lang='grc' dir='ltr'>συμϐῇ,</span> <span class='ocrx_word' id='word_1_421' title='bbox 2537 2920 2770 2982; x_wconf 85' lang='grc' dir='ltr'>πίστεως</span> <span class='ocrx_word' id='word_1_422' title='bbox 2808 2919 3059 2990; x_wconf 85' lang='grc' dir='ltr'>ἐνέχυρον</span> <span class='ocrx_word' id='word_1_423' title='bbox 3115 2918 3370 2981; x_wconf 88' lang='grc' dir='ltr'>λαϐόντες</span> <span class='ocrx_word' id='word_1_424' title='bbox 3428 2918 3525 2988; x_wconf 83' lang='grc' dir='ltr'>τὴν</span> <span class='ocrx_word' id='word_1_425' title='bbox 3581 2916 3826 2987; x_wconf 78' lang='grc' dir='ltr'>πρόρρη-</span> 
     </span>
    </p>
   </div>
   <div class='ocr_carea' id='block_1_58' title="bbox 590 2999 3826 3084">
    <p class='ocr_par' dir='ltr' id='par_1_58' title="bbox 590 2999 3826 3084">
     <span class='ocr_line' id='line_1_58' title="bbox 590 2999 3826 3084; baseline -0.001 -22"><span class='ocrx_word' id='word_1_426' title='bbox 590 3023 696 3071; x_wconf 85' lang='grc' dir='ltr'>σιν,</span> <span class='ocrx_word' id='word_1_427' title='bbox 731 3006 831 3078; x_wconf 74' lang='grc' dir='ltr'>τὴν</span> <span class='ocrx_word' id='word_1_428' title='bbox 855 3007 940 3077; x_wconf 77' lang='grc' dir='ltr'>ἐφ’</span> <span class='ocrx_word' id='word_1_429' title='bbox 985 2999 1029 3075; x_wconf 80' lang='grc' dir='ltr'>ᾧ</span> <span class='ocrx_word' id='word_1_430' title='bbox 1067 3006 1377 3080; x_wconf 73' lang='grc' dir='ltr'>γέγραπται</span> <span class='ocrx_word' id='word_1_431' title='bbox 1429 3005 1619 3072; x_wconf 86' lang='grc' dir='ltr'>ταῦτα,</span> <span class='ocrx_word' id='word_1_432' title='bbox 1672 3005 1857 3060; x_wconf 87' lang='grc' dir='ltr'>λοιπὸν</span> <span class='ocrx_word' id='word_1_433' title='bbox 1898 3008 2176 3081; x_wconf 72' lang='grc' dir='ltr'>ἀραρότως</span> <span class='ocrx_word' id='word_1_434' title='bbox 2225 3011 2598 3084; x_wconf 83' lang='grc' dir='ltr'>γινώσκωμεν.</span> <span class='ocrx_word' id='word_1_435' title='bbox 2659 3010 2859 3065; x_wconf 68' lang='grc' dir='ltr'>Πολλοῦ</span> <span class='ocrx_word' id='word_1_436' title='bbox 2913 3011 2968 3065; x_wconf 78' lang='grc' dir='ltr'>δὲ</span> <span class='ocrx_word' id='word_1_437' title='bbox 3012 3013 3143 3083; x_wconf 81' lang='grc' dir='ltr'>ἡμῖν</span> <span class='ocrx_word' id='word_1_438' title='bbox 3189 3010 3469 3081; x_wconf 86' lang='grc' dir='ltr'>γεγονότος</span> <span class='ocrx_word' id='word_1_439' title='bbox 3520 3007 3612 3061; x_wconf 87' lang='grc' dir='ltr'>τοῦ</span> <span class='ocrx_word' id='word_1_440' title='bbox 3667 3008 3826 3076; x_wconf 79' lang='grc' dir='ltr'>λόγου</span> 
     </span>
    </p>
   </div>
   <div class='ocr_carea' id='block_1_59' title="bbox 582 3097 3820 3175">
    <p class='ocr_par' dir='ltr' id='par_1_59' title="bbox 582 3097 3820 3175">
     <span class='ocr_line' id='line_1_59' title="bbox 582 3097 3820 3175; baseline -0.001 -20"><span class='ocrx_word' id='word_1_441' title='bbox 582 3102 711 3173; x_wconf 80' lang='grc' dir='ltr'>περὶ</span> <span class='ocrx_word' id='word_1_442' title='bbox 742 3101 851 3154; x_wconf 88' lang='grc' dir='ltr'>τῶν</span> <span class='ocrx_word' id='word_1_443' title='bbox 877 3099 1132 3155; x_wconf 86' lang='grc' dir='ltr'>τοιούτων</span> <span class='ocrx_word' id='word_1_444' title='bbox 1169 3103 1225 3153; x_wconf 91' lang='grc' dir='ltr'>ἐν</span> <span class='ocrx_word' id='word_1_445' title='bbox 1260 3100 1432 3170; x_wconf 79' lang='grc' dir='ltr'>ἑτέρῳ</span> <span class='ocrx_word' id='word_1_446' title='bbox 1462 3098 1673 3169; x_wconf 82' lang='grc' dir='ltr'>βιϐλίῳ,</span> <span class='ocrx_word' id='word_1_447' title='bbox 1721 3097 1783 3152; x_wconf 76' lang='grc' dir='ltr'>τὸ</span> <span class='ocrx_word' id='word_1_448' title='bbox 1816 3103 2043 3171; x_wconf 83' lang='grc' dir='ltr'>μακροῖς</span> <span class='ocrx_word' id='word_1_449' title='bbox 2092 3102 2172 3155; x_wconf 76' lang='grc' dir='ltr'>ἐτι</span> <span class='ocrx_word' id='word_1_450' title='bbox 2209 3104 2338 3175; x_wconf 78' lang='grc' dir='ltr'>περὶ</span> <span class='ocrx_word' id='word_1_451' title='bbox 2382 3104 2562 3159; x_wconf 85' lang='grc' dir='ltr'>αὐτῶν</span> <span class='ocrx_word' id='word_1_452' title='bbox 2610 3105 2947 3174; x_wconf 67' lang='grc' dir='ltr'>ἐνδιατρίψαι</span> <span class='ocrx_word' id='word_1_453' title='bbox 2995 3103 3315 3174; x_wconf 82' lang='grc' dir='ltr'>διηγήμασι,</span> <span class='ocrx_word' id='word_1_454' title='bbox 3367 3102 3619 3173; x_wconf 80' lang='grc' dir='ltr'>περιττὸν</span> <span class='ocrx_word' id='word_1_455' title='bbox 3680 3097 3820 3154; x_wconf 78' lang='grc' dir='ltr'>εἷναί</span> 
     </span>
    </p>
   </div>
   <div class='ocr_carea' id='block_1_60' title="bbox 582 3193 892 3256">
    <p class='ocr_par' dir='ltr' id='par_1_60' title="bbox 582 3193 892 3256">
     <span class='ocr_line' id='line_1_60' title="bbox 582 3193 892 3256; baseline -0.003 -9"><span class='ocrx_word' id='word_1_456' title='bbox 582 3210 700 3256; x_wconf 89' lang='grc' dir='ltr'>πως</span> <span class='ocrx_word' id='word_1_457' title='bbox 726 3193 892 3247; x_wconf 87' lang='grc' dir='ltr'>δοκεῖ.</span> 
     </span>
    </p>
   </div>
   <div class='ocr_carea' id='block_1_61' title="bbox 647 3282 2219 3355">
    <p class='ocr_par' dir='ltr' id='par_1_61' title="bbox 647 3282 2219 3355">
     <span class='ocr_line' id='line_1_61' title="bbox 647 3282 2219 3355; baseline -0.002 -16"><span class='ocrx_word' id='word_1_458' title='bbox 647 3284 784 3350; x_wconf 80' lang='lat' dir='ltr'><strong>XIII,</strong></span> <span class='ocrx_word' id='word_1_459' title='bbox 820 3284 911 3339; x_wconf 79' lang='lat' dir='ltr'><strong>I9.</strong></span> <span class='ocrx_word' id='word_1_460' title='bbox 969 3283 1175 3337; x_wconf 80' lang='lat' dir='ltr'><strong>Amodo</strong></span> <span class='ocrx_word' id='word_1_461' title='bbox 1210 3282 1329 3337; x_wconf 85' lang='lat' dir='ltr'><strong>dico</strong></span> <span class='ocrx_word' id='word_1_462' title='bbox 1378 3284 1520 3338; x_wconf 79' lang='lat' dir='ltr'><strong>vobis</strong></span> <span class='ocrx_word' id='word_1_463' title='bbox 1565 3284 1875 3355; x_wconf 79' lang='lat' dir='ltr'><strong>priusquam</strong></span> <span class='ocrx_word' id='word_1_464' title='bbox 1920 3282 2040 3353; x_wconf 79' lang='lat' dir='ltr'><strong>ﬁat,</strong></span> <span class='ocrx_word' id='word_1_465' title='bbox 2092 3291 2148 3336; x_wconf 83' lang='lat' dir='ltr'>ut</span> <span class='ocrx_word' id='word_1_466' title='bbox 2177 3292 2219 3349; x_wconf 73' lang='grc' dir='ltr'>ο</span> 
     </span>
    </p>
   </div>
   <div class='ocr_carea' id='block_1_62' title="bbox 576 3373 1837 3445">
    <p class='ocr_par' dir='ltr' id='par_1_62' title="bbox 576 3373 1837 3445">
     <span class='ocr_line' id='line_1_62' title="bbox 576 3373 1837 3445; baseline 0 -16"><span class='ocrx_word' id='word_1_467' title='bbox 576 3392 693 3429; x_wconf 83' lang='lat' dir='ltr'><strong>cum</strong></span> <span class='ocrx_word' id='word_1_468' title='bbox 720 3375 922 3445; x_wconf 76' lang='lat' dir='ltr'><strong>factum</strong></span> <span class='ocrx_word' id='word_1_469' title='bbox 951 3373 1135 3442; x_wconf 78' lang='lat' dir='ltr'><strong>fuerit,</strong></span> <span class='ocrx_word' id='word_1_470' title='bbox 1158 3373 1387 3427; x_wconf 75' lang='lat' dir='ltr'><strong>credatis</strong></span> <span class='ocrx_word' id='word_1_471' title='bbox 1419 3374 1546 3445; x_wconf 88' lang='lat' dir='ltr'><strong>quia</strong></span> <span class='ocrx_word' id='word_1_472' title='bbox 1577 3391 1667 3445; x_wconf 86' lang='lat' dir='ltr'><strong>ego</strong></span> <span class='ocrx_word' id='word_1_473' title='bbox 1697 3390 1837 3429; x_wconf 78' lang='lat' dir='ltr'><strong>sum.</strong></span> 
     </span>
    </p>
   </div>
   <div class='ocr_carea' id='block_1_63' title="bbox 646 3465 2148 3537">
    <p class='ocr_par' dir='ltr' id='par_1_63' title="bbox 646 3465 2148 3537">
     <span class='ocr_line' id='line_1_63' title="bbox 646 3465 2148 3537; baseline -0.001 -15"><span class='ocrx_word' id='word_1_474' title='bbox 646 3466 973 3522; x_wconf 86' lang='lat' dir='ltr'><strong>Necessario</strong></span> <span class='ocrx_word' id='word_1_475' title='bbox 1004 3465 1236 3537; x_wconf 77' lang='lat' dir='ltr'><strong>exposui</strong></span> <span class='ocrx_word' id='word_1_476' title='bbox 1305 3480 1430 3536; x_wconf 62' lang='lat' dir='ltr'><strong>quae</strong></span> <span class='ocrx_word' id='word_1_477' title='bbox 1481 3481 1605 3520; x_wconf 84' lang='lat' dir='ltr'>mox</span> <span class='ocrx_word' id='word_1_478' title='bbox 1641 3468 1826 3520; x_wconf 82' lang='lat' dir='ltr'><strong>l‘utura</strong></span> <span class='ocrx_word' id='word_1_479' title='bbox 1866 3474 2020 3534; x_wconf 88' lang='lat' dir='ltr'><strong>sunt,</strong></span> <span class='ocrx_word' id='word_1_480' title='bbox 2059 3467 2148 3522; x_wconf 88' lang='lat' dir='ltr'><strong>in-</strong></span> 
     </span>
    </p>
   </div>
   <div class='ocr_carea' id='block_1_64' title="bbox 571 3556 2145 3630">
    <p class='ocr_par' dir='ltr' id='par_1_64' title="bbox 571 3556 2145 3630">
     <span class='ocr_line' id='line_1_64' title="bbox 571 3556 2145 3630; baseline 0.001 -17"><span class='ocrx_word' id='word_1_481' title='bbox 571 3559 716 3630; x_wconf 90' lang='lat' dir='ltr'><strong>quit,</strong></span> <span class='ocrx_word' id='word_1_482' title='bbox 750 3566 802 3613; x_wconf 89' lang='lat' dir='ltr'>et</span> <span class='ocrx_word' id='word_1_483' title='bbox 838 3568 964 3613; x_wconf 83' lang='lat' dir='ltr'><strong>ante</strong></span> <span class='ocrx_word' id='word_1_484' title='bbox 997 3566 1214 3628; x_wconf 84' lang='lat' dir='ltr'><strong>tempus</strong></span> <span class='ocrx_word' id='word_1_485' title='bbox 1245 3573 1260 3611; x_wconf 91' lang='lat'><strong>:</strong></span> <span class='ocrx_word' id='word_1_486' title='bbox 1288 3556 1532 3626; x_wconf 83' lang='lat' dir='ltr'><strong>proderit</strong></span> <span class='ocrx_word' id='word_1_487' title='bbox 1573 3559 1720 3612; x_wconf 91' lang='lat' dir='ltr'><strong>enim</strong></span> <span class='ocrx_word' id='word_1_488' title='bbox 1770 3559 2145 3623; x_wconf 86' lang='lat' dir='ltr'><strong>auditoribus,</strong></span> 
     </span>
    </p>
   </div>
   <div class='ocr_carea' id='block_1_65' title="bbox 572 3650 2142 3722">
    <p class='ocr_par' dir='ltr' id='par_1_65' title="bbox 572 3650 2142 3722">
     <span class='ocr_line' id='line_1_65' title="bbox 572 3650 2142 3722; baseline -0.001 -15"><span class='ocrx_word' id='word_1_489' title='bbox 572 3668 676 3707; x_wconf 88' lang='lat' dir='ltr'>nec</span> <span class='ocrx_word' id='word_1_490' title='bbox 711 3667 899 3722; x_wconf 87' lang='lat' dir='ltr'><strong>parum</strong></span> <span class='ocrx_word' id='word_1_491' title='bbox 937 3652 1209 3706; x_wconf 85' lang='lat' dir='ltr'><strong>conducet</strong></span> <span class='ocrx_word' id='word_1_492' title='bbox 1249 3650 1328 3703; x_wconf 86' lang='lat' dir='ltr'>rei</span> <span class='ocrx_word' id='word_1_493' title='bbox 1355 3650 1534 3720; x_wconf 90' lang='lat' dir='ltr'><strong>ipsius</strong></span> <span class='ocrx_word' id='word_1_494' title='bbox 1565 3665 1794 3721; x_wconf 88' lang='lat' dir='ltr'><strong>sc0pum</strong></span> <span class='ocrx_word' id='word_1_495' title='bbox 1824 3666 2142 3721; x_wconf 84' lang='lat' dir='ltr'><strong>agnoscere.</strong></span> 
     </span>
    </p>
   </div>
   <div class='ocr_carea' id='block_1_66' title="bbox 571 3739 2145 3796">
    <p class='ocr_par' dir='ltr' id='par_1_66' title="bbox 571 3739 2145 3796">
     <span class='ocr_line' id='line_1_66' title="bbox 571 3739 2145 3796; baseline -0.001 0"><span class='ocrx_word' id='word_1_496' title='bbox 571 3742 801 3796; x_wconf 85' lang='lat' dir='ltr'><strong>Frustra</strong></span> <span class='ocrx_word' id='word_1_497' title='bbox 839 3741 987 3795; x_wconf 89' lang='lat' dir='ltr'><strong>enim</strong></span> <span class='ocrx_word' id='word_1_498' title='bbox 1023 3739 1298 3795; x_wconf 84' lang='lat' dir='ltr'><strong>sermonis</strong></span> <span class='ocrx_word' id='word_1_499' title='bbox 1326 3754 1486 3793; x_wconf 88' lang='lat' dir='ltr'><strong>usum</strong></span> <span class='ocrx_word' id='word_1_500' title='bbox 1534 3741 1956 3796; x_wconf 86' lang='lat' dir='ltr'><strong>narrationibus</strong></span> <span class='ocrx_word' id='word_1_501' title='bbox 1986 3742 2145 3795; x_wconf 87' lang='lat' dir='ltr'><strong>insu-</strong></span> 
     </span>
    </p>
   </div>
   <div class='ocr_carea' id='block_1_67' title="bbox 572 3830 2141 3900">
    <p class='ocr_par' dir='ltr' id='par_1_67' title="bbox 572 3830 2141 3900">
     <span class='ocr_line' id='line_1_67' title="bbox 572 3830 2141 3900; baseline -0.003 -12"><span class='ocrx_word' id='word_1_502' title='bbox 572 3847 721 3888; x_wconf 85' lang='lat' dir='ltr'><strong>mere</strong></span> <span class='ocrx_word' id='word_1_503' title='bbox 754 3847 865 3887; x_wconf 88' lang='lat' dir='ltr'>non</span> <span class='ocrx_word' id='word_1_504' title='bbox 887 3832 1072 3886; x_wconf 88' lang='lat' dir='ltr'><strong>soleo:</strong></span> <span class='ocrx_word' id='word_1_505' title='bbox 1103 3832 1311 3900; x_wconf 86' lang='lat' dir='ltr'><strong>quibus</strong></span> <span class='ocrx_word' id='word_1_506' title='bbox 1335 3839 1521 3885; x_wconf 89' lang='lat' dir='ltr'><strong>autem</strong></span> <span class='ocrx_word' id='word_1_507' title='bbox 1561 3845 1670 3884; x_wconf 90' lang='lat' dir='ltr'>non</span> <span class='ocrx_word' id='word_1_508' title='bbox 1691 3845 1886 3900; x_wconf 89' lang='lat' dir='ltr'><strong>parum</strong></span> <span class='ocrx_word' id='word_1_509' title='bbox 1927 3830 2141 3885; x_wconf 86' lang='lat' dir='ltr'><strong>utilita-</strong></span> 
     </span>
    </p>
   </div>
   <div class='ocr_carea' id='block_1_68' title="bbox 571 3920 2139 3986">
    <p class='ocr_par' dir='ltr' id='par_1_68' title="bbox 571 3920 2139 3986">
     <span class='ocr_line' id='line_1_68' title="bbox 571 3920 2139 3986; baseline -0.003 -5"><span class='ocrx_word' id='word_1_510' title='bbox 571 3927 640 3981; x_wconf 91' lang='lat' dir='ltr'>tis</span> <span class='ocrx_word' id='word_1_511' title='bbox 659 3924 1063 3981; x_wconf 87' lang='lat' dir='ltr'><strong>inessevidetur</strong></span> <span class='ocrx_word' id='word_1_512' title='bbox 1086 3924 1132 3978; x_wconf 92' lang='lat' dir='ltr'>si</span> <span class='ocrx_word' id='word_1_513' title='bbox 1150 3922 1220 3977; x_wconf 89' lang='lat' dir='ltr'>ad</span> <span class='ocrx_word' id='word_1_514' title='bbox 1239 3929 1477 3977; x_wconf 85' lang='lat' dir='ltr'><strong>vestram</strong></span> <span class='ocrx_word' id='word_1_515' title='bbox 1507 3920 1756 3975; x_wconf 92' lang='lat' dir='ltr'><strong>notitiam</strong></span> <span class='ocrx_word' id='word_1_516' title='bbox 1792 3921 2139 3986; x_wconf 86' lang='lat' dir='ltr'><strong>devenerint,</strong></span> 
     </span>
    </p>
   </div>
   <div class='ocr_carea' id='block_1_69' title="bbox 571 4010 2142 4086">
    <p class='ocr_par' dir='ltr' id='par_1_69' title="bbox 571 4010 2142 4086">
     <span class='ocr_line' id='line_1_69' title="bbox 571 4010 2142 4086; baseline -0.003 -16"><span class='ocrx_word' id='word_1_517' title='bbox 571 4016 688 4070; x_wconf 65' lang='lat' dir='ltr'><strong>haec</strong></span> <span class='ocrx_word' id='word_1_518' title='bbox 717 4030 819 4086; x_wconf 87' lang='lat' dir='ltr'>ego</span> <span class='ocrx_word' id='word_1_519' title='bbox 853 4014 1049 4069; x_wconf 85' lang='lat' dir='ltr'><strong>vestris</strong></span> <span class='ocrx_word' id='word_1_520' title='bbox 1090 4013 1319 4068; x_wconf 89' lang='lat' dir='ltr'><strong>auribus</strong></span> <span class='ocrx_word' id='word_1_521' title='bbox 1352 4010 1687 4067; x_wconf 82' lang='lat' dir='ltr'><strong>infundenda</strong></span> <span class='ocrx_word' id='word_1_522' title='bbox 1717 4011 1975 4065; x_wconf 88' lang='lat' dir='ltr'><strong>arbitror.</strong></span> <span class='ocrx_word' id='word_1_523' title='bbox 2009 4010 2142 4065; x_wconf 89' lang='lat' dir='ltr'><strong>Dico</strong></span> 
     </span>
    </p>
   </div>
   <div class='ocr_carea' id='block_1_70' title="bbox 570 4101 2139 4179">
    <p class='ocr_par' dir='ltr' id='par_1_70' title="bbox 570 4101 2139 4179">
     <span class='ocr_line' id='line_1_70' title="bbox 570 4101 2139 4179; baseline -0.004 -17"><span class='ocrx_word' id='word_1_524' title='bbox 570 4108 737 4179; x_wconf 90' lang='lat' dir='ltr'><strong>igitur</strong></span> <span class='ocrx_word' id='word_1_525' title='bbox 766 4104 984 4166; x_wconf 89' lang='lat' dir='ltr'><strong>amodo,</strong></span> <span class='ocrx_word' id='word_1_526' title='bbox 1016 4104 1216 4174; x_wconf 89' lang='lat' dir='ltr'><strong>inquit,</strong></span> <span class='ocrx_word' id='word_1_527' title='bbox 1250 4102 1429 4167; x_wconf 90' lang='lat' dir='ltr'><strong>vobis,</strong></span> <span class='ocrx_word' id='word_1_528' title='bbox 1464 4117 1588 4172; x_wconf 70' lang='lat' dir='ltr'><strong>qua:</strong></span> <span class='ocrx_word' id='word_1_529' title='bbox 1619 4116 1719 4172; x_wconf 90' lang='lat' dir='ltr'>pro</span> <span class='ocrx_word' id='word_1_530' title='bbox 1753 4101 1963 4158; x_wconf 82' lang='lat' dir='ltr'><strong>foribus</strong></span> <span class='ocrx_word' id='word_1_531' title='bbox 2010 4103 2139 4172; x_wconf 88' lang='lat' dir='ltr'><strong>qui-</strong></span> 
     </span>
    </p>
   </div>
   <div class='ocr_carea' id='block_1_71' title="bbox 569 4193 2136 4269">
    <p class='ocr_par' dir='ltr' id='par_1_71' title="bbox 569 4193 2136 4269">
     <span class='ocr_line' id='line_1_71' title="bbox 569 4193 2136 4269; baseline -0.004 -14"><span class='ocrx_word' id='word_1_532' title='bbox 569 4199 691 4255; x_wconf 88' lang='lat' dir='ltr'>dem</span> <span class='ocrx_word' id='word_1_533' title='bbox 727 4199 839 4269; x_wconf 87' lang='lat' dir='ltr'><strong>jam</strong></span> <span class='ocrx_word' id='word_1_534' title='bbox 871 4206 1020 4261; x_wconf 90' lang='lat' dir='ltr'><strong>sunt;</strong></span> <span class='ocrx_word' id='word_1_535' title='bbox 1050 4195 1146 4252; x_wconf 89' lang='lat' dir='ltr'>sed</span> <span class='ocrx_word' id='word_1_536' title='bbox 1180 4193 1446 4249; x_wconf 77' lang='lat' dir='ltr'><strong>factorum</strong></span> <span class='ocrx_word' id='word_1_537' title='bbox 1481 4194 1724 4247; x_wconf 89' lang='lat' dir='ltr'><strong>nondum</strong></span> <span class='ocrx_word' id='word_1_538' title='bbox 1764 4194 2136 4262; x_wconf 84' lang='lat' dir='ltr'><strong>cognitionem</strong></span> 
     </span>
    </p>
   </div>
   <div class='ocr_carea' id='block_1_72' title="bbox 566 4283 2134 4355">
    <p class='ocr_par' dir='ltr' id='par_1_72' title="bbox 566 4283 2134 4355">
     <span class='ocr_line' id='line_1_72' title="bbox 566 4283 2134 4355; baseline -0.003 -12"><span class='ocrx_word' id='word_1_539' title='bbox 566 4291 724 4345; x_wconf 82' lang='lat' dir='ltr'><strong>vobis</strong></span> <span class='ocrx_word' id='word_1_540' title='bbox 762 4287 953 4355; x_wconf 80' lang='lat' dir='ltr'><strong>aﬂ&#39;ero,</strong></span> <span class='ocrx_word' id='word_1_541' title='bbox 986 4295 1067 4351; x_wconf 92' lang='lat' dir='ltr'>ut,</span> <span class='ocrx_word' id='word_1_542' title='bbox 1122 4301 1246 4341; x_wconf 90' lang='lat' dir='ltr'>cum</span> <span class='ocrx_word' id='word_1_543' title='bbox 1299 4300 1366 4340; x_wconf 84' lang='lat' dir='ltr'>ea</span> <span class='ocrx_word' id='word_1_544' title='bbox 1416 4284 1535 4340; x_wconf 86' lang='lat' dir='ltr'><strong>ﬁeri</strong></span> <span class='ocrx_word' id='word_1_545' title='bbox 1597 4283 1918 4353; x_wconf 78' lang='lat' dir='ltr'><strong>contigerit,</strong></span> <span class='ocrx_word' id='word_1_546' title='bbox 1952 4301 2134 4340; x_wconf 90' lang='lat' dir='ltr'><strong>rerum</strong></span> 
     </span>
    </p>
   </div>
   <div class='ocr_carea' id='block_1_73' title="bbox 566 4375 2133 4449">
    <p class='ocr_par' dir='ltr' id='par_1_73' title="bbox 566 4375 2133 4449">
     <span class='ocr_line' id='line_1_73' title="bbox 566 4375 2133 4449; baseline -0.003 -15"><span class='ocrx_word' id='word_1_547' title='bbox 566 4381 770 4434; x_wconf 77' lang='lat' dir='ltr'><strong>exitum</strong></span> <span class='ocrx_word' id='word_1_548' title='bbox 803 4379 940 4434; x_wconf 89' lang='lat' dir='ltr'><strong>meis</strong></span> <span class='ocrx_word' id='word_1_549' title='bbox 979 4377 1433 4449; x_wconf 65' lang='lat' dir='ltr'><strong>praedictionibus</strong></span> <span class='ocrx_word' id='word_1_550' title='bbox 1462 4383 1738 4445; x_wconf 87' lang='lat' dir='ltr'><strong>aptantes,</strong></span> <span class='ocrx_word' id='word_1_551' title='bbox 1765 4375 1922 4430; x_wconf 90' lang='lat' dir='ltr'><strong>illum</strong></span> <span class='ocrx_word' id='word_1_552' title='bbox 1955 4376 2133 4445; x_wconf 91' lang='lat' dir='ltr'><strong>ipsum</strong></span> 
     </span>
    </p>
   </div>
   <div class='ocr_carea' id='block_1_74' title="bbox 565 4464 2132 4538">
    <p class='ocr_par' dir='ltr' id='par_1_74' title="bbox 565 4464 2132 4538">
     <span class='ocr_line' id='line_1_74' title="bbox 565 4464 2132 4538; baseline -0.003 -15"><span class='ocrx_word' id='word_1_553' title='bbox 565 4485 653 4524; x_wconf 89' lang='lat' dir='ltr'>me</span> <span class='ocrx_word' id='word_1_554' title='bbox 701 4483 826 4524; x_wconf 87' lang='lat' dir='ltr'><strong>esse</strong></span> <span class='ocrx_word' id='word_1_555' title='bbox 859 4470 1122 4531; x_wconf 83' lang='lat' dir='ltr'><strong>credatis,</strong></span> <span class='ocrx_word' id='word_1_556' title='bbox 1154 4469 1222 4524; x_wconf 90' lang='lat' dir='ltr'>de</span> <span class='ocrx_word' id='word_1_557' title='bbox 1271 4483 1380 4538; x_wconf 91' lang='lat' dir='ltr'>quo</span> <span class='ocrx_word' id='word_1_558' title='bbox 1436 4467 1563 4522; x_wconf 82' lang='lat' dir='ltr'><strong>talia</strong></span> <span class='ocrx_word' id='word_1_559' title='bbox 1616 4464 1907 4537; x_wconf 89' lang='lat' dir='ltr'><strong>Scriptura</strong></span> <span class='ocrx_word' id='word_1_560' title='bbox 1945 4467 2132 4522; x_wconf 87' lang='lat' dir='ltr'><strong>divina</strong></span> 
     </span>
    </p>
   </div>
   <div class='ocr_carea' id='block_1_75' title="bbox 562 4554 2132 4632">
    <p class='ocr_par' dir='ltr' id='par_1_75' title="bbox 562 4554 2132 4632">
     <span class='ocr_line' id='line_1_75' title="bbox 562 4554 2132 4632; baseline 0 -19"><span class='ocrx_word' id='word_1_561' title='bbox 562 4559 902 4632; x_wconf 66' lang='lat' dir='ltr'><strong>praedixerit.</strong></span> <span class='ocrx_word' id='word_1_562' title='bbox 967 4557 1144 4612; x_wconf 91' lang='lat' dir='ltr'><strong>Simul</strong></span> <span class='ocrx_word' id='word_1_563' title='bbox 1205 4574 1340 4629; x_wconf 86' lang='lat' dir='ltr'><strong>ergo</strong></span> <span class='ocrx_word' id='word_1_564' title='bbox 1400 4557 1668 4611; x_wconf 88' lang='lat' dir='ltr'><strong>Dominus</strong></span> <span class='ocrx_word' id='word_1_565' title='bbox 1725 4564 1914 4610; x_wconf 90' lang='lat' dir='ltr'><strong>noster</strong></span> <span class='ocrx_word' id='word_1_566' title='bbox 1967 4554 2132 4613; x_wconf 82' lang='lat' dir='ltr'><strong>Jesus</strong></span> 
     </span>
    </p>
   </div>
   <div class='ocr_carea' id='block_1_76' title="bbox 2336 3281 3825 3351">
    <p class='ocr_par' dir='ltr' id='par_1_76' title="bbox 2336 3281 3825 3351">
     <span class='ocr_line' id='line_1_76' title="bbox 2336 3281 3825 3351; baseline 0.002 -17"><span class='ocrx_word' id='word_1_567' title='bbox 2336 3282 2566 3349; x_wconf 76' lang='grc' dir='ltr'>Ἀπάρτι</span> <span class='ocrx_word' id='word_1_568' title='bbox 2603 3281 2756 3351; x_wconf 76' lang='grc' dir='ltr'>λέγω</span> <span class='ocrx_word' id='word_1_569' title='bbox 2790 3281 2930 3350; x_wconf 81' lang='grc' dir='ltr'>ὑμῖν</span> <span class='ocrx_word' id='word_1_570' title='bbox 2971 3281 3084 3349; x_wconf 82' lang='grc' dir='ltr'>πρὸ</span> <span class='ocrx_word' id='word_1_571' title='bbox 3117 3281 3223 3334; x_wconf 89' lang='grc' dir='ltr'>τοῦ</span> <span class='ocrx_word' id='word_1_572' title='bbox 3251 3284 3548 3351; x_wconf 78' lang='grc' dir='ltr'>γενέσθαι,</span> <span class='ocrx_word' id='word_1_573' title='bbox 3586 3284 3688 3336; x_wconf 84' lang='grc' dir='ltr'>ἵνα</span> <span class='ocrx_word' id='word_1_574' title='bbox 3731 3300 3825 3337; x_wconf 78' lang='grc' dir='ltr'>πι-</span> 
     </span>
    </p>
   </div>
   <div class='ocr_carea' id='block_1_77' title="bbox 2253 3373 3477 3443">
    <p class='ocr_par' dir='ltr' id='par_1_77' title="bbox 2253 3373 3477 3443">
     <span class='ocr_line' id='line_1_77' title="bbox 2253 3373 3477 3443; baseline -0.002 -15"><span class='ocrx_word' id='word_1_575' title='bbox 2253 3375 2568 3441; x_wconf 84' lang='grc' dir='ltr'>στεύσητε,</span> <span class='ocrx_word' id='word_1_576' title='bbox 2608 3373 2755 3426; x_wconf 85' lang='grc' dir='ltr'>ὅταν</span> <span class='ocrx_word' id='word_1_577' title='bbox 2796 3373 3058 3441; x_wconf 79' lang='grc' dir='ltr'>γένηται,</span> <span class='ocrx_word' id='word_1_578' title='bbox 3094 3374 3183 3427; x_wconf 85' lang='grc' dir='ltr'>ὅτι</span> <span class='ocrx_word' id='word_1_579' title='bbox 3207 3374 3320 3443; x_wconf 69' lang='grc' dir='ltr'>ἐγώ</span> <span class='ocrx_word' id='word_1_580' title='bbox 3340 3374 3477 3442; x_wconf 74' lang='grc' dir='ltr'>ειμι.</span> 
     </span>
    </p>
   </div>
   <div class='ocr_carea' id='block_1_78' title="bbox 2334 3462 3818 3532">
    <p class='ocr_par' dir='ltr' id='par_1_78' title="bbox 2334 3462 3818 3532">
     <span class='ocr_line' id='line_1_78' title="bbox 2334 3462 3818 3532; baseline -0.001 -17"><span class='ocrx_word' id='word_1_581' title='bbox 2334 3462 2791 3531; x_wconf 84' lang='grc' dir='ltr'>Ἀναγκαιοτάτην</span> <span class='ocrx_word' id='word_1_582' title='bbox 2821 3463 3143 3532; x_wconf 85' lang='grc' dir='ltr'>πεποίημαι,</span> <span class='ocrx_word' id='word_1_583' title='bbox 3177 3462 3329 3530; x_wconf 69' lang='grc' dir='ltr'>φησι,</span> <span class='ocrx_word' id='word_1_584' title='bbox 3370 3462 3479 3514; x_wconf 86' lang='grc' dir='ltr'>τῶν</span> <span class='ocrx_word' id='word_1_585' title='bbox 3510 3462 3634 3514; x_wconf 85' lang='grc' dir='ltr'>ὅσον</span> <span class='ocrx_word' id='word_1_586' title='bbox 3665 3462 3818 3514; x_wconf 80' lang='grc' dir='ltr'>οὐδέ-</span> 
     </span>
    </p>
   </div>
   <div class='ocr_carea' id='block_1_79' title="bbox 2250 3552 3817 3627">
    <p class='ocr_par' dir='ltr' id='par_1_79' title="bbox 2250 3552 3817 3627">
     <span class='ocr_line' id='line_1_79' title="bbox 2250 3552 3817 3627; baseline -0.003 -17"><span class='ocrx_word' id='word_1_587' title='bbox 2250 3574 2337 3610; x_wconf 90' lang='grc' dir='ltr'>πω</span> <span class='ocrx_word' id='word_1_588' title='bbox 2404 3556 2810 3627; x_wconf 84' lang='grc' dir='ltr'>παρεσομένων,</span> <span class='ocrx_word' id='word_1_589' title='bbox 2859 3554 2951 3607; x_wconf 68' lang='grc' dir='ltr'>καὶ</span> <span class='ocrx_word' id='word_1_590' title='bbox 3005 3553 3111 3624; x_wconf 85' lang='grc' dir='ltr'>πρὸ</span> <span class='ocrx_word' id='word_1_591' title='bbox 3163 3552 3350 3624; x_wconf 85' lang='grc' dir='ltr'>καιροῦ</span> <span class='ocrx_word' id='word_1_592' title='bbox 3391 3552 3487 3624; x_wconf 80' lang='grc' dir='ltr'>τὴν</span> <span class='ocrx_word' id='word_1_593' title='bbox 3536 3553 3817 3624; x_wconf 79' lang='grc' dir='ltr'>ἐξήγησιν·</span> 
     </span>
    </p>
   </div>
   <div class='ocr_carea' id='block_1_80' title="bbox 2246 3644 3819 3719">
    <p class='ocr_par' dir='ltr' id='par_1_80' title="bbox 2246 3644 3819 3719">
     <span class='ocr_line' id='line_1_80' title="bbox 2246 3644 3819 3719; baseline -0.002 -19"><span class='ocrx_word' id='word_1_594' title='bbox 2246 3648 2474 3719; x_wconf 75' lang='grc' dir='ltr'>ᾐσθήσει</span> <span class='ocrx_word' id='word_1_595' title='bbox 2495 3650 2511 3667; x_wconf 82' lang='grc'><strong>¹</strong></span> <span class='ocrx_word' id='word_1_596' title='bbox 2533 3646 2641 3717; x_wconf 84' lang='grc' dir='ltr'>γὰρ</span> <span class='ocrx_word' id='word_1_597' title='bbox 2673 3647 2797 3709; x_wconf 83' lang='grc' dir='ltr'>τοῦς</span> <span class='ocrx_word' id='word_1_598' title='bbox 2826 3646 3229 3715; x_wconf 80' lang='grc' dir='ltr'>ἀκροωμένους,</span> <span class='ocrx_word' id='word_1_599' title='bbox 3253 3645 3346 3697; x_wconf 77' lang='grc' dir='ltr'>καὶ</span> <span class='ocrx_word' id='word_1_600' title='bbox 3374 3645 3434 3696; x_wconf 85' lang='grc' dir='ltr'>ού</span> <span class='ocrx_word' id='word_1_601' title='bbox 3456 3644 3650 3714; x_wconf 83' lang='grc' dir='ltr'>μικρὸν</span> <span class='ocrx_word' id='word_1_602' title='bbox 3681 3645 3819 3697; x_wconf 76' lang='grc' dir='ltr'>οἴσει</span> 
     </span>
    </p>
   </div>
   <div class='ocr_carea' id='block_1_81' title="bbox 2244 3734 3816 3811">
    <p class='ocr_par' dir='ltr' id='par_1_81' title="bbox 2244 3734 3816 3811">
     <span class='ocr_line' id='line_1_81' title="bbox 2244 3734 3816 3811; baseline -0.001 -20"><span class='ocrx_word' id='word_1_603' title='bbox 2244 3740 2306 3793; x_wconf 84' lang='grc' dir='ltr'>τὸ</span> <span class='ocrx_word' id='word_1_604' title='bbox 2336 3739 2546 3811; x_wconf 86' lang='grc' dir='ltr'>κέρδος,</span> <span class='ocrx_word' id='word_1_605' title='bbox 2590 3740 2639 3791; x_wconf 82' lang='grc' dir='ltr'>εί</span> <span class='ocrx_word' id='word_1_606' title='bbox 2666 3738 2758 3790; x_wconf 85' lang='grc' dir='ltr'>τὸν</span> <span class='ocrx_word' id='word_1_607' title='bbox 2789 3739 2854 3791; x_wconf 85' lang='grc' dir='ltr'>ὲκ</span> <span class='ocrx_word' id='word_1_608' title='bbox 2881 3735 2974 3789; x_wconf 91' lang='grc' dir='ltr'>τοῦ</span> <span class='ocrx_word' id='word_1_609' title='bbox 3007 3736 3329 3808; x_wconf 87' lang='grc' dir='ltr'>πράγματος</span> <span class='ocrx_word' id='word_1_610' title='bbox 3358 3735 3550 3788; x_wconf 83' lang='grc' dir='ltr'>εἰδεῖεν</span> <span class='ocrx_word' id='word_1_611' title='bbox 3589 3734 3816 3789; x_wconf 87' lang='grc' dir='ltr'>σκοπόν.</span> 
     </span>
    </p>
   </div>
   <div class='ocr_carea' id='block_1_82' title="bbox 2244 3825 3816 3900">
    <p class='ocr_par' dir='ltr' id='par_1_82' title="bbox 2244 3825 3816 3900">
     <span class='ocr_line' id='line_1_82' title="bbox 2244 3825 3816 3900; baseline -0.004 -18"><span class='ocrx_word' id='word_1_612' title='bbox 2244 3828 2481 3891; x_wconf 85' lang='grc' dir='ltr'>Εἰκαίως</span> <span class='ocrx_word' id='word_1_613' title='bbox 2535 3829 2632 3897; x_wconf 85' lang='grc' dir='ltr'>μὲν</span> <span class='ocrx_word' id='word_1_614' title='bbox 2679 3829 2786 3900; x_wconf 85' lang='grc' dir='ltr'>γὰρ</span> <span class='ocrx_word' id='word_1_615' title='bbox 2832 3828 2929 3898; x_wconf 83' lang='grc' dir='ltr'>τὴν</span> <span class='ocrx_word' id='word_1_616' title='bbox 2986 3827 3079 3879; x_wconf 89' lang='grc' dir='ltr'>τοῦ</span> <span class='ocrx_word' id='word_1_617' title='bbox 3128 3826 3286 3895; x_wconf 78' lang='grc' dir='ltr'>λόγου</span> <span class='ocrx_word' id='word_1_618' title='bbox 3333 3825 3524 3897; x_wconf 78' lang='grc' dir='ltr'>χρείαν</span> <span class='ocrx_word' id='word_1_619' title='bbox 3565 3825 3816 3896; x_wconf 81' lang='grc' dir='ltr'>δαπανᾷν</span> 
     </span>
    </p>
   </div>
   <div class='ocr_carea' id='block_1_83' title="bbox 2243 3911 3818 3991">
    <p class='ocr_par' dir='ltr' id='par_1_83' title="bbox 2243 3911 3818 3991">
     <span class='ocr_line' id='line_1_83' title="bbox 2243 3911 3818 3991; baseline -0.001 -19"><span class='ocrx_word' id='word_1_620' title='bbox 2243 3920 2595 3991; x_wconf 81' lang='grc' dir='ltr'>διηγήμασιν,</span> <span class='ocrx_word' id='word_1_621' title='bbox 2628 3919 2892 3989; x_wconf 80' lang='grc' dir='ltr'>ἀσύνηθές</span> <span class='ocrx_word' id='word_1_622' title='bbox 2916 3935 2975 3971; x_wconf 89' lang='grc' dir='ltr'>τε</span> <span class='ocrx_word' id='word_1_623' title='bbox 3004 3919 3099 3972; x_wconf 70' lang='grc' dir='ltr'>καὶ</span> <span class='ocrx_word' id='word_1_624' title='bbox 3124 3918 3182 3971; x_wconf 78' lang='grc' dir='ltr'>οὐ</span> <span class='ocrx_word' id='word_1_625' title='bbox 3217 3917 3367 3988; x_wconf 81' lang='grc' dir='ltr'>φίλον</span> <span class='ocrx_word' id='word_1_626' title='bbox 3401 3917 3544 3987; x_wconf 77' lang='grc' dir='ltr'>ἐμοί’</span> <span class='ocrx_word' id='word_1_627' title='bbox 3573 3911 3657 3981; x_wconf 75' lang='grc' dir='ltr'>οἷς</span> <span class='ocrx_word' id='word_1_628' title='bbox 3679 3917 3727 3970; x_wconf 74' lang='grc' dir='ltr'>δ’</span> <span class='ocrx_word' id='word_1_629' title='bbox 3752 3918 3818 3971; x_wconf 82' lang='grc' dir='ltr'>ἀν</span> 
     </span>
    </p>
   </div>
   <div class='ocr_carea' id='block_1_84' title="bbox 2245 4009 3817 4083">
    <p class='ocr_par' dir='ltr' id='par_1_84' title="bbox 2245 4009 3817 4083">
     <span class='ocr_line' id='line_1_84' title="bbox 2245 4009 3817 4083; baseline -0.002 -19"><span class='ocrx_word' id='word_1_630' title='bbox 2245 4012 2504 4083; x_wconf 81' lang='grc' dir='ltr'>φαίνηται</span> <span class='ocrx_word' id='word_1_631' title='bbox 2542 4011 2741 4082; x_wconf 85' lang='grc' dir='ltr'>προσὸν</span> <span class='ocrx_word' id='word_1_632' title='bbox 2797 4010 2857 4063; x_wconf 84' lang='grc' dir='ltr'>τὸ</span> <span class='ocrx_word' id='word_1_633' title='bbox 2905 4009 3175 4072; x_wconf 82' lang='grc' dir='ltr'>λυσιτελὲς</span> <span class='ocrx_word' id='word_1_634' title='bbox 3221 4011 3283 4062; x_wconf 81' lang='grc' dir='ltr'>οὐ</span> <span class='ocrx_word' id='word_1_635' title='bbox 3336 4009 3528 4080; x_wconf 82' lang='grc' dir='ltr'>μικρὸν</span> <span class='ocrx_word' id='word_1_636' title='bbox 3581 4010 3633 4061; x_wconf 86' lang='grc' dir='ltr'>εί</span> <span class='ocrx_word' id='word_1_637' title='bbox 3674 4009 3817 4073; x_wconf 81' lang='grc' dir='ltr'>πρὸς</span> 
     </span>
    </p>
   </div>
   <div class='ocr_carea' id='block_1_85' title="bbox 2240 4099 3814 4173">
    <p class='ocr_par' dir='ltr' id='par_1_85' title="bbox 2240 4099 3814 4173">
     <span class='ocr_line' id='line_1_85' title="bbox 2240 4099 3814 4173; baseline -0.001 -17"><span class='ocrx_word' id='word_1_638' title='bbox 2240 4103 2441 4171; x_wconf 83' lang='grc' dir='ltr'>γνῶσιν</span> <span class='ocrx_word' id='word_1_639' title='bbox 2473 4100 2568 4173; x_wconf 83' lang='grc' dir='ltr'>[αι.</span> <span class='ocrx_word' id='word_1_640' title='bbox 2602 4103 2652 4154; x_wconf 81' lang='grc' dir='ltr'>εί</span> <span class='ocrx_word' id='word_1_641' title='bbox 2700 4103 2779 4164; x_wconf 84' lang='grc' dir='ltr'>είς</span> <span class='ocrx_word' id='word_1_642' title='bbox 2813 4099 3142 4172; x_wconf 88' lang='grc' dir='ltr'>πρόγνωσιν]</span> <span class='ocrx_word' id='word_1_643' title='bbox 3170 4101 3238 4153; x_wconf 84' lang='grc' dir='ltr'>ῖοι</span> <span class='ocrx_word' id='word_1_644' title='bbox 3265 4099 3362 4170; x_wconf 81' lang='grc' dir='ltr'>τὴν</span> <span class='ocrx_word' id='word_1_645' title='bbox 3391 4099 3668 4170; x_wconf 76' lang='grc' dir='ltr'>ἡμετέραν</span> <span class='ocrx_word' id='word_1_646' title='bbox 3698 4099 3814 4172; x_wconf 76' lang='grc' dir='ltr'>[ῃο.</span> 
     </span>
    </p>
   </div>
   <div class='ocr_carea' id='block_1_86' title="bbox 2240 4184 3844 4266">
    <p class='ocr_par' dir='ltr' id='par_1_86' title="bbox 2240 4184 3844 4266">
     <span class='ocr_line' id='line_1_86' title="bbox 2240 4184 3844 4266; baseline -0.002 -19"><span class='ocrx_word' id='word_1_647' title='bbox 2240 4193 2555 4266; x_wconf 62' lang='grc' dir='ltr'>ὑμετέραν1,</span> <span class='ocrx_word' id='word_1_648' title='bbox 2590 4193 2758 4246; x_wconf 88' lang='grc' dir='ltr'>ταῦτα</span> <span class='ocrx_word' id='word_1_649' title='bbox 2791 4193 2899 4245; x_wconf 88' lang='grc' dir='ltr'>δεῖν</span> <span class='ocrx_word' id='word_1_650' title='bbox 2944 4184 3307 4261; x_wconf 69' lang='grc' dir='ltr'>ὑπολαμϐάνω</span> <span class='ocrx_word' id='word_1_651' title='bbox 3347 4193 3466 4254; x_wconf 89' lang='grc' dir='ltr'>ταῖς</span> <span class='ocrx_word' id='word_1_652' title='bbox 3509 4191 3844 4265; x_wconf 66' lang='grc' dir='ltr'>ἡμετέραις⁵</span> 
     </span>
    </p>
   </div>
   <div class='ocr_carea' id='block_1_87' title="bbox 2242 4283 3814 4358">
    <p class='ocr_par' dir='ltr' id='par_1_87' title="bbox 2242 4283 3814 4358">
     <span class='ocr_line' id='line_1_87' title="bbox 2242 4283 3814 4358; baseline -0.001 -20"><span class='ocrx_word' id='word_1_653' title='bbox 2242 4286 2352 4358; x_wconf 80' lang='grc' dir='ltr'>[ἵσ.</span> <span class='ocrx_word' id='word_1_654' title='bbox 2418 4283 2733 4357; x_wconf 81' lang='grc' dir='ltr'>ὑμετέραις]</span> <span class='ocrx_word' id='word_1_655' title='bbox 2785 4286 2997 4355; x_wconf 75' lang='grc' dir='ltr'>ἐνηχεῖν</span> <span class='ocrx_word' id='word_1_656' title='bbox 3047 4284 3256 4347; x_wconf 85' lang='grc' dir='ltr'>ἀκοαῖς.</span> <span class='ocrx_word' id='word_1_657' title='bbox 3303 4283 3462 4351; x_wconf 86' lang='grc' dir='ltr'>Λέγω</span> <span class='ocrx_word' id='word_1_658' title='bbox 3521 4283 3814 4355; x_wconf 82' lang='grc' dir='ltr'>τοιγαροῦν</span> 
     </span>
    </p>
   </div>
   <div class='ocr_carea' id='block_1_88' title="bbox 2236 4375 3814 4450">
    <p class='ocr_par' dir='ltr' id='par_1_88' title="bbox 2236 4375 3814 4450">
     <span class='ocr_line' id='line_1_88' title="bbox 2236 4375 3814 4450; baseline -0.003 -18"><span class='ocrx_word' id='word_1_659' title='bbox 2236 4380 2464 4450; x_wconf 85' lang='grc' dir='ltr'>ἁπάρτι,</span> <span class='ocrx_word' id='word_1_660' title='bbox 2505 4379 2690 4449; x_wconf 78' lang='grc' dir='ltr'>φησὶν,</span> <span class='ocrx_word' id='word_1_661' title='bbox 2732 4380 2860 4448; x_wconf 79' lang='grc' dir='ltr'>ὑμῖν</span> <span class='ocrx_word' id='word_1_662' title='bbox 2884 4378 2950 4431; x_wconf 88' lang='grc' dir='ltr'>τὰ</span> <span class='ocrx_word' id='word_1_663' title='bbox 2974 4378 3065 4430; x_wconf 73' lang='grc' dir='ltr'>ἐπὶ</span> <span class='ocrx_word' id='word_1_664' title='bbox 3084 4377 3273 4446; x_wconf 85' lang='grc' dir='ltr'>θύραις</span> <span class='ocrx_word' id='word_1_665' title='bbox 3306 4376 3404 4446; x_wconf 86' lang='grc' dir='ltr'>μὲν</span> <span class='ocrx_word' id='word_1_666' title='bbox 3436 4375 3556 4445; x_wconf 71' lang='grc' dir='ltr'>ἤδη,</span> <span class='ocrx_word' id='word_1_667' title='bbox 3596 4376 3814 4429; x_wconf 86' lang='grc' dir='ltr'>τετελε-</span> 
     </span>
    </p>
   </div>
   <div class='ocr_carea' id='block_1_89' title="bbox 2238 4467 3811 4544">
    <p class='ocr_par' dir='ltr' id='par_1_89' title="bbox 2238 4467 3811 4544">
     <span class='ocr_line' id='line_1_89' title="bbox 2238 4467 3811 4544; baseline -0.005 -17"><span class='ocrx_word' id='word_1_668' title='bbox 2238 4473 2449 4544; x_wconf 88' lang='grc' dir='ltr'>σμένων</span> <span class='ocrx_word' id='word_1_669' title='bbox 2477 4472 2534 4526; x_wconf 82' lang='grc' dir='ltr'>δὲ</span> <span class='ocrx_word' id='word_1_670' title='bbox 2565 4471 2717 4525; x_wconf 81' lang='grc' dir='ltr'>οῦπω</span> <span class='ocrx_word' id='word_1_671' title='bbox 2747 4473 2847 4543; x_wconf 84' lang='grc' dir='ltr'>τὴν</span> <span class='ocrx_word' id='word_1_672' title='bbox 2877 4470 3076 4538; x_wconf 79' lang='grc' dir='ltr'>γνῶσιν</span> <span class='ocrx_word' id='word_1_673' title='bbox 3107 4468 3378 4538; x_wconf 86' lang='grc' dir='ltr'>ὲντίθημι,</span> <span class='ocrx_word' id='word_1_674' title='bbox 3401 4467 3467 4519; x_wconf 82' lang='grc' dir='ltr'>ἵν’</span> <span class='ocrx_word' id='word_1_675' title='bbox 3492 4468 3622 4520; x_wconf 80' lang='grc' dir='ltr'>ὅταν</span> <span class='ocrx_word' id='word_1_676' title='bbox 3651 4467 3811 4535; x_wconf 85' lang='grc' dir='ltr'>γενέ-</span> 
     </span>
    </p>
   </div>
   <div class='ocr_carea' id='block_1_90' title="bbox 2236 4556 3810 4634">
    <p class='ocr_par' dir='ltr' id='par_1_90' title="bbox 2236 4556 3810 4634">
     <span class='ocr_line' id='line_1_90' title="bbox 2236 4556 3810 4634; baseline -0.006 -15"><span class='ocrx_word' id='word_1_677' title='bbox 2236 4566 2361 4619; x_wconf 88' lang='grc' dir='ltr'>σθαι</span> <span class='ocrx_word' id='word_1_678' title='bbox 2398 4562 2603 4634; x_wconf 84' lang='grc' dir='ltr'>συμϐῇ,</span> <span class='ocrx_word' id='word_1_679' title='bbox 2631 4563 3092 4633; x_wconf 87' lang='grc' dir='ltr'>συναρμόττοντες</span> <span class='ocrx_word' id='word_1_680' title='bbox 3115 4563 3227 4623; x_wconf 88' lang='grc' dir='ltr'>τοῖς</span> <span class='ocrx_word' id='word_1_681' title='bbox 3250 4559 3378 4628; x_wconf 83' lang='grc' dir='ltr'>παρ’</span> <span class='ocrx_word' id='word_1_682' title='bbox 3402 4556 3536 4629; x_wconf 88' lang='grc' dir='ltr'>ἐμοῦ</span> <span class='ocrx_word' id='word_1_683' title='bbox 3564 4573 3810 4628; x_wconf 78' lang='grc' dir='ltr'>προηγοο</span> 
     </span>
    </p>
   </div>
   <div class='ocr_carea' id='block_1_91' title="bbox 559 4648 2162 4731">
    <p class='ocr_par' dir='ltr' id='par_1_91' title="bbox 559 4648 2162 4729">
     <span class='ocr_line' id='line_1_91' title="bbox 559 4648 2162 4729; baseline -0.003 -21"><span class='ocrx_word' id='word_1_684' title='bbox 559 4653 819 4708; x_wconf 80' lang='lat' dir='ltr'><strong>Christus</strong></span> <span class='ocrx_word' id='word_1_685' title='bbox 871 4658 926 4705; x_wconf 91' lang='lat' dir='ltr'>et</span> <span class='ocrx_word' id='word_1_686' title='bbox 973 4650 1310 4721; x_wconf 88' lang='lat' dir='ltr'><strong>proditorem</strong></span> <span class='ocrx_word' id='word_1_687' title='bbox 1365 4649 1571 4704; x_wconf 88' lang='lat' dir='ltr'><strong>sensim</strong></span> <span class='ocrx_word' id='word_1_688' title='bbox 1611 4648 1888 4719; x_wconf 87' lang='lat' dir='ltr'><strong>castigare</strong></span> <span class='ocrx_word' id='word_1_689' title='bbox 1937 4662 2162 4729; x_wconf 60' lang='grc' dir='ltr'>εδει-(ξ-¹</span> 
     </span>
    </p>
   </div>
   <div class='ocr_carea' id='block_1_92' title="bbox 2261 4648 3809 4731">
    <p class='ocr_par' dir='ltr' id='par_1_92' title="bbox 2261 4649 3809 4726">
     <span class='ocr_line' id='line_1_92' title="bbox 2261 4649 3809 4726; baseline -0.002 -22"><span class='ocrx_word' id='word_1_690' title='bbox 2261 4657 2518 4726; x_wconf 73' lang='grc' dir='ltr'>»ευμένοις</span> <span class='ocrx_word' id='word_1_691' title='bbox 2565 4655 2672 4707; x_wconf 84' lang='grc' dir='ltr'>τῶν</span> <span class='ocrx_word' id='word_1_692' title='bbox 2705 4654 3044 4724; x_wconf 88' lang='grc' dir='ltr'>πραγμάτων</span> <span class='ocrx_word' id='word_1_693' title='bbox 3075 4649 3133 4703; x_wconf 82' lang='grc' dir='ltr'>τὺ</span> <span class='ocrx_word' id='word_1_694' title='bbox 3188 4650 3358 4714; x_wconf 86' lang='grc' dir='ltr'>τέλος,</span> <span class='ocrx_word' id='word_1_695' title='bbox 3401 4651 3608 4701; x_wconf 84' lang='grc' dir='ltr'>ἐκεῖνον</span> <span class='ocrx_word' id='word_1_696' title='bbox 3642 4649 3809 4702; x_wconf 78' lang='grc' dir='ltr'>αὑτὸν</span> 
     </span>
    </p>
   </div>
   <div class='ocr_carea' id='block_1_93' title="bbox 559 4735 2162 4814">
    <p class='ocr_par' dir='ltr' id='par_1_93' title="bbox 559 4739 2126 4812">
     <span class='ocr_line' id='line_1_93' title="bbox 559 4739 2126 4812; baseline -0.004 -14"><span class='ocrx_word' id='word_1_697' title='bbox 559 4746 733 4807; x_wconf 89' lang='lat' dir='ltr'><strong>ditur,</strong></span> <span class='ocrx_word' id='word_1_698' title='bbox 787 4742 1218 4812; x_wconf 85' lang='lat' dir='ltr'><strong>increpationem</strong></span> <span class='ocrx_word' id='word_1_699' title='bbox 1266 4739 1370 4794; x_wconf 89' lang='lat' dir='ltr'>sub</span> <span class='ocrx_word' id='word_1_700' title='bbox 1431 4739 1758 4809; x_wconf 89' lang='lat' dir='ltr'><strong>quibusdam</strong></span> <span class='ocrx_word' id='word_1_701' title='bbox 1827 4739 2126 4793; x_wconf 90' lang='lat' dir='ltr'><strong>involucris</strong></span> 
     </span>
    </p>
   </div>
   <div class='ocr_carea' id='block_1_94' title="bbox 2261 4735 3807 4814">
    <p class='ocr_par' dir='ltr' id='par_1_94' title="bbox 2261 4735 3807 4814">
     <span class='ocr_line' id='line_1_94' title="bbox 2261 4735 3807 4814; baseline -0.006 -17"><span class='ocrx_word' id='word_1_702' title='bbox 2261 4742 2367 4798; x_wconf 83' lang='grc' dir='ltr'>ἷναί</span> <span class='ocrx_word' id='word_1_703' title='bbox 2396 4761 2463 4814; x_wconf 87' lang='grc' dir='ltr'>με</span> <span class='ocrx_word' id='word_1_704' title='bbox 2500 4741 2845 4813; x_wconf 84' lang='grc' dir='ltr'>πιστεύσητε,</span> <span class='ocrx_word' id='word_1_705' title='bbox 2882 4741 3007 4811; x_wconf 77' lang='grc' dir='ltr'>περὶ</span> <span class='ocrx_word' id='word_1_706' title='bbox 3034 4735 3093 4794; x_wconf 77' lang='grc' dir='ltr'>οὗ</span> <span class='ocrx_word' id='word_1_707' title='bbox 3121 4740 3188 4792; x_wconf 86' lang='grc' dir='ltr'>τά</span> <span class='ocrx_word' id='word_1_708' title='bbox 3219 4737 3438 4792; x_wconf 87' lang='grc' dir='ltr'>τοιαῦτα</span> <span class='ocrx_word' id='word_1_709' title='bbox 3471 4738 3807 4809; x_wconf 84' lang='grc' dir='ltr'>κεχρησμῴ-</span> 
     </span>
    </p>
   </div>
   <div class='ocr_carea' id='block_1_95' title="bbox 558 4826 2162 4906">
    <p class='ocr_par' dir='ltr' id='par_1_95' title="bbox 558 4829 2123 4905">
     <span class='ocr_line' id='line_1_95' title="bbox 558 4829 2123 4905; baseline -0.006 -13"><span class='ocrx_word' id='word_1_710' title='bbox 558 4837 815 4901; x_wconf 79' lang='lat' dir='ltr'><strong>al&#39;l‘erens,</strong></span> <span class='ocrx_word' id='word_1_711' title='bbox 848 4843 902 4891; x_wconf 90' lang='lat' dir='ltr'>et</span> <span class='ocrx_word' id='word_1_712' title='bbox 935 4833 1262 4905; x_wconf 88' lang='lat' dir='ltr'><strong>proditionis</strong></span> <span class='ocrx_word' id='word_1_713' title='bbox 1295 4831 1503 4886; x_wconf 85' lang='lat' dir='ltr'><strong>exitum</strong></span> <span class='ocrx_word' id='word_1_714' title='bbox 1537 4833 1591 4885; x_wconf 90' lang='lat' dir='ltr'>in</span> <span class='ocrx_word' id='word_1_715' title='bbox 1629 4832 1844 4901; x_wconf 79' lang='lat' dir='ltr'><strong>signum</strong></span> <span class='ocrx_word' id='word_1_716' title='bbox 1881 4829 1999 4885; x_wconf 84' lang='lat' dir='ltr'><strong>fore</strong></span> <span class='ocrx_word' id='word_1_717' title='bbox 2024 4831 2123 4894; x_wconf 93' lang='lat' dir='ltr'><strong>ait,</strong></span> 
     </span>
    </p>
   </div>
   <div class='ocr_carea' id='block_1_96' title="bbox 2261 4826 3807 4906">
    <p class='ocr_par' dir='ltr' id='par_1_96' title="bbox 2262 4826 3807 4906">
     <span class='ocr_line' id='line_1_96' title="bbox 2262 4826 3807 4906; baseline -0.006 -18"><span class='ocrx_word' id='word_1_718' title='bbox 2262 4851 2392 4906; x_wconf 89' lang='grc' dir='ltr'>ηκεν</span> <span class='ocrx_word' id='word_1_719' title='bbox 2443 4837 2476 4904; x_wconf 83' lang='grc' dir='ltr'>ἡ</span> <span class='ocrx_word' id='word_1_720' title='bbox 2525 4834 2643 4886; x_wconf 86' lang='grc' dir='ltr'>θεία</span> <span class='ocrx_word' id='word_1_721' title='bbox 2670 4833 2987 4903; x_wconf 82' lang='grc' dir='ltr'>Γραφή.Ἐν</span> <span class='ocrx_word' id='word_1_722' title='bbox 3010 4830 3190 4900; x_wconf 87' lang='grc' dir='ltr'>ταυτῷ</span> <span class='ocrx_word' id='word_1_723' title='bbox 3223 4828 3505 4898; x_wconf 84' lang='grc' dir='ltr'>τοιγαροῦν</span> <span class='ocrx_word' id='word_1_724' title='bbox 3537 4830 3565 4880; x_wconf 87' lang='grc' dir='ltr'>ό</span> <span class='ocrx_word' id='word_1_725' title='bbox 3597 4826 3807 4897; x_wconf 83' lang='grc' dir='ltr'>Κύριος</span> 
     </span>
    </p>
   </div>
   <div class='ocr_carea' id='block_1_97' title="bbox 556 4919 2162 4998">
    <p class='ocr_par' dir='ltr' id='par_1_97' title="bbox 556 4919 2120 4995">
     <span class='ocr_line' id='line_1_97' title="bbox 556 4919 2120 4995; baseline -0.006 -11"><span class='ocrx_word' id='word_1_726' title='bbox 556 4939 611 4984; x_wconf 89' lang='lat' dir='ltr'>et</span> <span class='ocrx_word' id='word_1_727' title='bbox 637 4928 1009 4983; x_wconf 85' lang='lat' dir='ltr'><strong>clarissimum</strong></span> <span class='ocrx_word' id='word_1_728' title='bbox 1048 4931 1434 4995; x_wconf 73' lang='lat' dir='ltr'><strong>argumentum</strong></span> <span class='ocrx_word' id='word_1_729' title='bbox 1464 4923 1644 4992; x_wconf 89' lang='lat' dir='ltr'><strong>ipsum</strong></span> <span class='ocrx_word' id='word_1_730' title='bbox 1675 4935 1797 4976; x_wconf 92' lang='lat' dir='ltr'><strong>esse</strong></span> <span class='ocrx_word' id='word_1_731' title='bbox 1817 4919 2120 4975; x_wconf 84' lang='lat' dir='ltr'><strong>Christum.</strong></span> 
     </span>
    </p>
   </div>
   <div class='ocr_carea' id='block_1_98' title="bbox 2261 4919 3806 4998">
    <p class='ocr_par' dir='ltr' id='par_1_98' title="bbox 2270 4919 3806 4997">
     <span class='ocr_line' id='line_1_98' title="bbox 2270 4919 3806 4997; baseline -0.007 -17"><span class='ocrx_word' id='word_1_732' title='bbox 2270 4927 2384 4997; x_wconf 82' lang='grc' dir='ltr'>μῶν</span> <span class='ocrx_word' id='word_1_733' title='bbox 2417 4925 2620 4996; x_wconf 83' lang='grc' dir='ltr'>Ἰησοῦς</span> <span class='ocrx_word' id='word_1_734' title='bbox 2657 4927 2684 4977; x_wconf 88' lang='grc' dir='ltr'>ό</span> <span class='ocrx_word' id='word_1_735' title='bbox 2714 4924 2945 4994; x_wconf 78' lang='grc' dir='ltr'>Χριστὸς</span> <span class='ocrx_word' id='word_1_736' title='bbox 3011 4923 3104 4975; x_wconf 76' lang='grc' dir='ltr'>καὶ</span> <span class='ocrx_word' id='word_1_737' title='bbox 3136 4922 3227 4974; x_wconf 84' lang='grc' dir='ltr'>τὸν</span> <span class='ocrx_word' id='word_1_738' title='bbox 3264 4920 3529 4990; x_wconf 85' lang='grc' dir='ltr'>προδότην</span> <span class='ocrx_word' id='word_1_739' title='bbox 3566 4919 3806 4987; x_wconf 82' lang='grc' dir='ltr'>ἐπανορ-</span> 
     </span>
    </p>
   </div>
   <div class='ocr_carea' id='block_1_99' title="bbox 557 5007 2162 5092">
    <p class='ocr_par' dir='ltr' id='par_1_99' title="bbox 557 5016 2123 5092">
     <span class='ocr_line' id='line_1_99' title="bbox 557 5016 2123 5092; baseline -0.006 -14"><span class='ocrx_word' id='word_1_740' title='bbox 557 5023 631 5078; x_wconf 88' lang='lat' dir='ltr'><strong>Ut</strong></span> <span class='ocrx_word' id='word_1_741' title='bbox 657 5023 802 5077; x_wconf 82' lang='lat' dir='ltr'><strong>enim</strong></span> <span class='ocrx_word' id='word_1_742' title='bbox 834 5021 948 5092; x_wconf 83' lang='lat' dir='ltr'><strong>jam</strong></span> <span class='ocrx_word' id='word_1_743' title='bbox 982 5028 1140 5073; x_wconf 86' lang='lat' dir='ltr'><strong>antea</strong></span> <span class='ocrx_word' id='word_1_744' title='bbox 1173 5017 1434 5082; x_wconf 77' lang='lat' dir='ltr'><strong>diximus,</strong></span> <span class='ocrx_word' id='word_1_745' title='bbox 1460 5016 1553 5087; x_wconf 92' lang='lat' dir='ltr'>qui</span> <span class='ocrx_word' id='word_1_746' title='bbox 1581 5030 1644 5070; x_wconf 89' lang='lat' dir='ltr'>ea</span> <span class='ocrx_word' id='word_1_747' title='bbox 1673 5030 1793 5081; x_wconf 73' lang='lat' dir='ltr'><strong>quae</strong></span> <span class='ocrx_word' id='word_1_748' title='bbox 1814 5029 1913 5083; x_wconf 90' lang='lat' dir='ltr'>per</span> <span class='ocrx_word' id='word_1_749' title='bbox 1936 5029 2123 5069; x_wconf 88' lang='lat' dir='ltr'><strong>sacras</strong></span> 
     </span>
    </p>
   </div>
   <div class='ocr_carea' id='block_1_100' title="bbox 2261 5007 3804 5092">
    <p class='ocr_par' dir='ltr' id='par_1_100' title="bbox 2262 5007 3804 5087">
     <span class='ocr_line' id='line_1_100' title="bbox 2262 5007 3804 5087; baseline -0.007 -19"><span class='ocrx_word' id='word_1_750' title='bbox 2262 5017 2353 5070; x_wconf 86' lang='grc' dir='ltr'>οῦν</span> <span class='ocrx_word' id='word_1_751' title='bbox 2400 5016 2795 5087; x_wconf 80' lang='grc' dir='ltr'>εὐπεριστόλως</span> <span class='ocrx_word' id='word_1_752' title='bbox 2825 5015 3105 5083; x_wconf 83' lang='grc' dir='ltr'>ἐπιχειρεῖ,</span> <span class='ocrx_word' id='word_1_753' title='bbox 3134 5009 3519 5080; x_wconf 85' lang='grc' dir='ltr'>κεκρυμμένον</span> <span class='ocrx_word' id='word_1_754' title='bbox 3571 5007 3666 5059; x_wconf 79' lang='grc' dir='ltr'>ἐπὶ</span> <span class='ocrx_word' id='word_1_755' title='bbox 3718 5024 3804 5074; x_wconf 85' lang='grc' dir='ltr'>μι-</span> 
     </span>
    </p>
   </div>
   <div class='ocr_carea' id='block_1_101' title="bbox 556 5099 2162 5183">
    <p class='ocr_par' dir='ltr' id='par_1_101' title="bbox 556 5106 2120 5183">
     <span class='ocr_line' id='line_1_101' title="bbox 556 5106 2120 5183; baseline -0.006 -15"><span class='ocrx_word' id='word_1_756' title='bbox 556 5114 793 5168; x_wconf 85' lang='lat' dir='ltr'><strong>Litteras</strong></span> <span class='ocrx_word' id='word_1_757' title='bbox 855 5111 1118 5183; x_wconf 66' lang='lat' dir='ltr'><strong>praedicta</strong></span> <span class='ocrx_word' id='word_1_758' title='bbox 1180 5115 1309 5163; x_wconf 90' lang='lat' dir='ltr'><strong>sunt</strong></span> <span class='ocrx_word' id='word_1_759' title='bbox 1367 5123 1489 5161; x_wconf 91' lang='lat' dir='ltr'>cum</span> <span class='ocrx_word' id='word_1_760' title='bbox 1556 5106 1857 5176; x_wconf 89' lang='lat' dir='ltr'><strong>proditoris</strong></span> <span class='ocrx_word' id='word_1_761' title='bbox 1914 5106 2120 5160; x_wconf 88' lang='lat' dir='ltr'><strong>scelere</strong></span> 
     </span>
    </p>
   </div>
   <div class='ocr_carea' id='block_1_102' title="bbox 2261 5099 3802 5183">
    <p class='ocr_par' dir='ltr' id='par_1_102' title="bbox 2267 5099 3802 5178">
     <span class='ocr_line' id='line_1_102' title="bbox 2267 5099 3802 5178; baseline -0.008 -17"><span class='ocrx_word' id='word_1_762' title='bbox 2267 5111 2386 5178; x_wconf 85' lang='grc' dir='ltr'>ραῖς</span> <span class='ocrx_word' id='word_1_763' title='bbox 2432 5107 2721 5175; x_wconf 81' lang='grc' dir='ltr'>ἀσαφείαις</span> <span class='ocrx_word' id='word_1_764' title='bbox 2755 5105 3100 5176; x_wconf 76' lang='grc' dir='ltr'>προκομίζων</span> <span class='ocrx_word' id='word_1_765' title='bbox 3142 5104 3233 5156; x_wconf 82' lang='grc' dir='ltr'>τὸν</span> <span class='ocrx_word' id='word_1_766' title='bbox 3279 5103 3518 5171; x_wconf 78' lang='grc' dir='ltr'>ἔλεγχον,</span> <span class='ocrx_word' id='word_1_767' title='bbox 3560 5100 3655 5153; x_wconf 79' lang='grc' dir='ltr'>καὶ</span> <span class='ocrx_word' id='word_1_768' title='bbox 3700 5099 3802 5168; x_wconf 74' lang='grc' dir='ltr'>τὴν</span> 
     </span>
    </p>
   </div>
   <div class='ocr_carea' id='block_1_103' title="bbox 553 5186 2162 5275">
    <p class='ocr_par' dir='ltr' id='par_1_103' title="bbox 553 5195 2117 5275">
     <span class='ocr_line' id='line_1_103' title="bbox 553 5195 2117 5275; baseline -0.006 -16"><span class='ocrx_word' id='word_1_769' title='bbox 553 5205 980 5275; x_wconf 83' lang='lat' dir='ltr'><strong>comparaverit,</strong></span> <span class='ocrx_word' id='word_1_770' title='bbox 1011 5198 1544 5262; x_wconf 79' lang='lat' dir='ltr'><strong>manilestissimam,</strong></span> <span class='ocrx_word' id='word_1_771' title='bbox 1579 5207 1638 5252; x_wconf 90' lang='lat' dir='ltr'>ut</span> <span class='ocrx_word' id='word_1_772' title='bbox 1684 5211 1830 5259; x_wconf 89' lang='lat' dir='ltr'><strong>reor,</strong></span> <span class='ocrx_word' id='word_1_773' title='bbox 1859 5204 1914 5250; x_wconf 88' lang='lat' dir='ltr'>et</span> <span class='ocrx_word' id='word_1_774' title='bbox 1959 5195 2117 5249; x_wconf 79' lang='lat' dir='ltr'><strong>facil-</strong></span> 
     </span>
    </p>
   </div>
   <div class='ocr_carea' id='block_1_104' title="bbox 2261 5186 3802 5275">
    <p class='ocr_par' dir='ltr' id='par_1_104' title="bbox 2261 5186 3802 5267">
     <span class='ocr_line' id='line_1_104' title="bbox 2261 5186 3802 5267; baseline -0.008 -16"><span class='ocrx_word' id='word_1_775' title='bbox 2261 5198 2323 5266; x_wconf 82' lang='grc' dir='ltr'>ἧς</span> <span class='ocrx_word' id='word_1_776' title='bbox 2348 5196 2634 5267; x_wconf 83' lang='grc' dir='ltr'>προδοσίας</span> <span class='ocrx_word' id='word_1_777' title='bbox 2655 5195 2879 5248; x_wconf 75' lang='grc' dir='ltr'>ἔκϐασιν</span> <span class='ocrx_word' id='word_1_778' title='bbox 2907 5195 2986 5256; x_wconf 83' lang='grc' dir='ltr'>είς</span> <span class='ocrx_word' id='word_1_779' title='bbox 3019 5195 3242 5263; x_wconf 89' lang='grc' dir='ltr'>σημεῖον</span> <span class='ocrx_word' id='word_1_780' title='bbox 3270 5188 3490 5243; x_wconf 79' lang='grc' dir='ltr'>ἔσεσθαί</span> <span class='ocrx_word' id='word_1_781' title='bbox 3520 5196 3677 5259; x_wconf 75' lang='grc' dir='ltr'>φησι,</span> <span class='ocrx_word' id='word_1_782' title='bbox 3701 5186 3802 5264; x_wconf 70' lang='grc' dir='ltr'>καὶ</span> 
     </span>
    </p>
   </div>
   <div class='ocr_carea' id='block_1_105' title="bbox 553 5277 2162 5364">
    <p class='ocr_par' dir='ltr' id='par_1_105' title="bbox 553 5291 1841 5364">
     <span class='ocr_line' id='line_1_105' title="bbox 553 5291 1841 5364; baseline -0.005 -16"><span class='ocrx_word' id='word_1_783' title='bbox 553 5296 734 5349; x_wconf 84' lang='lat' dir='ltr'><strong>limam</strong></span> <span class='ocrx_word' id='word_1_784' title='bbox 762 5296 882 5364; x_wconf 84' lang='lat' dir='ltr'><strong>ejus</strong></span> <span class='ocrx_word' id='word_1_785' title='bbox 919 5291 1468 5363; x_wconf 87' lang='lat' dir='ltr'><strong>comprehensionem</strong></span> <span class='ocrx_word' id='word_1_786' title='bbox 1497 5297 1841 5360; x_wconf 88' lang='lat' dir='ltr'><strong>assequetur.</strong></span> 
     </span>
    </p>
   </div>
   <div class='ocr_carea' id='block_1_106' title="bbox 2261 5277 3795 5364">
    <p class='ocr_par' dir='ltr' id='par_1_106' title="bbox 2261 5277 3795 5358">
     <span class='ocr_line' id='line_1_106' title="bbox 2261 5277 3795 5358; baseline -0.007 -18"><span class='ocrx_word' id='word_1_787' title='bbox 2261 5293 2297 5352; x_wconf 80' lang='grc' dir='ltr'>ἱς</span> <span class='ocrx_word' id='word_1_788' title='bbox 2351 5292 2691 5358; x_wconf 81' lang='grc' dir='ltr'>σαφεστάτην</span> <span class='ocrx_word' id='word_1_789' title='bbox 2733 5285 3004 5350; x_wconf 83' lang='grc' dir='ltr'>ἀπόδειξιν</span> <span class='ocrx_word' id='word_1_790' title='bbox 3050 5285 3144 5337; x_wconf 90' lang='grc' dir='ltr'>τοῦ</span> <span class='ocrx_word' id='word_1_791' title='bbox 3174 5283 3336 5336; x_wconf 82' lang='grc' dir='ltr'>αὐτὸν</span> <span class='ocrx_word' id='word_1_792' title='bbox 3366 5277 3505 5334; x_wconf 78' lang='grc' dir='ltr'>εῖναι</span> <span class='ocrx_word' id='word_1_793' title='bbox 3537 5279 3795 5351; x_wconf 86' lang='grc' dir='ltr'>Χριστόν.</span> 
     </span>
    </p>
   </div>
   <div class='ocr_carea' id='block_1_107' title="bbox 563 5373 3796 5459">
    <p class='ocr_par' dir='ltr' id='par_1_107' title="bbox 563 5373 3796 5459">
     <span class='ocr_line' id='line_1_107' title="bbox 563 5373 3796 5459; baseline -0.006 -17"><span class='ocrx_word' id='word_1_794' title='bbox 563 5389 651 5451; x_wconf 83' lang='grc' dir='ltr'>Ὧς</span> <span class='ocrx_word' id='word_1_795' title='bbox 672 5388 779 5459; x_wconf 87' lang='grc' dir='ltr'>γὰρ</span> <span class='ocrx_word' id='word_1_796' title='bbox 810 5389 911 5459; x_wconf 75' lang='grc' dir='ltr'>ἤδη</span> <span class='ocrx_word' id='word_1_797' title='bbox 943 5387 1243 5457; x_wconf 78' lang='grc' dir='ltr'>φθάσαντες</span> <span class='ocrx_word' id='word_1_798' title='bbox 1266 5383 1513 5453; x_wconf 76' lang='grc' dir='ltr'>εἴπομεν,</span> <span class='ocrx_word' id='word_1_799' title='bbox 1546 5384 1574 5436; x_wconf 86' lang='grc' dir='ltr'><strong>ὁ</strong></span> <span class='ocrx_word' id='word_1_800' title='bbox 1603 5381 1673 5436; x_wconf 81' lang='grc' dir='ltr'>τὰ</span> <span class='ocrx_word' id='word_1_801' title='bbox 1701 5381 1788 5435; x_wconf 86' lang='grc' dir='ltr'>διὰ</span> <span class='ocrx_word' id='word_1_802' title='bbox 1816 5378 1923 5432; x_wconf 86' lang='grc' dir='ltr'>τῶν</span> <span class='ocrx_word' id='word_1_803' title='bbox 1950 5378 2111 5450; x_wconf 85' lang='grc' dir='ltr'>ἱερῶν</span> <span class='ocrx_word' id='word_1_804' title='bbox 2150 5380 2495 5451; x_wconf 88' lang='grc' dir='ltr'>Γραμμάτων</span> <span class='ocrx_word' id='word_1_805' title='bbox 2520 5379 3014 5452; x_wconf 84' lang='grc' dir='ltr'>προκεκηρυγμένα</span> <span class='ocrx_word' id='word_1_806' title='bbox 3042 5379 3153 5440; x_wconf 88' lang='grc' dir='ltr'>τοῖς</span> <span class='ocrx_word' id='word_1_807' title='bbox 3171 5374 3264 5428; x_wconf 90' lang='grc' dir='ltr'>τοῦ</span> <span class='ocrx_word' id='word_1_808' title='bbox 3323 5373 3584 5445; x_wconf 87' lang='grc' dir='ltr'>προδότου</span> <span class='ocrx_word' id='word_1_809' title='bbox 3656 5386 3796 5459; x_wconf 85' lang='grc' dir='ltr'>συμ-</span> 
     </span>
    </p>
   </div>
   <div class='ocr_carea' id='block_1_108' title="bbox 552 5458 3793 5550">
    <p class='ocr_par' dir='ltr' id='par_1_108' title="bbox 552 5458 3793 5550">
     <span class='ocr_line' id='line_1_108' title="bbox 552 5458 3793 5550; baseline -0.006 -17"><span class='ocrx_word' id='word_1_810' title='bbox 552 5478 730 5535; x_wconf 81' lang='grc' dir='ltr'>ϐαλὼν</span> <span class='ocrx_word' id='word_1_811' title='bbox 754 5458 1138 5550; x_wconf 78' lang='grc' dir='ltr'>τολμήμασιν,</span> <span class='ocrx_word' id='word_1_812' title='bbox 1200 5477 1668 5548; x_wconf 83' lang='grc' dir='ltr'>εὐσυνοπτοτάτην</span> <span class='ocrx_word' id='word_1_813' title='bbox 1707 5475 1798 5539; x_wconf 83' lang='grc' dir='ltr'>ἂν,</span> <span class='ocrx_word' id='word_1_814' title='bbox 1842 5473 2018 5543; x_wconf 84' lang='grc' dir='ltr'>οἶμαι,</span> <span class='ocrx_word' id='word_1_815' title='bbox 2060 5473 2153 5526; x_wconf 79' lang='grc' dir='ltr'>καὶ</span> <span class='ocrx_word' id='word_1_816' title='bbox 2190 5474 2567 5547; x_wconf 81' lang='grc' dir='ltr'>ἀταλαίπωρον</span> <span class='ocrx_word' id='word_1_817' title='bbox 2613 5473 2803 5545; x_wconf 83' lang='grc' dir='ltr'>κομιδῇ</span> <span class='ocrx_word' id='word_1_818' title='bbox 2842 5471 2938 5543; x_wconf 80' lang='grc' dir='ltr'>τὴν</span> <span class='ocrx_word' id='word_1_819' title='bbox 2962 5470 3048 5523; x_wconf 81' lang='grc' dir='ltr'>ἐπ’</span> <span class='ocrx_word' id='word_1_820' title='bbox 3076 5468 3223 5539; x_wconf 80' lang='grc' dir='ltr'>αὐτῷ</span> <span class='ocrx_word' id='word_1_821' title='bbox 3248 5465 3555 5536; x_wconf 74' lang='grc' dir='ltr'>κατάληψιν</span> <span class='ocrx_word' id='word_1_822' title='bbox 3590 5458 3793 5534; x_wconf 76' lang='grc' dir='ltr'>ἀληθῆ.</span> 
     </span>
    </p>
   </div>
   <div class='ocr_carea' id='block_1_109' title="bbox 552 5568 1357 5642">
    <p class='ocr_par' dir='ltr' id='par_1_109' title="bbox 552 5568 1357 5642">
     <span class='ocr_line' id='line_1_109' title="bbox 552 5568 1357 5642; baseline -0.004 -15"><span class='ocrx_word' id='word_1_823' title='bbox 552 5588 645 5627; x_wconf 86' lang='grc' dir='ltr'>και</span> <span class='ocrx_word' id='word_1_824' title='bbox 676 5572 818 5627; x_wconf 71' lang='grc' dir='ltr'>μάλα</span> <span class='ocrx_word' id='word_1_825' title='bbox 855 5571 1046 5642; x_wconf 74' lang='grc' dir='ltr'>ῥᾳδίως</span> <span class='ocrx_word' id='word_1_826' title='bbox 1073 5570 1246 5622; x_wconf 70' lang='grc' dir='ltr'>ἕλοιτο</span> <span class='ocrx_word' id='word_1_827' title='bbox 1274 5568 1357 5624; x_wconf 86' lang='grc' dir='ltr'>ἄν.</span> 
     </span>
    </p>
   </div>
  </div>
