4106 6262
326 338 427 392 153

1374 332 1436 387 IN
1476 331 1757 386 JUANNIS
1785 332 2227 388 EVANGELIUM
2265 333 2392 388 LIB.
2418 331 2508 387 IX.

3461 333 3563 388 154

407 451 618 520 Ἀμὴν..
657 449 819 517 ἀμὴν
863 446 1016 517 λέγω
1046 444 1211 514 ὑμῖν,
1243 447 1275 498 ὁ
1306 446 1626 514 λαμϐάνων
1650 446 1726 500 ἄν
1761 462 1894 500 τινα

2066 443 2203 506 XIII.
2241 444 2328 499 20.
2364 447 2551 509 Amen,
2587 461 2738 499 amen
2784 445 2903 499 dico
2951 442 3115 507 vobis,
3146 439 3236 513 qui
3276 445 3466 517 accipit
3515 450 3564 501 si

325 545 559 611 πέμψω,
586 538 689 609 ἐμὲ
709 536 997 607 λαμϐάνει
1013 553 1025 567 ·
1075 538 1107 590 ό
1136 536 1205 590 δὲ
1230 536 1334 605 ἐμὲ
1356 538 1700 606 λαμϐάνων,
1741 541 1889 608 λαμ-

319 633 498 700 βάνει
534 630 640 684 τὸν
659 627 1106 683 ἀποστείλαντὰ
1120 644 1217 696 με.

397 719 800 790 Προαποδείξας
839 717 1122 788 χρησίμως
1151 717 1342 771 ἑαυτὸν
1370 717 1497 770 ὄντα
1523 719 1775 790 Χριστὸν,
1802 720 1927 803 καὶ.

323 814 390 866 δι’
410 806 484 866 ὧν
519 808 743 882 ἔμελλεν
794 810 823 861 6
869 807 1133 879 προδότης
1166 810 1593 879 ὲμπαροινήσειν
1638 812 1695 863 ὲν
1722 809 1891 880 αὐτῷ,

322 903 595 975 χρήσιμόν
617 920 667 956 τι
695 900 856 955 πάλιν
882 902 1087 953 ἐπινοεῖ
1114 899 1250 969 πρὸς
1285 900 1600 971 ἀνατροπὴν
1622 900 1720 970 τῆς
1753 901 1893 954 ἐκεί-

324 1012 417 1047 νου
449 993 829 1059 κακοϐουλίας,
854 992 947 1045 καὶ
966 991 1335 1062 ἀμυδρότερός
1366 1008 1482 1055 πως
1509 992 1658 1061 αὐτῷ
1684 993 1896 1063 πρόεισι

323 1085 420 1138 καὶ
453 1085 546 1138 νῦν
587 1086 615 1138 6
650 1084 827 1153 λόγος.
867 1080 1242 1152 Συγκρύπτειν
1283 1081 1391 1153 γὰρ
1424 1081 1503 1135 ἔτι
1543 1085 1797 1154 πειρᾶται
1837 1083 1896 1136 rb

323 1174 601 1243 τόλμημα,
639 1172 735 1225 καὶ
756 1170 1056 1240 ἀναφανδὸν
1089 1170 1242 1223 οὔπω
1268 1172 1399 1240 φησὶ
1424 1172 1508 1235 τίς
1540 1173 1567 1225 6
1604 1171 1895 1242 προδώσων

326 1265 507 1318 αὐτόν.
552 1263 868 1334 Ἀπελέγχει
921 1260 1232 1333 τοιγαροῦν,
1280 1262 1371 1314 καὶ
1427 1262 1571 1332 μάλα
1616 1262 1896 1332 χρησίμως

329 1357 469 1428 μετά
499 1355 700 1426 σαφοῦς
740 1353 1200 1424 παραδείγματος,
1242 1352 1318 1415 ὡς
1359 1352 1570 1422 ἀνάγκη
1601 1354 1767 1418 πᾶσα,
1807 1356 1901 1408 καὶ

326 1449 408 1513 είς
438 1449 499 1501 rb
524 1447 617 1501 τοῦ
665 1445 798 1500 Θεοῦ
845 1444 943 1498 καὶ
977 1442 1190 1514 Πατρὺς
1217 1442 1435 1496 ἀναθεῖν
1461 1444 1776 1513 πρόσωπον,
1801 1445 1899 1515 τῆς

327 1543 408 1603 εἰς
433 1538 594 1593 αὐτὸν
631 1537 924 1607 γινομένης
961 1534 1181 1603 ἀγάπης
1203 1549 1262 1585 τε
1293 1533 1385 1587 καὶ⁸
1409 1534 1572 1603 τιμῆς
1613 1534 1674 1588 rb
1708 1536 1896 1602 πέρας.

327 1630 440 1685 Καὶ
481 1630 602 1700 οὐχὶ
637 1628 810 1699 δήπου
872 1626 1030 1680 τοῦτο
1057 1625 1262 1696 κυρίως
1303 1622 1453 1694 αὐτῷ
1476 1624 1741 1679 δεικνύειν
1778 1643 1901 1679 σκο-

328 1722 454 1786 πὸς,
483 1722 620 1790 τάχα
651 1720 707 1773 δὲ
745 1718 945 1790 μᾶλλον
976 1718 1038 1771 rb
1068 1717 1326 1779 ὲναντίως
1361 1714 1482 1785 ἔχον
1508 1717 1649 1769 κατὰ
1690 1715 1787 1786 τὴν
1813 1716 1898 1769 δό-

329 1812 445 1876 ξαν.
501 1812 683 1881 Ἀφεὶς
726 1811 853 1881 γὰρ,
902 1809 977 1872 ὡς
1025 1807 1190 1870 ἔοικε,
1217 1808 1278 1861 rb
1325 1807 1490 1876 φάναι
1545 1807 1892 1878 γυμνότερον,
1928 1805 1967 1857 Β

323 1905 461 1973 ὅπερ
483 1905 702 1975 εἴρηκεν
737 1901 1047 1971 ενι-ἑτέροις,
1085 1899 1230 1953 τοῦτ’
1269 1898 1436 1962 ἔστιν,
1476 1919 1495 1950 ‹
1543 1898 1598 1951 '0
1623 1898 1697 1969 μὴ
1725 1899 1897 1967 τιμῶν

323 1995 416 2049 τὸν
438 1994 585 2058 Υίὸν,
618 1994 740 2047 οὐδὲ
780 1992 870 2046 τὸν
903 1992 1121 2062 Πατέρα
1153 1992 1310 2061 τιμᾷ⁸
1336 2010 1354 2041 ι
1380 1991 1662 2061 κεχώρηκε
1700 1980 1898 2060 μᾶλλον

326 2088 422 2142 ἐπὶ
450 2086 511 2141 rb
532 2086 925 2157 εὐφημότερον,
961 2085 1273 2154 ἐπιτρέπων
1306 2086 1416 2145 τοῖς
1444 2082 1813 2153 ἀκροωμένοις
1840 2083 1898 2136 rb

326 2182 468 2233 νοεῖν
495 2183 559 2233 ὲκ
589 2179 778 2232 τούτου
836 2178 897 2230 rb
927 2176 1190 2239 ἐναντίον,
1243 2176 1367 2229 ἐπεί
1422 2192 1500 2230 τοι
1545 2175 1639 2228 καὶ
1673 2174 1898 2244 ἀπειλῆς

334 2269 552 2339 μᾶλλον,
575 2270 610 2337 ἢ
635 2268 944 2338 προτροπῆς
992 2263 1059 2336 ἦν
1082 2269 1110 2321 6
1142 2267 1352 2336 καιρὸς,
1401 2266 1494 2319 ἐπὶ
1521 2265 1713 2337 θύραις
1748 2266 1899 2329 ὄντος

331 2357 430 2412 τοῦ
456 2357 824 2428 τολμήματος,
849 2359 942 2409 καὶ
973 2358 1072 2428 ήδη
1104 2358 1480 2428 μελετωμένης
1508 2359 1607 2429 τῆς
1639 2360 1723 2410 ἐπ’
1753 2357 1900 2427 αὐτῷ

335 2447 640 2518 παροινίαςο
675 2445 926 2516 βεϐλήκει
968 2445 1075 2514 γὰρ
1105 2445 1206 2515 ήδη
1238 2445 1334 2516 τὴν
1367 2445 1556 2515 σκέψιν
1600 2448 1629 2499 6
1657 2447 1900 2509 Σατανᾶς

334 2540 415 2601 εἰς
445 2536 542 2607 τὴν
569 2535 664 2588 τοῦ
689 2535 946 2608 προδότου
972 2537 1216 2606 καρδίαν.
1244 2536 1451 2608 Ὥσπερ
1479 2537 1680 2597 τοίνυν,
1714 2538 1897 2607 φησὶν,

332 2626 435 2696 ἐμὲ
468 2626 532 2694 δὴ
561 2627 780 2688 πάντως
806 2624 966 2678 αὐτὸν
996 2627 1086 2678 καὶ
1108 2627 1205 2696 ούχ
1232 2625 1415 2697 ἕτερον
1448 2627 1763 2693 ύποδέξαιτό
1794 2646 1897 2693 τις,

326 2722 419 2773 τὸν
455 2722 584 2791 παρ’
620 2718 758 2789 ἐμοῦ
805 2718 1213 2790 ἀπεσταλμένον
1261 2722 1310 2773 εί
1344 2720 1516 2773 λάϐοι·
1547 2720 1718 2783 οὕτως
1755 2721 1784 2773 ό
1809 2721 1900 2773 τὸν

327 2811 477 2882 παρὰ
507 2809 639 2864 Θεοῦ
672 2812 766 2863 καὶ
803 2809 1015 2881 Πατρὺς
1048 2811 1422 2864 ἀποσταλέντα
1452 2811 1761 2882 δεξάμενος,
1805 2813 1901 2865 αύ-

323 2902 416 2956 rbv
443 2902 510 2956 ἂν
542 2903 767 2966 εἰκότως
803 2902 1011 2972 δέχοιτο
1044 2902 1134 2956 τὸν
1160 2903 1405 2973 Πατέρα⁶
1441 2903 1556 2956 ἀλλ’
1598 2904 1655 2956 ὲν
1692 2903 1902 2968 τούτοις

330 2993 429 3063 μὲν
464 2992 629 3046 αὑτοῦ
664 2995 777 3056 τοῖς
815 2995 1020 3064 ῥήμασι
1049 2993 1110 3046 rb
1138 2994 1227 3046 διά
1255 2994 1358 3064 τῆς
1401 2993 1673 3064 εὐφημίας
1709 2995 1901 3066 δηλού-

330 3100 487 3153 μενον
515 3084 718 3138 κατίδοι
743 3101 827 3147 τις
851 3085 934 3138 ἀν.
967 3084 1289 3147 Μετατιθεὶς
1324 3084 1380 3137 δὲ
1402 3085 1462 3137 τὸ
1487 3086 1729 3139 ἐναντίον
1762 3086 1898 3156 πρὸς

326 3174 424 3245 τήν
446 3174 700 3245 θεωρίαν,
752 3176 849 3246 τὴν
881 3173 975 3227 τοῦ
1009 3175 1270 3253 προδότου
1302 3175 1618 3229 δυσσέϐειαν
1663 3177 1764 3229 οὐκ
1819 3179 1898 3239 είς

328 3266 487 3335 μόνον
530 3266 735 3335 ὄψεται,
769 3265 1145 3321 διαϐαίνουσαν
1176 3267 1267 3320 τὸν
1313 3267 1460 3332 Υἱὸν,
1506 3268 1643 3321 ἀλλά
1690 3269 1785 3322 καὶ
1819 3270 1900 3332 είς

324 3356 488 3411 αὑτὸν
514 3357 605 3410 τὸν
635 3358 872 3427 Πατέρα.
902 3358 1113 3427 Τρόπος
1151 3358 1437 3428 τοιγαροῦν
1471 3360 1702 3430 ἀπειλῆς
1739 3359 1800 3414 τὸ
1825 3361 1901 3413 εἰ·

327 3447 561 3518 ρημένον
599 3448 766 3512 ἐστὶν,
801 3448 1191 3518 εύφημοτέροις
1236 3447 1292 3501 δὲ
1324 3449 1531 3519 ῥήμασι
1576 3466 1902 3520 προκεκομι-

324 3535 543 3604 σμένος,
579 3535 851 3606 παριστὰς
898 3552 956 3587 τε
1012 3535 1202 3606 ὥσπερ
1250 3534 1338 3589 διὰ
1370 3536 1478 3589 τῶν
1511 3537 1812 3608 ἀριστερῶν
1837 3537 1902 3590 rb

320 3622 675 3692 δηλούμενον.
706 3622 920 3690 ’Ὂνπερ
968 3622 1075 3692 γὰρ
1108 3623 1312 3693 τρόπον
1366 3623 1459 3675 τὸν
1497 3624 1903 3695 ἀπεσταλμένον

326 3712 483 3781 παρά
516 3709 651 3763 Θεοῦ
684 3709 904 3780 δέξηται
936 3729 1017 3774 τις
1055 3711 1177 3764 καθ’
1219 3713 1385 3780 ἡμᾶς,
1416 3715 1530 3776 τοῖς
1576 3716 1705 3784 παρ’
1739 3715 1901 3768 αὐτοῦ

329 3802 660 3863 συναινέσας
720 3801 919 3867 λόγοις,
953 3803 1045 3854 καὶ
1087 3800 1175 3854 διὰ
1221 3801 1314 3855 τοῦ
1360 3803 1598 3875 τηρῆσαι
1627 3805 1689 3858 rb
1723 3805 1905 3860 θεσπι-

333 3891 484 3954 σθὲν,
512 3894 747 3963 τιμήσας
769 3892 860 3944 τὸν
892 3892 1313 3962 κηρυττόμενονο
1350 3896 1469 3946 κατ’
1503 3894 1685 3960 αὑτὸν,
1723 3892 1898 3965 οἶμαι,

328 3986 421 4038 τὸν
450 3986 607 4052 λόγον
649 3984 964 4050 ὑποδέξαιτό
996 4004 1081 4049 τις
1108 3986 1175 4041 ἂν
1208 3987 1299 4040 τὸν
1326 3987 1552 4058 Κύριον,
1584 3991 1678 4044 καὶ
1714 3991 1782 4044 δι’
1807 3993 1902 4045 αύ-

328 4075 424 4129 τοῦ
469 4077 558 4129 τὸν
591 4077 830 4147 Πατέρα,
884 4077 1153 4131 πιστεύων
1199 4080 1282 4140 είς
1325 4078 1469 4133 Υίόν.
1523 4081 1899 4153 Συνειστρέχει

328 4166 439 4236 γὰρ
484 4165 562 4235 τῷ
589 4167 889 4236 γεννήματι
918 4166 1011 4219 τοῦ
1056 4167 1304 4231 τέκοντος
1349 4170 1381 4238 ή
1423 4168 1674 4240 δήλωσις.
1713 4171 1769 4225 Ὀ
1792 4172 1900 4243 γὰρ

327 4256 468 4318 ὅλως
519 4256 647 4309 Υἱὸν
702 4252 840 4309 εἶναι
888 4257 1184 4320 πιστεύσας
1229 4258 1412 4325 αὑτὸν,
1462 4259 1785 4331 ὁμολογήσει
1835 4261 1899 4333 δὴ

329 4347 546 4410 πάντως
583 4348 675 4401 τὸν
702 4347 967 4417 φύσαντα.
995 4348 1224 4421 Φρικτδν
1250 4346 1342 4402 οὖν
1367 4350 1474 4421 ἀρα
1511 4350 1606 4404 τοῦ
1638 4351 1898 4422 προδότου

329 4436 394 4488 τὸ
424 4440 615 4506 κρῖμα,
644 4438 739 4490 καὶ
787 4440 866 4501 εἰς
904 4439 1065 4492 αὐτὸν
1095 4440 1475 4511 ἐξυϐρίσαντος
1504 4442 1597 4496 τὸν
1621 4442 1752 4494 Θεὸν
1802 4442 1897 4495 καὶ

333 4527 554 4598 Πατέρα
582 4527 669 4581 διά
703 4529 799 4599 τῆς
832 4531 911 4592 είς
946 4531 1036 4582 τὸν
1066 4530 1192 4582 Υίὸν
1219 4530 1551 4594 δυσσεϐείας.
1590 4532 1660 4584 Ἢ
1691 4530 1801 4603 [ῖσ.
1824 4531 1897 4604 εἰ]

328 4616 444 4687 γὰρ
494 4616 559 4670 ἂν
594 4619 923 4689 παρεδέξατο
969 4621 1064 4673 καὶ
1111 4620 1388 4691 τετίμηκε,
1431 4623 1652 4693 γνήσιον
1681 4623 1902 4688 ὑποθεὶς

328 4707 409 4761 ὡς
433 4708 623 4779 Κυρίῳ
649 4710 708 4762 τὸ
731 4710 1066 4781 φρόνημα,εί
1092 4712 1448 4784 ἀνενδοιάστῳ
1481 4717 1547 4785 τῇ
1567 4715 1744 4769 πίστει
1769 4714 1901 4768 Θεὸν

328 4799 600 4871 ὑπάρχειν
630 4802 696 4853 ὲκ
724 4800 858 4853 Θεοῦ
884 4800 1313 4873 καθωμολόγησε
1352 4803 1440 4857 τὸν
1474 4805 1603 4857 Υἱὸν
1624 4845 1638 4868 ,
1662 4806 1902 4878 αἰσχρῶν

324 4905 395 4943 τε
427 4889 727 4959 λημμάτων
757 4892 1041 4963 κρείττονα
1062 4893 1161 4963 τὴν
1186 4895 1266 4957 είς
1304 4893 1464 4947 αὐτὸν
1494 4895 1711 4965 ἀγάπην
1738 4899 1765 4949 6
1793 4896 1900 4949 δεί-

326 4977 485 5039 λαιος
507 4979 820 5048 ἐποιήσατο,
847 4980 960 5033 ἀλλ’
983 4981 1091 5034 οὐδ’
1123 4984 1207 5047 iv,
1232 4979 1404 5052 οἶμαι,
1430 4985 1691 5055 προδότης
1715 4985 1898 5050 ἁλοὺς,

327 5069 560 5139 ἄμεινον
589 5070 768 5142 ἑαυτῷ
798 5073 859 5125 τὸ
889 5074 1135 5145 μηδόλως
1166 5076 1424 5144 γενέσθαι
1455 5078 1893 5147 παρεσκεύασεν.

415 5160 603 5214 Ταῦτα
636 5161 822 5215 εἰπὼν
852 5167 885 5217 ό
932 5165 1167 5232 Ἰησοῦς
1204 5167 1497 5236 ἐταράχθη
1530 5168 1610 5233 τῷ
1647 5170 1908 5238 πνεύμα-

325 5268 407 5317 τι,
450 5250 549 5303 καὶ
578 5251 971 5320 ἐμαρτύρησε,
1005 5256 1103 5308 καί
1144 5256 1332 5310 εἶπεν·
1373 5257 1569 5326 Ἀμὴν,
1615 5257 1777 5327 ἀμὴν
1807 5258 1907 5312 λέ-

327 5361 417 5414 γω
444 5342 601 5410 ὑμῖν,
630 5342 718 5394 ὅτι
736 5338 821 5408 εἷς
846 5345 915 5410 ἐξ
941 5345 1109 5415 ὑμῶν
1133 5347 1471 5414 παραδώσει
1497 5366 1589 5418 με.

394 5434 517 5501 ⁴Καὶ
543 5433 648 5486 τίνι
683 5434 789 5487 τῶν
810 5435 975 5490 ὄντων
1007 5439 1106 5491 οὐκ
1146 5438 1211 5491 ἂν
1247 5440 1455 5506 γένοιτο
1486 5440 1655 5507 σαφὲς
1681 5440 1756 5503 ὡς
1782 5439 1903 5493 οὔτε

326 5526 591 5589 διανοίας,
622 5524 745 5578 οὔτε
787 5527 891 5599 μήν
926 5529 1084 5599 λόγου
1122 5531 1154 5599 ὴ
1194 5528 1436 5602 ἡμετέρα
1472 5531 1630 5601 φύσις
1662 5532 1902 5603 εὐπορεῖ,

402 5701 447 5733 ⁸³
484 5700 645 5757 Joau.
683 5717 738 5767 γ,
770 5700 867 5758 23.

1992 553 2143 606 quem
2202 538 2419 600 misero,
2451 552 2532 591 me
2582 536 2773 601 accipit
2810 550 2827 588 :
2863 534 2952 605 qui
3004 542 3180 588 autem
3235 550 3316 588 me
3346 535 3563 603 accipit,

1990 643 2109 681 eum
2138 628 2329 697 accipit
2362 628 2451 697 qui
2487 643 2568 681 me
2598 628 2764 682 misit.

2066 718 2366 787 Postquam
2409 719 2617 773 utiliter
2655 717 3097 787 pra-monstravit
3152 718 3390 786 seipsum
3440 731 3565 772 esse

1993 810 2302 876 Christum,
2346 811 2510 864 etiam
2565 825 2633 863 ex
2668 810 2735 864 iis
2770 824 2867 879 per
2907 825 3028 878 quae
3081 808 3329 880 proditor
3360 808 3567 863 debac-

1993 902 2259 955 chaturus
2288 911 2437 955 esset
2466 902 2519 955 in
2547 916 2696 965 eum,
2717 901 2921 970 aliquid
2952 900 3082 953 utile
3115 915 3313 955 rursus
3340 899 3562 971 excogi-

1996 1001 2076 1048 tat
2104 994 2172 1049 ad
2199 997 2549 1048 evertendam
2590 993 2711 1060 ejus
2754 992 3174 1062 malignitatem,
3220 990 3382 1061 idque
3415 1005 3563 1045 nunc

1996 1102 2191 1141 rursus
2220 1086 2514 1141 occultius.
2547 1083 2755 1155 Tegere
2790 1083 2936 1137 enim
2971 1082 3151 1136 adhuc
3170 1089 3406 1136 conatur
3427 1080 3564 1136 illud

1999 1178 2238 1241 facinus,
2272 1177 2508 1231 necdum
2541 1185 2730 1246 aperte
2758 1176 2893 1229 dicit
2919 1176 3044 1243 quis
3075 1173 3232 1244 733
3266 1190 3388 1228 eum
3417 1181 3565 1229 esSct

1996 1271 2325 1325 traditurus.
2362 1268 2617 1324 Ostendit
2666 1266 2853 1334 igitur,
2913 1263 3078 1333 idque
3127 1263 3283 1317 valde
3352 1263 3566 1316 utiliter

1999 1377 2124 1416 cum
2159 1361 2307 1415 clara
2360 1360 2702 1420 inductione,
2756 1355 3129 1411 necessarium
3171 1370 3296 1410 esse
3334 1368 3565 1424 prorsus

1997 1452 2315 1507 dilectionis
2367 1463 2420 1507 et
2481 1449 2708 1504 honoris
2756 1450 2811 1503 in
2850 1463 2974 1503 eum
3025 1446 3255 1501 exhibiti
3289 1445 3451 1500 tinem
3496 1444 3565 1499 ad

1999 1544 2094 1599 Dei
2134 1560 2199 1600 ac
2227 1544 2410 1599 Patris
2459 1557 2747 1612 personam
2788 1540 3001 1595 referri.
3030 1537 3218 1607 Neque
3248 1553 3378 1592 vero
3424 1538 3476 1591 id
3513 1537 3562 1592 ei

1998 1638 2220 1707 pr0prie
2272 1650 2474 1706 scopus
2523 1641 2608 1689 est
2657 1631 2973 1693 ostendere,
3017 1632 3111 1685 sed
3149 1630 3329 1699 potius
3380 1628 3564 1684 forsan

1999 1728 2362 1782 contrarium.
2392 1726 2594 1779 Noleus
2626 1724 2795 1788 enim,
2816 1733 2872 1777 ut
2905 1723 3142 1786 videtur,
3169 1729 3356 1791 aperte
3384 1721 3567 1775 dicere

1998 1819 2143 1889 quod
2199 1818 2328 1874 alibi
2374 1817 2534 1880 dixit,
2583 1831 2827 1886 nempe:
2865 1834 2883 1865 ι
2917 1814 3022 1880 Qui
3080 1829 3188 1867 non
3237 1811 3566 1866 honoriﬁcat

2002 1910 2218 1975 Filium,
2245 1924 2421 1978 neque
2450 1907 2669 1962 Patrem
2706 1906 3037 1961 hunoriiicat
3061 1905 3137 1971 ⁸⁸,
3170 1923 3189 1957 ι
3233 1904 3299 1958 ad
3331 1904 3383 1957 id
3419 1903 3567 1972 quod

1999 1999 2187 2053 mitius
2233 2005 2354 2052 erat
2413 2012 2473 2051 se
2527 1998 2780 2060 contulit,
2814 1996 2942 2050 hinc
2990 1994 3343 2065 cogitandum
3392 1995 3565 2047 relin-

1999 2106 2175 2159 quens
2217 2089 2563 2143 auditoribus
2592 2089 2959 2149 contrarium,
2985 2086 3432 2156 quandoquidem
3463 2084 3567 2137 mi-

1998 2180 2165 2235 nandi
2210 2180 2391 2249 potius
2421 2195 2586 2248 quam
2627 2177 2960 2233 adhortandi
2996 2184 3215 2247 tempus
3254 2183 3397 2239 erat,
3431 2176 3566 2245 ipsis

1999 2286 2166 2341 prope
2194 2271 2305 2340 jam
2338 2268 2551 2324 foribus
2602 2270 2840 2322 instante
2877 2268 3103 2331 scelere,
3139 2277 3191 2320 et
3227 2266 3412 2320 animo
3451 2266 3569 2336 agi-

1998 2374 2109 2418 tata
2164 2365 2276 2434 jam
2328 2363 2382 2417 in
2419 2378 2542 2417 eum
2598 2362 2819 2414 immani
2869 2357 3238 2413 crudelitate:
3278 2357 3567 2411 consilium

1998 2457 2143 2508 enim
2161 2455 2269 2521 jam
2297 2451 2532 2506 Satanas
2555 2450 2611 2502 in
2638 2447 2937 2518 proditoris
2956 2443 3567 2512 corinjecerat.Quem-

1998 2544 2295 2598 admodum
2335 2543 2522 2613 igitur,
2563 2539 2760 2609 inquit,
2795 2552 2881 2591 me
2937 2536 3115 2605 ipsum
3152 2534 3342 2604 utique
3380 2549 3568 2588 susce-

1998 2638 2138 2707 perit
2173 2644 2226 2692 et
2270 2651 2378 2689 non
2431 2635 2624 2697 alium,
2659 2630 2753 2700 qui
2792 2644 2823 2683 a
2863 2644 2949 2683 me
2984 2628 3212 2683 missum
3268 2626 3564 2695 exceperit,

1999 2729 2080 2785 sic
2128 2729 2222 2798 qui
2271 2744 2300 2781 a
2338 2727 2501 2781 Patre
2556 2725 2784 2779 missum
2846 2719 3172 2788 susceperit,
3209 2718 3385 2786 ipsum
3441 2717 3569 2786 jure

1998 2818 2215 2873 Patrem
2253 2816 2560 2886 susceperit
2589 2832 2602 2869 :
2633 2825 2689 2867 at
2717 2814 2770 2866 in
2808 2811 2894 2867 his
2922 2811 3047 2880 ejus
3074 2809 3262 2864 verbis
3290 2808 3427 2862 nihil
3458 2807 3568 2862 nisi

1999 2910 2281 2966 dexterum
2334 2904 2635 2976 signiﬁcari
2668 2903 2906 2957 videbis.
2950 2901 3047 2955 Sin
3095 2908 3279 2954 autem
3330 2899 3384 2953 iu
3433 2912 3570 2952 con-

2000 3002 2227 3055 trarium
2268 2999 2389 3068 ejus
2416 2997 2550 3051 dicti
2579 2994 3019 3050 observationem
3045 2989 3411 3054 transtuleris,
3437 3004 3569 3059 pro-

2002 3090 2198 3145 ditoris
2240 3088 2580 3157 impietatem
2628 3099 2736 3138 non
2777 3083 2955 3138 solum
3002 3078 3221 3136 extendi
3265 3076 3480 3132 videbis
3511 3078 3567 3132 in

1926 3140 1969 3197 C
2004 3140 2470 3237 Pii—liuit—tnsed'et
2518 3173 2574 3225 in
2628 3172 2803 3240 ipsum
2853 3168 3091 3222 Patrem.
3138 3166 3379 3220 Minandi
3435 3182 3569 3236 ergo

2002 3283 2176 3339 genus
2195 3275 2281 3322 est
2311 3266 2518 3321 dictum
2548 3264 2706 3327 illud,
2753 3262 2846 3318 sed
2881 3261 3194 3314 mitioribus
3224 3258 3406 3313 verbis
3436 3272 3568 3327 pro-

2002 3359 2212 3421 latum,
2273 3365 2329 3411 et
2382 3357 2605 3424 oblique
2673 3352 3134 3423 signiﬁcationem
3205 3350 3563 3419 detorquens.

2000 3448 2469 3516 Quemadmodum
2515 3446 2661 3502 enim
2696 3445 2927 3499 missum
2961 3456 2991 3495 a
3030 3440 3143 3496 Deo
3170 3448 3422 3495 nostrum
3462 3440 3568 3494 ali-

2000 3542 2124 3612 quis
2165 3540 2418 3609 suscipit,
2468 3541 2561 3608 (ιιιί
2610 3534 2957 3591 sermonibus
3004 3533 3124 3602 ejus
3170 3531 3470 3597 consentit,
3509 3541 3568 3586 et

2001 3640 2270 3705 praecepta
2302 3631 2421 3699 ejus
2466 3626 2739 3684 servando
2796 3625 3030 3677 honorat
3062 3637 3186 3677 eum
3227 3638 3388 3689 quem
3423 3620 3567 3676 Deus

2001 3723 2355 3780 commendat
2381 3740 2394 3775 :
2422 3719 2639 3779 eodem,
2670 3715 2890 3786 opinor,
2922 3712 3087 3768 modo
3121 3713 3430 3782 susceperit
3457 3709 3568 3764 Do-

2000 3816 2208 3870 minum
2256 3822 2310 3869 et
2360 3826 2460 3882 per
2512 3811 2690 3880 ipsum
2732 3808 2973 3868 Patrem,
3036 3803 3351 3875 quicunque
3390 3800 3569 3858 credit

2002 3908 2056 3962 in
2096 3905 2317 3960 Filium.
2347 3903 2481 3957 Nam
2518 3901 2613 3971 qui
2643 3899 2841 3953 Filium
2864 3897 3023 3960 dicit,
3044 3897 3234 3965 utique
3270 3902 3326 3950 et
3348 3893 3567 3948 Patrem

2001 3997 2297 4068 signiﬁcat.
2331 3995 2435 4061 Qui
2475 3996 2622 4050 enim
2656 3991 2852 4046 Filium
2879 4006 3003 4046 esse
3032 3989 3209 4059 ipsum
3242 3987 3563 4047 crediderit,

2000 4091 2227 4145 omnino
2285 4097 2339 4143 et
2394 4088 2609 4142 Patrem
2667 4082 3043 4137 conﬁtebitur.
3089 4078 3433 4132 Ilurrendum
3482 4085 3570 4130 est

1999 4185 2172 4254 igitur
2206 4179 2506 4252 proditoris
2546 4176 2835 4247 judicium,
2869 4174 2959 4243 qui
2999 4186 3097 4242 per
3128 4171 3460 4239 impietatem
3507 4168 3566 4224 in

2000 4275 2197 4329 Filium
2242 4274 2296 4327 in
2330 4273 2509 4341 ipsum
2548 4283 2767 4339 quoque
2797 4265 2965 4320 Deum
3005 4278 3070 4317 ac
3101 4262 3316 4315 Patrem
3347 4267 3432 4314 est
3467 4259 3570 4313 im-

1999 4367 2145 4438 pius.
2172 4364 2307 4418 Nam
2343 4364 2390 4419 si
2422 4362 2760 4431 suscepisset
2807 4364 2862 4412 et
2909 4355 3262 4413 honorasset,
3292 4352 3567 4407 sinceram

1928 4476 1972 4531 ι)
2002 4460 2050 4515 ei
2083 4466 2343 4525 tanquam
2385 4453 2617 4507 Domino
2666 4461 2909 4503 mentem
2960 4445 3288 4509 subiiciens,
3321 4444 3365 4496 si
3404 4442 3567 4495 indu-

1999 4550 2173 4605 bitata
2230 4545 2333 4599 [ide
2369 4543 2541 4596 Deum
2585 4540 2651 4594 de
2701 4539 2808 4592 Deo
2855 4534 3138 4590 confessus
3168 4540 3313 4588 esset
3344 4531 3564 4589 Filium,

1997 4654 2098 4695 nec
2134 4638 2277 4706 turpi
2325 4632 2557 4704 quastui
2594 4642 2831 4683 amorem
2870 4640 3000 4696 erga
3044 4640 3169 4677 enim
3219 4624 3387 4676 miser
3414 4628 3568 4691 post-

2001 4730 2301 4801 posuisset,
2322 4736 2689 4795 nequaquam,
2709 4720 2924 4789 opinor,
2941 4715 3267 4786 proditionis
3283 4712 3567 4766 convictus

2001 4798 2410 4881 commisisset,
2450 4824 2511 4867 ut
2565 4826 2633 4865 ue
2683 4818 2872 4862 uatum
2924 4806 3144 4876 quidem
3195 4816 3318 4857 esse
3371 4798 3567 4851 melius

2001 4911 2164 4966 foret.

2071 5168 2209 5232 XIII,
2236 5168 2324 5221 21.
2372 5166 2503 5221 Cum
2551 5164 2659 5216 lia'c
2708 5161 2929 5214 dixisset
2979 5156 3158 5216 Jesus,
3207 5150 3446 5203 turbatus
3488 5156 3570 5201 est

2002 5262 2213 5330 spiritu,
2238 5268 2286 5313 et
2307 5266 2631 5327 protestatus
2659 5263 2755 5314 est,
2778 5263 2826 5304 et
2849 5249 2982 5301 dixit
3010 5263 3026 5299 :
3059 5246 3243 5306 Amen,
3271 5256 3421 5293 amen
3446 5240 3563 5293 dico

2003 5349 2297 5414 vobis,quia
2334 5362 2469 5399 unus
2501 5360 2564 5396 ex
2595 5343 2735 5396 tabis
2772 5339 2941 5391 tradet
2973 5350 3072 5386 me.

2074 5436 2235 5509 734
2275 5437 2372 5490 Cui
2431 5435 2781 5505 perspicuum
2828 5443 2935 5480 non
2982 5432 3087 5485 est,
3133 5436 3311 5490 neque
3356 5420 3567 5490 cogita-

2003 5531 2206 5595 tiones,
2234 5542 2412 5596 neque
2436 5527 2601 5581 verba
2632 5528 2840 5575 natura:
2873 5525 3071 5570 nostra:
3105 5521 3418 5584 suppetere,
3445 5525 3567 5579 qut-
