4106 6262
530 395 640 455 135

1526 382 1564 437 Β
1613 381 1653 437 C
1666 378 1896 434 YRILLI
1947 372 2420 433 ALEXANDRINI
2443 374 2760 432 ARCIIIEP.

3695 375 3803 432 I36

534 513 641 571 bus
687 502 810 564 tuto
861 513 916 562 et
966 502 1105 560 citra
1159 515 1323 557 casus
1378 499 1687 570 periculum
1729 509 1853 567 quae
1907 504 2151 550 naturae

2255 493 2288 544 t'
2318 486 2393 546 ὧν
2424 493 2489 547 ἂν
2518 492 2734 546 δύναιτο
2777 495 2958 562 τυχεῖν
2999 491 3345 563 ἀνεγκλήτως
3399 509 3458 545 τε
3503 489 3599 545 καὶ
3643 492 3803 547 ἀδια-

532 601 737 663 divinae
758 597 982 671 propria
1004 604 1138 651 sunt
1161 595 1344 663 eloqui
1370 591 1585 662 possit?
1608 590 1824 644 idcirco
1841 587 1967 658 ejus
1998 601 2116 641 ser-

536 692 798 749 monibus
831 688 1081 744 subsidio
1111 701 1254 755 opus
1282 692 1387 751 est,
1433 683 1500 738 ad
1548 681 1878 737 mediocrem
1918 694 2112 735 eorum

535 800 661 857 quae
714 790 950 838 mentem
1002 787 1272 848 superant
1328 775 1781 847 explicationem.
1828 769 2118 837 Quomodo

536 880 685 937 enim
720 878 868 931 clare
902 873 1112 945 aliquid
1154 874 1466 942 eloquetur,
1497 868 1647 939 quod
1691 867 1866 937 ipsam
1897 876 2120 934 quoque

528 970 933 1042 cogitationem
956 976 1211 1022 nostram
1243 962 1497 1020 excedit?
1523 959 1757 1031 Oportet
1785 958 1954 1029 igitur
1992 970 2119 1020 nos,

540 1061 837 1136 verborum
886 1060 1259 1114 humanorum
1299 1052 1558 1109 crassitie
1589 1052 1739 1106 velut
1762 1048 2012 1118 exemplo
2057 1061 2123 1102 ac

543 1166 670 1229 typo
702 1152 1129 1223 conceptionum
1182 1147 1383 1202 mentis
1419 1151 1705 1213 suscepta,
1735 1140 1804 1196 ad
1844 1142 1970 1195 illas
2006 1138 2125 1194 dei-

542 1248 672 1303 tatis
702 1244 1099 1316 proprietates,
1130 1237 1313 1309 quoad
1348 1238 1402 1292 in
1438 1235 1603 1291 nobis
1652 1240 1760 1295 est,
1796 1231 2122 1302 procedere.

541 1336 886 1394 Gravissime
910 1334 1098 1403 itaque
1129 1331 1275 1387 Deus
1301 1335 1605 1401 peccantes
1630 1326 1834 1397 arguit,
1857 1339 1922 1378 ac
1952 1324 2124 1379 vehe-

546 1429 715 1485 menti
764 1426 893 1481 mali
938 1425 1071 1480 odio
1124 1430 1382 1478 movetur
1421 1422 1477 1475 in
1547 1433 1646 1473 eos
1700 1431 1841 1486 quos
1890 1416 1961 1469 ab
2008 1415 2129 1483 ipso

538 1518 796 1575 damnari
844 1514 1178 1585 contigerit,
1219 1512 1352 1568 licet
1412 1512 1540 1583 plus
1578 1523 1745 1579 quam
1806 1506 1919 1561 dici
1965 1512 2132 1575 queat

540 1610 793 1665 clemens
842 1607 915 1661 sit
963 1620 1030 1658 ac
1069 1604 1320 1659 tolerans
1367 1602 1665 1657 malorum.
1700 1597 1934 1665 Quando
1964 1597 2133 1665 igitur

540 1701 734 1758 divina
759 1698 1053 1767 Scriptura
1089 1702 1299 1748 motum
1335 1693 1477 1761 ejus.
1512 1700 1573 1745 ut
1604 1691 1678 1745 ita
1718 1690 1920 1754 dicam,
1962 1689 2135 1759 signi-

559 1793 727 1846 ﬁcare
792 1790 909 1843 vult
967 1786 1240 1842 adversus
1300 1784 1518 1854 impios,
1562 1796 1763 1837 rursus
1824 1781 2033 1837 nostris
2080 1787 2135 1835 et

2217 586 2446 650 πτώτως
2475 587 2652 639 εἰπεῖν
2687 585 2755 639 τὰ
2789 586 2889 655 τῆς
2923 585 3073 648 Θείας
3101 602 3160 637 τε
3192 585 3288 638 καὶ
3309 584 3551 656 ἀρρήτου
3585 583 3803 653 φύσεως

2220 677 2327 731 ῐδια
2348 694 2363 742 ;
2386 676 2486 730 Διὰ
2507 676 2666 730 τοῦτο
2690 678 2802 740 τοῖς
2836 676 2961 729 καθ’
2991 676 3190 746 ἑαυτὴν
3227 675 3581 745 ὑπηρετεῖται
3620 674 3805 742 λόγοις

2219 768 2358 839 πρὸς
2387 765 2615 837 μετρίαν
2642 765 2903 836 ἐξήγησιν
2931 764 3040 817 τῶν
3079 764 3220 838 ὑπὲρ
3273 764 3418 818 νοῦν.
3453 763 3577 826 Πῶς
3606 762 3716 832 γὰρ
3737 763 3806 816 ἄν

2219 877 2274 913 τι
2303 859 2398 913 καὶ
2424 858 2627 929 φράσαι
2656 858 2864 927 σαφῶς,
2888 858 2916 911 ὃ
2944 858 3039 910 καὶ
3060 858 3229 930 αὐτὴν
3261 855 3417 928 ἡμῶν
3448 853 3807 926 ὑπερανίσχει

2221 955 2320 1024 τὴν
2359 953 2602 1016 ἐννοιανς
2636 954 2729 1005 Δεῖ
2752 950 3041 1021 τοιγαροῦν
3072 951 3243 1020 ἡμᾶς,
3283 947 3535 1018 καθάπερ
3560 946 3684 1000 τινὰ
3711 945 3810 999 τύ-

2225 1065 2327 1102 πον
2356 1046 2466 1099 τῶν
2498 1046 2787 1117 νοημάτων
2824 1044 2923 1115 τὴν
2972 1042 3080 1096 τῶν
3130 1040 3487 1114 ἀνθρωπίνων
3542 1037 3811 1111 ῥημάτων

2227 1139 2515 1212 παχύτητα
2548 1137 2892 1209 δεχομένους,
2920 1138 3008 1190 ἐπ’
3036 1136 3175 1190 αὐτὰ
3210 1133 3504 1207 πειρᾶσθαι
3545 1129 3811 1204 βαδίζειν,

2227 1233 2373 1288 κατά
2403 1248 2468 1299 γε
2508 1232 2601 1286 τὸν
2631 1228 2974 1303 ὲγχωροῦντα
3017 1228 3240 1299 τρόπον,
3273 1228 3346 1282 τὰ
3402 1226 3503 1295 τῆς
3555 1225 3815 1297 θεότητος

2229 1323 2357 1378 ῐδια.
2396 1321 2578 1374 Δεινὸν
2630 1319 2920 1391 τοιγαροῦν
2978 1318 3056 1380 εἰς
3105 1318 3360 1387 ἐλέγχους
3399 1315 3460 1369 τδ
3489 1314 3665 1381 Θεϊον,
3711 1315 3816 1369 καὶ

2230 1414 2455 1486 ἀκράτῳ
2493 1411 2856 1484 μισοπονηρίᾳ
2904 1409 3244 1480 κινούμενον,
3290 1407 3414 1463 καθ’
3447 1401 3522 1461 ὧν
3556 1409 3623 1463 ἂν
3652 1406 3815 1462 τοῦτο

2230 1507 2486 1577 γενέσθαι
2520 1505 2720 1577 πρέποι
2748 1504 2913 1575 ψήφῳ
2966 1506 3033 1574 τῇ
3082 1502 3212 1572 παρ’
3234 1500 3426 1564 αὐτοῦ,
3450 1502 3499 1553 εί
3534 1499 3631 1553 καὶ
3671 1498 3815 1571 ὑπὲρ

2231 1600 2389 1666 λόγον
2419 1597 2750 1661 ἀνεξικακεϊ.
2784 1596 2955 1648 ὐταν
2987 1589 3079 1647 οὖν
3106 1595 3139 1664 ἡ
3170 1592 3289 1646 θεία
3328 1593 3368 1645 Γ
3375 1591 3518 1662 ραφὴ
3565 1608 3813 1659 καταση-

2237 1690 2404 1762 μῆναι
2438 1687 2691 1758 βούληται
2714 1687 2775 1739 τὸ
2806 1685 2946 1739 κατά
2969 1685 3079 1739 τῶν
3108 1685 3513 1740 δυσσεϐούντων
3536 1685 3699 1739 οἱονεὶ
3732 1683 3817 1738 κί-

2237 1797 2406 1850 νημα,
2431 1779 2591 1831 πάλιν
2614 1779 2678 1830 ὲκ
2709 1776 2818 1829 τῶν
2848 1775 2969 1829 καθ’
2994 1778 3143 1847 ἡμᾶς
3174 1776 3552 1846 λαμϐάνουσα,
3586 1777 3816 1839 καὶτοῖς

554 1881 813 1937 humanis
848 1889 1012 1935 utens
1049 1877 1361 1944 vocabulis,
1402 1877 1542 1931 iram
1575 1884 1631 1930 et
1666 1876 1910 1931 furorem
1945 1873 2132 1945 appel-

2253 1871 2599 1942 ἱινθρωπίνοις
2632 1868 3064 1939 άποχρησαμένη
3095 1868 3357 1938 ῥήμασιν,
3402 1866 3569 1938 ὀργὴν
3614 1868 3819 1938 ὀνομά-

542 1974 655 2041 ,Ιςη,
691 1971 949 2042 quamvis
980 1970 1038 2025 in
1072 1969 1318 2025 divinam
1352 1966 1724 2024 substantiam
1762 1966 1913 2021 nulla
1941 1965 2135 2021 istius-

554 2044 710 2117 modi
745 2059 1084 2132 perturbatio
1135 2058 1318 2123 cadat,
1347 2056 1444 2113 sed
1505 2054 1887 2125 indignatione
1923 2061 2137 2109 tantum

554 2163 865 2220 moveatur,
898 2168 1011 2223 quo
1049 2150 1214 2206 modo
1248 2148 1427 2215 novit,
1459 2156 1517 2203 et
1548 2162 1577 2202 a
1618 2155 1818 2202 natura
1852 2161 1953 2202 sua
1981 2160 2136 2201 com—

552 2252 746 2316 parata
784 2252 869 2301 est
895 2262 910 2299 :
935 2257 1139 2299 arcana
1165 2242 1369 2313 quippe
1413 2248 1469 2296 et
1500 2239 1718 2295 occulta
1746 2247 1876 2295 sunt
1904 2253 2139 2308 prorsus

554 2352 681 2407 qua:
704 2335 774 2391 de
805 2334 938 2400 Deo,
963 2334 1061 2390 sed
1081 2349 1154 2407 ex
1176 2333 1389 2388 nostris
1415 2332 1685 2395 moribus,
1715 2337 1776 2384 ut
1807 2330 1970 2384 modo
1991 2329 2139 2384 dixi-

560 2402 711 2495 mus,
759 2426 1051 2497 Scriptura
1110 2402 1300 2480 divina
1360 2424 1503 2479 solet
1549 2424 1827 2493 explicare
1868 2437 1991 2492 quas
2039 2437 2142 2479 nos

561 2516 860 2572 excedunt.
899 2515 1206 2569 Turbatum
1260 2514 1431 2583 igitur
1467 2513 1668 2583 spiritu
1704 2513 1985 2570 Christum
2033 2514 2144 2568 hoc

564 2611 691 2664 loco
748 2609 947 2663 beatus
992 2605 1333 2675 evangelista
1386 2612 1655 2671 testatur,
1697 2614 1908 2660 motum
1946 2619 2147 2674 nempe

566 2701 700 2763 odii,
726 2713 836 2770 quo
858 2698 1091 2768 spiritus
1116 2696 1237 2765 ejus
1271 2694 1476 2749 malum
1507 2694 1892 2759 aversabatur,
1917 2703 2146 2764 pertur-

567 2793 847 2848 bationem
878 2805 1087 2847 vocans
1113 2804 1129 2843 :
1159 2802 1263 2844 nec
1292 2787 1443 2843 enim
1472 2786 1636 2842 aliter
1676 2785 1824 2841 istud
1850 2784 2003 2841 elfari
2044 2800 2148 2856 po-

571 2893 733 2941 terat.
768 2882 1051 2938 Credibile
1097 2890 1285 2936 autem
1322 2887 1412 2935 est
1457 2878 1626 2934 etiam
1668 2893 1916 2943 carnem,
1944 2877 2148 2932 divini—

571 2978 704 3032 tatis
750 2975 1067 3029 motionem
1133 2973 1365 3027 minime
1431 2971 1834 3034 sustinentem,
1894 2969 2151 3023 nonnihil

573 3067 956 3129 exhorruisse,
1007 3073 1063 3119 et
1114 3061 1553 3133 perturbationis
1604 3060 1846 3131 speciem
1902 3057 2149 3123 dedisse,

576 3170 744 3231 atque
807 3159 904 3213 irae
968 3159 1193 3226 signum
1268 3154 1616 3221 ostendisse,
1679 3149 2149 3224 quemadmodum

578 3267 772 3322 nempe
817 3260 873 3306 et
912 3249 981 3304 de
1013 3248 1224 3302 Lazaro
1272 3247 1542 3316 scriptum
1583 3252 1689 3308 est,
1724 3242 1912 3299 Jesum
1942 3257 2067 3298 cum
2097 3242 2153 3295 in

578 3345 765 3415 seipse
788 3342 1176 3397 infremuisset
1207 3339 1265 3393 in
1296 3346 1717 3393 monumentum
1748 3338 2056 3405 ingressum
2085 3333 2151 3388 “.

582 3437 735 3492 Sicut
774 3435 921 3490 enim
968 3433 1086 3487 illic
1130 3446 1324 3503 graves
1386 3433 1563 3486 minas
1613 3430 1879 3485 adversus
1925 3437 2158 3482 mortem

583 3525 858 3581 fremitum
897 3522 1219 3593 appellavit,
1258 3521 1338 3574 ita
1361 3519 1451 3575 hic
1500 3526 1714 3573 motum
1746 3518 2011 3572 adversus
2052 3516 2159 3568 im-

585 3618 730 3686 pium
779 3612 1121 3685 proditorem
1186 3608 1526 3665 turbationis
1578 3608 1803 3662 nomine
1853 3604 2159 3661 denotavit.

583 3706 860 3761 Turbatus
894 3712 977 3760 est
1008 3712 1193 3758 autem
1236 3703 1365 3771 jure
1397 3699 1619 3764 merito,
1657 3697 1982 3768 indignatus
2009 3694 2163 3749 Juda:

585 3798 1024 3867 perversitatem.
1067 3791 1213 3859 Quid
1257 3792 1408 3847 enim
1457 3792 1612 3847 illius
1648 3790 1939 3861 impietate
1984 3790 2165 3858 majus

585 3890 695 3943 dici
734 3896 938 3958 potest.
967 3886 1067 3956 qui
1100 3898 1208 3939 una
1234 3898 1362 3939 cum
1392 3884 1517 3939 aliis
1548 3882 1841 3952 discipulis
1875 3880 2166 3935 immensis

590 3980 822 4035 allectus
849 3977 1177 4041 honoribus,
1200 3985 1255 4029 et
1281 3975 1430 4028 inter
1468 3975 1677 4029 electos
1709 3974 2016 4028 collocatus
2050 3973 2169 4027 exi-

594 4085 699 4140 gua
731 4067 1021 4139 pecuniola
1050 4065 1404 4120 dilectionem
1435 4078 1565 4133 erga
1599 4062 1886 4119 Christum
1921 4078 2168 4119 commu-

594 4162 750 4227 tavit,
777 4168 834 4214 et
864 4159 958 4229 qui
1000 4156 1133 4211 dum
1176 4170 1376 4227 panem
1423 4157 1546 4226 ejus
1576 4154 1962 4221 manducaret,
1988 4156 2171 4210 calca-

596 4268 757 4308 neum
795 4251 851 4306 in
897 4266 1024 4307 eum
1061 4246 1282 4312 levavit,
1311 4261 1420 4301 non
1457 4246 1747 4310 honorem,
1771 4262 1883 4302 non
1916 4246 2167 4317 gloriam,

598 4359 705 4397 non
737 4341 1052 4397 dilectionis
1080 4340 1274 4408 legem,
1308 4351 1420 4392 non
1449 4337 1697 4393 debitum
1755 4338 1806 4393 ei
1842 4345 2031 4407 utpote
2062 4337 2172 4392 Deo

598 4435 834 4497 cultum,
881 4448 990 4485 non
1022 4430 1246 4500 quidvis
1278 4429 1424 4483 aliud
1458 4428 1778 4497 hujusmodi
1809 4428 1950 4499 apud
1988 4444 2050 4484 se
2085 4444 2169 4483 re-

2235 1965 2317 2029 ζει
2341 1963 2434 2016 καὶ
2463 1962 2653 2033 θυμὸν,
2682 1960 2859 2013 καίτοι
2887 1961 2988 2030 τῆς
3021 1958 3170 2021 Θείας
3196 1958 3385 2022 οὐσίας
3414 1959 3535 2012 καθ’
3564 1960 3821 2030 ὁμοιότη-

2234 2078 2304 2115 τα
2361 2058 2459 2129 τὴν
2518 2056 2677 2129 ἡμῶν
2725 2055 2836 2109 τῶν
2893 2053 3149 2108 τοιούτων
3204 2054 3390 2108 παθῶν
3441 2056 3822 2126 ὑπομενούσης

2236 2154 2407 2215 οὐδὲν,
2441 2151 2769 2221 κινουμένης
2800 2148 2858 2202 δὲ
2886 2149 3044 2219 μόνον
3081 2149 3161 2211 είς
3192 2149 3585 2225 ἀγανάκτησιν,
3609 2147 3686 2212 ὡς
3711 2143 3822 2201 οἶδέ

2237 2264 2296 2300 τε
2348 2245 2441 2299 καὶ
2488 2243 2730 2310 πέφυκεν
2761 2240 2920 2309 αὐτή·
2970 2240 3250 2303 παντελῶς
3294 2242 3402 2310 γὰρ
3432 2240 3721 2312 ἀπόρρητα
3753 2239 3824 2292 τά

2240 2338 2371 2409 περὶ
2416 2335 2587 2387 Θεοῦ·
2617 2334 2726 2386 ἀπὸ
2777 2333 2835 2386 δὲ
2884 2333 2993 2386 τῶν
3042 2333 3325 2403 ἡμετέρων
3362 2330 3522 2395 ἐθῶν,
3565 2332 3824 2403 καθάπερ

2241 2429 2444 2500 ἀρτίως
2483 2426 2806 2497 εἰρήκαμεν,
2849 2425 2916 2477 τά
2944 2424 3082 2495 ὑπὲρ
3126 2425 3274 2495 ἡμᾶς
3297 2424 3674 2493 καταγράφειν
3703 2423 3824 2488 ἔθος

2242 2525 2307 2593 τῇ
2341 2520 2462 2590 θείᾳ
2485 2519 2699 2589 Γραφῇ.
2727 2516 3074 2587 Τεταράχθαι
3109 2515 3396 2587 τοιγαροῦν
3441 2515 3671 2570 κάνθάδε
3718 2533 3826 2585 φη-

2247 2613 2331 2665 σὶν
2364 2613 2393 2664 ὁ
2423 2609 2706 2672 θεσπέσιος
2741 2607 3131 2678 εὐαγγελιστὴς
3158 2608 3249 2660 τὸν
3282 2608 3519 2679 Χριστὸν
3548 2607 3628 2678 τῷ
3664 2609 3829 2662 πνεύ-

2251 2719 2401 2772 ματι,
2430 2701 2493 2754 τὸ
2532 2700 2826 2771 μισόκακον
2855 2696 2951 2750 τοῦ
2984 2697 3293 2767 πνεύματος
3331 2697 3541 2768 κίνημα
3581 2698 3829 2768 ταραχὴν

2246 2794 2538 2862 ὀνόμασας’
2599 2792 2659 2843 οὐ
2717 2790 2822 2862 γάρ
2870 2785 2959 2860 ἦν,
3012 2790 3087 2853 ὡς
3136 2789 3331 2854 ἔοικεν,
3388 2790 3591 2862 ἑτέρως
3627 2791 3827 2845 εἰπεῖν.

2248 2886 2410 2948 Εἰκὸς
2441 2885 2498 2937 δὲ
2534 2884 2703 2954 δήπου
2759 2884 2852 2936 καὶ
2899 2883 2999 2954 τὴν
3040 2883 3139 2952 τῆς
3169 2882 3421 2954 θεότητος
3460 2883 3676 2953 κίνησιν
3731 2882 3831 2935 οὐκ

2249 2978 2580 3045 ὲνέγκουσαν
2619 2974 2718 3046 τὴν
2751 2974 2930 3045 σάρκα
2982 2974 3153 3045 βραχύ
3181 2992 3235 3027 τι
3263 2975 3355 3027 καὶ
3391 2974 3709 3045 ὑποφρίξαι,
3739 2976 3833 3029 καὶ

2252 3067 2482 3140 θορύϐου
2514 3066 2700 3137 σχῆμα
2726 3065 2939 3129 παθεῖν,
2962 3067 3057 3120 καὶ
3083 3068 3307 3138 σημεῖον
3337 3065 3510 3136 ὀργῆς
3539 3067 3829 3131 ἐπιδεῖξαι,

2255 3160 2506 3230 καθάπερ
2534 3155 2626 3213 οὖν
2654 3158 2846 3230 ἀμέλει
2878 3158 2973 3211 καὶ
3002 3157 3095 3211 ἐπὶ
3121 3157 3357 3229 Λαζάρῳ
3384 3158 3718 3228 γέγραπται,
3753 3158 3834 3210 ὅτι

2255 3248 2679 3321 ἐμϐριμώμενος
2727 3248 2906 3319 ἐαυτῷ
2968 3251 2996 3300 ὁ
3054 3246 3259 3318 Ἰησοῦς
3313 3249 3393 3310 είς
3452 3247 3513 3299 τὸ
3571 3249 3835 3317 μνημεῖον

2257 3340 2582 3406 ὲνεϐάδιζεν.
2616 3341 2824 3411 Ὂνπερ
2850 3340 2959 3410 γὰρ
2990 3339 3191 3410 τρόπον
3219 3341 3275 3391 ὲν
3302 3340 3529 3402 ἐκείνοις
3562 3340 3662 3410 τὴν
3694 3338 3836 3393 κατὰ

2257 3429 2351 3483 τοῦ
2376 3429 2604 3483 θανάτου
2626 3429 2876 3500 δριμεῖαν
2906 3429 3130 3499 ἀπειλὴν
3160 3428 3495 3500 ἐμϐριμησιν
3522 3430 3650 3501 ἔφη,
3696 3430 3837 3482 οὕτω

2259 3521 2489 3577 κάνθάδε
2549 3520 2611 3574 τὸ
2652 3520 2796 3573 κατὰ
2840 3521 2935 3574 τοῦ
2977 3522 3271 3586 δυσσεϐοῦς
3330 3522 3591 3594 προδότου
3630 3522 3839 3592 κίνημα

2261 3612 2340 3683 τῷ
2375 3613 2474 3683 τῆς
2502 3613 2751 3683 ταραχῆς
2788 3610 3013 3681 ὀνόματι
3061 3614 3482 3683 κατεσήμαινεν.
3531 3614 3840 3683 Ἐταράχθη

2261 3704 2319 3757 δὲ
2344 3703 2591 3767 εἰκότως,
2618 3703 2713 3755 ἐπὶ
2738 3704 2859 3767 ταῖς
2900 3702 3070 3756 Ἰούδα
3109 3702 3461 3775 δυστροπίαις
3493 3705 3839 3773 ἀγανακτῶν.

2263 3793 2329 3846 Τί
2368 3794 2476 3865 γὰρ
2507 3794 2573 3848 ἂν
2601 3794 2811 3862 γένοιτο
2838 3796 2938 3864 τῆς
2962 3794 3172 3847 ἐκείνου
3195 3795 3508 3860 δυσσεϐείας
3541 3796 3603 3849 τὸ
3623 3798 3843 3850 ἐπέκει-

2266 3905 2352 3956 να,
2376 3890 2476 3941 ὅσα
2504 3905 2568 3957 γε
2589 3889 2702 3950 τοῖς
2733 3886 2915 3951 ἄλλοις
2945 3887 3002 3939 ὲν
3038 3888 3140 3957 ἴσῳ
3172 3888 3441 3958 μαθηταῖς
3479 3890 3846 3958 τετιμημένος

2267 3997 2325 4033 τε
2352 3979 2665 4050 ὑπερφυῶς,
2692 3979 2786 4032 καὶ
2822 3978 2880 4031 ὲν
2920 3980 3032 4040 τοῖς
3071 3979 3387 4042 ἁπολέκτοις
3427 3985 3847 4051 κατατεταγμέυ

2269 4087 2378 4133 νος,
2443 4070 2607 4141 ὀλίγῳ
2661 4070 2909 4141 ἀργυρίῳ
2971 4070 3250 4135 παντελῶς
3318 4072 3415 4141 τὴν
3469 4073 3548 4135 είς
3612 4073 3850 4143 Χριστὸν

2271 4161 2492 4230 ἀγάπην
2517 4160 2805 4229 ἠλλάξατο,
2839 4163 2934 4216 καὶ
2969 4162 3165 4215 ἐσθίων
3205 4162 3295 4216 τὸν
3328 4163 3492 4233 ἄρτον
3539 4163 3709 4216 αὑτοῦ
3751 4164 3850 4235 τὴν

2274 4253 2510 4324 πτέρναν
2544 4253 2768 4324 ἐπῆρεν,
2804 4256 2866 4308 ού
2887 4255 3073 4325 τιμὴν.
3110 4257 3171 4309 οὐ
3201 4255 3379 4320 δόξαν,
3405 4258 3466 4309 οὐ
3497 4256 3597 4321 τῆς
3624 4257 3851 4323 ἀγάπης

2272 4344 2363 4397 τὸν
2398 4345 2578 4414 νόμον,
2618 4346 2679 4398 οὐ
2714 4346 2774 4398 τὸ
2811 4345 3251 4415 χρεωστούμενον
3279 4348 3354 4410 ὼς
3388 4346 3508 4415 Θεῷ
3540 4347 3726 4411 σέϐας.
3755 4349 3852 4418 οὐχ

2274 4436 2457 4506 ἕτερόν
2499 4453 2551 4488 τι
2584 4435 2689 4488 τῶν
2724 4438 2804 4499 είς
2829 4436 2990 4489 αὑτὸν
3033 4436 3336 4506 γενομένων
3366 4437 3849 4507 ὑπολογισάμενος,

600 4537 825 4595 putans,
864 4524 959 4578 sed
1010 4523 1078 4577 ad
1121 4521 1439 4577 Judaaorum
1485 4520 1860 4577 exsecrabilcs
1911 4520 2151 4577 denario:

2277 4530 2357 4591 είς
2386 4528 2520 4597 μόνα
2549 4527 2604 4579 δὲ
2635 4526 2846 4597 βλέπων
2884 4528 2952 4581 τὰ
2987 4529 3137 4597 παρά
3176 4528 3284 4581 τῶν
3321 4527 3591 4581 Ἰουδαίων
3631 4526 3854 4597 μυσαρὰ

601 4623 869 4672 duntaxat
927 4612 1091 4685 735
1142 4613 1484 4684 respiciens,
1536 4619 1593 4669 et
1650 4613 1866 4684 exiguis
1931 4616 2174 4671 nummis

603 4722 761 4764 suam
790 4705 1034 4762 vendens
1068 4705 1337 4767 animam,
1366 4706 1828 4774 innocentemque
1859 4719 1923 4759 ac
1960 4705 2175 4776 justum

604 4796 924 4868 sanguinem
963 4793 1373 4849 homicidarum
1438 4792 1697 4848 manibus
1748 4793 1992 4849 tradens.
2041 4793 2171 4848 Gra-

604 4901 825 4942 vissima
847 4888 1032 4956 itaque
1059 4900 1159 4939 cur
1189 4885 1445 4939 turbatus
1471 4885 1544 4940 sit
1580 4900 1749 4939 causa
1780 4894 1884 4939 est.
1915 4883 2179 4955 Sequitur

606 4992 788 5035 autem
815 4982 959 5035 acris
988 4980 1372 5049 reprehensio,
1413 4979 1483 5034 ad
1521 4980 1684 5034 unius
1724 4980 1945 5049 quidem
1974 4995 2005 5034 e
2036 4981 2176 5035 duo-

605 5075 783 5128 decim
817 5087 1106 5143 personam
1142 5070 1479 5141 singularem
1514 5071 1817 5140 pertinens,
1852 5070 1949 5125 sed
1996 5078 2179 5126 tamen

606 5166 731 5220 aliis
796 5174 999 5219 metum
1072 5162 1456 5217 vehementem
1522 5163 1815 5233 injiciens,
1872 5172 1924 5217 et
1977 5164 2181 5232 cuique

606 5255 764 5325 quasi
804 5255 1128 5325 praecipiens
1148 5262 1208 5308 ut
1234 5269 1349 5309 suae
1390 5254 1585 5309 animae
1609 5256 1888 5317 consulat,
1937 5271 2005 5310 ne
2043 5256 2183 5309 forte

614 5362 705 5415 per
763 5347 1031 5401 desidiam
1090 5354 1204 5400 tam
1268 5344 1488 5401 inl'eStis
1552 5346 1770 5416 laqueis
1834 5347 2180 5412 involvatur,

610 5444 665 5489 et
704 5435 1025 5491 acerbitatis
1077 5434 1369 5490 diabolica
1410 5437 1594 5506 praeda
1630 5435 1744 5491 ﬁat.
1798 5434 1963 5491 Utilis
2018 5438 2186 5509 igitur

610 5535 695 5582 est
738 5527 1232 5596 reprehensionum
1265 5527 1351 5583 vis
1390 5537 1444 5584 et
1477 5530 1644 5596 ratio,
1672 5544 1838 5601 quam
1891 5528 2050 5582 nihili
2108 5528 2187 5583 fa-

610 5615 766 5673 ciens
813 5615 1115 5687 proditoris
1155 5618 1390 5687 animus,
1424 5621 1477 5676 in
1528 5622 1812 5694 proposito
1859 5636 1964 5677 suo
2011 5621 2182 5677 haere-

683 5792 730 5829 "
764 5792 923 5852 Joan.
958 5809 1045 5861 xl,
1080 5795 1167 5852 38.

2275 4616 2523 4688 δηνάρια,
2556 4617 2649 4670 καὶ
2680 4615 2874 4683 ὀλίγων
2916 4618 3192 4687 ἀργυρίων
3248 4616 3438 4686 κομιδῇ
3499 4616 3599 4686 τὴν
3655 4616 3851 4669 ἑαυτοῦ

2275 4710 2533 4777 πωλήσας
2559 4705 2756 4778 ψυχὴν,
2788 4709 2883 4760 καὶ
2912 4707 2972 4760 τὸ
3006 4707 3182 4777 ἀθῴόν
3224 4725 3280 4760 τε
3325 4710 3419 4760 καὶ
3448 4707 3657 4761 δίκαιον
3690 4702 3850 4778 αἷμα,

2274 4801 2394 4862 ταῖς
2431 4798 2539 4851 τῶν
2586 4797 2989 4869 μιαιφονὼντων
3023 4801 3209 4868 χερσὶν
3239 4801 3707 4869 ὲγχειρισάμενος.
3750 4801 3855 4852 Εὑ-

2276 4890 2558 4959 λογωτάτη
2596 4890 2882 4961 τοιγαροῦν
2939 4890 2972 4959 ἡ
3030 4889 3121 4942 τοῦ
3169 4890 3500 4960 τεταράχθαι
3558 4891 3851 4960 πρόφασις.

2291 4980 2677 5033 Ἐπακολουθεῖ
2730 4981 2786 5033 δὲ
2837 4981 3033 5050 δριμὺς
3084 4983 3111 5032 ὁ
3152 4981 3390 5050 ἔλεγχος,
3439 4980 3584 5033 οὕτω
3640 4983 3740 5051 μὲν
3777 4984 3856 5043 εἰς
3918 4980 3930 4990 ⁸

2277 5074 2565 5144 πρόσωπον
2605 5072 2787 5135 ίδικῶς
2826 5072 2885 5124 τὸ
2929 5072 3045 5133 ἐνὸς
3075 5073 3181 5123 τῶν
3212 5072 3439 5134 δώδεκα,
3475 5074 3765 5143 περιιστάς
3793 5089 3857 5140 γε

2283 5166 2387 5234 μὴν
2415 5166 2495 5227 εἰς
2524 5164 2718 5233 μόνους
2766 5164 2962 5226 αὐτοὺς
2993 5163 3052 5214 τὸ
3088 5163 3230 5215 οὕτω
3264 5164 3703 5233 φρικωδέστατον
3727 5182 3858 5218 κατ-

2280 5256 2555 5327 ηγόρημα,
2584 5256 2680 5308 καὶ
2711 5254 2993 5325 μονονουχὶ
3033 5256 3476 5324 παρεγγυόμενος
3499 5255 3608 5308 τῶν
3643 5257 3859 5326 ἀκροωο

2285 5346 2461 5415 μένων
2489 5347 2701 5416 ἑκάστῳ
2730 5345 2826 5415 τὴν
2856 5345 2987 5397 ίδίαν
3018 5346 3248 5415 φυλάξαι
3278 5346 3476 5415 ψυχὴν,
3510 5348 3584 5415 μὴ
3611 5347 3722 5417 ἄρα
3747 5363 3860 5409 πως

2283 5440 2348 5490 ἐκ
2375 5438 2649 5509 ῥᾳθυμίας
2680 5441 2791 5501 τοῖς
2810 5437 2952 5490 οὕτω
2979 5439 3164 5501 δεινοῖς
3195 5438 3470 5505 ἁλώσηται
3504 5439 3744 5509 βρόχοις,
3773 5439 3863 5493 καὶ

2285 5530 2381 5599 τῆς
2434 5529 2527 5582 τοῦ
2585 5529 2831 5582 διαϐόλου
2879 5529 3100 5597 πικρίας
3155 5529 3324 5596 γλυκὺ
3366 5532 3581 5596 γένοιτο
3613 5532 3862 5601 θήραμα.

2294 5620 2611 5691 Ἐπωφελὴς
2640 5616 2731 5673 οὖν
2764 5620 2870 5690 ἄρα
2894 5620 2999 5671 τῶν
3036 5620 3268 5690 ἐλέγχων
3299 5623 3329 5690 ἡ
3372 5621 3618 5690 δύναμις,
3645 5622 3711 5693 ἣν
3739 5619 3866 5681 παρ’
