4106 6262
319 465 425 522 I37

1380 464 1447 520 IN
1481 461 1770 519 JOANNIS
1792 459 2243 518 EVANCELIUM
2281 458 2410 515 LIB.
2448 458 2538 513 LX.

3464 450 3569 511 138

314 580 470 635 οὐδὲν
522 579 886 652 ποιησάμενος
939 577 1034 634 τοῦ
1084 577 1374 651 προδόντος
1422 582 1453 634 ὁ
1492 577 1637 643 νοῦς,
1678 577 1787 632 τῶν
1814 577 1880 631 οί-

1994 575 2106 630 bat.
2131 573 2325 645 Magna
2358 574 2545 643 itaque
2573 586 2698 627 cum
2733 570 2983 641 emphasi
3010 569 3276 627 Christus
3309 588 3324 624 :
3362 587 3381 623 ι
3415 568 3568 627 Unus

314 673 479 726 κείων
507 673 683 741 εἴχετο
710 670 1162 743 σπουδασμάτων.
1193 669 1681 742 Ἐμφαντικῶτατα
1708 669 1888 723 τοίνυν

310 765 340 816 ό
369 762 600 832 Χριστὸς
619 760 702 828 τὸ,
736 780 755 813 ι
786 758 884 826 Εἷς
912 762 972 829 ἐξ
991 760 1148 833 ὑμῶν
1174 759 1485 832 παραδώσει
1516 776 1608 830 με,
1647 776 1666 811 s
1699 756 1903 827 φησίν.,

313 853 385 908 Ἢ
416 853 527 924 γάρ
550 851 652 922 τῆς
693 852 790 907 τοῦ
832 852 1142 923 τολμῶντος
1181 850 1505 923 ἀχαριστίας
1560 850 1649 904 διὰ
1694 848 1886 904 τούτου

316 946 625 1016 κατηγορεῖ,
649 944 683 1016 ἢ
705 945 805 1015 τῆς
823 944 920 999 τοῦ
943 944 1188 999 διαϐόλου
1211 943 1409 1007 κακίας
1436 942 1672 997 δεικνύει
1702 941 1766 994 τὸ
1791 940 1889 1010 μί-

318 1031 490 1102 γεθος,
521 1033 601 1096 ὡς
644 1032 900 1087 τοσοῦτον
950 1032 1291 1104 δυνηθείσης,
1320 1032 1398 1096 ὡς
1439 1032 1535 1087 καὶ
1579 1030 1760 1085 αὐτῶν
1788 1030 1887 1085 ἕνα

306 1124 419 1177 τῶν
456 1124 772 1180 ἀποστόλων
805 1124 1075 1194 ἁρπάσαι.

383 1220 684 1273 Ἕόλεπον
702 1214 818 1275 οὖν
839 1221 928 1285 είς
948 1217 1265 1285 ἀλλήλους
1295 1220 1350 1273 οὶ
1372 1217 1652 1288 μαθηταί,
1680 1216 1886 1272 διαπο-

296 1309 586 1378 ρούμενοι
602 1309 749 1377 ,περὶ
786 1309 949 1375 τινος
970 1310 1157 1379 λέγει.

384 1399 685 1472 Ἐκπληξίς
711 1417 772 1454 τε
801 1401 936 1472 ὁμοῦ
979 1401 1074 1455 καὶ
1097 1400 1218 1465 δέος
1241 1400 1512 1473 εἰστρέχει
1540 1400 1668 1464 τοὺς
1708 1399 1883 1471 μαθη-

305 1489 426 1555 τάς,
455 1491 550 1544 καὶ
575 1490 826 1562 ἀλλήλοις
869 1491 1120 1562 ἐνορῶσι,
1157 1491 1381 1546 διπλοῦν
1419 1493 1483 1545 ἐκ
1519 1490 1630 1544 τῶν
1658 1490 1888 1562 είρημέ-

306 1598 416 1636 νων
444 1581 723 1647 ὠδίνοντες
758 1582 1012 1654 θόρυϐον.
1040 1584 1314 1646 Ἕκαστος
1344 1583 1442 1653 μὲν
1473 1580 1605 1653 γὰρ,
1640 1580 1781 1634 κατὰ
1823 1580 1886 1635 τὸ

303 1673 475 1738 εἰκὸς,
501 1674 601 1742 τῆς
627 1675 765 1739 ἰδίας
791 1676 1142 1749 ὑπρτρέχων
1169 1675 1368 1746 ψυχῆς,
1395 1674 1496 1727 οὐκ
1521 1674 1581 1726 ὲν
1597 1673 1764 1743 ὀλίγῳ
1790 1672 1883 1741 γε·

301 1780 431 1833 γονε
454 1764 689 1835 δείματι,
719 1765 855 1820 ἀλλὰ
875 1769 971 1822 καὶ
1000 1768 1100 1838 τῆς
1117 1768 1196 1831 εἰς
1221 1767 1286 1821 τὸ
1311 1765 1488 1820 κοινὸν
1510 1763 1723 1836 ὁρώσης
1745 1763 1883 1818 ὕπο-

302 1854 521 1927 λήψεως
548 1857 730 1931 χάριν,
756 1860 857 1913 οὐκ
882 1860 1140 1915 ἐλάττονα
1161 1861 1261 1932 τῆς
1292 1858 1489 1930 ἑτέρας
1512 1857 1613 1928 τὴν
1641 1857 1882 1926 ἀγωνίαν

1989 683 2055 722 ex
2087 667 2248 721 vobis
2275 680 2361 721 me
2391 664 2591 729 tradet,
2630 684 2649 716 ι
2682 665 2778 720 ait.
2809 663 2909 719 Vel
2943 664 3092 720 enim
3129 662 3434 735 proditoris
3476 662 3566 717 in-

1987 764 2201 827 gratum
2237 756 2480 811 animum
2524 756 2612 812 bis
2648 757 2837 812 verbis
2878 764 3129 819 accusat,
3152 756 3238 811 vel
3280 754 3569 810 diabolica:

1988 848 2252 919 nequitiae
2280 847 2721 920 magnitudinem
2759 848 3026 912 ostendit,
3060 862 3183 918 quae
3214 856 3426 901 tantum
3469 861 3567 916 po-

1985 940 2177 1003 tuerit,
2234 947 2297 994 ut
2348 939 2513 994 etiam
2549 953 2717 993 unum
2774 953 2842 994 ex
2896 938 3035 1009 ipsis
3084 937 3348 1008 apostolis
3390 936 3566 991 corri—

1985 1032 2186 1103 pulerit.

2058 1201 2173 1258 XIII
2199 1244 2216 1271 ,
2254 1201 2346 1258 22.
2386 1203 2728 1274 Aspiciebant
2776 1221 2898 1277 ergo
2934 1205 3004 1260 ad
3029 1205 3248 1261 invicem
3285 1206 3559 1276 discipuli,

1983 1292 2289 1350 haesitantes
2319 1295 2385 1350 de
2415 1312 2517 1364 quo
2543 1296 2759 1352 diceret.
3294 1294 3297 1299 ’

2056 1384 2262 1454 Stupor
2291 1386 2456 1440 simul
2490 1400 2555 1441 ac
2579 1386 2745 1441 timor
2770 1386 2982 1443 invadit
3004 1385 3214 1442 Christi
3239 1385 3560 1457 discipulos,

1982 1481 2037 1528 et
2066 1475 2352 1531 intuentur
2381 1476 2473 1530 alii
2500 1477 2555 1530 in
2587 1476 2751 1539 alios.
2782 1477 3058 1548 duplicem
3088 1491 3154 1532 ex
3183 1476 3350 1533 dictis
3374 1479 3564 1532 conci-

1983 1567 2200 1638 pientes
2237 1579 2464 1626 metum.
2494 1568 2888 1641 Unusquisque
2912 1571 3093 1636 enim,
3127 1577 3184 1625 ut
3214 1585 3314 1640 par
3338 1577 3459 1635 est,
3493 1568 3563 1623 de

1981 1672 2082 1713 sua
2115 1659 2300 1714 anima
2328 1660 2627 1726 sollicitus,
2661 1676 2770 1716 non
2806 1675 2972 1730 parvo
3001 1669 3120 1715 erat
3165 1660 3217 1714 in
3251 1667 3421 1722 metu,
3463 1661 3558 1714 sed

1981 1758 2036 1804 et
2063 1763 2190 1805 cum
2222 1750 2294 1806 de
2325 1752 2542 1808 caeteris
2573 1754 2630 1807 in
2660 1767 2952 1809 commune
2982 1752 3330 1823 cogitarent,
3360 1752 3428 1806 de
3453 1752 3561 1805 alia

1983 1854 2089 1895 non
2122 1841 2306 1898 minus
2337 1844 2488 1898 anxii
2515 1854 2696 1899 erant.
2720 1844 2967 1900 Crednnt
2993 1845 3198 1914 quippe
3227 1859 3417 1899 verum
3457 1842 3552 1898 uti-

610 1923 731 2008 ἐΟτι.
787 1953 887 2024 μὲν
942 1953 1052 2025 γὰρ
1104 1923 1303 2025 ἀληθὲς
1352 1923 1508 2005 ἔσται
1564 1923 1784 2014 πάντως
1822 1950 1880 2004 τὸ

1982 1945 2091 2000 que
2127 1929 2246 1989 fore
2273 1933 2420 2003 quod
2445 1934 2658 1990 dictum
2688 1943 2796 1991 est.
2833 1936 3029 1990 Sciunt
3058 1936 3204 1990 enim
3249 1934 3562 1990 Servatoris

303 2041 425 2112 είρη
435 2041 594 2110 μένον
628 2043 997 2099 πιστεύουσιν.
1029 2045 1211 2098 Ἰσασι
1233 2044 1367 2116 γὰρ,
1387 2042 1463 2106 ὡς
1485 2043 1586 2096 οὐκ
1611 2042 1678 2096 ἂν
1694 2041 1886 2096 διαπέ-

304 2143 390 2180 σοι
440 2129 597 2193 κενὸς
642 2129 739 2185 τοῦ
787 2131 1040 2203 Σωτῆρος
1093 2133 1123 2185 ὀ
1159 2132 1339 2201 λόγος,
1368 2131 1432 2184 τό
1472 2130 1533 2184 τέ
1564 2146 1631 2199 γε
1666 2129 1772 2201 μὴν
1803 2131 1883 2194 εἰς

302 2218 465 2272 τοῦτο
505 2220 824 2285 δυσσεϐείας
876 2221 1342 2294 κατωλισθηκέναι
1390 2220 1499 2275 τῶν
1530 2222 1591 2275 ὲν
1616 2220 1884 2293 μαθηταῖς

306 2310 784 2382 ἀπηριθμημὲνων
835 2314 980 2378 τινὰ,
1042 2314 1212 2368 δεινὸν
1280 2313 1377 2368 καὶ
1430 2312 1711 2385 ἀφόρητον
1742 2308 1885 2367 εἶναι

308 2399 670 2470 λογιζόμενοι,
716 2401 778 2455 τὸ
838 2403 938 2474 μὲν
997 2404 1127 2458 [διον
1187 2405 1416 2459 ἑκάστου
1468 2405 1709 2469 συνειδὸς
1749 2405 1884 2459 ἀνα-

310 2490 596 2560 κρίνουσι,
655 2493 751 2546 καὶ
806 2494 1160 2565 περιαθροῦσι
1213 2495 1401 2561 δεινῶς
1454 2498 1548 2552 ἐπὶ
1603 2498 1727 2553 τίνα
1785 2498 1884 2569 τῆς

305 2581 585 2649 ἀπωλείας
610 2584 639 2636 ό
667 2583 868 2657 κλῆρος
887 2590 1157 2652 πεσεῖται,
1190 2590 1283 2642 καὶ
1307 2590 1487 2655 πόθεν,
1516 2590 1549 2662 ἢ
1577 2589 1697 2655 πῶς
1726 2592 1881 2664 ίσχύ-

304 2688 390 2726 σει
418 2674 667 2728 τοσοῦτον
695 2676 724 2729 ὀ
752 2677 1014 2743 Σατανᾶς,
1041 2679 1117 2743 ὡς
1150 2680 1244 2735 καὶ
1269 2680 1448 2734 αὐτῶν
1476 2681 1740 2754 ἐκκλέψαι
1774 2683 1883 2738 τῶν

299 2763 540 2833 γνησίων
568 2765 711 2820 τινά.

369 2852 490 2909 Ἦν
521 2855 591 2910 δὲ
610 2856 1003 2926 ἀνακείμενος
1028 2854 1118 2926 εἵς
1144 2860 1214 2914 ἐκ
1246 2858 1364 2914 τῶν
1375 2859 1660 2932 μαθητῶν
1695 2862 1882 2917 αὐτοῦ

297 2944 368 2998 ἐν
417 2944 498 3011 τῷ
531 2948 740 3015 κόλπῳ
788 2947 897 3003 τοῦ
935 2949 1163 3019 Ἰησοῦ,
1207 2950 1281 3005 ὃν
1314 2952 1518 3020 ἠγάπα
1552 2956 1588 3007 ό
1620 2953 1879 3021 Ἰησοῦς.

296 3037 473 3090 Νεύει
497 3033 612 3093 οὖν
642 3040 833 3105 τούτῳ
858 3041 1073 3110 Σίμων
1103 3041 1327 3112 Πέτρος
1371 3044 1671 3101 πυθέσθαι
1693 3045 1785 3111 τίς
1805 3045 1883 3099 ἂν

299 3125 394 3193 ειη
434 3129 569 3198 περὶ
613 3124 686 3185 οὗ
712 3131 896 3199 Λέγει.
942 3134 1282 3189 Ἑπιπεσὼν
1322 3135 1390 3188 δὲ
1414 3136 1649 3204 ἐκεῖνος
1676 3138 1777 3191 ἐπὶ
1813 3138 1881 3192 τὸ

299 3222 526 3287 στῆθος
546 3222 655 3275 τοῦ
689 3222 915 3289 Ἰησοῦ,
932 3223 1095 3293 ,λέγει
1122 3225 1305 3292 αὺτῷ-
1331 3228 1525 3296 Κύριε,
1550 3230 1644 3295 τίς
1672 3229 1880 3295 same;

311 3307 722 3372 Ἀποκρίνεται
767 3308 883 3367 οὖν
917 3316 950 3364 ὁ
991 3314 1253 3372 Ἰησοῦρσ
1301 3316 1559 3372 Ἐκεῖνός
1607 3317 1802 3372 ἐστιν.
1830 3312 1879 3372 ὦ

1982 3222 2111 3267 Jesu
2134 3251 2151 3280 ,
2181 3222 2312 3265 dicit
2346 3227 2391 3265 ei
2413 3227 2432 3265 :
2463 3222 2714 3273 nomine.
2753 3222 2869 3283 quis
2898 3222 2974 3267 est
2999 3222 3023 3268 7
3053 3222 3308 3280 ltesponai

1985 3301 2088 3357 Ille
2109 3312 2186 3356 est
2223 3302 2308 3355 cui
2342 3318 2433 3372 ego
2468 3300 2753 3357 intinctam
2780 3316 2969 3370 partem
3003 3316 3308 3372 porrexero.

311 3307 722 3379 Ἀποκρίνεται
767 3308 883 3367 οὖν
917 3316 950 3364 ὁ
991 3314 1253 3381 Ἰησοῦς-ο
1301 3316 1559 3384 Ἐκεῖνός
1607 3317 1802 3385 ἐστιν,
1830 3312 1879 3385 ᾧ

293 3400 414 3471 ἐγὼ
434 3401 647 3472 βάψας
672 3406 739 3458 τὸ
769 3406 1003 3475 ψωμίον
1028 3406 1201 3461 δώσω

368 3494 768 3567 Θαυμάσαιμεν
820 3498 887 3551 ἂν
935 3500 1159 3564 εἰκότως
1200 3502 1295 3553 καὶ
1325 3504 1383 3556 ὲν
1412 3501 1588 3574 τούτῳ
1613 3503 1680 3576 δὴ
1715 3505 1880 3560 πάλιν

289 3586 409 3638 τῶν
440 3586 613 3655 ἁγίων
645 3588 900 3659 μαθητῶν
929 3589 991 3643 τὺ
1014 3591 1214 3662 γοργὸν
1248 3594 1329 3656 εἰς
1364 3592 1662 3662 φιλοθεῖαν,
1692 3594 1788 3647 καὶ
1819 3595 1881 3648 τὸ

290 3679 424 3732 λίαν
448 3679 675 3749 ἀκριϐὲς
714 3683 795 3742 είς
820 3681 1125 3736 εὐλάϐειαν.
1164 3684 1241 3736 Οὐ
1281 3684 1391 3755 γὰρ
1422 3683 1638 3754 ἔχοντες
1674 3684 1733 3752 ἐξ
1752 3686 1875 3739 ἑαυ-

291 3767 413 3822 τῶν
473 3769 673 3822 εἰδέναι
737 3771 989 3825 ὐπαίτιόν
1050 3789 1208 3836 τινα,
1263 3774 1378 3828 ἀλλ’
1443 3775 1566 3830 οὐδὲ
1628 3779 1750 3841 ταῖς
1818 3780 1881 3831 ὲκ

297 3860 627 3930 στοχασμῶν
663 3862 900 3925 ἀπάταις
940 3864 1425 3936 ὲπιθαρσήσαντες,
1469 3867 1880 3936 φιλοπευστοὼι

295 3951 504 4014 πάλιν,
570 3954 663 4006 καὶ
736 3954 1030 4024 μανθάνειν
1090 3957 1405 4026 ἐπείγονται
1484 3959 1554 4013 δι’
1612 3960 1730 4024 ἑνὸς
1785 3960 1878 4015 τοῦ

291 4043 652 4115 προῦχοντος,
705 4046 913 4118 Πέτρος
961 4048 1019 4101 δὲ
1071 4041 1226 4112 οὗτος
1275 4046 1364 4119 ἦν,
1414 4051 1474 4115 ὃς
1512 4054 1877 4124 προσεκόμισε

293 4137 401 4205 μὲν
433 4135 685 4206 οὐδαμῶς
732 4136 801 4191 δι’
825 4138 1019 4192 ἑαυτοῦ
1066 4139 1164 4211 τὴν
1201 4141 1426 4205 πεῦσιν,
1453 4142 1530 4213 τῷ
1558 4144 1614 4197 δὲ
1653 4145 1879 4215 πλησίον

288 4227 389 4280 καὶ
450 4227 798 4298 ἀγαπωμένῳ
850 4228 939 4282 διὰ
984 4229 1045 4283 τὸ
1088 4232 1187 4303 τῆς
1237 4234 1460 4301 ἁγνείας
1500 4234 1879 4308 λαμπρότερον

286 4316 353 4370 τὸ
397 4316 662 4388 διερωτᾷν
695 4317 935 4388 ἐφίησιν.
983 4320 1236 4392 Ἰωάννης
1281 4322 1339 4375 δὲ
1391 4318 1545 4387 οὗτος
1586 4320 1654 4396 ἦν
1701 4327 1730 4377 ὁ
1782 4326 1877 4379 τοῦ

288 4404 658 4474 προκειμένου
697 4404 905 4475 βιϐλίου
954 4413 1321 4480 συγγραφεὺς,
1351 4412 1429 4476 ὃς,
1472 4415 1705 4484 ἐπείπερ
1737 4418 1876 4485 ἠγα-

286 4493 506 4562 πῆσθαί
541 4511 706 4565 φησιν
733 4497 944 4561 ἑαυτὸν,
974 4499 1037 4552 τὸ
1061 4503 1259 4555 οἰκεῖον
1305 4504 1649 4574 κατέκρυψεν
1684 4506 1872 4576 ὄνομα.

1984 2036 2297 2081 sermonem
2344 2024 2564 2080 irritum
2595 2042 2719 2082 esse
2760 2041 2870 2082 non
2904 2043 3097 2097 posse,
3139 2027 3235 2083 sed
3269 2041 3337 2081 eo
3368 2027 3563 2095 impie-

1985 2117 2119 2171 tatis
2150 2115 2424 2174 decidisse
2462 2134 2798 2188 quemquam
2842 2134 2875 2174 e
2921 2119 3246 2189 discipulis,
3291 2133 3457 2188 grave
3507 2127 3564 2173 et

1985 2204 2392 2262 intolerandum
2431 2222 2558 2263 esse
2601 2215 2897 2278 putantes,
2937 2222 3095 2262 suam
3136 2208 3379 2277 quisque
3424 2222 3560 2263 con-

1985 2295 2270 2353 scientiam
2301 2299 2640 2365 examinant,
2665 2307 2722 2355 et
2747 2300 2800 2353 in
2831 2314 2992 2370 quem
3019 2299 3174 2353 exitii
3211 2313 3334 2353 sors
3362 2313 3561 2353 casura

1984 2383 2059 2439 sit
2088 2398 2279 2444 exacte
2302 2390 2603 2454 rimantur,
2642 2397 2697 2446 et
2728 2390 2878 2445 unde
2908 2397 3003 2444 aut
3034 2389 3315 2459 quomodo
3346 2397 3560 2444 tantum

1985 2482 2277 2552 potestatis
2304 2482 2596 2538 habiturus
2634 2481 2707 2536 sit
2748 2480 3017 2545 Satanas,
3066 2488 3126 2535 ut
3158 2496 3497 2550 quemquam
3530 2500 3563 2534 e
3653 2511 3660 2517 π

1984 2571 2242 2642 genuinis
2270 2569 2559 2645 discipulis
2591 2569 2854 2640 abripiat.

2055 2841 2174 2897 XIII
2195 2880 2212 2905 ,
2249 2841 2437 2897 23-26.
2488 2840 2623 2896 Erat
2653 2858 2775 2912 ergo
2801 2842 3105 2897 recumbens
3135 2858 3269 2895 unus
3299 2856 3363 2895 ex
3393 2840 3561 2896 disci-

1982 2935 2122 3002 pulis
2142 2933 2257 3003 ejus
2287 2935 2343 2988 in
2370 2934 2491 2989 sinu
2515 2933 2666 2997 Iesu,
2696 2951 2845 3005 quem
2874 2934 3126 3006 diligebat
3151 2932 3330 2989 Jesus.
3374 2932 3560 2989 Innuit

1982 3043 2105 3097 ergo
2129 3027 2250 3081 huic
2272 3026 2459 3081 Simon
2484 3025 2697 3095 Petrus,
2725 3036 2777 3082 et
2801 3029 2941 3081 dixit
2973 3030 3021 3082 ei
3051 3044 3071 3085 :
3109 3028 3241 3096 Quis
3269 3036 3348 3083 est
3376 3028 3472 3082 iste
3495 3030 3560 3082 de

1982 3135 2086 3190 quo
2121 3119 2252 3173 dicit
2274 3121 2300 3175 .’
2339 3117 2529 3190 Itaque
2555 3136 2675 3174 cum
2705 3120 3025 3175 recubuisset
3060 3121 3151 3175 ille
3180 3136 3340 3189 supra
3379 3130 3559 3190 pectus

1981 3209 2111 3267 Jesu
2134 3251 2151 3280 _.
2181 3212 2312 3265 dicit
2346 3211 2432 3265 ei:
2463 3211 2714 3273 Domine.
2753 3212 2869 3283 quis
2898 3222 2974 3267 est
2999 3214 3023 3268 7
3053 3211 3337 3280 Respondit
3360 3211 3518 3267 Jesus
3539 3228 3558 3266 .'

2052 3477 2153 3535 Hic
2179 3494 2379 3535 rursus
2398 3478 2565 3535 etiam
2592 3488 2910 3535 sanctorum
2937 3478 3337 3549 discipulorum
3367 3477 3560 3533 arden-

1985 3577 2089 3623 tem
2122 3583 2251 3639 erga
2284 3568 2455 3624 Deum
2490 3582 2732 3624 amorem
2759 3577 2814 3622 et
2840 3568 3004 3640 736
3029 3569 3306 3624 sincerum
3338 3567 3559 3637 pietatis

1982 3674 2046 3714 ac
2071 3660 2609 3732 religionisstudium
2628 3660 2815 3715 mirari
2837 3661 2963 3729 jure
3003 3667 3239 3730 oportet.
3269 3659 3402 3714 Nam
3433 3678 3556 3717 cum

1981 3766 2046 3805 ex
2085 3752 2286 3823 seipsis
2331 3767 2441 3807 non
2477 3760 2708 3823 possent
2741 3751 2918 3805 ullum
2953 3762 3169 3806 sontem
3222 3768 3557 3823 agnoscere,

1982 3846 2077 3900 sed
2109 3860 2285 3916 neque
2315 3844 2607 3901 fallacibus
2639 3840 2978 3914 coniecturis
3009 3845 3200 3899 conlisi
3222 3884 3237 3909 ,
3266 3848 3560 3902 sciscitan-

1982 3944 2071 3987 tur
2105 3935 2287 3989 denuo
2317 3949 2380 3988 ac
2410 3933 2625 3989 discere
2652 3935 2905 3989 nituntur
2934 3950 3029 4005 per
3056 3951 3224 3990 unum
3257 3937 3408 3991 illum
3442 3941 3557 4008 pri-

1981 4028 2216 4081 marium
2243 4069 2256 4090 ,
2302 4026 2521 4083 Petrum
2560 4028 2839 4091 videlicet,
2866 4029 2959 4097 qui
2996 4043 3339 4099 nequaquam
3371 4046 3466 4100 per
3498 4047 3559 4085 se

1981 4117 2363 4190 interrogavit,
2403 4119 2495 4173 sed
2527 4118 2579 4173 ei
2611 4118 2705 4189 qui
2737 4120 3019 4188 proximus
3059 4129 3176 4174 erat
3208 4135 3272 4174 ac
3299 4120 3555 4188 dilectus,

1983 4219 2212 4279 propter
2246 4212 2525 4267 castitatis
2561 4212 2911 4280 splendorem
2934 4251 2948 4271 .
2983 4212 3342 4282 qna-rendnm
3388 4216 3557 4270 relin-

1980 4302 2122 4371 quit.
2154 4300 2399 4356 Joannes
2431 4313 2614 4354 autem
2664 4303 2710 4356 is
2745 4313 2895 4364 erat,
2932 4303 3055 4357 libri
3086 4303 3251 4373 hujus
3286 4307 3556 4376 scriptor,

1979 4392 2073 4459 qui
2114 4393 2375 4461 quoniam
2414 4408 2473 4447 se
2503 4393 2764 4446 dilectum
2799 4392 2969 4449 fuisse
3005 4396 3114 4458 ait,
3155 4394 3364 4450 idcirco
3394 4412 3554 4451 suum

1983 4498 2177 4537 nomen
2220 4484 2479 4546 reticuit,
2518 4498 2587 4536 nc
2632 4483 2892 4552 cuiquam
2940 4484 3089 4537 inani
3137 4484 3308 4555 gloria
3355 4487 3556 4542 ductus

290 4590 426 4657 σιγῇ
494 4589 798 4659 παραδοὺς,
856 4591 944 4643 ἵνα
1008 4592 1081 4663 μή
1144 4611 1221 4664 τῳ
1276 4595 1424 4662 δόξαι
1491 4574 1869 4668 φιλοκομπεῑν.

1982 4574 2281 4629 rideretur.
2310 4575 2643 4629 Ambitionis
2674 4576 2879 4645 quippe
2906 4590 3102 4645 expers
3126 4587 3209 4631 est
3236 4589 3553 4634 sanctorum

300 4678 620 4751 Ἐλεύθερος
649 4680 757 4752 γὰρ
783 4681 1085 4748 φιλοδοξίας
1106 4684 1213 4737 τῶν
1236 4686 1404 4753 ἁγίων
1428 4690 1456 4741 ὁ
1479 4688 1622 4752 νοῦς.
1660 4690 1872 4761 Ἦρέμα

284 4771 475 4824 τοίνυν
513 4771 590 4842 τῷ
637 4772 943 4845 διδασκάλῳ
984 4778 1469 4847 προσκεκλιμένος,
1512 4780 1871 4852 διαψιθυρίζει

284 4862 490 4932 λάθρα,
523 4865 619 4916 καὶ
660 4862 953 4933 μανθάνειν
984 4866 1130 4932 ἀξιοῖ
1166 4868 1258 4919 τὸν
1293 4868 1393 4937 τῆς
1426 4869 1699 4930 ἀπωλείας
1734 4871 1872 4923 υἱόν·

283 4954 408 5005 ἀλλ’
439 4953 538 5020 οὐχ
569 4952 756 5024 ἕτερόν
799 4971 852 5007 τι
899 4960 1125 5026 σημεῖον
1181 4957 1330 5028 αὐτῷ
1375 4957 1586 5012 δίδωσιν
1625 4961 1654 5011 ὁ
1683 4960 1876 5028 Σωτὴρ

280 5043 384 5099 τοῦ
422 5043 780 5114 πράγματος,
810 5045 845 5117 ἢ
873 5047 935 5100 τὸ
971 5046 1059 5100 διὰ
1098 5048 1198 5117 τῆς
1238 5048 1331 5102 τοῦ
1364 5050 1649 5120 Προφήτου
1693 5052 1876 5119 φωνῆς

283 5138 382 5193 καὶ
415 5135 586 5189 πάλαι
610 5139 1145 5209 προκεκηρυγμένον·
1171 5159 1189 5190 ι
1213 5140 1271 5193 '0
1303 5141 1499 5194 ἐσθίων
1527 5142 1722 5211 ἄρτους
1752 5160 1875 5212 μου,

283 5224 630 5295 ἐμεγάλυνεν
659 5226 746 5277 ἐπ’
775 5227 876 5296 ἐμὲ
903 5229 1251 5297 πτερνισμόν.
1292 5249 1310 5280 s
1343 5229 1531 5298 Βάψας
1564 5230 1673 5300 γὰρ
1703 5230 1876 5284 ἐπιδί-

281 5314 422 5366 δωσι
462 5310 525 5362 τὸ
552 5310 788 5382 ψωμίον,
817 5314 1032 5377 δεικνὺς
1062 5316 1151 5368 διὰ
1184 5317 1371 5370 τούτου
1403 5319 1492 5370 τὸν
1516 5319 1763 5371 ἐσθίοντα
1786 5319 1876 5372 τὸν

282 5405 461 5476 ἄρτον
525 5404 710 5459 αὑτοῦ.
765 5406 876 5460 Καὶ
934 5407 1026 5460 τὸν
1075 5408 1172 5477 μὲν
1224 5409 1330 5462 τῶν
1385 5411 1557 5477 ἁγίων
1617 5412 1875 5480 μαθητῶν

281 5498 544 5566 ἐξίστησι
571 5496 754 5565 φόϐον,
777 5499 900 5566 ἄγει
945 5500 1004 5552 δέ
1059 5517 1172 5564 πως
1214 5501 1413 5565 αὐτοὺς
1455 5505 1535 5565 εἰς
1566 5504 1870 5572 ἀνάμνησιν

283 5586 635 5660 προφητείας
684 5589 878 5661 ἑτέρας
929 5590 1351 5663 διαγορευούσης
1403 5593 1519 5646 ὡδί·
1556 5613 1572 5643 ι
1614 5594 1684 5646 Σὺ
1714 5594 1792 5656 δὲ,
1829 5590 1872 5646 ὦ

281 5681 567 5751 Ξνθρωπε,
598 5680 817 5752 ἰσόψυχε
849 5684 1075 5754 ἡγεμών
1107 5702 1229 5754 μου,
1273 5685 1366 5738 καὶ
1406 5686 1617 5752 γνωστέ
1662 5702 1787 5753 μου,
1813 5684 1870 5747 ὃς

354 5863 401 5893 ⁸³
446 5860 593 5916 Psal.
623 5875 729 5926 xm,
764 5859 851 5916 ll).

620 5950 890 6011 Panos.
935 5951 1049 6009 Gn.
1094 5949 1337 6014 LXXIV.

1981 4666 2224 4720 animus.
2263 4665 2481 4720 Sensim
2517 4682 2651 4736 ergo
2682 4665 2987 4721 inclinatus
3032 4667 3100 4721 ad
3147 4679 3340 4737 pectus
3378 4672 3555 4739 magi-

1981 4761 2078 4812 stri
2122 4759 2263 4812 clam
2299 4759 2498 4828 quaerit
2540 4758 2668 4828 quis
2698 4758 2768 4813 sit
2797 4758 3085 4814 erditionis
3119 4759 3212 4815 ille
3253 4760 3427 4827 illius;
3460 4762 3554 4815 sed

1983 4866 2090 4904 non
2125 4852 2273 4904 aliud
2301 4851 2396 4903 dat
2431 4851 2481 4903 ei
2516 4849 2778 4904 Servator
2809 4853 2888 4905 rei
2920 4851 3169 4921 signum,
3218 4867 3380 4920 quam
3407 4853 3552 4921 quod

1984 4963 2079 5014 per
2111 4947 2396 5016 Propheta?
2430 4960 2619 4999 vocem
2651 4946 2782 5000 olim
2820 4945 3143 5014 praedictum
3185 4953 3271 4998 est
3315 4961 3327 4997 :
3391 4963 3410 4995 ι
3446 4944 3551 5010 Qui

1984 5040 2179 5094 edebat
2204 5054 2371 5107 panes
2396 5052 2569 5101 meos,
2595 5036 2963 5108 magniﬁcavit
2988 5051 3157 5105 super
3181 5051 3264 5088 me
3287 5037 3556 5105 supplan-

1980 5133 2243 5186 tationem
2268 5132 2335 5186 ⁸⁵.
2372 5151 2391 5183 ›
2441 5129 2735 5184 Intinctam
2772 5129 2975 5199 quippe
3015 5127 3318 5182 buccellam
3361 5127 3552 5192 tradit,

1980 5242 2075 5295 per
2123 5227 2223 5279 hoc
2271 5239 2395 5279 eum
2441 5225 2741 5278 ostendens
2790 5223 2884 5291 qui
2942 5218 3305 5272 manducaret
3352 5233 3550 5288 panem

1977 5316 2117 5386 ejus.
2153 5317 2216 5370 Et
2250 5323 2570 5371 sanctorum
2611 5316 2832 5382 quidem
2870 5310 3272 5380 discipulorum
3307 5307 3550 5362 formidi-

1980 5424 2105 5462 nem
2138 5416 2377 5462 removet
2401 5447 2414 5468 ,
2451 5407 2547 5462 sed
2582 5408 2663 5460 eis
2701 5405 2753 5458 in
2792 5402 3115 5456 memoriam
3153 5399 3380 5455 adducit
3409 5400 3554 5454 alte-

1980 5518 2095 5554 ram
2130 5500 2507 5571 prophetiam,
2544 5516 2666 5569 qua:
2702 5498 2779 5549 ait
2813 5514 2826 5549 :
2865 5514 2884 5545 ι
2922 5493 3008 5549 Tu
3044 5511 3174 5551 vero
3210 5496 3378 5549 homo
3412 5508 3553 5546 una-

1981 5591 2146 5645 nimis
2172 5590 2281 5644 dux
2328 5605 2515 5651 mens,
2549 5597 2604 5642 ct
2638 5596 2801 5641 notus
2828 5602 2987 5642 meus
3018 5587 3112 5657 qui
3145 5586 3307 5643 simul
3337 5597 3549 5637 mecum

1981 5685 2172 5739 dulces
2201 5683 2457 5752 capiebas
2485 5684 2638 5736 cibos
2675 5699 2687 5735 :
2733 5680 2787 5732 in
2814 5680 2978 5734 domo
3012 5679 3107 5733 Dei
3142 5676 3552 5731 ambulavmms

3118 5937 3151 5994 5
