4106 6262
3586 404 3598 416 ’
3687 447 3796 503 uo

535 585 673 628 cum—
700 583 974 627 consensu
1002 571 1068 625 “.
1105 589 1123 623 ι
1165 570 1460 627 Unanimis
1490 573 1636 626 enim
1659 609 1674 636 ,
1717 585 1782 626 ac
1814 579 2017 638 notus,
2056 580 2112 626 et

2236 576 2306 626 πὶ
2332 572 2391 627 τὺ
2415 573 2548 628 αὐτὸ
2583 572 2888 641 ἐγλύκανάς
2912 589 3000 642 μοι
3030 572 3322 642 ὲδέσματα’
3356 571 3412 624 ἐν
3443 567 3547 640 τῷ(
3567 569 3672 639 bis)
3699 569 3796 621 τοῦ

533 677 746 718 mensae
771 677 1008 719 consors
1028 703 1044 728 ,
1093 656 1149 718 et
1184 677 1529 732 quaecunque
1559 663 1860 734 genuinum
1892 661 2112 718 elIicere

2236 663 2353 716 9506
2393 663 2769 735 ἐπορεύθημεν
2812 664 2870 716 ἐν
2920 663 3160 734 ὁμονοίᾳ.
3203 683 3222 715 ι
3258 662 3530 732 Ἰσόψυχος
3564 661 3662 731 μὲν
3689 661 3799 732 γὰρ

533 761 805 824 possent,
845 752 948 807 fuit
975 753 1106 808 olim
1149 751 1430 807 Servatori
1470 752 1636 806 etiam
1669 753 1789 822 ipse
1818 752 2108 822 proditor,

2236 755 2453 820 Γνωστός
2490 772 2548 807 τε
2591 756 2686 808 καὶ
2715 755 3110 827 ὁμοτράπεζος,
3155 754 3250 808 κα)⁸
3286 755 3340 808 τί
3375 754 3482 825 γὰρ
3530 754 3652 822 οὐχὶ
3687 753 3800 806 τῶν

540 853 730 917 utpote
765 860 882 899 una
927 859 1054 898 cum
1102 845 1234 900 aliis
1269 845 1482 900 sanctis
1527 846 1820 915 discipulis
1871 846 2109 910 electus,

2236 845 2512 900 τελούντων
2548 848 2633 910 εἰς
2665 847 3015 918 γνησιότητα,
3071 846 3263 915 γέγονέ
3319 863 3449 899 ποτε
3483 845 3560 916 τῶ
3585 845 3802 916 Σωτῆρι

520 455 642 512 ’139
1500 451 1558 508 S.
1600 451 1877 510 CY'RILLI
1917 449 2394 509 ALEXANDRINI
2433 452 2753 508 AIICIHEP.

531 939 632 1005 qui
659 936 915 992 eumdem
949 951 1075 992 cum
1123 935 1424 991 Servatore
1455 952 1684 1007 scopum
1725 936 2028 1001 habentes,
2060 946 2116 992 et

536 1035 708 1084 totam
729 1041 985 1082 uua-cum
1019 1027 1140 1097 ipso
1160 1025 1405 1081 Iudaeam
1427 1028 1866 1090 circumeuntes,
1901 1028 2114 1082 strenui

535 1119 936 1175 miraculorum
966 1119 1214 1174 ministri
1250 1127 1411 1173 erant
1434 1159 1449 1184 ,
1478 1119 1774 1190 omniaque
1810 1119 1993 1174 facere
2028 1134 2118 1172 ar-

536 1212 741 1266 debant
780 1224 904 1280 qua:
949 1207 1020 1261 ad
1066 1209 1332 1263 honorem
1378 1218 1433 1263 et
1471 1209 1706 1278 gloriam
1749 1208 1870 1278 ejus
1903 1218 2119 1278 specta-

537 1303 700 1369 bant;
735 1302 830 1356 sed
858 1309 1021 1354 notus
1047 1301 1140 1354 ille
1165 1309 1220 1354 et
1245 1301 1523 1355 unanimis
1547 1301 1694 1370 turpi
1719 1309 1932 1370 quasstu
1952 1301 2120 1354 bono-

537 1391 713 1446 rantis
731 1391 976 1462 gratiam
1010 1389 1265 1444 mutavit.
1307 1387 1551 1443 Observa
1580 1404 1744 1457 porro
1781 1387 1966 1443 denuo
2005 1402 2118 1458 quo

540 1493 701 1552 pacto
719 1497 828 1537 nos
866 1492 1017 1536 recte
1043 1482 1248 1536 excitet
1280 1481 1732 1550 sapientissimus
1757 1480 2119 1550 evangelista,

543 1585 600 1629 ut
633 1573 692 1629 in
721 1575 830 1628 vita
862 1588 1031 1644 quam
1062 1573 1302 1628 maxime
1335 1587 1436 1628 nos
1466 1574 1854 1633 observemus,
1885 1579 1942 1626 et
1969 1571 2124 1642 inge-

541 1670 619 1724 nii
652 1668 827 1722 aciem
853 1681 1214 1722 exerceamus
1250 1666 1318 1726 ad
1351 1665 1854 1735 contemplationes
1895 1664 2122 1719 divinas

546 1760 706 1814 facile
739 1757 1150 1828 assequendas,
1197 1765 1251 1813 et
1281 1759 1596 1812 divinarum
1631 1772 1816 1812 rerum
1851 1757 2124 1827 cognitio-

546 1867 671 1906 nem
719 1849 899 1921 quoad
942 1849 1072 1904 Iicet
1117 1848 1553 1918 exprimendam.
1605 1847 1850 1902 Summis
1897 1849 2121 1919 quidem

2216 937 2306 989 xui
2346 936 2508 1000 αὐτὸς
2551 938 2580 990 6
2627 938 2909 1008 προδότης,
2947 938 3043 992 ἀτε
3072 937 3135 1007 δὴ
3169 939 3280 999 τοῖς
3314 935 3522 1006 ἐτέροις
3545 937 3802 1003 ἐγκατει·

2217 1029 2479 1100 λεγμένος
2511 1031 2689 1098 ἁγίοις
2725 1031 3016 1101 μαθηταῖς.
3060 1031 3110 1084 οἳ
3140 1030 3235 1083 τὸν
3269 1029 3433 1082 αὑτὸν
3467 1028 3684 1098 ἔχοντες
3722 1026 3804 1097 τῷ

2220 1123 2434 1194 Σωτῆρι
2469 1123 2688 1188 σκοπὸν,
2718 1124 2812 1178 καὶ
2833 1124 2933 1193 τὴν
2955 1123 3064 1176 τῶν
3104 1121 3372 1176 Ἰουδαίων
3402 1118 3802 1190 συμπεριθέον-

2221 1235 2311 1280 τες
2342 1217 2545 1288 χώραν.
2579 1217 2850 1288 ὑπηρέται
2870 1217 3058 1287 γοργοὶ
3084 1214 3192 1268 τῶν
3214 1212 3509 1282 θαυμάτων
3538 1212 3803 1279 ἐγίνοντο,

2222 1309 2315 1361 καὶ
2343 1309 2522 1362 πάντα
2557 1308 2818 1378 πράττειν
2848 1307 3143 1378 ἠπείγοντο
3171 1305 3238 1359 τά
3267 1306 3345 1366 εἰς
3373 1302 3539 1374 τιμὴν
3603 1301 3697 1356 καὶ
3721 1301 3809 1355 δό-

2225 1398 2321 1464 ξαν
2356 1398 2558 1453 αὐτοῦ’.
2578 1399 2692 1452 ἀλλ’
2715 1401 2744 1452 6
2793 1398 3053 1467 γνωστὸς,
3105 1397 3199 1451 καὶ
3249 1395 3526 1466 ἰσόψυχος,
3562 1395 3806 1466 αἰσχρῶν

2222 1491 2526 1561 λημμάτων
2545 1489 2812 1559 ⁴ικλλλόιξοιτο
2838 1489 2936 1560 τὴν
2959 1488 3053 1541 τοῦ
3074 1489 3405 1559 τιμήσαντος
3438 1487 3620 1559 χάριν.
3659 1485 3808 1540 Ἐπι-

2223 1585 2380 1654 τήρει
2430 1583 2487 1635 δὲ
2542 1583 2726 1645 πάλιν,
2775 1583 2924 1645 ὅπως
2970 1584 3118 1651 ἡμᾶς
3171 1580 3482 1650 παραθήγει
3546 1578 3725 1642 καλῶς
3781 1579 3812 1631 6

2229 1677 2536 1743 σοφώτατος
2557 1673 2948 1745 εύαγγελιστὴς
2981 1677 3060 1737 είς
3089 1674 3149 1726 τὸ
3183 1673 3330 1744 βιοῦν
3355 1672 3561 1726 ἐθέλειν
3592 1671 3676 1724 ὃτι
3705 1689 3810 1740 μα-

2225 1766 2383 1820 λιστα
2418 1765 2780 1834 λογικὼτατα,
2829 1766 2922 1818 καὶ
2965 1765 3064 1835 τῆς
3118 1765 3356 1828 διανοίας
3408 1764 3671 1818 ἐπασκεῖν
3709 1763 3812 1833 τὴν

2226 1854 2458 1925 ὀξύτητα
2511 1857 2646 1926 πρὸς
2693 1855 2755 1909 τό
2801 1855 3062 1908 δύνασθαι
3113 1856 3208 1908 καὶ
3257 1855 3377 1908 λίαν
3410 1853 3654 1918 εὐπετῶς
3703 1854 3815 1906 τῶν

547 1942 851 1996 Ιιοιιοτὶθιιε
889 1947 1144 1994 ornatum
1188 1955 1248 1995 se
1283 1955 1410 1995 esse
1451 1949 1504 1994 et
1535 1955 1564 1992 a
1603 1937 1899 1994 Servatore
1930 1949 2126 1994 nostro

2236 1923 2388 1998 θείων
2417 1923 2792 1998 καθικνεῖσθαι
2826 1944 3221 2016 θεωρημάτων,
3264 1946 3359 2000 καὶ
3415 1945 3512 2016 τῆς
3554 1943 3816 2005 θεοπτίας

545 2033 767 2088 Christo
796 2032 1060 2086 dilectum
1100 2032 1216 2096 ait,
1265 2038 1323 2085 ut
1369 2039 1423 2086 et
1472 2032 1525 2084 in
1573 2032 1692 2100 ipso
1736 2029 1948 2084 Domini
1998 2032 2126 2087 sinu

548 2125 930 2187 recumberet,
979 2121 1127 2192 quod
1171 2122 1224 2175 in
1273 2122 1476 2177 summi
1515 2121 1718 2176 amoris
1761 2121 1932 2176 trahit
1963 2137 2126 2193 argu-

548 2222 812 2269 mentum.
857 2213 1100 2266 Proximi
1142 2212 1329 2282 itaque
1363 2209 1495 2274 Deo,
1524 2218 1578 2266 et
1621 2211 1817 2281 primis
1853 2211 2127 2282 quodam-

547 2305 711 2361 modo
726 2304 867 2375 apud
887 2319 1011 2359 eum
1038 2303 1173 2358 locis
1201 2304 1437 2358 maxime
1460 2303 1710 2356 omnium
1739 2303 2011 2358 sedebut‘it
2033 2304 2128 2374 qui

547 2411 743 2469 purum
761 2410 869 2449 .cor
894 2394 1114 2458 habent,
1142 2394 1346 2462 quibus
1367 2400 1422 2446 et
1442 2394 1703 2447 eximium
1725 2391 1986 2448 Servator
2004 2394 2017 2445 i
2025 2409 2123 2464 pse

551 2493 832 2563 praemium
849 2490 1066 2554 tribuit,
1082 2507 1098 2538 ι
1116 2488 1333 2542 beatos»
1361 2485 1480 2540 I'ore
1494 2486 1682 2542 dicens
1701 2486 1911 2558 737,:
1926 2487 2133 2542 mundo

551 2581 1000 2652 corde.quoniam
1018 2580 1122 2650 ipsi
1140 2578 1308 2633 Deum
1324 2578 1591 2633 videbunt
1607 2579 1675 2631 ⁸⁷.
1698 2598 1714 2630 ι
1739 2579 1892 2644 Quod
1909 2581 2132 2648 quidem

553 2693 743 2734 verum
780 2691 908 2732 esse
928 2714 943 2739 ,
970 2675 1146 2746 ipsius
1172 2670 1568 2742 sapientissimi
1593 2670 1942 2743 evangelista:
1971 2672 2137 2727 testi~

553 2770 740 2824 mouio
761 2764 1229 2822 conﬁrmabimus.
1263 2760 1414 2815 Vidit
1442 2762 1588 2816 enim
1624 2762 1854 2831 gloriam
1887 2761 2132 2825 Christi,

549 2863 710 2932 juxta
766 2858 942 2928 ipsius
985 2869 1204 2909 vocem.
1261 2870 1280 2904 ι
1347 2850 1471 2904 Vidi
1513 2851 1660 2906 enim
1710 2850 1938 2921 gloriam
1991 2851 2134 2934 ejus,

556 2953 768 3024 inquit,
826 2950 1058 3020 gloriam
1075 3019 1089 3024 _
1120 2947 1276 3017 quasi
1313 2944 1590 3015 Unigeniti
1625 2959 1654 2998 a
1679 2943 1842 2999 Patre
1867 2983 1881 3008 ,
1914 2945 2134 3014 plenum

557 3045 746 3120 gratia:
773 3050 828 3100 et
860 3041 1110 3097 veritatis
1131 3039 1196 3093 °".
1230 3059 1249 3092 ι
1282 3039 1496 3108 Quippe
1525 3038 1809 3106 corporeis
1837 3037 2014 3091 oculis
2040 3051 2136 3091 ne-

559 3153 647 3191 mo
669 3141 924 3204 spectare
952 3138 1134 3201 potest
1165 3137 1418 3182 naturam
1453 3128 1726 3181 universie
1748 3137 2016 3182 creaturae
2051 3129 2137 3180 iu-

556 3225 1010 3295 conspicabilem.
1039 3221 1148 3276 Nec
1168 3221 1313 3275 enim
1340 3221 1633 3290 quisquam
1662 3218 1878 3273 Patrem
1899 3219 2055 3284 vidit,
2081 3230 2139 3274 ut

560 3320 815 3375 Servator
833 3318 910 3372 ait
930 3317 997 3381 9',
1023 3316 1128 3369 nisi
1151 3315 1196 3367 is
1213 3313 1409 3384 quiest
1428 3328 1456 3365 a
1474 3313 1604 3373 Deo,
1629 3312 1683 3366 id
1706 3320 1792 3366 est
1813 3312 2020 3378 Filius;
2049 3316 2136 3374 hic

558 3413 694 3466 vidit
723 3412 960 3466 Patrem.
985 3406 1374 3461 Verumtamen
1408 3406 1475 3458 iis
1499 3404 1594 3474 qui
1628 3403 1903 3457 mundana
1944 3405 2066 3461 labe
2093 3416 2148 3464 et

560 3507 822 3564 inanibus
849 3505 976 3559 vitae
998 3502 1166 3571 hujus
1199 3500 1348 3556 curis
1373 3513 1565 3569 puram
1589 3508 1640 3553 et
1659 3513 1886 3552 vacuam
1908 3510 2145 3555 mentem

559 3599 796 3659 habent,
835 3610 929 3667 per
963 3593 1222 3649 subtilem
1261 3591 1452 3660 utique
1480 3597 1698 3658 captum
1737 3604 1954 3642 onmem
1983 3606 2146 3645 exce-

557 3689 771 3743 dentem
798 3681 1316 3753 contemplationem
1341 3694 1494 3735 suam
1530 3682 1759 3749 gloriam
1783 3679 2038 3736 Christus
2060 3697 2146 3736 re-

557 3775 1031 3839 velat,ostendens
1048 3782 1102 3826 et
1124 3771 1305 3828 Patris
1329 3772 1382 3825 in
1407 3786 1469 3825 ea
1494 3771 1743 3841 gloriam.
1765 3771 1972 3825 Idcirco
1995 3775 2138 3825 enim

561 3870 736 3922 aiebat
769 3886 782 3920 :
834 3883 852 3915 ι
883 3865 988 3929 Qui
1019 3861 1156 3916 vidit
1193 3877 1313 3924 me,
1352 3862 1489 3914 vid.t
1528 3871 1582 3914 et
1613 3861 1824 3914 Patrem
1848 3859 1915 3914 ’°.
1950 3879 1968 3911 >

2229 2034 2552 2107 ἐξακριϐοῦν
2611 2037 2734 2090 ὅσον
2794 2035 2873 2090 ενι
2929 2036 3056 2099 τοὺς
3095 2036 3290 2104 λόγους
3338 2035 3676 2106 ἐπείγεσθαι.
3734 2035 3821 2087 Τὰ

2228 2127 2503 2198 διαπρεπῆ
2534 2125 2881 2198 τετιμῆσθαι,
2923 2127 3016 2180 καὶ
3050 2127 3366 2198 ἠγαπῆσθαί
3410 2145 3576 2199 φησιν
3620 2127 3818 2180 ἐαυτὸν

2231 2219 2383 2288 παρὰ
2435 2217 2530 2270 τοῦ
2589 2218 2841 2288 Σωτῆρος
2893 2217 3050 2287 ἡμῶν
3104 2217 3361 2286 Χριστοῦ,
3411 2219 3486 2281 ὡς
3540 2217 3635 2270 καί
3687 2217 3821 2269 ἀνα-

2232 2308 2445 2362 κεῖσθαι
2475 2308 2720 2378 πλησίον,
2753 2309 2845 2361 καὶ
2877 2307 3026 2378 αύτῷ
3057 2307 3134 2377 τῷ
3162 2308 3348 2380 κόλπῳ
3371 2308 3449 2379 τῷ
3474 2307 3820 2379 Δεσποτικῷ,

2232 2401 2431 2470 δεῖγμα
2485 2401 2584 2470 τῆς
2635 2401 2715 2463 είς
2767 2399 2928 2454 αὐτὸν
2988 2399 3299 2470 ὑπερφυοῦς
3361 2401 3697 2472 ἀγαπήσεως
3755 2401 3825 2453 τὸ

2235 2495 2465 2565 πρᾶγμα
2491 2492 2835 2562 ποιούμενος.
2880 2491 3112 2562 Πλησίον
3152 2488 3244 2546 οὖν
3290 2491 3400 2563 ἄρα
3433 2492 3588 2556 Θεοῦ,
3637 2492 3732 2545 καὶ
3762 2494 3825 2546 ἐν

2236 2583 2472 2655 πρώτοις
2531 2583 2719 2653 ὥσπερ
2778 2583 2992 2636 ἔσονται
3059 2585 3248 2648 τόποις
3317 2587 3432 2648 τοῖς
3488 2586 3620 2656 παρ’
3669 2584 3828 2654 αύτῷ

2240 2681 2474 2750 μάλιστα
2498 2677 2560 2746 δὴ
2589 2677 2802 2730 πάντων
2837 2677 2884 2728 οἱ
2912 2676 3011 2747 τὴν
3046 2676 3275 2747 καρδίαν
3303 2674 3516 2745 ἔχοντες
3549 2673 3825 2745 καθαρὰν,

2236 2767 2317 2834 οἷς
2347 2772 2437 2824 καὶ
2469 2769 2742 2839 ἐξαίρετον
2765 2769 3028 2839 ἀπονέμει
3051 2769 3218 2838 γέρας
3244 2769 3339 2820 καὶ
3365 2766 3524 2830 αὐτὸς
3553 2767 3582 2818 6
3604 2764 3824 2836 Σωτὴρ,

2242 2860 2546 2931 μακαρίους
2577 2859 2795 2913 ἔσεσθαι
2839 2859 3013 2928 λέγων
3042 2860 3166 2922 τοὺς
3198 2857 3472 2928 καθαροὺς
3499 2858 3564 2927 τῇ
3599 2855 3827 2927 καρδίᾳ,

2239 2954 2319 3006 ὃτι
2345 2952 2504 3005 αὐτοὶ
2535 2950 2623 3003 τὸν
2650 2950 2781 3002 Θεὸν
2811 2949 3062 3019 ὄψονται.
3095 2949 3206 3004 Καὶ
3231 2950 3567 3020 παροίσομεν
3596 2950 3673 3011 εἰς
3697 2947 3832 3001 ἀπό-

2239 3041 2402 3108 δειξιν
2430 3042 2522 3096 τοῦ
2551 3041 2769 3112 ἀληθῶς
2802 3042 3053 3114 εἰρῆσθαι
3083 3041 3174 3094 τὸν
3201 3042 3379 3110 λόγον,
3411 3040 3572 3094 αὐτὸν
3605 3041 3670 3111 δὴ
3703 3057 3829 3092 του-

2240 3136 2357 3188 τονὶ
2399 3133 2492 3186 τὸν
2526 3132 2835 3202 σοφώτατον
2869 3135 3279 3203 εύαγγελιστήν.
3307 3132 3569 3186 Τεθέαται
3598 3132 3706 3202 γὰρ
3728 3131 3830 3201 τὴν

2166 3253 2208 3311 C
2241 3229 2396 3294 δόξαν
2415 3225 2672 3296 Χριστοῦ,
2692 3225 2830 3279 κατά
2844 3225 2941 3296 τὴν
2969 3226 3133 3279 αὑτοῦ
3158 3227 3357 3296 φωνήν.
3386 3224 3694 3296 (Τεθέαμαι
3718 3225 3831 3294 γὰρ

2244 3320 2342 3390 τὴν
2369 3319 2526 3385 δόξαν
2555 3318 2742 3379 αὑτοῦ,
2793 3317 2948 3386 φησι,
2993 3318 3151 3382 δόξαν
3185 3320 3261 3382 ὼς
3302 3316 3640 3386 Μονογενοῦς
3673 3318 3833 3387 παρὰ

2248 3409 2481 3481 Πατρός,
2529 3408 2740 3478 πλήρης
2769 3409 2989 3478 χάριτος
3022 3410 3118 3463 καὶ
3146 3409 3420 3479 ἀληθείας.
3463 3429 3481 3461 ι
3509 3409 3583 3462 Ού
3607 3409 3719 3479 γὰρ
3759 3407 3828 3478 δὴ

2245 3503 2356 3562 τοῖς
2388 3497 2482 3551 τοῦ
2530 3496 2780 3567 σώματος
2810 3497 3106 3567 ὀφθαλμοῖς
3159 3500 3465 3570 ἐπαθρήσαι
3513 3516 3600 3562 τις
3632 3497 3698 3550 ἂν
3727 3496 3829 3566 τὴν

2245 3590 2339 3660 ὅλῃ
2385 3589 2558 3642 κτίσει
2588 3588 2868 3652 παντελῶς
2894 3588 3119 3643 ἀθέατον
3151 3591 3330 3654 φύσιν.
3365 3591 3440 3644 Ub
3472 3591 3580 3662 γὰρ
3615 3590 3832 3660 ἐώρακέ

2246 3699 2328 3744 τις
2356 3683 2447 3734 τὸν
2470 3682 2707 3751 Πατέρα,
2737 3681 2881 3733 κατὰ
2907 3682 3004 3752 τὴν
3029 3681 3119 3734 τοῦ
3155 3683 3404 3752 Σωτῆρος
3435 3682 3637 3752 φωνὴν,
3669 3684 3719 3734 εἰ
3753 3681 3830 3752 μὴ

2245 3772 2273 3822 6
2297 3771 2372 3822 ῶν
2401 3771 2550 3841 παρὰ
2579 3770 2670 3823 τοῦ
2697 3770 2854 3836 Θεοῦ,
2878 3771 3018 3824 τοῦτ’
3046 3771 3192 3824 ἔστιν
3213 3775 3241 3825 6
3264 3773 3410 3839 Υἱὸς,
3439 3767 3593 3835 οὗτος
3616 3771 3830 3842 ἑώρακε

2245 3862 2336 3916 τὸν
2367 3861 2606 3930 Πατέρα.
2645 3862 2769 3924 Τοῖς
2813 3879 2876 3930 γε
2922 3863 3026 3932 μὴν
3053 3863 3263 3933 κηλῖδος
3292 3863 3392 3933 τῆς
3425 3863 3693 3934 κοσμικῆς
3736 3863 3834 3916 καὶ

563 3960 843 4034 φροντίδος
877 3955 1090 4018 εἰκαίας
1117 3956 1214 4024 τῆς
1239 3956 1298 4006 ἐν
1325 3953 1461 4022 τῷδε
1493 3952 1572 4020 τῷ
1602 3952 1700 4022 βίῳ
1735 3954 1898 4023 φημὶ,
1927 3953 2018 4004 τὸν
2062 3952 2184 4006 νοῦν
2224 3952 2436 4022 ἔχουσιν
2481 3953 2918 4024 ἀπηλλαγμένον,
2948 3955 3032 4008 διὰ
3067 3956 3268 4027 λεπτῆς
3297 3956 3403 4030 ἄρα
3435 3957 3530 4010 καὶ
3563 3957 3702 4027 τάχα
3733 3957 3838 4026 τῆς

565 4059 705 4126 ὑπὲρ
768 4053 891 4106 νοῦν
955 4050 1187 4120 θεωρίας
1234 4048 1334 4119 την
1377 4047 1586 4100 οἰκείαν
1633 4047 1791 4111 δόξαν
1841 4049 2214 4102 ἀποκαλύπτει
2257 4048 2509 4117 Χριστὸς,
2563 4049 2773 4111 δεικνὺς
2804 4051 2861 4101 ἐν
2893 4051 3026 4120 αὐτῇ
3055 4051 3147 4102 καὶ
3178 4050 3276 4119 τὴν
3303 4051 3397 4104 τοῦ
3440 4051 3672 4120 Πατρός.
3732 4052 3834 4105 Διὰ

563 4152 672 4222 γὰρ
698 4147 856 4202 τοῦτο
892 4145 1148 4214 ἔφασκεν,
1206 4160 1224 4194 ι
1263 4141 1320 4192 '0
1351 4139 1611 4210 ἑωρακὼς
1639 4141 1760 4209 ἐμὲ,
1808 4139 2018 4210 ἑώρακε
2051 4143 2140 4194 τὸν
2179 4142 2412 4212 Πατέρα.
2447 4161 2464 4192 ι

638 4241 786 4305 XIII,
830 4239 934 4304 26,
974 4237 1066 4290 27.
1113 4233 1180 4288 Et
1224 4250 1344 4286 cum
1399 4233 1699 4286 intinxisset
1742 4248 1963 4299 panem.
2005 4234 2146 4287 dedit

564 4335 723 4390 Iuda!
761 4331 995 4388 Simonis
1035 4325 1339 4384 Iscariotaz,
1377 4333 1426 4376 et
1451 4332 1568 4391 post
1600 4322 1887 4375 buccellam
1917 4323 2148 4375 introivit

569 4431 620 4481 in
648 4441 765 4481 eum
793 4421 1050 4477 Satanas.

641 4512 1156 4572 Manifestissimum
1187 4509 1303 4564 suis
1333 4507 1627 4578 discipulis
1667 4506 1930 4560 Servator
1963 4507 2146 4576 prodi-

569 4613 708 4667 toris
739 4609 958 4678 signum
991 4602 1165 4658 dedit.
1208 4601 1499 4655 Intinctam
1531 4600 1680 4654 enim
1716 4599 1936 4652 ollulam
1977 4598 2146 4653 tradi-

569 4706 694 4768 dit,
736 4715 833 4772 per
891 4698 993 4752 hoc
1039 4693 1344 4750 ostendens
1404 4707 1529 4746 eum
1575 4692 1666 4762 qui
1713 4691 1909 4746 edebat
1950 4706 2142 4762 panem

569 4810 750 4857 suum,
781 4800 835 4846 et
868 4790 958 4860 qui
986 4787 1268 4842 levaturus
1297 4793 1414 4840 crat
1443 4784 1763 4838 caleaneum
1795 4799 1981 4838 suum.
2005 4782 2148 4837 Prae-

572 4896 716 4939 terea
754 4879 1058 4952 impietatis
1089 4879 1144 4932 in
1175 4877 1456 4931 Christum
1485 4883 1539 4930 et
1569 4875 1914 4929 crudelitatis
1948 4873 2146 4929 ducem

568 4975 925 5040 omniumque
950 4968 1215 5022 malorum
1241 4967 1506 5020 artilicem
1534 4965 1808 5034 irrupisse
1832 4965 1908 5019 ait
1931 4965 2149 5033 sapien-

569 5067 820 5122 tissimus
863 5059 1197 5132 evangelista
1241 5058 1295 5111 in
1348 5072 1445 5112 cor
1485 5057 1820 5126 proditoris,
1859 5064 2145 5122 totumque

569 5159 626 5212 in
652 5173 774 5212 eum
808 5156 1120 5226 ingressum
1149 5149 1432 5212 Satanam,
1461 5163 1751 5220 pOSlquam
1779 5147 2000 5202 offulam
2032 5155 2146 5200 tra-

567 5243 817 5300 didisset.
869 5243 1056 5312 Neque
1106 5255 1240 5293 vero
1287 5240 1579 5309 quisquam
1633 5254 1826 5292 rursus
1869 5238 2147 5292 existimet

569 5330 790 5386 ollulam
844 5333 1004 5387 istam
1048 5328 1308 5384 diabolici
1349 5328 1638 5397 ingressus
1681 5327 1855 5382 fuisse
1893 5341 2142 5381 causam.

569 5422 679 5476 Nec
704 5423 850 5476 enim
885 5437 950 5475 eo
985 5421 1233 5490 stuporis
1257 5419 1542 5474 veniemus
1575 5435 1836 5490 unquam,
1871 5428 1965 5472 aut
1994 5435 2145 5474 men-

571 5523 622 5568 te
677 5513 749 5564 ita
804 5511 1054 5566 destituti
1104 5512 1358 5574 erimus,
1426 5521 1483 5564 ut
1532 5513 1805 5582 eulogiam
1863 5511 2147 5582 ingressus

568 5620 791 5661 causam
839 5604 1020 5657 datam
1075 5602 1246 5658 fuisse
1306 5603 1444 5658 Malo
1485 5606 1873 5674 suspicemur,
1922 5603 2066 5672 quin
2094 5603 2144 5656 id

567 5704 754 5768 potius
793 5710 920 5748 vere
956 5693 1206 5750 dicemus
1269 5696 1437 5766 quod,
1483 5713 1606 5749 cum
1640 5710 1831 5750 omnes
1862 5695 2064 5749 amoris
2094 5706 2144 5748 et

641 5877 687 5910 ⁸³
733 5876 878 5934 Psal.
913 5892 1024 5942 Ltv,
1063 5876 1143 5930 15.
1223 5876 1268 5909 ⁸⁷
1312 5873 1500 5929 Matth.
1543 5889 1600 5936 v,
1651 5872 1713 5925 8.
1759 5873 1803 5902 ⁸⁸
1843 5871 2000 5925 Joan.
2043 5889 2093 5935 ι,
2135 5874 2218 5926 Η.

2179 4657 2221 4712 D

2317 4235 2527 4304 Βάψαρ
2553 4233 2666 4291 οὖν
2693 4235 2756 4289 τὸ
2785 4233 3040 4303 Ψωμίον,
3069 4233 3316 4288 δίδωσιν
3349 4233 3542 4300 Ἰούδᾳ
3567 4230 3838 4304 Σίμωνος

2257 4327 2606 4396 Ἰσκαριώτῃ
2633 4368 2646 4390 ,
2687 4327 2786 4379 καὶ
2815 4329 2967 4394 μετὰ
3013 4326 3076 4377 τὸ
3121 4327 3355 4394 ψωμίον
3399 4323 3688 4393 εἰσῆλθεν
3749 4325 3836 4390 εἰς

2243 4417 2474 4470 ἐκεῖνον
2505 4420 2537 4468 ό
2569 4414 2859 4480 Σατανᾶς.

2326 4509 2751 4578 Ἑναργέστατον
2798 4507 2896 4576 μὲν
2940 4509 3052 4569 τοῖς
3096 4505 3291 4560 ἐαυτοῦ
3340 4506 3610 4577 μαθηταῖς
3642 4507 3705 4560 τὺ
3739 4505 3833 4560 τοῦ

2252 4599 2592 4669 προδιδόντος
2651 4600 2875 4667 σημεῖον
2923 4596 3121 4662 ἔδειξεν
3170 4598 3197 4649 6
3240 4597 3449 4667 Σωτήρ.
3502 4597 3688 4666 Βάψας
3724 4598 3836 4667 γὰρ

2249 4690 2544 4744 ἐπιδέδωκε
2573 4690 2633 4742 τὸ
2666 4689 2902 4759 ιίωμίον,
2953 4689 3043 4742 τὸν
3073 4689 3323 4741 ἐσθίοντα
3353 4688 3441 4740 τὸν
3468 4688 3634 4759 ἄρτον
3666 4688 3835 4742 αὐτοῦ

2247 4780 2334 4834 διὰ
2369 4780 2562 4832 τούτου
2591 4779 2855 4843 καθιστὰς
2884 4780 3122 4850 ἐμφανῆ,
3165 4781 3256 4833 καὶ
3288 4779 3379 4832 τὸν
3413 4780 3660 4848 ἐπαίρειν
3698 4780 3834 4849 μέλ-

2246 4872 2407 4924 λοντα
2430 4873 2529 4940 τὴν
2562 4872 2793 4942 πτέρναν
2815 4873 3000 4925 αὑτοῦ.
3031 4872 3134 4924 Τόν
3156 4889 3218 4939 γε
3245 4871 3350 4941 μὴν
3369 4872 3466 4940 τῆς
3493 4873 3572 4934 εἰς
3596 4871 3833 4942 Χριστὸν

2246 4962 2562 5025 δυσσεϐείας
2581 4963 2672 5015 καὶ
2693 4963 3002 5032 μιαιφονίας
3023 4963 3290 5032 ἡγεμόνα,
3309 4963 3404 5014 καὶ
3431 4960 3722 5032 πρύτανιν,
3733 4962 3830 5014 καὶ

2245 5053 2354 5106 τῶν
2365 5052 2498 5106 ὅλων
2514 5052 2699 5105 κακῶν
2713 5053 3156 5123 κατασκευαστὴν
3172 5055 3324 5106 είσπε
3332 5051 3631 5123 πηδηκέναι
3663 5052 3832 5122 φησὶν

2244 5147 2272 5197 6
2299 5145 2605 5213 σοφώτατος
2633 5145 3024 5216 εύαγγελιστὴς
3052 5148 3131 5209 είς
3160 5145 3256 5216 τὴν
3285 5143 3380 5198 τοῦ
3403 5142 3666 5216 προδότου
3695 5159 3831 5213 καρ-

2247 5239 2387 5299 δίαν,
2437 5239 2532 5290 καὶ
2563 5240 2683 5292 ὅλον
2729 5240 2786 5290 ἐν
2834 5238 2980 5307 αὐτῷ
3009 5237 3261 5306 γενέσθαι
3293 5237 3383 5290 τὸν
3412 5236 3659 5289 Σατανᾶν
3691 5231 3831 5304 μετὰ

2248 5330 2345 5400 τὴν
2377 5331 2615 5384 ἐπίδοσιν
2645 5330 2738 5382 τοῦ
2774 5330 3011 5400 ψωμίου.
3045 5330 3155 5382 Καὶ
3203 5333 3274 5401 μή
3305 5346 3387 5393 τις
3413 5328 3608 5382 οίέσθω
3639 5327 3823 5390 πάλιν,

2249 5421 2340 5474 τοῦ
2371 5421 2611 5492 δεδέχθαι
2639 5421 2730 5473 τὸν
2758 5422 2999 5475 Σατανᾶν
3029 5420 3087 5473 τὸ
3111 5421 3321 5490 ψωμίον
3351 5417 3602 5487 γενέσθαι
3631 5414 3825 5487 παραί-

2247 5531 2362 5566 τιον
2391 5515 2469 5584 τῷ
2516 5514 2769 5584 προδότῃ.
2823 5515 2896 5565 Οὐ
2931 5513 3038 5582 γὰρ
3079 5515 3157 5575 εἰς
3189 5511 3442 5564 τοσοῦτον
3486 5509 3828 5580 ἀποπληξίας

2248 5605 2449 5675 ἥξομεν
2499 5606 2717 5675 μέτρον,
2772 5605 2885 5657 ἀλλ’
2920 5605 3042 5656 οὐδὲ
3087 5604 3184 5672 τῆς
3232 5601 3582 5672 καθηκούσης
3630 5600 3828 5671 ἔρημοι

2249 5697 2532 5764 γεγονότες
2586 5697 2821 5766 φρενὸς,
2871 5694 3074 5746 εἰσόδου
3127 5694 3402 5760 πρότασιν
3455 5688 3701 5742 δεδόσθαι
3752 5687 3829 5758 τῷ

2302 5876 2344 5904 ⁸⁹
2384 5871 2541 5925 Joau.
2581 5885 2668 5935 vt,
2699 5872 2787 5924 46.
2867 5872 2909 5903 ⁹⁰
2950 5871 3106 5925 Joan.
3153 5886 3260 5935 χειν,
3296 5870 3347 5924 9.
