4106 6262
293 456 387 515 Ml

1355 456 1424 512 ΙΝ
1460 455 1749 514 JOANNIS
1770 457 2223 518 EVANGELIUM
2261 465 2388 521 LIB.
2423 465 2513 522 IX.

3450 485 3551 541 142

289 572 519 647 ιιονηρῷ
544 574 644 644 τὴν
667 571 920 643 εὐλογίαν
948 572 1343 644 ύπονοήσομεν.
1374 573 1552 627 ἐκεῖνο
1576 574 1633 628 δὲ
1669 576 1871 646 μᾶλλον

1976 576 2291 637 dilectionis
2323 585 2538 640 numeri
2573 600 2703 657 erga
2737 604 2861 645 eum
2904 594 3114 664 impleti
3159 594 3433 664 fuissent,
3469 606 3554 659 ni-

287 665 526 739 ιροῦμεν
577 666 678 720 οὐκ
720 664 828 730 ἐξω
871 664 974 735 τῆς
1016 664 1276 734 ἀληθείας
1319 665 1411 720 τὸν
1439 667 1527 720 ἐπ’
1564 667 1715 738 αὐτῷ
1744 669 1877 723 καθ-

293 759 538 821 ιστάντες
572 757 728 827 λόγον
750 774 765 789 ·
802 757 1021 828 Ἐπειδὴ
1050 757 1159 827 γὰρ
1185 757 1402 829 ἀπάσης
1428 759 1651 832 ἀγάπης
1674 762 1756 824 είς
1780 762 1878 816 αὐ-

251 853 380 908 κτδν
410 851 827 922 τετελεσμένης,
873 851 970 905 καὶ
1012 850 1229 914 οὐδενὸς
1278 850 1339 904 τὸ
1386 852 1649 921 παράπαν
1702 853 1876 907 ἐλλεί-

286 941 488 1012 eam;
537 940 647 996 τῶν
673 940 972 995 τελούντων
1002 941 1082 1004 είς
1114 939 1279 1012 τιμὴν
1310 942 1405 994 καὶ
1443 941 1683 995 διάθεσιν
1702 984 1717 1007 ,
1764 943 1876 997 τῶν

286 1033 470 1089 αὐτῶν
502 1034 682 1104 εἴχετο
710 1033 1167 1104 σπυδασμάτων,
1216 1033 1277 1085 οὐ
1323 1034 1446 1096 ταῖς
1494 1035 1872 1103 μεταγνώσεσι

286 1125 349 1181 τὺ
378 1125 565 1190 κακῶς
606 1124 766 1190 δόξαν
795 1122 1286 1195 ἐπανορθούμενος,
1315 1123 1378 1176 οὐ
1423 1124 1744 1194 μεθίσταται
1772 1125 1872 1196 τὴν

286 1218 518 1290 καρδίαν
563 1219 629 1271 ὲκ
655 1217 757 1287 τῆς
806 1216 1050 1287 ἀθέσμου
1096 1215 1315 1287 βουλῆς,
1361 1216 1421 1269 ού
1452 1217 1873 1288 δακρυρῤοήσας

284 1310 426 1372 ὅλως
452 1310 539 1378 ἐφ’
563 1303 645 1372 οἷς
666 1309 759 1363 καὶ
787 1308 946 1379 μόνον
973 1306 1349 1378 ἐνθυμηθῆναι
1376 1307 1731 1379 τετόλμηκεν,
1756 1308 1869 1362 ἀλλ’

285 1402 372 1455 ἔτι
398 1401 656 1473 χειρόνως
685 1400 920 1471 διψήσας
950 1400 1048 1472 τῆς
1076 1398 1393 1461 δυσσεόείας
1433 1398 1497 1453 τὸ
1538 1399 1734 1471 πέρας,
1780 1401 1870 1456 διὰ

285 1493 653 1565 τολμημάτων
700 1492 965 1564 ἡττῆσθαι
1000 1490 1206 1558 κακῶν,
1246 1489 1463 1561 εἰσῆλθε
1489 1489 1675 1544 λοιπὸν
1706 1491 1736 1543 ό
1767 1493 1871 1546 Σα-

285 1588 477 1650 τανᾶς,
520 1585 775 1657 καθάπερ
823 1584 945 1640 τινὰ
995 1584 1175 1655 πύλην
1222 1584 1322 1654 τῆς
1368 1581 1463 1638 τοῦ
1511 1582 1871 1653 φυλάττοντος

286 1679 506 1750 ὲρήμην
530 1677 743 1747 νήψεως
791 1675 1260 1731 ἀναπετασθείσαν
1298 1674 1461 1729 αὐτοῦ
1498 1675 1600 1745 τήν
1643 1676 1870 1747 καρδίαν

283 1766 487 1840 εὑρὼν,
527 1768 624 1821 καὶ
647 1766 927 1838 ἀθύρωτον
963 1766 1092 1820 ὄντα
1120 1766 1406 1839 θεωρήσας
1433 1764 1525 1818 τὸν
1553 1763 1699 1831 νοῦν,
1747 1765 1870 1837 θερ-

1980 668 2165 739 ΙΙῘΙιίυθ
2191 674 2418 732 honoris
2446 686 2499 731 ct
2528 676 2758 737 affectus
2783 698 2912 755 erga
2942 702 3067 741 eam
3096 689 3352 745 relictum
3382 707 3552 754 esset.

1976 762 2108 832 quia
2139 774 2321 821 tamen
2350 767 2404 821 in
2435 769 2626 825 eodem
2659 773 2848 828 studio
2873 792 2936 831 ac
2963 782 3246 849 proposito
3274 785 3552 849 manebat,

1976 853 2114 907 mala
2147 856 2381 911 consilia
2421 861 2767 928 panitudine
2800 881 2907 920 non
2946 871 3268 931 emendans.
3299 890 3400 930 nec
3436 880 3557 932 ani-

1976 956 2125 996 mum
2162 946 2230 1000 ab
2271 947 2457 1017 iniqua
2500 953 2785 1009 molitione
2830 972 3099 1027 avocans,
3139 978 3241 1018 nec
3279 965 3554 1037 lacrymas

1976 1031 2218 1092 fundens
2247 1038 2320 1090 ob
2344 1055 2408 1093 ea
2443 1058 2569 1112 quae
2603 1043 2659 1096 in
2705 1045 2889 1100 animo
2922 1064 3149 1107 versare
3188 1068 3361 1112 ausus
3397 1031 3513 1114 erat
3536 1099 3552 1119 .

1975 1125 2070 1179 sed
2127 1129 2381 1201 patrandi
2426 1132 2654 1188 sceleris
2692 1136 2935 1205 graviori
2964 1140 3054 1194 siti
3094 1151 3357 1209 astuaus,
3398 1149 3552 1217 quia,

1974 1215 2220 1285 inquam,
2241 1219 2466 1277 nefariis
2497 1226 2725 1282 ausibus
2746 1230 3064 1295 succubuit,
3092 1234 3299 1291 idcirco
3320 1215 3553 1295 Satanas

1975 1309 2030 1362 in
2059 1326 2184 1366 eum
2220 1313 2442 1368 tandem
2476 1315 2760 1387 ingressus
2794 1328 2900 1385 est,
2932 1337 3029 1377 cor
3059 1326 3181 1395 ejus
3209 1343 3307 1383 ceu
3324 1329 3551 1398 januam

1974 1409 2225 1472 apertam
2255 1406 2520 1477 omnique
2552 1412 2802 1467 custodia
2828 1414 3151 1473 destitutam
3188 1421 3353 1493 738
3394 1440 3551 1495 repe-

1976 1499 2157 1562 riens,
2199 1510 2253 1554 et
2295 1502 2541 1559 animum
2583 1516 2741 1575 porta
2785 1524 3017 1567 vacuum
3050 1513 3363 1587 aspiciens,
3398 1530 3454 1576 et
3484 1522 3553 1578 ad

1972 1590 2244 1659 agendum
2269 1593 2417 1662 quod
2443 1595 2598 1652 vellet
2623 1612 2687 1654 ac
2711 1608 2981 1659 statueret
3009 1608 3213 1677 oppido
3239 1619 3549 1671 strenuum.

1974 1677 2130 1767 Quod
2172 1683 2397 1753 quidem
2436 1688 2629 1741 tritum
2672 1704 2737 1745 ac
2776 1690 3053 1752 familiare
3096 1714 3219 1754 esse
3251 1700 3434 1767 Malo,
3494 1706 3553 1759 in

1973 1757 2279 1841 S‘eripturis
2333 1775 2535 1834 divinis
2588 1781 2798 1847 passim
2848 1787 3274 1855 comperiemus.
3326 1757 3553 1850 Accedit

287 1861 389 1933 μόν
420 1878 480 1915 τε
510 1860 611 1932 ήδη
644 1860 779 1932 πρὸς
810 1860 871 1914 τὸ
921 1858 1204 1930 βούλεσθαι
1231 1860 1388 1931 δρᾷν,
1419 1859 1566 1931 ἀπερ
1612 1856 1680 1914 ἂν
1709 1858 1868 1933 ἐθέλῃ

1976 1862 2123 1915 enim
2151 1862 2392 1933 primum
2420 1873 2641 1925 tentans
2674 1873 2844 1927 corda
2875 1876 3150 1933 cultorum
3183 1880 3277 1936 Dei
3302 1922 3316 1945 ,
3352 1893 3408 1939 et
3433 1901 3551 1939 ma-

285 1924 387 2008 ;‘a‘
415 1924 797 2022 διαέκέὶῖίηῖτακ
842 1924 1215 2023 Τεέριμμένον
1366 1924 1556 2022 ὥσπερ
1588 1949 1746 2004 τοῦτο
1791 1924 1870 2021 si;

1977 1953 2057 2008 las
2102 1954 2378 2025 imprimis
2420 1960 2791 2030 cottitationes
2824 1967 3052 2033 inserit,
3095 1980 3263 2042 atque
3303 1974 3552 2031 libidini-

287 2043 538 2116 Πονηρῷ,
581 2044 671 2100 διὰ
716 2043 898 2115 πάσης
940 2044 1131 2116 ὥσπερ
1177 2042 1350 2105 ἰόντες
1380 2046 1479 2114 τῆς
1513 2042 1871 2098 θεοπνεύστου

286 2136 514 2208 Γραφῆς
539 2138 869 2209 εὑρήσομεν.
904 2136 1159 2207 Πρόσεισι
1188 2136 1291 2206 μὲν
1318 2136 1430 2209 γὰρ
1457 2137 1515 2189 ὲν
1546 2136 1742 2207 ἀρχαῖς
1774 2136 1872 2204 τὴν

290 2226 399 2282 τῶν
433 2227 736 2298 σεϐομένων
782 2227 873 2282 τὸν
922 2227 1054 2291 θεὸν
1095 2227 1407 2299 δοκιμάζων
1457 2228 1682 2299 καρδίαν
1711 2269 1727 2293 ,
1778 2228 1874 2282 καὶ

294 2319 568 2389 πονηροὺς
611 2320 669 2371 ὲν
721 2319 956 2390 πρώτοις
1015 2318 1374 2390 κατασπείρει
1414 2318 1730 2389 λογισμοὺς,
1781 2323 1874 2373 καὶ

296 2412 417 2472 ταῖς
467 2410 548 2472 εἰς
589 2408 650 2461 τὸ
693 2407 896 2477 φαῦλον
943 2408 1156 2479 ἡδοναῖς
1209 2410 1344 2483 πρὸς
1393 2410 1502 2464 πᾶν
1541 2403 1683 2473 εἶδος
1724 2411 1871 2482 ήμᾶς

298 2500 534 2572 ὲρεθίζει
564 2501 920 2572 πταισμάτων
945 2517 960 2532 ’
1014 2502 1247 2572 μάλιστα
1294 2503 1353 2556 δὲ
1382 2503 1514 2575 πρὸς
1551 2503 1726 2556 ἐκεῖνο
1774 2502 1869 2555 πί-

297 2610 422 2647 πτει
448 2593 638 2665 βαρὺς,
667 2593 802 2664 πρὸς
831 2595 964 2668 ὅπερ
992 2593 1059 2648 ἂν
1091 2594 1262 2667 βλέπῃ
1296 2595 1736 2667 προπεπονθότας
1768 2596 1868 2668 ήδη

292 2687 386 2740 καὶ
436 2686 907 2757 προηττωμένους.
970 2687 1317 2760 Συνεργάτην
1362 2687 1469 2760 γὰρ
1511 2687 1702 2758 ὥσπερ
1749 2691 1872 2752 ταῖς

289 2778 486 2833 ἑαυτοῦ
515 2779 868 2849 δυστροπίαις
897 2777 980 2833 ἀεί
1028 2797 1145 2843 πως
1193 2779 1408 2851 δέχεται
1440 2781 1541 2848 τὴν
1591 2780 1870 2852 ἡμετέραν

288 2870 597 2937 ἀσθένειαν,
649 2871 743 2924 καὶ
769 2871 832 2923 τὸ
860 2870 1235 2941 προαδικῆσαν
1281 2871 1455 2935 πάθος
1482 2873 1575 2927 τὸν
1602 2872 1870 2944 ἡμέτερον

288 2961 434 3015 νοῦν.
483 2957 610 3016 Οἴον
652 2961 785 3032 φέρε
829 2964 1041 3016 εἰπεῖν·
1098 2964 1432 3035 Παρενοχλεῖ
1477 2965 1577 3036 μὲν
1610 2965 1689 3037 τῷ
1734 2966 1870 3020 δεῖνι

291 3058 474 3127 τυχὸν,
519 3058 612 3112 καὶ
648 3057 856 3129 θερμὴν
886 3058 1081 3126 ὲπάγει
1106 3058 1206 3129 τὴν
1232 3059 1485 3129 αἴσθησιν
1510 3060 1572 3114 τὸ
1599 3060 1699 3132 τῆς
1738 3077 1872 3132 σαρ-

292 3149 451 3219 κικῆς
495 3150 689 3221 ἡδονῆς
734 3149 1135 3223 βδελυρώτατον
1179 3152 1387 3223 κίνημα
1415 3167 1429 3180 ·
1485 3152 1658 3224 ἑτέρῳ
1704 3153 1762 3207 δὲ
1810 3155 1871 3208 τὸ

1976 2044 2081 2100 bus
2109 2045 2377 2117 improbis
2412 2049 2481 2104 ad
2517 2066 2681 2108 omne
2714 2070 2890 2124 genus
2921 2063 3134 2128 peccati
3167 2080 3268 2121 nos
3300 2065 3550 2138 impellit.

1976 2141 2071 2196 sed
2108 2158 2175 2197 eo
2204 2144 2446 2201 maxime
2482 2146 2719 2204 infestus
2757 2152 2907 2214 ruit,
2947 2171 3055 2224 qua
3098 2168 3251 2228 parte
3287 2177 3392 2219 nos
3427 2175 3556 2220 ante

1977 2235 2261 2292 sauciatos
2286 2251 2353 2292 ac
2385 2237 2708 2297 debilitatos
2742 2243 2960 2300 viderit.
2988 2246 3374 2311 Infirmitatem
3398 2259 3555 2330 quip-

1977 2340 2043 2394 pe
2091 2335 2377 2398 nostram,
2413 2339 2469 2385 et
2510 2332 2765 2389 affectum
2796 2340 2886 2393 cui
2925 2343 3146 2398 animus
3180 2355 3312 2401 ante
3353 2363 3553 2407 succu-

1974 2418 2181 2484 buerit,
2203 2424 2585 2489 perversitatis
2604 2442 2717 2482 suae
2749 2429 3073 2500 adjutricem
3103 2439 3271 2506 capit.
3303 2438 3552 2513 Exempli

1975 2513 2188 2581 gratia:
2216 2515 2449 2581 Quidam
2471 2521 2712 2575 carnalis
2729 2525 3033 2594 voluptatis
3058 2526 3374 2586 detestabili
3398 2544 3550 2590 motu

1974 2612 2171 2659 aastuat
2208 2625 2220 2660 :
2259 2606 2398 2663 alter
2433 2611 2614 2679 turpis
2658 2613 2797 2667 lucri
2843 2622 2899 2668 et
2946 2618 3237 2688 impiarum
3294 2627 3556 2693 pecunia-

1974 2712 2096 2750 rum
2144 2698 2506 2769 cupiditatem
2561 2703 2618 2757 in
2667 2706 2848 2774 pretio
2892 2707 3077 2765 habet.
3129 2710 3268 2768 Cum
3320 2732 3451 2788 ergo
3484 2720 3551 2774 ad

1973 2805 2213 2858 pugnam
2245 2795 2589 2862 accesserit,
2643 2800 3117 2866 perturbationem
3153 2805 3300 2862 illam
3335 2825 3457 2878 quae
3496 2812 3552 2867 in

1972 2880 2140 2937 nobis
2169 2885 2454 2951 praevaluit
2484 2901 2549 2941 ae
2578 2889 2728 2955 vicit,
2755 2891 2823 2945 ad
2850 2908 2955 2949 nos
2983 2899 3386 2967 expugnandos
3414 2904 3557 2956 arri-

1975 2973 2082 3043 pit,
2119 2984 2173 3028 et
2207 2990 2304 3045 per
2330 2992 2452 3032 eam
2488 2979 2675 3051 utique
2706 2982 2871 3039 nobis
2899 2986 3061 3040 exitii
3090 2988 3312 3045 modum
3343 2993 3558 3048 machi-

1974 3073 2157 3122 natur.
2189 3065 2663 3132 Quemadmodum
2694 3074 2840 3128 enim
2861 3079 3114 3149 egregius
3138 3081 3248 3136 dux
3279 3091 3336 3139 et
3380 3086 3557 3156 impe-

1976 3167 2124 3212 rator
2154 3160 2602 3228 exercitus,cum
2632 3165 2823 3221 urbem
2849 3167 3086 3238 aliquam
3119 3172 3412 3231 obsidione
3432 3178 3558 3234 cin-

291 3243 500 3316 κερδῶν
552 3242 816 3316 ἡττᾶσθαι
864 3244 1052 3298 κακῶν
1073 3287 1088 3309 ,
1145 3247 1240 3299 καὶ
1288 3244 1519 3299 ἀνοσίων
1572 3247 1871 3317 χρημάτων

1980 3247 2077 3314 sit,
2101 3250 2472 3308 debilioribus
2503 3257 2644 3310 muri
2684 3259 2935 3325 partibus
2963 3263 3251 3319 machinas
3283 3266 3553 3333 admovet,

286 3334 562 3406 πορισμὸν
586 3334 805 3407 ἄριστον
832 3331 970 3389 εἶναι
992 3335 1138 3389 δοκεῖ
1165 3354 1307 3403 πως,
1344 3337 1439 3392 καὶ
1466 3336 1624 3391 τοῦτο
1651 3338 1876 3409 τετίμη-

281 3446 398 3482 ται.
438 3429 608 3482 Ὅταν
636 3426 732 3483 οὖν
756 3430 956 3501 προσίῃ
988 3429 1317 3500 μαχόμενος,
1346 3430 1610 3485 σύνοπλον
1644 3433 1876 3484 ποιεῖται

280 3522 352 3576 τὸ
388 3522 779 3593 προκρατῆσαν
828 3523 886 3573 ὲν
919 3524 1075 3592 ἡμῖν,
1106 3522 1200 3575 καὶ
1226 3522 1652 3593 προπολεμῆσαν
1682 3521 1875 3586 πάθος,

278 3613 388 3670 καὶ
412 3612 478 3665 δι’
510 3612 720 3664 ἐκείνου
745 3611 961 3674 πάντως
992 3614 1123 3682 ἡμῖν
1149 3612 1245 3665 τὸν
1269 3612 1369 3680 τῆς
1396 3612 1671 3675 ἀπωλείας
1698 3629 1878 3683 μηχα-

275 3707 453 3760 νᾶται
498 3702 720 3773 τρόπον.
755 3702 968 3773 Ὠσπερ
1012 3702 1122 3772 γὰρ
1150 3704 1202 3756 εἴ
1229 3720 1312 3767 τις
1342 3702 1449 3756 τῶν
1476 3704 1691 3774 ἄριστα
1722 3704 1881 3758 πολε-

283 3796 535 3865 μαρχεῖν
562 3792 853 3855 εἰωθότων,
906 3792 1061 3847 πόλιν
1090 3792 1212 3847 τινὰ
1239 3792 1426 3866 κύκλῳ
1458 3794 1755 3866 περισχὼν,
1787 3797 1882 3850 καὶ

276 3882 384 3935 διὰ
434 3881 614 3948 πάσης
664 3879 914 3951 μηχανῆς
962 3880 1227 3934 εἰσελθεῖν
1275 3882 1371 3933 ἐπὶ
1419 3881 1489 3935 τὰ
1535 3882 1630 3936 τοῦ
1672 3884 1881 3954 τείχους

278 3969 640 4039 ἡσθενηκότα
672 3970 834 4040 μέρη,
881 3969 1348 4042 προσκομίζεσθαι
1379 3971 1587 4025 κελεύει
1617 3971 1716 4036 τὰς
1761 3973 1879 4027 ἑλε-

274 4059 501 4120 πόλεις,
537 4056 812 4128 εὐκαίρως
834 4059 1085 4129 αίρήσειν
1112 4056 1363 4111 ἐντεῦθεν
1393 4058 1549 4121 εἰδώς
1573 4077 1588 4091 ο
1620 4060 1764 4115 κατὰ
1788 4062 1880 4115 τὸν

273 4145 479 4210 αὐτὸν,
514 4139 691 4215 οἶμαι,
719 4145 916 4214 τρόπον
955 4146 985 4197 ὁ
1017 4145 1282 4211 Σατανᾶς,
1312 4145 1400 4198 ὅτε
1448 4145 1548 4217 τήν
1590 4147 1879 4219 ἀνθρώπου

270 4226 469 4302 ψυχήν
516 4233 944 4302 ἐκπολιορκῆσαι
982 4232 1265 4303 βούλεται,
1313 4233 1450 4304 πρὸς
1499 4235 1560 4287 τὸ
1612 4237 1881 4306 ἀτονῆσαν

276 4322 461 4392 μέρος
492 4322 549 4374 ὲν
583 4322 720 4393 αὐτῇ
767 4325 955 4393 χωρεῖ,
1008 4322 1406 4393 καταστρέψειν
1441 4322 1612 4387 οὕτως
1640 4324 1880 4389 εὐκόλως

272 4409 559 4479 οἰόμενος.
593 4409 720 4462 ὅταν
754 4409 837 4480 fon
888 4409 1122 4478 μάλιστα
1176 4409 1444 4480 μηδεμίαν
1488 4410 1881 4481 ἐπιδεχομένην

272 4500 388 4567 τὴν
417 4494 624 4564 ὄνησιν,
653 4494 719 4548 δι’
745 4488 820 4548 ὧν
847 4491 916 4565 ἦν
946 4496 1095 4560 εἰκὸς
1128 4496 1428 4550 ἀδικεῖσθαι
1458 4498 1519 4550 τὸ
1552 4496 1743 4562 πάθος,
1770 4495 1880 4551 οἷον

274 4584 611 4655 είσηγήσεις
659 4583 888 4650 ἀγαθὰς,
932 4586 1061 4648 τοὺς
1092 4584 1177 4636 ἐπ’
1215 4584 1437 4656 ἀνδρείᾳ
1471 4585 1852 4657 παροξυσμοὺς

271 4672 388 4735 τὰς
414 4672 498 4733 εἰς
530 4669 812 4723 εὐσέϐειαν
843 4671 1200 4740 ὑπομνήσεις,
1243 4672 1335 4724 καὶ
1357 4672 1456 4741 τὴν
1489 4673 1756 4742 μυστικὴν
1784 4675 1877 4726 εὐ-

268 4759 503 4828 λογίαν.
529 4758 814 4828 Καταργεῖ
847 4758 956 4829 γὰρ
990 4758 1225 4828 μάλιστα
1247 4758 1310 4829 δὴ
1336 4758 1493 4812 τοῦτο
1517 4759 1611 4813 τοῦ
1632 4760 1881 4814 διαϐόλου

267 4847 375 4901 τὸν
434 4845 793 4915 ἀνδροκτόνον
842 4844 919 4897 ίόν
966 4844 1065 4915 (l).
1127 4846 1337 4898 Οὐκοῦν
1398 4847 1426 4899 ό
1477 4847 1741 4918 προδότης
1784 4848 1884 4901 οὐκ

269 4934 554 5002 ἐλέγχους
580 4931 903 5004 ὲδυσωπήθη
923 4933 1051 4996 τοὺς
1075 4931 1156 4985 ἔτι
1176 4932 1475 5003 λεληθότως
1506 4934 1600 4986 καὶ
1627 4936 1685 4985 ἐν
1713 4951 1885 5005 παρα-

270 5024 482 5091 ϐύστῳ
518 5020 1081 5090 προκεκομισμένους,
1114 5019 1227 5073 ἀλλ’
1261 5019 1380 5072 οὐδὲ
1405 5018 1505 5089 τὴν
1537 5018 1749 5090 ἄμαχον
1785 5020 1886 5090 τῆς

267 5111 520 5178 ἀγάπης
555 5108 729 5177 ἰσχὺν,
780 5106 1062 5177 ούητιμὴν,
1115 5107 1212 5159 καὶ
1254 5106 1433 5170 δόξαν,
1470 5106 1564 5158 καὶ
1598 5106 1779 5177 χάριν,
1824 5107 1886 5159 οὐ

267 5200 379 5270 τὴν
416 5195 680 5262 εὐλογίαν
709 5195 808 5264 τὴν
843 5194 996 5265 παρά
1025 5193 1264 5265 Χριστοῦ
1288 5211 1302 5223 ·
1362 5194 1784 5264 ἀπερισκέπτως
1829 5193 1887 5247 δὲ

266 5290 486 5353 ὥσπερ
518 5283 614 5335 καὶ
645 5281 1037 5353 ἀπερικλάστῳ
1063 5281 1201 5351 τόνῳ
1232 5280 1370 5351 πρὸς
1398 5282 1574 5333 ἐκεῖνο
1601 5282 1696 5333 καὶ
1727 5283 1888 5351 μόνον

268 5381 300 5431 ό
344 5376 457 5433 ῶν,
515 5373 592 5432 εἰς
638 5371 776 5441 ὅπερ
829 5370 932 5440 ήδη
976 5371 1314 5441 προήττητο,
1369 5369 1468 5439 τῆς
1515 5367 1889 5438 φιλοκερδείας

264 5460 517 5533 νόσημά
545 5476 707 5528 φημι,
752 5459 939 5513 λοιπὸν
967 5460 1276 5530 ὁλοκλήρως
1302 5458 1417 5526 ἥλω
1446 5475 1505 5510 τε
1534 5459 1629 5511 καὶ
1656 5458 1877 5511 πέπτω-

270 5572 400 5606 κεν.
459 5547 540 5601 Οὐ
572 5547 678 5617 γὰρ
707 5546 787 5599 ἔτι
838 5546 1142 5616 σύμόουλον
1172 5546 1285 5617 ἔχει
1315 5545 1405 5598 τὸν
1452 5545 1714 5609 Σατανᾶν,
1763 5545 1878 5599 ἀλλ’

267 5642 411 5709 an;
443 5635 552 5706 ἤδη
591 5635 691 5704 τῆς
721 5634 949 5705 καρδίας
985 5634 1252 5703 δεσπότην
1286 5629 1381 5685 καὶ
1425 5631 1881 5700 κατεξουσιαστὴν

268 5723 673 5793 ποιεῖται.τῆς
720 5720 909 5775 ἑαυτοῦ
953 5720 1213 5783 διανοίας,
1249 5719 1338 5772 τὸν
1363 5721 1420 5772 ἐν
1453 5720 1647 5789 ἀρχαῖς
1670 5717 1884 5787 ψιθυρί-

1979 3340 2184 3409 quibus
2218 3341 2532 3414 ingressum
2567 3346 2621 3401 in
2652 3348 2841 3404 urbem
2890 3355 3111 3420 parari,
3158 3370 3389 3425 eamque
3432 3361 3554 3429 capi

1980 3434 2268 3489 commode
2302 3451 2465 3506 posse
2493 3440 2669 3506 novit,
2698 3442 2915 3508 eodem,
2951 3445 3171 3513 opinor,
3212 3450 3374 3504 modo
3401 3450 3557 3505 Sata-

1979 3539 2120 3590 nas,
2174 3540 2300 3580 cutn
2344 3542 2660 3598 expugnare
2704 3534 2821 3586 vult
2874 3533 3112 3591 hominis
3161 3538 3441 3604 animam,
3487 3545 3554 3597 ad

1979 3618 2308 3673 debiliorem
2341 3618 2464 3688 ejus
2491 3632 2701 3689 partem
2736 3638 2795 3678 se
2823 3628 3069 3687 confert,
3111 3643 3340 3695 sperans
3368 3646 3427 3685 se
3455 3631 3558 3687 hac

1983 3711 2194 3766 ratione
2222 3711 2384 3766 facile
2413 3727 2533 3766 eam
2574 3729 2897 3769 eversurum
2924 3754 2939 3777 ,
2975 3719 3212 3773 maxime
3248 3737 3373 3775 cum
3402 3724 3557 3778 vide-

1981 3802 2055 3855 rit
2101 3802 2229 3857 inde
2263 3803 2470 3857 nullam
2522 3802 2815 3859 utilitatem
2853 3820 3089 3874 capere,
3142 3808 3288 3864 unde
3331 3827 3428 3881 par
3473 3827 3559 3869 est

1980 3893 2454 3963 perturbationem
2488 3894 2752 3964 reprimi,
2787 3896 3098 3966 cujusmodi
3144 3912 3272 3955 sunt
3311 3902 3560 3960 admoni-

1981 3990 2162 4044 tiones
2184 3988 2363 4051 bouaz,
2391 3989 2458 4043 ad
2494 3989 2892 4057 fortitudinem,
2916 4002 2971 4048 et
3002 3993 3068 4048 ad
3099 3995 3377 4064 pietatem,
3406 4009 3462 4054 et
3491 4002 3558 4055 ad

1982 4078 2273 4148 mysticam
2297 4077 2565 4147 eulogiam
2597 4078 3037 4136 exhortationes.
3073 4079 3186 4137 Hoc
3213 4087 3359 4140 enim
3392 4088 3558 4142 maxi-

1981 4184 2066 4222 me
2094 4166 2298 4221 diaboli
2326 4167 2573 4235 jaculum
2603 4169 2741 4223 illud
2776 4170 3107 4225 homicidam
3130 4174 3361 4243 repellit.
3389 4177 3560 4245 Igitur

1982 4259 2235 4330 proditor
2284 4275 2391 4313 non
2448 4261 2981 4330 reprehensionum,
3038 4279 3160 4333 quae
3214 4265 3560 4324 subobscure

1980 4351 2159 4405 adhuc
2196 4348 2434 4415 fiebant,
2473 4353 2682 4421 pudore
2718 4362 2899 4409 tactus
2933 4362 3051 4418 est,
3083 4354 3178 4409 sed
3213 4371 3386 4426 neque
3416 4357 3557 4413 dile-

1981 4440 2184 4497 ctibnis
2206 4443 2336 4505 vim,
2370 4459 2476 4497 non
2510 4443 2794 4507 hooorem,
2821 4446 3074 4514 gloriam,
3103 4457 3266 4515 atque
3297 4450 3553 4518 gratiam,

1984 4550 2091 4589 non
2123 4534 2396 4604 eulogiam
2445 4550 2607 4602 quam
2655 4550 2684 4586 a
2724 4534 2947 4590 Christo
2984 4536 3197 4607 accepit
3246 4541 3550 4601 reveritus,

1859 4627 1873 4648 ’
1912 4624 1951 4678 D
1982 4640 2168 4680 verum
2211 4632 2415 4678 temere
2461 4633 2517 4678 et
2556 4624 2957 4679 contumaciter
2992 4628 3044 4681 iu
3093 4644 3161 4683 eo
3206 4630 3418 4684 haerens
3462 4633 3552 4686 cui

1979 4727 2108 4774 aute
2137 4714 2505 4771 succubuerat
2532 4714 2778 4768 avaritia:
2807 4716 3019 4777 morbo.
3040 4717 3254 4771 tandem
3286 4726 3430 4774 totus
3463 4736 3558 4776 ca-

1980 4814 2109 4876 ptus
2140 4813 2226 4859 est
2263 4821 2328 4857 ac
2374 4803 2592 4856 cecidit.
2646 4801 2757 4857 Nec
2801 4804 2946 4856 enim
2990 4806 3232 4874 amplius
3269 4822 3554 4861 suasorem

1984 4895 2145 4950 habet
2168 4894 2449 4952 Satanam,
2482 4892 2575 4947 sed
2596 4892 2711 4960 jam
2740 4893 2911 4945 totius
2941 4893 3127 4947 cordis
3152 4896 3234 4949 sui
3269 4896 3553 4952 dominum

1984 5002 2048 5042 ac
2080 4986 2280 5040 mentis
2308 4999 2420 5039 suae
2448 4992 2715 5038 rectorem
2748 4983 2878 5037 facit
2900 4999 3028 5038 eum
3058 4987 3151 5055 qui
3181 4988 3417 5056 primum
3446 4989 3559 5045 fne-

1985 5088 2071 5133 rat
2117 5080 2519 5133 insusurrator.
2565 5076 2849 5146 Ingressus
2885 5077 3032 5130 enim
3073 5086 3160 5133 est
3207 5079 3259 5131 in
3302 5095 3424 5134 eum
3455 5122 3469 5142 ,
3504 5094 3561 5136 ut

1983 5181 2068 5227 est
2095 5171 2149 5225 in
2181 5169 2497 5240 Evangelia.
2526 5167 2794 5222 Cavenda:
2827 5169 3010 5237 itaque
3044 5179 3098 5225 et
3128 5171 3275 5224 omni
3315 5187 3421 5240 Ope
3472 5189 3559 5227 re-

1986 5263 2269 5317 movendae
2313 5258 2442 5317 sunt
2478 5262 2813 5329 cupiditates
2854 5259 3016 5329 739
3054 5261 3221 5315 animi
3249 5301 3262 5325 ,
3295 5263 3439 5318 unde
3470 5278 3559 5319 se-

1986 5364 2180 5409 cutura
2228 5353 2557 5408 detrimenta
2615 5354 2868 5406 norimus
2913 5368 2926 5404 :
2992 5353 3084 5405 sed
3140 5359 3194 5407 et
3242 5354 3561 5411 meminisse

1986 5454 2202 5517 oportet
2225 5445 2461 5501 dicentis
2505 5464 2518 5498 :
2577 5443 2634 5496 Si
2681 5443 2907 5510 spiritus
2942 5449 3269 5511 potestatem
3303 5443 3560 5500 habentis

1989 5539 2298 5594 ascenderit
2329 5552 2495 5605 super
2531 5545 2604 5597 te,
2647 5535 2823 5587 locum
2871 5542 3024 5587 tuum
3067 5550 3137 5591 ne
3165 5534 3447 5591 dimiseris
3485 5537 3558 5598 ei,

1990 5633 2118 5701 quia
2146 5630 2360 5685 sanatio
2385 5643 2605 5683 cessare
2633 5626 2795 5678 faciet
2824 5635 3045 5694 peccata
3078 5643 3295 5696 magna.
3327 5627 3562 5680 Necesse
3601 5693 3608 5699 _

1991 5730 2076 5774 est
2137 5719 2281 5771 enim
2350 5719 2398 5768 vi
2460 5715 2849 5785 cogitationum
2909 5716 2964 5771 in
3035 5715 3242 5771 nostris
3299 5712 3560 5765 cordibus

351 5911 440 5985 (ιι
488 5905 591 5961 Ed.
629 5905 797 5971 Aul»,
837 5904 929 5959 τοῦ
959 5905 1205 5961 διαϐόλου
1239 5907 1327 5960 τὸν
1371 5906 1720 5976 ἀνδροκτόνον
1750 5902 1876 5969 υἱόν,

1976 5901 2121 5955 αὺοίὶ
2152 5900 2323 5967 ﬁlium
2354 5895 2504 5949 illum
2537 5894 2874 5947 homicidam.
2907 5890 3067 5947 Ευιτ.
