4106 6262
575 478 679 533 N3

1567 475 1622 529 S.
1645 472 1926 530 CYRILLI
1962 468 2434 526 ALEXANDRINI
2474 470 2798 528 ARCBIEP.

3730 475 3748 529 Ι
3764 474 3828 528 -Η

571 595 859 652 corrohari
917 593 1251 650 dominantis
1297 594 1576 666 spiritum.
1624 594 1760 650 Nam
1812 596 1940 651 licet
1997 605 2145 665 pote-

2254 596 2428 660 ζοντα.
2453 597 2682 666 Εἰσῆλθε
2697 597 2893 668 γάρέὶς
2910 596 3091 660 αὐτὸν,
3111 596 3254 652 κατά
3266 599 3364 669 τὴν
3384 597 3478 651 τοῦ
3499 599 3831 667 Εὐαγγελίου

571 691 738 744 statis
783 697 983 744 nostra:
1041 703 1150 743 non
1198 688 1269 742 sit
1305 686 1519 752 facere,
1559 703 1631 744 ne
1669 691 1812 745 tales
1866 690 2094 759 spiritus
2127 731 2142 755 ,

573 779 624 832 id
665 787 750 834 est
778 779 1140 849 cogitationes
1167 779 1221 832 in
1252 786 1490 833 mentem
1526 790 1769 834 nostram
1804 781 2144 845 ascendant,

571 884 863 936 possumus
891 877 1074 924 tamen
1104 869 1249 939 quod
1284 871 1594 925 ascenderit
1615 870 1841 940 ejicere,
1874 887 1973 926 nec
1997 887 2148 927 com-

571 961 787 1012 mittere
834 969 890 1012 ut
931 975 1163 1032 magnas
1205 972 1430 1032 propter
1469 961 1856 1032 negligentiam
1895 973 2143 1017 nostram

571 1051 625 1104 in
657 1059 836 1105 mente
867 1063 1056 1108 nostra
1092 1061 1216 1124 agat
1241 1053 1459 1108 radices
1491 1071 1504 1107 :
1542 1053 1638 1109 sed
1669 1054 1835 1108 veluti
1868 1055 2144 1124 quoddam

568 1143 959 1200 amaritudinis
1007 1146 1226 1199 initium
1287 1145 1580 1201 confestim
1648 1147 1977 1202 exscindere
2012 1189 2027 1212 ,
2081 1161 2145 1200 ac

569 1244 808 1292 mentem
835 1237 1087 1293 molestia
1112 1253 1334 1292 vacuam
1355 1238 1617 1294 reddere:
1650 1239 1856 1309 alioqui
1882 1238 2144 1293 dubitan-

567 1331 697 1399 dum
725 1344 833 1383 non
859 1340 941 1384 est
981 1331 1112 1400 quin
1147 1332 1409 1399 paulatim
1447 1329 1684 1386 Satanas
1709 1331 1893 1387 vincat
1923 1331 2144 1386 blandi-

570 1420 1036 1490 tiis,nobisquetd
1064 1422 1438 1492 eveniatquod
1459 1423 1534 1477 ait
1558 1423 1850 1479 Psalmista
1881 1443 1892 1478 :
1923 1442 1941 1475 ι
1969 1423 2152 1478 Prius-

569 1527 734 1580 quam
804 1506 1123 1568 humiliarer
1165 1529 1270 1586 ego
1309 1515 1516 1586 deliqui
1551 1518 1620 1570 ⁸⁸.
1661 1536 1680 1568 ι
1747 1518 1888 1572 Ante
1940 1518 2148 1587 peccati

567 1603 715 1656 enim
766 1607 1301 1660 consummationem
1344 1606 1712 1678 delinquimus
1749 1609 2148 1678 cogitationum

571 1695 933 1760 conscientia,
989 1696 1121 1750 illud
1179 1698 1551 1765 honorantes,
1625 1714 1690 1754 ac
1752 1701 2146 1770 suscipientes,

567 1799 620 1842 et
688 1805 784 1858 per
839 1789 946 1844 hoc
988 1791 1270 1858 ingressus
1321 1790 1506 1845 locum
1555 1791 1774 1846 Satanae
1811 1793 2146 1849 tribuentes.

2249 689 2453 758 φωνήν.
2483 688 2786 742 Φυλακτέω
2811 684 2904 742 οῦν
2933 691 3062 759 ἄρα,
3095 690 3188 742 καὶ
3219 690 3384 742 παντὶ
3419 689 3594 742 σθένει
3630 708 3835 760 παραι-

2247 781 2436 852 τητέον
2463 781 2563 844 τὰς
2592 783 2656 834 ἐκ
2686 781 2793 833 τῶν
2828 781 3214 852 προσπαθειῶν
3248 781 3452 851 ζημίας
3477 797 3490 812 ·
3541 782 3739 853 χρῆναι
3775 783 3833 836 δὲ

2246 871 2356 925 δεῖν
2400 871 2804 942 διαμεμνῆσθαι
2832 871 2925 924 τοῦ
2960 871 3211 940 λέγοντος
3239 889 3251 903 ·
3311 872 3436 926 Ἐάν
3471 872 3690 943 πνεῦμα
3735 873 3836 926 τοῦ

2248 963 2652 1027 ἐξουσιάζοντος
2681 963 2854 1034 ἀναϐῇ
2885 963 2978 1016 ἐπὶ
3013 967 3094 1028 σὲ,
3123 965 3286 1017 τόπον
3324 982 3416 1018 σου
3451 965 3526 1035 μὴ
3554 966 3720 1035 ἀφῇς,
3752 967 3838 1019 ὅτι

2251 1055 2386 1126 [αμα
2416 1054 2756 1108 καταπαύσει
2804 1056 3080 1127 ἁμαρτίας
3129 1055 3390 1126 μεγάλας.
3453 1057 3694 1126 ’Δνάγκη
3734 1056 3838 1125 μὲν

2250 1148 2358 1218 γὰρ
2401 1147 2785 1211 ἁνακτίζεσθαί
2840 1165 2959 1210 πως
3011 1149 3068 1200 ἐν
3112 1149 3342 1218 δυνάμει
3389 1148 3665 1218 λογισμῶν
3711 1150 3838 1210 ταῖς

2249 1242 2546 1312 ἡμετέραις
2571 1241 2823 1311 καρδίαις
2851 1241 2912 1293 τὸ
2936 1239 3028 1293 τοῦ
3063 1239 3464 1304 ἐξουσιάζοντος
3495 1238 3732 1310 πνεῦμα.
3770 1239 3837 1291 ΕΞ

2257 1333 2368 1404 γὰρ
2403 1336 2460 1385 ἐν
2489 1335 2622 1402 ἡμῖν
2663 1332 2725 1384 τὺ
2756 1331 3013 1386 δύνασθαι
3043 1331 3384 1394 διακωλύειν,
3414 1331 3572 1384 τοῦτό
3597 1348 3660 1399 γε
3691 1330 3837 1398 πλὴν

2256 1429 2314 1479 ἐν
2347 1428 2479 1497 ἡμῖν
2498 1429 2535 1486 ’,
2555 1424 2615 1478 τὸ
2635 1425 2883 1487 κολάζειν
2913 1425 3256 1495 παραχρῆμα
3281 1425 3340 1478 τὺ
3365 1423 3605 1485 ἀνελθὸν,
3627 1422 3724 1476 καὶ
3759 1423 3837 1494 μὴ

2252 1517 2566 1589 ἐπιτρέπειν
2616 1514 2898 1587 ῥιζοῦσθαι
2943 1517 3062 1580 ταῖς
3107 1517 3170 1568 ἐκ
3222 1515 3494 1587 ῥᾳθυμίας
3541 1514 3835 1582 ἐνδόσεσιν,

2251 1611 2366 1666 ἀλλ’
2413 1609 2601 1680 ὥσπερ
2647 1607 2768 1661 τινὰ
2820 1607 3044 1678 πικρίας
3096 1607 3268 1678 ἀρχὴν
3311 1605 3636 1677 ἀποτέμνειν
3679 1607 3835 1659 ἐπεί-

2252 1705 2467 1772 γεσθαι,
2512 1703 2607 1755 καὶ
2639 1702 3078 1772 ἀπαρενόχλητον
3108 1701 3244 1752 ἱέναι
3273 1699 3494 1769 θελῆσαι
3547 1698 3640 1752 τὸν
3666 1697 3792 1752 νοῦν
3818 1715 3831 1728 ·

2252 1797 2420 1868 ἤγουν
2455 1793 2654 1846 εἰδέναι
2690 1792 2897 1862 σαφῶς,
2929 1793 3009 1845 ὅτι
3039 1792 3252 1861 νικήσει
3285 1789 3426 1842 κατά
3465 1788 3638 1859 βραχὺ
3667 1789 3833 1840 κολα-

569 1879 744 1949 Cujns
782 1881 867 1936 rei
915 1880 1086 1952 ﬁgura
1145 1882 1308 1938 nobis
1361 1891 1416 1938 et
1464 1883 1646 1956 imago
1688 1885 1792 1941 erit
1847 1886 2148 1956 proditoris

2255 1885 2429 1939 κεύων
2462 1885 2489 1935 6
2524 1883 2788 1945 Σατανᾶς,
2823 1881 2918 1934 καὶ
2950 1881 3217 1951 πάθοιμεν
3259 1879 3324 1934 ἂν
3351 1879 3614 1942 τοιοῦτον,
3650 1881 3836 1932 ὁποῖον

571 1986 761 2027 casus.
2175 1997 2221 2056 Β
2247 1979 2275 2030 6
2310 1976 2542 2030 Ψάλλων
2591 1973 2722 2045 φησί
2745 1988 2756 2000 ⁸
2815 1991 2833 2024 ι
2864 1973 2979 2042 Πρὸ
3025 1972 3120 2026 τοῦ
3173 1991 3240 2043 με
3277 1973 3684 2042 ταπεινωθῆναι
3722 1971 3840 2039 ἐγὼ

571 2061 990 2134 ἐπλημμέλησα.
1021 2080 1040 2114 ι
1093 2063 1208 2134 Πρὸ
1247 2064 1354 2136 γὰρ
1407 2064 1501 2118 τοῦ
1563 2067 1754 2120 παθεῖν
1798 2067 2018 2133 τελείως
2063 2070 2162 2141 τὴν
2212 2068 2521 2143 ἁμαρτίαν,
2582 2063 3117 2136 προπλημμελοῦμεν
3155 2065 3315 2133 ἡμεῖς
3358 2065 3424 2133 τῇ
3470 2062 3684 2115 συνέσει
3724 2063 3836 2115 τῶν

573 2155 868 2226 λογισμῶν.
903 2155 1168 2226 τιμῶντες
1205 2157 1394 2229 αὐτὴν,
1435 2160 1530 2212 καὶ
1584 2161 2021 2232 καταδεχόμενοι,
2053 2167 2150 2218 καὶ
2183 2167 2347 2218 τόπον
2376 2158 2580 2213 εἰσόδου
2601 2157 2834 2222 διδόντες
2867 2156 2955 2210 διά
2983 2156 3174 2210 τούτου
3205 2156 3280 2227 τῷ
3340 2157 3570 2226 Σατανᾷ.
3639 2157 3836 2210 Ἔσται

575 2255 632 2306 δὲ
662 2253 832 2316 τύπος
861 2251 954 2304 καὶ
981 2249 1144 2305 εἰκὼν
1179 2252 1272 2305 τοῦ
1308 2255 1634 2325 πράγματος
1672 2256 1765 2308 τοῦ
1796 2258 2056 2328 προδότου
2089 2259 2151 2312 τὸ
2187 2259 2378 2322 πάθος.

644 2388 783 2452 Χιιι,
811 2389 903 2455 27,
928 2388 1020 2442 28.
1073 2387 1139 2442 Et
1179 2389 1316 2442 dixit
1354 2393 1401 2444 ei
1435 2391 1594 2447 Iesu:
1627 2409 1645 2446 :
1677 2393 1831 2468 Quod
1861 2395 2022 2464 facit,
2063 2396 2150 2462 {ac

575 2483 756 2538 titius.
803 2481 914 2536 Hoc
963 2490 1138 2536 autem
1186 2498 1336 2537 nemo
1382 2485 1533 2539 scivit
1588 2485 2032 2542 discumbentium
2080 2489 2150 2542 ad

574 2576 701 2645 quid
731 2575 926 2629 dixerit
962 2577 1032 2628 ei.

651 2711 916 2768 Dissonus
957 2711 1116 2774 forte,
1154 2727 1255 2766 nec
1291 2712 1523 2766 multum
1549 2721 1960 2768 consentaneus
1999 2720 2151 2769 ante-

577 2806 742 2860 dictis
793 2804 969 2859 videri
1016 2805 1194 2876 possit
1228 2812 1412 2859 textus
1453 2805 1791 2874 prepositus.
1827 2804 1940 2860 Cur
1976 2806 2150 2872 enim,

579 2896 726 2952 dicet
773 2896 994 2966 aliquis,
1057 2914 1236 2969 neque
1292 2899 1348 2954 id
1404 2899 1502 2955 abs
1565 2915 1646 2963 re,
1699 2915 1826 2954 cum
1875 2901 2016 2955 ciant
2066 2916 2155 2956 ar-

578 2993 788 3053 gueret,
824 3001 924 3040 nec
973 2987 1121 3043 clare
1175 2988 1444 3045 Dominus
1505 2991 1574 3044 ab
1632 2992 1801 3060 impia
1836 2991 1985 3047 caede
2024 3008 2154 3064 pro.

580 3075 814 3130 ditorem
846 3084 1142 3140 averteret,
1176 3093 1323 3132 nunc
1347 3078 1412 3133 ad
1449 3093 1570 3133 eam
1619 3081 1886 3150 instigare
1914 3080 2153 3150 videtur,

578 3177 635 3220 et
667 3163 874 3221 hortari
909 3179 968 3222 ut
1005 3169 1334 3225 detestabile
1381 3178 1604 3240 tamque
1658 3172 1886 3242 impium
1939 3172 2155 3228 facinus

581 3268 802 3314 strenue
830 3260 1220 3330 aggrediatur?
1243 3261 1315 3316 At
1344 3260 1475 3332 quid
1518 3276 1746 3318 necesse
1781 3273 1920 3328 erat,
1951 3263 2150 3333 inquit,

581 3348 854 3404 hominem
897 3364 995 3418 per
1015 3365 1074 3405 se
1096 3351 1236 3406 satis
1276 3351 1564 3404 incitatum
1598 3365 1666 3405 eo
1700 3351 2003 3421 impellere,
2025 3367 2151 3406 cum

583 3447 870 3508 prastat-et
915 3441 1391 3499 admonitionibus
1441 3443 1496 3497 in
1535 3443 1730 3499 melius
1770 3459 2055 3510 revocare,
2103 3452 2156 3498 et

579 3551 608 3586 a
661 3534 943 3604 proposito
991 3536 1172 3605 ipsum
1228 3534 1470 3590 consilio
1518 3534 1800 3589 avertere?
1831 3533 1895 3587 Et
1930 3534 2153 3602 quidem

576 3628 682 3682 erit
732 3627 826 3698 qui
858 3628 1158 3685 absurdum
1203 3643 1328 3684 esse
1369 3626 1612 3682 fateatur
1653 3626 1802 3698 quod
1853 3627 1942 3682 hic
1976 3627 2155 3680 incla-

579 3731 694 3774 mat
723 3722 1020 3776 Christus:
1050 3729 1434 3777 verumtamen
1486 3721 1533 3774 si
1581 3719 1851 3791 pr0positi
1885 3720 1988 3774 lori
2025 3734 2156 3774 sen-

577 3830 701 3867 sum
731 3815 949 3868 acutius
985 3813 1306 3882 inspexerit,
1331 3813 1469 3866 nihil
1496 3811 1738 3867 absurde
1759 3812 1972 3866 dictum
2003 3825 2154 3864 com-

583 3905 774 3973 periet,
808 3905 902 3960 sed
951 3920 1131 3960 acrem
1187 3908 1370 3975 potius
1416 3906 1645 3960 subesse
1702 3918 1954 3967 sensum,
1991 3917 2154 3972 quem

579 4011 682 4068 ego
719 4012 822 4066 pro
851 3997 995 4051 virili
1045 3997 1236 4067 paucis
1285 3997 1533 4052 conabor
1572 3996 1876 4065 explicare.
1904 3994 2157 4048 I’ruden-

580 4089 800 4145 tissime
835 4090 1018 4161 itaque
1071 4089 1292 4160 sapiens
1341 4087 1677 4157 evangelista
1721 4087 1977 4157 superius
2017 4087 2156 4141 dixit

584 4184 758 4253 ipsum
781 4181 1036 4237 Satanam
1067 4182 1118 4235 in
1146 4197 1241 4237 cor
1274 4180 1569 4250 proditoris
1593 4180 1744 4249 prius
1773 4178 2042 4247 irrupisse
2078 4185 2159 4231 at-

581 4290 687 4344 que
709 4275 988 4337 introisse,
1022 4283 1080 4327 ut
1112 4273 1391 4328 videretur
1419 4270 1640 4324 tandem
1669 4267 1934 4322 Dominus
1971 4279 2158 4322 noster

579 4365 740 4422 .lesus
765 4366 1020 4421 Christus
1041 4365 1144 4435 ipsi
1169 4364 1350 4435 potius
1372 4377 1538 4433 qnam
1556 4361 1604 4417 ei
1624 4361 1716 4431 qui
1741 4375 1931 4429 reapse
1949 4374 2012 4414 ac
2027 4374 2158 4414 vere

583 4459 651 4511 ab
681 4458 802 4527 ipso
824 4473 918 4527 per
939 4457 1102 4528 740
1125 4455 1511 4526 negligentiam
1541 4455 1719 4507 victus
1749 4451 1926 4507 fuerat
1949 4452 2154 4515 dicere,

587 4569 606 4601 ι
641 4548 797 4616 Quod
824 4548 981 4613 facis,
1005 4547 1091 4602 fac
1117 4548 1250 4600 cito.
1283 4565 1301 4598 ι
1329 4545 1481 4600 Idem
1508 4545 1656 4600 enim
1689 4551 1772 4598 est
1801 4557 1864 4596 ac.
1903 4542 1949 4597 si
1970 4550 2158 4613 aperte

2326 2395 2496 2466 Λέγει
2521 2395 2682 2460 αὑτῴ
2712 2398 2744 2446 ὁ
2783 2391 3022 2460 Ἰησοῦς
3041 2409 3054 2422 ο
3108 2392 3177 2444 Ὃ
3199 2389 3407 2455 ποιεῖς,
3447 2392 3713 2458 ποίησον
3741 2395 3843 2447 τά-

2253 2505 2408 2557 χιον.
2469 2487 2648 2541 Τοῦτο
2697 2485 2764 2538 δὲ
2811 2484 3012 2547 οὐδεὶς
3063 2481 3216 2551 ἔγνω
3269 2479 3388 2535 τῶν
3429 2483 3844 2554 ἀνακειμένων

2254 2581 2403 2648 πρὸς
2436 2579 2493 2632 τί
2535 2575 2704 2632 εἶπεν
2731 2576 2911 2640 αὐτῷ.

2338 2713 2568 2784 Ἀπᾷδον
2611 2713 2709 2783 μὲν
2751 2713 2901 2778 ἴσως,
2944 2714 3035 2767 καὶ
3063 2714 3124 2767 οὐ
3170 2714 3374 2786 σφόδρα
3404 2714 3701 2786 συμϐαῖνον
3729 2718 3844 2778 τοῖς

2254 2807 2355 2878 ἤδη
2381 2805 2804 2878 προειρημένοις
2847 2804 3046 2870 δόξειεν
3071 2806 3138 2860 ἂν
3167 2801 3304 2859 εἷναί
3328 2824 3404 2878 τῳ
3433 2807 3591 2877 τυχὸν
3620 2807 3681 2860 τὸ
3710 2825 3842 2878 προ-

2248 2895 2519 2965 κείμενον.
2555 2894 2803 2947 Ἀνθότου
2839 2895 2947 2966 γὰρ
2981 2895 3067 2965 δὴ,
3099 2897 3322 2965 φήσειεν
3343 2898 3428 2959 ἂν,
3468 2898 3562 2950 καὶ
3598 2899 3701 2950 οὐκ
3734 2899 3847 2951 ἀπὸ

2250 2985 2479 3049 σκοποῦ,
2526 2985 2817 3056 διελέγχων
2863 2988 3284 3058 κεκρυμμένως,
3327 2989 3422 3041 καί
3458 2990 3558 3042 οὐκ
3593 2990 3844 3060 ἐναργῶς

2250 3077 2578 3148 ἀποτρέπων
2623 3078 2651 3130 6
2697 3077 2900 3148 Κύριος
2935 3078 3031 3147 τῆς
3076 3078 3156 3140 είς
3184 3077 3346 3131 αὐτὸν
3395 3079 3708 3148 μιαιφονίας
3748 3079 3843 3131 τὸν

2253 3169 2557 3240 προδιδόναι
2583 3169 2974 3234 σπουδάζοντα,
3007 3168 3102 3222 νῦν
3139 3171 3273 3240 πρὸς
3303 3171 3472 3239 αὐτὴν
3501 3170 3846 3240 παραθήγων

2253 3263 2468 3330 ὁρᾶται,
2498 3260 2765 3331 ἀμελλητὶ
2801 3260 2856 3313 δὲ
2899 3259 3134 3330 βαδίζειν
3168 3261 3304 3331 πρὸς
3335 3262 3398 3314 τὸ
3430 3261 3572 3315 οῦτω
3599 3263 3847 3332 μυσαρόν

2255 3374 2313 3409 τε
2345 3358 2439 3410 καὶ
2483 3356 2695 3409 ἀνόσιον
2744 3355 3114 3408 διακελεύεται
3146 3357 3506 3426 σπούδασμα;
3565 3356 3758 3411 Καίτοι
3792 3359 3848 3410 τί

2259 3448 2458 3518 μᾶλλον
2491 3447 2581 3500 τὸν
2604 3446 2814 3501 οἴκοθεν
2843 3448 2952 3501 ἔδει
2992 3449 3257 3502 νοσοῦντα
3283 3449 3647 3519 παροτρῦναι,
3682 3452 3842 3519 φησὶ,

2256 3539 2391 3610 πρὸς
2421 3538 2600 3600 τοῦτο,
2656 3538 2750 3591 καὶ
2802 3538 3140 3608 τεθηγμένον
3194 3539 3253 3603 ἐξ
3306 3539 3521 3600 ἐαυτοῦ,
3573 3540 3670 3593 καὶ
3718 3541 3846 3609 οὐχὶ

2259 3627 2452 3696 μᾶλλον
2493 3627 2870 3698 ἀνασειράζειν
2905 3631 3026 3691 ταῖς
3048 3628 3354 3691 νουθεσίαις
3384 3628 3478 3682 ἐπὶ
3501 3629 3562 3681 τὸ
3595 3629 3845 3699 ἄμεινον,

2256 3720 2350 3770 καὶ
2386 3718 2486 3786 τῆς
2527 3717 2880 3789 προτεθείσης
2929 3719 3087 3772 αὐτὸν
3131 3719 3398 3790 ἀνακόψαι
3451 3719 3681 3792 βουλῆς;
3729 3724 3844 3776 Καὶ

2255 3810 2370 3880 δοίη
2419 3811 2515 3880 μὲν
2558 3811 2623 3864 ἄν
2655 3827 2740 3874 τις
2776 3811 2980 3882 σφόδρα
3029 3812 3122 3865 τοῦ
3171 3813 3478 3883 πρέποντος
3517 3813 3845 3885 διαμαρτεῖν

2255 3900 2516 3971 λογισμοῦ
2545 3901 2643 3973 τὴν
2680 3904 2769 3955 ἐπὶ
2797 3903 2972 3974 τούτῳ
3006 3904 3304 3976 καταϐοήν·
3332 3905 3743 3977 ὀξυωπέστερόν
3776 3924 3844 3975 γε

2261 3995 2368 4060 μὴν
2410 3995 2522 4054 τοῖς
2554 3994 2611 4045 ἐν
2653 3994 2729 4064 τῷ
2757 3995 3101 4065 προκειμένῳ
3130 3995 3448 4067 θεωρήματι
3475 3996 3689 4068 ἐνείρας
3723 3996 3844 4069 [γρ.

2258 4083 2553 4154 ἐνερείσας]
2617 4085 2706 4136 τὸν
2759 4086 2904 4146 νοῦν,
2960 4086 3175 4148 ἀτόπως
3219 4087 3317 4156 μὲν
3355 4088 3507 4140 οὐδὲν
3547 4089 3847 4159 εἰρημένον

2258 4174 2498 4244 εὑρήσει,
2549 4175 2801 4246 δριμεῖαν
2851 4177 2907 4229 δὲ
2949 4177 3146 4247 μᾶλλον
3189 4178 3373 4241 αὐτοῖς
3424 4179 3846 4248 ἐνυπάρχουσαν

2260 4269 2492 4331 σύνεσιν,
2512 4268 2578 4338 ἣν
2597 4269 2712 4328 καὶ,
2742 4269 2888 4330 ὅπως
2908 4268 2971 4320 ἂν
2992 4269 3254 4339 δύνωμαι,
3281 4269 3368 4320 διὰ
3394 4268 3640 4339 βραχέων
3665 4271 3844 4323 εἰπεῖν

2259 4359 2611 4430 πειράσομαι.
2652 4358 3137 4428 Προνοητικὼτατα
3184 4361 3360 4412 τοίνυν
3399 4363 3455 4412 ἐν
3484 4363 3595 4422 τοῖς
3636 4360 3845 4430 προλαρ

2258 4451 2442 4504 δοῦσιν
2461 4454 2488 4504 6
2510 4451 2669 4517 σοφὸς
2694 4451 3078 4521 εὐαγγελιστὴς
3101 4452 3532 4522 προεισπηδῆσαι
3553 4451 3648 4504 κα)⁴
3667 4453 3843 4506 εἰσελ-

2259 4544 2371 4597 θεῖν
2419 4545 2499 4606 είς
2541 4542 2637 4612 τὴν
2685 4542 2778 4594 τοῦ
2834 4542 3093 4613 προδότου
3127 4543 3352 4613 καρδίαν
3394 4544 3557 4596 αὐτὸν
3589 4544 3694 4614 ἔφη
3747 4545 3841 4598 τον

581 4643 789 4696 diceret
816 4660 828 4694 :
855 4639 1034 4693 Tuum
1067 4654 1228 4708 opus.
1274 4637 1422 4708 quod
1458 4651 1627 4692 unum
1670 4636 1817 4690 nosti
1859 4643 1913 4688 et
1972 4634 2151 4690 facere

2259 4636 2519 4696 Σατανᾶν,
2558 4633 2644 4685 ἵνα
2675 4631 2930 4703 φαίνηται
2957 4633 3137 4685 λοιπον
3162 4637 3189 4686 6
3214 4632 3414 4704 Κύριος
3436 4633 3596 4704 ἡμῶν
3632 4636 3840 4706 Ἰησοῦς

581 4734 750 4796 soles,
785 4747 817 4785 ο
870 4733 1093 4792 Satana.
1123 4729 1207 4786 fac
1242 4731 1376 4785 cito.
1405 4729 1671 4785 Occidisti
1710 4729 2027 4799 prophetas.
2064 4725 2152 4782 Ju-

581 4823 713 4877 daeis
745 4823 947 4892 quippe
975 4821 1040 4875 ad
1077 4821 1414 4890 impietatem
1443 4820 1639 4874 ducem
1676 4829 1725 4873 te
1756 4819 2062 4888 praebuisti,
2098 4825 2154 4872 et

582 4913 904 4984 lapidandos
929 4913 1133 4966 curasti
1158 4911 1249 4981 qui
1293 4911 1590 4966 salutarem
1628 4908 1813 4964 lsraeli
1842 4909 2150 4962 doctrinam

582 5004 933 5066 nuntiabant,
969 5001 1174 5055 nemini
1224 5016 1414 5055 eorum
1457 5001 1547 5070 qui
1595 5015 1623 5052 a
1663 4999 1773 5053 Deo
1821 5000 1975 5054 missi
2022 5007 2153 5054 sunt

582 5096 876 5168 pepercisti
913 5115 924 5150 :
958 5109 1120 5149 Omne
1181 5093 1527 5147 crudelitatis
1579 5099 1632 5146 et
1698 5091 1900 5146 furoris
1975 5107 2150 5161 genus

581 5189 728 5242 ultra
786 5187 1010 5240 modum
1063 5183 1386 5238 exercuisti.
1424 5181 1595 5238 Venio
1649 5184 1814 5248 igitur
1861 5193 1984 5252 post
2031 5182 2154 5235 illos

579 5294 702 5349 ego,
748 5281 1064 5334 errantibus
1103 5276 1337 5330 daturus
1375 5283 1434 5327 ut
1494 5289 1600 5328 non
1653 5274 1888 5342 amplius
1942 5285 2151 5336 errent,

583 5370 639 5423 in
682 5369 927 5424 tenebris
967 5369 1233 5437 degentes
1276 5366 1330 5419 in
1373 5365 1494 5419 luce
1526 5364 1712 5418 divina
1751 5365 2150 5424 collocatnrus.

583 5460 636 5514 in
667 5467 789 5513 tuos
819 5460 1044 5530 laqueos
1087 5459 1269 5528 lapsos
1309 5471 1372 5510 ac
1403 5469 1512 5510 tua:
1543 5455 1886 5510 crudelitatis
1913 5456 2148 5525 prazdam

586 5552 762 5605 factos
810 5549 922 5604 tuis
980 5549 1218 5602 vinculis
1278 5547 1652 5618 cxpediturns.
1701 5545 1871 5600 Venio
1937 5547 2152 5615 peccati

585 5649 810 5712 propter
841 5647 893 5694 te
923 5640 1206 5709 regnantis
1230 5654 1524 5694 eversurus
1553 5637 1920 5710 tyrannidem,
1949 5648 2002 5691 et
2028 5637 2153 5707 quis

582 5739 652 5790 sit
701 5741 897 5788 natura
934 5729 1076 5785 Dens
1111 5732 1258 5785 omni
1323 5732 1526 5786 homini
1585 5728 1984 5801 patefactnrns.
2035 5727 2139 5784 Sed

649 5915 688 5942 "
734 5909 877 5963 Psal.
915 5925 1120 5972 οτι-ιιι,
1163 5909 1249 5963 6'7.

2259 4730 2286 4780 6
2327 4725 2559 4796 Χριστὸς
2597 4722 2745 4794 αὐτῷ
2790 4725 3009 4793 μᾶλλον,
3039 4726 3182 4795 ἤπερ
3212 4725 3379 4787 ὅντως
3400 4743 3459 4778 τε
3499 4726 3594 4779 καὶ
3620 4725 3841 4795 ἀληθῶς

2261 4819 2337 4888 τῷ
2376 4818 2503 4887 παρ’
2527 4816 2689 4869 αὑτοῦ
2720 4819 2784 4870 δι’
2826 4817 3158 4888 ἀπροσεξίας
3195 4821 3592 4889 κεκρατημένῳ
3625 4819 3839 4888 λέγειν’

2269 4930 2286 4961 ι
2305 4911 2367 4962 Ὃ
2386 4912 2576 4971 ποιεῖς,
2600 4909 2823 4978 ποίησον
2841 4909 3041 4977 τάχιον.
3071 4928 3087 4956 ›
3120 4910 3344 4977 Ὅμοιον
3367 4911 3496 4980 γὰρ,
3517 4910 3594 4972 ὡς
3618 4913 3665 4962 εί
3690 4909 3842 4978 λέγοι

2265 4999 2448 5068 σαφῶς
2477 5017 2488 5029 ·
2519 5000 2589 5052 Τὸ
2617 4999 2706 5052 σὺν
2733 4999 2892 5069 ἔργον
2925 5000 3061 5069 ὅπερ
3091 4995 3246 5052 οἶσθα
3277 4999 3454 5068 μόνον,
3482 5000 3575 5052 καὶ
3601 5001 3734 5071 δρᾷν
3754 5001 3840 5053 ἀεί

2263 5111 2345 5145 σοι
2392 5092 2564 5159 φίλον,
2595 5090 2639 5143 ὦ
2677 5092 2908 5152 Σατανᾶ,
2956 5093 3178 5162 ποίησον
3221 5094 3425 5162 τάχιον.
3480 5093 3841 5157 Ἀπέκτεινας

2253 5187 2377 5246 τοὺς
2409 5183 2696 5254 προφήτας
2726 5183 3101 5251 (ἐστρατήγεις
3143 5183 3250 5256 γὰρ
3292 5185 3366 5246 εἰς
3411 5184 3666 5236 ἀσέϐειαν
3709 5185 3840 5238 Ἴου-

2249 5274 2466 5344 δαίοις),
2501 5275 2594 5326 καὶ
2618 5274 2734 5326 τότε
2768 5272 3194 5344 καταλευσθῆναι
3246 5275 3672 5344 παρασκευάσας
3714 5292 3837 5337 τους

2251 5366 2342 5417 τὸν
2371 5367 2633 5434 σωτήριον
2673 5361 2767 5415 τοῦ
2824 5362 3038 5433 Ἰσραὴλ
3081 5364 3483 5434 πρεσϐεύοντας
3517 5365 3698 5432 λόγον,
3749 5367 3833 5418 οὐ·

2251 5456 2396 5517 δενδς
2418 5455 2618 5523 ἐφείσω
2648 5453 2753 5505 τῶν
2783 5454 3208 5524 ἀπεσταλμένων
3243 5457 3393 5526 παρὰ
3426 5457 3562 5509 Θεοῦ
3589 5474 3602 5486 ·
3654 5460 3837 5511 πᾶσαν

2255 5547 2336 5607 εἰς
2378 5545 2575 5605 αὐτοὺς
2606 5540 2874 5604 ἁπεδείξω
2912 5543 3008 5611 τὴν
3052 5543 3193 5610 ὑπὲρ
3225 5542 3381 5610 λόγον
3429 5543 3690 5612 ὠμότητα
3741 5547 3840 5596 καὶ

2259 5637 2454 5706 μανίας
2505 5636 2829 5705 ὑπερϐολήν.
2875 5635 3032 5687 ’Ἥκω
3075 5633 3364 5705 τοιγαροῦν
3425 5636 3539 5703 μετ’
3589 5635 3836 5697 ἐκείνους

2253 5727 2382 5796 ἐγὼ,
2417 5729 2528 5790 τοῖς
2567 5729 2662 5796 μὲν
2699 5727 2773 5780 ἔτι
2805 5727 3172 5796 πλανωμένοις
3205 5728 3263 5779 τὸ
3301 5728 3497 5798 μηκέτι
3525 5727 3839 5782 πλανᾶσθαι
