4106 6262
283 284 385 342 H5

1311 283 1375 338 ΙΝ
1418 282 1704 341 JOANNIS
1729 279 2189 340 εγΑΝοιιωυιι
2223 283 2353 339 UB.
2401 279 2490 339 ῐΧι

3436 288 3537 346 Mli

280 400 482 464 ἀιδοῦς,
516 402 629 465 τοῖς
657 403 717 455 ἐν
747 403 927 457 σκότει
959 401 1240 473 κατορθῶν
1260 403 1322 456 τὸ
1348 405 1408 456 ἐν
1432 403 1571 471 φωτὶ
1604 401 1857 470 γενέσθαι

1979 402 2219 471 »ρρινίωο
2238 403 2367 459 novi
2400 403 2688 460 eﬂeratum
2726 410 2885 458 tuum
2918 404 3190 461 animum.
3224 405 3380 473 Quod
3406 416 3544 479 ergo

277 492 360 564 τῷ
387 490 538 562 θείῳ,
567 493 680 555 τοῖς
709 493 789 556 εἰς
808 492 909 564 τὴν
938 492 1039 564 σὴν
1065 494 1271 563 παγίδα
1309 493 1732 565 κατολισθήσασι
1771 493 1866 548 καὶ

212 584 219 591 “
282 580 509 655 θήραμα
532 581 633 652 τῆς
656 581 756 653 σῆς
777 582 1090 653 γενομένοις
1109 581 1413 654 ὠμότητος,
1440 583 1501 637 τὸ
1527 583 1634 651 ἔξω
1658 582 1867 655 βρόχων

282 672 546 749 γενέσθαι,
567 672 930 744 δωρούμενος.
964 675 1125 728 Ἥκω
1158 674 1260 745 τῆς
1288 674 1378 728 διά
1406 674 1467 727 σὲ
1497 673 1864 745 τυραννούσης

284 756 569 837 ἁμαρτίαςΔ
588 765 910 821 καταλύσων
930 766 992 820 τὸ
1010 766 1230 839 κράτος,
1264 768 1360 821 καὶ
1389 767 1471 830 τίς
1495 768 1525 819 ό
1555 766 1716 837 φύσει
1733 767 1866 831 θεὸς

281 856 564 923 ἐπιδείξων
604 856 876 931 ἀνθρώπῳ
904 858 1087 913 παντί.
1125 860 1263 912 Ἀλλ’
1296 855 1413 914 οἶδα
1437 860 1624 915 λοιπὸν
1662 862 1725 914 οὺ
1768 878 1866 930 με·

281 947 450 1018 τρίως
480 947 581 1018 τὴν
612 950 713 1019 σὴν
745 948 1040 1003 ἀτίθασσον
1078 947 1271 1019 φρένα.
1302 948 1482 1021 Ὅπερ
1509 945 1604 1003 οὖν
1632 949 1751 1013 ἔθος
1785 966 1865 1003 σοι

281 1037 512 1109 τολμᾷν,
567 1040 661 1094 ἐπὶ
719 1043 833 1105 τοῖς
876 1041 947 1095 τὰ
980 1039 1210 1094 τοιαῦτα
1258 1039 1558 1111 κατορθοῦν
1596 1040 1865 1104 ἐθέλουσι,

284 1130 493 1202 πράττε
523 1132 620 1185 καὶ
661 1131 775 1211 νῦν.
839 1133 1109 1199 ’Δνιάσεις
1135 1131 1246 1204 γὰρ
1273 1132 1527 1204 οὐδαμῶς
1555 1134 1866 1187 ἐπιπίπτων

282 1222 431 1287 ὀξὺς,
463 1224 557 1278 καὶ
593 1224 799 1296 σφόδρα
825 1225 1025 1296 δριμὺς
1066 1224 1404 1296 ἐγκείμενος,
1442 1226 1566 1280 ὅσον
1610 1227 1677 1279 ἂν
1710 1225 1866 1279 ἔσται

282 1315 347 1368 τδ
377 1314 549 1379 πάθος
588 1316 656 1369 δι’
684 1316 819 1386 ἐμοῦ
845 1315 1072 1386 βαδίσαν
1108 1319 1166 1372 ἐν
1202 1317 1368 1389 ἀρχῇ.
1417 1317 1527 1372 Καὶ
1565 1318 1725 1372 ταυτὶ
1766 1318 1867 1388 μὲν

284 1407 463 1476 ἔγωγε
492 1406 588 1461 τοῦ
617 1407 865 1479 Σωτῆρος
892 1407 961 1463 τά
983 1408 1226 1478 ῥήματα,
1248 1409 1351 1478 τὴν
1377 1407 1474 1462 τοῦ
1502 1412 1866 1481 προκειμένου

283 1496 519 1566 δύναμιν
555 1498 965 1552 ὑπαινίττεσθαί
997 1516 1117 1563 πως
1153 1499 1521 1570 ὑπολαμϐάνω
1545 1517 1560 1532 ο
1603 1500 1869 1571 ἐπιταχύ-

283 1590 475 1643 νεσθαι
503 1589 561 1643 δὲ
583 1590 672 1644 διὰ
707 1590 868 1644 τοῦτο
903 1592 1233 1662 προστάττει
1258 1592 1330 1646 τὰ
1355 1592 1704 1663 τολμήματα,
1735 1592 1867 1664 φέρε

283 1682 351 1751 δὴ
383 1680 548 1734 πάλιν
580 1681 1055 1752 διασκεπτῶμεθα.
1103 1683 1299 1737 Καίτοι
1342 1684 1622 1738 πάνδεινον
1671 1684 1771 1756 μὲν
1807 1685 1870 1739 τὸ

1966 489 2172 546 audere
2206 492 2376 555 soles,
2414 491 2501 547 fac
2532 491 2861 547 etiamnum.
2889 490 3246 565 Nequaquam
3279 495 3425 551 enim
3458 512 3543 552 me

1964 579 2153 644 laedes,
2189 581 2410 637 tametsi
2478 580 2718 638 infestus
2784 598 2943 649 ruas,
3006 584 3186 639 donec
3257 585 3540 641 advenerit

1965 674 2170 744 passio.
2210 674 2392 746 Atque
2426 675 2515 730 his
2556 690 2660 747 ego
2692 673 2879 732 verbis
2926 675 3241 733 Servatoris
3272 678 3378 732 loci
3417 694 3539 748 pro-

1966 765 2129 834 positi
2162 780 2388 822 sensum
2424 767 2836 836 quodammodo
2855 768 3125 824 subinnui
3161 770 3362 840 opinor
3397 790 3409 824 :
3447 770 3544 824 sed

1965 871 2066 910 cur
2095 858 2309 913 facinus
2341 859 2671 913 accelerari-
2694 860 2909 929 jubeat,
2950 877 3049 934 age
3080 863 3260 915 denuo
3290 862 3545 916 conside-

1964 963 2166 1003 remus.
2189 946 2536 1005 Gravissima
2561 950 2767 1020 quippe
2786 961 2872 1006 est
2895 951 3218 1007 Judzeornm
3254 953 3545 1022 impiorum

1966 1039 2220 1106 audacia,
2266 1040 2585 1097 incredibili
2638 1043 2833 1099 furore
2875 1044 2930 1097 in
2968 1060 3095 1099 eum
3132 1045 3547 1101 saevire~rnedi~

1967 1134 2221 1186 tantium.
2247 1131 2444 1204 Flagra
2466 1135 2642 1201 enim,
2667 1135 3173 1192 et‘maledi'ctorum
3209 1136 3544 1191 turba—iutoo

1967 1224 2234 1286 lerabilis.
2277 1225 2473 1296 plagae,
2504 1235 2691 1297 sputa,
2733 1228 2801 1284 ad
2842 1235 3173 1284 extremum-
3213 1227 3548 1285 miserabilis

1968 1330 2120 1371 mors
2152 1316 2211 1371 in
2243 1317 2416 1389 ligno,
2461 1320 2627 1384 clavi,
2660 1334 2821 1387 crux,
2871 1329 3110 1387 acetum,
3146 1330 3211 1376 er
3249 1322 3342 1387 fel,
3372 1329 3427 1375 et
3480 1336 3545 1375 ex

1967 1406 2124 1460 hasta
2162 1406 2368 1463 vulnus
2399 1422 2526 1463 eum
2580 1409 2895 1465 manebant;
2927 1409 3068 1477 Quid
3116 1424 3248 1481 ergo
3297 1408 3547 1472 festinat,

1966 1498 2170 1568 inquit,
2188 1511 2253 1553 ac
2275 1498 2403 1554 sine
2425 1514 2581 1554 mora
2609 1500 2732 1555 vult
2763 1516 2793 1555 a
2813 1500 3036 1555 diabolo
3066 1500 3248 1571 peragi
3269 1499 3550 1570 passionis

1969 1588 2238 1645 nefarium
2294 1587 2552 1645 facinus?
2605 1588 2845 1645 Ministri
2882 1590 3029 1645 enim
3089 1596 3144 1645 et
3195 1596 3550 1643 exsecutores

1970 1682 2239 1736 malorum
2266 1681 2462 1737 horum
2490 1681 2646 1738 fuere
2669 1680 2865 1737 Judaei.
2884 1681 2992 1753 lpsi
3017 1690 3198 1736 tamen
3224 1688 3282 1733 ut
3304 1680 3548 1732 omnium

284 1747 395 1828 τῶν
425 1774 658 1827 ἀνοσίων
691 1747 1006 1845 εὑρίσκεται
1035 1773 1254 1846 θράσος,
1283 1777 1639 1847 ἐμπαροινεῖν
1673 1747 1871 1831 ’ἀκαθ-

1979 1770 2099 1825 duci
2125 1778 2180 1826 et
2223 1771 2279 1826 in
2308 1771 2511 1828 caedem
2551 1770 2760 1827 Christi
2786 1747 3205 1841 conj-umorum
3234 1777 3400 1839 atque
3438 1767 3552 1838 pri-

288 1864 466 1928 ἐκτως
497 1863 770 1934 ἑλομένων
792 1862 961 1931 αὐτῷ.
982 1864 1294 1936 Προσδοκᾷν
1324 1866 1435 1936 γάρ
1458 1861 1527 1937 ἦν
1546 1866 1868 1939 αἰκίσματα,

289 1958 384 2009 καὶ
412 1955 711 2028 δυσφήμων
757 1956 913 2027 ὄχλον
958 1958 1020 2010 οὐ
1065 1957 1324 2030 φορητὸν,
1362 1959 1579 2029 πληγάς
1645 1963 1741 2015 καὶ
1770 1964 1871 2033 ἐμ-

289 2045 604 2118 πτὺσματα,
634 2048 728 2101 καὶ
755 2048 820 2102 τὸ
860 2048 1165 2103 τελευταῖον
1208 2050 1440 2104 ἐλεεινὸν
1467 2050 1560 2104 τὸν
1599 2052 1692 2106 ἐπὶ
1730 2052 1873 2125 ξύλῳ

290 2138 541 2203 θάνατον,
575 2139 757 2209 ἥλους,
803 2141 901 2194 καὶ
947 2140 1200 2213 σταυρὸν,
1240 2141 1381 2207 δξος,
1434 2143 1531 2196 καὶ
1561 2142 1745 2215 χολὴν,
1778 2145 1873 2199 καὶ

290 2229 362 2283 τά
404 2231 470 2283 ἐκ
517 2230 716 2301 λόγχης
754 2231 1066 2303 τραύματα.
1123 2232 1188 2286 Τί
1217 2233 1508 2304 τοιγαροῦν
1533 2235 1871 2300 ἐπισπεύδει,

295 2320 453 2390 φησὶ,
484 2320 580 2374 καὶ
604 2320 870 2392 ἀμελλητὶ
894 2321 1124 2393 δρᾶσθαι
1172 2322 1423 2394 βούλεται
1454 2326 1604 2397 παρὰ
1633 2326 1729 2380 τοῦ
1758 2327 1875 2381 δια-

298 2410 457 2465 ϐόλου
487 2410 557 2466 τὰ
580 2413 674 2466 ἐπὶ
704 2413 781 2485 τῷ
808 2414 973 2467 πάθει
999 2414 1323 2487 τολμήματα
1349 2436 1364 2484 ;
1396 2419 1508 2473 Καὶ
1534 2418 1645 2491 γὰρ
1672 2420 1875 2492 ὑπηρέ-

298 2518 391 2554 ται
434 2502 723 2569 γεγόνασιν
778 2502 1021 2558 Ἰουδαῖοι
1068 2506 1161 2559 καὶ
1198 2507 1460 2579 ὑπουργοὶ
1510 2509 1618 2564 τῶν
1663 2512 1870 2566 κακῶν.

312 2591 455 2645 Ἀλλ’
483 2593 676 2662 ἐκείνῳ
721 2592 783 2647 τὸ
815 2596 924 2649 πᾶν
956 2595 1287 2669 ἐπιθήσομεν
1316 2601 1706 2671 στρατηγοῦντι
1736 2602 1876 2674 πρὸς

297 2682 632 2752 μιαιφονίαν,
654 2684 746 2737 καὶ
768 2685 1032 2756 ἀπαρχῶν
1054 2685 1335 2759 ἐξάρχοντι
1355 2688 1464 2743 τῶν
1488 2690 1694 2744 κακῶν.
1733 2689 1873 2744 Ἀλλ’

293 2772 343 2825 εί
388 2772 485 2826 καὶ
531 2773 735 2845 σφόδρα
780 2775 932 2830 δεινά
970 2775 1039 2830 τά
1090 2779 1171 2842 εἰς
1217 2780 1450 2850 Χριστὸν
1501 2780 1611 2834 τῶν
1643 2781 1875 2834 ἀνοσίων

307 2862 576 2920 Ἰουδαίων
619 2867 963 2941 τολμήματα,
1011 2870 1106 2923 καὶ
1148 2869 1420 2942 ἀπρόρητος
1467 2871 1577 2925 τῶν
1626 2888 1874 2945 σταυρω-

297 2958 504 3013 σάντων
533 2960 568 3031 ή
595 2959 775 3030 ὕϐρις,
815 2960 931 3016 ἀλλ’
958 2961 1076 3033 ᾔδει
1108 2960 1203 3015 τοῦ
1240 2962 1444 3027 πάθους
1470 2965 1531 3018 τὸ
1559 2964 1753 3033 πέρας,
1779 2965 1877 3018 καὶ

1973 1863 2250 1918 mitiarum
2311 1865 2583 1919 malorum
2640 1864 2877 1935 principi
2941 1872 3120 1918 totum
3180 1861 3548 1917 ascribemus.

1971 1953 2159 2024 Atqui,
2189 1954 2319 2009 licet
2347 1954 2710 2011 acerbissima
2740 1969 2969 2024 quasque
2988 1950 3163 2006 Judaei
3195 1950 3251 2005 in
3269 1948 3552 2003 Christum

1972 2046 2445 2112 machinarentur,
2465 2056 2521 2102 et
2536 2046 2904 2101 intolerabilis
2936 2050 3086 2100 esset
3107 2039 3551 2111 cruciﬁgentium

1974 2134 2151 2201 furor,
2180 2135 2460 2207 passionis
2492 2145 2675 2190 tamen
2705 2135 2939 2199 exitum,
2960 2141 3017 2188 et
3057 2132 3191 2203 quid
3228 2131 3360 2186 hinc
3383 2143 3552 2185 even-

1973 2236 2158 2282 turum
2189 2234 2337 2283 esset
2366 2232 2619 2282 noverat.
2657 2224 2926 2280 Eversum
2966 2224 3034 2280 iri
3063 2237 3263 2293 nempe
3302 2219 3556 2275 funditus

1973 2332 2073 2390 per
2099 2316 2471 2375 venerandam
2496 2332 2720 2373 crucem
2763 2316 2971 2372 diaboli
3014 2313 3384 2388 tyrannidem,
3405 2325 3556 2367 mor-

1976 2418 2087 2466 tem
2130 2409 2475 2466 destructum
2516 2408 2608 2474 iri,
2632 2415 2691 2464 et
2720 2407 3095 2478 corruptionis
3129 2403 3423 2460 delendum
3453 2401 3557 2455 im-

1974 2501 2213 2573 perium,
2240 2508 2296 2557 et
2322 2507 2508 2557 vetere
2537 2501 2633 2556 illo
2660 2499 2960 2555 maledicto
3000 2495 3349 2554 liberandum
3380 2507 3559 2566 genus

1974 2593 2319 2655 humanum,
2377 2590 2625 2662 adeoque
2682 2589 3024 2662 benignitate
3075 2597 3128 2643 et
3185 2586 3362 2658 gratia
3427 2582 3559 2638 Ser-

1974 2685 2185 2740 vatoris
2236 2684 2415 2741 nostri
2465 2682 2671 2738 Christi
2699 2689 3052 2739 cessaturum
3087 2680 3277 2735 illud.:
3327 2697 3347 2730 ι
3381 2677 3557 2731 Terra

1974 2792 2055 2843 es,
2111 2787 2166 2833 et
2221 2776 2281 2833 in
2325 2786 2531 2832 terram
2601 2775 2897 2833 reverteris
2928 2774 3010 2840 ";
3053 2792 3073 2826 ι
3128 2771 3289 2844 Ίάι
3336 2782 3558 2824 omnem

1976 2870 2330 2940 iniquitatem
2366 2869 2737 2940 oppilaturam
2764 2883 2829 2924 os
2860 2881 3048 2934 suum,
3076 2865 3234 2935 juxta
3272 2861 3562 2931 Propheta

1976 2976 2168 3017 vocem
2216 2961 2296 3027 ³³,
2356 2977 2459 3018 nec
2522 2962 2761 3033 amplius
2815 2960 2925 3017 sibi
2986 2956 3267 3015 obitoxios
3326 2967 3559 3010 accusa-

294 3047 349 3102 τί
375 3049 434 3102 τὸ
470 3049 718 3104 ἐντεῦθεν
762 3051 1196 3123 ἀποϐησόμενον.
1230 3053 1462 3125 Ἔμελλε
1511 3054 1622 3127 γάρ
1649 3055 1739 3110 διὰ
1776 3056 1874 3110 τοῦ

1982 3062 2193 3119 turam,
2225 3064 2281 3109 et
2319 3054 2586 3110 delendos
2627 3054 2790 3123 plane
2823 3059 3095 3123 quotquot
3152 3048 3208 3104 in
3263 3047 3397 3103 orbe
3450 3053 3562 3102 ter-

296 3142 477 3213 τιμίου
509 3144 744 3217 σταυροῦ
771 3146 1058 3199 πεσεῖσθαι
1097 3148 1197 3217 μὲν
1222 3147 1302 3211 εἰς
1326 3148 1389 3201 τὸ
1426 3148 1689 3213 παντελὲς
1719 3151 1752 3220 ή
1782 3151 1877 3204 τοῦ

293 3232 540 3287 διαϐόλου
583 3236 859 3306 τυραννὶς,
902 3235 1292 3307 καταργεῖσθαι
1325 3236 1384 3291 δὲ
1410 3236 1659 3301 θάνατος,
1694 3241 1789 3292 καὶ
1819 3238 1881 3292 τὸ

292 3327 396 3398 τῆς
425 3325 633 3399 φθορᾶς
670 3326 1030 3397 ἀφανίζεσθαι
1078 3328 1299 3399 κράτος,
1330 3328 1665 3385 ἀπολύεσθαί
1691 3348 1750 3384 τε
1782 3331 1880 3401 τῆς

291 3420 529 3492 ἀρχαίας
559 3419 775 3492 ἐκείνης
797 3422 937 3492 ἀρᾶς
961 3421 1021 3474 τὸ
1054 3420 1392 3493 ἀνθρώπινον
1417 3422 1593 3490 γένος,
1621 3423 1882 3494 ἀργήσειν

291 3515 669 3588 προσεδοκᾶτο
722 3513 909 3566 λοιπον
945 3515 1010 3567 ἐκ
1054 3512 1468 3584 φιλανθρωπίας
1518 3514 1614 3568 καὶ
1661 3515 1884 3584 χάριτος

288 3606 394 3661 τοῦ
429 3605 686 3676 Σωτῆρος
716 3603 875 3675 ήμῶν
897 3603 1135 3674 Χριστοῦ
1160 3607 1222 3658 τό
1244 3622 1258 3636 ο
1292 3623 1310 3656 ι
1339 3605 1416 3676 Γῆ
1447 3601 1517 3670 εί,
1540 3607 1636 3659 καὶ
1667 3609 1748 3671 είς
1781 3608 1884 3676 γῆν

290 3695 603 3768 ἀπελεύσῃ.
634 3713 652 3747 ι
690 3694 956 3765 Ἐμελλεν
987 3694 1190 3765 ἀνομία
1234 3697 1416 3758 πᾶσα.
1474 3698 1615 3752 κατά
1647 3697 1745 3770 τὴν
1789 3699 1885 3753 τοῦ

293 3785 595 3857 Προφήτου
629 3782 832 3854 φωνὴν,
859 3783 1159 3852 ἐμφράξειν
1185 3784 1360 3855 στόμα
1388 3785 1576 3856 αὐτῆς.
1619 3789 1713 3842 καὶ
1754 3805 1885 3843 κατ-

291 3879 531 3948 ηγορεῖν
550 3875 648 3947 μὲν
676 3875 860 3929 οὐκέτι
885 3873 994 3929 τῶν
1020 3876 1110 3929 ὑπ’
1140 3876 1311 3948 αὐτὴν
1337 3879 1656 3946 γεγονότων,
1688 3880 1886 3948 ἀφανί-

292 3966 499 4035 ζεσθαι
531 3966 588 4021 δὲ
620 3964 901 4030 παντελῶς
929 3964 1151 4035 ἔμελλον
1189 3966 1240 4019 oi
1269 3966 1412 4022 κατά
1450 3968 1629 4023 πᾶσαν
1672 3968 1772 4042 τὴν
1806 3972 1885 4025 oi-

289 4059 579 4132 κουμένην
608 4058 701 4113 τὸν
739 4057 957 4130 ἀληθῶς
984 4057 1144 4128 φύσει
1190 4058 1286 4113 καὶ
1333 4059 1496 4130 μόνον
1534 4059 1635 4115 οὐκ
1681 4061 1886 4127 εἰδότες

285 4152 461 4220 Θεὸν,
511 4151 563 4206 οἳ
595 4154 662 4222 τῇ
692 4152 772 4214 είς
801 4149 1036 4222 Χριστὸν
1081 4149 1453 4204 δεδικαίωνται
1501 4151 1704 4217 πίστει,
1739 4153 1886 4208 ἀνοι-

284 4245 601 4319 κθήσεσθαι
660 4243 847 4298 λοιπὸν
897 4244 931 4315 ή
987 4242 1083 4297 τοῦ
1139 4242 1469 4316 παραδείσου
1519 4244 1887 4315 προσεδοκᾶτο

284 4340 471 4411 πύλη.
510 4338 742 4409 Ἔμελλε
785 4339 900 4401 τοῖς
929 4337 1188 4392 ἀνωτάτω
1213 4336 1283 4391 τὰ
1312 4336 1465 4392 κάτω
1492 4337 1881 4406 συνάπτεσθαι,

1984 3160 2170 3201 rarum
2229 3146 2400 3202 Deum
2451 3160 2667 3212 verum,
2696 3143 3027 3208 naturalem,
3064 3153 3118 3197 et
3169 3140 3395 3195 unicum
3448 3152 3561 3193 non

1984 3246 2206 3304 norant,
2238 3244 2515 3308 quotquot
2548 3251 2680 3292 vero
2717 3236 2824 3291 ﬁde
2853 3235 2907 3289 in
2942 3233 3224 3291 Christum
3268 3228 3561 3301 justiilcati

1983 3337 2136 3396 sunt,
2168 3329 2236 3384 iis
2284 3329 2528 3400 paradisi
2581 3329 2810 3400 januam
2865 3325 3239 3396 aperiendam.
3274 3321 3564 3393 Supremis

1983 3422 2245 3477 inferiora
2269 3421 2386 3478 haec
2416 3420 2830 3493 conjungeuda.
2862 3427 2917 3476 et
2946 3425 3199 3490 apertum
3236 3414 3458 3487 quidem
3492 3415 3562 3470 iri

1982 3515 2212 3580 caelum,
2240 3514 2398 3585 juxta
2433 3513 2747 3570 Servatoris
2778 3528 2996 3576 vocem,
3027 3518 3344 3567 sanctorum
3376 3518 3561 3564 autem

1985 3607 2304 3678 angelorum
2339 3605 2567 3662 ordines
2608 3619 2942 3661 ascensuros
2968 3618 3035 3658 ac
3060 3603 3436 3659 descensuros
3474 3616 3566 3656 su-

1985 3716 2082 3772 pra
2106 3698 2303 3756 Filium
2328 3698 2570 3754 hominis
2602 3700 2672 3754 ’δι
2701 3697 2839 3753 Cum
2873 3704 2953 3753 tot
2983 3697 3159 3768 igitur
3189 3696 3332 3751 bona
3363 3708 3561 3765 exspe-

1985 3801 2293 3860 ctarentur,
2328 3808 2396 3847 ac
2437 3777 2545 3847 tam
2576 3791 2728 3846 clara
2779 3805 2908 3861 spes
2945 3789 3108 3845 nobis
3140 3804 3236 3859 per
3264 3788 3564 3844 saiutaretn

1987 3898 2210 3940 crucem
2265 3899 2464 3940 rursus
2493 3882 2849 3947 excitaretur,
2883 3880 3162 3952 quomodo
3196 3894 3424 3935 necesse
3454 3894 3563 3934 non

1986 3984 2105 4033 erat
2134 3985 2195 4031 ut
2220 3977 2314 4047 qui
2347 3986 2596 4032 nostram
2629 3976 2863 4030 salutem
2896 3981 3183 4044 tantopere
3216 3970 3567 4042 optabat,at-

1986 4085 2094 4142 que
2113 4084 2236 4124 eam
2254 4070 2326 4125 ob
2349 4085 2460 4125 rem
2493 4068 2672 4124 factus
2699 4075 2818 4124 erat
2841 4067 3010 4121 homo
3032 4064 3193 4122 sicuti
3217 4079 3338 4129 nos,
3360 4063 3568 4133 absque

1987 4168 2237 4233 peccato.
2269 4161 2679 4231 optatissimum
2730 4159 2837 4213 hoc
2869 4168 3084 4228 tempus
3125 4154 3314 4211 videre
3371 4170 3567 4224 percu-

1987 4254 2178 4326 peret?
2216 4253 2323 4321 Qui
2365 4269 2500 4309 vero
2556 4268 2787 4309 necesse
2838 4267 2948 4307 non
3000 4257 3123 4306 erat
3174 4256 3237 4304 ut
3288 4248 3383 4319 qui
3438 4247 3568 4301 mali

1991 4343 2131 4399 nihil
2161 4350 2417 4407 noverat,
2459 4341 2748 4397 diabolica:
2794 4341 3057 4410 nequitiae
3087 4338 3405 4393 molitiones
3435 4351 3568 4391 con-

284 4436 395 4488 καὶ
423 4430 737 4501 ἀνοίγεσθαι
779 4431 877 4502 μὲν
911 4429 1197 4501 οὐρανοὺς,
1223 4429 1364 4484 κατά
1390 4428 1489 4500 τὴν
1512 4427 1608 4483 τοῦ
1639 4430 1880 4502 Σωτῆρος

1994 4445 2283 4499 temneret,
2306 4443 2360 4489 et
2383 4435 2450 4489 ad
2478 4444 2589 4489 tam
2623 4435 2787 4489 clam
2811 4431 3132 4488 festivitatis
3160 4431 3567 4502 optatissimum

286 4525 497 4598 φωνήν
518 4542 533 4557 ’
575 4523 644 4578 τὰ
670 4524 727 4578 δὲ
751 4523 861 4578 τῶν
894 4522 1067 4591 ἁγίων
1096 4522 1345 4591 ἀγγέλων
1369 4522 1630 4591 τάγματα
1662 4523 1888 4577 ἀναϐαί-

284 4635 436 4683 νειν,
490 4617 584 4670 καὶ
622 4616 971 4672 καταϐαίνειν
1009 4619 1101 4673 ἐπὶ
1130 4619 1225 4674 τὸν
1264 4620 1396 4674 Υίδν
1435 4621 1531 4675 τοῦ
1574 4621 1885 4695 ἀνθρώπου.

284 4705 440 4764 Eli-:1
488 4705 779 4772 τοσούτων,
829 4707 954 4761 είπέ
1001 4726 1111 4779 μοι,
1147 4709 1615 4781 προσδοκωμένων
1644 4712 1887 4780 ἀγαθῶν,

280 4803 389 4858 καὶ
424 4801 694 4872 λαμπρᾶς
723 4799 895 4864 οὕτως
929 4800 1143 4864 ἐλπίδος
1187 4802 1616 4873 ἀνατικτομένης
1645 4805 1781 4875 ἡμῖν
1804 4803 1892 4858 διὰ

278 4893 389 4948 τοῦ
418 4891 696 4963 σωτηρίου
724 4891 960 4964 σταυροῦ
985 4908 999 4920 ·
1031 4891 1150 4957 πῶς
1182 4892 1282 4947 οὐκ
1308 4890 1413 4946 ἔδει
1441 4894 1534 4946 τὸν
1565 4894 1664 4966 τὴν
1693 4894 1893 4966 ἡμετὲ-

284 5004 401 5059 ραν
449 4983 758 5055 διψήσαντα
811 4986 1106 5056 σωτηρίαν,
1157 4986 1246 5041 διά
1292 5003 1352 5039 τε
1385 4985 1545 5041 τοῦτο
1587 4987 1710 5042 καθ’
1745 4990 1891 5061 ἡμᾶς

278 5075 570 5149 γεγονότα
595 5075 763 5146 χωρὶς
788 5075 1084 5147 ἁμαρτίας,
1115 5075 1205 5129 τὸν
1225 5073 1370 5129 οὕτω
1395 5074 1720 5146 τριπόθητον
1745 5077 1896 5130 ἐπεί-

277 5171 503 5245 γεσθαι
548 5168 768 5238 βλέπειν
816 5168 916 5238 ἤδη
973 5168 1214 5239 παρόντα
1258 5165 1483 5237 καιρόν;
1536 5166 1662 5231 Πῶς
1696 5167 1754 5221 δὲ
1795 5170 1896 5224 οὐκ

278 5261 477 5334 ἐχρῆν
528 5258 622 5312 τὸν
670 5258 823 5311 οὐδὲν
884 5258 1062 5312 εἰδότα
1121 5258 1291 5312 κακὸν
1339 5259 1751 5328 καταφρονῆσαι
1796 5260 1896 5329 μὲν

277 5355 406 5410 τῶν
446 5352 518 5403 ἐκ
550 5348 861 5419 διαϐολικῆς
895 5349 1232 5419 κακουργίας
1270 5347 1710 5417 ἐσκευασμένων,
1744 5349 1898 5403 ἐπεί-

1992 4541 2210 4601 tempus
2263 4529 2620 4600 properaret?
2666 4525 2950 4595 lgnoranti
3004 4538 3137 4595 ergo
3191 4523 3411 4578 Satanae
3465 4520 3569 4576 sibi

1995 4623 2199 4678 bellum
2270 4621 2472 4691 parari,
2529 4618 2910 4687 nescientique
2978 4631 3211 4686 prorsus
3262 4616 3571 4687 patibulum

1992 4714 2175 4771 crucis
2199 4711 2463 4768 struendo
2489 4711 2625 4765 dare
2648 4710 2890 4779 seipsum
2928 4708 3286 4778 praecipitem,
3311 4705 3574 4763 Servator

1992 4807 2174 4860 aiebat
2213 4830 2224 4859 .-
2268 4820 2286 4854 ι
2322 4801 2480 4869 Quod
2532 4801 2691 4866 facis,
2731 4798 2817 4854 fac
2864 4799 3055 4855 citius.
3094 4817 3119 4851 ι
3162 4798 3575 4853 lnterminantis

1994 4897 2139 4952 enim
2196 4893 2383 4964 potius
2418 4908 2582 4963 quam
2635 4890 2982 4946 adhortantis
3025 4897 3111 4945 est
3155 4890 3349 4944 oratio.
3377 4888 3575 4955 Quem-

1997 4984 2292 5041 admodum
2356 4985 2534 5051 enim,
2558 4984 2603 5038 si
2671 4984 2795 5053 quis
2849 4981 3071 5052 juvenis
3114 4980 3313 5052 insigni
3379 4980 3577 5034 robore

1996 5078 2259 5149 pmditus
2308 5078 2611 5132 irruentem
2656 5089 2856 5146 magno
2906 5074 3115 5145 impetu
3167 5071 3461 5144 quemdam
3497 5071 3580 5126 vi-

1998 5171 2165 5231 derit.
2206 5179 2261 5226 et
2307 5179 2468 5224 acuta
2512 5167 2693 5223 securi
2734 5168 2942 5223 dextrze
2972 5171 3181 5234 aptata,
3214 5176 3425 5233 gnarus
3457 5176 3487 5215 a
3518 5176 3580 5219 se

2000 5263 2347 5318 interfectum
2366 5261 2431 5314 iri
2449 5257 2852 5323 adversarium,
2870 5254 3163 5320 exclamet,
3189 5272 3209 5305 ι
3241 5250 3398 5318 Quod
3416 5251 3576 5316 facis,

2000 5351 2086 5406 fac
2137 5352 2320 5416 citius,
2361 5369 2379 5402 ι
2418 5349 2709 5420 experiere
2740 5347 2885 5403 enim
2925 5344 3134 5400 dextra:
3183 5358 3320 5399 mea:
3368 5345 3575 5408 roburr.

275 5443 507 5519 γεσθαι
559 5441 617 5493 δέ
654 5441 853 5512 μᾶλλον
897 5440 1071 5494 ἐλθεῖν
1115 5442 1195 5502 είς
1233 5440 1325 5494 τὸν
1352 5438 1679 5511 τριπόθητον
1707 5441 1880 5512 καιρὸ·

2003 5460 2164 5499 nemo
2199 5453 2347 5499 certe
2375 5443 2577 5498 dixerit
2606 5455 2796 5496 vocem
2825 5438 2968 5493 hanc
2995 5450 3121 5491 esse
3151 5436 3288 5492 mori
3316 5435 3576 5499 volentis,

277 5542 390 5612 τῆς
423 5533 582 5590 οὕτω
611 5533 869 5608 λαμπρᾶς
896 5535 1126 5606 top-rm;
1168 5534 1283 5587 Οὐκ
1321 5533 1484 5587 εἰδότι
1511 5533 1798 5605 τοιγαροῦν
1820 5534 1880 5604 re}

2004 5535 2098 5591 sed
2134 5535 2474 5604 praeseientis
2527 5533 2708 5603 potius
2746 5531 2815 5587 de
2847 5523 3165 5586 adversaria
3189 5526 3479 5585 victoriam
3519 5541 3582 5581 ιιι

360 5727 415 5758 ”
459 5719 606 5777 Gen.
649 5733 749 5776 tu.
784 5716 871 5773 i9.
951 5716 997 5749 ”
1038 5715 1187 5773 Psal.
1221 5733 1343 5782 ενι,
1375 5717 1461 5773 42.
1540 5716 1587 5748 ⁹¹⁶
1625 5713 1780 5770 .l-onn.
1821 5730 1873 5777 ι,
1906 5709 1998 5766 Sd.
