4106 6262
595 293 691 347 N7

1591 291 1646 348 S.
1683 291 1968 350 CYRILLI
2006 296 2479 353 ALEXANDRINI
2511 294 2832 352 ARCHIEP.

3755 293 3853 350 HS

592 413 1002 476 reportaturum
1038 425 1050 460 :
1084 406 1158 462 ita
1198 407 1464 464 Dominus
1495 418 1684 464 uoster
1713 409 1874 466 Jesus
1903 412 2160 466 Christus

2268 413 2503 484 Σατανᾷ,
2558 412 2640 465 ὅτι
2668 413 2764 481 τῆς
2811 408 3006 464 ἑαυτοῦ
3047 406 3547 476 καταστρατεύεται
3590 405 3858 477 κεφαλῆς,

593 495 927 550 contendere
961 512 1128 552 cursu
1159 496 1564 567 quodammodo
1608 497 1767 567 jubet
1801 499 2061 556 Satanam
2095 501 2163 555 ad

595 587 866 644 nefarium
922 604 1082 644 suum
1141 587 1377 643 facinus.
1409 587 1530 643 Jam
1563 591 1710 646 enim
1761 592 1961 647 elliciet
2000 603 2060 646 ut
2087 595 2164 647 vi-

593 681 790 736 deatur
835 682 888 736 in
945 697 1190 752 praeceps
1233 681 1398 737 datus
1457 683 1742 738 hominum
1801 686 2068 756 perditor,
2111 695 2168 742 et

592 772 746 828 orbis
774 782 1038 826 terrarqu
1071 774 1286 843 tyranni
1317 775 1468 830 illius
1499 790 1563 828 ac
1587 775 1814 832 victoris
1842 778 2166 847 impotentia

595 865 879 930 liberetur,
910 881 1071 933 quem
1117 865 1310 920 fraude
1353 883 1455 921 sua
1480 869 1779 937 oppressit,
1802 879 1861 924 ut
1891 879 1944 924 et
1971 886 2003 924 a
2034 886 2165 927 vera

592 957 646 1010 iu
686 955 853 1011 Deum
911 956 1017 1012 lide
1055 969 1331 1013 avocaret.
1367 961 1624 1031 Ignorant
1659 951 1848 1032 'porro
1906 963 2163 1032 discipuli

592 1050 695 1102 vim
727 1051 1022 1105 sermonis.
1052 1066 1163 1105 non
1197 1053 1316 1106 sine
1346 1053 1546 1116 dii-ina,
1580 1060 1638 1107 ut
1665 1054 1902 1122 videtur,
1940 1057 2165 1113 ordina-

590 1141 738 1194 Iione
787 1139 1010 1196 Christo
1067 1141 1210 1196 hanc
1258 1143 1373 1198 illis
1427 1157 1536 1198 non
1602 1145 2068 1200 revelanteznam
2113 1156 2169 1202 et

590 1231 717 1286 alibi
753 1242 1185 1302 praemonstrare
1222 1234 1438 1290 videtur
1469 1251 1528 1292 se
1555 1237 1821 1292 traditum
1853 1239 1922 1292 iri
1959 1239 2015 1293 in
2050 1255 2168 1293 ma-

592 1338 695 1378 nus
731 1334 1106 1392 peccatorum,
1128 1334 1182 1379 et
1207 1327 1639 1397 cruciﬁgendum
1677 1343 1760 1390 se,
1795 1335 1960 1396 atque
1990 1329 2168 1384 inter-

593 1414 910 1480 ﬁciendum,
941 1417 1140 1488 dieque
1179 1419 1825 1484 tertiaresurrecturum
1855 1420 1938 1484 ";
1975 1434 2167 1474 verum

594 1508 920 1578 praecipiens
950 1510 1060 1566 illis
1111 1512 1188 1566 uti
1245 1514 1449 1567 nemini
1486 1527 1715 1582 prorsus
1753 1511 1868 1566 haec
1899 1511 2164 1566 dicereut.

591 1598 752 1673 742
784 1601 1098 1674 Principcm
1129 1606 1329 1674 quippe
1355 1603 1538 1658 saeculi
1591 1602 1755 1671 hujus
1803 1603 1981 1657 celare
2011 1591 2166 1657 suam

591 1704 844 1750 naturam
886 1697 988 1751 sibi
1043 1706 1427 1767 proposuerat,
1454 1705 1511 1750 ut
1548 1704 1602 1750 et
1633 1695 1853 1751 veniens
1882 1695 2164 1766 cruciﬁge—

2267 505 2597 576 άγνοήσαντί
2644 521 2706 557 τε
2755 502 3056 566 παντελῶς,
3091 503 3174 556 ὄτι
3205 499 3350 554 κατὰ
3377 496 3626 570 κρημνοῦ
3650 497 3858 568 τρέχει,

2267 599 2359 652 τὸν
2397 597 2492 650 ἐπὶ
2526 597 2618 650 τοῦ
2665 594 2900 664 σταυροῦ
2937 594 3204 667 διαπήξας
3247 593 3510 658 θάνατον,
3564 591 3801 660 ἔφασκεν
3829 593 3860 645 6

2269 689 2459 760 Σωτήρ
2487 707 2501 720 ·
2544 707 2562 740 ι
2591 690 2656 741 Ὃ
2685 692 2880 752 ποιεῖς,
2923 688 3150 758 ποίησον
3177 686 3386 755 τάχιον.
3418 703 3438 736 ›
3481 683 3860 747 ’Δπειλοῦντος

2267 783 2378 853 γὰρ
2409 781 2607 850 μᾶλλον
2634 781 2668 850 ἢ
2717 780 3118 850 προτρέποντος
3159 780 3188 831 6
3236 777 3396 845 λόγος
3441 775 3610 828 ἐστίν.
3646 775 3862 845 Ὠσπερ

2268 873 2377 944 γὰρ
2418 873 2635 935 νεανίας
2681 873 2788 942 πρὸ
2827 871 2986 944 ἥϐης,
3038 871 3134 925 καὶ
3171 871 3356 933 καλὸς,
3397 868 3494 922 καὶ
3536 867 3860 938 σφριγῶσαν

2268 966 2407 1036 ἔχων
2453 966 2511 1017 ἐν
2555 963 2633 1034 τῷ
2685 964 2897 1033 σώματι
2941 963 3190 1032 δύναμιν,
3237 961 3383 1031 όρῶν
3429 959 3527 1029 μὲν
3558 959 3644 1025 ἐφ’
3677 957 3859 1026 ἐαυτῷ

2267 1056 2524 1128 δρομαῖον
2553 1055 2700 1108 ἰόντα
2722 1053 2861 1116 τινά,
2889 1053 3002 1118 ὀξεῖ
3027 1053 3083 1106 δὲ
3117 1051 3337 1106 πελέκει
3364 1051 3463 1119 τήν
3489 1047 3669 1113 δεξιάν
3699 1049 3833 1116 ἐναρ

2272 1147 2463 1217 μόσας,
2515 1146 2608 1199 καὶ
2686 1143 2842 1208 εἰδὼς
2903 1145 2985 1198 ὅτι
3042 1143 3352 1213 τεθνήξεται
3404 1142 3620 1202 πάντως
3666 1138 3856 1204 ἐλθὼν,

2269 1238 2670 1308 ἀναφθέγγοιτο
2713 1237 2894 1307 τυχὸν,
2950 1239 3018 1290 Ὃ
3049 1238 3248 1299 ποιεῖς,
3291 1239 3433 1288 ποίει
3462 1233 3648 1302 τάχιον
3676 1249 3691 1263 ·
3739 1231 3860 1300 ὄψει

2269 1331 2380 1401 γάρ
2407 1331 2508 1399 τῆς
2559 1331 2700 1398 ἐμῆς
2731 1329 2912 1394 δεξιᾶς
2939 1328 3038 1400 τὴν
3073 1329 3306 1398 δύναμιν
3331 1344 3344 1357 ·
3396 1328 3491 1380 καὶ
3524 1326 3586 1378 ού
3635 1324 3699 1394 δή
3756 1341 3858 1376 που

2267 1422 2525 1476 τεθνᾶναι
2557 1422 2949 1486 σπουδάζοντος
2991 1421 3107 1491 ἐρεῖ
3133 1437 3217 1482 τις
3242 1419 3304 1471 τὺ
3336 1419 3508 1488 ῥῆμα,
3549 1416 3862 1486 προειδότος

2269 1514 2326 1568 δέ
2363 1514 2564 1584 μᾶλλον
2609 1515 2691 1567 ὅτι
2739 1515 2975 1586 νικήσει,
3025 1513 3120 1566 καὶ
3169 1512 3456 1583 περιέσται
3509 1509 3603 1562 τοῦ
3653 1508 3861 1561 κακοῦν

2269 1595 2546 1669 ἐθέλοντος
2595 1605 2796 1659 αὐτόν’
2842 1605 3014 1669 οὕτως
3067 1607 3096 1658 ό
3137 1604 3340 1674 Κύριος
3396 1602 3554 1673 ήμῶν
3592 1601 3802 1671 Ἰησοῦς
3831 1602 3860 1653 6

2271 1697 2534 1768 Χριστὸς,
2589 1695 2829 1768 ὀξυτέρῳ
2871 1695 3074 1768 τρόπον
3120 1695 3242 1749 τίνά
3295 1694 3598 1765 κεχρῆσθαι
3646 1692 3860 1746 κελεύει

592 1799 766 1852 retur,
816 1797 869 1842 et
926 1790 978 1843 iu
1025 1805 1244 1845 crucem
1306 1798 1464 1843 actus
1503 1797 1735 1844 mortem
1783 1795 2075 1852 everteret,
2113 1799 2160 1842 el

2267 1787 2453 1858 δρόμῳ
2497 1786 2589 1839 τὸν
2640 1787 2884 1840 Σατανᾶν
2931 1787 3012 1849 εἰς
3065 1784 3135 1838 τὰ
3181 1787 3269 1837 ἐπ’
3315 1784 3465 1853 αὑτῷ
3511 1784 3857 1853 τολμήματα.

589 1879 944 1936 credentibus
997 1883 1052 1936 in
1108 1897 1232 1936 cum
1286 1883 1519 1936 salutem
1582 1881 1887 1949 perliceret.
1917 1880 2160 1934 Occultal

2267 1879 2441 1946 Δείξει
2489 1880 2597 1948 γὰρ
2640 1879 2742 1949 ἢδη
2803 1879 3039 1931 πεσόντα
3089 1876 3354 1944 γελᾶσθαι
3412 1875 3502 1928 τὸν
3556 1873 3856 1944 ἀλιτήριον,

591 1971 761 2039 igitur
791 1972 1056 2043 singulari
1088 1990 1150 2026 ac
1189 1974 1379 2028 divino
1409 1975 1642 2028 consilio
1676 1974 1942 2042 pleraque
1978 1988 2160 2027 eorum

2265 1972 2557 2042 ἐλευθέραν
2590 1989 2649 2023 τε
2685 1971 2786 2041 τὴν
2812 1967 3136 2038 οἰκουμένην
3171 1968 3297 2020 ἰδεῖν
3325 1967 3419 2019 τοῦ
3450 1965 3621 2019 πάλαι
3652 1965 3858 2034 κρατή-

587 2077 710 2128 qua:
736 2063 1014 2119 dicuntur.
1047 2064 1269 2120 Sciebat
1321 2066 1492 2128 enim,
1529 2073 1584 2118 ut
1620 2064 1784 2129 Deus,
1824 2080 2160 2134 quaecunque

2267 2081 2459 2126 σαντος
2483 2064 2546 2116 ὲκ
2578 2062 2890 2126 πλεονεξίας
2921 2061 3015 2114 καὶ
3037 2059 3405 2129 νενικηκότος,
3431 2059 3506 2120 ὡς
3527 2057 3586 2121 ἐξ
3615 2057 3856 2125 ἀπάτης,

587 2155 984 2212 conducerent.

2263 2155 2336 2218 ὡς
2363 2156 2457 2208 καὶ
2500 2157 2598 2221 τῆς
2644 2155 2722 2216 εἰς
2755 2152 2888 2206 Θεὸν
2921 2151 3231 2221 ἀποστῆσαι
3263 2151 3520 2213 πίστεως.
3562 2146 3848 2216 Ἀγνοοῦσί

583 2261 649 2311 γε
694 2247 802 2318 μὴν
834 2251 883 2302 οἰ
958 2249 1198 2322 μαθηταὶ
1267 2253 1363 2304 τοῦ
1411 2253 1570 2321 λόγου
1615 2251 1716 2321 τὴν
1791 2251 2042 2320 δύναμιν,
2088 2248 2480 2319 οἰκονομικῶς,
2531 2247 2606 2310 ῶς
2656 2247 2825 2308 εἰκὸς,
2871 2246 2972 2299 οὐκ
3023 2243 3470 2313 ἀποκαλύψαντος
3527 2243 3712 2306 αὐτοῖς
3763 2241 3858 2294 τοῦ

584 2338 842 2406 Χριστοῦ,
879 2342 1000 2395 ἐπεὶ
1033 2345 1124 2396 καὶ
1159 2345 1216 2396 ἐν
1251 2345 1459 2412 ἑτέροις
1491 2345 1740 2414 φαίνεται
1790 2343 2161 2414 προδιδάσκων
2202 2341 2320 2412 μὲν,
2354 2341 2436 2393 ὅτι
2483 2339 2922 2410 παραδοθήσεται
2968 2339 3046 2401 εἰς
3112 2341 3299 2416 χεῖρας
3333 2335 3698 2410 ἁμαρτωλῶν,
3760 2333 3860 2388 καὶ

585 2429 667 2481 ὅτι
696 2435 1164 2504 σταυρωθήσεται,
1188 2436 1280 2488 καὶ
1301 2435 1793 2505 άποκτανθήσεται,
1816 2437 1910 2487 καὶ
1935 2434 2293 2504 ἀναστήσεται
2326 2434 2389 2502 τῇ
2417 2431 2602 2501 ἡμέρᾳ
2629 2432 2691 2501 τῇ
2756 2430 2914 2500 τρίτῃ
2942 2446 2954 2459 ·
3025 2428 3489 2499 παρεγγυώμενος
3524 2427 3581 2480 δὲ
3652 2425 3848 2496 μηδενὶ

584 2523 650 2574 τὸ
683 2527 944 2594 παράπαν
971 2526 1196 2581 τοιαῦτα
1227 2528 1426 2582 λαλεῖν.
1465 2529 1672 2591 Σκοπὸς
1709 2529 1816 2597 γὰρ
1841 2523 1910 2597 ἦν
1981 2525 2126 2594 αὐτῷ
2191 2522 2373 2576 λαθεῖν
2411 2523 2500 2574 τὸν
2547 2521 2783 2591 ἄρχοντα
2835 2519 2930 2572 τοῦ
2977 2519 3172 2582 αἰῶνος
3217 2519 3409 2572 τούτου
3435 2560 3449 2582 ,
3503 2519 3588 2580 τίς
3636 2515 3860 2586 ἀληθῶς

587 2612 729 2684 κατᾲ
782 2615 944 2684 φύσιν
993 2617 1162 2682 ἐστὶν,
1213 2616 1300 2669 ἵνα
1351 2615 1446 2668 καλ⁸
1495 2607 1664 2668 ἐλθὼν
1718 2615 2027 2685 σταυρωθῇ,
2073 2613 2168 2665 καὶ
2208 2610 2543 2680 παυρωθεὶς
2605 2611 2768 2680 ἀνέλῃ
2812 2609 2904 2662 τὸν
2951 2609 3200 2672 θάνατον,
3250 2609 3345 2661 καὶ
3385 2612 3499 2672 τοῖς
3543 2610 3624 2671 εἰς
3693 2609 3862 2662 αὑτὸν

586 2708 901 2762 πιστεύουσι
952 2707 1278 2780 κατορθώσῃ
1322 2707 1420 2778 τὴν
1467 2707 1761 2778 σωτηρίαν.
1794 2706 2185 2778 Κατακρύπτει
2225 2701 2511 2774 τοιγαροῦν
2574 2703 2928 2774 οἰκονομικῶς
2965 2703 3034 2756 τά
3079 2701 3308 2756 πλεῖστα
3354 2703 3462 2756 τῶν
3522 2703 3860 2774 λεγομένων.

588 2805 772 2858 Πάντα
809 2803 917 2872 γὰρ
949 2797 1107 2863 οἶδεν,
1137 2801 1212 2863 ὡς
1245 2800 1396 2862 Θεὸς,
1425 2801 1496 2853 τὰ
1523 2801 1893 2872 συμφέροντα.

655 2894 799 2956 XIII,
825 2894 918 2951 29.
947 2893 1174 2959 Quidam
1196 2895 1334 2948 enim
1372 2893 1650 2961 putabant,
1680 2896 1803 2963 quia
1838 2894 2037 2948 loculos
2074 2893 2169 2946 Ita-

588 2986 761 3044 bebat.
802 2983 940 3054 quod
989 2983 1212 3037 dixisset
1259 2985 1305 3037 ei
1343 2983 1499 3038 Jesus
1533 3000 1550 3036 :
1589 2982 1716 3037 Eme
1765 2999 1827 3037 ea
1867 2999 1984 3054 qua:
2033 2999 2160 3051 opus

586 3090 709 3133 sunt
742 3079 890 3132 nobis
943 3079 1012 3132 ad
1057 3077 1194 3131 diem
1232 3077 1425 3146 festum
1462 3094 1480 3131 :
1508 3086 1600 3131 aut
1636 3082 1810 3147 egenis
1859 3087 1913 3130 ut
1955 3076 2160 3146 aliquid

585 3171 761 3223 daret.

2344 2888 2506 2953 Τινὲς
2538 2886 2607 2940 δὲ
2636 2887 2911 2949 ἐδόκουν,
2945 2887 3076 2942 ἐπεί
3112 2891 3180 2944 τὸ
3215 2891 3660 2958 γλωσσόκομον
3690 2886 3862 2958 εἶχεν

2270 2982 2302 3031 ό
2349 2979 2596 3045 Ἰούδας,
2620 2979 2706 3031 ὅτι
2735 2975 2903 3031 εἶπεν
2926 2979 3088 3044 αὐτῷ
3118 2983 3150 3034 d
3192 2979 3432 3046 Ἰησοῦς
3455 2996 3467 3008 ο
3523 2978 3860 3046 Ἀγόρασον

2266 3063 2355 3124 ὧν
2378 3072 2587 3140 χρείαν
2615 3069 2837 3138 ἔχομεν
2880 3073 2967 3138 είς
3017 3071 3134 3140 τὴν
3165 3072 3384 3140 ἑορτὴν
3404 3114 3417 3136 ,
3454 3072 3491 3140 ἢ
3532 3075 3659 3140 τοῖς
3690 3091 3850 3127 xtu-

2271 3164 2403 3234 χοῖς
2436 3165 2535 3217 ἵνα
2563 3181 2617 3217 τι
2648 3163 2751 3228 δῷ.

654 3258 790 3315 Cum
824 3275 930 3314 non
967 3260 1336 3332 intelligerent
1368 3260 1630 3331 discipuli
1661 3261 1792 3330 quid
1823 3259 1928 3314 sibi
1960 3261 2160 3313 vellent

2338 3257 2414 3308 Οὐ
2455 3257 2729 3319 συνιέντες
2762 3258 2810 3308 οἰ
2858 3255 3097 3328 μαθηταὶ
3144 3256 3238 3310 τοῦ
3273 3257 3433 3325 λόγου
3470 3258 3570 3328 τὴν
3599 3260 3854 3329 δύναμιν,

584 3351 750 3405 verba
796 3349 1134 3416 Servatoris,
1159 3351 1226 3405 ad
1266 3351 1564 3405 familiares
1597 3357 1651 3403 et
1681 3351 1930 3420 vulgatas
1977 3351 2160 3417 suspi-

584 3445 774 3499 ciones
821 3452 1109 3499 vertuntur
1143 3444 1312 3511 illico,
1341 3451 1396 3498 et
1435 3459 1560 3514 quae
1596 3443 1856 3496 Servator
1897 3443 2164 3509 imperare

584 3537 818 3600 solebat,
850 3537 964 3592 haec
1011 3553 1208 3594 rursus
1240 3553 1364 3593 eum
1402 3536 1648 3590 indicare
1679 3535 2024 3589 existimant.
2067 3531 2163 3586 Die

582 3642 820 3696 namque
863 3627 1004 3682 festo
1040 3627 1362 3682 imminente
1397 3624 1751 3680 crediderunt
1779 3622 1829 3676 ei
1870 3620 1965 3690 qui
2011 3634 2162 3672 mar-

585 3719 800 3789 supium
853 3719 1094 3775 habebat
1146 3718 1463 3774 mandatum
1508 3725 1570 3770 ut
1625 3714 1875 3770 nonnihil
1927 3718 2158 3776 emeret,

585 3811 731 3878 quod
759 3811 826 3863 ad
859 3809 1056 3865 festum
1083 3819 1232 3866 esset
1262 3809 1520 3865 idoneum
1556 3826 1567 3859 :
1600 3817 1695 3860 aut
1727 3815 1896 3870 certe,
1929 3804 2075 3874 quod
2110 3803 2159 3857 ei

585 3913 797 3969 magna:
842 3899 1113 3968 imprimis
1140 3914 1288 3956 cura:
1321 3907 1462 3961 erat,
1505 3899 1832 3966 imperatum
1877 3905 1934 3948 ut
1972 3895 2161 3964 egenis

586 4004 654 4043 ex
689 3987 889 4042 oblatis
928 3989 1093 4044 rebus
1135 4004 1237 4058 pro
1281 4003 1469 4043 earum
1502 3987 1950 4042 subministraret
1998 3986 2162 4038 modo

586 4079 924 4135 necessaria.
955 4080 1141 4134 Bonus
1167 4079 1312 4135 enim
1342 4094 1406 4133 ac
1435 4077 1756 4134 misericors
1788 4076 2075 4138 Dominus,
2105 4084 2162 4129 ut

589 4172 861 4242 scriptum
890 4180 974 4227 est
1009 4172 1075 4225 ".
1104 4169 1439 4226 Praeclarum
1477 4183 1608 4224 vero
1633 4169 1795 4224 nobis
1826 4169 1990 4222 etiam
2024 4168 2160 4238 ipsis

583 4265 897 4335 exemplum
938 4263 1068 4318 hinc
1123 4263 1466 4333 praponitur.
1504 4259 1773 4330 Oportere
1825 4259 2027 4330 quippe
2073 4276 2162 4314 ar-

587 4355 761 4408 hitror
798 4363 858 4408 ut
887 4355 980 4424 qui
1028 4370 1166 4424 pure
1211 4363 1266 4410 et
1307 4355 1463 4423 juxta
1505 4353 1600 4409 Dei
1650 4355 1909 4424 placitum
1958 4355 2157 4411 festum

583 4447 729 4500 diem
748 4461 909 4516 agerc
939 4449 1150 4506 volunt,
1171 4461 1279 4501 non
1309 4448 1487 4502 solum
1521 4447 1723 4502 laetitias
1753 4464 1867 4502 sua:
1888 4450 2157 4504 rationem

586 4537 845 4602 habeant,
883 4553 1060 4606 neque
1093 4538 1412 4607 provideant
1440 4539 1717 4608 quomodo
1751 4539 1854 4592 soli
1893 4538 1994 4608 ipsi
2033 4555 2157 4593 cum

2265 3348 2357 3400 ἐπὶ
2388 3348 2486 3411 τὰς
2534 3348 2786 3418 συνήθεις
2832 3349 3091 3410 ὑπονοίας
3132 3349 3522 3420 εὐπετέστερον
3568 3351 3854 3421 τρέχουσι,

2265 3441 2359 3492 καί
2396 3440 2540 3509 ἅπερ
2593 3435 2662 3509 ἦν
2700 3439 2820 3502 ἔθος
2856 3438 2935 3508 τῷ
2987 3440 3199 3510 Σωτῆρι
3230 3445 3625 3509 προστάττειν,
3676 3443 3854 3498 ταῦτα

2264 3531 2428 3584 πάλιν
2464 3532 2626 3584 αὑτὸν
2656 3530 2859 3584 οἴονται
2889 3531 3105 3599 δηλοῦν.
3159 3534 3358 3602 Ἐγγύς
3383 3535 3490 3605 γὰρ
3535 3536 3705 3605 οὔσης
3749 3539 3853 3608 τῆς

2263 3621 2479 3691 ἑορτῆς,
2525 3621 2936 3691 προσεδόκησαν
2981 3621 3163 3675 τιτῶν
3195 3625 3275 3686 εἰς
3313 3625 3485 3696 αὐτὴν
3528 3626 3853 3694 ἐπιτηδείων

2265 3713 2595 3784 ἐκπρίασθαι
2639 3715 2881 3768 κελεύειν
2925 3715 3076 3787 αὐτῷ
3104 3715 3182 3787 τῷ
3216 3716 3604 3788 γλωσσόκομον
3648 3717 3852 3788 ἔχοντι,

2265 3805 2434 3874 ήγουν
2484 3807 2719 3876 μάλιστα
2769 3807 2831 3860 τὸ
2869 3807 3018 3878 αὐτῷ
3071 3809 3544 3881 περισπούδαστον
3594 3810 3852 3875 ἐξανύσαι

2266 3898 2642 3966 προστάττειν,
2678 3898 2824 3951 τοῦτ’
2845 3898 2982 3962 ἔστι,
3009 3899 3078 3952 τὰ
3101 3903 3216 3963 τοῖς
3240 3901 3515 3970 δεομένοις
3542 3903 3854 3974 ἐπαρκέσαι

2265 3987 2558 4058 δυνάμενα,
2588 3989 2731 4042 κατά
2762 4005 2827 4056 γε
2849 3990 2911 4042 τὸ
2935 3991 3047 4043 τῶν
3075 3992 3602 4062 προσκομιζομένων
3625 3995 3850 4064 μέτρον.

2262 4081 2513 4150 Χρηστδς
2557 4083 2666 4153 γάρ
2705 4082 2800 4134 καὶ
2850 4081 3097 4151 ἐλεήμων
3123 4083 3152 4135 ό
3182 4082 3388 4154 Κύριος
3412 4122 3426 4145 ,
3472 4084 3614 4137 κατὰ
3655 4085 3717 4137 τὸ
3753 4101 3852 4152 γε·

2263 4173 2599 4244 γραμμένον.
2654 4175 2908 4243 ’Ἄριστος
2937 4173 2992 4226 δὲ
3033 4173 3240 4246 σφόδρα
3291 4175 3385 4228 καὶ
3426 4176 3560 4245 ἡμῖν
3597 4176 3788 4238 αὐτοῖς
3823 4179 3852 4230 6

2261 4264 2354 4317 τοῦ
2413 4266 2740 4336 πράγματος
2787 4265 3146 4335 εὑρεθήσεται
3217 4266 3407 4330 τύπος.
3467 4269 3681 4338 Χρῆναι
3737 4269 3850 4337 γὰρ

2261 4351 2415 4427 οἶμαι
2455 4359 2581 4421 τοὺς
2627 4355 2908 4425 ἑορτάζειν
2958 4357 3274 4421 ἐθέλοντας,
3336 4359 3596 4428 καθαρῶς
3643 4377 3704 4413 τε
3751 4364 3851 4414 καὶ

2263 4449 2604 4519 ἀρεσκόντως
2637 4448 2776 4518 Θεῷ.
2811 4449 2930 4518 οὐχὶ
2964 4449 3129 4518 μόνης
3156 4453 3254 4521 τῆς
3293 4451 3443 4519 σφῶν
3474 4451 3657 4504 αὐτῶν
3691 4451 3852 4504 εὐθυ-

2267 4538 2395 4610 μίας
2434 4539 2702 4592 ποιεῖσθαι
2744 4539 2921 4608 λόγον,
2950 4541 3071 4593 οὐδὲ
3099 4543 3246 4605 ὅπως
3279 4542 3346 4595 ἂν
3376 4544 3531 4596 αὐτοὶ
3566 4546 3661 4596 καὶ
3691 4545 3844 4611 μόνοι

582 4623 864 4678 hilaritate
895 4639 1020 4678 eum
1051 4635 1336 4696 peragant,
1363 4627 1460 4681 sed
1499 4627 1566 4680 ad
1597 4642 1786 4681 curam
1814 4643 1969 4682 suam
1998 4630 2159 4683 mise-

2263 4630 2551 4684 διατελοῖεν
2587 4631 2787 4700 ἱλαρῶς
2821 4633 3089 4702 προνοεῖν,
3141 4635 3568 4688 συναναπλέκειν
3604 4635 3662 4688 δὲ
3705 4634 3840 4704 μᾶλ-

585 4717 883 4772 ricordiam
909 4719 964 4771 in
989 4734 1192 4788 egenos
1219 4720 1542 4790 adjungant.
1566 4719 1718 4773 Tunc
1745 4721 1889 4775 enim
1921 4723 2156 4775 aliorum

583 4823 712 4878 erga
746 4809 887 4864 alios
919 4809 1234 4864 dilectionis
1279 4811 1450 4880 legem
1482 4811 1794 4880 impleutes,
1835 4812 2034 4867 festum
2071 4829 2158 4867 re-

584 4918 713 4956 vera
765 4902 1012 4972 spiritale
1068 4902 1350 4958 Servatori
1398 4903 1625 4959 Christo
1671 4921 2016 4976 peragemus.
2069 4905 2158 4958 lal-

581 4993 738 5048 rirco
770 5005 825 5049 et
859 4995 943 5050 lex
979 4995 1110 5049 olim
1155 4994 1360 5050 Iudaeis
1410 4997 1608 5051 Iradita
1647 4996 1714 5051 de
1748 5011 1946 5050 manna
2000 4999 2158 5050 colli--

580 5085 780 5152 geudo,
823 5101 935 5141 non
970 5087 1148 5142 solum
1191 5087 1294 5142 sibi
1348 5089 1607 5159 colligere
1651 5089 1919 5157 permittit
1951 5089 2021 5142 iis
2063 5089 2155 5157 qui

581 5179 762 5234 Iacere
794 5179 942 5235 istud
985 5179 1247 5250 possint:
1287 5178 1684 5252 Unusquisque
1723 5180 1894 5243 enim,
1943 5180 2154 5250 inquit,

576 5279 630 5324 et
660 5273 1153 5328 contubernalibus
1186 5273 1388 5327 vestris
1426 5273 1667 5342 colligite
1695 5273 1761 5329 ’⁷.
1789 5271 1926 5326 Nam
1963 5273 2008 5328 si
2051 5274 2154 5327 ali-

578 5361 704 5430 quis
737 5364 1218 5419 contubernslium
1253 5363 1465 5418 viribus
1500 5362 1797 5425 caruisset,
1819 5364 2028 5432 quibus
2061 5377 2152 5417 ro-

580 5450 685 5505 bur
732 5454 1008 5525 integrum
1071 5463 1212 5520 erat,
1254 5455 1364 5509 vim
1415 5469 1572 5508 suam
1627 5455 1679 5508 ei
1743 5454 2151 5524 quodammodo

579 5543 1017 5609 commodantes,
1053 5562 1161 5601 una
1207 5561 1468 5601 mensura
1506 5560 1604 5600 sua
1643 5546 1806 5600 etiam
1845 5547 1993 5615 quod
2025 5547 2150 5601 aliis

575 5631 846 5689 suﬂiceret
887 5637 1333 5705 comportabant,
1380 5643 1463 5699 ut,
1498 5635 1652 5704 juxta
1689 5635 2030 5704 Scripturam
2064 5637 2132 5698 ’³,

2258 4721 2348 4774 λον
2384 4724 2450 4790 τῇ
2479 4721 2654 4791 οἰκείᾳ
2692 4723 2970 4793 φροντίδι,
3007 4725 3103 4777 καὶ
3147 4726 3246 4795 τὴν
3283 4726 3372 4777 ἐπὶ
3419 4729 3533 4788 τοῖς
3563 4725 3844 4795 δεομένοις

2257 4811 2442 4882 φειδώ.
2478 4813 2610 4864 Τότε
2643 4813 2773 4884 γὰρ,
2800 4814 2923 4866 τότε
2950 4817 3039 4867 τὸν
3081 4817 3181 4884 τῆς
3213 4818 3292 4880 εἰς
3323 4816 3588 4886 ἀλλήλους
3614 4817 3841 4886 ἀγάπης

2256 4905 2705 4976 ἀποπληροῦντες
2741 4906 2975 4976 θεσμὸν,
3012 4909 3206 4978 ἑορτὴν
3244 4909 3413 4972 ὅντως
3458 4911 3842 4980 πνευματικὴν

2256 4996 2642 5066 ἐπιτελέσομεν
2683 4997 2760 5067 τῷ
2792 4998 3004 5069 Σωτῆρι
3050 4999 3290 5070 Χριστῷ.
3341 5000 3632 5071 Τοιγάρτοι
3679 5002 3773 5054 καὶ
3813 5003 3843 5054 ὁ

2261 5088 2430 5142 πάλαι
2462 5091 2576 5151 τοῖς
2617 5089 2890 5152 Ἰουδαίοις
2923 5091 3324 5154 διακελευσθείς
3358 5090 3524 5160 νόμος
3554 5093 3612 5144 ἐν
3649 5095 3716 5162 τῇ
3743 5091 3838 5144 τοῦ

2262 5181 2436 5252 μάννα
2476 5182 2798 5251 συγκομιδῇ,
2820 5183 2880 5233 οὐ
2911 5182 3093 5252 μόνοις
3122 5185 3308 5246 αὐτοῖς
3338 5184 3525 5253 ἐφίησι
3559 5184 3840 5252 συλλέγειν

2256 5272 2382 5333 τοὺς
2437 5271 2596 5325 τοῦτο
2650 5272 2909 5342 πράττειν
2978 5275 3260 5345 ἰσχύοντας
3289 5293 3303 5306 ·
3366 5276 3640 5339 Ἕκαστος
3703 5278 3835 5345 γὰο,

2258 5364 2424 5433 φησὶ,
2461 5365 2693 5426 καὶτοῖς
2735 5370 3026 5434 συσκήνοις
3073 5367 3229 5436 ὑμῶν
3274 5366 3586 5430 συλλέξατε.
3627 5367 3692 5420 Εἰ
3735 5375 3837 5438 γάρ

2253 5471 2338 5516 τις
2389 5457 2617 5526 ήτόνησε
2659 5456 2768 5509 τῶν
2813 5459 3137 5528 ὁμοσκήνων
3184 5459 3408 5524 αὐτοῖς,
3453 5461 3501 5513 οἱ
3557 5460 3633 5530 μὴ
3677 5460 3837 5513 τούτο

2257 5549 2605 5612 πεπονθότες,
2631 5552 2926 5621 κιχρῶντες
2947 5552 3135 5623 ῶσπερ
3163 5553 3314 5623 αὐτῷ
3335 5553 3434 5623 τὴν
3480 5553 3617 5607 ἰδίαν
3653 5555 3832 5624 ἰσχὺν,

2249 5641 2602 5709 συνεκόμιζω
2641 5642 2719 5711 τῷ
2753 5645 2940 5714 οἰκείῳ
2970 5645 3185 5715 μέτρῳ,
3218 5645 3312 5698 καὶ
3363 5646 3424 5698 τὸ
3463 5647 3578 5709 τοῖς
3613 5647 3825 5718 ἑτέροις

650 5727 693 5758 ’³
735 5726 926 5784 Matth.
962 5745 1109 5794 xvu,
1140 5730 1244 5797 21,
1277 5729 1389 5796 ‘32;
1425 5729 1558 5782 Luc.
1596 5743 1741 5793 xxiv,
1783 5730 1809 5780 7
1911 5732 1955 5761 "'
1995 5731 2111 5784 .lnel

2288 5735 2369 5786 l5.
2449 5735 2492 5765 ’⁷
2537 5735 2704 5787 Exod.
2745 5753 2870 5801 XVI,
2909 5737 2992 5790 16.
3073 5737 3118 5769 ⁸⁸
3156 5738 3290 5790 ibid.
3336 5739 3418 5792 18.
