4106 6262
341 274 450 335 169

1370 272 1745 344 ιΝἰοΑΝΝιδ
1780 281 2233 341 EVANGELIUM
2260 282 2393 338 LIB.
2428 283 2522 340 ut.

3474 287 3585 347 I50

337 391 569 465 ἀρκοῦν,
597 393 706 459 ἵνα,
744 396 886 451 κατά
912 396 976 452 τὸ
1011 401 1430 473 γεγραμμένον,
1472 405 1501 457 ὀ
1528 403 1628 476 μὲν
1656 402 1717 458 τὺ
1754 401 1913 467 πολὺ,

2030 399 2110 469 qui
2147 398 2405 466 multum,
2429 400 2480 456 ei
2510 414 2618 455 non
2651 410 3005 470 superesset;
3041 400 3136 471 qui
3164 410 3345 457 autem
3381 402 3585 470 minus,

344 483 423 553 μὴ
457 483 730 559 πλεονάσῃ
755 524 770 549 ,
804 488 832 540 ὁ
856 487 913 542 δὲ
948 487 1009 541 τὸ
1040 488 1281 553 ἔλαττον,
1321 492 1397 564 μὴ
1431 492 1726 563 έλαττωθῇ.
1758 490 1917 546 Οὕτω

340 573 453 643 γὰρ
493 569 583 647 ἦν,
611 576 969 649 ἀνακράσεως
1020 577 1210 650 ὥσπερ
1259 582 1408 646 τινὸς
1449 581 1788 653 γενομένης,
1824 579 1917 634 τὸν

339 665 442 738 τῆς
497 667 738 738 ἰσότητος
791 669 963 729 ἅπασι
1021 670 1285 738 σώζεσθαι
1328 674 1504 744 λόγον.
1559 675 1762 730 ’Δδικεῖ
1803 691 1915 728 τοι·-

339 756 546 828 γαροῦν
601 759 694 814 τὸν
740 763 861 827 ταῖς
903 763 1090 831 ἁγίαις
1132 766 1345 837 ἑορταῖς
1390 766 1673 838 πρέποντα
1723 767 1917 830 τύπον,

339 851 370 902 ὁ
412 849 487 923 μὴ
534 854 600 924 τῇ
654 854 833 927 οίκεία
886 857 1129 926 φροντίδι
1174 858 1274 930 τὴν
1331 858 1441 913 τῶν
1486 859 1760 930 δεομένων
1794 875 1916 911 συν-

341 943 667 1013 αναμιγνύς.
726 945 830 1017 Είη
882 946 993 1018 γὰρ
1051 946 1118 1001 ἂν
1170 949 1344 1015 ὅντως
1406 950 1569 1022 ἑορτὴ
1630 949 1809 1003 τελεία
1855 948 1915 1001 τὸ

343 1032 625 1106 σύναμμα.

412 1127 626 1182 Λαϐὼν
656 1128 725 1182 δὲ
755 1130 823 1184 τὸ
858 1133 1112 1201 ψωμίον,
1151 1133 1335 1200 εὐθὺς
1358 1132 1622 1203 ἐξῆλθεν
1661 1132 1913 1197 ἐκεῖνος.

341 1210 464 1273 Ἦν
488 1217 558 1272 δὲ
585 1220 721 1285 νὺξ,
750 1220 849 1275 ὅτε
882 1222 1161 1289 ἐξῆλθεν.

415 1310 682 1379 Δρομαῖος
713 1310 932 1366 ἄπεισιν
961 1314 1053 1367 ἐπὶ
1086 1313 1147 1366 τὸ
1173 1312 1250 1384 τῷ
1275 1314 1507 1382 διαὸόλῳ
1546 1311 1757 1376 δοκοῦν,
1824 1314 1919 1366 καὶ

344 1398 598 1470 καθάπερ
638 1402 870 1475 οίστρῶν
914 1404 1007 1457 καὶ
1041 1404 1393 1475 δεδονημένος
1434 1405 1532 1475 τῆς
1584 1403 1683 1474 μὲν
1737 1404 1921 1468 ἑστίας

343 1490 625 1556 ἐξάλλεται
658 1510 672 1523 ο
706 1496 952 1566 κρεῖττον
980 1495 1035 1565 δέ
1067 1496 1201 1558 ὅλως
1231 1495 1379 1549 οὐδὲν
1404 1496 1501 1566 τῆς
1548 1494 1920 1565 φιλοκερδείας

349 1584 473 1654 ὁρᾷ,
492 1584 586 1636 καὶ
605 1584 666 1636 τό
682 1602 746 1654 γε
776 1585 1102 1658 παράδοξον,
1123 1586 1273 1639 οὐδὲν
1299 1587 1363 1639 ἐκ
1386 1584 1482 1655 si};
1511 1583 1755 1652 εὐλογίας
1772 1583 1918 1653 ὠφέ-

342 1674 501 1744 λιμον
530 1676 946 1747 εύρὴσομεν,διὰ
966 1678 1066 1748 τὴν
1087 1676 1311 1731 ἐνοῦσαν
1333 1676 1482 1747 αὐτῷ
1511 1676 1751 1748 δηλονότι
1789 1677 1919 1730 δυσ-

343 1766 613 1821 κάθεκτον
663 1770 744 1831 εἰς
780 1768 839 1822 τὸ
870 1768 1300 1840 χρηματίζεσθαι
1348 1769 1544 1839 ῥοπήν.
1599 1768 1916 1837 Προκεκρα-

2013 506 2122 547 non
2156 490 2393 547 deesset.
2434 490 2528 546 Sic
2570 491 2721 547 enim
2764 492 2872 548 hoc
2900 491 3070 548 veluti
3103 492 3346 563 quodam
3379 500 3581 564 tempo-

2013 589 2268 637 rameuto
2305 583 2642 653 aequalitatis
2671 583 2816 638 ratio
2853 585 3071 639 cunctis
3098 583 3314 641 servari
3347 591 3587 654 poterat.

2011 674 2273 731 Ordinem
2321 674 2492 747 igitur
2524 683 2584 731 et
2610 674 2902 731 formulam
2936 676 3147 733 sanctis
3193 675 3352 732 festis
3382 689 3590 730 conve-

2015 766 2255 820 nientem
2299 765 2490 832 violat,
2538 766 2636 833 qui
2686 781 2801 823 suae
2858 782 3006 824 cura:
3042 782 3345 839 pauperum
3397 782 3588 824 curam

2021 856 2448 917 nonadmiscet.
2475 857 2573 913 Illa
2602 858 2808 929 quippe
2837 858 3161 929 coniunctio
3199 858 3444 930 perfecta
3465 874 3593 916 vere

2022 956 2107 1005 est
2138 947 2433 1005 festivitas.

2086 1122 2224 1190 XIII,
2259 1124 2350 1179 30.
2388 1126 2522 1179 Cum
2552 1142 2673 1196 ergo
2705 1127 2988 1193 accepisset
3022 1126 3115 1181 ille
3146 1126 3457 1196 buculam,
3501 1142 3594 1181 ea:-

2014 1215 2106 1268 ivi!
2135 1215 2404 1268 continuo.
2424 1212 2558 1269 Erat
2596 1225 2775 1269 autem
2806 1231 2932 1280 nox,
2964 1217 3176 1286 quando
3205 1218 3383 1273 exiuit.

2088 1305 2249 1378 743
2282 1306 2514 1363 Diabolo
2545 1307 2732 1363 statim
2760 1307 3107 1379 obsequitur,
3140 1316 3194 1365 et
3220 1317 3396 1366 astro
3425 1308 3596 1364 veluti

2018 1399 2255 1467 quodam
2311 1413 2377 1453 ac
2420 1398 2663 1455 stimulis
2700 1399 2966 1454 incitatus
3000 1399 3165 1455 domo
3193 1400 3398 1467 exsilit,
3432 1399 3599 1454 nihil-

2026 1506 2133 1561 que
2181 1489 2290 1546 sibi
2344 1489 2640 1561 persuadet
2692 1490 2831 1545 lucri
2882 1490 3070 1546 studio
3121 1489 3509 1562 praestabilius,
3544 1496 3601 1543 et

2025 1581 2174 1653 quod
2235 1581 2457 1644 mirere,
2499 1581 2637 1636 nihil
2683 1581 2941 1639 utilitatis
2989 1597 3114 1637 eum
3155 1597 3220 1638 ex
3250 1581 3467 1653 eulogia
3505 1595 3601 1636 ce-

2024 1676 2174 1747 pisse
2198 1675 2626 1746 comperiemus,
2646 1690 2760 1746 prae
2780 1674 3042 1731 eﬂ‘renato
3065 1675 3324 1730 nimirum
3356 1675 3603 1745 pecuniae

2024 1767 2232 1822 studio.
2259 1766 2477 1837 Quippe
2510 1782 2635 1821 cum
2678 1766 2873 1822 morbo
2907 1766 3000 1822 illo
3029 1766 3184 1837 prius
3219 1773 3516 1832 teneretur,
3548 1772 3603 1821 et

341 1856 581 1926 τημένος
631 1859 735 1929 γὰρ
791 1836 1107 1929 τῷψπάθει,
1178 1859 1271 1911 καὶ
1309 1836 1605 1930 ὀλόκλήρον
1630 1836 1925 1928 έαυτῷίτδν

2030 1859 2240 1929 peccati
2298 1836 2510 1930 patrem
2549 1858 2604 1914 in
2652 1859 2837 1930 seipso
2894 1836 3070 1912 totum
3111 1857 3464 1929 exprimeret.
3490 1872 3603 1928 quo

344 1948 565 2019 ἀπάσης
582 1948 811 2022 ἀνομίας
843 1950 1047 2004 ὠδίνων
1076 1950 1307 2019 πατέρα,
1336 1950 1457 2004 οὐδὲ
1484 1952 1607 2004 ὅποι
1638 1950 1769 2004 ποτὲ
1798 1951 1923 2020 τρέ-

343 2058 430 2112 χει
461 2041 645 2095 λοιπὸν
675 2044 702 2096 ὀ
739 2041 970 2106 δείλαιος
1002 2042 1411 2098 διασκέπτεται.
1469 2042 1659 2096 Νύκτα
1696 2042 1805 2114 γὰρ
1833 2038 1927 2097 οὖν

344 2132 533 2204 ὥσπερ
560 2132 701 2195 τινὰ.
724 2133 819 2190 καὶ
850 2131 1065 2203 ζοφώδη
1099 2132 1469 2205 διαλογισμῶν
1503 2134 1734 2187 ἀνοσίων
1761 2134 1927 2206 ὲσμδν

348 2224 408 2276 tv
456 2223 694 2293 στέρνοις
722 2223 880 2292 ἑλὼν,
910 2226 988 2288 είς
1026 2224 1152 2296 ᾅδου
1191 2224 1444 2295 πυθμένα
1492 2224 1586 2278 καὶ
1620 2225 1699 2288 είς
1732 2224 1929 2280 πέταυ-

354 2329 449 2383 ρον
471 2315 728 2385 καταντᾷ,
762 2314 857 2368 xui.
879 2314 1022 2369 κατά
1060 2315 1149 2369 τὸν
1177 2316 1237 2368 tv
1269 2316 1597 2387 Παροιμίαις
1626 2315 1806 2384 λόγον,
1852 2317 1927 2381 ὡς

355 2403 554 2473 ἔλαφος
579 2404 890 2485 ὲπισπεύδει
923 2407 1219 2477 πεπληγὼς
1244 2411 1323 2471 εἰς
1359 2407 1421 2461 τὸ
1468 2402 1623 2480 ἧπαρ
1673 2407 1931 2477 τοξεύμα-

356 2512 433 2559 τι,
459 2494 493 2567 ἢ
517 2493 593 2558 ὡς
610 2493 754 2549 κύων
778 2496 871 2549 ἐπὶ
918 2496 1174 2567 δεσμοὺς,
1215 2499 1315 2552 οὐκ
1344 2499 1498 2563 εἰδὼς
1531 2500 1612 2553 ὅτι
1662 2499 1790 2569 περὶ
1831 2499 1930 2568 ψυ-

354 2585 460 2657 χῆς
492 2585 695 2657 τρέχει.
724 2585 833 2639 Καί
860 2603 951 2656 μοι
988 2587 1064 2657 μὴ
1121 2589 1299 2660 μάτην
1337 2589 1511 2641 εἰπεῖν
1559 2592 1589 2642 ὁ
1648 2588 1930 2650 θεσπέσιος

351 2674 758 2745 εὐαγγελιστὴς,
797 2676 877 2728 ὅτι
934 2695 953 2727 ι
988 2676 1183 2730 Λαϐὼν
1224 2678 1284 2730 τὸ
1318 2675 1534 2748 ψωμίον
1576 2676 1796 2749 ἐξῆλθεν
1842 2677 1930 2729 εὖ·

348 2764 467 2828 θύς.
505 2783 523 2816 ι
559 2765 741 2828 Δεινὸς
765 2768 874 2835 γὰρ
901 2767 929 2818 δ
964 2766 1207 2831 Σατανᾶς
1234 2770 1315 2832 είς
1339 2768 1401 2821 τὸ
1444 2771 1560 2831 τοῖς
1589 2768 1736 2834 ἅπαξ
1768 2767 1930 2821 ἀλού-

350 2874 402 2911 σι
433 2857 529 2911 καὶ
550 2856 642 2912 ὐπ’
677 2858 839 2911 αὐτὸν
862 2860 1112 2928 γεγονόσι
1145 2861 1509 2931 προστάττειν
1535 2859 1698 2925 εὐθὺς
1742 2860 1929 2927 ἐξανύ-

346 2936 522 3003 ειντά
555 2949 785 3021 πονηρὰ,
806 2951 899 3003 καὶ
918 2951 1233 3022 μελλήσεως
1255 2952 1475 3023 ἀπάσης
1508 2953 1630 3024 δίχα
1652 2951 1713 3006 τὸ
1741 2951 1931 3006 δοκοῦν

348 3036 497 3109 αὐτῷ
544 3038 999 3111 κατεργάζεσθαι,
1044 3042 1138 3095 καὶ
1182 3042 1279 3113 οὐχ
1327 3043 1552 3107 ἑκόντας
1597 3045 1928 3113 ἀναγκάσαι.

350 3123 530 3178 Δέδιεν
558 3126 709 3190 ἴσως,
742 3129 1032 3203 πικρρνους
1058 3147 1119 3183 τε
1145 3129 1407 3205 ὑπάρχων
1433 3133 1540 3198 ἀεὶ,
1575 3135 1672 3187 καὶ
1731 3135 1930 3207 δριμὺς
1955 3176 1999 3232 c

348 3217 431 3279 είς
450 3218 803 3290 κακουργίαν,
837 3219 913 3292 μὴ
934 3220 1042 3291 ἄρα
1077 3239 1161 3286 τις
1189 3223 1247 3276 tv
1278 3226 1399 3288 ταῖς
1428 3224 1755 3295 ὑπερθέσεσι
1790 3244 1929 3298 παρα

347 3306 717 3379 εισδραμοῦσα
753 3311 1094 3381 μετάγνωσις
1137 3313 1671 3385 μεταϐουλεύσασθαί
1720 3335 1775 3370 τι
1822 3318 1929 3371 τῶν

344 3398 578 3468 ἀγαθῶν
608 3402 1005 3476 παρασκευάσῃ
1055 3405 1144 3457 τὸν
1192 3404 1496 3477 ἄνθρωπον,
1542 3408 1638 3461 καὶ
1679 3408 1931 3480 καθάπερ

346 3489 478 3543 τινὰ
526 3490 699 3563 μέθην
744 3493 1044 3547 ἀποθέσθαι
1076 3494 1171 3547 τοῦ
1222 3494 1313 3548 νοῦ
1366 3496 1462 3566 τὴν
1513 3499 1593 3562 είς
1654 3498 1930 3569 ἁμαρτίαν

346 3582 567 3653 ἡδονὴν,
597 3582 703 3648 ἔξω
736 3600 798 3636 τε
836 3584 1064 3654 παγίδος
1109 3586 1312 3660 ἐλκύσῃ
1335 3588 1436 3657 τῆς
1474 3591 1603 3660 παρ’
1633 3590 1798 3643 αὐτοῦ
1840 3589 1931 3643 τὸν

349 3672 461 3743 ἥδη
507 3672 965 3744 κατειλημμένον.
1017 3679 1115 3730 Διά
1169 3679 1373 3750 ταύτην
1422 3676 1576 3752 οἶμαι
1619 3683 1716 3753 τὴν
1754 3683 1932 3738 αἰτίαν

353 3762 671 3817 ἐπικεῖσθαι
705 3765 795 3818 τὸν
834 3767 1109 3838 ἀλιτήριον
1152 3772 1264 3833 τοῖς
1309 3771 1398 3824 ὑπ’
1438 3773 1599 3827 αὐτὸν
1630 3775 1929 3843 γεγονόσιν,

354 3855 441 3917 είς
468 3854 529 3907 τὸ
557 3854 690 3926 δρᾷν
715 3856 1031 3926 ἐπείγεσθαι
1060 3861 1157 3914 καὶ
1197 3861 1342 3932 μάλα
1367 3864 1583 3936 γοργῶς
1606 3866 1666 3919 τὸ
1697 3867 1934 3940 ἀρέσκον

353 3944 529 4017 αὐτῷ.
561 3947 672 3999 Καὶ
699 3947 829 4015 γοῦν
862 3949 953 4004 τὸν
1008 3952 1211 4006 Ἰούδαν
1240 3955 1383 4025 μετὰ
1413 3957 1474 4010 τὸ
1513 3957 1728 4029 ψωμίον
1769 3959 1931 4024 εὐθὺς

349 4037 659 4106 ἀναγκάζει
703 4037 924 4105 λοιπὸν,
965 4040 1042 4105 ὡς
1086 4041 1190 4095 ὑπὸ
1247 4047 1404 4116 χεῖρα
1450 4045 1630 4099 λαϐὼν
1657 4087 1671 4109 ,
1708 4047 1803 4100 ἐπὶ
1834 4048 1933 4117 τὴν

345 4129 529 4194 οὕτως
584 4130 800 4184 ἀνόσιον
850 4133 987 4186 ίέναι
1039 4134 1278 4205 πρᾶξιν,
1314 4136 1537 4204 δεδιὼς,
1576 4141 1717 4195 κατά
1759 4158 1821 4210 γε
1872 4142 1935 4193 τὸ

345 4224 523 4285 είκδς,
545 4221 683 4293 ὁμοῦ
723 4226 787 4293 τῇ
821 4218 1163 4295 μεταγνώσει
1202 4228 1297 4282 καὶ
1332 4230 1430 4299 τὴν
1460 4232 1523 4284 ὲκ
1548 4233 1645 4302 τῆς
1681 4233 1935 4300 εὐλογίας

341 4312 614 4384 δύναμιν,
662 4315 737 4387 μὴ
783 4315 893 4387 ἄρα
922 4334 1039 4381 πως
1080 4320 1136 4371 ὲν
1170 4322 1234 4392 τῇ
1265 4320 1359 4374 τοῦ
1390 4322 1681 4394 ἀνθρώπου
1717 4325 1930 4396 καρδίᾳ,

345 4407 532 4476 φωτὸς
587 4408 954 4478 ἀναλάμψασα
995 4410 1188 4482 δίκην,
1234 4414 1599 4488 ἀγαθουργεῖν
1660 4418 1933 4489 ἀναπείσῃ

2026 1962 2273 2020 praceps
2290 1957 2412 2003 ruat
2434 1963 2506 2003 ne
2530 1946 2644 2015 jam
2670 1946 2891 2017 quidem
2918 1946 3088 2002 miser
3110 1946 3357 2018 dispicit.
3374 1944 3601 2003 Noctem

2028 2040 2231 2113 quippe
2261 2040 2430 2096 veluti
2463 2038 2759 2110 quamdam
2790 2049 2846 2094 et
2879 2038 3171 2110 impiarum
3206 2040 3603 2111 cogitationum

2029 2134 2139 2188 vim
2171 2141 2285 2187 toto
2320 2139 2539 2203 pectore
2580 2131 2891 2202 suscipiens
2933 2131 2989 2186 in
3028 2129 3364 2202 profundum
3403 2131 3606 2188 inferni

2030 2221 2163 2288 ruit,
2192 2230 2266 2287 et,
2306 2221 2440 2276 utin
2464 2218 2780 2277 Proverbiis
2808 2222 3078 2293 scriptum
3104 2230 3194 2278 est
3215 2224 3285 2290 ",
3311 2222 3468 2294 quasi
3492 2237 3607 2278 eer-

2029 2328 2134 2368 vus
2162 2319 2442 2383 properat,
2469 2313 2671 2384 sagitta
2693 2312 3017 2368 vulneratus
3045 2312 3099 2367 in
3127 2313 3339 2384 jecore,
3371 2321 3466 2367 aut
3485 2320 3610 2368 tan-

2029 2416 2199 2473 quam
2233 2402 2392 2457 canis
2435 2402 2503 2457 ad
2535 2403 2777 2468 vincula,
2815 2404 3075 2461 nesciens
3112 2406 3240 2475 quia
3281 2419 3381 2475 pro
3424 2406 3607 2459 anima

2031 2494 2227 2549 currit.
2274 2492 2462 2562 Neque
2521 2507 2649 2548 vero
2706 2491 2914 2549 frustra
2964 2495 3100 2549 mihi
3148 2495 3359 2552 dixisse
3389 2495 3608 2551 videtur

2030 2585 2391 2658 evangelista,
2414 2604 2432 2637 ι
2468 2584 2605 2639 Cum
2625 2584 2931 2655 accepisset
2949 2586 3277 2653 buccellam,
3290 2588 3460 2643 exivit
3479 2603 3611 2644 con-

2031 2678 2205 2732 tinuo.
2244 2697 2264 2730 »
2315 2675 2469 2733 Solet
2499 2677 2646 2733 enim
2691 2677 2925 2733 Satanas
2969 2692 3068 2734 eos
3117 2693 3261 2749 quos
3314 2681 3485 2736 semel
3517 2696 3612 2737 ce-

2031 2768 2199 2839 perit,
2226 2768 2447 2839 sibique
2486 2768 2760 2826 obnoxios
2813 2768 3027 2836 fecerit,
3056 2772 3245 2826 acrius
3292 2786 3511 2843 urgere,
3550 2782 3613 2827 ut

2030 2858 2304 2914 continuo
2339 2858 2482 2913 mala
2512 2868 2796 2930 peragant,
2831 2870 2888 2914 et
2915 2867 2976 2914 ut
3007 2860 3129 2917 sine
3162 2875 3314 2916 mora
3343 2861 3610 2932 imperata

2034 2948 2241 3005 iaciant
2290 2964 2492 3021 cogere
2519 2950 2601 3005 vel
2647 2948 2922 3006 nolentes.
2950 2948 3130 3006 Timet
3160 2966 3354 3022 nempe
3400 2951 3609 3015 forsan,

2033 3055 2141 3110 qua
2195 3048 2282 3096 est
2323 3039 2390 3094 ad
2431 3038 2759 3095 maleﬁcium
2809 3041 3184 3111 peragendum
3236 3042 3439 3097 mentis
3469 3043 3615 3097 acri-

2033 3129 2238 3196 monia,
2275 3144 2347 3185 ne
2372 3127 2501 3184 dum
2531 3136 2851 3194 cunctatur,
2874 3131 3151 3186 subeunte
3170 3131 3518 3202 paenitentia,
3547 3133 3612 3186 ad

2032 3221 2312 3276 meliorem
2370 3220 2585 3292 frugem
2625 3221 2789 3278 homo
2838 3237 2900 3278 se
2933 3222 3184 3293 recipiat,
3209 3230 3263 3279 et
3315 3238 3383 3279 ex
3431 3223 3617 3278 animo

2031 3313 2365 3383 voluptatem
2397 3328 2520 3384 qua:
2561 3313 2627 3367 ad
2669 3325 2959 3384 peccatum
3010 3314 3243 3385 impellit
3272 3330 3372 3370 ceu
3415 3329 3616 3386 crapu-

2032 3403 2138 3456 lam
2171 3404 2433 3474 deponat,
2459 3412 2514 3460 et
2539 3420 2606 3460 ex
2639 3404 2763 3476 ejus
2798 3406 3010 3477 laqueis
3051 3423 3172 3463 sese
3203 3406 3423 3462 tandem
3450 3422 3615 3478 expe-

2030 3494 2178 3571 diat._
2223 3493 2377 3551 lianc
2420 3496 2491 3552 ob
2534 3512 2761 3552 causam
2811 3499 3021 3553 instare
3078 3499 3415 3569 perditorem
3456 3499 3615 3553 illum

2031 3584 2149 3638 suis
2182 3584 2425 3641 subditis
2457 3585 2679 3657 Opinor,
2726 3602 2937 3658 eosque
2983 3587 3051 3643 ad
3107 3604 3250 3660 opus
3299 3590 3484 3647 aerius
3522 3607 3616 3645 ur-

2032 3692 2159 3749 gere
2181 3678 2326 3748 quod
2368 3678 2473 3735 sibi
2523 3680 2813 3751 placuerit.
2860 3679 2926 3733 Et
2956 3681 3177 3750 quidem
3207 3679 3408 3737 ludam
3453 3684 3617 3738 simul

2035 3785 2099 3825 ac
2138 3769 2362 3826 offulam
2398 3773 2730 3843 sumpsisset
2784 3773 2933 3843 cogit
2972 3773 3145 3837 illico,
3187 3782 3247 3829 ut
3273 3774 3368 3846 qui
3412 3775 3527 3846 jam
3560 3775 3615 3829 in

2035 3862 2301 3918 ditionem
2333 3878 2488 3919 suam
2520 3867 2839 3929 transisset,
2865 3865 2932 3919 ad
2984 3874 3094 3920 tam
3136 3864 3364 3937 impium
3401 3866 3617 3922 facinus

2037 3971 2096 4012 se
2135 3957 2546 4026 quamprimum
2605 3957 2918 4029 accingere,
2966 3958 3202 4025 veritus,
3249 3967 3307 4015 ut
3351 3960 3620 4017 credibile

2034 4057 2141 4115 est,
2175 4048 2340 4103 simul
2374 4064 2500 4103 eum
2530 4049 2859 4121 poenitentia
2884 4049 2991 4103 vim
3023 4064 3243 4121 quoque
3269 4051 3523 4122 eulogite,
3550 4068 3619 4107 ne

2039 4142 2225 4212 utique
2260 4142 2313 4195 in
2355 4143 2504 4197 illius
2554 4143 2794 4201 hominis
2830 4143 2999 4197 corde
3045 4143 3185 4198 lucis
3242 4144 3416 4199 instar
3460 4143 3619 4197 all'ul-

2035 4247 2171 4303 gens
2219 4248 2344 4287 eum
2397 4232 2466 4287 ad
2526 4233 2666 4288 bene
2736 4232 2934 4304 agendi
2996 4232 3244 4287 studium
3311 4243 3616 4294 revocaret,

2035 4324 2198 4395 eique
2252 4326 2529 4381 saniorem
2588 4332 2827 4380 mentem
2894 4324 3134 4387 iuderet,
3168 4322 3262 4393 qui
3318 4322 3616 4378 consilium

2034 4417 2146 4485 jam
2170 4426 2395 4488 ceperat
2423 4417 2689 4484 prodendi
2718 4415 3052 4471 Servatoris.
3075 4416 3387 4470 Damonem
3416 4414 3619 4485 quippe

346 4497 678 4567 προελέσθαι
738 4500 937 4569 μᾶλλον
988 4503 1183 4569 αὑτὸν,
1243 4506 1411 4576 ἤγουν
1465 4507 1526 4561 τὸ
1566 4509 1825 4579 φρόνημα
1874 4510 1929 4563 τὸ

2041 4507 2094 4562 id
2128 4516 2321 4564 contra
2377 4524 2479 4563 nos
2532 4506 2712 4562 facere
2753 4507 2975 4561 solitum
3014 4522 3080 4562 ex
3126 4507 3195 4560 iis
3229 4522 3350 4577 qua:
3392 4506 3619 4575 ﬁgurate

345 4590 579 4662 γνήσιον
610 4590 822 4663 ἐντέκῃ.
859 4593 935 4663 τῷ
963 4596 1057 4647 καὶ
1084 4596 1377 4666 προδοῦναι
1406 4599 1593 4655 λοιπὸν
1627 4602 1930 4655 ἀναπεπει-

346 4684 562 4754 σμένῳ.
594 4683 714 4736 Ὀτι
744 4684 853 4756 γὰρ
889 4685 1009 4750 ἔθος
1038 4687 1198 4741 τοῦτο
1223 4690 1479 4759 πράττειν
1502 4694 1589 4746 ἀεὶ
1620 4692 1742 4747 καθ’
1777 4694 1938 4765 ἡμῶν

342 4775 426 4846 τῷ
456 4773 697 4845 δαίμονι,
731 4778 824 4830 καὶ
861 4778 950 4830 διὰ
980 4779 1089 4832 τῶν
1130 4782 1189 4833 ὲν
1216 4781 1374 4852 τύπῳ
1405 4784 1705 4852 γεγονότων
1732 4788 1937 4854 γνωσό-

346 4867 518 4938 μεθα.
558 4866 885 4938 Ἐποιήσατο
904 4869 1003 4939 μὲν
1029 4871 1137 4941 γὰρ
1170 4873 1276 4925 ὑπὸ
1298 4877 1454 4947 χεῖρα
1479 4877 1603 4941 τοὺς
1646 4877 1935 4941 Ἰουδαίους

351 4953 612 5027 ὀφαραὼ
649 4960 769 5012 κατ’
814 4959 1091 5029 Αἴγυπτον
1143 4964 1304 5028 ὄντας
1355 4965 1469 5029 ἔτι,
1528 4968 1684 5039 πηλῷ
1739 4968 1795 5022 δὲ
1839 4969 1936 5022 καὶ

345 5048 631 5119 πλινθείᾳ,
664 5049 757 5102 καὶ
797 5054 918 5115 ταῖς
953 5053 1062 5106 τῶν
1090 5054 1266 5124 ἔργων
1298 5057 1565 5125 ἀνάγκαις
1596 5062 1936 5132 ὲγκατατρύ-

339 5141 543 5213 χεσθαι
572 5142 786 5213 πικρῶς
808 5144 1068 5209 ἐπιτάξας
1098 5148 1315 5214 αὐτοὺς,
1347 5150 1537 5203 οὐδένα
1566 5169 1625 5204 τε
1655 5155 1773 5217 ταῖς
1801 5153 1937 5224 πρὸς

340 5235 483 5288 Θεὸν
521 5234 784 5299 ἱκετείαις
834 5236 1006 5289 ἐδίδου
1053 5239 1266 5310 καιρόν.
1312 5241 1421 5293 Καὶ
1466 5241 1597 5310 γοῦν
1646 5244 1780 5313 πρὸς
1810 5244 1937 5307 τοὺς

342 5326 458 5380 τῶν
491 5325 673 5396 ἔργων
701 5328 1021 5396 ἐπιστάτας,
1053 5349 1070 5380 ι
1108 5330 1454 5401 Βαρυνέσθω,
1494 5334 1650 5403 φησὶ,
1688 5335 1755 5387 τὰ
1799 5333 1939 5405 ἔργα

343 5418 459 5472 τῶν
491 5416 801 5487 ἀνθρώπων
838 5419 1063 5484 τούτων,
1092 5422 1185 5475 καὶ
1218 5422 1293 5492 μὴ
1318 5425 1741 5495 μεριμνάτωσαν
1762 5426 1939 5492 λόγοις

339 5509 554 5571 κενοῖς,
592 5525 609 5556 ι
640 5506 831 5575 λόγους
867 5513 1056 5576 κενοὺς
1085 5512 1365 5583 ὀνομάζων
1406 5516 1502 5587 τὴν
1532 5518 1610 5579 εἰς
1642 5516 1931 5587 ἐλευθέραν

421 5689 468 5721 '-"
512 5687 676 5745 Prov.
721 5706 828 5755 vn,
861 5692 947 5745 27».
1028 5694 1041 5723 ¹
1088 5692 1259 5748 Exod.
1295 5712 1343 5762 γ,
1380 5696 1431 5751 9.

2037 4611 2191 4673 gesta
2226 4611 2355 4657 sunt
2394 4618 2779 4674 agnoscemus.
2833 4603 3105 4658 Submisit
3136 4604 3337 4673 quippe
3369 4602 3473 4656 sibi
3521 4599 3618 4655 Ju-

2037 4696 2185 4752 daeos
2214 4694 2430 4749 Pharao
2479 4694 2533 4748 in
2572 4694 2808 4765 Egypto
2853 4693 3138 4765 degentes,
3177 4708 3385 4764 eosque
3416 4694 3532 4746 luto
3562 4702 3619 4747 et

2038 4787 2325 4850 lateribus,
2349 4784 2582 4856 aliisque
2617 4786 2957 4842 necessariis
2986 4786 3247 4850 operibus
3275 4793 3386 4838 tam
3421 4784 3617 4839 acerbe

2039 4878 2222 4935 vexari
2258 4878 2451 4949 jussit,
2480 4887 2539 4933 ut
2571 4878 2782 4933 nullum
2815 4876 3021 4933 orandi
3051 4876 3144 4932 Dei
3180 4884 3397 4947 tempus
3421 4875 3501 4931 eis
3529 4890 3616 4930 re-

2036 4970 2332 5040 linqueret.
2376 4970 2459 5025 Ad
2506 4986 2733 5040 operum
2782 4971 2985 5041 quippe
3038 4968 3328 5038 praefectos
3366 4985 3378 5021 :
3414 4984 3433 5019 t
3477 4965 3615 5022 Gra-

2034 5071 2253 5127 ventur,
2303 5063 2514 5133 inquit,
2564 5078 2728 5133 opera
2785 5063 3069 5117 hominum
3123 5061 3391 5123 istorum,
3435 5073 3615 5129 neque

2034 5162 2231 5209 vacent
2270 5155 2427 5210 vanis
2460 5154 2813 5209 sermonibus
2842 5156 2895 5219 ';
2938 5173 2957 5204 ι
2998 5166 3168 5205 vanos
3197 5164 3480 5205 sermones
3518 5164 3613 5220 ap-

2034 5243 2245 5311 pellans
2289 5243 2559 5299 libertatis
2594 5242 2872 5317 studium,
2925 5242 3415 5307 vehementemque
3468 5238 3614 5292 illius

2035 5334 2426 5403 recuperandae
2484 5335 2761 5398 ardorem,
2796 5330 2958 5402 744
3005 5328 3291 5384 servitutis
3360 5328 3614 5400 deplora-

2036 5427 2263 5492 tionem,
2306 5443 2374 5483 ac
2423 5429 2711 5483 meliorum
2750 5424 3109 5480 desiderium.
3151 5420 3271 5477 Non
3326 5422 3616 5494 ignorabat

2041 5520 2217 5582 enim,
2246 5522 2289 5578 si
2324 5520 2633 5578 istiusmodi
2658 5519 2820 5574 rebus
2840 5514 3171 5571 meditandis
3193 5523 3616 5585 occuparentur,
