4076 6270
527 289 620 342 Nil

1480 290 1536 342 s.
1563 287 1836 346 CYRILLI
1881 292 2348 348 ALEXANDRINI
2388 267 2707 348 suculae.

3678 285 3781 342 {52

523 423 632 461 non
664 420 852 475 parum
888 406 968 460 eis
1003 406 1128 460 inde
1170 407 1422 461 utilitatis
1459 409 1796 464 adfuturum.
1833 413 1870 464 Α
1914 413 2101 482 Iiguris

2204 412 2314 477 ἕξιν
2340 413 2676 485 ἀναδρομὴν,
2707 409 2800 464 καὶ
2837 407 2929 462 τὸν
2953 409 3047 462 ἐπὶ
3076 410 3142 479 τῇ
3179 407 3395 479 δουλείᾳ
3428 406 3647 478 θρῆνον,
3693 406 3785 458 καὶ

527 500 693 566 igitur
745 499 812 552 ad
867 500 1117 559 veritatis
1155 499 1488 568 agnitionem
1542 502 1732 566 delati,
1766 506 2102 572 reperiemus

2204 505 2294 574 τὴν
2334 508 2425 558 ἐπὶ
2455 505 2562 557 τῶν
2596 503 2904 558 καλλίστων
2935 502 3263 572 προσευχήν.
3317 501 3432 553 Οὐκ
3464 499 3650 568 ήγνόει
3673 498 3786 567 γὰρ

527 592 786 646 Satanam
842 594 1019 662 ipstuu
1075 592 1296 646 assidue
1349 611 1544 662 urgere
1597 611 1694 649 eos
1742 613 1884 665 quos
1936 599 2102 652 semel

2204 597 2281 649 διὰ
2328 595 2428 665 τῆς
2475 597 2533 648 ὲν
2588 594 2802 657 τούτοις
2847 592 3046 664 σχολῆς
3092 592 3152 644 οὑ
3202 590 3406 661 μικρὰν
3452 591 3786 661 εὑρήσοντας

526 683 666 736 intra
714 699 809 736 sua
847 683 981 736 retia
1029 683 1318 746 clauserit,
1347 693 1400 739 et
1453 685 1506 738 in
1561 685 1889 756 obsequium
1931 703 2091 741 suum

525 774 746 841 penitus
781 773 1069 828 adduxerit

2201 688 2409 758 ὄνησιν.
2455 687 2589 740 Ἀπὸ
2625 687 2691 756 δὴ
2724 685 2833 739 τῶν
2860 684 3049 737 τύπων
3076 682 3170 737 ἐπὶ
3203 682 3302 754 τὴν
3340 681 3450 736 τῶν
3488 681 3787 751 ἀληθεστέ-

2215 798 2322 850 ρων
2362 778 2737 850 θεωρημάτων
2787 778 2957 840 ἰόντες
3005 775 3342 844 ἐπίγνωσιν,
3389 773 3787 840 κατεπείγοντα

523 865 723 936 σφόδρα
768 867 860 920 τὸν
909 868 1153 922 Σατανᾶν
1203 869 1541 941 εὑρήσομεν,
1590 871 1728 940 πρὸς
1776 871 1839 924 τὸ
1885 872 2082 942 χρῆναι
2120 873 2386 944 πράττειν
2425 872 2492 925 τὰ
2529 873 2743 942 πονηρὰ
2790 871 2918 934 τοὺς
2990 869 3123 924 εἴσω
3187 869 3456 932 πεσόντας
3500 867 3610 920 τῶν
3653 868 3787 938 παρ’

517 958 683 1011 αὑτοῦ
735 959 968 1012 δικτύων
992 1000 1008 1025 ,
1051 963 1146 1014 καὶ
1171 962 1484 1032 ὁλοκλήρως
1515 962 1616 1032 ήδη
1658 965 2105 1036 κεκρατημένους
2141 967 2222 1029 είς
2252 966 2556 1037 ὑπουργίαν
2580 965 2690 1019 τῶν
2726 964 3070 1036 ἀρεσκόντων
3104 963 3273 1034 αὐτῷ.

598 1050 736 1114 XIII,
773 1053 864 1114 Si,
899 1052 988 1104 5:2.
1022 1052 1152 1107 Cum
1175 1070 1298 1122 ergo
1328 1056 1541 1114 exisset,
1563 1055 1700 1107 dixit
1727 1054 1884 1110 Iesus
1905 1072 1923 1109 :
1945 1055 2104 1110 Nunc

516 1143 856 1209 rlari/icatus
885 1150 964 1194 est
1007 1139 1183 1196 Filius
1211 1143 1460 1207 hominis,
1497 1153 1546 1196 et
1584 1143 1724 1198 Deus
1768 1145 2106 1213 rlan’ﬁcatus

514 1244 588 1285 est
615 1235 666 1284 in
691 1249 771 1285 eo.
799 1234 857 1286 Si
887 1231 1024 1286 Deus
1047 1233 1375 1302 clari/italus
1412 1245 1487 1288 est
1523 1236 1574 1288 in
1614 1252 1696 1300 eo,
1731 1245 1781 1289 et
1819 1235 1960 1290 Deus
1991 1237 2106 1290 cla—

519 1323 748 1392 riﬁcabit
799 1339 918 1377 eum
971 1323 1026 1378 in
1057 1326 1428 1395 semetipso,et
1485 1329 1733 1381 continuo
1777 1327 2090 1395 clariﬁcabit

515 1431 660 1469 eum.

591 1506 711 1559 Exit
758 1507 978 1575 quidem
1042 1507 1292 1576 proditor
1335 1507 1544 1563 diaboli
1593 1510 1805 1565 artibus
1866 1512 2100 1567 obsecu-

521 1605 681 1651 turus
720 1617 732 1653 ε
767 1599 1026 1654 Christus
1096 1616 1228 1655 vero
1289 1616 1601 1656 sermonem
1663 1603 1920 1666 inchoat,
1975 1604 2102 1659 hinc

520 1690 750 1758 ligurate
799 1691 1210 1760 quodammodo
1261 1692 1499 1748 innueus
1550 1707 1658 1747 non
1689 1709 1809 1749 esse
1841 1696 2099 1752 omnibus

521 1784 727 1852 passim
777 1784 1088 1854 evulganda
1141 1800 1264 1853 qua:
1311 1787 1446 1840 solis
1493 1785 1765 1840 debentur
1817 1787 2094 1858 ingenuis.

518 1874 630 1928 Nec
660 1875 807 1930 enim
833 1876 990 1930 decet
1016 1885 1271 1930 sanctum
1305 1876 1426 1930 dari
1457 1877 1710 1941 canibus,
1740 1877 1898 1947 juxta
1927 1879 2099 1948 ipsius
2133 1860 2173 1914 Β

521 1982 710 2021 \ocem
739 1970 784 2030 ',
815 1967 912 2022 sed
962 1983 1142 2038 neque
1195 1970 1523 2039 margaritas
1577 1971 1888 2041 proculcari
1935 1988 2096 2027 suum

522 2059 777 2127 pedibus.
819 2059 974 2127 Quod
1012 2061 1184 2130 igitur
1209 2062 1374 2116 etiam
1410 2064 1564 2132 prius
1607 2063 1794 2132 specie
1822 2063 2100 2134 parabole:

518 2155 685 2216 dixit,
719 2156 823 2210 hoc
856 2156 1058 2211 docere
1085 2169 1318 2211 conatur
1352 2166 1602 2227 tempore
1631 2157 1697 2212 ad
1729 2173 1868 2228 epus
1895 2166 1949 2212 et
1979 2158 2099 2211 cla-

517 2251 719 2304 riorem
747 2247 1277 2306 demonstrationem
1306 2259 1557 2305 vocante.
1580 2249 1712 2304 Post
1736 2249 2098 2306 defectionem

517 2341 686 2407 igitur
719 2356 784 2394 ac
833 2341 1139 2396 discessum
1185 2343 1506 2410 proditoris,
1553 2343 1928 2397 communicat
1980 2352 2102 2395 tan-

517 2432 642 2485 dem
679 2440 740 2485 ut
783 2448 1032 2501 congruo
1073 2433 1335 2487 nimirum
1371 2444 1621 2504 tempore
1651 2435 1904 2503 genuinis
1931 2433 2104 2488 disci-

518 2522 666 2588 pulis
712 2527 996 2594 mysteria.
1028 2531 1083 2577 et
1126 2525 1240 2578 ait:
1273 2543 1291 2576 ι
1323 2523 1480 2579 Nunc
1519 2525 1856 2580 clariﬁcatus
1890 2534 1974 2581 est
2015 2523 2105 2580 ιη-

522 2616 629 2688 lius
662 2614 927 2680 hominis,
971 2634 990 2667 ι
1035 2625 1090 2669 et
1121 2631 1218 2683 per
1247 2615 1353 2669 hoc
1384 2615 1606 2685 quidem
1640 2617 1938 2669 salutarem
1980 2631 2105 2685 pas-

521 2707 736 2761 sionem
773 2706 1050 2777 signiﬁcat
1079 2707 1216 2776 ipsis
1246 2706 1356 2776 jam
1389 2707 1604 2762 foribus
1645 2707 2022 2760 imminentem
2050 2715 2106 2761 et

523 2798 686 2867 paulo
725 2807 850 2868 post
898 2798 1163 2854 futuram.
1196 2799 1570 2853 Clarilicatum
1598 2814 1730 2853 vero
1771 2797 1968 2852 Filium
2009 2799 2105 2850 ho-

522 2891 694 2945 minis
739 2892 837 2948 ait.
881 2908 992 2945 non
1035 2891 1312 2944 diversum
1339 2906 1367 2943 a
1401 2906 1460 2945 se
1498 2891 1669 2943 alium
1705 2889 1998 2959 quenulam
2031 2890 2106 2943 sio

519 2981 817 3048 puiﬁcans,
841 3001 945 3036 nou
969 2983 1214 3047 divisim,
1237 2993 1294 3035 ut
1319 2983 1493 3036 visum
1523 2993 1604 3036 est
1634 2983 1936 3044 nonnullis,
1966 2999 2106 3036 unus

519 3076 663 3128 enim
717 3075 892 3131 Filius
953 3075 1231 3138 Christus,
1285 3083 1340 3129 et
1395 3083 1524 3128 ante
1570 3089 1817 3137 carnem,
1868 3082 1921 3129 et
1981 3089 2104 3128 cum

2277 1057 2421 1112 Ὅτε
2449 1053 2564 1113 οὖν
2601 1057 2854 1126 ἐξῆλθε,
2898 1058 3062 1126 λέγει
3100 1057 3135 1110 ό
3177 1053 3453 1123 Ἰησοῦς-⁸
3491 1052 3625 1108 Νῦν
3654 1054 3804 1113 edo-1

2206 1149 2404 1218 ξάσθη
2445 1154 2478 1206 ὁ
2537 1151 2671 1216 Υἱὸς
2713 1149 2821 1204 τοῦ
2866 1146 3214 1216 ἀνθρώπου,
3266 1147 3365 1200 καὶ
3403 1147 3436 1199 ὀ
3471 1144 3617 1210 Θεὸς
3652 1145 3786 1197 ἐδο-

2207 1242 2405 1310 ξάσθη
2441 1243 2511 1296 ἐν
2553 1240 2733 1307 αὐτῷ.
2773 1242 2842 1294 El
2882 1243 2915 1294 ό
2949 1238 3095 1304 Θεὸς
3148 1236 3452 1306 ἐδοξάσθη
3497 1236 3570 1288 ἐν
3604 1234 3783 1300 αὐτῷ,

2207 1335 2304 1388 καὶ
2338 1335 2524 1401 αὐτὸς
2561 1332 2812 1399 δοξάσει
2860 1331 3049 1386 αὐτὸν
3085 1331 3156 1385 ἐν
3185 1328 3410 1396 ἐαυτῷ,
3454 1329 3553 1383 καὶ
3607 1329 3790 1394 εὐθὺς

2206 1423 2456 1488 δοξάσει
2487 1425 2698 1478 αὐτόν.
3616 1458 3626 1468 ο

2279 1517 2488 1582 Ἔξεισι
2532 1516 2631 1587 μὲν
2668 1516 2696 1570 ό
2733 1515 3000 1588 προδότης
3027 1513 3140 1576 τοῖς
3175 1509 3271 1565 τοῦ
3312 1510 3558 1565 διαϐόλου
3589 1528 3791 1583 στρατ-

2204 1609 2486 1680 ηγήμασιν
2516 1607 2898 1679 ὑπηρετήσωνο
2945 1605 3175 1678 ἄρχεται
3220 1601 3280 1656 δὲ
3319 1601 3414 1655 τοῦ
3453 1602 3614 1672 λόγου
3657 1604 3790 1675 Χρι-

2205 1703 2350 1768 στὸς,
2378 1701 2478 1755 οὑκ
2519 1702 2601 1764 εἰς
2629 1699 2727 1763 τὰς
2753 1699 2972 1752 πάντων
2999 1697 3169 1761 ἀκοὰς
3193 1695 3262 1750 τά
3303 1695 3488 1767 μόνοις
3508 1695 3790 1767 πρέποντα

2202 1798 2314 1860 τοῖς
2346 1794 2590 1866 γνησίοις
2630 1790 2910 1845 λαλεῖσθαι
2949 1791 3061 1844 δεῖν
3081 1831 3095 1850 ,
3140 1788 3215 1851 ὡς
3247 1789 3305 1840 ἐν
3333 1787 3490 1858 τύπῳ
3513 1827 3530 1852 ,
3581 1787 3676 1842 καὶ
3701 1787 3792 1841 διὰ

2203 1887 2396 1941 τούτου
2423 1885 2711 1940 διδάσκων.
2747 1884 2822 1937 Οὑ
2852 1883 2962 1952 γὰρ
2993 1881 3194 1936 διδόναι
3223 1880 3492 1950 προσήκει
3527 1879 3590 1932 τὸ
3631 1878 3790 1948 ἅγιον

2201 1982 2314 2042 τοῖς
2343 1979 2488 2041 κυσὶ,
2520 1977 2663 2032 κατᾶ
2700 1976 2800 2047 τὴν
2829 1973 2996 2028 αὑτοῦ
3020 1973 3224 2044 φωνὴν,
3255 1971 3369 2026 ἀλλ’
3389 1969 3511 2023 οὑδὲ
3537 1973 3652 2034 τοῖς
3677 1969 3788 2024 ὑῶν

2203 2067 2585 2139 ὲνυϐρίζεσθαι
2617 2065 2745 2120 ποσὶ
2773 2066 2902 2129 τοὺς
2940 2064 3285 2136 μαργαρίτας
3326 2063 3446 2132 ὲᾷν.
3481 2061 3663 2132 Ὅπερ
3695 2058 3792 2115 οὖν

2203 2159 2307 2232 ἔφη
2343 2160 2440 2213 καὶ
2485 2160 2787 2230 πρότερον,
2838 2158 2914 2221 ὡς
2958 2159 3017 2210 ὲν
3046 2155 3175 2209 εῖδει
3219 2154 3579 2226 παραϐολῆς,
3631 2153 3794 2207 τοῦτο

2204 2253 2464 2324 πειρᾶται
2503 2251 2779 2306 διδάσκειν
2825 2249 3020 2321 καιροῦ
3064 2248 3360 2312 καλοῦντος
3388 2249 3470 2311 είς
3501 2246 3665 2318 ἔργον
3695 2247 3794 2300 καὶ

2207 2342 2550 2413 σαφεστέραν
2603 2341 2886 2407 ἐπίδειξιν.
2939 2341 3095 2395 Μετὰ
3138 2340 3318 2394 τοίνυν
3367 2337 3462 2392 τοῦ
3517 2337 3784 2408 προδότου

2205 2434 2304 2503 τὴν
2334 2433 2638 2493 ἀπόστασιν
2675 2434 2770 2486 καὶ
2799 2433 2898 2503 τῆς
2939 2432 3126 2496 ἑστίας
3169 2431 3268 2503 τήν
3291 2431 3630 2504 ἀποδρομὴν,
3657 2432 3794 2484 ἀνα-

2205 2526 2484 2580 κοινοῦται
2522 2524 2738 2590 λοιπδν,
2774 2524 2851 2587 ὠς
2897 2524 2958 2578 ὲν
2986 2523 3165 2595 καιρῷ
3211 2522 3292 2594 τῷ
3330 2522 3626 2594 πρέποντι,
3673 2524 3797 2584 τοῖς

2206 2617 2450 2688 γνησίοις
2497 2616 2608 2669 τῶν
2665 2614 2928 2686 μαθητῶν
2980 2614 3049 2667 τὰ
3091 2615 3406 2685 μυστήρια,
3454 2612 3550 2666 καί
3607 2629 3788 2683 φησι·

2213 2729 2231 2761 ι
2265 2708 2378 2764 Νῦν
2398 2706 2659 2778 ἐδοξάσθη
2675 2710 2702 2761 ό
2724 2707 2852 2770 Υἱὸς
2877 2707 2970 2759 τοῦ
2996 2705 3285 2778 ἀνθρώπου
3309 2723 3322 2735 ·
3357 2724 3375 2756 ι
3405 2705 3503 2758 καὶ
3534 2705 3800 2774 σημαίνει

2211 2803 2310 2872 μὲν
2331 2801 2421 2854 διὰ
2441 2799 2632 2854 τούτου
2658 2799 2718 2852 τὸ
2750 2801 3016 2869 σωτήριον
3051 2799 3242 2862 πάθος,
3273 2798 3351 2860 ὡς
3377 2797 3436 2851 ὃν
3469 2797 3564 2850 ἐπὶ
3599 2796 3800 2866 θύραις

2209 2911 2270 2948 τε
2323 2895 2417 2947 καὶ
2461 2893 2562 2963 ήδη
2600 2892 2975 2962 παρεσόμενον
3024 2890 3161 2961 μετὰ
3211 2889 3404 2960 βραχύ.
3458 2889 3797 2955 Δεδοξάσθαι

2209 3004 2271 3056 γε
2308 2985 2414 3056 μὴν
2459 2985 2552 3038 τὸν
2594 2984 2723 3037 Υἱὺν
2762 2983 2856 3036 τοῦ
2907 2982 3196 3054 ἀνθρώπου
3229 2982 3431 3052 φησὶν,
3460 2982 3558 3051 οὑχ
3602 2981 3798 3049 ἕτερόν

2210 3092 2330 3129 τινα
2370 3075 2544 3143 λέγων
2594 3074 2725 3143 παρ’
2771 3074 2984 3138 ἑαυτὸν,
3031 3073 3090 3125 οὑ
3125 3071 3496 3145 διῃρημένως,
3530 3070 3794 3140 καθάπερ

521 3185 710 3235 carne,
749 3179 802 3225 et
855 3170 1176 3240 priusquam
1234 3169 1398 3222 homo
1459 3167 1611 3221 ﬁeret
1661 3167 1824 3221 sicuti
1885 3183 2010 3233 nos,
2053 3183 2102 3225 et

2216 3165 2364 3231 ἔδοξὲ
2389 3182 2560 3218 τισιν·
2592 3160 2672 3228 εἷς
2712 3164 2820 3235 γὰρ
2853 3164 2980 3227 Υἱὸς
3004 3165 3034 3216 ὁ
3066 3163 3300 3236 Χριστὸς
3324 3205 3338 3228 ,
3369 3163 3465 3215 καὶ
3509 3161 3618 3234 πρὸ
3658 3177 3799 3232 σαρ-

521 3270 812 3332 postquam
847 3261 1026 3316 factus
1064 3271 1149 3316 est
1195 3261 1380 3316 homo.
1412 3257 1699 3323 Quomodo
1731 3273 1862 3313 vero
1897 3258 2097 3312 clariﬁ-

519 3366 704 3409 catum
759 3369 819 3409 se
860 3369 987 3408 esse
1021 3353 1275 3412 allirmet,
1305 3351 1669 3420 quaerendum
1719 3358 1826 3406 est.
1861 3349 2110 3405 Dixerint

516 3445 661 3498 enim
701 3445 888 3501 forsan
925 3445 1096 3514 aliqui
1123 3465 1136 3500 :
1170 3442 1359 3498 Nonne
1387 3454 1438 3498 et
1467 3444 1620 3513 prius
1655 3441 1994 3496 clariﬁcatus
2023 3449 2109 3495 est

516 3552 641 3588 cum
677 3536 941 3590 miracula
973 3533 1355 3590 faceret?Nam
1381 3549 1490 3588 uno
1511 3533 1676 3588 verbo
1701 3533 1916 3603 placato
1941 3533 2103 3594 mari,

516 3638 569 3681 et
593 3628 904 3683 vehementi
928 3635 1217 3682 ventorum
1260 3628 1464 3697 impetu
1493 3627 2105 3697 compresso,adoratus

515 3731 598 3773 cst
631 3720 851 3790 quidem
879 3721 948 3776 ab
976 3721 1045 3776 iis
1081 3721 1173 3790 qui
1204 3721 1259 3774 in
1288 3720 1507 3790 navigio
1535 3730 1666 3774 tunc
1691 3730 1869 3785 erant,
1905 3719 2107 3774 audiit-

516 3826 624 3880 que
645 3830 656 3864 :
675 3829 695 3862 ι
721 3809 1050 3867 VereFilius
1068 3811 1161 3866 Dei
1185 3829 1245 3868 es
1264 3813 1304 3866 ³.
1333 3831 1350 3864 ι
1378 3812 1814 3878 Praeterea,cum
1834 3811 2102 3865 Lazarum

519 3901 586 3956 ad
636 3901 806 3954 vitam
845 3901 1047 3956 reverti
1088 3901 1374 3970 jussisset,
1411 3902 1551 3956 adeo
1609 3902 1826 3956 celebre
1861 3899 1963 3954 fuit
2003 3901 2106 3953 mi-

519 3991 795 4052 raculum,
843 4002 903 4045 ut
955 4001 1008 4046 et
1064 3992 1212 4046 circa
1252 3992 1375 4048 festi
1410 4002 1627 4061 tempus
1663 3991 2102 4063 Hierosolymam

519 4080 839 4136 ascendenti
891 4096 1085 4137 omnes
1149 4083 1200 4136 ei
1260 4097 1367 4136 una
1424 4099 1549 4136 cum
1614 4083 1801 4152 pueris
1840 4097 2103 4137 occurre-

520 4172 653 4237 rint,
672 4182 727 4226 et
757 4171 957 4227 faustis
982 4173 1261 4228 ominibus
1291 4189 1416 4228 eum
1449 4174 1721 4243 persecuti
1751 4174 1886 4237 sint,
1909 4173 2101 4229 dicen-

517 4273 601 4318 tes
635 4281 648 4316 :
689 4285 708 4316 ι
746 4263 1076 4319 Benedictus
1126 4269 1220 4334 qui
1251 4266 1398 4319 vertit
1425 4267 1480 4319 in
1511 4265 1734 4320 nomine
1765 4264 2036 4320 Domini‘.
2078 4283 2097 4318 ι

517 4355 680 4427 745
707 4355 811 4409 Sed
857 4363 911 4410 et
961 4355 1153 4412 fractis
1185 4357 1430 4426 quinque
1475 4357 1710 4426 panibus
1759 4373 1822 4410 ac
1877 4357 2096 4414 duobus

521 4446 807 4516 pisciculis
845 4446 1160 4501 universam
1197 4446 1608 4501 multitudinem
1659 4462 1849 4501 eorum
1898 4448 1992 4518 qui
2029 4451 2096 4504 ad

2217 3258 2329 3322 κὸς,
2367 3258 2459 3310 καὶ
2489 3255 2626 3327 μετὰ
2667 3255 2890 3326 σαρκὸς,
2940 3254 3036 3307 καὶ
3083 3254 3212 3324 πρὶν
3248 3252 3534 3324 ἄνθρωπος
3563 3251 3795 3323 γένηται

2211 3347 2332 3402 καθ’
2363 3349 2529 3416 ἡμᾶς,
2563 3346 2660 3398 καὶ
2685 3346 2775 3398 ὅτε
2807 3345 3030 3422 γέγονεν
3072 3343 3382 3414 ἄνθρωπος.
3431 3342 3508 3398 Τὸ
3538 3341 3595 3396 δὲ
3637 3343 3794 3404 ὅπως

2207 3438 2523 3504 δεδοξάσθαι
2548 3436 2963 3508 διῖσχυρίζεται,
2994 3435 3275 3506 ζητητέον.
3313 3436 3475 3487 Φαῖεν
3515 3435 3624 3504 γὰρ
3659 3434 3796 3496 ίσως

2206 3532 2382 3596 τινές’
2414 3532 2484 3584 Ἦ
2515 3530 2624 3601 γὰρ
2654 3530 2796 3600 οὐχὶ,
2829 3529 2924 3582 καὶ⁹
2961 3529 3225 3600 πρότερον
3265 3525 3641 3598 τερατοποιῶν
3668 3526 3789 3578 ἐδο-

2208 3625 2432 3691 ξάζετο;
2488 3622 2684 3676 Καίτοι
2755 3620 3033 3675 θάλασσαν
3088 3619 3188 3689 μὲν
3247 3618 3643 3689 ἀγριαίνουσαν
3707 3619 3793 3670 ἑνὶ

2205 3719 2534 3788 δυσωπήσας
2556 3715 2720 3785 λόγῳ,
2757 3715 2851 3766 καὶ
2884 3712 3206 3783 βιαιοτάτων
3229 3712 3558 3782 πνευμάτων
3590 3711 3794 3766 ἀνακό-

2205 3809 2312 3878 ψας
2351 3807 2562 3880 φορὰν,
2624 3803 3003 3875 προσεκυνήθη
3063 3803 3162 3874 μὲν
3216 3801 3370 3871 παρὰ
3435 3800 3545 3855 τῶν
3605 3801 3664 3853 ὲν
3710 3797 3793 3868 τῷ

2207 3902 2377 3972 πλοίῳ
2421 3902 2565 3965 τότε,
2603 3901 2803 3970 ήκουσε
2835 3898 2924 3964 δὲ,
2976 3898 3059 3950 ὅτι
3111 3915 3130 3946 ι
3185 3895 3428 3966 Ἀληθῶς
3469 3893 3607 3948 Θεοῦ
3661 3893 3792 3957 Υἱὸς

2205 3993 2274 4050 εἴ.
2320 4016 2339 4047 ι
2376 3996 2484 4049 Καὶ
2539 3993 2646 4066 μὴν
2697 3991 2792 4045 καὶ
2855 3989 2947 4042 τὸν
2992 3990 3051 4042 ἐν
3117 3990 3183 4058 τῇ
3237 3986 3480 4058 Βηθανίᾳ.
3528 3986 3792 4058 Λάζαρον

2205 4086 2639 4158 παλινδρομήσαι
2705 4080 3018 4154 προστάξας
3085 4080 3166 4142 είς
3235 4078 3384 4146 ζωὴν
3409 4117 3426 4141 ,
3497 4077 3794 4147 διαϐόητον

2203 4181 2330 4252 ἔσχε
2379 4180 2442 4232 τὸ
2474 4178 2694 4248 θαῦμα,
2746 4176 2821 4240 ὼς
2868 4175 2961 4228 καὶ
2987 4171 3332 4227 ἀναϐαίνοντι
3379 4169 3522 4224 κατὰ
3558 4171 3654 4223 τὸν
3687 4170 3792 4241 τῆς

2203 4272 2395 4344 ἑορτῆς
2471 4270 2662 4341 καιρὸν
2747 4270 2827 4331 εἰς
2925 4264 3277 4335 Ἱεροσόλυμα
3359 4263 3788 4336 προῦπαντ-ἧσαι

2203 4366 2528 4435 σύμπαντας
2578 4357 2714 4430 ὁμοῦ
2774 4359 2887 4420 τοῖς
2964 4358 3214 4426 νηπίοις,
3296 4352 3391 4407 καὶ⁹
3452 4353 3790 4421 άξιάγαστον

2201 4453 2352 4524 αὑτῷ
2398 4452 2496 4521 τὴν
2551 4447 2828 4518 εὐφημίαν
2879 4445 3210 4499 ἁναπλέκειν
3273 4444 3572 4511 λέγοντας·
3630 4463 3649 4494 ι
3686 4443 3790 4497 Εὑ-

519 4553 580 4593 se
614 4537 999 4592 conﬂuxerant
1039 4540 1260 4594 satiavit
1295 4540 1506 4610 absque
1544 4540 1728 4608 pueris
1769 4548 1822 4594 et
1849 4542 2095 4596 mulieri-

2204 4545 2496 4615 λογημένος
2524 4543 2552 4594 ὁ
2585 4539 2875 4610 ἐρχόμενος
2906 4538 2963 4589 ὲν
3001 4537 3224 4606 ὀνόματι
3287 4536 3514 4607 Κυρίου.
3553 4555 3572 4587 ι
3628 4535 3788 4591 Ἀλλὰ

521 4631 642 4694 bus,
676 4629 742 4683 ad
773 4630 1019 4700 quinque
1048 4632 1291 4684 virorum
1326 4631 1515 4684 millia.
1547 4629 1682 4684 Tam
1719 4631 1935 4687 illustre
1967 4647 2096 4686 vero

521 4723 850 4776 miraculum
891 4723 1037 4776 istud
1088 4724 1369 4778 nonnullis
1423 4724 1600 4779 visum
1649 4733 1756 4788 est,
1795 4732 1854 4777 ut
1912 4739 1975 4778 ea
2041 4741 2100 4779 re

523 4815 818 4883 plurimum
855 4815 1068 4868 attoniti
1102 4832 1280 4886 regem
1303 4831 1427 4871 eum
1456 4832 1644 4871 creare
1669 4817 1870 4873 vellent
1891 4819 1910 4849 ⁵
1940 4832 1953 4868 :
1993 4818 2098 4870 hoc

519 4905 666 4958 cnim
701 4906 1036 4976 evangelista
1061 4907 1221 4961 nobis
1252 4914 1489 4964 testatus
1519 4915 1624 4964 est.
1687 4907 1912 4962 Diﬂicile
1967 4924 2097 4962 vero

523 5013 630 5050 non
663 5008 749 5051 cst
785 4997 1122 5068 ejuscemodi
1159 4999 1407 5069 exempla
1441 5014 1772 5069 congerere,
1807 4999 1980 5052 nihilo
2032 5000 2098 5054 iis

519 5105 644 5159 qua:
701 5091 994 5145 retulimus
1053 5089 1337 5148 inferiora.
1381 5091 1670 5158 Quomodo
1729 5091 1895 5162 igitur
1955 5107 2101 5144 nunc

523 5181 881 5237 clariﬁcatum
919 5199 978 5238 se
1004 5182 1159 5248 dicit,
1201 5184 1295 5254 qui
1333 5191 1387 5238 et
1421 5185 1550 5238 olim
1595 5182 1936 5238 clariﬁcatus
1971 5184 2102 5238 est?

521 5273 863 5331 Clarilicatus
893 5276 1039 5330 enim
1093 5286 1176 5331 est
1201 5277 1365 5330 etiam
1398 5291 1466 5329 ex
1514 5276 1661 5338 aliis,
1701 5283 1757 5330 et
1789 5275 1972 5328 divina
2003 5291 2101 5345 po-

522 5373 717 5421 testate
746 5367 1008 5436 pr:cditus
1033 5368 1381 5422 credebatur.
1438 5365 1644 5420 Tamen
1693 5368 2101 5421 consummatio

522 5453 711 5523 gloria:
740 5455 793 5509 in
827 5457 1082 5525 passione
1123 5460 1226 5513 sita
1258 5471 1396 5523 crat,
1429 5473 1591 5527 quam
1630 5473 1728 5525 pro
1761 5457 1948 5510 uiundi
1986 5459 2092 5509 vita

527 5544 806 5608 sustinuit,
837 5554 890 5599 et
921 5547 974 5600 in
1004 5564 1068 5601 eo
1098 5549 1240 5618 quod
1279 5566 1373 5619 per
1403 5550 1643 5618 seipsum
1669 5548 2091 5604 rcsurrcctionis

601 5730 618 5758 ⁸
660 5727 846 5784 Matth.
887 5745 954 5785 VII
981 5769 993 5793 ,
1031 5728 1081 5780 6.
1165 5727 1180 5754 ³
1223 5727 1412 5781 Matth.
1453 5746 1564 5796 λιν,
1596 5730 1682 5782 33.

1761 5729 1781 5759 ⁸
1822 5727 2012 5783 Matth.
2050 5746 2138 5784 xu
2166 5773 2180 5796 ,
2212 5733 2261 5786 9.

2196 4638 2290 4692 καὶ
2341 4635 2502 4687 πέντε
2567 4629 2863 4691 διακλάσας
2925 4626 3124 4697 ἄρτους
3195 4625 3365 4688 ποτὲ,
3429 4627 3522 4678 καὶ
3582 4625 3789 4696 ὀψάρια

2194 4728 2306 4791 δύο,
2340 4724 2665 4796 κορεσθῆναι
2733 4719 3107 4790 παρεσκεύασε
3151 4718 3248 4786 τὴν
3308 4719 3417 4771 τῶν
3482 4721 3568 4770 ἐπ’
3623 4720 3789 4772 αὐτὸν

2197 4815 2712 4888 συνδεδραμηκότων
2761 4813 3004 4884 πληθὺν,
3035 4812 3156 4881 δίχα
3207 4813 3413 4883 νηπίων
3463 4813 3558 4864 καὶ
3589 4829 3787 4879 γυναι-

2196 4910 2329 4970 κῶν,
2357 4909 2439 4971 εἰς
2468 4907 2627 4960 πέντε
2649 4904 3026 4958 συντείνουσαν
3051 4903 3296 4973 χιλιάδας
3316 4902 3544 4974 ἀνδρῶν.
3582 4903 3788 4958 Ἐδόκει

2195 5001 2252 5053 δὲ
2289 4998 2463 5060 οὑτως
2499 4995 2719 5059 εὐκλεὲς
2757 4994 2818 5046 τὸ
2863 4995 3398 5063 τερατουργούμενον
3443 4987 3584 5044 εἷναί
3621 5010 3784 5054 τισιν,

2196 5092 2270 5152 ὡς
2297 5090 2394 5161 τὴν
2425 5088 2518 5142 τοῦ
2550 5089 2874 5159 πράγματος
2907 5085 3466 5152 καταπεπληγμένους
3488 5086 3782 5156 ὑπεροχὴν,

2198 5183 2382 5252 ζητεῖν
2412 5181 2573 5235 αὑτὸν
2611 5179 2882 5244 ἀναδεῖξαι
2937 5180 3030 5230 καὶ
3059 5177 3284 5247 βασιλέα
3307 5192 3320 5206 ³
3359 5175 3517 5230 τοῦτο
3550 5177 3661 5247 γὰρ
3686 5179 3787 5230 αύ-

2198 5275 2286 5337 τὸς
2317 5275 2447 5344 ήμῖν
2488 5274 2516 5323 ὁ
2543 5268 2930 5339 εὐαγγελιστὴς
2977 5268 3399 5339 διεμαρτύρατο.
3441 5268 3696 5321 Χαλεπὸν
3730 5269 3785 5321 δὲ

2199 5366 2370 5429 οὐδὲν,
2399 5365 2491 5417 καὶ
2518 5363 2584 5416 δι’
2613 5363 2815 5432 ἐτέρων
2853 5361 3130 5414 ὅσων-καὶ
3166 5360 3372 5427 σφόδρα
3409 5359 3620 5414 πλατὺν
3651 5361 3786 5415 ίέναι

2203 5461 2292 5509 τδν
2319 5458 2494 5526 λόγον,
2512 5455 2618 5509 τῶν
2646 5454 2848 5526 ἀρτίως
2877 5456 2909 5522 ή
2921 5456 3008 5521 μίν
3025 5453 3228 5522 άπηριθ
3237 5471 3310 5522 μη
3320 5453 3496 5522 μένων
3524 5453 3788 5522 πραγμά-

2197 5567 2304 5603 των
2346 5551 2466 5603 κατ’
2513 5548 2666 5600 οὐδὲν
2697 5545 3015 5617 ἡττωμένην
3055 5545 3153 5616 τὴν
3176 5543 3334 5608 δόξαν
3367 5545 3623 5614 ἐχόντων.
3665 5544 3784 5614 Πῶς

2343 5735 2357 5760 ⁹
2410 5731 2560 5784 Ιι);ι[ι.
2601 5745 2686 5781 vr.
2733 5728 2812 5782 i5.
