4076 6270
351 245 452 301 153

1315 248 1380 303 IN
1426 248 1710 306 JOANNIS
1764 249 2214 306 EVANGELIL'M
2262 250 2389 304 LIB.
2430 249 2518 306 IX.

3515 254 3620 309 ιδι

347 360 441 418 οὖν
487 366 598 436 ἄρα
661 368 839 421 λοιπὸν
868 370 897 422 ό
927 369 1016 421 καὶ
1075 367 1242 420 πάλαι
1300 367 1712 438 δεδοξασμένος,
1745 367 1901 420 ἑαυτὸ

2004 409 2011 426 ,
2041 368 2288 422 t-ntnium
2330 368 2551 422 modum
2587 365 2890 420 innovavit.
2927 365 3061 420 Nam
3112 367 3156 422 si
3206 368 3468 422 rationem
3503 386 3618 439 nly-

349 458 467 510 νυνὶ
501 457 809 522 δεδοξάσθαι
841 458 975 529 φησί
1004 478 1017 525 ;
1049 458 1376 524 Δεδόξασται
1407 459 1518 528 γὰρ
1575 460 1669 512 καὶ
1717 459 1784 511 δι’
1821 461 1938 512 ἐτέ-

350 562 483 614 ρων,
535 547 631 600 καὶ
659 545 998 618 θεοπρεποῦς
1028 548 1276 613 ἐξουσίας
1320 549 1589 620 ὑπόληψιν
1615 549 1755 620 ἔχων
1781 550 1935 618 ἐφαί-

348 653 486 690 νετο.
502 637 573 690 Τό
601 654 662 705 γε
695 638 801 709 μὴν
841 639 944 710 τῆς
973 640 1134 710 δόξης
1169 641 1394 706 τέλειον,
1423 643 1516 695 καὶ
1542 641 1644 712 τῆς
1681 641 1932 707 εὐκλείας

346 726 406 778 τὸ
435 727 639 798 πλῆρες
659 729 717 781 ἐν
745 729 940 801 ἐκείνῳ
975 731 1190 797 πάντως
1229 727 1298 803 ἦν
1335 735 1393 786 ἐν
1424 733 1503 804 τῷ
1541 732 1732 786 παθεῖν
1765 733 1931 786 αὑτὸν

346 816 484 887 ὑπὲρ
516 818 614 889 τῆς
635 819 730 873 τοῦ
751 820 956 892 κόσμου
986 823 1153 894 ζωῆς,
1182 823 1276 876 καὶ
1313 823 1378 877 δι’
1403 823 1596 877 ἐαυτοῦ
1629 826 1728 895 τῆς
1754 824 1929 878 ἀπάν-

342 924 450 960 των
496 910 848 975 ἀναστάσεως
898 916 1293 985 καινοτομῆσαι
1317 914 1410 969 τὸν
1447 914 1667 986 τρόπον.
1697 915 1926 968 Βασανί·

342 999 525 1064 ζοντες
550 1001 660 1073 γάρ
679 1045 694 1068 ,
723 1003 799 1066 ὡς
830 1002 932 1068 ενι,
959 1004 1140 1068 καλῶς
1161 1005 1256 1058 τοῦ
1289 1005 1412 1060 κατ’
1440 1006 1600 1060 αὐτὸν
1631 1005 1928 1077 μυστηρίου

337 1089 431 1142 τὸν
457 1089 767 1174 λόγονηούχ
797 1095 978 1166 ἑαυτῴ
1021 1095 1205 1167 τυχὸν,
1241 1097 1363 1150 οὐδὲ
1401 1099 1606 1169 κυρίως
1634 1097 1700 1150 δι’
1737 1098 1928 1150 ἑαυτὸν

336 1180 608 1237 τεθνεῶτα
631 1186 1001 1256 κατοψόμεθα,
1028 1188 1142 1242 ἀλλ’
1168 1190 1310 1260 ὑπὲρ
1337 1190 1556 1260 ἀπάσης
1594 1191 1694 1260 τῆς
1721 1189 1927 1260 ἀνθρωο

334 1270 588 1342 πότητος,
626 1276 814 1332 παθεῖν
839 1296 900 1332 τε
925 1281 1017 1334 καὶ
1043 1281 1262 1352 δρᾶσαι,
1285 1281 1346 1334 τό
1365 1298 1425 1334 τε
1453 1281 1624 1345 πάθος
1649 1281 1800 1345 αὐτὸ,
1831 1283 1926 1336 καὶ

336 1363 454 1430 μετ’
495 1365 670 1418 ἐκεῖνο
696 1367 794 1438 τὴν
845 1369 1164 1426 ἀνάστασιν.
1217 1371 1463 1441 Τέθνηκε
1508 1371 1607 1442 μὲν
1639 1371 1746 1442 γάρ
1779 1371 1924 1425 κατά

330 1455 430 1524 τὴν
461 1457 641 1531 σάρκα
667 1459 766 1531 τῆς
799 1462 1058 1518 ἁπάντων
1103 1465 1249 1536 ζωῆς
1285 1464 1614 1536 ἀντίρροπον
1643 1464 1744 1534 τὴν
1781 1464 1920 1518 ἰδίαν

329 1547 692 1616 ἀποδεικνὺς,
723 1554 819 1607 καὶ
874 1555 974 1626 τῆς
1027 1557 1260 1626 ἀρχαίας
1315 1557 1533 1628 ἐκείνης
1581 1555 1919 1627 ἀποπληρῶν

329 1636 473 1705 ἀρᾶς
526 1637 585 1692 ἐν
631 1640 810 1709 ἐαυτῷ
870 1643 970 1714 τὴν
1031 1645 1260 1715 δύναμιν
1297 1647 1324 1699 ό
1375 1644 1596 1698 πάντων
1644 1645 1914 1711 ἀντάξιος.

2041 460 2197 514 sterii
2233 459 2416 524 istius,
2451 458 2628 528 quoad
2667 459 2812 523 licet,
2860 467 3008 513 recte
3069 459 3465 528 expendamus,
3509 477 3615 514 non

2039 550 2143 604 sibi
2182 549 2285 618 ipsi
2314 564 2492 618 neque
2521 547 2744 616 proprie
2780 557 3006 617 propter
3048 547 3292 617 seipsum
3337 557 3615 602 mortuum

2037 635 2369 699 videbimus,
2401 635 2493 689 sed
2527 651 2624 704 pro
2656 637 2915 690 universa
2949 637 3311 700 humanitate,
3357 647 3412 692 et
3447 640 3614 693 susti-

2035 727 2225 782 nuisse
2259 741 2324 781 ac
2356 726 2554 782 fecisse
2589 727 2906 796 passionem
2942 728 3140 798 ipsam,
3171 737 3226 783 et
3267 738 3389 798 post
3443 731 3612 793 illam,

2036 819 2516 874 resurrectionem.
2550 817 2800 874 Μοιιυυε
2834 820 2979 873 enim
3017 829 3101 873 est
3150 821 3453 874 secundum
3487 836 3612 874 car-

2035 925 2179 975 nem,
2212 911 2382 964 vitam
2439 927 2595 966 suam
2648 927 2746 981 pro
2809 912 2918 965 vita
2955 911 3203 964 omnium
3269 912 3512 975 tradens,
3558 927 3611 968 ct

2031 1001 2234 1056 veteris
2265 1000 2539 1056 maledicti
2573 1002 2628 1055 in
2658 1002 2846 1072 seipso
2878 1003 2985 1056 vim
3023 1002 3328 1073 adimplens
3384 1005 3477 1059 ille
3509 1021 3609 1074 pro

2029 1093 2285 1147 omnibus
2314 1093 2671 1149 aestimandus
2699 1095 2739 1148 ⁸.
2771 1093 3057 1149 Excitatus
3089 1101 3270 1150 autem
3297 1104 3383 1150 est
3413 1111 3609 1152 rursus

2027 1197 2104 1236 ex.
2127 1182 2359 1237 mortuis
2389 1181 2444 1234 in
2479 1182 2646 1236 vitam
2697 1182 3174 1250 incorruptibilem
3205 1192 3258 1238 et
3305 1193 3566 1240 aeternam
3587 1228 3604 1252 ,

2026 1279 2196 1326 totam
2227 1272 2284 1326 in
2313 1272 2498 1342 seipso
2523 1274 2801 1328 suscitans
2856 1283 3130 1328 naturam.
3166 1293 3185 1324 ι
3225 1272 3406 1329 Semel
3456 1277 3603 1330 enim

2025 1374 2299 1428 mortuus,
2323 1373 2382 1420 ut
2412 1365 2681 1435 scriptum
2721 1376 2830 1431 est,
2858 1365 2970 1436 jam
2999 1381 3106 1419 non
3140 1367 3376 1422 moritur
3403 1387 3422 1425 :
3457 1385 3606 1422 mors

2024 1459 2099 1513 illi
2129 1473 2236 1513 non
2275 1460 2421 1512 ultra
2475 1457 2874 1511 dominabitur.
2930 1457 3088 1524 Quod
3144 1460 3292 1514 enim
3351 1469 3604 1516 mortuus

2020 1558 2107 1605 est
2133 1556 2382 1620 peccato,
2427 1555 2679 1602 mortuus
2707 1559 2790 1602 est
2820 1549 2989 1603 semel
3017 1565 3032 1614 ;
3067 1550 3212 1618 quod
3239 1561 3419 1604 autem
3445 1550 3600 1615 vivit,

2020 1642 2154 1695 vivit
2188 1641 2295 1696 Deo
2314 1641 2356 1695 ⁷.
2400 1659 2419 1692 ι
2463 1640 2703 1709 ldipsutn
2740 1651 2792 1694 et
2843 1640 2912 1695 de
2969 1639 3132 1696 nobis
3188 1656 3408 1710 quoque
3465 1642 3604 1712 ipsis

341 1725 670 1798 Ἐγήγερται
715 1731 772 1783 δὲ
813 1731 974 1787 πάλιν
1011 1734 1076 1786 ἐκ
1104 1733 1312 1805 νεκρῶν
1361 1735 1442 1798 εἰς
1488 1733 1765 1805 ἀκήρατόν
1797 1751 1901 1785 τινα

2023 1748 2208 1788 verum
2237 1733 2346 1787 erit
2373 1741 2595 1803 propter
2623 1730 2932 1788 Christum.
2971 1729 3083 1786 Nec
3131 1737 3278 1786 enim
3335 1733 3477 1787 ultra
3514 1749 3600 1788 re-

326 1819 421 1871 ναι
454 1819 836 1892 ἀκατάληκτον
875 1824 1186 1896 ζωὴν,ὄλην
1219 1827 1276 1879 ἐν
1306 1824 1486 1896 ἐαυτῷ
1516 1823 1789 1889 διανιστάς
1818 1825 1916 1896 τὴν

330 1904 509 1970 φύσιν.
541 1926 562 1960 ι
592 1908 774 1977 Ἂπαξ
803 1912 910 1983 γὰρ
931 1914 1236 1982 ἀποθανὼν,
1257 1916 1398 1970 κατὰ
1421 1915 1484 1970 τὸ
1510 1916 1914 1988 γεγραμμένον,

328 1997 508 2056 οὶκέτι
542 2000 878 2074 ἀποθνήσκει
915 2021 930 2035 ·
958 2005 1183 2071 θάνατος
1218 2009 1387 2062 αὑτοῦ
1427 2009 1613 2062 οὐκέτι
1647 2009 1912 2079 κυριεύει.

333 2093 398 2144 Ὃ
426 2091 534 2164 γάρ
562 2093 822 2160 ἀπέθανε,
853 2099 921 2168 τῇ
954 2098 1201 2171 ἁμαρτίᾳ
1233 2100 1510 2154 ἀπέθανεν
1537 2100 1776 2170 ἐφάπαξ,
1807 2101 1835 2153 ὃ
1859 2101 1914 2154 δὲ

327 2181 420 2253 ζῇ,
447 2184 512 2255 ζῇ
543 2186 622 2256 τῷ
641 2186 780 2259 Θεῷ.
813 2208 834 2242 ι
864 2188 1032 2244 Τοῦτο
1075 2193 1170 2246 καὶ
1205 2193 1288 2261 ἐφ’
1321 2194 1454 2263 ἡμῖν
1490 2193 1674 2257 αὐτοῖς
1715 2193 1913 2262 ἀληθὲς

333 2275 485 2330 ἔσται
513 2277 601 2332 διὰ
630 2281 882 2349 Χριστόν.
923 2282 1365 2356 Ἐγερθησόμεθα
1390 2286 1500 2356 γάρ
1523 2285 1603 2339 ἔτι
1637 2288 1716 2350 εἰς
1742 2286 1909 2340 θάνα⁴

333 2381 423 2418 τον
443 2366 596 2436 οὐχὶ,
631 2367 746 2422 ἀλλ’
771 2371 849 2434 είς
881 2370 1027 2443 ζωὴν
1066 2373 1165 2442 τὴν
1203 2375 1528 2447 ἀπέραντον,
1575 2380 1624 2431 εί
1654 2379 1748 2432 καὶ
1775 2377 1909 2432 πολὺ

335 2458 475 2524 μετά
503 2458 660 2512 τοῦτο
687 2460 799 2513 τῶν
823 2464 1197 2536 ἀνισταμένων
1230 2470 1263 2540 ἡ
1295 2468 1546 2540 διαφορὰ,
1587 2469 1730 2524 κατά
1753 2488 1815 2538 γε
1848 2471 1910 2526 τὸ

328 2549 388 2601 ἐν
429 2549 577 2622 δόξῃ,
605 2555 775 2625 φημὶ,
803 2556 896 2609 καὶ
942 2557 1042 2628 τὴν
1083 2560 1193 2623 τοῖς
1225 2560 1453 2614 ἑκάστου
1481 2561 1705 2633 τρόποις
1733 2581 1904 2635 χρεωο

325 2639 630 2711 στουμένην
675 2644 960 2700 ἀντίδοσιν.
1012 2648 1309 2720 Γενόμενος
1346 2652 1527 2706 τοίνυν
1558 2654 1798 2726 ὑπήκοος
1825 2655 1906 2726 τῷ

323 2727 442 2798 Θεῷ
473 2733 566 2785 καὶ
593 2733 770 2804 Ila-:9!
803 2736 964 2808 μέχρι
993 2737 1248 2805 θανάτου,
1275 2741 1509 2798 θανάτου
1535 2745 1592 2800 δὲ
1641 2747 1900 2818 σταυροῦ,

323 2821 463 2874 κατά
499 2823 597 2894 τὴν
621 2825 715 2879 τοῦ
745 2827 958 2882 Παύλου
991 2832 1198 2904 φωνὴν,
1233 2837 1565 2910 ὑπερυψὼθη
1608 2840 1769 2894 πάλιν
1803 2842 1902 2894 λα-

321 2913 432 2967 ὁὼν
454 2915 515 2968 τὸ
539 2917 707 2989 ὄνομα
743 2919 804 2973 τὸ
851 2921 992 2992 ὑπὲρ
1023 2925 1132 2976 πᾶν
1157 2925 1348 2997 ὄνομα.
1396 2929 1455 2981 '0
1485 2932 1593 3000 γάρ
1625 2933 1900 3001 νομισθεὶς

321 3006 601 3076 ἅνθρωπος
633 3006 773 3065 εἶναι
796 3013 968 3082 ψιλός,
1000 3017 1405 3090 ὑπερεδοξάσθη
1422 3021 1561 3082 λίαν,
1577 3024 1707 3088 Θεὸς
1729 3025 1898 3088 ὅντως

318 3099 409 3150 καὶ
440 3099 566 3164 Υἱὸς
586 3100 679 3154 τοῦ
701 3103 834 3156 Θεοῦ
855 3106 993 3159 κατά
1025 3107 1286 3177 ἀλήθειαν
1313 3111 1777 3183 ἀναδεδειγμὲνος,
1798 3117 1898 3169 οὐκ

313 3192 394 3252 είς
423 3191 607 3243 καινὸν
653 3192 868 3264 ἀξίωμα
920 3198 1258 3270 κεκλημένος
1295 3200 1356 3253 τὸ
1385 3199 1522 3256 εῖναι
1551 3205 1708 3273 φύσει
1743 3205 1893 3270 Θεὸς,

309 3280 428 3333 ἀλλ’
451 3283 530 3344 είς
560 3282 696 3354 ὅπερ
743 3281 812 3354 ἦν
858 3287 955 3340 καὶ
993 3289 1100 3358 πρὸ
1131 3290 1333 3360 σαρκὸς
1367 3294 1445 3355 είς
1475 3294 1635 3347 τοῦτο
1661 3295 1726 3366 δὴ
1761 3296 1897 3349 πάν-

309 3389 419 3434 τως
448 3372 541 3425 καὶ
600 3375 718 3443 μετ’
762 3377 932 3448 αὐτῆς
982 3379 1315 3451 ἀναδραμὼν
1353 3383 1452 3454 τῆς
1497 3386 1719 3456 σαρκὸς,
1755 3387 1897 3441 κατὰ

304 3462 465 3514 τοῦτο
517 3464 830 3529 δεδοξάσθαι
859 3469 1157 3540 νομιοῦμεν
1190 3473 1576 3535 αὑτὸν,καίτοι
1606 3479 1706 3548 τῆς
1737 3477 1894 3551 δόξης

303 3554 439 3607 ὂντα
459 3555 548 3642 διὰ
572 3558 770 3622 παντὸς
798 3560 1022 3630 Κύριον.
1039 3565 1241 3618 Καινὸν
1267 3565 1376 3635 γὰρ
1401 3567 1553 3621 οὐδὲν
1586 3571 1646 3622 ἐν
1675 3572 1896 3642 Χριστῷ

305 3641 418 3694 τῶν
449 3641 767 3714 θεοπρεπῶν
783 3647 1105 3718 ἀξιωμάτων
1126 3653 1458 3723 εὑρίσκεται,
1477 3655 1614 3726 ἔχων
1634 3657 1691 3711 δὲ
1721 3641 1895 3713 πάντα

306 3732 671 3799 φυσικῶς,ὠς
699 3737 852 3804 Θεὸς,
878 3739 973 3792 καὶ
1007 3741 1113 3813 πρὸ
1133 3744 1232 3814 τῆς
1261 3744 1560 3817 λεγομένης
1592 3749 1891 3815 κενώσεως.

321 3823 484 3876 Ἀλλά
529 3825 620 3879 καὶ
669 3828 769 3898 τῆς
815 3829 1115 3903 ληφθείσης
1143 3833 1236 3887 τοῦ
1257 3834 1444 3890 δούλου
1477 3840 1710 3910 μορφῆς.
1740 3842 1891 3894 ἐπει-

301 3915 480 3986 δήπερ
529 3918 720 3971 ἐαυτὸν
748 3920 1072 3976 άνε6ί6ασεν
1117 3925 1198 3988 εἰς
1230 3927 1413 3982 ἐκεῖνα
1443 3930 1604 3985 πάλιν
1625 3973 1640 3997 ,
1677 3933 1772 3986 καὶ
1801 3934 1889 3986 ὅτε

298 4009 852 4083 γέγονενάνθρωπος,
885 4015 1206 4083 δεδοξάσθαι
1235 4024 1459 4088 νοεῖται,
1489 4025 1582 4078 καὶ
1605 4025 1888 4098 εἰληφέναι

298 4101 539 4169 λέγεται.
598 4103 984 4178 Δεδοξασμένῳ
1032 4112 1321 4182 τοιγαροῦν
1368 4114 1446 4185 τῷ
1495 4117 1718 4188 Χριστῷ
1755 4135 1879 4172 συν-

296 4193 612 4260 δεδόξασται
643 4195 864 4262 πάντως
905 4200 999 4252 καὶ
1030 4203 1057 4254 ὁ
1080 4201 1212 4264 Θεὸς
1245 4207 1336 4259 καὶ
1368 4207 1585 4278 Πατήρ·
1622 4209 1882 4282 ἐδοξάσθη

2021 1839 2312 1896 surgemus
2338 1822 2392 1877 in
2427 1833 2680 1888 mortem,
2714 1821 2810 1877 sed
2865 1822 2919 1876 in
2953 1822 3118 1876 vitam
3151 1829 3436 1886 teternam,
3473 1825 3598 1879 licet

2020 1931 2213 1986 magna
2249 1914 2433 1969 futura
2467 1915 2541 1970 sit
2562 1915 2781 1969 demum
2818 1913 3146 1979 diﬂerentia,
3191 1913 3340 1984 quod
3373 1914 3440 1970 ad
3475 1917 3596 1987 glo-

2017 2008 2154 2062 riam
2184 2008 2469 2072 nimirum,
2497 2017 2551 2061 et
2582 2007 2820 2062 debitam
2854 2007 3125 2076 cujusque
3157 2010 3406 2063 moribus
3434 2010 3595 2062 retri-

2017 2098 2321 2154 butionem.
2370 2097 2573 2152 Factus
2633 2097 2802 2168 igitur
2853 2096 3118 2152 obediens
3170 2095 3280 2151 Deo
3329 2113 3395 2152 ac
3444 2097 3593 2152 Patri

2015 2203 2190 2258 usque
2242 2187 2309 2241 ad
2346 2198 2612 2250 mortem,
2650 2194 2882 2241 mortem
2935 2195 3118 2240 autem
3177 2187 3385 2252 crucis,
3434 2188 3592 2257 juxta

2012 2276 2168 2332 Pauli
2194 2276 2446 2339 vocem",
2476 2275 2922 2346 superexaltatus
2951 2283 3040 2330 est
3069 2291 3289 2343 rursus,
3316 2279 3596 2348 accipiens

2012 2386 2212 2426 nomen
2253 2367 2404 2440 quod
2451 2375 2536 2424 est
2573 2382 2737 2439 super
2785 2382 2950 2422 omne
3005 2383 3206 2423 nomen
3229 2371 3275 2426 ’.
3309 2370 3412 2435 Qtti
3443 2372 3591 2425 enim

2010 2464 2193 2520 nudus
2228 2467 2396 2518 homo
2451 2475 2576 2516 esse
2607 2459 2928 2530 putabatur,
2961 2473 3129 2529 supra
3166 2461 3388 2516 modum
3422 2463 3592 2528 glori-

2011 2554 2207 2608 ﬁcatus
2240 2551 2364 2616 fuit,
2396 2565 2526 2605 vere
2563 2548 2710 2604 Deus
2735 2557 2791 2603 et
2850 2545 3026 2604 Filius
3060 2565 3249 2604 revera
3318 2550 3411 2605 Dei
3464 2567 3592 2621 pro-

2006 2647 2178 2709 ditus,
2211 2659 2315 2700 nec
2337 2644 2402 2697 ad
2428 2658 2624 2697 novam
2656 2641 2950 2712 quamdam
2984 2642 3308 2713 dignitatem
3337 2654 3591 2710 vocatus,

2004 2739 2096 2810 qui
2133 2746 2331 2792 natura
2363 2737 2507 2792 Deus
2537 2743 2676 2800 erat,
2735 2735 2830 2790 sed
2885 2733 2952 2787 ad
3007 2735 3058 2789 id
3107 2736 3252 2805 quod
3291 2745 3410 2790 erat
3461 2746 3589 2790 ante

2003 2848 2253 2895 carnem,
2283 2831 2448 2884 etiam
2511 2844 2638 2883 cum
2689 2829 2808 2899 ipsa
2862 2844 3029 2884 carne
3086 2829 3327 2894 rediens,
3381 2829 3592 2884 idcirco

2003 2922 2377 2978 clarissimum
2403 2935 2528 2976 esse
2552 2920 2735 2990 ipsum
2765 2919 3105 2989 putabimus,
3132 2920 3348 2975 tametsi
3371 2936 3588 2991 semper

2003 3014 2189 3086 gloriae
2235 3013 2499 3067 Dominus
2546 3011 2836 3066 exstiterit.
2873 3010 3032 3066 Nulla
3071 3011 3217 3066 enim
3279 3027 3419 3066 nova
3466 3029 3590 3082 qua:

2004 3107 2098 3162 Dei
2138 3107 2209 3162 sit
2240 3105 2480 3175 dignitas
2532 3103 2589 3156 iu
2651 3103 2877 3156 Christo
2933 3104 3236 3172 reperitur,
3273 3102 3436 3175 746
3490 3105 3587 3159 sed

2003 3199 2212 3253 habens
2278 3197 2464 3251 omnia
2524 3195 2886 3259 naturaliter,
2921 3203 2982 3249 ut
3017 3193 3186 3261 Deus,
3245 3196 3409 3250 etiam
3457 3205 3584 3250 ante

1999 3305 2122 3346 eam
2158 3303 2324 3358 quam
2354 3287 2593 3342 dicimus
2631 3287 3015 3341 inanitionem.
3067 3285 3170 3341 Sed
3221 3294 3275 3340 et
3303 3297 3580 3354 assumpta

1998 3383 2143 3436 servi
2203 3379 2471 3444 forma”,
2530 3378 2980 3449 quandoquidem
3051 3379 3291 3447 seipsum
3352 3377 3420 3431 ad
3491 3379 3583 3432 illa

2000 3489 2196 3528 rursus
2225 3473 2444 3534 extulit,
2481 3473 2646 3527 etiam
2680 3487 2804 3530 cum
2840 3472 3006 3525 homo
3047 3470 3231 3526 factus
3280 3479 3387 3536 est,
3418 3471 3582 3525 clari-

1999 3565 2194 3621 licatus
2227 3565 2578 3632 intelligitur,
2609 3572 2664 3617 et
2713 3564 3016 3631 sumpsisse
3050 3562 3271 3617 dicitur.
3316 3562 3436 3618 Una
3477 3565 3582 3617 ita-

1995 3675 2103 3728 que
2135 3673 2260 3712 cum
2293 3656 2517 3712 Christo
2543 3654 2850 3709 clariﬁcato
2883 3653 3220 3709 clarilicatus
3248 3662 3332 3710 est
3355 3657 3579 3709 omnino

1995 3748 2141 3804 Deus
2168 3764 2232 3803 ac
2263 3747 2423 3802 l’ater
2450 3765 2464 3801 :
2499 3745 2840 3801 clarilicatus
2872 3759 3004 3800 vero
3059 3753 3144 3800 est
3177 3745 3232 3798 iit
3265 3743 3428 3812 Filio,
3466 3762 3575 3800 non

1992 3849 2216 3905 accepta
2267 3840 2377 3895 ulla
2428 3838 2620 3909 gloriae
2675 3838 2995 3892 accessione
3029 3853 3061 3892 ει
3095 3852 3197 3892 suo
3232 3839 3511 3909 genimine
3545 3857 3558 3894 :

1992 3933 2175 3987 divina
2215 3932 2418 4003 quippe
2450 3937 2504 3985 et
2532 3927 2827 3984 ineﬂabilis
2865 3936 3065 3984 natura
3100 3945 3163 3985 ea
3201 3946 3432 4001 prorsus
3467 3946 3575 3985 non

1992 4024 2248 4096 indiget;
2290 4023 2386 4080 sed
2421 4023 2551 4095 quia
2601 4022 2840 4076 innotuit
2874 4022 3034 4093 cujus
3089 4021 3217 4077 Filii
3261 4024 3334 4077 sit
3388 4022 3574 4079 Pater.

1990 4115 2470 4185 Quemadmodum
2496 4115 2644 4170 enim
2671 4115 2848 4186 gloria
2873 4123 2958 4172 est
2984 4114 3145 4183 Filio,
3177 4117 3341 4170 talem
3372 4115 3576 4170 habere

1989 4210 2297 4265 secundum
2333 4216 2588 4262 naturam
2611 4208 2940 4278 genitorem,
2967 4206 3158 4262 eodem
3186 4211 3349 4261 modo
3373 4221 3576 4261 censeo

292 4285 350 4338 δὲ
393 4286 456 4338 ἐν
490 4286 624 4356 Υίῷ,
654 4289 717 4341 οὐ
759 4289 918 4359 δόξης
956 4293 1076 4346 τι.νά
1121 4296 1442 4367 προσθήκην
1498 4298 1681 4353 λαϐὼν
1731 4303 1884 4374 παρὰ

2004 4302 2151 4356 :tiam
2207 4301 2262 4353 in
2324 4299 2508 4353 Patris
2551 4299 2780 4370 gloriam
2821 4298 3038 4362 cedere,
3089 4297 3237 4368 quod
3283 4299 3450 4352 talem
3504 4313 3571 4350 ex

293 4375 386 4428 τοῦ
421 4377 550 4430 ίδίου
577 4381 739 4451 γεννή
751 4399 934 4451 ματοςο
976 4386 1228 4458 ἀνενδεὴς
1258 4388 1364 4459 γάρ
1403 4391 1648 4445 τοιούτου
1678 4395 1879 4458 παντὸς

2004 4393 2171 4462 εείρεο
2198 4389 2399 4445 habeat
2439 4387 2659 4445 Filium.
2711 4388 3004 4460 Propterea
3036 4389 3213 4443 dicit:
3257 4408 3275 4441 ι
3317 4387 3374 4443 Si
3428 4388 3571 4444 Deus

298 4467 469 4536 qﬂsta
493 4485 551 4520 τε
603 4471 695 4522 καὶ
726 4472 962 4545 ἄῤῥητος
989 4477 1147 4544 φύσις
1180 4495 1196 4512 ο
1221 4480 1335 4532 ἀλλ’
1360 4481 1590 4553 ἐπείπερ
1629 4484 1875 4554 ἐγνώσθη

2008 4482 2308 4537 lariticatus
2347 4490 2431 4535 est
2461 4481 2515 4534 in
2547 4497 2648 4545 eo,
2681 4493 2735 4535 et
2771 4482 2914 4538 Deus
2965 4481 3294 4536 clariﬁcabit
3332 4498 3459 4537 eum
3513 4482 3568 4535 in

291 4558 438 4622 τίνος
461 4561 577 4614 ἐστὶ
610 4563 816 4635 Πατήρ.
851 4567 1058 4639 Ὂνπερ
1089 4569 1195 4641 γάρ
1227 4571 1428 4638 τρόπον
1459 4572 1586 4640 δόξα
1622 4575 1718 4628 καὶ
1752 4575 1878 4630 καύ-

287 4665 444 4718 χημα
493 4652 552 4705 τὸ
592 4655 831 4710 τοιοῦτον
874 4655 1018 4727 ἔχειν
1059 4660 1202 4712 κατὰ
1245 4661 1406 4730 φύσιν
1440 4666 1760 4736 γεννήτορα,
1784 4667 1877 4720 τὸν

286 4742 451 4796 αὑτὸν
484 4739 642 4814 οἶμαι
707 4748 908 4818 τρόπον
940 4751 1035 4803 καὶ
1070 4751 1218 4820 αὐτῷ
1255 4753 1333 4823 τῷ
1393 4757 1569 4827 Πατρι
1598 4757 1727 4823 δόξα
1781 4760 1877 4813 καὶ

287 4831 552 4902 καύχημα
588 4835 650 4888 τὸ
681 4837 922 4892 τοιοῦτον
951 4840 1095 4911 ἔχειν
1124 4841 1184 4907 ἐξ
1222 4844 1416 4898 ἑαυτοῦ
1445 4846 1537 4900 τὸν
1561 4849 1692 4903 ἴδιον
1725 4851 1875 4908 Υἰόν.

284 4921 380 4972 Διά
409 4922 572 4975 τοῦτό
608 4941 804 4994 φησιν·
837 4948 855 4978 ι
881 4929 940 4980 Εἰ
971 4933 999 4983 ὀ
1028 4931 1160 4994 Θεὸς
1199 4932 1460 5005 ἐδοξάσθη
1503 4936 1561 4988 ὲν
1588 4938 1756 5009 αὐτῷ,
1781 4941 1876 4992 καὶ

283 5013 308 5062 ὁ
339 5011 477 5074 Θεὸς
511 5013 723 5079 δοξάσει
773 5019 955 5075 αὐτόν.
983 5041 1000 5074 ι
1044 5023 1198 5093 ’Ἅμα
1237 5024 1348 5095 γάρ
1392 5026 1654 5102 ἐδοξάσθη
1687 5033 1876 5102 Πατὴρ

283 5102 368 5156 διὰ
409 5104 507 5157 τὸν
549 5105 696 5170 Υίὸν,
743 5111 837 5162 καὶ
882 5111 1233 5178 ἀντεδόξασεν
1283 5117 1444 5180 εὐθὺς
1475 5119 1568 5172 τὸν
1593 5120 1744 5173 Υίόν⁸
1785 5125 1871 5175 ἐπ’

284 5193 449 5262 ἄμφω
491 5197 600 5267 γάρ
644 5198 713 5251 δι’
741 5201 944 5272 ἀμφοῖν
982 5205 1043 5258 τὸ
1079 5209 1177 5278 τῆς
1232 5209 1392 5278 δόξης
1439 5211 1612 5281 ὄνομα
1665 5215 1866 5284 τρέχει.

289 5284 425 5358 Πλὴν
456 5290 544 5342 ἵνα
573 5295 666 5345 καὶ
707 5296 764 5348 ἐν
799 5299 911 5360 τοῖς
945 5300 1066 5353 καθ’
1091 5303 1238 5373 ἡμᾶς
1265 5303 1361 5374 τὴν
1388 5309 1484 5358 τοῦ
1519 5306 1678 5373 λόγου
1703 5325 1870 5361 κατα-

285 5375 600 5453 6ι6ἀσωμεν
629 5386 876 5460 δύναμιν,
909 5392 1175 5461 ὡφελείας
1218 5400 1331 5460 τοῖς
1366 5398 1739 5469 ἀκροωμένοις
1790 5401 1866 5452 τί-

287 5481 502 5535 κτοντες
530 5472 806 5548 ἀφορμὴν,
838 5484 1013 5534 ἐκεῖνο
1043 5487 1253 5550 τούτοις
1282 5489 1594 5557 ἐποίσομεν.
1621 5490 1681 5542 Εἰ
1709 5489 1863 5555 δοξάο

355 5647 373 5675 ⁸
411 5651 588 5708 Galat.
624 5672 716 5709 ιιι.
756 5656 836 5713 13.
915 5661 930 5691 ⁷
959 5658 1119 5716 Rom.
1160 5679 1230 5729 ἰἰ,
1263 5665 1324 5728 0,
1368 5666 1448 5718 l0.

1591 5666 1824 5740 Philipp.
1866 5687 1939 5735 tt,

1976 4577 2294 4644 semetipso.
2335 4594 2353 4626 ι
2406 4574 2582 4629 Simul
2639 4576 2787 4630 enim
2861 4577 3197 4632 clariﬁcatus
3257 4584 3344 4632 est
3406 4574 3568 4629 Pater

1975 4677 2202 4738 propter
2235 4667 2465 4726 Filium,
2505 4675 2560 4722 et
2597 4667 2783 4722 statim
2815 4666 3014 4723 Filium
3059 4669 3305 4723 vicissim
3359 4667 3566 4720 clariﬁ-

1976 4760 2166 4815 cavit:
2200 4759 2269 4812 ad
2321 4768 2624 4830 utrumque
2671 4759 2860 4830 gloria:
2910 4776 3112 4816 nomen
3167 4759 3426 4830 pertinet.
3465 4757 3540 4813 Ve

1977 4859 2288 4905 rumtameu
2319 4859 2378 4903 ttt
2409 4861 2462 4906 et
2497 4850 2561 4905 ad
2590 4866 2692 4907 nos
2730 4868 2905 4922 usque
2931 4853 3205 4907 sermonis
3240 4852 3349 4906 vim
3383 4850 3559 4921 depri-

1976 4958 2216 5006 mantus,
2249 4942 2503 4998 utilitatis
2557 4944 2906 4998 occasionem
2971 4943 3325 4998 auditoribus
3367 4949 3560 5013 partu-

1972 5033 2200 5096 rientes,
2229 5033 2362 5086 illud
2390 5032 2477 5087 his
2500 5034 2790 5089 addemus.
2823 5031 2881 5087 Si
2911 5033 3283 5088 clarilicamus
3313 5032 3368 5086 in
3400 5032 3561 5087 nobis

1971 5124 2107 5194 ipsis
2143 5123 2333 5189 Deum,
2357 5125 2689 5195 sperandum
2720 5133 2804 5180 est
2854 5140 2955 5180 nos
2989 5125 3352 5179 clariﬁcatum
3389 5123 3454 5177 iri
3490 5123 3560 5178 ab

1973 5232 2059 5270 eo.
2096 5234 2114 5267 ι
2159 5215 2292 5270 Vivo
2326 5219 2471 5272 enim
2503 5234 2624 5288 ego,
2658 5218 2796 5272 dixit
2840 5217 3128 5280 Dominus,
3181 5215 3313 5284 quia
3345 5215 3555 5285 gloriﬁ-

1976 5317 2168 5363 cantes
2202 5324 2285 5363 me
2305 5310 2646 5377 gloriﬁcabo,
2675 5319 2730 5364 et
2782 5325 2889 5362 non
2924 5315 3259 5379 spernentur
3287 5307 3350 5361 “.
3383 5327 3402 5360 ι
3440 5306 3559 5361 Cla-

1974 5399 2219 5453 riﬁcatur
2265 5410 2444 5455 autem
2486 5417 2584 5470 per
2625 5415 2726 5454 nos
2785 5409 2840 5453 et
2879 5399 2934 5452 in
2993 5397 3156 5452 nobis
3223 5397 3387 5466 Deus,
3427 5414 3554 5452 eum

1975 5493 2218 5562 depulsis
2249 5495 2504 5550 sordibus
2563 5492 2768 5562 peccati
2802 5507 2896 5561 per
2955 5506 3118 5547 omne
3149 5507 3292 5561 opus
3344 5493 3549 5548 bonum

1979 5671 2031 5726 8.
2111 5673 2128 5702 ⁹
2175 5673 2298 5726 ibid.
2344 5676 2395 5726 υ.
2478 5672 2517 5701 ¹⁶
2561 5668 2694 5724 ibid.
2731 5667 2782 5722 6.
2824 5668 2862 5698 ”
2905 5668 2925 5724 Ι
2962 5668 3093 5737 Reg.
3137 5682 3208 5729 tt,
3243 5667 3298 5721 ἰ.
