4076 6270
513 249 625 306 155

1477 253 1534 309 S.
1570 254 1851 311 CYRILLI
1890 250 2369 309 ALEXANDRINI
2406 249 2731 308 ARCIIIEP.

3668 251 3775 309 I56

503 370 757 419 nostram
786 363 956 419 vitam
992 363 1358 420 illustramus.
1386 362 1638 422 Vivimus
1667 368 1813 422 enim
1850 367 1954 425 hoc
1984 381 2082 438 pa-

2191 368 2353 438 ζομεν
2376 368 2435 421 ὲν
2456 366 2669 427 ἑαυτοῖς
2708 364 2800 417 τὸν
2831 362 2984 430 Θεὸν,
3020 364 3482 439 προσδοκήσωμεν
3511 364 3595 421 ὅτι
3616 366 3769 436 δοξα-

504 461 599 509 cto
631 455 685 509 in
719 455 949 525 gloriam
980 456 1122 524 ejus.

2195 456 2509 528 σθησόμεθα
2537 455 2668 527 παρ’
2692 454 2882 509 αὐτοῦ.
2921 472 2941 507 ι
2980 455 3067 509 Ζῶ
3090 456 3200 528 γὰρ
3232 456 3365 526 ἐγὼ,
3376 457 3524 526 λέγει
3548 456 3775 530 Κύριος,

504 544 590 599 ὅτι
631 548 755 610 τοὺς
806 547 1126 613 δοξάζοντάς
1168 565 1234 618 με
1306 547 1547 613 δοξάσω,
1583 550 1679 604 καὶ
1743 551 1844 606 οὐκ
1916 550 2458 622 ὲξουδενωθήσονται.
2502 566 2523 601 ι
2578 548 2874 614 Δοξάζεται
2932 549 2991 602 δὲ
3039 549 3108 602 δι’
3166 548 3326 619 ἡμῶν
3383 550 3480 603 καὶ
3535 550 3595 603 ἑν
3646 552 3780 622 ἡμῖν

504 640 535 694 6
566 637 700 702 Θεὸς
723 679 737 703 ,
809 640 937 693 ὅταν
991 640 1082 694 τὸν
1130 643 1194 694 ὲκ
1246 642 1350 712 τῆς
1400 642 1674 714 ἁμαρτίας
1728 647 2121 718 παρωσάμενοι
2196 643 2389 715 ῥύπον,
2432 643 2524 698 διὰ
2569 644 2753 715 πάσης
2802 643 3169 715 ἀγαθοεργίας
3216 643 3309 698 τὸν
3366 645 3564 699 οἰκεῖον
3610 662 3782 701 κατα-

506 730 885 802 φαιδρύνωμεν
937 730 1070 801 βίον.
1098 733 1290 804 Ζῶμεν
1331 733 1440 808 γὰρ
1481 733 1655 800 οὕτως
1695 738 1775 800 είς
1801 736 1960 804 δόξαν
1988 734 2175 791 αὐτοῦ.

578 818 719 882 XIII,
748 820 836 874 35.
869 818 1081 885 Fitioli,
1114 822 1289 876 adhuc
1325 826 1591 880 modicum
1636 826 1903 883 vobiscum
1935 844 2076 886 sum.

522 940 523 943 η
580 908 872 966 Infantiam
902 919 957 967 et
986 927 1180 971 recens
1202 914 1479 971 editorum
1508 918 1632 973 Ioco
1656 926 1711 974 et
1740 920 1934 975 ordine
1968 920 2074 976 col-

507 1001 652 1054 locat
670 1001 998 1071 discipulos,
1025 1004 1159 1060 licet
1179 1005 1247 1060 ad
1275 1014 1488 1062 tantam
1512 1008 1736 1067 virtutis
1762 1026 2079 1068 mensuram

505 1099 750 1157 evectos,
786 1101 1051 1164 tantaque
1102 1097 1398 1167 prudentia
1447 1100 1712 1168 praeditos
1780 1111 1988 1173 quanta
2024 1102 2079 1157 in

507 1183 697 1254 paucis
734 1185 1068 1251 inveniatur,
1134 1188 1262 1244 hinc
1318 1191 1666 1260 apertissime
1716 1192 1927 1250 docens
1956 1210 2081 1249 eum

506 1276 604 1346 qui
630 1275 791 1331 valde
818 1277 984 1331 etiam
1016 1277 1299 1348 perfectus
1321 1280 1467 1337 inter
1489 1282 1744 1340 homines
1774 1292 2087 1352 censeatur,

507 1365 775 1423 infantem
801 1383 927 1424 esse
959 1379 1013 1424 et
1043 1371 1235 1426 rudem
1262 1373 1406 1443 apud
1436 1373 1627 1430 Deum.
1658 1374 1799 1442 Quid
1832 1378 1979 1434 enim
2005 1386 2089 1433 est

505 1460 800 1530 prudentia
828 1462 1089 1529 hominis,
1123 1464 1170 1520 si
1204 1468 1332 1520 cum
1366 1467 1613 1524 universi
1643 1468 1841 1538 Opiﬁce
1869 1471 2090 1540 sapien-

507 1552 584 1605 tia
624 1555 1021 1622 comparetur?
1049 1554 1263 1611 Idcirco
1296 1557 1588 1615 Psalmista
1625 1559 1694 1616 ad
1727 1560 1897 1616 Deum
1939 1563 2089 1619 dice-

504 1639 635 1696 bat:
673 1663 690 1694 ι
728 1642 801 1698 Ut
846 1643 1159 1713 jumentqu
1214 1645 1395 1703 factus
1421 1664 1542 1702 sum
1575 1649 1723 1719 apud
1751 1659 1804 1706 te
1830 1652 1893 1704 ".
1931 1670 1949 1704 ι
1986 1651 2087 1707 Ne-

2256 827 2484 895 Τεκνια,
2513 826 2603 882 ἔτι
2622 826 2839 898 μικρὸν
2862 829 3089 898 χρόνον
3116 829 3245 899 μεθ’
3274 827 3444 898 ὑμῶν
3469 829 3610 898 ειμι.

2262 920 2351 974 Ἐν
2385 924 2452 993 τῇ
2485 920 2595 975 τῶν
2637 922 2866 976 τεκνίων
2905 919 3201 995 τάξειῃιαὶ
3223 922 3282 975 ιν
3313 923 3428 987 τοῖς
3470 924 3781 995 ἀρτιτόκοις

2183 1011 2407 1083 βρέφεσι
2429 1014 2757 1069 κατατάττει
2785 1015 2914 1079 τοὺς
2940 1014 3209 1086 μαθητὰς,
3221 1013 3398 1068 καίτοι
3420 1015 3559 1088 πρὸς
3587 1017 3779 1072 τοσοῦ-

2180 1121 2271 1158 τον
2332 1105 2535 1176 ἀρετῆς
2604 1105 3065 1178 ἀναπηδήσαντας
3124 1105 3326 1177 μέτρον
3351 1144 3370 1172 ,
3404 1106 3502 1161 καὶ
3560 1105 3779 1161 σύνεσιν

2181 1196 2407 1268 ἔχοντας
2434 1198 2534 1269 τὴν
2567 1198 2767 1267 ὀλίγοις
2794 1197 3259 1269 κατωρθωμένην,
3287 1198 3504 1262 δεικνὺς
3530 1198 3618 1252 διὰ
3652 1198 3780 1253 τοὺ-

2181 1304 2274 1342 του
2295 1328 2309 1351 ,
2339 1288 2436 1342 καὶ
2488 1289 2634 1359 μάλα
2677 1289 2886 1359 σαφῶς,
2928 1290 3012 1343 ὅτι
3042 1287 3138 1343 καὶ
3168 1291 3198 1344 6
3246 1288 3453 1360 σφόδρα
3484 1288 3693 1353 τέλειος
3720 1291 3779 1342 ὲν

2181 1377 2493 1450 ἀνθρώποις
2528 1380 2912 1445 ὑποπτευθεὶς,
2950 1380 3143 1451 νήπιός
3173 1380 3291 1434 ἔστι
3340 1381 3493 1452 παρά
3532 1380 3611 1450 τῷ
3635 1380 3775 1451 Θεῷ,

2184 1470 2279 1523 καὶ
2327 1469 2535 1541 βραχὺς
2578 1470 2678 1534 τὰς
2717 1469 2942 1542 φρένας.
2989 1471 3055 1524 Τί
3087 1472 3264 1543 γὰρή
3313 1471 3605 1543 ἀνθρώπου
3650 1471 3778 1525 σύν-

2183 1577 2300 1624 εσις
2325 1602 2340 1625 ,
2369 1560 2447 1625 ὡς
2488 1561 2631 1631 πρὸς
2678 1561 2776 1632 τὴν
2801 1562 2910 1615 τῶν
2965 1562 3103 1615 ὃλων
3147 1564 3382 1631 τεχνῖτιν
3422 1562 3653 1630 σοφίαν;
3682 1562 3780 1615 Διά

2184 1652 2342 1706 τοῦτό
2386 1669 2472 1717 τις
2518 1652 2739 1722 ψάλλων
2785 1652 2941 1722 ἔλεγε
3000 1652 3139 1724 πρὸς
3193 1652 3325 1706 Θεόν
3368 1670 3383 1684 ο
3424 1670 3444 1704 α
3484 1651 3779 1723 Κτηνώδης

506 1746 615 1800 que
660 1747 791 1787 vero
852 1749 1001 1789 sanae
1031 1738 1233 1794 mentis
1295 1741 1441 1795 ullus
1476 1741 1681 1796 dixerit
1732 1743 2081 1797 Psalmistam

2191 1743 2483 1816 ἐγεννήθην
2517 1744 2670 1816 παρὰ
2694 1745 2796 1800 σοί,
2835 1764 2855 1797 ο
2896 1745 3005 1798 Καὶ
3032 1744 3154 1816 οὐχὶ
3186 1744 3407 1808 πάντως
3435 1745 3559 1816 ἐρεῖ
3581 1761 3690 1809 τις,
3728 1745 3782 1799 ετ

502 1823 813 1892 iumentum
840 1826 963 1882 ideo
999 1831 1182 1884 vocari
1212 1832 1356 1899 quod
1394 1832 1504 1889 Deo
1533 1835 1827 1891 adhaeserit
1882 1854 1896 1891 :
1933 1846 2083 1892 esset

505 1915 652 1968 enim
687 1919 874 1987 gravis
907 1919 1011 1975 ista
1045 1921 1099 1975 in
1134 1931 1390 1978 naturam
1439 1925 1681 1980 divinam
1725 1928 2079 1993 contumelia,

507 2021 870 2079 magnamque
902 2010 954 2064 in
991 2027 1052 2067 se
1085 2014 1372 2071 continere
1414 2016 1815 2077 absurditatem
1862 2019 2080 2074 videre-

506 2106 617 2153 tur.
650 2099 783 2154 Nam
822 2104 913 2172 qui
971 2104 1178 2160 hominI
1234 2107 1469 2177 sapienti
1528 2109 1793 2174 adhaeret,
1828 2118 1884 2164 et
1936 2112 2081 2180 apud

505 2205 629 2245 eum
666 2191 844 2249 factus
874 2203 959 2250 est
983 2195 1265 2267 (aptanda
1295 2201 1439 2254 enim
1468 2211 1573 2262 est.
1607 2211 1666 2255 ut
1701 2217 1848 2265 reor,
1885 2203 2081 2272 psalmi

504 2282 697 2347 dictio,
730 2294 955 2356 propter
1004 2304 1162 2343 usum
1192 2294 1231 2357 ),
1264 2307 1611 2363 nequaquam
1665 2302 1725 2348 ut
1775 2294 2081 2364 iumentum

512 2372 706 2438 fuerit,
737 2379 833 2430 sed
884 2384 1051 2452 sagax
1078 2381 1285 2449 potius,
1316 2390 1369 2434 et
1410 2385 1683 2452 prudens,
1718 2399 1783 2439 ac
1818 2385 2082 2456 singulari

508 2467 739 2521 solertia
775 2469 1060 2538 praeditus.
1088 2470 1247 2537 Quod
1278 2472 1322 2528 si
1355 2475 1480 2543 quis
1510 2490 1617 2531 non
1655 2475 1858 2546 injuria
1893 2492 2082 2532 verum

508 2557 670 2630 747
708 2558 764 2613 id
795 2574 919 2615 esse
958 2561 1200 2627 dixerit,
1263 2565 1540 2631 quomodo
1597 2582 1709 2621 non
1770 2566 1948 2622 futilis
1980 2568 2085 2621 erit

507 2650 764 2721 quisquis
794 2651 1076 2707 existimet
1114 2653 1392 2710 hominem
1439 2658 1742 2729 sapientem
1783 2657 2084 2713 helluinum

505 2750 562 2796 et
592 2741 846 2797 insanum
880 2743 1017 2811 fore,
1044 2744 1174 2800 licet
1206 2746 1311 2816 ipsi
1334 2747 1429 2802 Dei
1455 2748 1743 2818 sapientia:
1772 2749 2087 2805 adhareat?

509 2831 651 2898 Quid
693 2849 825 2904 ergo
850 2842 958 2899 est,
992 2835 1192 2905 inquit,
1225 2839 1373 2908 quod
1424 2841 1586 2894 etiam
1645 2841 1788 2896 inter
1836 2841 2086 2897 homines

508 2924 977 2993 sapientissimus,
1024 2924 1073 2980 si
1101 2942 1224 2981 cum
1270 2927 1364 2985 Dei
1393 2930 1664 3000 sapientia
1714 2941 2084 3000 comparetur,

510 3024 571 3067 ut
614 3013 924 3084 iumentum
972 3019 1284 3074 censendus
1325 3021 1422 3085 sit,
1478 3029 1531 3075 et
1565 3021 1712 3076 inter
1739 3022 1968 3078 insanos
2000 3038 2089 3079 re-
2116 3055 2159 3112 ε

510 3109 838 3178 putandus?
897 3110 1376 3178 Quemadmodum
1430 3114 1578 3169 enim
1650 3115 1937 3169 minimum
1997 3115 2085 3169 in-

511 3211 594 3254 ter
638 3209 790 3255 astra
840 3218 1191 3274 nequaquam
1249 3220 1377 3259 cum
1429 3206 1566 3261 solis
1621 3204 1794 3260 radiis
1825 3205 2083 3270 certabit,

512 3307 691 3364 neque
720 3308 887 3365 grave
923 3277 1121 3351 saxum
1155 3311 1282 3352 cum
1336 3305 1525 3351 monte
1576 3296 1823 3364 Omnium
1886 3296 2094 3351 altissi-

511 3401 625 3453 mo,
662 3385 749 3442 sic
786 3386 1076 3442 hominum
1128 3388 1425 3460 prudentia
1476 3404 1763 3460 nunquam
1821 3403 1950 3444 cum
1997 3388 2090 3445 Dei

511 3478 783 3549 sapientia
832 3479 1041 3549 poterit
1076 3479 1409 3551 comparari,
1448 3480 1562 3535 imo
1596 3495 1732 3536 vero
1782 3480 1922 3535 nihil
1985 3480 2092 3537 erit

515 3585 744 3641 prorsus
791 3570 861 3626 ad
916 3570 1070 3627 illam
1126 3581 1466 3644 comparata.
1531 3570 1725 3627 Infans
1772 3572 1942 3643 igitur
2006 3582 2092 3630 est

512 3664 679 3718 etiam
711 3664 1008 3735 perlectus.
1040 3664 1254 3721 Modico
1285 3681 1418 3722 vero
1445 3674 1695 3737 tempore
1744 3680 1869 3720 cum
1925 3664 2095 3720 disci-

515 3755 662 3823 pulis
696 3754 814 3811 suis
846 3755 962 3813 Iore
988 3772 1048 3813 se
1076 3755 1336 3813 Christus
1365 3758 1568 3823 aiebat,
1592 3772 1703 3811 non
1736 3757 1899 3827 quasi
1932 3757 2095 3826 pIane

517 3860 863 3912 recessurus,
896 3862 1078 3917 neque
1109 3849 1334 3904 omnino
1389 3848 1716 3904 aIienandus
1754 3866 1769 3903 :
1804 3848 2093 3903 nobiscum

513 3936 666 3991 enim
699 3945 782 3992 est
819 3939 1077 3993 omnibus
1110 3939 1324 4005 diebus,
1342 3941 1506 3994 etiam
1535 3955 1710 4009 usque
1740 3938 1808 3993 ad
1837 3953 2096 3994 consum-

516 4028 811 4083 mationem
841 4031 1052 4094 saeculi,
1077 4030 1242 4100 juxta
1284 4045 1475 4085 vocem
1514 4029 1693 4099 ipsius
1713 4029 1756 4061 ¹³
1787 4047 1801 4085 :
1841 4029 1939 4085 sed
1966 4030 2093 4100 quia

516 4120 573 4174 in
604 4135 774 4176 carne
827 4137 936 4177 non
977 4123 1203 4178 sitcum
1260 4123 1328 4179 iis
1387 4122 1632 4190 futurus,
1694 4123 1841 4179 sicut
1890 4125 2006 4180 heri
2042 4136 2096 4180 et

516 4213 948 4282 nudiustertius,
1002 4217 1242 4272 instabat
1299 4232 1430 4272 vero
1499 4215 1734 4283 foribus,
1792 4219 1902 4273 imo
1951 4218 2096 4273 intra

2184 1850 2247 1902 γε
2281 1832 2404 1888 νοῦν
2429 1833 2564 1904 ἔχοι,
2608 1835 2696 1888 διὰ
2730 1835 2825 1889 τοῦ
2872 1834 3231 1905 κεκολλῆσθαι
3260 1833 3338 1905 τῷ
3366 1834 3506 1905 Θεῷ,
3529 1834 3780 1905 κτηνώδη

2183 1924 2435 1994 λέγεσθαι
2475 1927 2568 1981 τὸν
2608 1925 2881 1996 ψάλλοντα
2923 1942 2938 1957 ο
2972 1925 3058 1994 εῐη
3108 1925 3218 1995 7&9
3264 1924 3332 1979 ἂν
3379 1924 3541 1979 τοῦτο
3583 1925 3782 1996 πικρὸν

2182 2019 2281 2087 τῆς
2311 2017 2463 2082 θείας
2496 2018 2713 2088 φύσεως
2760 2017 3125 2088 κατηγόρημα
3147 2056 3162 2078 ,
3190 2017 3285 2070 καὶ
3320 2015 3524 2087 πολλὴν
3551 2015 3620 2069 ἂν
3660 2016 3784 2087 ἔχον

2183 2105 2358 2175 ὁρῷτο
2392 2106 2493 2178 τὴν
2527 2107 2779 2160 ἀτοπίαν.
2819 2105 2875 2159 '0
2916 2106 3013 2175 μὲν
3043 2104 3151 2175 γὰρ
3189 2102 3466 2174 ἀνθρώπῳ
3504 2102 3783 2174 κολλώμε-

2183 2214 2273 2260 νος
2300 2197 2470 2268 σοφῷ,
2498 2198 2594 2251 καὶ
2630 2198 2762 2268 παρ’
2798 2196 2948 2267 αὐτῷ
2990 2196 3279 2266 γινόμενος
3313 2195 3416 2262 (δεῖ
3450 2195 3581 2265 γὰρ,
3601 2191 3778 2266 οἶμαι,

2183 2290 2282 2359 τὴν
2300 2289 2448 2356 λέξιν
2475 2290 2570 2343 τοῦ
2591 2288 2810 2359 ψαλμοῦ
2848 2288 3297 2359 συναρμόσασθαι
3317 2287 3409 2340 διὰ
3429 2286 3529 2359 τὴν
3544 2285 3780 2357 χρείαν),

2186 2383 2471 2453 κτηνώδης
2509 2382 2611 2435 οὐκ
2649 2382 2716 2435 ἀν
2766 2380 2977 2450 γένοιτό
3012 2396 3168 2444 ποτε,
3204 2377 3459 2449 ἀγχίνως
3483 2378 3541 2431 δὲ
3580 2377 3784 2449 μᾶλλον

2186 2473 2284 2526 καὶ
2331 2472 2577 2536 συνετὸς,
2624 2472 2720 2525 καὶ
2754 2470 2952 2543 δριμὺς
2989 2471 3069 2533 είς
3111 2468 3398 2539 φρόνησιν.
3428 2467 3492 2521 El
3519 2467 3584 2538 δὴ
3622 2465 3786 2520 τοῦτο

2187 2564 2321 2635 φαίη
2346 2581 2431 2627 τις
2461 2563 2550 2628 ἂν,
2572 2565 2669 2616 καὶ
2692 2562 2840 2634 μάλα
2869 2561 3094 2625 δικαίως
3126 2559 3397 2631 ὑπάρχειν
3417 2558 3638 2629 ἀληθὲς,
3662 2559 3786 2623 πῶς

2186 2653 2286 2706 οὐκ
2320 2652 2388 2706 ἂν
2416 2652 2585 2706 οἴοιτο
2608 2651 2792 2723 ληρῶν
2817 2692 2831 2714 ,
2862 2650 2953 2704 τὸν
3003 2643 3115 2717 ᾦγε
3147 2650 3379 2720 πάρεστι
3417 2649 3659 2719 φρονεῖν,
3697 2647 3786 2701 ὅτι

2187 2744 2465 2815 κτηνώδης
2490 2744 2661 2809 ἔσται,
2680 2744 2772 2797 καὶ
2788 2743 2973 2805 ἄνους,
2999 2745 3028 2795 ὁ
3055 2744 3188 2813 παρ’
3215 2741 3352 2812 αὐτῇ
3384 2740 3677 2810 γενόμενος
3711 2740 3782 2808 τῇ

2191 2838 2352 2909 σοφίᾳ
2387 2836 2482 2890 τοῦ
2529 2835 2700 2903 Θεοῦ;
2735 2834 2801 2889 Τί
2846 2824 2940 2888 οὖν
2965 2835 3103 2906 ἄρα,
3133 2832 3319 2904 φησὶν,
3350 2833 3435 2886 ὅτι
3472 2832 3570 2885 καὶ
3597 2831 3627 2883 6
3658 2830 3783 2883 λίαν

2190 2930 2356 3000 σοφὸς
2395 2932 2455 2983 ὲν
2503 2926 2831 2999 ἀνθρώποις,
2868 2928 2918 2979 εί
2947 2928 3013 2997 τῇ
3047 2923 3143 2977 τοῦ
3186 2921 3324 2977 Θεοῦ
3364 2920 3525 2992 σοφίᾳ
3554 2921 3786 2991 συγκρί-

2191 3038 2355 3085 νοιτο,
2394 3019 2676 3090 κτηνώδης
2723 3036 2784 3072 τε
2832 3017 2908 3071 ὣν
2963 3015 3300 3086 ὀφθήσεται,
3329 3013 3424 3068 καὶ
3451 3016 3512 3066 ὲν
3538 3014 3655 3075 τοῖς
3682 3013 3786 3065 οὐκ

2191 3114 2374 3184 έχουσι
2432 3111 2556 3167 νοῦν
2603 3110 3038 3181 λογισθήσεται;
3082 3108 3292 3179 Ὄνπερ
3346 3107 3456 3176 γὰρ
3515 3105 3717 3176 τρόπον
3752 3106 3785 3157 6

2195 3204 2521 3275 μικρότατος
2555 3203 2665 3255 τῶν
2695 3202 2939 3271 ἀστέρων
2971 3200 3071 3253 οὐκ
3113 3197 3181 3252 ἂν
3212 3200 3333 3262 ταῖς
3361 3196 3512 3266 ἡλίου
3547 3194 3785 3265 φιλονει-

2191 3295 2315 3364 κοίη
2338 3294 2541 3365 βολαῖς,
2575 3295 2691 3348 ἀλλ’
2719 3294 2842 3347 οὐδὲ
2878 3292 3024 3354 λίθος
3054 3294 3083 3345 6
3111 3289 3279 3362 βαρὺς
3310 3288 3428 3361 ὄρει
3449 3288 3529 3359 τῷ
3560 3289 3785 3342 πάντων

2193 3388 2512 3459 ὑπερφερεῖ,
2542 3386 2716 3448 οὕτως
2748 3383 3053 3455 ἀνθρώπων
3086 3383 3302 3446 σύνεσις
3354 3382 3456 3434 οὐκ
3472 3379 3539 3433 ἂν
3565 3378 3784 3434 δύναιτό

2194 3498 2325 3535 ποτε
2371 3483 2439 3551 τῇ
2490 3479 2585 3533 τοῦ
2632 3477 2769 3531 Θεοῦ
2830 3477 2992 3548 σοφίᾳ
3049 3474 3461 3546 συγκρίνεσθαι,
3496 3473 3698 3545 μᾶλλον
3725 3472 3785 3526 δὲ

2193 3573 2345 3628 οὐδὲν
2385 3572 2522 3636 ὅλως
2572 3570 2725 3624 ἔσται
2767 3569 2906 3639 πρὸς
2961 3568 3179 3637 εκείνην
3226 3565 3529 3630 παντελῶς.
3558 3565 3785 3620 Τεκνίον

2193 3665 2301 3737 ἄρα
2345 3663 2438 3718 καὶ
2475 3665 2503 3716 6
2545 3660 2769 3725 τέλειος.
2811 3659 3027 3729 Μικρόν
3066 3675 3130 3726 γε
3171 3658 3282 3730 μὴν
3319 3657 3399 3711 ἔτι
3429 3658 3622 3729 χρόνον
3656 3675 3786 3711 συν-

2194 3754 2412 3809 έσεσθαι
2444 3756 2557 3816 τοῖς
2596 3750 2791 3805 ἑαυτοῦ
2822 3747 3093 3821 μαθηταῖς
3139 3747 3245 3819 ἔφη
3277 3749 3538 3821 Χριστὸς,
3571 3748 3673 3818 οὐχ
3708 3747 3787 3811 ὡς

2195 3845 2516 3918 ἀφεστήξων
2551 3842 2853 3907 παντελῶς,
2886 3842 3010 3895 οὐδὲ
3049 3842 3130 3905 είς
3159 3842 3307 3895 ἆπαν
3347 3839 3442 3894 καὶ
3473 3839 3786 3912 ὁλοκλήρως

2195 3938 2671 4011 ἀλλοτριούμενος
2706 3936 2824 4009 μεθ’
2842 3936 3000 4009 ἡμῶν
3029 3936 3138 4006 γάρ
3163 3938 3281 3989 ἐστι
3311 3935 3495 3997 πάσας
3513 3933 3615 3998 τὰς
3644 3934 3783 4005 ἡμέ-
3849 3986 3853 3989 τ

2197 4048 2318 4103 ρας,
2349 4031 2442 4085 καὶ
2465 4031 2571 4095 ἓως
2625 4030 2726 4099 τῆς
2757 4027 3069 4091 συντελείας
3095 4025 3189 4081 τοῦ
3241 4026 3439 4089 αἰῶνος
3463 4064 3479 4089 ,
3510 4024 3654 4080 κατὰ
3684 4025 3791 4094 τὴν

2196 4122 2363 4178 αὐτοῦ
2421 4124 2643 4195 φωνήν*
2678 4122 2793 4176 ἀλλ’
2828 4121 2910 4174 ὅτι
2965 4123 3103 4191 μετὰ
3161 4119 3365 4192 σαρκὸς
3413 4117 3475 4171 οὐ
3512 4116 3786 4180 συνέσται,

2196 4217 2450 4286 καθάπερ
2501 4216 2691 4286 ἐχθὲς,
2750 4214 2847 4269 καὶ
2901 4212 3129 4284 τρίτην·
3176 4207 3244 4282 ἦν
3296 4210 3356 4264 δὲ
3407 4209 3502 4262 ἐπὶ
3551 4207 3786 4279 θύραις,

516 4316 708 4376 portas
743 4316 863 4362 erat
895 4316 1111 4377 tempus
1166 4309 1506 4365 reversionis
1536 4309 1605 4364 ad
1636 4308 1849 4365 Patrem
1888 4327 1954 4367 ex
1989 4312 2092 4367 hoc

2201 4311 2398 4381 μᾶλλον
2428 4310 2485 4364 δὲ
2513 4310 2646 4362 εἵσω
2680 4306 2861 4378 θυρῶν
2890 4308 2918 4359 ὁ
2956 4305 3147 4376 καιρὸς
3190 4304 3291 4374 τῆς
3350 4301 3602 4356 ἐντεῦθεν
3649 4301 3791 4354 ἀπο-

518 4396 746 4459 tnundo,
783 4405 837 4453 et
866 4398 1074 4454 reditus
1096 4399 1148 4452 in
1174 4400 1399 4455 caelum.
1428 4398 1706 4470 Quotquot
1735 4408 1914 4455 autem
1943 4408 2092 4456 recte

2197 4403 2399 4475 δημίας
2446 4402 2573 4473 πρὸς
2620 4403 2711 4454 τὸν
2765 4398 3003 4470 Πατέρα,
3043 4397 3136 4450 καὶ
3176 4396 3276 4465 τῆς
3329 4393 3519 4448 ἀνόδου
3566 4394 3668 4464 τῆς
3707 4392 3789 4454 είς

518 4488 786 4557 sentiunt,
823 4505 886 4545 ac
922 4491 1131 4545 Iirmam
1170 4492 1330 4547 [idem
1369 4493 1594 4555 habent,
1626 4493 1680 4547 in
1720 4493 1961 4548 animum
1993 4494 2092 4549 sibi

2193 4495 2442 4567 οὐρανόν.
2481 4493 2795 4547 Διακεῖσθαι
2846 4491 2903 4545 δὲ
2948 4491 3063 4544 δεῖν
3103 4489 3400 4556 ἀναγκαῖον
3432 4481 3573 4540 εἷναί
3621 4500 3786 4557 φημι,

519 4580 783 4639 inducere
812 4582 1016 4639 debent
1052 4584 1222 4655 quod,
1279 4586 1406 4640 licet
1452 4585 1599 4641 absit
1634 4600 1664 4639 a
1713 4586 1874 4641 nobis
1902 4600 2097 4649 carne,

518 4669 588 4725 ad
619 4669 788 4727 Deum
826 4688 1023 4745 nempe
1051 4690 1114 4731 ac
1143 4674 1362 4731 Patrem
1408 4692 1684 4744 reversus,
1718 4688 2098 4733 verumtamen

518 4763 704 4819 divina
750 4768 805 4820 vi
855 4781 922 4821 ac
979 4775 1255 4838 potestate
1289 4770 1471 4823 omnia
1508 4770 1801 4840 gubernat,
1847 4779 1901 4825 et
1940 4770 2100 4825 adest

517 4856 875 4928 diligentibus
935 4874 1013 4915 se.
1074 4858 1286 4916 Idcirco
1337 4862 1485 4916 enim
1539 4862 1763 4916 aiebat:
1804 4880 1824 4913 ‹
1886 4862 2092 4924 Amen,

517 4964 675 5005 amen
702 4950 829 5006 dico
858 4952 1033 5018 vobis,
1075 4954 1166 5008 ubi
1197 4954 1305 5008 duo
1340 4955 1420 5009 vel
1460 4963 1570 5008 tres
1592 4963 1723 5009 sunt
1759 4955 2092 5024 congregati

519 5041 577 5097 in
632 5045 858 5100 nomine
907 5061 1070 5102 meo.
1122 5045 1199 5100 ibi
1250 5062 1371 5101 sum
1434 5047 1488 5098 in
1530 5044 1713 5100 medio
1748 5044 2030 5099 eorum“.
2073 5063 2092 5096 ι

520 5134 991 5199 Quemadmodum
1032 5136 1176 5192 cnim
1235 5150 1361 5191 cum
1424 5135 1569 5191 inter
1611 5134 1867 5189 homines
1917 5135 2100 5190 adhuc

521 5236 972 5295 eonversaretur,
1004 5238 1060 5284 et
1111 5228 1166 5283 in
1200 5238 1346 5285 terra
1399 5243 1525 5283 cum
1580 5242 1749 5282 carne
1782 5227 2099 5294 exsisteret,

526 5317 788 5387 implebat
842 5320 1065 5389 quidem
1098 5320 1290 5383 caelos,
1325 5329 1378 5375 ct
1428 5334 1554 5375 cum
1612 5319 1822 5375 sanctis
1889 5321 2103 5390 angelis

528 5407 878 5471 versabatur,
908 5424 1013 5463 nec
1045 5425 1281 5481 superna
1320 5410 1436 5464 loca
1490 5409 1877 5480 relinquebat:
1918 5410 1992 5464 ita
2046 5417 2102 5464 ct

527 5511 677 5552 nunc
728 5498 783 5551 in
823 5499 980 5555 cmlis
1018 5515 1144 5555 cum
1203 5517 1301 5557 sua
1335 5517 1502 5557 carne
1560 5502 1836 5559 exsistcns
1897 5512 2098 5557 terram

2197 4590 2324 4651 τοὺς
2362 4588 2417 4641 οῖ
2445 4603 2510 4654 γε
2551 4586 2839 4655 φρονοῦσιν
2886 4583 3098 4654 ὀρθῶς,
3129 4580 3225 4635 καὶ
3276 4578 3573 4651 ἱδρυμένην
3603 4578 3788 4649 ἔχουσι

2194 4680 2295 4752 τὴν
2343 4678 2547 4739 πίστιν,
2580 4675 2654 4740 ὡς
2681 4677 2730 4729 εί
2778 4675 2872 4728 καὶ
2905 4674 3132 4728 ἄπεστιν
3156 4669 3313 4742 ἡμῶν
3340 4672 3407 4741 τῇ
3448 4668 3615 4739 σαρκὶ
3640 4708 3653 4733 ,
3691 4666 3791 4737 τὴν

2201 4772 2336 4842 πρὸς
2395 4769 2529 4823 Θεὸν
2594 4769 2689 4821 καλ⁵
2747 4767 2968 4837 Πατέρα
3032 4763 3382 4833 στειλάμενος
3439 4758 3785 4829 ἀποδημίαν,

2199 4859 2314 4913 ἀλλ’
2348 4852 2441 4910 οὖν
2488 4859 2555 4927 τῇ
2595 4855 2716 4927 θείᾳ
2757 4855 2985 4923 δυνάμει
3035 4851 3287 4923 περιέπει
3342 4849 3410 4902 τὰ
3457 4848 3786 4917 σύμπαντα,

2205 4952 2297 5006 καὶ
2336 4950 2681 5020 συμπάρεστι
2709 4951 2821 5012 τοῖς
2863 4946 3153 5015 ἀγαπῶσιν
3203 4944 3387 4996 αὐτόν.
3433 4942 3533 4994 Διὰ
3564 4940 3676 5010 γάρ
3707 4955 3788 4993 τοι

2199 5040 2356 5095 τοῦτο
2400 5040 2496 5094 xui.
2538 5038 2777 5109 ἔφασκεν
2805 5055 2819 5069 ο
2862 5057 2881 5088 ι
2947 5035 3153 5106 Ἀμὴν,
3210 5032 3357 5103 ἀμὴν
3382 5071 3397 5097 ,
3428 5030 3573 5099 λέγω
3623 5029 3788 5099 ὑμῖν,

2202 5133 2336 5187 ὅπου
2368 5132 2464 5186 ἐὰν
2491 5130 2845 5202 συναχθέντες
2876 5125 2978 5183 ὦσι
3019 5128 3112 5182 δύο
3144 5127 3178 5197 ἦ
3221 5127 3371 5197 τρεῖς
3418 5125 3501 5186 είς
3543 5122 3607 5175 τὸ
3659 5120 3790 5192 ἐμὸν

2203 5225 2406 5295 ὄνομα,
2438 5226 2555 5278 ἐκεῖ
2593 5225 2709 5294 είμι
2761 5224 2819 5276 ἐν
2856 5223 3005 5293 μέσῳ
3034 5218 3235 5273 αὐτῶν.
3267 5236 3286 5269 ι
3317 5217 3531 5287 Ὠσπερ
3553 5214 3664 5285 7&9
3694 5215 3790 5266 ἀν-

2203 5316 2443 5389 θρώποις
2492 5316 2572 5369 ἔτι
2610 5313 3087 5383 συνδιαιτώμενος,
3119 5310 3215 5365 καὶ
3248 5310 3343 5362 ἐπὶ
3389 5309 3493 5378 γῆς
3526 5307 3791 5377 ὑπάρχων

2210 5410 2347 5480 μετὰ
2382 5409 2584 5480 σαρκὸς
2604 5449 2616 5473 ,
2651 5407 2891 5478 ἐπλήρου
2926 5408 3023 5477 μὲν
3052 5404 3315 5475 οὐρανοὺς
3334 5442 3348 5466 ,
3382 5400 3550 5470 συνῆν
3578 5397 3639 5450 δὲ
3670 5395 3792 5449 τότε

2209 5506 2322 5567 τοῖς
2366 5503 2540 5572 ἁγίοις
2592 5501 2860 5571 ἀγγέλοις,
2892 5501 2992 5554 οὐκ
3051 5494 3373 5551 ἀπελείπετό
3413 5510 3471 5545 τε
3518 5490 3632 5545 τῶν
3682 5488 3797 5542 ἀνω

607 5672 649 5704 ⁸³
685 5667 832 5727 Psal.
867 5687 1011 5728 um
1040 5715 1053 5739 ,
1084 5674 1176 5730 ‘25.
1258 5679 1297 5708 ⁸³
1338 5676 1527 5730 Matth.
1569 5694 1735 5732 xxvm
1762 5718 1775 5743 ,
1810 5678 1901 5733 20.
1969 5678 2010 5709 “
2050 5677 2240 5733 Matth.
2278 5694 2444 5742 XVIII,
2475 5678 2563 5733 20.
