4076 6270
319 302 422 361 15⁸1

1345 296 1411 353 ΗΝ
1464 293 1747 353 JOANNIS
1781 287 2233 347 EVANGELIUM
2274 289 2404 345 LIB.
2440 289 2511 346 IX

3470 281 3575 337 I58

311 417 540 491 χώρων·
568 414 710 470 οὕτω
734 416 826 469 καὶ
850 413 945 468 νῦν
964 413 1224 482 ὑπάρχων
1252 410 1311 463 ὲν
1334 409 1585 480 οὐρανοῖς
1623 407 1764 480 μετὰ
1787 405 1889 477 τῆς

2013 404 2212 475 ιιιίιιειιι
2247 404 2459 474 implet,
2499 409 2554 458 et
2590 416 2716 457 cum
2749 400 2868 456 suis
2902 403 3290 454 conversatur.
3321 394 3572 451 Observa

317 510 456 572 ιδίας
480 506 702 581 σαρκὸς,
718 505 918 576 πληροῖ
939 504 1039 575 μὲν
1061 502 1161 574 τὴν
1176 500 1303 572 γῆν,
1321 499 1535 555 σύνεστι
1551 500 1607 554 δὲ
1627 502 1737 565 τοῖς
1769 500 1897 553 ἑαυ-

312 600 411 655 τοῦ
438 599 754 671 γνωρίμοις.
774 597 1051 667 Ἐπιτήρει
1086 594 1144 648 δὲ
1163 594 1334 660 ὅπως,
1352 593 1529 649 καίτοι
1559 592 1703 648 κατά
1738 591 1904 664 μόνην

315 691 417 764 τὴν
455 690 633 762 σάρκα
668 686 998 761 χωρίζεσθαι
1037 684 1352 757 προσδοκῶν
1374 684 1613 755 (σύνεστι
1633 684 1744 756 γὰρ
1771 684 1904 756 ἡμῖν

316 786 384 854 τῇ
403 781 626 852 δυνάμει
655 782 754 851 τῆς
786 779 1039 850 θεότητος
1067 777 1158 832 διά
1183 776 1425 847 παντὸς),
1445 776 1526 831 ἔτι
1557 777 1756 848 μικρὸν
1774 774 1904 850 χρό-

316 889 407 926 νον
440 870 562 942 μεθ’
588 869 744 942 ἡμῶν
779 869 1000 924 ἔσεσθαί
1034 886 1187 940 φησι,
1215 868 1434 934 τελείως
1469 886 1532 923 τε
1555 870 1648 923 καὶ
1682 868 1905 939 ὁλοκλή-

319 978 426 1033 ρως
455 960 648 1014 ἑαυτὸν
667 960 775 1014 ἀπὸ
798 959 891 1014 τοῦ
917 959 1119 1031 μέρους
1149 960 1454 1031 σημαίνων,
1481 959 1570 1015 ἵνα
1602 961 1676 1030 μή
1707 976 1791 1022 τις
1822 959 1905 1023 είς

316 1052 450 1105 υίῶν
473 1052 639 1106 δυάδα
664 1052 975 1122 διατέμνειν
990 1053 1244 1123 ἐπιχειρῇ
1274 1051 1364 1106 τὸν
1391 1051 1490 1105 ἕνα
1513 1049 1768 1122 Χριστὸν,
1786 1042 1903 1105 ἀλλ’

314 1142 392 1206 ῶς
423 1142 485 1197 ἓν
522 1160 576 1197 τι
615 1145 732 1214 νοῇ,
771 1144 861 1197 καὶ
883 1142 1128 1213 δέχοιτο,
1152 1142 1249 1196 καὶ
1272 1142 1365 1196 τὸν
1415 1144 1479 1196 ὲκ
1505 1140 1643 1195 Θεοῦ
1692 1140 1906 1212 Πατρός

317 1235 647 1305 γεννηθέντα
677 1235 846 1305 Λόγον
870 1278 887 1302 ,
921 1237 1018 1291 καὶ
1062 1236 1154 1290 τὸν
1196 1236 1263 1290 ὲκ
1297 1238 1396 1307 τῆς
1421 1236 1585 1304 ἁγίας
1627 1235 1903 1306 Παρθένου

318 1324 599 1395 ληφθέντα
631 1325 779 1389 ναὸν,
811 1326 911 1397 οὐχ
943 1327 1025 1380 ὅτι
1061 1325 1165 1396 τῆς
1193 1324 1364 1394 αὐτῆς
1381 1323 1569 1387 οὐσίας
1596 1324 1755 1386 εἰσιν,
1785 1322 1902 1377 ἀλλ’

318 1415 403 1469 δτι
428 1416 570 1486 μετὰ
597 1417 695 1488 τὴν
718 1418 957 1490 ἄρρητον
985 1418 1204 1479 ἕνωσιν,
1231 1417 1259 1469 6
1279 1414 1372 1470 τοῦ
1409 1415 1723 1470 διακόπτειν
1743 1416 1903 1486 λόγος

316 1507 419 1561 οὐκ
443 1507 674 1580 εὐσεϐής
705 1525 719 1538 ’
753 1503 835 1573 εἷς
860 1508 968 1581 γὰρ
1000 1508 1058 1576 ἐξ
1079 1509 1282 1580 ἀμφοῖν
1312 1509 1341 1561 6
1369 1507 1621 1578 Χριστός.

388 1597 697 1667 Ζητήσετέ
721 1617 817 1669 με,
843 1599 944 1655 καὶ
972 1600 1165 1667 καθὼς
1191 1597 1365 1654 εἷπον
1398 1598 1524 1664 τοῖς
1564 1598 1900 1666 Ἰουδαίοις,

319 1689 477 1745 ὅπου
526 1690 642 1761 ἐγὼ
670 1691 910 1762 ὑπάγω,
936 1691 1109 1762 ὑμεῖς
1144 1693 1217 1746 οὐ
1245 1691 1512 1746 δύνασθε
1548 1689 1772 1757 ἐλθεῖν,
1803 1689 1903 1744 καὶ

316 1781 466 1851 ὑμῖν
490 1781 623 1850 ἄρτι
659 1783 834 1851 λέγω.

390 1875 505 1928 Οὐκ
540 1872 778 1945 ἀζήμιον
805 1872 1085 1938 παντελῶς
1110 1873 1330 1929 ἔσεσθαι
1354 1877 1466 1940 τοῖς
1505 1872 1699 1928 ἑαυτοῦ
1731 1873 1907 1946 μαθη-

317 1967 438 2029 ταῖς
459 1966 557 2032 τὴν
580 1964 889 2036 ἀποδημίαν
911 1966 1065 2038 φησὶ,
1080 1965 1179 2038 τὴν
1196 1966 1390 2022 ἑαυτοῦ
1418 1966 1906 2038 δηλονότι.Πῴτον

323 2057 526 2127 μὲν,ὄτι
553 2058 696 2131 λύπῃ
725 2061 793 2130 τῇ
820 2059 914 2111 ἐπὶ
934 2057 1113 2129 τούτῳ
1138 2060 1636 2130 κατατακήσονται,
1658 2058 1754 2114 καὶ
1779 2058 1908 2112 δύσ-

320 2165 496 2203 οιστον
543 2150 720 2214 ἕξουσι
753 2151 851 2220 τῆς
874 2149 1122 2203 ἐντεῦθεν
1149 2150 1374 2221 πικρίας
1395 2149 1454 2203 τὸ
1475 2149 1908 2222 βάρος.Συνεῖναι

327 2239 435 2310 γὰρ
466 2239 534 2310 δὴ
578 2241 677 2294 καὶ
724 2241 886 2295 πάλιν
926 2239 1074 2312 αὐτῷ
1116 2239 1367 2312 διψήσειν
1395 2279 1410 2305 ,
1447 2240 1548 2295 οὐκ
1582 2240 1908 2312 ἀμφίϐολον,

332 2331 425 2383 καὶ
446 2330 848 2386 συνδιαιτᾶσθαι
867 2332 958 2387 διὰ
982 2333 1159 2387 πάντα
1189 2332 1395 2386 ὲθέλειν
1419 2333 1638 2396 αὐτοὺς,
1656 2331 1907 2402 καθάπερ

331 2421 527 2490 ἀμέλει
555 2421 648 2474 καὶ
671 2422 700 2473 6
722 2421 1004 2487 θεσπέσιος
1039 2423 1271 2487 Παῦλος,
1308 2424 1399 2477 καὶ
1428 2423 1600 2495 αὐτῆς
1629 2422 1906 2494 προτιθεὶς

335 2512 435 2584 τῆς
471 2513 656 2569 ἐνθάδε
680 2513 826 2586 ζωῆς
852 2515 913 2567 τὸ
940 2517 1177 2570 συνεῖναι
1213 2515 1451 2587 Χριστῷ,
1491 2518 1740 2587 κρεῖττον
1770 2514 1905 2584 ἔφα-

336 2621 464 2658 σκεν
492 2599 633 2661 εῖναι
662 2605 723 2658 τὸ
742 2605 1026 2673 ἀναλῦσαι,
1052 2607 1146 2661 καὶ
1165 2606 1262 2661 σὺν
1288 2606 1509 2679 Χριστῷ
1538 2605 1696 2662 εἶναι.
1726 2607 1912 2662 Ταῦτα

329 2698 691 2768 συνεωρακὼς
717 2699 746 2752 6
768 2697 1023 2770 Χριστος,
1061 2696 1156 2752 καὶ
1182 2697 1281 2762 τὰς
1307 2698 1416 2752 τῶν
1442 2698 1782 2768 ἀγαπώντων
1814 2699 1913 2753 αὐ-

327 2789 416 2844 τὸν
443 2789 545 2844 οὐκ
566 2789 838 2861 ἀγνοήσας
862 2789 1108 2862 καρδίας,
1139 2791 1202 2845 οὐ
1225 2790 1349 2861 δίχα
1367 2790 1543 2862 λύπης
1565 2790 1783 2845 ἔσεσθαι
1799 2792 1910 2854 τοῖς

331 2880 600 2952 μαθηταῖς
645 2880 748 2952 ἔφη
795 2880 895 2953 τὴν
937 2879 1134 2936 ἑαυτοῦ
1165 2881 1351 2936 ἀνοδον
1388 2898 1403 2913 ·
1433 2881 1549 2936 ἀλλ’
1592 2877 1662 2954 ἦν
1693 2900 1777 2945 τις
1819 2882 1911 2936 ἐπὶ

328 2971 502 3042 τούτῳ
530 2971 625 3025 καὶ
666 2972 829 3044 ἑτέρα
865 2971 1140 3043 πρόφασις
1176 2972 1398 3043 ἀληθὴς,
1447 2972 1629 3044 ζητεῖν
1666 2974 1913 3042 ἀναγκά-

2004 510 2193 566 porro,
2252 505 2310 551 ut
2361 492 2667 550 secundum
2721 505 2948 547 carnem
3003 488 3276 544 duntaxat
3324 485 3577 541 abiturus

2005 586 2203 658 (adest
2254 587 2401 641 enim
2456 584 2618 640 nobis
2667 597 2886 654 semper
2949 579 3154 635 virtute
3197 576 3575 645 divinitatis),

2003 676 2185 733 adhuc
2212 675 2490 732 modicum
2517 684 2734 747 tempus
2762 673 3056 729 nobiscum
3110 669 3228 726 fore
3290 684 3350 724 se
3404 668 3576 733 dicat,

2004 771 2246 841 perfecte
2276 769 2627 838 semetipsum
2654 781 2721 823 ac
2751 767 2991 822 totaliter
3021 778 3052 818 a
3074 772 3229 834 parte
3260 761 3575 824 nominans,

2003 878 2073 918 ne
2101 862 2228 934 quis
2284 861 2340 916 in
2369 860 2511 916 duos
2568 859 2710 915 ﬁlios
2759 858 3040 913 Christum
3093 854 3320 914 dividat.
3385 850 3483 907 sed
3521 860 3580 903 ut

2004 970 2173 1010 unum
2206 956 2431 1008 ornnino
2460 966 2583 1007 esse
2614 949 2805 1005 credat
2837 955 2892 1004 et
2928 946 3167 1002 fateatur
3221 942 3358 999 illud
3427 942 3575 1012 quod

2003 1062 2067 1102 ex
2095 1045 2259 1099 Patre
2288 1051 2476 1098 natum
2506 1049 2594 1098 est
2635 1039 2897 1105 Verbum,
2959 1046 3014 1095 et
3052 1036 3200 1108 quod
3232 1051 3299 1090 ex
3353 1032 3581 1103 Virgine

2003 1142 2345 1205 assumptum
2372 1142 2458 1191 est
2505 1133 2809 1202 templum:
2850 1146 2962 1186 nou
2992 1129 3120 1200 quia
3152 1127 3400 1198 ejusdem
3448 1127 3581 1181 sub-

2003 1229 2221 1286 stantiae
2280 1228 2372 1293 sit,
2410 1226 2507 1282 sed
2541 1225 2674 1296 quia
2714 1232 2840 1295 post
2900 1220 3237 1278 ineffabilem
3294 1219 3576 1277 unionem,

2004 1321 2186 1391 ipsum
2207 1319 2451 1374 dividere
2474 1318 2750 1387 piaculum
2778 1318 2851 1375 sit
2876 1334 2891 1372 :
2920 1330 3067 1372 unus
3095 1313 3245 1369 enim
3285 1327 3353 1367 ex
3385 1311 3580 1365 ambo-
3626 1328 3635 1336 ·

2002 1413 2107 1470 bus
2144 1411 2405 1469 Christus
2440 1419 2548 1467 est.

2071 1590 2210 1656 XIII,
2239 1591 2330 1647 53.
2358 1588 2622 1655 Quantis
2649 1604 2752 1650 me,
2789 1594 2860 1650 et,
2898 1586 3037 1640 sicut
3063 1582 3181 1638 dixi
3204 1580 3440 1639 ludatis.
3476 1595 3579 1647 quo

2004 1682 2170 1756 75.8
2207 1698 2299 1750 ego
2338 1683 2493 1747 vado,
2528 1697 2618 1736 vos
2662 1696 2767 1733 non
2820 1677 3041 1748 potestis
3088 1674 3262 1729 pertire
3287 1712 3304 1738 ,
3344 1680 3394 1726 et
3434 1670 3581 1725 vobis

2004 1775 2123 1829 dico
2157 1772 2335 1829 modo.

2076 1864 2392 1921 Discessum
2423 1863 2566 1918 haud
2605 1862 2837 1932 jactura:
2879 1873 3110 1932 prorsus
3141 1862 3419 1926 expertem
3468 1851 3586 1906 fore

2007 1957 2297 2028 discipulis
2343 1956 2461 2012 suis
2513 1955 2591 2009 ait
2635 1972 2648 2008 :
2691 1953 2928 2024 primum
2987 1947 3233 2021 quidem,
3283 1944 3413 2015 quia
3460 1940 3584 2011 ejus

2007 2049 2201 2105 dolore
2257 2047 2681 2110 eontabescenl,
2714 2051 2771 2100 et
2816 2040 3239 2098 acerbissimum
3276 2035 3404 2091 inde
3451 2047 3586 2088 nim-

2007 2156 2188 2196 rorem
2238 2138 2573 2209 concipient.
2608 2135 2722 2193 Nec
2762 2133 2913 2189 enim
2979 2131 3209 2186 dubium
3243 2136 3332 2183 est
3366 2124 3585 2196 gravis-

2007 2233 2149 2288 simo
2199 2231 2322 2303 ejus
2368 2228 2647 2286 desiderio
2704 2226 2987 2282 detentum
3028 2223 3131 2285 iri,
3181 2230 3236 2275 et
3287 2230 3587 2273 conversa-

2008 2326 2212 2380 tionem
2252 2322 2374 2393 ejus
2421 2320 2814 2392 requisituros,
2869 2310 3338 2386 quemadmodum
3393 2321 3589 2375 nempe

2008 2417 2228 2472 divinus
2257 2414 2347 2469 ille
2380 2411 2587 2467 Paulus
2611 2408 2715 2479 ipsi
2745 2407 2911 2463 etiam
2937 2403 3192 2475 corporis
3222 2402 3349 2455 vita:
3373 2396 3585 2453 versari

2008 2522 2133 2562 cum
2182 2504 2404 2561 Christo
2454 2515 2800 2574 praeponens,
2837 2497 3036 2553 melius
3084 2495 3194 2551 sibi
3228 2493 3411 2548 aiebat
3463 2503 3589 2544 esse

2009 2597 2257 2663 dissolvi,
2285 2603 2341 2651 et
2362 2609 2487 2650 esse
2523 2607 2648 2648 cum
2675 2590 2898 2646 Christo
2921 2588 2986 2642 ".
3023 2584 3149 2641 Haec
3172 2582 3432 2639 Christus
3461 2595 3586 2634 eum

2009 2688 2350 2763 praevideret,
2372 2700 2475 2742 nec
2495 2684 2665 2741 corda
2683 2680 3028 2753 diligentiam
3053 2693 3113 2735 se
3147 2677 3450 2747 ignoraret,
3476 2686 3589 2726 non

2007 2787 2290 2851 expertem
2324 2777 2584 2834 maeroris
2621 2773 2911 2844 discipulis
2947 2771 3065 2827 fore
3094 2769 3237 2825 dixit
3265 2782 3430 2824 suum
3465 2766 3589 2820 dis-

2009 2886 2249 2928 cessum.
2297 2868 2406 2924 Sed
2435 2876 2491 2924 et
2525 2868 2633 2922 alia
2663 2874 2924 2937 praeterea
2961 2876 3091 2919 vera
3118 2874 3287 2918 causa
3316 2866 3435 2916 erat
3467 2873 3590 2928 qua:

2013 2972 2238 3021 sanctos
2267 2960 2572 3031 discipulos
2596 2958 2854 3030 adigebat
2879 2963 2941 3011 ut
2963 2971 3088 3011 cum
3121 2953 3346 3010 Christo
3372 2952 3584 3008 versari

333 3060 499 3125 ζουσα
554 3061 617 3115 τὸ
670 3064 907 3118 συνεῖναι.
960 3061 1184 3135 Χριστῷ
1228 3062 1356 3127 τοὺς
1400 3064 1588 3131 ἁγίους
1638 3063 1905 3134 μαθητάς.

2014 3062 2295 3128 cuperent.
2328 3052 2540 3125 Quippe
2568 3065 2696 3107 mox
2734 3050 2922 3122 gravia
2975 3047 3220 3119 pericula
3274 3044 3588 3117 perpessuri

343 3155 657 3229 ὀμιλήσειν
699 3156 800 3227 μὲν
832 3155 941 3228 γάρ
974 3158 1098 3210 ὅσον
1131 3155 1343 3210 οὐδέπω
1380 3155 1645 3220 κινδύνοις
1689 3155 1915 3227 ἔμελλον

329 3249 391 3303 οὐ
419 3251 655 3321 μικροῖς,
676 3246 773 3303 καὶ
811 3249 927 3312 ταῖς
980 3247 1251 3303 Ἰουδαίων
1278 3247 1603 3312 ἀκαθέκτοις
1633 3248 1916 3313 ἀπονοίαις

333 3340 868 3409 κατασφενδονᾶσθαι
900 3339 1131 3412 συχνῶς,
1160 3339 1297 3394 ἀλλὰ
1325 3341 1421 3393 καὶ⁵
1464 3342 1584 3402 ταῖς
1621 3338 1682 3405 ἐξ
1713 3338 1917 3411 ἐτέρων

330 3432 494 3488 τινῶν
516 3429 939 3505 περιπεσεῖσθαι
986 3432 1229 3501 μανίαις,
1260 3429 1390 3500 ὃλην
1436 3427 1782 3501 περιθέοντες
1818 3428 1917 3500 τὴν

328 3525 677 3596 οἰκουμένην,
709 3523 805 3579 καὶ
826 3525 937 3588 τοῖς
967 3521 1047 3577 ἔτι
1075 3522 1449 3592 πλανωμένοις
1481 3521 1571 3575 τδν
1602 3520 1697 3574 τοῦ
1732 3522 1917 3592 Σωτῆ-

336 3634 429 3689 ρος
477 3614 934 3687 διακηρὺττοντες
965 3614 1125 3683 λόγον
1146 3655 1161 3679 ,
1187 3614 1262 3677 ὡς
1300 3613 1694 3684 δεσμωτηρίων
1732 3613 1921 3683 πειρᾶ-

334 3706 484 3772 σθαι,
515 3704 728 3777 ὕϐρεώς
753 3722 812 3758 τε
834 3705 928 3757 καὶ
945 3704 1131 3765 αἰκίας
1159 3703 1258 3758 οὐκ
1291 3704 1562 3775 ἀμοιρεῖν.
1594 3704 1688 3757 καὶ
1716 3705 1920 3775 ἐτέρων

333 3799 492 3853 οὐδὲν
522 3792 686 3871 ἦττον
717 3795 1102 3867 στρεϐλώσεων
1152 3796 1231 3858 εἰς
1261 3797 1459 3866 πεῖραν
1511 3794 1685 3849 ὲλθεῖν
1704 3810 1717 3825 ·
1743 3797 1920 3851 καίτοι

337 3888 450 3942 τῶν
479 3887 738 3941 τοιούτων
768 3884 982 3949 οὐδενὸς
1012 3886 1409 3958 πεπειραμένοι
1447 3885 1713 3957 πρότερον
1741 3886 1799 3940 ὲν
1840 3887 1919 3959 τῷ

338 3979 581 4031 συνεῖναι
632 3974 873 4048 Χριστῷ.
906 3974 1205 4047 Ζητήσετε,
1249 3974 1406 4046 φησὶ,
1443 3975 1624 4029 τοίνυν
1668 3977 1789 4031 τότε
1819 3978 1919 4049 τὴν

331 4068 475 4141 ἐμὴν
507 4068 744 4140 μάλιστα
792 4066 1080 4120 συνουσίαν
1104 4107 1118 4131 ,
1143 4065 1273 4120 ὅταν
1303 4067 1448 4137 ὑμᾶς
1488 4064 1561 4120 τὰ
1600 4066 1921 4140 πολύτροπα

329 4163 441 4217 τῶν
476 4161 800 4233 πειρασμῶν
840 4161 1145 4232 ἐκταράττῃ
1178 4158 1416 4230 κύματα.
1447 4160 1619 4215 Τοῦτο
1649 4157 1828 4233 δὲῆν,
1855 4161 1918 4214 οὐ

331 4252 472 4322 πρὸς
515 4250 717 4304 δειλίαν
750 4248 973 4318 ἄγοντος
993 4289 1008 4313 ,
1039 4249 1073 4321 ἢ
1104 4248 1628 4321 προσκατακλῶντος
1653 4250 1731 4322 τῷ
1766 4250 1920 4321 φόϐῳ

330 4348 461 4409 τοὺς
511 4343 758 4417 μαθητάς
778 4359 791 4371 '
832 4342 1214 4413 ἐπαλείφοντος
1240 4342 1296 4396 δὲ
1335 4341 1535 4414 μᾶλλον
1559 4344 1639 4407 εἰς
1671 4341 1921 4407 εὐτονίας

2014 3159 2192 3216 erant,
2228 3162 2358 3204 cum
2393 3152 2448 3202 et
2473 3141 2754 3200 eﬂrenatis
2778 3140 3094 3197 Iudaeorum
3123 3152 3269 3209 saepe
3302 3136 3467 3206 objici
3505 3134 3594 3188 fu.

2015 3241 2262 3306 roribus,
2297 3246 2412 3295 tum
2442 3238 2679 3292 aliorum
2709 3232 3075 3307 quorumdam
3124 3229 3466 3300 intemperiei
3500 3243 3596 3298 pa-

2015 3339 2131 3389 tere
2154 3329 2444 3394 debebant,
2479 3335 2655 3382 totum
2688 3324 2877 3380 orbem
2903 3330 3176 3378 terrarum
3218 3320 3509 3381 obeuntes,
3539 3324 3594 3370 et

2015 3424 2334 3483 errantibus
2365 3422 2547 3478 adhuc
2596 3418 2907 3476 Servatoris
2938 3414 3248 3470 doctrinam
3292 3410 3596 3482 praedican-

2016 3525 2122 3583 tes,
2159 3514 2295 3571 adeo
2353 3522 2410 3568 ut
2465 3526 2566 3568 nec
2603 3523 2859 3567 carceres
2908 3506 3187 3568 deessent,
3251 3517 3355 3558 nec
3403 3501 3593 3574 ﬂagra,

2018 3626 2124 3667 nec
2150 3608 2477 3680 injuriarum
2509 3619 2573 3660 ac
2628 3608 3036 3659 tormentorum
3064 3611 3238 3668 genus
3273 3595 3445 3650 ullum
3506 3593 3596 3647 in-

2017 3711 2306 3774 expertum
2361 3698 2649 3762 baberent,
2708 3706 2947 3764 quorum
2985 3689 3196 3743 nullum
3247 3686 3405 3758 prius
3463 3685 3597 3740 dum

2018 3797 2374 3849 versarentur
2440 3802 2568 3843 cum
2620 3784 2848 3841 Christo
2884 3781 3255 3853 pertulerunt.
3303 3776 3595 3844 eraeretis,

2018 3885 2216 3956 inquit,
2248 3890 2381 3938 tunc
2415 3893 2591 3935 meam
2640 3877 2880 3933 maxime
2932 3872 3301 3945 praesentiam,
3344 3885 3470 3925 cum
3498 3885 3599 3926 vos

2022 3975 2390 4033 tentationum
2416 3971 2555 4029 varii
2609 3968 2809 4024 ﬂuetus
2848 3964 3216 4022 turbaverint.
3249 3961 3363 4018 Hoc
3414 3970 3597 4016 autem

2019 4077 2107 4128 est
2142 4084 2254 4124 non
2285 4063 2599 4122 inducentis
2624 4061 2693 4116 ad
2724 4059 3108 4122 formidinem,
3168 4064 3266 4110 aut
3296 4054 3603 4125 discipulos

2021 4160 2218 4215 timore
2248 4156 2576 4229 frangentis,
2617 4153 2713 4210 sed
2777 4152 2847 4206 ad
2881 4150 3053 4206 robur
3108 4156 3166 4205 et
3223 4145 3601 4203 constantiam

2021 4249 2209 4321 potius
2242 4246 2524 4317 ungentis,
2558 4251 2613 4300 et
2637 4242 2704 4297 ad
2735 4256 2928 4296 eorum
2958 4254 3082 4311 qua:
3106 4243 3371 4293 eventura
3407 4232 3601 4297 crede-

2021 4344 2221 4400 bantur
2252 4339 2596 4396 tolerantiam
2625 4334 2986 4391 instituentis.
3042 4330 3156 4387 Nec
3183 4329 3328 4385 enim
3372 4339 3603 4396 compca

334 4435 623 4507 ἀνάληψιν,
672 4434 766 4489 καὶ
796 4434 957 4488 οἱονεὶ
999 4433 1136 4505 πρὸς
1191 4433 1292 4507 τὴν
1337 4434 1447 4488 τῶν
1480 4434 1700 4489 ἔσεσθαι
1753 4451 1913 4505 προσ‹

2028 4434 2234 4490 riemus
2257 4431 2451 4487 inutile
2480 4444 2626 4496 esse,
2655 4427 2767 4482 imo
2794 4441 2927 4482 vero
2956 4437 3216 4494 magnam
3238 4422 3293 4476 in
3347 4435 3407 4475 se
3446 4416 3603 4472 utili-

334 4526 662 4596 δοκωμένων
682 4525 961 4598 ὑπομονὴν
994 4525 1529 4597 προευτρεπισθῖψαι
1554 4526 1918 4589 διδάσκοντος.

337 4618 415 4673 Οὐ
446 4617 554 4689 γὰρ
589 4618 896 4689 εὑρήσομεν
922 4617 1184 4690 ἀκερδὲς,
1209 4619 1408 4688 μᾶλλον
1430 4617 1487 4671 δὲ
1519 4618 1721 4689 πολλὴν
1747 4617 1814 4672 ἄν
1841 4635 1923 4681 τις

337 4708 438 4764 rso;
467 4709 567 4780 τὴν
593 4708 778 4780 ὄνησιν
798 4708 921 4779 ἔχον
945 4708 1006 4761 τὸ
1036 4710 1093 4762 ὲν
1116 4709 1364 4779 Ψαλμοῖς
1384 4709 1665 4780 ᾀδόμενον,
1692 4726 1710 4759 ι
1748 4708 1924 4761 Ἠτοι-

338 4798 576 4871 μάσθην,
605 4801 700 4852 καὶ
732 4799 833 4852 οὐκ
865 4796 1194 4870 ἐταράχθην.
1228 4817 1247 4850 ι
1287 4799 1360 4851 Τὸ
1394 4799 1492 4869 μὲν
1518 4798 1627 4871 γάρ
1659 4798 1799 4862 ὅλως
1822 4798 1924 4851 οὐκ

335 4892 591 4947 ἐλπισθὲν
619 4892 726 4945 τῶν
760 4891 968 4946 ἀδικεῖν
996 4890 1268 4944 είωθότων
1322 4891 1494 4944 δεινὸν
1526 4893 1605 4955 εἰς
1635 4889 1920 4963 θορύϐους,

336 4983 435 5039 καὶ
467 4983 726 5054 ἀδόκητόν
766 5001 883 5048 πως
909 4983 1023 5053 ἔχει
1049 4982 1149 5053 τὴν
1171 4982 1359 5053 ἔφοδον
1385 4998 1399 5013 ο
1426 4983 1488 5036 τὸ
1508 4983 1566 5037 δὲ
1587 4985 1707 5047 ταῖς
1748 4999 1921 5055 προσ-

333 5075 568 5139 δοκίαις,
594 5075 690 5128 καὶ
726 5075 789 5128 τὸ
826 5074 905 5146 τῷ
937 5073 1316 5147 προεγνῶσθαί
1341 5091 1451 5128 τισι
1493 5074 1921 5146 προδαπανῆσαν

334 5168 439 5238 ἤδη
480 5167 574 5222 τοῦ
604 5168 773 5237 φόϐου
807 5168 868 5221 τὸ
917 5167 1099 5231 πλέον,
1127 5168 1229 5220 οὐκ
1265 5169 1504 5239 ἄκρατον
1535 5167 1650 5238 ἔχει
1669 5168 1768 5238 τὴν
1798 5167 1920 5222 καθ’

334 5252 413 5312 ὧν
436 5257 502 5311 ἂν
527 5258 671 5311 ὲπίοι
723 5257 974 5328 δύναμιν,
997 5256 1481 5329 προμελετησὼης
1514 5257 1645 5310 αὐτὸ
1677 5256 1773 5327 τῆς
1801 5257 1920 5310 δια-

335 5349 508 5412 νοίας,
542 5351 637 5402 καί
681 5347 756 5413 ὡς
795 5349 898 5421 ἠδη
942 5349 1114 5419 παρὸν
1158 5348 1456 5419 δεξαμένης
1486 5345 1767 5412 πολλάκις,
1796 5347 1918 5402 ὅσον

335 5441 421 5506 είς
469 5440 680 5504 ἑννοίας
718 5439 965 5511 δύναμιν.
999 5440 1210 5510 ’Ὠσπερ
1254 5439 1364 5509 γὰρ
1415 5438 1468 5490 ετ
1508 5455 1592 5502 τις
1629 5439 1924 5511 αίμοϐόρος

336 5532 437 5588 καὶ
485 5531 677 5602 ἄγριος
717 5531 851 5603 θὴρ,
878 5532 944 5583 ὲκ
977 5531 1142 5602 μέσου
1190 5529 1389 5592 ἀναδὺς
1419 5528 1701 5599 εὐδένδρου
1732 5547 1791 5583 τε
1829 5535 1921 5587 καὶ

405 5716 447 5747 ¹⁸
479 5713 718 5788 Philipp.
754 5731 793 5782 ι,
830 5714 919 5770 ‘23.
987 5715 1051 5746 ¹⁵⁶
1092 5711 1236 5767 Psal.
1278 5715 1584 5781 cxvm,60.

2020 4531 2187 4579 tatem
2209 4520 2411 4576 habere
2434 4518 2583 4589 quod
2628 4517 2681 4571 in
2710 4514 2949 4571 Psalmis
3007 4511 3267 4589 canitur:
3303 4528 3321 4560 ι
3363 4507 3602 4561 Paratus

2019 4630 2164 4677 sum,
2199 4620 2254 4669 et
2280 4627 2391 4667 non
2421 4625 2542 4666 sum
2570 4608 2827 4663 turbatus
2847 4608 2939 4660 ⁸⁵⁸.
2968 4625 2987 4658 ι
3025 4586 3225 4659 Malum
3251 4601 3599 4667 eniminspe-

2018 4712 2200 4759 ratum
2231 4701 2419 4756 turbat
2468 4713 2569 4753 nos
2608 4695 3005 4759 vehementius,
3047 4704 3102 4749 et
3150 4691 3341 4763 pungit
3375 4688 3598 4750 aerius;

2019 4794 2167 4866 quod
2203 4801 2383 4848 autem
2433 4788 2728 4860 praevisum
2763 4795 2818 4843 et
2859 4792 3239 4855 exspectatum
3291 4788 3398 4842 est,
3439 4776 3598 4849 quasi

2023 4900 2219 4956 magna
2244 4884 2356 4953 jam
2383 4891 2536 4953 parte
2563 4890 2741 4936 metus
2769 4885 3125 4948 consumpta,
3152 4873 3410 4928 lentiores
3435 4869 3599 4924 habet

2023 4978 2279 5047 impetus,
2341 4973 2641 5043 anticipata
2674 4969 2937 5025 nimirum
2973 4969 3122 5022 illius
3151 4961 3510 5035 cogitatione,
3542 4969 3597 5013 et

2021 5068 2192 5125 animi
2216 5067 2422 5122 virtute
2448 5073 2576 5120 ante
2601 5074 2876 5133 suscepta.
2901 5060 2972 5117 Ut
3001 5061 3149 5117 enim
3175 5064 3329 5111 atrox
3361 5053 3541 5109 bellua
3566 5068 3599 5106 e

2021 5160 2209 5217 densis
2236 5157 2480 5214 latibulis
2512 5171 2576 5211 ac
2604 5157 2793 5211 lustris
2818 5154 3106 5223 in0pinato
3132 5162 3452 5216 erumpens,
3487 5159 3596 5198 non

2026 5253 2188 5308 modo
2219 5251 2376 5307 valde
2403 5265 2529 5305 eum
2558 5249 2743 5302 turbat
2785 5249 2838 5300 in
2872 5261 3033 5314 quem
3089 5239 3369 5302 insilierit,
3407 5238 3504 5293 sed
3543 5245 3599 5289 et

2025 5346 2352 5416 imparatum
2417 5340 2685 5397 dilaniat:
2766 5337 2986 5392 eminus
3076 5346 3212 5387 vero
3298 5336 3596 5400 conspecta

2030 5436 2196 5509 7&9
2223 5442 2386 5504 atque
2439 5431 2656 5503 cognita
2715 5434 2986 5481 armatum
3033 5431 3129 5478 aut
3173 5422 3358 5477 minus
3409 5420 3597 5475 forsan

2030 5529 2207 5592 laedet,
2233 5534 2326 5581 aut
2358 5524 2516 5579 irrito
2539 5528 2738 5576 conatu
2760 5517 2983 5571 recedet
3010 5535 3024 5571 :
3051 5516 3132 5572 sic
3161 5513 3348 5579 etiam,
3376 5511 3592 5584 opinor,
