4076 6270
451 247 558 309 159

1404 258 1461 314 S.
1480 257 1759 314 CYRILLI
1801 255 2265 313 ALEXANDBINI
2293 256 2610 314 ARCIllEP.

3607 250 3715 305 160

450 380 519 418 ex
543 363 958 429 tentationibus,
983 364 1262 435 insperata
1293 364 1672 423 vehementius
1695 382 1760 421 ac
1786 366 2033 422 ferocius

2152 368 2353 433 ἰασείας
2396 368 2495 439 τῆς
2519 366 2728 437 λόχμης
2744 407 2757 430 ,
2783 361 3069 434 ὲφάλλοιτό
3089 379 3197 415 τινι
3224 360 3336 414 τῶν
3355 361 3455 431 οὑχ
3475 359 3730 432 ὁρώντων

450 455 660 510 invadit
713 472 878 525 quam
906 466 1144 527 sperata.
1183 456 1577 514 Percommode
1628 460 1818 529 itaque
1849 457 2033 512 Domi-

453 564 560 605 nus
593 560 782 603 noster
809 546 971 603 Jesns
1017 546 1276 604 Christus
1308 548 1395 605 his
1451 551 1656 614 verbis,
1706 569 1725 602 ι
1761 550 2032 617 ριιωιοειὶε

455 655 563 704 tne,
601 658 620 692 ι
653 656 774 711 qua:
795 640 1078 708 discipulis
1102 652 1366 695 eventura
1403 652 1594 698 essent
1646 656 1713 697 ex
1775 657 1878 697 suo
1909 642 2029 698 dis-

453 747 642 795 cessu,
673 741 728 786 et
775 732 1040 785 tumultus
1071 732 1359 787 subinnnit
1402 734 1472 787 ab
1502 733 1842 789 adversariis
1880 733 2034 788 exci-

456 824 692 886 tandos,
749 823 815 877 ad
879 823 1139 877 virtutem
1207 832 1263 880 et
1313 827 1486 881 robur
1542 825 1868 896 capiendum
1933 826 2036 880 hac

457 916 813 988 praedictione
842 916 969 971 illos
1005 917 1283 973 excitans.
1318 918 1413 974 llis
1449 933 1613 988 porro
1645 918 1855 972 utiliter
1904 920 2036 973 sub-

450 1008 631 1078 Jtlngll
669 1005 798 1075 quid
841 1006 1167 1075 impraisens
1199 1022 1294 1062 eos
1349 1009 1504 1078 sequi
1534 1009 1847 1077 prohibeat.
1880 1007 2036 1074 Quod

454 1100 598 1154 enim
626 1098 738 1152 dixi
764 1096 994 1165 Iudaeis,
1023 1099 1223 1169 inquit,
1249 1099 1356 1154 hoc
1392 1111 1447 1155 et
1488 1101 1555 1155 ad
1587 1116 1685 1156 vos
1717 1101 1882 1155 modo
1914 1102 2035 1156 aio:

463 1212 482 1242 ι
519 1188 639 1257 Quo
679 1191 841 1255 vado,
874 1207 971 1246 vos
1006 1207 1112 1246 non
1155 1192 1387 1261 potestis
1422 1192 1629 1247 venire.
1671 1211 1690 1244 ι
1747 1191 1857 1247 Nec
1891 1194 2038 1247 enim

415 1293 675 1353 'tempns
729 1281 915 1336 adhuc
968 1290 1088 1337 erat
1123 1292 1353 1338 sanctos
1411 1283 1738 1353 discipulos,
1796 1282 2038 1338 nondum

459 1374 770 1432 ministerio
794 1388 897 1428 suo
929 1384 1344 1439 consummato,
1380 1374 1448 1429 ad
1495 1390 1770 1446 supernas
1802 1377 2043 1431 transire

459 1464 780 1521 mansiones
806 1481 820 1518 :
856 1479 919 1519 ea
947 1464 1151 1534 quippe
1183 1464 1438 1535 migratio
1472 1465 1529 1520 in
1557 1480 1860 1536 congruum
1904 1472 2044 1519 tem-

461 1570 563 1625 pus
595 1555 941 1610 servabatur.
973 1554 1591 1611 Observandnmtamen
1625 1565 1710 1611 est
1733 1572 1885 1623 eum,
1912 1571 2040 1611 cum

460 1646 701 1717 idipsum
753 1647 1112 1716 signiﬁcaret,
1162 1647 1369 1704 ludatis
1415 1648 1646 1715 dixisse,
1708 1666 1728 1700 ι
1769 1646 2045 1715 ριιιειοειίε

2135 460 2317 522 αὑτὸν,
2355 458 2659 530 σπαράττει
2690 455 2806 529 [γρ.
2834 452 3119 525 ταράττει]
3157 453 3255 524 μὲν
3283 452 3404 506 λίαν
3441 454 3504 506 οὐ
3551 470 3721 525 προσ-

2133 548 2375 602 δοκῶντα
2409 547 2508 620 τὴν
2538 546 2745 617 ἔφοδον,
2774 546 2989 615 ἀναιρεί
3014 543 3071 597 δὲ
3118 542 3251 612 πρὸς
3290 542 3470 612 μάχην
3509 542 3610 595 οὑκ
3641 543 3731 595 εὑ-

2134 639 2498 712 τρεπισθέντα
2542 636 2754 694 λαϐὼν·
2801 639 2831 691 ὁ
2862 637 2920 690 δὲ
2970 634 3253 707 πόρρωθεν
3277 633 3484 703 ὀφθεὶς,
3521 635 3617 687 καὶ
3646 634 3732 687 ὅτι

2135 732 2407 805 παρέσται
2472 730 2872 801 διεγνωσμένος
2897 772 2913 795 ,
2943 726 3275 798 ὡπλισμένῳ
3329 724 3626 796 συμϐαλὼν
3649 767 3666 791 ,
3698 724 3730 794 ἢ

2138 822 2359 875 ἔλαττον
2390 820 2640 892 ἀδικήσει
2690 819 2850 891 τυχὸν
2875 860 2890 884 ,
2921 819 2955 891 ἢ
3003 818 3100 871 καὶ
3138 816 3304 889 μηδὲν
3333 815 3558 885 ἰσχύσας
3580 816 3736 885 οἰχή-

2139 929 2321 967 σεταν
2353 912 2445 967 τὸν
2483 912 2647 967 αὐτὴν
2668 952 2683 977 ,
2708 908 2868 983 οἶμαι
2894 951 2909 975 ,
2935 910 3137 980 τρόπον
3168 908 3264 962 καὶ
3284 907 3376 961 ἐπὶ
3401 906 3509 960 τῶν
3535 922 3736 977 πειρα-

2140 1006 2314 1077 σμῶν,
2347 1007 2376 1059 ὁ
2422 1005 2670 1077 μηδόλως
2720 1004 2942 1058 ἔσεσθαι
2990 999 3386 1074 προσδοκηθεὶς
3414 998 3511 1053 τοῦ
3558 1014 3735 1072 προσ-

2136 1099 2460 1170 δοκηθέντος
2495 1099 2596 1170 ήδη
2648 1097 2981 1170 θερμότερόν
3023 1113 3084 1149 τε
3110 1097 3209 1149 καὶ
3243 1093 3737 1164 ἀγριώτερονήμϊν

2140 1192 2457 1264 προσϐαλεῖ.
2519 1191 2822 1263 Χρησίμως
2874 1187 3166 1259 τοιγαροῦν
3214 1188 3245 1241 ό
3308 1185 3514 1255 Κύριος
3577 1183 3739 1254 ἡμῶν

2153 1283 2359 1356 Ἰησοῦς
2387 1283 2416 1335 ό
2447 1282 2703 1354 Χριστὸς,
2729 1282 2820 1336 διὰ
2866 1280 2961 1335 τοῦ
3004 1280 3194 1350 φάναι,
3230 1295 3249 1330 ι
3290 1275 3564 1349 Ζητήσετέ
3594 1291 3680 1345 με,
3712 1294 3732 1325 ι

2141 1374 2208 1429 τὰ
2248 1377 2312 1428 ἐκ
2342 1372 2436 1427 τοῦ
2480 1372 2676 1443 μηκέτι
2712 1375 2951 1425 συνεῖναι
2978 1372 3089 1434 τοῖς
3111 1367 3304 1423 ἑαυτοῦ
3332 1365 3730 1438 συμϐησόμενα

2146 1467 2441 1536 μαθηταῖς,
2490 1465 2585 1519 καλ⁹
2622 1462 2886 1533 θορύϐους
2935 1461 3334 1523 ὑπαινίττεται,
3378 1459 3504 1523 τοὺς
3535 1457 3602 1510 ὲκ
3630 1455 3740 1509 τῶν

2145 1556 2585 1627 πολεμησόντων,
2621 1554 2820 1619 αὑτοὺς
2871 1552 3288 1624 προετοιμάζων
3334 1551 3427 1606 διὰ
3466 1548 3565 1604 τοῦ
3607 1565 3741 1620 προ-

2152 1651 2327 1703 ειπεῖν
2372 1650 2453 1712 είς
2512 1647 2765 1719 ἀνδρείας
2796 1645 3083 1716 ἀνάληψιν.
3132 1643 3409 1715 Ἐπιλέγει
3441 1643 3501 1697 δὲ
3528 1641 3741 1705 τούτοις

462 1754 570 1802 me,
602 1749 658 1794 et
684 1755 790 1793 non
821 1738 1117 1796 invenietis
1149 1756 1273 1797 me:
1314 1760 1333 1793 ι
1368 1739 1660 1810 discipulis
1696 1753 1879 1796 autem
1911 1742 2051 1798 suis.

2159 1741 2446 1812 χρησίμως
2477 1741 2570 1794 καὶ
2607 1739 2660 1793 τί
2695 1737 2848 1810 παρά
2890 1738 3056 1802 πόδας
3085 1736 3328 1790 κείσεται
3356 1733 3565 1790 κωλύον
3607 1734 3741 1788 ἀκο-

470 1848 488 1880 ι
525 1828 800 1896 ρυαιτειίε
830 1846 934 1896 me,
976 1850 995 1883 ι
1029 1833 1207 1887 solum
1239 1831 1447 1895 dicere,
1481 1847 1586 1887 nec
1634 1833 1764 1887 illud
1812 1832 2036 1899 addere,

461 1920 581 1976 Non
623 1922 933 1980 invenietis.
974 1923 1149 1990 Quam
1186 1925 1257 1978 ob
1309 1923 1470 1979 rem?
1528 1923 1744 1996 Quippe
1807 1926 1861 1978 in
1913 1924 2039 1979 illos

2144 1832 2355 1887 λουθεῖν
2382 1833 2462 1896 είς
2494 1831 2556 1885 τὸ
2586 1831 2764 1902 παρὸν
2798 1830 3021 1895 αὑτούς.
3056 1830 3234 1901 Ὅπερ
3266 1829 3376 1900 γάρ
3410 1827 3598 1895 ελεγον
3629 1826 3743 1888 τοῖς

2158 1925 2468 1988 Ἰουδαίοις,
2497 1923 2655 1996 φησὶ,
2685 1922 2843 1977 τοῦτο
2893 1923 2991 1977 καὶ
3041 1920 3181 1995 πρὸς
3213 1921 3358 1992 ὑμᾶς
3403 1919 3530 1990 άρτι
3575 1916 3740 1987 φημί.

457 2013 586 2082 jure
616 2014 852 2084 quadrat
894 2016 1044 2085 quod
1093 2030 1201 2069 non
1233 2016 1519 2071 inveniant
1557 2032 1706 2083 eum,
1737 2016 1808 2073 ob
1841 2017 2035 2072 innua-

2155 2037 2174 2071 ι
2217 2019 2392 2072 Ὅπου
2424 2016 2537 2087 ἐγὼ
2574 2017 2768 2084 ὑπάγω
2789 2056 2806 2081 ,
2835 2015 3074 2086 ὑμεῖςοὺ
3109 2012 3341 2067 δύνασθε
3393 2010 3587 2065 ὲλθεῖν.
3615 2029 3634 2062 ι
3665 2009 3744 2063 Οὐ

462 2122 598 2162 nem
629 2108 883 2163 videlicet
933 2108 1398 2175 incredulitatem,
1431 2117 1486 2164 et
1522 2108 1861 2176 impietatem
1911 2122 2041 2178 erga

2152 2111 2257 2181 γάρ
2303 2128 2391 2164 πω
2420 2111 2601 2181 παρῆν
2631 2109 2660 2162 ὁ
2696 2108 2890 2180 καιρὸς
2926 2107 3020 2162 τοῦ
3054 2108 3191 2178 πρὸς
3218 2107 3320 2170 τὰς
3349 2105 3464 2160 am
3488 2101 3745 2174 γενέσθαι

462 2199 642 2268 ipsum
700 2200 1121 2257 incredibilem:
1159 2200 1417 2273 genuinis
1452 2211 1633 2256 autem
1686 2215 1752 2255 ac
1805 2200 2043 2256 sinceris

2152 2203 2321 2275 μονὰς
2350 2203 2476 2266 τοὺς
2503 2201 2691 2269 ἁγίους
2726 2201 3061 2265 ἀποστόλους
3107 2201 3262 2255 οὔπω
3293 2193 3746 2267 λελειτουργηκό-

461 2292 583 2360 ejus
615 2295 923 2350 cultoribus
954 2295 1351 2350 convenienter
1381 2293 1490 2350 dici
1542 2309 1656 2348 non
1688 2300 1892 2365 potest,
1921 2292 2043 2350 Non

2152 2313 2242 2359 τας
2261 2311 2275 2325 ·
2296 2296 2545 2366 ἐτηρεῖτο
2563 2292 2671 2362 γὰρ
2693 2293 2934 2362 μάλιστα
2959 2294 3021 2348 τὸ
3047 2293 3142 2347 καὶ
3164 2293 3243 2356 είς
3269 2290 3428 2345 τοῦτο
3452 2284 3747 2359 παρελθεῖν

463 2383 758 2439 invenietis
792 2401 897 2441 me.
934 2386 1107 2440 Adest
1136 2386 1285 2441 enim
1318 2386 1397 2438 eis
1427 2400 1753 2455 semperque
1785 2384 1983 2442 aderit.

2152 2387 2341 2449 αὐτοὺς
2385 2383 2564 2456 καιρῷ
2615 2382 2693 2455 τῷ
2723 2382 3045 2453 καθήκοντι.
3081 2381 3480 2455 Ἐπιτηρητέον
3530 2394 3594 2448 γε
3637 2376 3748 2448 μὴν

464 2475 643 2527 ἐκεῖνο
678 2474 866 2543 πάλιν,
897 2476 977 2529 ὅτι
1009 2479 1121 2539 τοῖς
1155 2477 1252 2547 μὲν
1285 2477 1560 2542 Ἰουδαίοις
1598 2477 1916 2548 προσλαλῶν
1953 2480 2049 2534 καὶ
2086 2479 2220 2535 αὑτὸ
2284 2478 2348 2549 δὴ
2371 2477 2530 2531 τοῦτο
2556 2476 2838 2548 σημαίνων
2858 2476 3061 2543 ἔφασκε
3083 2491 3096 2506 ⁸
3128 2495 3146 2527 ι
3186 2472 3458 2546 Ζητήσετέ
3497 2488 3589 2542 με,
3651 2475 3747 2527 καὶ

463 2564 562 2633 οὐχ
588 2564 852 2635 εὑρήσετέ
880 2581 979 2634 με’
1030 2583 1048 2616 ι
1081 2567 1192 2629 τοῖς
1215 2582 1278 2634 γε
1317 2565 1422 2636 μὴν
1459 2564 1652 2621 ἑαυτοῦ
1683 2566 1970 2638 μαθηταῖς,
2011 2569 2095 2634 τὸ,
2139 2587 2159 2621 ι
2187 2567 2464 2639 Ζητήσετέ
2500 2584 2589 2637 με,
2618 2585 2636 2618 ι
2677 2566 2839 2636 μόνον
2868 2569 3053 2636 φησὶν,
3083 2566 3375 2635 ἀποσιωπᾷ
3412 2565 3469 2617 δὲ
3510 2563 3749 2635 πρεπὸΨ

463 2671 571 2716 τως
597 2654 678 2719 τὸ,
711 2672 729 2705 ι
753 2655 865 2726 Οὑχ
893 2655 1175 2727 εὑρήσετε.
1200 2674 1218 2706 ι
1255 2657 1364 2708 Καὶ.
1392 2655 1482 2710 διὰ
1511 2656 1671 2710 ποίαν
1707 2657 1885 2712 αἰτίαν
1916 2676 1932 2726 ;
1962 2658 2223 2731 Ἀρμόσει
2250 2657 2353 2729 μὲν
2393 2656 2503 2728 γάρ
2548 2656 2779 2719 ἐκείνοις
2816 2656 2877 2710 τὸ
2916 2655 2989 2728 μὴ
3021 2657 3298 2728 εὑρίσκειν
3333 2655 3519 2722 αὑτὸν,
3557 2655 3650 2710 διά
3683 2672 3747 2708 τε

459 2749 562 2821 τὴν
595 2749 833 2821 ἄμετρον
862 2748 1140 2813 ἀπιστίαν,
1176 2749 1268 2802 καὶ
1300 2749 1400 2820 τῆς
1427 2750 1509 2813 είς
1539 2750 1700 2804 αὑτὸν
1768 2751 2089 2816 δυσσεϐείας
2156 2752 2257 2823 τὴν
2297 2751 2635 2824 ὑπερϐολήν·
2670 2753 2782 2815 τοῖς
2812 2751 2867 2805 δὲ
2895 2752 3120 2823 γνήσιον
3170 2753 3252 2816 είς
3278 2751 3440 2804 αὑτὸν
3468 2750 3653 2823 ἔχουσι
3684 2753 3746 2806 τὸ

466 2842 743 2912 φρόνημα,
783 2843 877 2895 καὶ
922 2842 1301 2912 ἀκαπήλευτον
1345 2841 1666 2898 ἀποσώσασι
1697 2844 1796 2916 τὴν
1834 2845 2363 2916 ἁγάπησιν,.οὐκέτι
2407 2845 2725 2918 πρεπόντως
2770 2843 2838 2900 ἂν
2884 2844 3092 2916 λέγοιτο
3132 2845 3225 2911 τὸ,
3279 2862 3297 2896 ι
3332 2843 3446 2915 Οὐχ
3482 2843 3745 2916 εὑρήσετέ

469 2951 559 3005 με.
609 2952 628 2985 ι
667 2931 841 3002 Συνῆν
865 2933 974 3004 γὰρ
1000 2935 1201 3000 αὑτοῖς,
1236 2934 1330 2988 καὶ
1361 2935 1617 2989 συνέσται
1644 2935 1734 2991 διὰ
1762 2937 1987 3001 παντός.

542 3023 677 3079 Xlll.
709 3024 795 3078 54.
832 3021 1150 3077 Mandatum
1172 3039 1362 3078 novum
1391 3022 1460 3078 do
1515 3026 1678 3089 vobis,
1718 3036 1777 3080 ut
1801 3026 2045 3097 diligatis
2075 3034 2117 3092 ο

468 3117 724 3182 invicem,
782 3120 919 3169 sicut
953 3114 1118 3170 dilexi
1176 3132 1289 3182 vos,
1346 3126 1403 3168 ut
1466 3127 1517 3170 et
1570 3133 1658 3171 vos
1697 3117 1937 3189 diligatis
1968 3119 2046 3173 in-

466 3210 650 3263 ricam.

540 3298 711 3354 Recte
740 3314 804 3354 ac
835 3314 965 3353 vere
1001 3296 1228 3353 divinus
1260 3297 1465 3354 Paulus
1528 3299 1726 3355 scribit
1757 3317 1771 3353 :
1814 3317 1833 3352 ι
1868 3299 2049 3368 Quare

469 3392 513 3444 si
539 3395 663 3463 quis
691 3393 744 3447 in
773 3392 997 3448 Christo
1030 3401 1136 3452 est,
1193 3404 1332 3443 nova
1363 3398 1618 3445 creatura
1669 3398 1755 3445 est
1790 3410 1803 3447 :
1847 3401 2033 3448 vetera

464 3486 827 3549 transierunt,
846 3500 977 3540 ecce
994 3482 1138 3536 facta
1161 3489 1291 3537 sunt
1307 3481 1491 3536 omnia
1518 3496 1659 3537 nova
1680 3482 1748 3539 ¹⁸.
1763 3503 1780 3535 ι
1800 3483 2051 3540 Renovat

466 3580 613 3634 enim
662 3593 764 3635 nos
818 3593 882 3634 ac
938 3574 1155 3646 retlngit
1188 3574 1600 3646 quodammodo
1647 3576 1714 3632 ad
1755 3579 2048 3633 novitatem

467 3673 611 3737 vitae,
644 3671 740 3725 sed
773 3670 978 3724 inviam
1013 3682 1113 3722 nec
1144 3668 1329 3723 tritam
1361 3668 1488 3724 aliis
1524 3676 1797 3740 quotquot
1835 3672 1890 3726 in
1932 3671 2053 3741 lege

466 3763 654 3815 vivere
712 3768 933 3822 amant,
988 3766 1044 3812 et
1093 3756 1354 3815 Mosaieis
1407 3762 1699 3831 praeceptis
1756 3762 2049 3816 inhaerere.

470 3851 616 3906 Nihil
647 3851 851 3920 quippe
879 3850 966 3903 lex
997 3849 1235 3917 perllcit,
1266 3858 1329 3902 ut
1385 3850 1655 3919 scriptum
1687 3860 1773 3906 est
1798 3851 1840 3883 ⁸⁷
1872 3868 1888 3918 ;
1942 3850 2056 3922 ple-

472 3943 762 3999 nissimam
809 3928 991 3995 autem
1035 3940 1257 4010 pietatis
1287 3941 1345 3995 in
1396 3941 1568 3998 Deum
1630 3958 1948 3997 mensuram
1999 3944 2055 3998 in

473 4034 789 4090 Servatoris
821 4033 995 4089 nostri
1025 4030 1299 4088 mandatis
1324 4032 1511 4090 videre
1533 4045 1639 4090 est.
1662 4034 1877 4090 ltICiI'CO
1906 4034 2056 4089 enim

471 4137 529 4181 et
556 4125 674 4195 ipse
709 4123 778 4179 ad
814 4138 916 4179 nos
943 4123 1147 4179 alicubi
1171 4125 1254 4179 sic
1284 4124 1392 4180 ait:
1433 4142 1454 4177 ι
1486 4124 1682 4190 Amen,
1727 4140 1887 4181 amen
1931 4124 2059 4180 dico

471 4216 652 4278 vobis.
680 4216 785 4273 nisi
819 4214 1185 4271 abundaverit
1232 4215 1448 4284 iustitia
1491 4225 1673 4274 vestra
1709 4218 1832 4289 plus
1893 4232 2057 4288 quam

474 4310 801 4365 Scribarum
860 4318 909 4366 et
939 4308 1373 4375 Pharisaeorum,
1407 4325 1516 4365 non
1570 4310 1855 4366 intrabitis
1885 4309 1938 4365 in
1974 4325 2059 4365 re-

2232 3026 2529 3095 Ἐντολὴν
2584 3024 2807 3094 καινὴν
2853 3024 3063 3091 διδωμι
3110 3022 3275 3094 ὑμῖν,
3324 3023 3427 3077 ἵνα
3477 3020 3747 3092 ἀγαπᾶτε

2147 3119 2485 3186 ἀλλήλους,
2532 3117 2728 3184 καθὼς
2772 3116 2888 3188 ἐγὼ
2932 3117 3223 3188 ἠγάπησα
3271 3114 3448 3187 ὑμᾶς,
3487 3115 3591 3169 ἵνα
3644 3118 3742 3170 και

2148 3211 2321 3281 ὑμεῖς
2351 3208 2621 3281 ἀγαπᾶτε
2647 3208 2979 3277 ἀλλήλους.

2219 3303 2418 3366 Καλῶς
2444 3319 2501 3355 τε
2526 3303 2621 3356 καλ⁵
2649 3302 2871 3374 ἀληθῶς
2897 3305 2927 3357 ό
2948 3301 3234 3368 θεσπέσιος
3266 3301 3700 3373 γράφειΠαῦλος
3719 3318 3736 3334 ο

2156 3395 2348 3449 «Ὥστε
2366 3394 2501 3460 εἴτις
2518 3397 2576 3448 ὲν
2598 3394 3024 3466 Χριστῷ,·καινὴ
3053 3394 3232 3458 κτίσις
3254 3413 3268 3427 ο
3286 3393 3355 3448 τά
3375 3396 3582 3467 ἀρχαῖα
3606 3413 3747 3462 παρ-

2149 3487 2335 3557 ῆλθεν,
2360 3486 2468 3540 ίδοὺ
2498 3485 2690 3555 γέγονε
2714 3485 2784 3539 τὰ
2802 3487 2979 3540 πάντα
3004 3487 3189 3541 καινά.
3206 3506 3223 3539 ι
3246 3487 3610 3551 ’Δνακαινίζει
3635 3488 3745 3559 γὰρ

2150 3581 2320 3651 ἡμᾶς,
2349 3579 2443 3633 καὶ
2471 3578 2798 3633 ἀναπλάττει
2845 3579 3049 3650 τρόπον
3099 3579 3221 3633 τινα
3262 3578 3401 3651 πρὸς
3450 3578 3745 3650 καινότητα

2154 3669 2321 3741 ζωῆς,
2370 3667 2571 3739 ἀστιϐῆ
2617 3668 2675 3721 δὲ
2729 3667 2825 3722 καὶ
2880 3669 2995 3732 τοῖς
3040 3667 3223 3731 ἄλλοις
3269 3668 3330 3721 οὐ
3377 3668 3746 3740 τετριμμένην

2154 3761 2300 3823 ὅσοις
2326 3760 2389 3815 τὸ
2435 3761 2493 3814 ὲν
2541 3759 2693 3831 νόμῳ
2733 3760 3116 3815 πολιτεύεσθαι
3145 3760 3333 3830 φίλον,
3368 3761 3463 3815 καὶ
3495 3764 3619 3826 ταῖς
3658 3761 3746 3815 διὰ

2155 3850 2399 3914 Μωσέως
2455 3850 2844 3922 προσεδρεύειν
2896 3851 3161 3916 ἐντολαῖς.
3198 3851 3410 3905 Τελειοῖ
3445 3852 3546 3923 μὲν
3582 3852 3692 3923 γὰρ
3718 3854 3746 3905 ό

2156 3942 2319 4012 νόμος
2351 3942 2525 4009 οὐδὲν,
2562 3943 2702 3997 κατά
2733 3943 2794 3997 τὸ
2826 3944 3213 4017 γεγραμμένον
3236 3962 3251 3977 ο
3281 3942 3654 4015 πληρέστατον
3688 3944 3745 3998 δὲ

2156 4031 2258 4102 τῆς
2287 4033 2369 4096 είς
2399 4032 2532 4087 Θείιν
2576 4034 2859 4098 εὐσεϐείας
2879 4034 2941 4088 τὸ
2967 4035 3252 4106 μέτρονὲν
3276 4037 3391 4099 τοῖς
3434 4033 3531 4088 τοῦ
3556 4034 3744 4105 Σωτῆ-

2162 4141 2253 4196 ρος
2283 4123 2442 4196 ὴμῶν
2470 4125 2678 4180 κατίδοι
2716 4143 2801 4191 τις
2835 4125 2902 4180 ἂν
2930 4126 3284 4199 διατάγμασι.
3317 4125 3417 4180 Διά
3450 4124 3559 4199 γὰρ
3588 4125 3748 4180 τοῦτο

2158 4217 2254 4270 καὶ
2291 4217 2453 4281 αὑτός
2499 4234 2604 4270 που
2653 4218 2791 4289 πρὸς
2819 4218 2966 4290 ἡμᾶς
3014 4211 3119 4273 ὧδέ
3170 4220 3245 4290 πή
3274 4235 3472 4290 φησιν’
3505 4238 3524 4270 ι
3550 4218 3747 4290 Ἀμὴν,

2160 4303 2308 4376 ἀμὴν
2351 4305 2497 4374 λέγω
2526 4306 2676 4376 ὑμῖν,
2723 4306 2818 4359 ἐὰν
2861 4305 2936 4379 μὴ
2987 4308 3323 4379 περισσεύσῃ
3355 4309 3389 4379 ή
3428 4306 3747 4379 δικαιοσύνη

471 4418 640 4473 gnum
669 4401 832 4472 750
858 4403 1124 4456 caelorum
1152 4403 1215 4457 ⁸⁸.
1252 4422 1271 4455 ι
1310 4401 1430 4457 Non
1462 4402 1607 4458 enim
1643 4400 1848 4458 Judzeis
1879 4417 2055 4457 mores

2160 4396 2316 4470 ὑμῶν
2343 4398 2524 4452 πλεῖον
2550 4397 2660 4451 τῶν
2688 4398 3067 4469 Γραμματέων
3092 4400 3187 4453 καὶ
3214 4399 3545 4471 Φαρισαίων,
3579 4400 3641 4453 οὑ
3671 4402 3753 4471 μῆ

475 4510 541 4549 ac
570 4495 710 4551 ritus
741 4511 875 4549 suos
902 4495 1232 4562 invidemus,
1276 4496 1388 4551 imo
1417 4496 1525 4552 nisi
1581 4497 1784 4567 Oppido
1832 4496 2058 4567 legalem

468 4586 746 4657 justitiam
800 4588 1182 4660 praetergressi
1234 4587 1548 4653 fuerimus,
1604 4602 1885 4658 nunquam
1943 4602 2061 4641 mea

475 4680 752 4734 sententia
784 4679 837 4733 in
875 4695 1106 4750 regnum
1138 4679 1404 4734 cmlorum
1438 4674 1837 4752 ingrediantur.
1875 4677 2061 4749 Neque

474 4778 657 4826 tamen
701 4786 895 4825 vanam
929 4785 1164 4842 prorsus
1196 4787 1260 4827 ac
1287 4771 1537 4826 inutilem
1567 4786 1691 4827 esse
1716 4772 1892 4842 legem
1942 4769 2059 4824 Mo-

478 4863 688 4917 saicam
742 4862 1085 4919 statuimus:
1126 4865 1347 4919 tametsi
1405 4864 1553 4919 enim
1624 4864 1831 4919 bonum
1899 4861 2060 4917 nobis

480 4951 684 5007 invexit
747 4952 930 5008 minus
1000 4968 1134 5008 sane
1208 4953 1494 5024 perfecte,
1547 4963 1927 5007 verumtamen
1992 4950 2061 5006 ad

477 5046 808 5117 evangelicae
871 5047 1314 5102 conversationis
1370 5046 1724 5117 disciplinam
1796 5044 2061 5114 magistra

479 5136 642 5191 nobis
689 5138 924 5202 exstitit,
979 5145 1034 5193 et
1069 5154 1167 5205 per
1196 5139 1488 5209 aenigmata
1544 5152 1608 5191 ac
1658 5137 1866 5207 ﬁguras
1919 5151 2063 5192 vera:

480 5226 697 5295 pietatis
731 5228 1000 5283 inducens
1056 5229 1378 5299 imaginem,
1410 5229 1617 5283 nostris
1653 5227 2062 5298 quodammodo

484 5317 759 5374 mentibus
805 5320 1078 5374 doctrina:
1106 5317 1439 5374 Christiana:
1472 5317 1720 5372 umbram
1768 5316 2066 5387 impressit.

482 5404 755 5471 Quocirca
791 5417 846 5464 et
874 5411 994 5481 ipse
1022 5410 1238 5465 aiebat:
1292 5428 1311 5461 ι
1351 5409 1485 5466 Dico
1517 5409 1663 5465 enim
1718 5410 1897 5471 vobis.
1934 5410 2064 5480 quia

486 5495 671 5551 omnis
700 5498 882 5552 scriba
917 5500 1118 5556 doctus
1144 5501 1201 5555 in
1231 5516 1401 5573 regno
1430 5501 1698 5558 caelorum
1730 5501 1934 5557 similis
1975 5511 2063 5556 est

2160 4490 2440 4559 εἰσέλθητε
2482 4492 2563 4555 είς
2592 4490 2692 4561 τὴν
2726 4490 3007 4561 βασιλείαν
3035 4490 3143 4544 τῶν
3171 4491 3441 4563 οὐρανῶν.
3480 4511 3499 4544 ο
3528 4493 3603 4547 Οὑ
3636 4492 3747 4563 γὰρ

2160 4586 2274 4646 τοῖς
2316 4582 2582 4637 Ἰουδαίων
2626 4582 2987 4654 ἀμιλλώμεθα
3027 4583 3285 4654 τρόποις,
3315 4582 3433 4637 ἀλλ’
3463 4585 3512 4638 εί
3548 4585 3625 4655 μὴ
3653 4585 3749 4638 καῖ

2163 4677 2367 4746 σφόδρα
2415 4676 2875 4749 παραδράμοιμεν
2910 4677 3010 4746 τὴν
3065 4678 3124 4731 ὲν
3157 4677 3310 4748 νόμῳ
3355 4676 3707 4747 δικαιοσύνην
3732 4718 3749 4742 ,

2161 4767 2262 4821 οὑκ
2291 4765 2357 4820 ἂν
2387 4761 2542 4834 οἶμαί
2573 4783 2702 4821 ποτε
2741 4767 2878 4838 πρὸς
2909 4769 3008 4838 τὴν
3039 4770 3149 4821 τῶν
3173 4766 3421 4837 οὐρανῶν
3445 4765 3751 4821 είσελάσειν

2161 4856 2309 4927 ἡμᾶς
2338 4854 2636 4926 βασιλείαν.
2680 4858 2791 4910 Καὶ
2824 4857 2924 4929 οὑχ
2973 4858 3049 4920 ὡς
3080 4857 3353 4929 ἄχρηστον
3410 4857 3694 4922 παντελῶς
3716 4858 3753 4928 ﬁ

2158 4948 2418 5021 ἀνόνητον
2463 4949 2554 5003 τὸν
2596 4948 2684 5003 διὰ
2721 4950 2968 5014 Μωσέως
3000 4945 3142 5005 εἶναι
3180 4949 3527 5022 διοριζόμεθα
3552 4951 3749 5021 νόμον

2160 5041 2509 5113 εἰσκεκόμικε
2536 5041 2643 5115 γὰρ
2667 5044 2823 5114 ἡμῖν,
2850 5043 2899 5096 εί
2938 5043 3035 5097 καὶ
3063 5042 3137 5112 μὴ
3175 5041 3421 5108 τελείως,
3447 5042 3508 5095 τὸ
3524 5042 3753 5111 ἀγαθον.

2158 5131 2273 5185 ἀλλ’
2303 5130 2397 5186 οὖν
2420 5150 2483 5202 γε
2515 5133 2863 5203 παιδαγωγὸς
2891 5134 2984 5187 ἐπὶ
3013 5135 3113 5206 τὴν
3134 5137 3231 5206 τῆς
3263 5132 3630 5205 εὑαγγελικῆς
3664 5150 3755 5187 πο.

2167 5224 2372 5289 λιτείας
2414 5228 2729 5298 εὑρίσκεται
2781 5228 3038 5299 μάθησιν,
3072 5230 3165 5282 καὶ
3200 5229 3269 5282 δι’
3297 5228 3636 5299 αἰνιγμάτων
3662 5227 3757 5279 καῖ

2176 5317 2362 5372 τύπων
2390 5321 2574 5374 εἰκόνα
2607 5324 2706 5393 τῆς
2736 5321 2968 5393 ἀληθοῦς
3015 5321 3301 5386 εὐσεϐείας
3336 5321 3628 5392 εἰσφέρων,
3665 5321 3755 5373 ὲν-

2172 5410 2406 5482 εχάραξέ
2454 5431 2571 5477 πως
2619 5417 2741 5478 ταῖς
2765 5415 3064 5485 ἡμετέραις
3088 5413 3351 5478 διανοίαις
3375 5413 3474 5484 τῆς
3498 5411 3589 5467 διὰ
3614 5412 3755 5483 Χρι-

2170 5501 2297 5555 στοῦ
2347 5504 2684 5569 παιδεύσεως
2725 5504 2824 5576 τὴν
2866 5506 3042 5561 σκιάν.
3087 5505 3189 5559 Διὰ
3225 5505 3336 5578 γάρ
3366 5521 3450 5560 τοι
3471 5503 3632 5559 τοῦτο
3662 5506 3757 5559 καὶ

560 5673 602 5704 ³⁸
640 5671 680 5728 ll
717 5673 844 5730 Cor.
879 5693 932 5737 ν.
976 5677 1060 5732 l7.
1143 5678 1184 5711 ιτ
1226 5677 1390 5734 llcbr.
1429 5695 1535 5744 vn,
1577 5679 1640 5733 l9
1749 5679 1791 5710 λ’
1838 5677 2026 5735 Matth.
2065 5698 2116 5746 v,
2152 5681 2243 5736 ‘20.
