4076 6270
328 428 428 486 Hii

1382 422 1451 482 1N
1485 422 1771 481 JOANNIS
1801 421 2250 483 EVANCEIJUH
2293 426 2419 483 LIB.
2452 426 2539 482 ΙΧ.

3487 435 3593 490 163

328 542 570 613 ιφασκεν
594 539 754 605 αὐτός
777 555 790 571 ο
830 556 850 592 ι
881 537 1040 610 Λέγω
1064 539 1173 611 γὰρ
1207 541 1356 612 ὑμῖν,
1389 542 1473 595 ὅτι
1501 543 1611 606 πᾶς
1640 541 1908 613 Γραμμα-

2015 537 2223 595 homini
2255 542 2432 607 diviti,
2456 544 2552 613 qui
2583 544 2794 615 profert
2841 543 2909 601 de
2933 544 3200 602 thesauro
3227 561 3332 603 suo
3362 562 3500 604 nova
3537 561 3595 607 et

327 639 459 702 τεὺς
507 635 865 709 μαθητευθεὶς
898 638 967 709 τῇ
1003 636 1255 708 βασιλείᾳ
1299 636 1408 692 τῶν
1433 635 1703 709 οὐρανῶν,
1727 634 1912 707 ὅμοιός

330 730 477 782 ἔστιν
509 727 784 800 ἀνθρώπῳ
816 725 1080 799 πλουσίῳ,
1118 728 1269 792 ὅστις
1313 728 1568 782 ὲκὸἀλλει
1604 729 1672 781 ὲκ
1696 726 1790 780 τοῦ
1815 726 1915 797 θη-

331 819 530 891 σαυροῦ
558 819 726 874 αὐτοῦ
763 820 929 875 καινά
955 820 1051 874 καὶ
1090 820 1316 877 παλαιά.
1359 841 1380 874 ι
1412 823 1648 887 Πλοῦτος
1678 823 1776 894 μὲν
1804 823 1913 894 γάρ

327 910 498 974 ὅντως
542 910 917 982 πνευματικός
954 929 1016 965 τε
1046 913 1141 967 καὶ
1170 913 1295 969 λίαν
1330 914 1389 966 ὲν
1418 917 1533 978 τοῖς
1561 914 1651 969 διά
1669 916 1914 981 Μωσέως

327 1000 612 1071 τιτρίφθαι
643 1003 848 1072 λόγοις,
878 1003 976 1058 καὶ
1006 1003 1105 1076 τὴν
1131 1005 1194 1071 ἐξ
1238 1006 1421 1060 αὐτῶν
1456 1007 1725 1077 ὠφέλειαν
1748 1007 1912 1077 τιθη-

330 1092 703 1165 σαυρισμένην
742 1094 885 1167 ἔχειν
938 1095 1149 1170 διανοίᾳ
1171 1097 1264 1151 τὸν
1288 1099 1598 1171 ἄνθρωπον,
1624 1102 1912 1173 προσειλη-

329 1186 470 1254 φότα
500 1203 566 1255 γε
602 1187 709 1259 μὴν
764 1188 862 1242 καὶ
901 1189 964 1243 τὸ
1014 1188 1117 1259 τῆς
1175 1190 1538 1263 εὐαγγελικῆς
1580 1192 1913 1257 παιδεύσεως

328 1275 524 1342 κάλλος
550 1317 566 1341 ,
600 1276 992 1351 ὲναϐρύνεσθαι
1039 1279 1276 1349 διπλῶς,
1304 1284 1370 1352 τῇ
1414 1299 1473 1336 τε
1510 1283 1621 1336 τῶν
1667 1284 1913 1356 ἀρχαίων

328 1367 424 1420 καὶ
457 1368 571 1423 τῶν
609 1368 747 1422 νέων
794 1369 1058 1440 ινειδήσει
1088 1372 1286 1442 νόμων.
1322 1374 1548 1438 Δεικνὺς
1568 1375 1856 1447 τοιγαροῦν
1882 1377 1913 1430 6

328 1456 534 1529 Κύριος
575 1460 734 1531 ἡμῶν
793 1460 1001 1533 Ἰησοῦς
1041 1464 1071 1517 6
1114 1463 1386 1535 Χριστὸς,
1413 1464 1496 1517 ὅτι
1538 1468 1637 1536 τῆς
1676 1466 1912 1537 ἀρχαίας

327 1552 571 1623 ἀμείνων
595 1555 817 1627 ἐντολῆς
841 1558 875 1627 ἡ
906 1557 1036 1625 παρ’
1057 1556 1250 1620 αὑτοῦ,
1289 1557 1383 1611 καὶ
1409 1558 1490 1610 ὅτι
1513 1560 1628 1622 τοῖς
1662 1561 1722 1611 ἐν
1760 1561 1912 1632 νόμῳ

329 1646 771 1716 πολιτευομένοις
794 1647 1018 1719 ἀτρισές
1056 1666 1174 1713 πως
1215 1644 1282 1719 ἦν
1311 1647 1386 1702 ἔτι
1416 1649 1479 1702 τὸ
1519 1652 1785 1722 σωτήριον
1813 1656 1914 1723 κή-

329 1755 521 1809 ρυγμα
544 1781 559 1803 ,
589 1738 799 1809 μέλλων
838 1739 1151 1795 ἀναϐαίνειν
1204 1744 1285 1806 είς
1334 1743 1631 1812 οὐρανοὺς,
1662 1744 1910 1815 θεμέλιόν

325 1845 450 1883 τινα
476 1828 667 1903 ῶσπερ
693 1831 786 1885 καὶ
807 1831 1045 1903 κρηπῖδα
1065 1834 1264 1897 παντὸς
1290 1833 1496 1905 ἀγαθοῦ
1522 1834 1616 1889 τὸν
1640 1836 1740 1905 τῆς
1772 1838 1909 1905 ἀγά-

326 1937 436 1988 πης
464 1922 974 1991 προκαταϐἀλλεται
1001 1923 1430 1996 νόμον,“ἀγὰπης
1449 1927 1526 1993 δὲ,
1552 1927 1613 1981 οὐ
1636 1928 1734 1999 τῆς
1768 1930 1909 1984 κατά

326 2011 505 2081 νόμον,
524 2013 661 2067 ἀλλά
687 2015 787 2086 τῆς
819 2015 959 2086 ὑπὲρ
984 2017 1166 2089 νόμον.
1197 2018 1298 2071 Διά
1320 2018 1481 2072 τοῦτό
1502 2037 1668 2088 φησιν
1693 2039 1707 2053 ·
1730 2039 1751 2074 ι
1796 2022 1911 2076 Ἐν-

325 2104 483 2176 τολὴν
512 2106 708 2176 καινὴν
746 2107 936 2178 δίδωμι
969 2111 1120 2180 ὑμῖν,
1153 2111 1239 2165 ἶνα
1269 2113 1523 2180 ἀγαπᾶτε
1570 2113 1852 2185 ἀλλήλους.
1885 2134 1906 2168 ι

327 2192 463 2250 Εἶτα
494 2198 631 2261 πῶς,
663 2200 784 2253 εἰπέ
811 2217 923 2271 μοι,
952 2204 1175 2273 φήσειεν
1200 2204 1266 2259 ἀν
1293 2222 1376 2268 τις
1397 2206 1581 2276 τυχὸν,
1609 2201 1749 2261 εἶναι
1777 2207 1910 2261 ταύ-

326 2299 430 2351 την
476 2282 576 2353 τὴν
613 2286 829 2357 ἐντολὴν
861 2289 1054 2361 καινὴν
1086 2293 1305 2362 εἴρηκεν
1345 2292 1374 2345 6
1411 2295 1499 2347 διὰ
1529 2297 1772 2361 Μωσέως
1798 2302 1910 2361 τοῖς

330 2373 707 2446 ἀρχαιοτέροις
743 2377 910 2431 είπών
935 2396 950 2411 ο
996 2399 1014 2432 ι
1057 2383 1386 2455 ’Δγαπήσεις
1410 2386 1616 2456 Κύριον
1654 2389 1745 2441 τὸν
1777 2389 1910 2442 Θεόν

335 2481 449 2528 σου,
497 2465 559 2530 ἐξ
585 2467 713 2537 ὅλης
752 2469 850 2539 τῆς
879 2471 1104 2542 καρδίας
1137 2491 1255 2539 σου,
1298 2478 1389 2530 καὶ
1413 2477 1473 2543 ἐξ
1521 2479 1649 2549 ὅλης
1681 2480 1781 2549 τῆς
1794 2481 1910 2534 δια-

330 2557 484 2621 νοίας
531 2575 624 2612 σου
647 2599 664 2624 ,
695 2561 790 2614 καὶ
820 2564 910 2617 τὸν
937 2566 1161 2635 πλησίον
1199 2584 1314 2625 σου.
1359 2569 1435 2633 ὡς
1466 2571 1657 2624 ἑαυτὸν
1685 2588 1699 2635 ;
1739 2591 1757 2623 ι
1778 2572 1907 2626 Ἰδοὺ

328 2647 458 2715 γὰρ,
492 2648 602 2702 ίδοξι
630 2652 904 2721 προτάξας
930 2653 1039 2707 τῶν
1070 2655 1248 2711 ἀλλων
1281 2661 1374 2711 καὶ
1408 2658 1801 2730 προτεθεικὼς,
1833 2661 1909 2726 ὡς

322 2736 491 2800 εἰκὸς,
510 2737 611 2808 τὴν
633 2743 710 2803 είς
730 2740 862 2795 Θεὸν
876 2743 1157 2815 ἀγάπησιν
1172 2787 1188 2811 ,
1206 2751 1669 2821 παρεισκεκόμικε
1694 2752 1909 2820 γείτονα

323 2826 424 2894 τὴν
450 2827 532 2890 είς
559 2827 845 2899 ἀλλήλους,
874 2834 967 2884 καὶ
986 2831 1291 2904 παρέζευξέ
1318 2851 1432 2899 πως
1452 2839 1520 2909 τῇ
1545 2840 1627 2902 είς
1648 2838 1781 2892 Θεὸν
1807 2839 1908 2912 τὴν

326 2919 405 2981 εἰς
433 2919 580 2990 ἡμᾶς
610 2921 829 2987 αὐτοὺς,
865 2924 941 2988 ὠς
979 2925 1078 2979 οὐκ
1111 2926 1179 2980 ἂν
1222 2928 1428 3000 ἑτέρως
1453 2930 1686 3003 ἐχούσης
1709 2932 1904 3002 ὀρθῶς,

325 3006 447 3060 οὐδὶ
471 3009 569 3080 τῆς
613 3011 692 3074 είς
724 3011 859 3065 Θεὸν
900 3013 1122 3086 ἀγάπης
1146 3055 1161 3081 ,
1192 3017 1243 3069 εί
1299 3018 1373 3089 μὴ
1408 3019 1708 3091 παρέποιτο
1733 3022 1905 3095 ταύτῃ

328 3098 420 3152 καὶ
449 3100 483 3170 ἡ
534 3099 612 3173 τῷ
661 3102 832 3166 πέλας
866 3107 1311 3180 χρεωστουμένη.
1345 3111 1552 3176 Πάντες
1582 3114 1690 3184 γάρ
1737 3115 1907 3185 ἐσμεν

2015 640 2202 686 vetera
2220 633 2318 686 ι’.»
2340 632 2593 704 ingentes
2623 636 2822 706 quippe
2853 637 3058 693 divitiae
3082 646 3211 693 sunt
3229 654 3295 693 ac
3316 642 3595 709 spiritales

2012 739 2139 778 cum
2171 724 2226 779 in
2258 726 2481 796 scriptis
2513 726 2772 784 Mosaicis
2797 730 3045 800 apprime
3065 740 3344 787 versatum
3366 746 3514 797 esse,
3538 744 3594 788 et

2010 818 2378 889 quodcunque
2395 820 2649 876 utilitatis
2664 836 2728 877 ex
2749 821 2818 877 iis
2847 823 3066 893 capitur
3092 824 3252 894 quasi
3271 825 3590 879 thesaurum

2011 908 2068 963 in
2092 908 2278 963 animo
2311 910 2657 966 reconditum
2689 911 2909 975 habere,
2945 925 3059 967 tum
3089 914 3422 984 evangelicae
3473 913 3578 968 do—

2011 1001 2204 1057 ctrina:
2263 1003 2682 1072 pulchritudine
2734 1004 2922 1057 animo
2962 1012 3246 1074 suscepta,
3299 1004 3592 1074 dupliciter

2012 1093 2405 1159 inclarescere,
2446 1102 2692 1149 veterum
2726 1110 2925 1165 nempe
2953 1109 3017 1149 ac
3080 1110 3347 1150 novarum
3410 1096 3591 1166 legum

2013 1186 2356 1257 cognitione.
2386 1185 2699 1242 Ostendens
2726 1188 2914 1257 itaque
2940 1185 3203 1242 Dominus
3225 1194 3414 1242 noster
3433 1185 3593 1242 Jesus

2012 1277 2271 1333 Christus
2302 1278 2622 1334 mandatum
2671 1295 2834 1334 suum
2887 1278 3056 1334 veteri
3094 1287 3376 1348 prtestare,
3431 1287 3483 1334 et
3536 1279 3592 1334 in

2014 1370 2134 1440 lege
2182 1372 2496 1427 viventibus
2553 1376 2849 1427 salutarem
2911 1372 3357 1442 pradicationem
3412 1372 3592 1426 adhuc

2015 1463 2361 1520 inaccessam
2398 1475 2451 1520 et
2485 1465 2687 1519 inviam
2735 1481 2879 1531 esse,
2914 1480 3254 1521 ascensurus
3285 1466 3340 1519 in
3369 1466 3589 1530 cmlum,

2015 1554 2433 1610 fundamentum
2474 1556 2643 1610 veluti
2686 1554 2962 1624 quoddam
2995 1558 3178 1610 omnis
3213 1555 3364 1618 boni,
3406 1556 3591 1609 chari-

2013 1647 2142 1702 tatis
2172 1647 2346 1717 legem
2371 1648 2676 1717 praemittit,
2696 1647 3004 1715 cbaritatis,
3026 1648 3275 1719 inquam,
3303 1664 3411 1703 non
3443 1649 3591 1720 lega-

2014 1737 2104 1802 lis,
2136 1737 2233 1793 sed
2257 1754 2378 1809 qua:
2404 1753 2573 1809 supra
2604 1742 2777 1809 legem
2823 1740 2916 1796 sit.
2955 1739 3169 1795 Idcirco
3201 1741 3315 1795 ait:
3353 1758 3372 1792 ι
3432 1739 3591 1795 Man-

2015 1831 2203 1886 datum
2249 1846 2454 1887 novum
2492 1832 2565 1886 do
2588 1831 2767 1896 vobis,
2802 1839 2863 1885 ut
2894 1831 3138 1903 diligatis
3174 1832 3430 1888 invicem.
3468 1852 3487 1885 ι
3523 1834 3593 1887 At

2012 1923 2311 1995 quomodo,
2344 1939 2550 1994 quaeso,
2580 1923 2725 1977 dicet
2760 1921 2948 1978 forsan
2992 1923 3219 1993 aliquis,
3250 1924 3352 1979 hoc
3387 1939 3589 1978 novum

2014 2013 2340 2068 mandatum
2382 2028 2508 2069 esse
2562 2012 2722 2078 dixit,
2773 2014 2868 2083 qui
2916 2028 3014 2083 per
3069 2012 3256 2068 Mosen
3316 2015 3592 2068 veteribus

2011 2105 2314 2176 praecepit:
2356 2122 2375 2157 ι
2410 2103 2618 2176 Diliges
2648 2103 2944 2159 Dominum
2979 2103 3149 2157 Deum
3186 2114 3341 2159 tuum
3378 2123 3442 2160 cx
3477 2115 3592 2159 toto

2010 2197 2178 2252 corde
2230 2205 2347 2257 tuo.
2380 2204 2437 2251 et
2483 2211 2551 2251 ex
2588 2202 2704 2250 tota
2759 2203 2942 2250 mente
2996 2203 3126 2258 tua,
3162 2204 3219 2250 et
3273 2197 3591 2265 proximum

2011 2296 2189 2353 tuum,
2224 2289 2369 2343 sicut
2394 2288 2632 2359 teipsnm
2654 2287 2746 2340 “‘3
2775 2306 2794 2338 ι
2824 2285 2963 2341 Ecce
2988 2287 3136 2341 enim
3166 2287 3439 2342 eharitate
3462 2303 3591 2358 erga

2013 2381 2180 2437 Deum
2202 2385 2382 2453 primo
2400 2382 2520 2436 loco
2542 2381 2745 2451 posita,
2773 2388 3020 2434 mutuam
3043 2381 3275 2434 aliorum
3295 2395 3422 2449 erga
3453 2382 3587 2436 alios

2010 2474 2362 2529 dilectionem
2388 2491 2450 2529 su
2462 2472 2706 2535 bintulit,
2728 2473 3071 2541 alteramque
3090 2471 3245 2526 alteri
3277 2471 3590 2541 conjunxit,

2008 2566 2168 2635 quasi
2202 2565 2337 2621 alias
2364 2575 2513 2619 recte
2544 2579 2604 2619 se
2659 2562 2861 2617 habere
2911 2570 3151 2632 nequeat
3175 2562 3402 2616 dilectio
3460 2579 3591 2632 erga

2012 2656 2203 2723 Deum,
2246 2657 2352 2711 nisi
2387 2657 2524 2710 hanc
2572 2655 3010 2726 subsequeretur
3056 2669 3120 2709 ea
3162 2670 3285 2724 quae
3340 2654 3594 2723 proximo

2008 2747 2261 2804 debetur.
2294 2746 2498 2803 Omnes
2532 2749 2678 2802 enim
2704 2746 2938 2801 invicem
2971 2744 3176 2801 fratres
3198 2763 3409 2802 sttmus.
3441 2746 3593 2801 Unde

2008 2840 2449 2910 sapientissimus
2473 2837 2739 2902 Joannes,
2774 2837 2869 2907 qui
2905 2846 2960 2891 et
2995 2837 3048 2891 id
3082 2838 3291 2906 Optime
3317 2846 3498 2900 norat,
3537 2845 3594 2892 et

2007 2939 2241 2986 caeteros
2290 2930 2600 2994 edocebat,
2658 2947 2677 2981 ι
2725 2929 2830 2995 Qui
2870 2928 3071 2999 diligit,
3127 2928 3327 2998 inquit,
3366 2930 3591 2984 fratrem

2008 3038 2195 3085 suum,
2225 3028 2280 3076 et
2314 3020 2481 3075 Deum
2515 3020 2695 3091 diligit
2717 3021 2786 3072 ".
2824 3038 2843 3071 ι
2875 3018 3165 3085 Quomodo
3189 3021 3356 3089 igitur
3390 3035 3590 3075 novum

2008 3123 2091 3169 est
2114 3113 2247 3168 illud
2267 3113 2586 3168 mandatum
2607 3127 2702 3181 per
2716 3111 3020 3174 Christum,
3035 3110 3179 3180 quod
3205 3120 3290 3165 est
3312 3111 3592 3165 veteribus

326 3189 570 3297 ἀλληλων
624 3193 863 3262 ἀδελφοί.
900 3197 1010 3250 Καὶ
1044 3197 1176 3265 γοῦν
1225 3201 1255 3253 6
1285 3199 1597 3269 σοφώτατος
1631 3203 1903 3275 Ἰωάννης,

2013 3206 2225 3275 legibus
2249 3203 2652 3260 constitutum?
2672 3200 2779 3257 Seu
2803 3202 2949 3267 vide,
2970 3218 3177 3271 quaeso,
3193 3217 3299 3271 qua
3339 3204 3592 3257 cautione

325 3280 589 3337 κάὶλιστά
608 3300 667 3336 τε
697 3283 875 3350 εἰδὼς,
888 3286 981 3338 καὶ
998 3286 1267 3341 διδάσκων
1285 3290 1555 3360 ἐτέρους,ι
1579 3292 1637 3346 ’0
1653 3293 1905 3361 ἀγαπῶν,

323 3376 494 3443 φησὶ,
522 3375 614 3429 τὸν
650 3376 876 3446 ἀδελφὸν
910 3378 1098 3441 αὑτοῦ,
1130 3382 1223 3434 τὸν
1244 3380 1374 3434 Θεὸν
1396 3384 1639 3455 ἀγαπᾷ.»
1660 3385 1782 3449 Πῶς
1814 3382 1907 3439 οὖν

321 3467 512 3540 ἐντολὴ
533 3469 697 3540 καινὴ
723 3470 811 3524 διά
844 3472 1099 3540 Χριστοῦ,
1117 3473 1298 3528 καίτοι
1317 3476 1428 3538 τοῖς
1452 3476 1698 3541 παλαιοῖς
1724 3478 1910 3549 νόμοις

320 3557 759 3629 διηγορευμένη;
788 3559 928 3613 Ἀλλ’
949 3562 1051 3632 δρα
1078 3580 1171 3634 μοι
1222 3562 1323 3634 τὴν
1350 3564 1651 3633 ἀσφάλειαν
1672 3608 1688 3630 ,
1744 3568 1909 3639 βλέπε

320 3647 426 3718 τὴν
451 3650 771 3721 ἐπαγωγὴν.
796 3652 870 3705 Οὐ
900 3653 1008 3724 γὰρ
1026 3654 1267 3726 ἠρκέσθη
1297 3655 1374 3727 τῷ
1400 3658 1599 3712 εἰπεῖν’
1619 3678 1638 3711 ι
1662 3660 1909 3732 Ἐντολὴν

325 3743 527 3814 καινὴν
582 3745 776 3816 δίδωμι
808 3747 957 3816 ὑμῖν,
1003 3749 1091 3802 ἵνα
1132 3750 1383 3818 ἀγαπᾶτε
1409 3751 1692 3823 ἀλλήλους,
1718 3772 1737 3806 ι
1774 3752 1909 3808 ἀλλά

329 3835 426 3890 τοῦ
456 3836 617 3905 λόγου
649 3836 748 3908 τὴν
794 3839 1090 3909 καινότητα
1133 3840 1383 3903 δεικνὺς,
1425 3842 1520 3895 καὶ
1547 3842 1647 3912 τῆς
1679 3844 1909 3914 ἀρχαίας

327 3929 550 3999 ἐκείνης
576 3930 928 4002 ἀγαπήσεως,
961 3932 1060 4003 τῆς
1090 3934 1170 3997 είς
1203 3932 1464 4005 ἀλλήλους
1492 3937 1662 4007 φημὶ,
1693 3937 1827 3991 πολύ
1852 3955 1907 3994 τι

323 4021 389 4075 τὸ
418 4022 604 4093 μεῖζον
636 4022 868 4093 ἔχουσαν
897 4026 996 4096 τὴν
1031 4026 1249 4091 ἑαυτοῦ,
1281 4028 1667 4099 προστέθεικεν
1705 4031 1867 4096 εὐθύς
1890 4050 1905 4066 ο

331 4135 350 4166 ι
385 4114 582 4179 Καθὼς
614 4115 725 4185 ἐγὼ
751 4117 1018 4187 ὴγάπησα
1049 4117 1211 4189 ὑμᾶς,
1240 4119 1326 4172 ἵνα
1353 4120 1444 4174 καὶ
1473 4121 1631 4191 ὑμεῖς
1654 4123 1907 4193 ἀγαπᾶτε

321 4208 612 4279 ἀλλήλους.
649 4229 666 4259 ι
728 4208 1075 4280 Ἐρευνητέον
1104 4210 1394 4283 τοιγαροῦν
1432 4214 1573 4285 ὑπὲρ
1603 4215 1699 4269 τοῦ
1733 4218 1907 4271 συνιέ-

322 4318 412 4353 ναι
446 4300 638 4369 σαφῶς
671 4299 783 4353 τῶν
828 4302 1137 4372 εἰρημένων
1172 4305 1269 4374 τὴν
1316 4303 1570 4375 δύναμιν,
1616 4306 1735 4369 πῶς
1764 4309 1905 4378 ἡγά-

324 4411 521 4485 πησενί
551 4396 699 4464 ἡμᾶς
744 4395 774 4446 ό
817 4394 1073 4466 Χριστός.
1132 4396 1266 4449 Τότε
1297 4397 1428 4469 γάρ,
1470 4399 1614 4464 τότε,
1652 4400 1744 4454 καὶ
1787 4400 1907 4455 λίαν

325 4486 566 4548 εὐκόλως
591 4485 1078 4559 ἐπαριθμήσαιμεν
1125 4488 1189 4542 ἂν
1232 4489 1291 4542 τὸ
1336 4490 1523 4544 καινὸν
1557 4492 1652 4545 καὶ
1702 4493 1908 4563 παρηλ-

2014 3313 2148 3354 usus
2164 3299 2386 3362 sit,vide
2400 3297 2530 3368 quid
2544 3296 2824 3365 subjiciat.
2843 3293 2961 3349 Non
2976 3306 3272 3349 contentus
3287 3304 3371 3349 est
3384 3294 3586 3348 dicere:

2016 3405 2035 3439 ι
2061 3386 2373 3443 Mandatum
2395 3402 2594 3441 novum
2614 3387 2683 3440 do
2702 3386 2881 3447 vobis,
2918 3392 2976 3439 ut
2997 3384 3238 3453 diligatis
3266 3384 3533 3449 invicem;
3565 3401 3587 3435 ι

2012 3479 2107 3535 sed
2147 3480 2442 3535 novitatem
2473 3479 2632 3549 751
2659 3477 2933 3534 sermonis
2962 3475 3295 3539 ostendens,
3325 3490 3591 3544 suamque

2009 3570 2358 3627 dilectionem
2421 3571 2628 3640 aliquid
2664 3571 2843 3639 majus
2903 3584 2967 3623 ac
3010 3568 3329 3638 praeclarius
3384 3567 3592 3621 habere

2010 3681 2174 3736 quam
2208 3673 2366 3719 vetus
2413 3664 2505 3718 illa
2562 3663 2615 3717 in
2670 3663 2953 3734 proximos
2997 3662 3254 3723 dilectio,
3305 3660 3592 3729 subjunxit

2010 3757 2225 3812 statim:
2255 3775 2273 3807 ι
2302 3755 2453 3809 Sicut
2477 3770 2578 3824 ego
2594 3753 2761 3807 dilexi
2780 3768 2897 3816 vos,
2918 3761 3047 3807 utet
3073 3767 3169 3806 vos
3192 3751 3431 3821 diligatis
3451 3752 3592 3805 invi-

2009 3864 2153 3904 cem.
2194 3868 2213 3900 ι
2250 3846 2669 3917 investigandos
2705 3846 2890 3914 itaque
2924 3844 3117 3898 horum
3144 3843 3438 3897 verborum
3464 3857 3590 3895 sen-

2010 3958 2128 4007 sus,
2169 3940 2637 4013 quaarendumque
2661 3938 2938 4009 quomodo
2964 3952 3065 3991 nos
3094 3936 3353 3991 Christus
3378 3935 3590 3990 dilexe-

2010 4034 2104 4089 rit.
2136 4030 2293 4087 Tunc
2320 4033 2492 4095 enim,
2528 4039 2660 4085 tunc
2688 4030 2821 4099 quid
2857 4028 3125 4083 novitatis
3152 4043 3216 4082 at:
3250 4026 3591 4082 diseriminis

2009 4127 2083 4182 sit
2114 4127 2169 4181 in
2196 4141 2264 4181 eo
2285 4124 2435 4196 quod
2468 4138 2615 4178 nunc
2640 4128 2804 4177 datur
2844 4123 3103 4175 mandato
3133 4121 3293 4174 facile
3334 4133 3587 4173 recense-

2008 4218 2215 4274 bimus.
2264 4215 2438 4287 lgitnr
2493 4234 2513 4268 ι
2549 4217 2606 4270 in
2640 4216 2816 4268 forma
2858 4212 2952 4267 Dei
2986 4228 3111 4267 cum
3148 4219 3317 4277 esset,
3354 4225 3589 4283 non‘ra-

2009 4310 2193 4378 pinam
2241 4307 2545 4362 arbitratus
2587 4316 2670 4360 est
2710 4320 2834 4359 esse
2899 4318 2959 4357 se
3006 4302 3267 4370 aequalem
3309 4298 3446 4364 Deo,
3492 4300 3586 4354 sed

2009 4400 2364 4469 semetipsum
2388 4397 2714 4456 exinanivit.
2744 4396 2974 4449 formam
3004 4394 3150 4449 servi
3184 4391 3488 4461 accipiens,
3533 4391 3586 4444 iu

2010 4493 2426 4548 similitudinem
2461 4491 2744 4545 hominum
2776 4489 2977 4549 factus,
3009 4494 3063 4541 et
3103 4485 3291 4539 habitu
3334 4486 3587 4537 inventus

326 4576 598 4646 λαγμένον
659 4577 757 4649 τῆς
791 4580 909 4632 νυνὶ
959 4578 1209 4649 δοθείσης
1242 4580 1480 4651 ἐντολῆς.
1516 4582 1726 4636 Οὐκοῦν
1782 4602 1801 4635 t
1844 4586 1902 4637 ὲν

2016 4595 2076 4640 ιιι
2122 4586 2312 4639 homo.
2346 4582 2665 4637 Hnmiliavit
2701 4581 3058 4649 semetipsum
3095 4577 3274 4631 factus
3324 4576 3588 4630 obedicns

329 4672 512 4738 μορφῇ
547 4668 682 4722 Θεοῦ
720 4671 1018 4741 ὑπάρχων,
1078 4672 1176 4741 οὐχ
1223 4672 1519 4742 ἁρπαγμὸν
1561 4674 1806 4745 ἡγήσατο
1846 4675 1907 4729 τὸ

325 4751 469 4808 εἶναι
515 4757 604 4809 ἴσα
637 4757 760 4828 Θεῷ
783 4798 797 4820 ,
832 4759 946 4812 ἀλλ’
981 4760 1174 4812 ἑαυτὸν
1203 4760 1437 4813 ἐκένωσε
1469 4761 1656 4815 δούλου
1690 4765 1908 4836 μορφὴν

323 4844 530 4912 λαϐὼν,
562 4848 620 4899 ὲν
640 4847 948 4919 ὁμοιώματι
977 4849 1284 4920 ἀνθρώπων
1313 4850 1627 4920 γενόμενος,
1662 4860 1757 4908 καὶ
1777 4856 1909 4926 σχή-

329 4954 464 5017 ματι
509 4940 754 5011 εὑρεθεὶς
802 4941 879 5005 ὡς
933 4941 1256 5013 ἄνθρωπος,
1307 4944 1671 4997 ἐταπείνωσεν
1717 4948 1908 5001 ἑαυτὸν

327 5029 620 5100 γενόμενος
645 5033 887 5102 ὑπήκοος
917 5035 1078 5104 μέχρι
1106 5035 1361 5095 θανάτου.
1396 5035 1629 5090 θανάτου
1660 5038 1715 5090 δὲ
1746 5056 1910 5093 σταυ-

331 5119 446 5191 ροῦ.
483 5140 503 5172 ι
568 5123 728 5178 Ἀλλά
778 5127 872 5179 καὶ
923 5126 1177 5189 πλούσιος
1227 5125 1304 5179 ῶν
1358 5127 1709 5197 ὲπτώχευσε,
1770 5132 1911 5185 καθὰ

331 5213 497 5267 πάλιν
518 5218 546 5269 ὸ
577 5215 788 5281 Παῦλος
811 5219 939 5289 ἡμῖν
967 5218 1393 5291 διεμαρτύρατο.
1444 5218 1607 5291 Ὁρᾷς
1635 5222 1695 5275 τὸ
1724 5226 1909 5279 καινὸν

336 5308 429 5376 τῆς
467 5309 548 5370 είς
589 5309 736 5378 ἡμᾶς
769 5310 1138 5381 ἁγαπήσεωςς
1189 5311 1248 5365 'U
1281 5311 1381 5382 μὲν
1417 5311 1527 5384 γὰρ
1568 5313 1731 5384 νόμος
1773 5317 1910 5385 ἀγα⁹

326 5402 502 5467 πῆσαι
540 5400 650 5452 δεῖν
696 5402 789 5456 τὸν
827 5402 1056 5472 ἀδελφὸν
1086 5404 1372 5458 ἐκέλευσεν
1409 5405 1483 5467 ὡς
1528 5405 1719 5461 ἑαυτόν
1745 5425 1757 5438 ·
1792 5412 1820 5463 ό
1849 5410 1905 5463 δὲ

325 5490 533 5561 Κύριος
564 5492 721 5562 ἡμῶν
764 5492 969 5564 Ἰησοῦς
999 5495 1231 5566 Χριστὸς
1251 5496 1541 5565 ἠγάπησεν
1574 5500 1722 5572 ἠμῖς
1766 5503 1904 5574 ὑπὲρ

323 5584 521 5636 ἑαυτόν
544 5602 556 5614 ·
599 5586 659 5638 οὐ
690 5585 798 5657 γὰρ
843 5586 908 5640 ἂν
951 5589 1009 5641 ἐν
1052 5590 1235 5658 μορφῇ
1276 5589 1370 5641 καὶ
1403 5589 1612 5658 ἰσότητι
1641 5593 1737 5647 τοῦ
1768 5594 1902 5650 Θεοῦ

324 5678 421 5729 καὶ
468 5678 683 5748 Πατρὸς
717 5678 977 5749 ὑπάρχων
1030 5677 1169 5749 πρὸς
1226 5682 1323 5746 τὴν
1372 5680 1646 5750 ἡμετέραν
1695 5688 1899 5759 κατέϐη

400 5791 657 5875 ε’θίσιιιι.
699 5807 819 5856 xm,
850 5790 936 5847 52.
1024 5796 1068 5825 ’⁸
1112 5794 1268 5849 Deut.
1305 5813 1375 5853 vr.
1417 5796 1478 5859 5;
1520 5797 1705 5855 Matth.
1742 5820 1879 5875 xxii,
1916 5809 2001 5861 57.

327 5877 422 5917 vnn
442 5906 457 5929 ,
489 5864 543 5919 9.

2009 4693 2185 4747 usque
2214 4675 2281 4730 ad
2312 4683 2570 4737 mortem,
2600 4681 2829 4726 mortem
2857 4681 3039 4723 autem
3071 4671 3269 4736 crucis
3298 4671 3365 4719 ".
3400 4687 3419 4719 ι
3446 4665 3587 4732 Quin

2006 4770 2163 4824 dives
2214 4784 2336 4822 cum
2378 4773 2548 4828 csset,
2585 4780 2790 4834 pauper
2822 4763 3003 4816 fat-tus
3044 4769 3149 4823 cst,
3197 4760 3356 4813 sicuti
3394 4774 3588 4811 rursus

2007 4862 2170 4917 nobis
2230 4859 2432 4913 Paulus
2494 4865 2725 4911 testatus
2798 4864 2880 4909 est
2932 4854 2997 4906 ³³.
3054 4850 3224 4904 Vides
3273 4849 3587 4902 dilectionis

2007 4966 2136 5021 erga
2165 4963 2268 5002 nos
2301 4946 2644 5001 novitatem?
2682 4943 2790 4999 Lex
2842 4944 2990 4999 enim
3049 4940 3309 5011 pramepit
3355 4937 3587 5007 diligere

2009 5043 2258 5104 fratrem,
2310 5040 2455 5093 sicut
2506 5037 2745 5105 scipsum
2787 5053 2801 5101 ;
2851 5033 3119 5088 Dominus
3167 5039 3348 5084 autem
3402 5036 3589 5082 noster

2007 5133 2169 5190 Jcsus
2223 5132 2480 5187 Christus
2527 5128 2721 5183 dilexit
2777 5143 2878 5182 nos
2928 5127 3049 5194 plus
3090 5140 3249 5193 quam
3298 5121 3583 5189 scipsum:

2009 5242 2111 5281 nec
2143 5225 2287 5279 enim
2323 5223 2375 5276 in
2413 5221 2590 5275 forma
2625 5231 2677 5275 et
2711 5219 3022 5289 aequalitate
3056 5214 3148 5269 Dei
3183 5229 3246 5266 ac
3280 5211 3459 5266 Patris
3488 5228 3588 5266 ex-

2008 5318 2233 5381 sistens,
2265 5316 2330 5369 ad
2377 5322 2625 5369 nostram
2658 5311 3023 5365 humilitatem
3056 5302 3454 5366 descendisset,
3492 5319 3588 5357 ne-

2014 5431 2122 5484 que
2146 5423 2255 5468 tam
2300 5411 2552 5465 acerbam
2589 5406 2841 5475 corporis
2873 5409 3105 5455 mortem
3142 5413 3239 5467 pro
3269 5398 3428 5452 nobis
3462 5414 3586 5467 per-

2015 5508 2259 5561 tulisset.
2292 5518 2398 5556 non
2452 5500 2713 5569 colaphos
2759 5494 3041 5554 Iudaicos,
3097 5508 3203 5547 non
3252 5505 3459 5546 sannas
3531 5497 3586 5541 et

2013 5596 2396 5656 contumelias,
2430 5608 2538 5646 uno
2573 5590 2741 5643 verbo
2786 5594 2984 5641 caetera
3021 5585 3226 5645 omnia,
3260 5590 3318 5636 ut
3360 5598 3428 5636 nc
3469 5582 3585 5635 sin-

2015 5692 2139 5761 gula
2174 5703 2295 5757 qua:
2327 5700 2522 5755 passus
2554 5689 2639 5736 est
2670 5679 3009 5733 numeramlo
3056 5678 3110 5731 in
3153 5673 3425 5728 inﬁnitum
3471 5684 3584 5721 ser-

2098 5809 2135 5836 "
2184 5803 2337 5856 inin.
2376 5816 2451 5861 tv,
2488 5799 2579 5850 ‘2I.
2662 5797 2705 5826 τ’
2748 5794 2986 5864 Philipp.
3018 5811 3078 5857 ιι,
3112 5791 3231 5844 6-8.
3316 5787 3358 5814 "
3384 5784 3426 5836 ll
3455 5783 3580 5834 Cor.
