4076 6270
537 414 649 475 163

1494 416 1555 475 S.
1580 416 1861 476 CYRILLI
1894 414 2372 475 ALEXANDRINI
2401 415 2719 475 ARCHIEP.

3674 416 3789 478 166

536 545 755 589 manem
794 528 1165 601 proferamus,
1203 530 1527 601 pertulisset
1563 550 1576 586 :
1623 530 1720 586 sed
1753 546 1929 601 neque
1957 530 2110 586 dives

2213 532 2577 593 ταπείνωσιν,
2624 528 2734 583 οὐδ’
2778 528 2847 584 ἀν
2901 529 3109 601 ὑπέστη
3166 529 3361 602 πικρὸν
3413 528 3587 594 οὕτως
3641 530 3791 603 ὑπὲρ

535 632 663 681 cum
703 634 851 679 esset
897 637 1103 693 pauper
1153 622 1269 677 ﬁeri
1309 623 1602 687 voluisset,
1652 624 1762 679 nisi
1799 639 1902 678 nos
1933 621 2112 692 magis

537 716 822 771 dilexisset
858 727 1023 784 quam
1070 715 1337 785 seipsum.
1380 714 1672 771 Inauditus
1703 716 1888 785 itaque
1918 729 1982 769 ac
2014 729 2114 768 no-

536 821 640 861 vus
672 813 757 859 est
785 805 951 873 hujus
989 804 1306 865 dilectionis
1344 805 1561 860 modus.
1613 805 1693 859 ita
1738 817 1794 861 et
1842 819 1944 861 nos
1970 803 2113 858 allici

531 897 708 966 jubet,
743 895 879 949 nihil
925 897 1079 966 prius
1126 897 1354 951 omnino
1401 897 1698 951 dilectione
1729 912 1861 966 erga
1914 894 2112 950 fratres

534 988 823 1053 habentes,
848 1004 955 1042 non
979 990 1231 1059 gloriam,
1257 1004 1367 1043 non
1399 989 1641 1053 divitias,
1668 991 1762 1044 sed
1782 1005 1881 1044 uec
1912 988 2109 1058 ipsam,

534 1081 582 1135 si
605 1095 692 1135 res
719 1081 794 1135 ita
824 1079 983 1146 ferat,
1018 1082 1274 1150 corporis
1317 1091 1549 1137 mortem
1591 1090 1849 1152 appetere
1881 1081 2107 1144 veritos,

534 1185 595 1226 ut
635 1173 871 1243 proximi
910 1174 1188 1227 lucremur
1220 1174 1454 1229 salutem
1502 1190 1516 1226 :
1566 1173 1713 1242 quod
1758 1177 1924 1228 etiam
1971 1172 2112 1227 iece-

531 1276 667 1319 runt
735 1264 877 1320 beati
925 1263 1237 1320 Servatoris
1272 1265 1452 1321 nostri
1497 1265 1774 1335 discipuli,
1810 1280 1862 1320 et
1892 1265 1984 1335 qui
2015 1282 2111 1319 eo-

533 1369 654 1408 rum
684 1355 917 1425 vestigia
943 1366 1076 1410 sunt
1104 1357 1303 1421 secuti,
1335 1358 1429 1426 qui
1457 1356 1691 1411 aliorum
1724 1360 1953 1413 salutem
1986 1359 2112 1412 vita:

533 1460 648 1500 suae
677 1447 1062 1515 praetulerunt,
1107 1447 1429 1518 nullumque
1484 1448 1725 1503 laborem
1758 1456 2110 1511 recusarunt,

533 1535 781 1605 adeoque
816 1545 1060 1590 extrema
1094 1536 1281 1591 subire
1309 1538 1452 1590 mala
1498 1552 1606 1591 non
1640 1537 1915 1609 dedignati
1959 1551 2110 1605 sunt,

535 1636 595 1680 ut
622 1629 969 1697 pereuntium
994 1628 1208 1683 animas
1232 1637 1540 1683 servarent.
1582 1628 1732 1684 Unde
1762 1629 1967 1684 Paulus
2000 1645 2113 1684 mo—

534 1720 628 1782 do,
689 1738 707 1770 ι
745 1716 1008 1784 Quotidie
1058 1720 1303 1786 morior,
1339 1738 1359 1771 ι
1413 1719 1595 1790 inquit
1636 1721 1717 1786 ²⁴⁵;
1751 1724 1913 1775 modo
1943 1738 2109 1775 vero:

538 1824 557 1857 ι
601 1808 735 1872 Quis
768 1806 1101 1873 inﬁrmatur,
1135 1817 1189 1863 et
1210 1824 1312 1880 ego
1335 1825 1445 1865 non
1476 1810 1763 1865 inﬁrmor?
1787 1811 1922 1877 Quis
1952 1827 2110 1867 scau-

2212 622 2370 693 ήμῶν
2399 621 2494 674 τὸν
2542 622 2641 692 τῆς
2700 621 2902 693 σαρκὸς
2953 622 3180 678 θάνατον
3203 663 3217 685 ,
3271 622 3381 677 οὐδ’
3412 622 3477 677 ἂν
3523 623 3793 695 ἠνέσχετο

2214 714 2575 785 ραπισμάτων
2613 713 2941 778 Ἰουδαϊκῶν,
2968 714 3251 786 αἰσχύνης,
3277 714 3373 768 καὶ
3402 714 3661 783 γέλωτος,
3687 717 3790 771 καὶ

2210 804 2319 858 τῶν
2351 804 2528 858 ἄλλων
2563 805 2838 867 ἁπάντων,
2873 804 2959 857 ἵνα
3003 806 3078 876 μὴ
3116 806 3323 858 ἕκαστα
3359 804 3470 857 τῶν
3512 808 3591 870 είς
3621 806 3791 861 αὐτὸν

2211 897 2516 965 γεγονότων
2585 894 3080 967 ἐξαριθμούμενοι,
3135 895 3273 965 πρὸς
3333 896 3639 966 ἀπέραντον
3691 901 3792 951 τὸν
3886 946 3889 949 .

2210 988 2368 1058 λόγον
2396 988 2731 1057 ὲκτείνωμεν
2755 1002 2769 1016 ⁸
2804 987 2918 1041 ἀλλ’
2941 986 3051 1040 οὐδ’
3089 987 3155 1041 ἂν
3184 987 3498 1058 ἐπτώχευσε
3531 989 3789 1053 πλούσιος

2210 1078 2308 1145 ὢν,
2346 1080 2395 1132 εί
2437 1078 2512 1149 μὴ
2541 1079 2674 1132 πολὺ
2702 1078 2824 1132 λίαν
2865 1080 3157 1148 ἠγάπησεν
3203 1081 3350 1150 ἡμᾶς
3393 1080 3533 1151 ὑπὲρ
3571 1081 3787 1133 ἑαυτόν.

2210 1166 2370 1222 Ξένον
2399 1167 2491 1222 οὖν
2541 1169 2792 1249 ἄραὶτῆς
2836 1170 3056 1240 ἀγάπης
3118 1171 3178 1223 τὸ
3226 1171 3441 1241 μέτρον.
3477 1170 3638 1225 Οὕτω
3689 1173 3791 1223 καὶ

2211 1262 2358 1332 ἡμᾶς
2398 1260 2707 1316 διακεῖσθαι
2742 1262 2992 1330 κελεύει,
3040 1263 3190 1317 οὐδὲν
3219 1264 3355 1327 ὅλως
3385 1265 3483 1336 τῆς
3528 1265 3609 1326 είς
3635 1264 3786 1317 ἀδελ-

2213 1355 2345 1422 φοὺς
2394 1354 2745 1423 προτιθέντας
2794 1357 3047 1426 ἀγάπης,
3097 1357 3158 1409 οὐ
3203 1356 3392 1423 δόξαν,
3439 1356 3499 1408 ού
3531 1355 3785 1420 πλοῦτον,

2213 1445 2327 1499 ἀλλ’
2357 1446 2481 1499 οὐδὲ
2514 1446 2810 1511 ὀκνοῦντας
2850 1449 2944 1501 καὶ
2988 1451 3069 1511 είς
3100 1447 3284 1512 αὑτὸν,
3314 1448 3361 1499 εί
3396 1447 3526 1511 δέοι,
3566 1446 3659 1500 τὸν
3686 1446 3788 1517 τῆς

2212 1536 2417 1609 σαρκὸς
2446 1538 2755 1607 καταϐῆναι
2787 1538 3049 1604 θάνατον,
3089 1538 3177 1592 ἴνα
3206 1538 3304 1609 τὴν
3338 1537 3432 1590 τοῦ
3478 1536 3646 1598 πέλας
3681 1552 3786 1588 σω-

2209 1629 2407 1700 τηρίαν
2453 1629 2950 1700 ἀποκερδάνωμεν·
3001 1629 3029 1681 ὃ
3083 1628 3148 1699 δὴ
3198 1630 3293 1682 καὶ
3331 1630 3679 1700 πεπράχασιν
3736 1627 3787 1679 οἱ

2216 1721 2477 1792 μακάριοι
2508 1721 2603 1774 τοῦ
2636 1721 2889 1792 Σωτῆρος
2934 1720 3090 1792 ἡμῶν
3138 1721 3402 1791 μαθηταὶ,
3436 1720 3529 1774 καὶ
3578 1721 3629 1772 οἱ
3675 1722 3786 1781 τοῖς

2213 1814 2438 1868 ἐκείνων
2465 1813 2665 1884 ἴχνεσιν
2689 1813 3178 1884 ἀκολουθήσαντες,
3213 1814 3435 1883 ἄμεινον
3457 1811 3555 1881 τῆς
3576 1810 3786 1872 οἰκείας

532 1900 826 1963 dalizatur,
856 1909 912 1955 et
953 1915 1055 1972 ego
1098 1917 1208 1956 non
1252 1917 1385 1957 uror
1410 1903 1499 1955 “i
1535 1922 1552 1953 ι
1596 1903 1746 1957 llaiic
1774 1906 1938 1974 igitur
1978 1905 2107 1959 dile«

2214 1905 2360 1975 ζωῆς
2393 1906 2454 1960 τὸ
2499 1907 2719 1977 ἑτέρους
2755 1905 3024 1970 σώζεσθαι
3063 1906 3442 1975 λογισάμενοι,
3474 1905 3566 1958 καὶ
3608 1902 3789 1956 πάντα

531 1993 773 2047 ctionem
812 1993 968 2063 legali
1017 1996 1191 2049 multo
1226 1995 1492 2065 majorem
1531 1996 1947 2064 perfectissima:
1986 2012 2111 2067 erga

2214 1998 2313 2069 μὲν
2338 1997 2666 2060 ἀνατλάντες
2696 1998 2877 2063 πόνον,
2910 1999 2968 2051 ἐν
2994 1997 3052 2050 δὲ
3080 2000 3191 2060 τοῖς
3223 1997 3471 2067 ἐσχάτοις
3502 1992 3787 2064 γεγονότες

533 2081 703 2137 Deum
736 2085 956 2154 pietatis
995 2087 1236 2141 radicem
1280 2089 1460 2143 colere
1495 2103 1598 2144 nos
1640 2087 1898 2143 Sen-ator
1925 2090 2111 2157 jussit,

2213 2094 2401 2156 κακοῖς
2427 2132 2442 2154 ,
2501 2092 2586 2144 ἵνα
2644 2092 2744 2154 τὰς
2802 2091 2910 2144 τῶν
2977 2091 3366 2162 ἀπολλυμένων
3419 2085 3788 2161 περισώσειαν

531 2174 766 2243 ideoque
808 2189 934 2229 cum
991 2179 1162 2231 sciret
1210 2191 1321 2231 non
1367 2177 1529 2232 aliter
1581 2194 1684 2234 nos
1738 2180 1918 2235 claros
1967 2180 2111 2250 apud

2213 2183 2404 2254 ψυχάς.
2436 2182 2546 2235 Καὶ
2566 2181 2697 2250 γοῦν
2719 2184 2747 2234 ὁ
2769 2182 2979 2246 Παῦλός
3000 2199 3155 2251 φησι,
3183 2181 3311 2235 ποτὲ
3339 2180 3458 2252 μὲν,
3484 2181 3565 2232 ὅτι
3600 2197 3619 2229 ι
3649 2175 3789 2230 Καθ’

530 2265 699 2321 Deum
726 2268 866 2333 fore,
895 2276 950 2322 et
986 2268 1299 2325 dilectionis
1327 2269 1395 2323 ab
1419 2271 1540 2339 ipso
1571 2269 1628 2325 in
1667 2286 1769 2327 nos
1800 2281 2111 2342 propagata:

2213 2273 2421 2346 ἡμέραν
2447 2273 2795 2346 ἀποθνήσκω,
2837 2295 2855 2326 ι
2891 2276 3017 2329 ποτὲ
3055 2276 3109 2328 δὲ
3137 2276 3323 2337 πάλιν,
3359 2293 3377 2324 ι
3416 2274 3513 2336 Τίς
3550 2269 3787 2333 ἀσθενεῖ,

530 2361 812 2445 sequendo
850 2361 1318 2428 pulchritudinem
1366 2376 1566 2432 magna
1597 2369 1651 2418 et
1683 2364 1928 2434 perfecta
1962 2365 2107 2420 bona

2213 2368 2308 2421 καὶ
2347 2369 2447 2420 οὐκ
2478 2367 2719 2433 ἀσθενῶ;
2773 2367 2869 2430 Τίς
2897 2366 3343 2431 σκανδαλίζεται,
3392 2366 3487 2418 καὶ
3533 2364 3633 2418 οὐκ
3679 2360 3791 2430 ἐγὼ

528 2465 767 2503 consecu
778 2458 954 2504 turos.

2218 2459 2529 2530 πυροῦμαι;
2583 2479 2601 2510 ι
2654 2460 2838 2525 Ῥίςαν
2882 2455 2975 2514 οὖν
3024 2461 3134 2532 ἄρα
3174 2460 3273 2529 τῆς
3314 2457 3658 2526 τελειοτάτης
3710 2457 3793 2517 είς

528 2540 663 2591 Θεὸν
714 2541 998 2592 εὐσέϐειαν
1084 2541 1211 2612 [γρ.
1262 2542 1579 2616 εὐσεϐείας]
1637 2546 1737 2616 τὴν
1792 2548 1934 2619 ὑπὲρ
1982 2548 2143 2618 νόμον
2217 2553 2496 2622 ἀγάπησιν
2541 2551 2880 2617 ἐπιτηδεύειν
2914 2554 3063 2622 ἡμᾶς
3104 2554 3132 2604 ὁ
3173 2549 3363 2621 Σωτὴρ
3391 2549 3788 2603 διεκελεύσατο,

527 2632 823 2704 ταύτῃτοι,
876 2633 970 2683 καὶ
994 2632 1092 2702 οὐχ
1121 2634 1323 2704 ἑτέρως
1353 2635 1508 2697 εἰδὼς
1532 2636 1937 2706 δοκιμωτάτους
1983 2640 2202 2694 ἔσεσθαι
2235 2645 2385 2711 παρά
2431 2644 2509 2713 τῷ
2556 2642 2710 2714 Θεῷ,
2780 2644 2874 2697 καὶ
2933 2643 3037 2713 τῆς
3104 2645 3233 2714 παρ’
3274 2641 3441 2696 αὐτοῦ
3520 2657 3793 2710 πεφυτευο

532 2726 699 2795 μένης
726 2726 806 2786 εἰς
836 2723 982 2792 ἡμᾶς
1008 2725 1340 2794 ἀγαπήσεως
1371 2727 1786 2797 ἰχνηλατοῦντας
1833 2729 1892 2782 τὸ
1940 2731 2133 2794 κάλλος
2172 2735 2231 2787 ἐν
2273 2736 2529 2804 μεγάλοις
2560 2736 2777 2789 ἔσεσθαι
2815 2739 2907 2789 καὶ
2943 2736 3167 2800 τελείοις
3196 2737 3441 2805 ἀγαθοῖς.

602 2818 763 2887 752
805 2816 953 2879 XIII,
1014 2818 1104 2872 '55.
1145 2816 1210 2870 In
1255 2818 1352 2872 hoc
1406 2833 1715 2891 cognoscent
1767 2839 1943 2877 omnes
1987 2825 2113 2893 quia

528 2912 781 2977 discipuli
815 2911 914 2963 mei
941 2913 1070 2963 estis
1093 2951 1106 2974 ,
1146 2912 1193 2964 si
1224 2912 1558 2968 dilectionem
1594 2915 1890 2971 habueritis
1923 2919 1992 2971 ad
2031 2919 2113 2971 in-

531 3019 713 3056 utrem.

602 3095 851 3163 Signum,
888 3094 1084 3165 inquit,
1117 3099 1491 3153 certissimum
1531 3110 1587 3155 et
1616 3101 1979 3155 indubitatum
2009 3103 2116 3156 erit

2296 2828 2392 2880 Ἐν
2420 2830 2610 2893 τούτῳ
2634 2828 2970 2897 γνώσονται
3006 2828 3229 2895 πάντες
3261 2828 3350 2883 ὅτι
3379 2827 3505 2897 ἐμοὶ
3529 2827 3792 2896 μαθηταί

2211 2919 2371 2985 ἐστε,
2412 2919 2521 2973 ἐὰν
2547 2920 2814 2990 ἀγαπᾶτε
2849 2920 3187 2990 ἀλλήλους.

2287 3101 2615 3173 Γνώρισμα,
2658 3098 2822 3172 φησὶν
2849 3141 2864 3164 ,
2912 3102 3124 3174 ἄμαχόν
3175 3120 3234 3156 τε
3276 3107 3370 3157 καὶ
3415 3104 3788 3173 ἀναμφίλογον

532 3202 629 3240 vos
660 3202 809 3239 meos
832 3201 954 3240 esse
995 3188 1330 3257 discipulos,
1365 3192 1436 3254 si,
1479 3201 1746 3262 quantum
1789 3202 1983 3246 natura
2019 3208 2111 3247 ve-

2217 3198 2334 3258 ταῖς
2357 3195 2565 3247 ἑαυτῶν
2586 3196 2914 3265 ἐπιγράψετε
2947 3194 3209 3263 κεφαλαῖς
3246 3194 3305 3247 τὸ
3335 3212 3398 3264 με
3410 3194 3790 3265 μαθητεῦσθαι

531 3287 642 3332 stra
697 3288 749 3331 et
806 3279 1167 3334 humanitatis
1214 3283 1461 3336 conditio
1492 3300 1696 3354 capere
1739 3294 1947 3353 potest,
1983 3300 2117 3338 meae

533 3381 653 3423 νιιει·
683 3373 912 3441 νκ-διίειε
961 3374 1288 3439 sequamini.
1327 3382 1384 3427 ut
1421 3376 1495 3427 ita
1525 3391 1553 3427 a
1589 3383 1794 3429 mutua:
1826 3377 2116 3430 charitatis

533 3470 749 3519 vmculo
792 3484 899 3520 non
954 3468 1371 3538 disjuugaminl,
1411 3478 1466 3523 et
1515 3469 1743 3523 alterius
1781 3470 1835 3522 in
1878 3471 2113 3523 alterum

531 3577 718 3612 amore
761 3577 824 3613 ac
867 3570 1068 3614 mutua-
1114 3561 1429 3616 dilectionis
1474 3560 1897 3630 incomparabili
1944 3563 2115 3631 gloria

532 3654 694 3706 simuI
734 3661 881 3706 recte
925 3652 1325 3707 consociemiui
1363 3670 1376 3707 :
1416 3652 1471 3705 id
1514 3652 1659 3706 enim
1704 3654 1952 3723 magistri
1996 3654 2113 3722 glo-

532 3761 667 3798 I'Ialll
710 3752 969 3797 accurate
1005 3744 1164 3797 vobis
1195 3745 1486 3812 exprimet.
1523 3743 1628 3799 Sed
1676 3755 1886 3814 quaaret
1928 3745 2113 3799 I‘orSan

530 3838 733 3903 aliquis
765 3838 1123 3903 quamobrem
1155 3835 1397 3889 charitas
1436 3836 1652 3905 signum
1687 3836 1758 3890 sit
1797 3836 1863 3888 ad
1900 3837 2114 3891 discer-

532 3926 770 3981 nendum
825 3925 1032 3980 Christi
1098 3926 1470 3994 discipulum,
1525 3936 1579 3979 et
1633 3927 1688 3979 in
1735 3941 1800 3979 eo
1843 3927 2111 3982 virtutum

531 4018 778 4072 amnium
812 4032 984 4087 genus
1024 4017 1300 4069 elucescat
1343 4030 1451 4069 non
1484 4017 1667 4070 studio
1694 4028 2072 4087 comparatum
2096 4060 2110 4085 ,

534 4126 713 4179 neque
742 4111 925 4162 labore
972 4120 1024 4162 et
1057 4108 1399 4173 assiduitate,
1439 4108 1583 4163 sicut
1615 4111 1667 4162 in
1715 4110 1936 4165 homine
1959 4127 2114 4165 com-

530 4204 895 4275 prehensum,
946 4201 1039 4256 sed
1107 4201 1439 4254 naturaliter
1487 4201 1536 4255 ei
1597 4201 1846 4257 insitum.
1907 4202 2114 4258 Divinze

530 4296 744 4367 quippe
804 4303 1021 4348 natura;
1055 4293 1293 4347 maxime
1349 4294 1617 4364 propria,
1674 4295 1839 4363 eique
1893 4297 2115 4365 proprie

533 4401 601 4439 ac
659 4399 788 4439 vere
836 4385 1028 4438 insunt
1065 4399 1187 4454 qua:
1222 4398 1445 4438 omnem
1475 4383 1907 4439 admirationem
1953 4386 2113 4454 longe

533 4486 825 4547 superant.
886 4475 1187 4542 Praeclare,
1231 4477 1488 4546 inquam,
1547 4490 1581 4528 o
1645 4474 1834 4530 bone:
1893 4476 2113 4531 fructus

529 4574 677 4628 enim
745 4584 1021 4641 suprema:
1082 4568 1413 4624 substantiae
1469 4574 1600 4623 sunt
1665 4582 1730 4621 ea
1795 4583 1920 4638 qua}
1977 4583 2103 4638 pro-

530 4667 652 4736 prie
683 4680 746 4719 ac
781 4679 908 4718 vere
931 4663 981 4716 ei
1017 4669 1214 4716 natura
1246 4661 1457 4715 insunt.
1507 4660 1614 4714 Sed
1646 4661 1692 4715 si
1730 4676 1844 4715 rem
1878 4663 2109 4732 propius

530 4755 881 4817 consideres,
912 4753 1102 4808 videre
1134 4751 1260 4805 licet
1287 4751 1506 4805 virtutis
1539 4766 1711 4821 genus
1739 4767 1903 4806 omne
1933 4752 2117 4805 chari-

533 4848 635 4902 tali
688 4845 1032 4916 complendas
1087 4848 1319 4908 servire,
1384 4850 1440 4897 et
1489 4843 1867 4913 quodcunque
1911 4844 2116 4898 bonum

534 4938 742 5007 agitur,
771 4938 840 4990 ad
872 4950 992 4990 eam
1017 4941 1275 5004 spectare
1326 4946 1392 4987 ac
1423 4933 1671 4988 tendere.
1718 4931 1956 5003 Ideoque
1998 4934 2118 4988 exi-

535 5028 711 5081 mium
753 5027 977 5097 quidem
1018 5038 1083 5077 ac
1127 5022 1371 5092 primum
1404 5024 1707 5077 secundum
1754 5024 1929 5093 legem
1965 5040 2120 5077 man-

530 5120 722 5173 datum
749 5130 854 5184 est,
875 5117 1109 5187 diligere
1139 5114 1434 5169 Dominum
1464 5114 1634 5170 Deum
1664 5131 1732 5170 ex
1762 5125 1875 5170 tota
1902 5116 2108 5181 anima,

527 5216 583 5263 et
609 5224 677 5263 ex
706 5217 825 5262 toto
853 5207 1043 5271 corde,
1081 5215 1137 5261 et
1160 5221 1225 5259 ex
1259 5213 1374 5259 tota
1409 5214 1592 5261 mente
1620 5224 1635 5273 ;
1676 5208 1910 5262 alterum
1939 5210 1989 5264 ei
2018 5224 2112 5263 co-

526 5313 757 5373 gnatum
792 5317 855 5355 ac
887 5302 1159 5367 vicinum,
1219 5300 1452 5370 diligere
1505 5302 1840 5370 proximum,
1890 5303 1945 5356 in
2000 5317 2110 5371 quo

527 5394 671 5464 legis
698 5394 959 5448 consistit
1002 5394 1185 5449 omnis
1226 5391 1512 5463 perfectio.
1567 5390 1716 5447 Unde
1746 5391 1940 5448 beatus
1968 5391 2109 5446 Pau-

527 5482 617 5539 lus
648 5483 714 5538 ad
763 5498 885 5538 eam
922 5485 1156 5557 proximi
1203 5484 1558 5539 dilectionem
1596 5482 1912 5539 universum
1947 5497 2103 5536 mau-

526 5573 715 5627 datum
765 5588 1057 5640 revocans,
1096 5573 1294 5628 scribit
1337 5590 1350 5626 :
1388 5591 1408 5625 ι
1465 5571 1678 5626 Etenim
1732 5573 1865 5627 illud
1910 5591 1922 5627 :
1985 5569 2104 5627 Non

525 5666 932 5730 mmchaberis,
980 5664 1097 5720 Non
1154 5663 1397 5731 occides,
1434 5662 1555 5719 Non
1610 5663 1905 5734 pejerabis,
1946 5672 2001 5719 et
2055 5664 2102 5720 si

594 5843 643 5877 “
680 5844 697 5899 Ι
732 5843 855 5899 Cor.
892 5861 981 5911 xv,
1014 5845 1105 5900 3|.
1183 5844 1228 5876 "
1268 5843 1311 5898 II
1340 5845 1468 5901 Cor.
1500 5860 1577 5910 xu,
1624 5842 1714 5898 29.

2219 3288 2346 3354 παρ’
2384 3286 2540 3354 ἐμοὶ,
2589 3288 2637 3339 εἰ
2675 3287 2794 3338 κατ’
2839 3286 2982 3356 ἴχνος
3009 3286 3106 3355 τῆς
3137 3289 3275 3357 ἐμῆς
3308 3285 3591 3354 ἐπείγεσθε
3631 3285 3786 3337 πολι-

2217 3377 2385 3440 τείας,
2427 3379 2569 3430 κατά
2612 3394 2672 3444 γε
2716 3377 2775 3429 τὸ
2808 3377 3083 3449 ἐγχωροῦν
3114 3382 3178 3449 τῇ
3216 3380 3457 3449 ὑμετέρᾳ
3500 3377 3659 3447 φύσει
3696 3377 3790 3431 καὶ

2216 3473 2329 3531 τοῖς
2374 3472 2474 3539 τῆς
2514 3470 2932 3540 ἀνθρωπότητος
2982 3470 3239 3540 μέτροις,
3292 3471 3367 3533 ὡς
3423 3472 3791 3524 ἀδιάσπαστον

2215 3561 2358 3630 ἔχειν
2386 3560 2486 3629 τῆς
2530 3562 2610 3624 είς
2641 3561 2902 3631 ἀλλήλους
2938 3562 3157 3629 ἀγάπης
3190 3562 3280 3614 τὸν
3327 3562 3624 3631 σύνδεσμον
3649 3601 3663 3622 ,
3696 3561 3790 3614 καὶ

2218 3654 2276 3704 ἐν
2310 3653 2563 3723 ἀλλήλοις
2599 3652 2973 3723 συνηρμόσθαι
3019 3653 3219 3717 καλῶς,
3265 3654 3407 3707 κατά
3458 3671 3519 3722 γε
3554 3654 3646 3706 τὸν
3690 3655 3791 3720 τῆς

2216 3745 2567 3816 φιλαλληλίας
2589 3745 2748 3814 λόγον
2772 3747 2864 3798 καὶ
2895 3747 2956 3798 τὸ
2989 3748 3052 3798 ἐκ
3080 3747 3178 3816 τῆς
3208 3746 3589 3817 φιλοστοργίας
3619 3746 3790 3813 ἀσύγ-

2216 3853 2401 3905 κριτον
2472 3837 2768 3906 καύχημα·
2806 3838 2963 3890 τοῦτο
3008 3838 3115 3909 γὰρ
3157 3840 3288 3908 ἡμῖν
3335 3838 3523 3907 ἀκριϐ(
3551 3855 3579 3900 ς
3617 3854 3793 3908 χαραο

2215 3932 2430 3999 κτηριεῖ
2460 3931 2552 3982 τοῦ
2596 3930 2915 3984 διδασκάλου
2949 3931 3048 4000 τὴν
3088 3930 3267 3997 δόξαν.
3313 3931 3473 3995 Ἀλλ’,
3505 3928 3679 4001 οἶμαι,
3705 3931 3793 3993 τὶς

2215 4025 2330 4091 ἐρεῖ
2359 4023 2492 4093 πρὸς
2520 4022 2698 4088 τοῦτο,
2733 4025 2827 4075 καὶ
2856 4023 3106 4089 ἀφίξεται
3150 4023 3333 4092 τυχὸι,
3384 4024 3559 4074 ἐκεῖνο
3592 4022 3789 4093 διερω-

2215 4112 2352 4176 τῶν,
2385 4110 2528 4164 διατί
2572 4111 2672 4179 τῆς
2703 4112 2808 4163 ὑπὸ
2843 4111 3065 4181 Χριστῷ
3101 4112 3403 4181 μαθητείας
3434 4112 3467 4181 ἡ
3496 4111 3687 4180 ἀγάπη
3726 4111 3791 4162 τὸ

2194 4200 2521 4275 ⁸γνιὶιρισμα,
2560 4201 2653 4253 καὶ
2696 4201 2757 4253 τὸ
2789 4202 2978 4254 πασῶν
3005 4197 3144 4264 εἶδος
3187 4200 3396 4273 ἀρετῶν
3427 4201 3485 4253 ἐν
3520 4201 3668 4271 αὐτῷ
3705 4201 3789 4254 δι-

2214 4295 2485 4363 εφαίνετο,
2518 4294 2618 4346 οὐκ
2644 4293 2705 4356 ἐξ
2732 4295 3033 4357 ἐπιεικείας
3070 4295 3490 4364 πεπορισμένον,
3519 4293 3634 4346 ἀλλ’
3664 4294 3791 4348 οὐδὲ

2216 4385 2364 4455 πόνῳ
2392 4384 2486 4437 καὶ⁹
2516 4385 2780 4456 προσοχῇ,
2815 4383 3067 4455 καθάπερ
3106 4386 3165 4439 ἐν
3189 4382 3463 4455 ἀνθρώπῳ
3493 4382 3790 4455 συνειλημ-

2219 4477 2399 4546 μένον,
2430 4476 2545 4529 ἀλλ’
2568 4475 2645 4538 ὼς
2679 4477 2746 4546 τῇ
2772 4474 2937 4529 αὑτοῦ
2980 4476 3365 4546 προσπεφυκὸς
3404 4473 3586 4543 φύσει.
3622 4475 3788 4538 Θείας

2215 4572 2324 4637 γὰρ
2372 4565 2610 4636 μάλιστα
2643 4564 2856 4632 φύσεως
2900 4564 3026 4627 ῐδια,
3060 4566 3154 4619 καὶ
3185 4565 3324 4636 αὐτῇ
3367 4563 3639 4636 προσόντα
3682 4581 3784 4617 κυ-

2219 4658 2349 4729 ρίως
2379 4675 2439 4711 τε
2466 4658 2559 4711 καὶ
2588 4657 2806 4728 ἀληθῶς
2843 4657 2915 4710 τά
2961 4658 3161 4721 παντὸς
3198 4660 3456 4712 ἐπέκεινα
3487 4656 3784 4727 θαύματος.

2218 4748 2328 4801 Καὶ
2363 4745 2472 4818 μὴν
2500 4746 2770 4817 ὀρθότατά
2794 4764 2860 4816 γε
2883 4787 2899 4810 ,
2933 4742 2979 4801 ὦ
3016 4748 3116 4800 τᾶν
3138 4786 3152 4810 ,
3193 4745 3426 4816 ἐροῦμεν
3466 4747 3626 4817 ἡμεῖς
3646 4786 3661 4811 ,
3694 4746 3786 4798 τὸν

2217 4840 2311 4893 ἐπὶ
2352 4838 2565 4903 τούτοις
2604 4839 2807 4892 ἐποίσω
2839 4838 2993 4907 λόγον
3017 4855 3032 4871 ο
3066 4837 3277 4907 καρπὸς
3319 4837 3428 4909 γὰρ
3465 4838 3656 4901 οὐσίας
3687 4839 3785 4906 τῆς

2215 4932 2510 4998 ἀνωτάτω,
2562 4933 2632 4986 τά
2686 4935 2830 4997 ἰδίως
2887 4949 2946 4984 τε
2993 4932 3086 4984 καὶ
3125 4930 3329 5000 κυρίως
3357 4930 3785 5002 προσπεφυκότα

2216 5027 2375 5097 αὐτῇ.
2419 5025 2558 5078 Ἀλλ’
2602 5025 2716 5079 ἔστι
2744 5043 2860 5087 πως
2883 5024 3247 5092 δοκιμάζοντα
3272 5022 3533 5085 κατιδεῖν,
3564 5023 3646 5077 ὅτι
3676 5024 3784 5076 πᾶν

2217 5114 2357 5181 εἶδος
2392 5117 2592 5188 ἀρετῆς
2622 5117 2721 5187 τῆς
2758 5117 2978 5186 ἀγάπης
3016 5113 3132 5168 ἐστὶ
3173 5115 3651 5186 συμπληρωτικὸν,
3691 5116 3785 5167 καὶ

2217 5211 2324 5264 πᾶν
2355 5210 2493 5279 ὅπερ
2522 5208 2587 5263 ἂν
2618 5207 2801 5278 δοκοίη
2823 5223 2904 5270 τις
2926 5201 3066 5260 εἷναι
3096 5206 3527 5278 κατορθούμενον
3557 5205 3783 5273 ἀγαθὸν,

2214 5303 2296 5365 είς
2334 5300 2504 5370 αὐτὴν
2552 5301 2655 5370 ὁρᾷ
2701 5316 2817 5362 πως
2864 5298 2957 5352 καὶ
3012 5299 3332 5369 τέτραπται.
3367 5298 3465 5351 Διά
3494 5312 3577 5349 τοι
3628 5295 3785 5350 τοῦτο

2216 5391 2530 5462 προῦχουσα
2563 5392 2661 5462 μὲν
2703 5388 2892 5461 ἐντολὴ
2938 5390 3034 5444 καὶ
3075 5388 3267 5460 πρώτη
3299 5389 3441 5441 κατά
3473 5388 3566 5443 τὸν
3594 5390 3781 5459 νόμον,

2214 5482 2277 5535 τὸ
2308 5482 2530 5553 ἀγαπᾷν
2562 5483 2709 5535 ἐστιν
2752 5480 2958 5552 Κύριον
2995 5481 3087 5534 τὸν
3145 5479 3279 5533 Θεὸν
3310 5479 3369 5545 ἐξ
3401 5479 3529 5550 ὅλης
3555 5478 3655 5550 τῆς
3678 5478 3783 5550 ψυ-

2210 5575 2334 5645 κῆςς
2370 5574 2464 5627 καὶ
2492 5572 2553 5639 ἐξ
2578 5575 2706 5644 ὅλης
2737 5573 2839 5643 τῆς
2879 5572 3128 5644 καρδίας,
3176 5571 3271 5624 καὶ
3298 5570 3357 5636 ἐξ
3384 5570 3511 5639 ὅλης
3545 5567 3639 5638 τῆς
3667 5571 3781 5624 δια.

2211 5666 2359 5730 νοίας
2377 5679 2390 5694 ’
2422 5664 2675 5735 δευτέρα,
2706 5665 2799 5718 καὶ
2828 5664 3053 5734 ἀδελφὴ,
3089 5662 3184 5716 καὶ
3209 5661 3405 5731 γείτων
3436 5662 3619 5731 ἐκείνῃ
3647 5662 3780 5732 ήείς
