4076 6270
270 407 382 464 165

1301 411 1367 466 ΙΝ
1406 407 1692 466 JOANNIS
1743 405 2194 463 EVANCELIUM
2247 407 2375 462 LIB.
2415 407 2508 463 IX.

3425 414 3526 468 1‘56

261 521 358 573 τὸν
412 518 642 594 πλησίον
671 519 856 592 ἀγάπη
893 521 1116 592 σύμπαν
1173 523 1375 595 ἔχουσα
1424 524 1520 579 τοῦ
1571 525 1737 594 νόμου
1785 520 1845 575 τὸ

1957 521 2092 592 quod
2125 522 2270 577 aliud
2294 530 2378 577 est
2401 522 2742 588 mandatum,
2775 522 2831 578 in
2866 521 2974 578 hoc
3000 524 3488 594 comprehenditur
3516 548 3530 584 :

264 611 566 683 πλήρωμα.
621 613 730 666 Καὶ
775 614 907 682 γοῦν
935 615 964 668 ὁ
1005 615 1294 680 Θεσπέσιος
1331 617 1566 681 Παῦλος,
1599 618 1679 679 εἰς
1708 615 1842 670 ταύ-

264 721 367 772 την
398 703 969 776 συγκεφαλαιούμενος
1011 707 1230 761 ἃπασαν
1259 707 1480 780 ἐντολὴν
1514 707 1838 762 ἐπιστέλλει·

276 814 296 846 ι
330 794 403 847 Τὸ
433 794 542 866 γάρ
563 836 577 858 ,
612 796 687 848 Οὐ
719 795 1031 868 μοιχεύσεις
1055 837 1070 862 ,
1103 799 1177 852 Οὐ
1221 798 1502 867 φονεύσεις
1525 839 1540 864 ,
1577 799 1692 853 Οὐκ
1720 803 1840 853 ἐπι-

263 885 520 956 ορκήσεις
542 926 558 940 .
608 887 704 940 καὶ
738 890 789 942 εῐ
813 907 898 954 τις
930 891 1094 961 ἐτέρα
1127 892 1275 945 ἐστὶν
1317 892 1539 963 ἐντολὴ,
1583 894 1640 944 ἐν
1671 893 1844 964 τούτῳ

262 973 345 1042 τῷ
385 973 528 1045 λόγῳ
567 975 1097 1046 ἀνακεφαλαιοῦται,
1141 982 1200 1034 ἐν
1236 981 1338 1052 τῷ,
1378 983 1708 1056 Ἀγαπήσεις
1753 984 1844 1036 τὸν

267 1064 500 1135 πλησίον
548 1083 682 1134 σου,
730 1067 806 1130 ὡς
855 1071 1071 1124 ἑαυτόν.
1131 1072 1413 1142 Πλήρωμα
1460 1069 1554 1126 οὖν
1612 1075 1775 1144 νόμου
1810 1076 1843 1144 ἠ

266 1153 480 1225 ἀγάπη.
517 1174 536 1207 ι
578 1157 701 1210 Ὅτι
730 1157 786 1211 δέ
817 1159 910 1212 καὶ
935 1160 1153 1231 ἀπάσης
1176 1162 1379 1233 ἀρετῆς
1411 1162 1555 1217 ἰδέαν
1581 1162 1710 1216 είσω
1734 1163 1844 1216 τῶν

267 1247 486 1300 οἰκείων
537 1248 680 1319 ὅρων
739 1250 1057 1321 ἐποιήσατο,
1099 1253 1314 1324 συνέχει
1351 1255 1407 1307 δὲ
1440 1254 1629 1326 ὥσπερ
1675 1257 1846 1323 ἀγκά-

266 1334 388 1398 λαις
416 1335 610 1390 ἐλοῦσα
637 1337 706 1390 τά
733 1338 936 1406 ἀγαθά,
973 1338 1181 1404 Παῦλος
1218 1341 1382 1394 πάλιν
1413 1341 1576 1405 αὐτὸς
1602 1344 1630 1395 ὁ
1670 1340 1846 1410 σοφώ-

266 1441 431 1490 τατος
483 1429 923 1500 ἐπιμαρτυρήσει
983 1430 1124 1501 βοῶν
1151 1449 1164 1460 ·
1205 1450 1225 1484 ι
1272 1433 1335 1484 Ἠ
1369 1433 1557 1504 ἀγάπη
1605 1435 1664 1486 ού
1711 1452 1848 1505 περ-

269 1514 585 1584 περεύεται,
623 1517 685 1569 ού
718 1518 1042 1586 φυσιοῦται,
1079 1521 1179 1572 οὐκ
1221 1521 1555 1593 ἀσχημονεῖ,
1597 1524 1658 1577 οὐ
1691 1521 1848 1595 ζητεί

268 1607 340 1658 τὰ
387 1608 623 1678 ἐαυτῆς,
660 1627 680 1660 ι
724 1611 821 1664 καὶ
873 1611 942 1664 τά
999 1611 1208 1677 τούτοις
1239 1617 1599 1686 συνημμέναο
1636 1617 1848 1689 μακρὸν

268 1697 381 1768 γάρ
420 1700 596 1752 εἰπεῖν
625 1702 726 1771 τῆς
752 1702 975 1776 ἀγάπης
1004 1705 1065 1758 τὸ
1101 1707 1318 1778 μέτρον.
1357 1709 1569 1772 Ἀλλως
1605 1710 1666 1763 τέ
1705 1728 1846 1782 φημι

267 1789 335 1860 δὴ
363 1790 606 1860 μάλιστα
633 1795 868 1865 πρέπειν
889 1814 946 1849 τε
981 1799 1076 1852 καὶ
1104 1800 1433 1871 ἐνυπάρχειν
1472 1803 1586 1865 τοῖς
1624 1803 1847 1876 ἀγαπᾷν

1949 632 1968 665 ι
2008 615 2211 685 Diliges
2279 615 2593 685 proximum
2653 623 2806 670 tuum
2869 616 3014 671 sicut
3052 617 3311 686 teipsum.
3359 617 3523 672 Com-

1942 708 2280 778 plementum
2339 708 2528 777 itaque
2560 707 2697 778 legis
2740 716 2826 764 est
2879 709 3125 764 charitas
3179 711 3244 763 ".
3293 730 3311 760 ι
3370 709 3524 775 Quod

1943 809 2126 854 autem
2158 800 2324 855 omne
2357 801 2579 855 virtutis
2607 816 2782 872 genus
2814 801 2957 855 intra
2988 817 3046 856 se
3073 803 3528 872 comprehendat,

1943 891 2239 959 omniaque
2299 889 2445 944 bona
2517 891 2634 946 suis
2692 891 3102 960 quodammodo
3163 893 3529 962 amplectatur

1954 980 2342 1043 ulnis,Paulus
2375 984 2492 1052 ipse
2521 983 2967 1053 sapientiSsimus
2998 999 3191 1038 rursus
3217 987 3528 1052 testabitur,

1943 1075 2239 1130 clamans:
2285 1093 2302 1126 ι
2341 1075 2596 1131 Charitas
2627 1091 2739 1130 non
2784 1076 2896 1146 agit
2929 1091 3240 1145 perperam,
3287 1091 3398 1129 non
3447 1078 3528 1129 ἰη-

1945 1164 2131 1230 ﬂatur,
2171 1182 2279 1221 non
2323 1176 2412 1222 est
2461 1168 2786 1234 ambitiosa,
2836 1183 2945 1222 non
2991 1169 3193 1237 quaerit
3253 1183 3376 1238 qua:
3433 1183 3532 1222 sua

1946 1263 2100 1321 sunt,
2144 1275 2164 1307 ι
2197 1265 2252 1310 et
2284 1273 2408 1326 quae
2442 1268 2754 1327 sequuntur
2801 1258 2844 1288 "
2876 1276 2890 1312 :
2935 1257 3153 1327 longum
3206 1261 3350 1312 enim
3387 1265 3534 1312 esset

1948 1355 2155 1416 quanta
2197 1347 2270 1404 sit
2316 1349 2604 1402 charitatis
2657 1363 2914 1403 mensura
2967 1351 3220 1402 oratione
3253 1347 3530 1417 persequi.

1945 1437 2218 1492 Caeterum
2249 1440 2546 1494 convenire
2574 1440 2818 1494 maxime
2868 1440 2934 1493 iis
2979 1439 3104 1493 dico
3147 1439 3240 1508 qui
3276 1439 3534 1490 omnibus

1947 1525 2152 1596 ubique
2199 1536 2384 1596 patere
2418 1529 2610 1581 volunt
2658 1542 2717 1582 se
2755 1526 2962 1581 Christi
3017 1541 3142 1580 esse
3195 1524 3526 1590 discipulos,

1947 1617 2236 1672 charitatis
2279 1601 2681 1688 753'eorona
2741 1617 2990 1687 gloriari,
3051 1631 3115 1670 ac
3165 1617 3314 1669 velut
3364 1615 3534 1669 istius

1947 1710 2028 1764 rei
2056 1711 2400 1781 signaculum
2448 1710 2724 1782 quoddam
2782 1709 3039 1780 prml'crre
3093 1717 3339 1762 mutuam
3395 1706 3535 1760 dile-

1948 1801 2224 1856 ctionem:
2257 1816 2421 1871 quam
2457 1802 2527 1856 ob
2557 1817 2810 1863 causam,
2854 1800 3051 1871 paucis
3081 1799 3289 1868 aperio.
3336 1797 3532 1852 Nonne

269 1880 568 1951 ἑλομένοις,
599 1885 684 1938 ὅτι
711 1887 945 1958 Χριστοῦ
977 1891 1231 1958 γεγόνασι
1265 1893 1507 1964 μαθηταὶ
1536 1898 1648 1960 τοῖς
1670 1897 1850 1951 ἀπαν-

1957 1893 2000 1946 si
2028 1893 2156 1962 quis
2183 1902 2430 1948 nostrum
2461 1901 2634 1947 artem
2671 1893 2924 1946 aarariam
2962 1891 3364 1946 auttextoriam
3402 1905 3534 1959 pro-

269 1975 466 2043 ταχόσε
511 1977 918 2047 γνωρίζεσθαι,
973 1982 1032 2034 τὸ
1083 1983 1162 2054 τῷ
1213 1985 1465 2058 στεφάνῳ
1500 1988 1600 2056 τῆς
1629 1989 1849 2060 ἀγάπης

276 2065 753 2137 ἐπισεμνύνεσθαι,
799 2074 894 2125 καὶ
927 2073 1178 2147 καθάπερ
1207 2095 1260 2130 τι
1301 2081 1616 2152 σήμαντρον
1655 2083 1852 2153 ἐπιφέ-

277 2156 465 2224 ρεσθαι
495 2157 588 2210 τοῦ
625 2159 956 2231 πράγματος
989 2165 1090 2236 τὴν
1144 2167 1529 2238 φιλαλληλίαν·
1565 2171 1658 2226 τοῦ
1687 2173 1745 2226 δὲ
1785 2173 1851 2245 δὴ

279 2246 460 2336 χάριν,
495 2250 588 2302 καὶ
614 2251 771 2304 τοῦτο
807 2255 952 2324 μημὶ⁸
1145 2259 1414 2333 μηνύσω]
1453 2262 1540 2316 διὰ
1576 2263 1846 2336 βραχέων.

279 2333 432 2408 ’Ἀρα
456 2338 565 2410 γάρ
591 2340 641 2393 εῐ
665 2360 748 2406 τις
772 2344 880 2399 τῶν
903 2346 1026 2400 καθ’
1051 2349 1198 2420 ἡμᾶς
1223 2333 1657 2426 χαλκουργικὴν,
1681 2333 1852 2426 ἤγουν

283 2428 382 2520 τὴν
413 2429 646 2499 ὑφάντου
688 2434 845 2510 μετίῃ
869 2437 1100 2509 τέχνην,
1138 2442 1240 2495 οὐκ
1276 2442 1343 2497 ἂν
1371 2445 1578 2516 ὁρῷτο,
1620 2449 1714 2503 καὶ
1748 2450 1855 2520 μάο

286 2519 445 2574 λιστα
491 2521 708 2591 σαφῶς,
761 2525 834 2588 ὼς
883 2529 1228 2598 χαλκοτύπρυ
1283 2536 1430 2600 τινὸς
1455 2577 1471 2602 ,
1525 2539 1558 2610 ἢ
1615 2519 1852 2610 ὑφάντου

287 2610 476 2705 γέγονε
511 2613 795 2687 μαθητής;
824 2619 888 2672 Τί
930 2620 987 2674 δέ
1024 2624 1053 2676 ὀ
1094 2628 1413 2698 τεκτονικῆς
1441 2631 1733 2704 ἐμπειρίας
1755 2636 1856 2705 οὐκ

281 2704 559 2776 ἀμοιρῶν;
597 2711 711 2763 Ούκ
743 2706 851 2782 ἄρα
887 2713 1133 2785 βοήσειεν
1175 2717 1243 2772 ἂν
1279 2720 1366 2775 διὰ
1400 2723 1557 2776 τοῦτο
1593 2704 1855 2781 δύνασθαι

278 2797 580 2888 κατορθοῦν
608 2800 675 2854 τὰ
703 2801 762 2854 ἐν
807 2806 874 2874 τῇ
917 2804 1082 2879 τέχνῃ
1128 2809 1308 2873 καλῶς
1331 2851 1346 2877 ,
1379 2813 1460 2865 ὃτι
1490 2813 1718 2870 τέκτονα
1757 2818 1856 2888 τῆς

283 2886 574 2958 ἐμπειρίας
623 2891 746 2962 ἔσχε
793 2894 886 2949 τὸν
928 2897 1268 2968 ὴγούμενονς
1322 2903 1480 2957 Κατά
1523 2906 1614 2961 τὸν
1671 2886 1854 2974 αὐτὸν,

282 2974 454 3049 οἶμαι.
492 2981 648 3051 λόγον
690 2987 739 3038 οἱ
768 2990 869 3057 τῆς
903 2987 1185 3058 θεοφιλοῦς
1213 2994 1432 3064 ἀγάπης
1469 2997 1857 3071 πληρουμένην

284 3071 338 3122 ἐν
371 3073 584 3138 ἑαυτοῖς
620 3075 717 3148 τὴν
743 3077 976 3150 δύναμιν
1003 3082 1239 3154 ἔχοντες,
1273 3087 1481 3141 ἀκονιτὶ
1506 3092 1854 3162 γνωριοῦσιν,

1953 1984 2195 2048 ﬁteatur,
2230 1987 2314 2039 vel
2349 1986 2477 2040 hinc
2501 1986 2739 2039 maxime
2770 1984 3033 2054 prodatur
3064 1983 3202 2037 fabri
3245 1983 3530 2049 cujusdam

1951 2078 2130 2132 ararii
2179 2085 2276 2131 aut
2311 2078 2545 2132 textoris
2596 2077 2771 2131 fuisse
2819 2076 3170 2145 discipulus?
3208 2074 3352 2139 Quid
3403 2087 3536 2126 vero

1955 2168 2167 2224 fabrilis
2219 2169 2352 2223 artis
2403 2169 2658 2237 peritus?
2695 2167 2886 2221 Nonne
2926 2167 3048 2220 ideo
3099 2182 3158 2221 se
3212 2176 3383 2220 artem
3437 2180 3533 2234 ap-

1954 2263 2128 2331 prime
2153 2263 2356 2316 callere
2377 2262 2601 2324 dixerit,
2629 2261 2759 2330 quia
2794 2260 2950 2313 fabro
2977 2275 3110 2313 usus
3142 2259 3214 2312 sit
3239 2257 3538 2323 magistro?

1954 2355 2184 2419 Eodem,
2227 2355 2446 2425 opinor,
2489 2354 2651 2408 modo
2707 2355 2798 2423 qui
2855 2353 3148 2406 charitatis
3184 2368 3310 2422 erga
3366 2351 3534 2406 Deum

1954 2448 2170 2518 plenam
2224 2449 2279 2500 in
2329 2447 2529 2516 seipsis
2560 2447 2669 2499 vim
2721 2445 2951 2505 habent.
3002 2445 3157 2497 nullo
3190 2443 3408 2512 negotio
3437 2457 3538 2495 co-

1957 2541 2329 2614 gnoscendum
2353 2540 2673 2609 praibehunt
2696 2554 2755 2592 se
2770 2538 3059 2591 charitatis
3075 2536 3352 2591 exstitisse
3372 2535 3540 2588 disci-

1957 2635 2138 2704 pulos,
2173 2634 2288 2688 sive
2325 2633 2556 2694 Christi,
2589 2632 2682 2700 qui
2717 2630 3172 2700 perfectissimam
3223 2629 3275 2681 in
3316 2642 3375 2681 se
3404 2626 3540 2680 cha-

1956 2726 2174 2779 ritatem
2215 2725 2479 2778 continet.
2524 2724 2614 2776 Sic
2647 2723 2792 2777 enim
2828 2722 3016 2775 dilexit
3052 2719 3337 2774 mundum.
3385 2729 3442 2772 ut
3485 2727 3540 2773 et

1959 2817 2132 2887 ipsam
2178 2831 2278 2887 pro
2313 2831 2380 2870 eo
2428 2818 2666 2868 animam
2727 2815 2973 2884 posuerit
3008 2814 3086 2878 ’⁸,
3119 2822 3171 2866 et
3205 2811 3420 2866 Judaici
3457 2811 3538 2864 fu-

1960 2910 2102 2964 roris
2147 2908 2546 2964 immanitatem
2595 2907 2901 2977 pertulerit.
2954 2905 3111 2971 Quod
3151 2907 3268 2976 ipse
3313 2903 3537 2974 quidem

1960 3002 2256 3056 testabitur
2285 3001 2351 3054 ad
2389 3001 2692 3070 discipulos
2723 3015 2877 3062 suos,
2924 2999 3117 3053 dicens
3145 3000 3154 3050 ἑ
3199 3017 3217 3048 ι
3255 2998 3390 3062 Quia
3420 3011 3540 3050 ma-

1956 3096 2134 3166 jorem
2172 3094 2275 3149 hac
2298 3094 2570 3148 charitate
2610 3108 2772 3147 nemo
2800 3092 2986 3153 habet,
3020 3099 3077 3145 ut
3113 3091 3353 3143 animam
3385 3103 3540 3142 suam

283 3163 362 3276 Ξτι
388 3164 491 3234 τῆς
523 3166 746 3276 ἀγάπης
772 3171 1032 3276 γεγόνασι.
1070 3175 1332 3246 μαθηταὶ,
1364 3179 1482 3249 ἦτοι
1521 3181 1615 3234 τοῦ
1642 3183 1740 3255 τὴν
1777 3186 1853 3249 εἰς

1963 3194 2131 3256 ponat
2161 3185 2288 3254 quis
2328 3199 2429 3254 pro
2456 3185 2650 3238 amicis
2696 3185 2814 3239 suis
2863 3185 2930 3237 ’³.
2975 3201 2993 3236 ι
3041 3182 3178 3236 Cum
3222 3181 3365 3234 enim
3399 3179 3543 3232 Deus

283 3251 457 3348 ἄκραν
500 3259 736 3348 Δἀγάπην
799 3261 1015 3332 ἔχοντος
1085 3267 1343 3338 Χριστοῦ.
1407 3251 1707 3343 Ἠγάπησε-
1747 3275 1858 3348 γάρ

283 3341 424 3396 οὕτω
464 3345 555 3399 τὸν
595 3349 817 3418 κόσμον,
847 3351 924 3414 ὡς
968 3357 1061 3408 καὶ
1105 3357 1276 3424 αὐτὴν
1311 3359 1447 3429 ὑπὲρ
1479 3341 1642 3415 αὑτοῦ
1689 3341 1860 3418 καταί·

285 3433 456 3489 θεῖναι
488 3437 586 3509 τὴν
615 3439 824 3512 ψυχὴν,
861 3445 956 3498 καὶ
1000 3446 1108 3499 τῶν
1144 3449 1452 3505 Ἰουδαϊκῶν
1490 3454 1858 3528 τολμημάτων

285 3529 574 3598 ὑπομεῖναι
628 3533 728 3598 τὴν
776 3535 1098 3608 ἀγριότητα.
1133 3541 1243 3594 Καὶ
1293 3547 1636 3616 μαρτυρήσει
1685 3549 1859 3617 λέγων

286 3621 446 3683 αὐτὸς
494 3623 629 3691 πρὸς
673 3627 799 3687 τοὺς
843 3628 1038 3681 ἑαυτοῦ
1091 3632 1340 3703 μαθητὰς
1366 3673 1382 3699 ,
1433 3637 1514 3690 ὅτι
1562 3657 1580 3690 ι
1621 3641 1861 3705 Μείζονα

285 3715 493 3782 ταύτης
517 3715 619 3783 τῆς
645 3716 867 3788 ἀγάπης
897 3719 1071 3784 οὐδεὶς
1112 3721 1226 3792 ἔχει
1248 3763 1263 3788 ,
1309 3724 1396 3779 ἵνα
1434 3744 1519 3791 τις
1545 3729 1642 3799 τὴν
1685 3731 1860 3802 ψυχὴν

288 3805 458 3897 αὑτοῦ
494 3806 561 3877 θῇ
601 3807 743 3877 ὑπὲρ
784 3809 892 3863 τῶν
933 3811 1102 3880 φίλων
1151 3816 1338 3874 αὐτοῦ.
1375 3837 1394 3870 ι
1445 3820 1662 3894 Ἐπειδὴ
1695 3825 1804 3897 γὰρ
1832 3827 1862 3879 ὁ

289 3895 434 3990 θεὸς
451 3897 637 3990 ἀγάπη
666 3900 803 3990 ἐστὶ,
831 3901 971 3955 κατὰ
997 3903 1096 3974 τὴν
1139 3906 1385 3962 Ἰωάννου
1408 3912 1610 3982 φωνὴν,
1641 3895 1862 3990 ἀγάπης

289 3985 369 4039 ὢν
423 3987 582 4051 Υἱὸς,
633 3989 780 4044 τοῦτ’
840 3992 954 4047 ἐστι
1014 3995 1109 4049 τοῦ
1152 3999 1294 4052 κατὰ
1340 4001 1500 4070 φύσιν
1546 4006 1714 4071 Θεοῦ,
1766 3985 1861 4066 καὶ

291 4077 472 4144 μόνου,
499 4082 592 4133 καὶ
613 4082 892 4154 ἀληθινοῦ,
927 4087 1117 4160 ἀγάπη
1151 4091 1245 4144 καὶ
1265 4093 1427 4159 αὐτὸς
1457 4097 1856 4169 ἀναπέφανται,

285 4170 360 4264 οὐΔ
396 4171 573 4239 λόγοις
623 4173 999 4247 ἐξησκημένον
1046 4182 1142 4235 καὶ
1190 4183 1278 4236 διά
1328 4187 1588 4257 ῥημάτων
1644 4195 1858 4264 κόμπου

286 4258 780 4332 λελαμπρυσμένον
807 4265 944 4336 ἔχων
971 4270 1030 4322 τὸ
1049 4270 1285 4342 ἀξίωμα,
1313 4275 1426 4328 ἀλλ’
1450 4276 1631 4347 ἔργοις
1654 4258 1856 4348 αύτοῖς,

285 4351 378 4403 καὶ
409 4355 736 4424 πράγμασι,
784 4360 998 4430 καρπὸν
1045 4360 1176 4418 ὄντα
1220 4365 1318 4435 τῆς
1347 4368 1442 4420 τοῦ
1479 4373 1731 4436 τεκόντος
1777 4375 1861 4427 ού-

288 4443 408 4534 σίας
460 4446 648 4534 ἐαυτὸν
718 4451 1011 4518 ἐπιδείξας.
1073 4455 1388 4526 Οίησόμεθα
1442 4459 1550 4530 γάρ
1606 4463 1860 4534 οὐδαμῶς

1964 3280 2038 3333 sit
2069 3278 2333 3338 Charitas.
2378 3278 2534 3347 juxta
2578 3276 2808 3332 Joannis
2840 3291 3029 3329 vocem
3078 3275 3157 3336 ³ο,
3203 3272 3404 3341 quippe
3447 3270 3541 3338 qui

1962 3371 2035 3424 sit
2065 3369 2369 3429 charitatis,
2401 3369 2505 3422 hoc
2531 3375 2635 3434 est,
2673 3369 2942 3422 naturalis
2969 3377 3020 3420 et
3050 3366 3195 3419 unici
3229 3380 3291 3416 ae
3314 3363 3425 3416 veri
3447 3361 3542 3418 Dei

1962 3459 2157 3525 Filius,
2180 3460 2422 3516 charitas
2445 3461 2606 3514 etiam
2647 3461 2762 3529 ipse
2799 3458 3093 3512 manifesto
3119 3465 3222 3518 est,
3255 3471 3361 3508 non
3389 3470 3544 3524 pom-

1961 3567 2029 3622 pa
2065 3553 2358 3606 verborum
2400 3551 2758 3628 conspicuam
2801 3550 3007 3603 habens
3064 3549 3404 3618 dignitatem,
3447 3549 3543 3601 sed

1961 3644 2220 3714 operibus
2236 3644 2371 3714 ipsis
2385 3658 2447 3697 ac
2464 3645 2625 3698 rebus
2639 3643 2879 3711 seipsum
2899 3641 3134 3694 fructum
3155 3655 3278 3694 esse
3293 3640 3544 3693 substan-

1963 3737 2052 3790 tiae
2082 3737 2262 3792 Patris
2293 3735 2616 3790 ostendens.
2637 3733 2993 3804 Nequaquam
3022 3733 3165 3787 enim
3194 3731 3545 3786 censebimus

1965 3843 2279 3898 supremam
2331 3829 2481 3882 illam
2547 3827 2790 3881 omnium
2845 3825 3210 3881 substantiam
3269 3823 3540 3877 bonorum

1963 3935 2086 3975 csse
2113 3932 2394 3988 capacem,
2423 3916 2515 3972 sed
2553 3932 2655 3971 nec
2681 3916 3040 3970 adventitium
3063 3914 3112 3968 ei
3140 3927 3262 3967 esse
3291 3913 3544 3966 dicemus

1963 4009 2214 4061 omnium
2252 4006 2518 4060 bonorum
2547 4021 2740 4074 genus,
2777 4005 2922 4059 sicut
2949 4003 3003 4057 in
3029 4003 3210 4064 nobis,
3246 4017 3346 4056 nec
3379 4001 3543 4055 utdi-

1962 4115 2186 4154 versum
2230 4099 2510 4170 quidpiam
2564 4099 2618 4151 in
2662 4098 2770 4151 alio
2799 4095 3036 4160 censeri,
3073 4094 3538 4164 quemadmodum

1964 4189 2019 4244 in
2046 4188 2271 4243 homine
2323 4189 2608 4243 scientiam
2643 4186 2870 4241 dixeris.
2920 4184 3031 4240 Nec
3064 4185 3210 4238 enim
3245 4184 3408 4238 homo
3446 4200 3542 4253 per

1965 4297 2025 4336 se
2077 4290 2161 4337 est
2213 4281 2461 4342 scientia,
2514 4279 2607 4336 sed
2659 4279 2902 4333 scientia:
2944 4277 3127 4344 potius
3171 4290 3383 4344 capax:
3443 4276 3538 4330 sed

1964 4373 2336 4443 quodcunque
2366 4373 2571 4426 bonum
2606 4377 2858 4424 censetur
2907 4368 3085 4436 ipsum
3135 4368 3355 4436 proprie
3399 4367 3542 4421 divi-

1964 4478 2090 4516 nam
2123 4470 2176 4516 et
2208 4461 2531 4516 ineffabilem
2582 4470 2830 4512 naturam
2872 4472 2996 4511 esse
3040 4451 3295 4518 dicimus;
3333 4459 3536 4512 fontem

285 4532 540 4606 δεκτικὴν
589 4533 726 4592 εἶναι
772 4541 882 4592 τῶν
930 4544 1151 4612 ἀγαθῶν
1203 4547 1302 4617 τὴν
1351 4550 1614 4606 ἀνωτάτω
1667 4532 1853 4610 πασῶν

1971 4555 2134 4610 veluti
2166 4556 2455 4624 quemdam
2495 4567 2654 4606 omne
2686 4565 2858 4619 genus
2896 4549 3112 4602 virtutis
3147 4549 3199 4602 in
3230 4551 3408 4618 seipsa
3440 4549 3536 4601 ha-

285 4626 508 4694 οὐσίαν,
551 4629 666 4682 ἀλλ’
701 4632 819 4684 οὐδὲ
863 4634 1160 4704 ἐπίκτητον
1203 4638 1435 4709 ἐροῦμεν
1481 4644 1538 4695 ἐν
1587 4644 1726 4717 αὐτῇ
1760 4647 1860 4716 τὴν

286 4715 543 4772 ἁπάντων
574 4719 684 4774 τῶν
730 4721 950 4789 ἀγαθῶν
993 4723 1156 4792 ίδέαν,
1191 4728 1444 4800 καθάπερ
1471 4735 1528 4787 ἐν
1561 4715 1723 4804 ἡμῖν,
1744 4715 1859 4790 ἀλλ’

283 4805 402 4860 οὐδὲ
428 4806 501 4871 ὥς
532 4825 585 4861 τι
615 4810 776 4880 τυχὸν
814 4811 1002 4883 ἕτερον
1033 4815 1089 4866 ἐν
1115 4815 1286 4886 ἑτέρῳ
1319 4820 1628 4890 νοούμενον,
1669 4823 1860 4897 ὥσπερ

284 4892 376 4952 οὖν
410 4900 466 4951 ἐν
497 4899 769 4972 ἀνθρώπῳ
811 4904 943 4975 φαίη
979 4923 1062 4968 τις
1093 4907 1160 4960 ἂν
1203 4911 1298 4979 τήν
1331 4928 1474 4976 τινος
1524 4892 1855 4989 ἐπιστήμην..

288 4991 358 5045 Οὐ
387 4990 494 5082 γάρ
523 4992 803 5065 ἐπιστήμη
840 4998 962 5050 καθ’
991 5000 1185 5053 ἐαυτὸν
1218 5003 1245 5054 ὁ
1282 5001 1597 5074 ἄνθρωπος,
1632 5010 1858 5082 ἐπιστή-

287 5097 396 5150 μης
421 5081 478 5134 δέ
508 5083 710 5170 μᾶλλον
739 5086 1017 5152 δεκτικός’
1066 5092 1182 5145 ἀλλ’
1230 5095 1363 5148 αὐτὸ
1406 5097 1467 5149 τὸ
1502 5101 1608 5151 πᾶν
1636 5081 1859 5170 ἀγαθὸν,

282 5169 418 5233 ὅπερ
455 5172 523 5226 ἂν
565 5169 705 5228 εἶναι
732 5178 1081 5250 πιστεύηται,
1105 5182 1262 5236 τοῦτο
1291 5185 1495 5254 κυρίως
1521 5189 1688 5259 αὐτὴν
1722 5189 1861 5248 εἷναί

285 5277 464 5329 φαμεν
497 5261 596 5335 τὴν
626 5265 778 5322 θείαν
815 5270 911 5321 καὶ
944 5270 1181 5340 ἄρρητον
1229 5273 1412 5343 φύσιν,
1453 5279 1637 5350 πηγὴν
1667 5281 1856 5356 ὥσπερ

281 5349 406 5403 τινὰ
448 5354 554 5405 πᾶν
601 5351 740 5419 εἶδος
784 5359 988 5428 ἀρετῆς
1031 5360 1260 5430 ἔχουσαν
1299 5366 1358 5418 ἐν
1398 5349 1602 5441 ἑαυτῇ,
1659 5373 1752 5427 καὶ
1798 5349 1858 5440 ἐξ

283 5443 488 5514 ἐαυτῆς
514 5446 939 5513 ἀναὸλύζουσαν.
975 5454 1335 5522 Εὐλογώτατα
1362 5460 1542 5514 τοίνυν
1571 5465 1731 5530 αὑτός
1751 5486 1857 5541 περ

283 5532 438 5587 ἔσται.
467 5534 579 5633 τῆςΔ
593 5539 813 5633 ἀγάπης
836 5544 1320 5633 ὁῌκαρπὸςργάπη
1360 5553 1453 5606 καὶ
1486 5556 1648 5621 αὐτὸς
1681 5532 1857 5633 ὑπάρ-

281 5641 412 5694 χων,
447 5628 592 5682 κατὰ
620 5631 710 5683 τὸν
738 5633 798 5696 ἐξ
824 5627 994 5707 οὗπέρ
1021 5639 1136 5691 ἐστι
1174 5641 1385 5714 Πατρὸς
1408 5645 1436 5696 ὁ
1467 5646 1611 5716 Υἱὸς,
1641 5651 1727 5706 διά
1757 5627 1856 5726 της

1968 4647 2206 4710 hentem,
2248 4653 2301 4699 et
2334 4662 2398 4699 ex
2436 4645 2615 4713 seipsa
2648 4641 3039 4695 effundentem.
3081 4640 3212 4694 Jure
3245 4641 3426 4707 itaque
3459 4638 3541 4706 ip-

1964 4747 2137 4794 semet
2165 4738 2272 4793 erit
2302 4736 2588 4791 charitatis
2619 4736 2853 4796 fructus,
2895 4743 2948 4790 et
2979 4750 3101 4787 cum
3133 4735 3204 4788 sit
3236 4731 3398 4787 etiam
3423 4731 3541 4798 ipse

1966 4828 2234 4890 Charitas,
2266 4827 2428 4880 sicuti
2462 4824 2624 4880 Pater
2650 4841 2713 4881 ex
2739 4841 2847 4895 quo
2867 4832 2950 4880 est
2980 4823 3176 4885 Filius,
3211 4822 3416 4876 nostris
3444 4836 3539 4890 per

1965 4922 2291 4976 charitatem
2334 4921 2532 4974 animis
2579 4919 2929 4989 insignietur,
2976 4926 3028 4971 et
3073 4925 3314 4968 mutuam
3357 4912 3540 4966 chari-

1965 5022 2130 5068 tatem
2169 5013 2449 5067 mordicus
2477 5012 2754 5082 amplecti,
2788 5007 3198 5078 eonjunctionis
3228 5013 3280 5061 et
3305 5004 3539 5057 familia-

1959 5107 2142 5161 ritatis
2170 5122 2292 5159 cum
2327 5106 2446 5175 ipso
2478 5116 2638 5160 notas
2669 5105 2825 5158 bonis
2861 5099 3145 5169 imprimit.
3192 5096 3433 5165 Alioqui,
3467 5097 3536 5158 si,

1956 5199 2113 5268 juxta
2141 5197 2294 5252 Pauli
2325 5213 2514 5252 vocem
2551 5198 2593 5229 ³⁸
2622 5237 2636 5262 ,
2673 5213 2778 5267 pax
2821 5203 3011 5249 nostra
3047 5191 3297 5246 Christus
3330 5199 3416 5244 est
3457 5189 3535 5257 (in

1964 5291 2084 5360 ipso
2107 5292 2251 5346 enim
2288 5291 2547 5345 inferiora
2577 5287 2954 5358 superioribus
2979 5282 3269 5350 conjuncta
3301 5287 3452 5343 sunt,
3483 5288 3537 5335 et

1966 5398 2061 5452 per
2095 5383 2273 5452 ipsum
2300 5381 2640 5436 reconciliati
2677 5391 2866 5433 sumus
2907 5374 3016 5427 Deo
3047 5387 3108 5426 ac
3138 5371 3306 5431 Patri.
3343 5388 3534 5442 quam-

1966 5475 2048 5529 vis
2082 5474 2243 5528 initio
2271 5475 2502 5526 multum
2528 5472 2732 5534 dissiti,
2756 5466 3115 5521 conversione
3150 5465 3215 5519 ad
3252 5467 3456 5517 malum
3483 5473 3537 5518 et

1966 5565 2017 5618 in
2053 5564 2216 5634 ’154Ι
2240 5565 2380 5619 duos
2405 5564 2635 5634 populos
2659 5561 2785 5612 olim
2815 5558 2996 5612 divisi.
3035 5568 3222 5626 gentos
3255 5557 3534 5615 nimirum,

1963 5667 2016 5709 et
2064 5657 2366 5722 Israelitas,
2420 5657 2471 5707 in
2510 5667 2678 5706 unum
2728 5667 2928 5704 novum
2973 5650 3244 5703 hominem
3281 5645 3535 5700 mdilicati

351 5741 598 5830 'I'Llliom.
633 5748 968 5830 xum-9,30.
1049 5751 1093 5781 ’⁷
1134 5753 1305 5808 lCor.
1342 5773 1438 5811 xm
1467 5799 1480 5823 ,
1518 5762 1578 5825 -ί,
1616 5765 1668 5818 5.
1747 5768 1790 5798 ’⁸
1833 5768 1848 5820 1

1957 5786 2038 5821 [ιιι.
2086 5784 2174 5830 IV,
2215 5767 2294 5818 l6.
2373 5770 2414 5796 ’θ
2470 5764 2628 5818 Joan.
2691 5779 2779 5826 xv,
2828 5762 2911 5814 15.
2989 5762 3032 5791 ³ο
3085 5761 3099 5810 I
3150 5759 3406 5819 Joan.tv,
3450 5755 3525 5807 16-

284 5809 325 5842 ²¹
367 5810 566 5886 Ephes.
619 5832 692 5881 ιι,
731 5809 916 5874 t-t-is.
