4076 6270
572 423 674 479 H37

1568 415 1628 472 S.
1669 411 1951 470 CYRII.”
1994 407 2461 466 ALEXANDRINI
2495 405 2814 464 ARCHIEP.

3721 403 3817 462 168

569 551 764 593 ουιηιις
800 536 855 591 in
900 534 1066 604 ipso:
1107 533 1286 589 soluta
1336 545 1422 588 est
1464 531 1611 588 enim
1663 533 1924 596 maceria,
1960 538 2015 585 et
2043 529 2140 583 de-

2248 527 2468 597 ἀγάπης
2509 525 2744 598 μάλιστα
2789 525 2906 588 ταῖς
2955 523 3250 594 ἡμετέραις
3297 519 3499 591 ψυχαῖς
3550 520 3821 588 ἐνσημαν-

570 635 777 679 structa
815 637 896 678 est
931 621 1232 676 inimicitia:
1263 620 1346 676 vis
1377 622 1650 691 dogmatis
1675 621 2028 692 evangelicis,
2065 619 2144 672 si-

575 718 745 770 lentio
779 714 878 784 legi
913 712 1216 782 imposito),
1251 713 1527 782 quomodo
1572 713 1836 784 cognosci
1877 713 2146 781 potuisset

566 822 661 861 eos
695 820 815 859 esse
845 805 996 872 pacis
1027 803 1354 871 discipulos,
1393 803 1438 856 si
1475 818 1664 872 pacem
1707 811 1955 855 mutuam
2004 801 2148 854 inter

565 913 625 950 se
654 912 757 950 non
788 893 1087 948 haberent?
1113 892 1254 958 Quid
1289 894 1432 947 enim
1469 891 1637 952 aliud.
1661 906 1870 961 quaso,
1897 900 1981 944 est
2012 891 2148 943 elia-

568 987 743 1038 ritatis
781 983 1107 1052 disjunctio,
1151 997 1313 1051 quam
1348 983 1503 1053 origo
1543 984 1692 1047 belli,
1731 983 1882 1053 pacis
1907 981 2144 1041 eversio,

563 1087 616 1131 et
651 1077 816 1130 animi
845 1073 1176 1142 duplicitas?
1209 1072 1681 1138 Quemadmodum
1713 1074 1858 1127 enim
1891 1073 1946 1126 in
1986 1072 2146 1125 firmo

563 1167 853 1220 cliaritatis
888 1165 1108 1218 vinculo
1147 1164 1300 1233 pacis
1343 1163 1482 1216 bona
1525 1163 1687 1217 nobis
1716 1171 2145 1222 conservantur,

563 1260 665 1324 sic,
708 1259 925 1328 opinor,
976 1259 1105 1310 dum
1153 1255 1396 1309 Charitas
1428 1257 1784 1319 rescinditur,
1821 1255 1951 1308 belli
2005 1254 2144 1306 mala

563 1353 820 1403 subeunt.
864 1348 928 1400 Et
965 1349 1096 1418 quid
1126 1357 1238 1402 tum
1277 1346 1438 1401 inde?
1473 1347 1710 1414 lnjurize,
1737 1347 2146 1410 contentiones,

561 1442 955 1503 aemulationes,
984 1440 1100 1499 iraa,
1138 1439 1374 1499 furores,
1407 1439 1799 1500 detractiones,
1830 1437 2143 1499 maledicta,

562 1537 614 1581 et
681 1528 935 1590 invidiae,
989 1528 1174 1580 omnia
1227 1528 1464 1596 denique
1527 1527 1894 1596 improbitatis
1948 1541 2146 1596 genera

562 1621 835 1672 oriuntur.
864 1619 997 1672 Cum
1022 1620 1207 1687 itaque
1226 1618 1400 1672 virtus
1418 1618 1598 1671 omnis
1617 1619 1669 1670 in
1687 1618 1786 1672 clia
1797 1619 1951 1671 ritate
1967 1617 2148 1670 conti-

562 1721 760 1764 neatur
790 1711 1214 1780 impleaturqne,
1251 1724 1409 1764 nemo
1451 1718 1697 1762 nostrum
1729 1711 1836 1764 cibi
1876 1709 2149 1764 abstinen-

561 1805 658 1864 tia,
683 1811 774 1854 aut
802 1802 947 1870 quod
984 1802 1133 1854 humi
1169 1802 1354 1865 cubet,
1380 1809 1475 1854 aut
1504 1801 1630 1855 aliis
1660 1800 1951 1856 laboriosis
1975 1801 2148 1870 Pieta-

2250 621 2494 692 θήσεται,
2537 619 2632 672 καὶ
2671 619 2770 688 τῆς
2812 616 3141 686 οἰκειότητος
3165 615 3264 686 τῆς
3297 614 3434 682 πρὸς
3475 611 3636 664 αὑτὸν
3660 610 3822 680 ἐγχαο

2251 711 2436 781 ράττει
2458 713 2569 772 τοῖς
2595 709 2818 776 ἀγαθοῖς
2844 708 2912 760 τά
2927 705 3304 776 γνωρίσματα,
3327 704 3386 757 τὸ
3407 703 3578 774 ἀπρὶξ
3602 699 3822 772 ἔχεσθαι

2248 803 2350 872 τῆς
2379 800 2754 872 φιλαλληλίας.
2791 797 3002 860 Ἀλλως
3026 813 3109 862 τε,
3145 797 3215 858 εί,
3247 795 3388 848 κατά
3422 794 3520 864 τὴν
3545 792 3638 845 τοῦ
3674 791 3823 846 [lati-

2248 893 2342 946 λοῦ
2371 893 2577 962 φωνὴν,
2613 893 2641 944 6
2666 890 2899 962 Χριστός
2921 891 3069 942 ἐστιν
3090 889 3124 958 ή
3156 888 3348 958 εἰρήνη
3370 885 3528 956 ήμῶν
3565 884 3644 954 (ἐν
3675 883 3824 953 αύτῷ

2249 985 2357 1056 γὰρ
2394 983 2638 1054 συνήφθη
2667 983 2735 1035 τά
2766 983 2915 1036 κάτω
2943 983 3056 1042 τοῖς
3100 980 3234 1043 ἀνω,
3269 980 3366 1032 καὶ
3402 978 3468 1030 δι’
3502 977 3666 1030 αὑτοῦ
3695 993 3824 1028 κατ-

2249 1077 2564 1148 ηλλάγημεν
2602 1073 2680 1144 τῷ
2721 1073 2840 1144 Θεῷ
2879 1073 2973 1126 καὶ
3028 1071 3233 1142 Πατρὶ,
3280 1068 3456 1122 καίτοι
3506 1067 3710 1136 πολλὴν
3766 1068 3823 1119 ἐν

2249 1167 2446 1237 ἀρχαῖς
2489 1164 2940 1234 ἐπιτηδεύσαντες
2970 1163 3067 1232 τὴν
3107 1161 3442 1224 ἀπόστασιν,
3482 1159 3571 1211 διά
3602 1160 3701 1229 τὴν
3743 1159 3826 1219 εἰς

2248 1260 2308 1312 τὸ
2334 1257 2536 1327 φαῦλον
2560 1256 2897 1327 ἀποδρομὴν,
2925 1257 3019 1308 καὶ
3048 1255 3128 1316 εἰς
3149 1251 3244 1306 δύο
3274 1251 3403 1304 ποτὲ
3429 1251 3822 1322 μεμερισμένοι

2247 1352 2432 1415 λαοὺς,
2474 1350 2554 1414 εἷς
2584 1367 2643 1402 τε
2671 1349 2740 1402 τά
2772 1347 2920 1418 ἔθνη,
2950 1346 3156 1400 καὶτὸν
3196 1343 3433 1414 Ἰσραὴλ,
3464 1345 3544 1406 είς
3563 1344 3660 1395 ἕνα
3697 1361 3812 1396 καιο

2249 1443 2339 1498 νὺν
2385 1441 2672 1512 ἄνθρωπον
2701 1437 3030 1508 ἐκτίσθημεν
3068 1438 3124 1488 ἐν
3157 1433 3333 1505 αύτῷ·
3371 1432 3587 1486 λέλυται
3617 1431 3726 1503 γὰρ
3763 1431 3823 1483 τὺ

2253 1537 2562 1608 μεσότοιχον
2621 1531 2715 1586 τοῦ
2786 1529 3077 1602 φραγμοῦ,
3155 1529 3251 1581 καὶ
3307 1525 3651 1596 κατήργηται
3724 1524 3823 1592 τῆς

2249 1626 2448 1698 ἔχθρας
2490 1627 2524 1696 ὴ
2555 1623 2804 1694 δύναμις,
2837 1621 3102 1692 δόγμασιν
3149 1617 3528 1686 εύαγγελικοῖς
3548 1657 3562 1681 ,
3597 1630 3820 1668 κατασι-

2247 1715 2540 1786 γασθέντος
2569 1713 2664 1767 τοῦ
2697 1712 2923 1784 νόμου),
2969 1712 3088 1774 πῶς
3121 1709 3186 1762 ἂν
3220 1706 3570 1776 ἐγνώσθησαν
3608 1706 3690 1758 ὃτι
3725 1705 3821 1774 τῆς

2250 1812 2473 1881 εἰρήνης
2502 1808 2757 1876 γεγόνασι
2791 1804 3032 1877 μαθηταὶ
3072 1801 3169 1874 τὴν
3199 1803 3280 1864 είς
3308 1799 3568 1870 ἀλλήλους
3599 1799 3821 1869 εἰρήνην

567 1896 637 1944 tis
664 1894 1157 1947 exercitationibus
1193 1893 1462 1962 glorietur
1483 1931 1498 1955 ,
1527 1891 1630 1946 nisi
1671 1892 1993 1946 charitatem
2018 1907 2147 1960 erga

2253 1904 2352 1955 οὐκ
2385 1900 2625 1970 ἐχοντες;
2655 1899 2720 1951 Τί
2751 1899 2859 1968 γὰρ
2891 1897 3078 1966 ἓτερον
3109 1895 3193 1965 εἴη
3224 1892 3384 1963 τυχὸν
3421 1893 3450 1943 6
3474 1892 3574 1961 τῆς
3603 1891 3822 1960 ἀγάπης

561 1983 785 2037 fratrem
820 1995 965 2038 recte
997 1992 1236 2037 tueatur.
1289 1982 1454 2035 Extra
1487 1991 1655 2036 metae
1683 1981 1883 2036 ﬂexum
1916 1984 2145 2053 perinde

558 2089 624 2130 ac
673 2077 959 2144 imperitus
993 2076 1182 2145 auriga
1214 2075 1391 2128 fertur
1442 2082 1496 2127 et
1532 2075 1917 2144 gubernatoris
1971 2076 2146 2128 instar

559 2165 800 2228 aberrat,
832 2167 924 2236 qui
955 2169 1112 2221 navis
1139 2167 1357 2236 quidem
1385 2165 1602 2220 clavum
1637 2175 1805 2228 tenet,
1828 2165 1924 2221 sed
1946 2180 2146 2236 propo-

559 2261 724 2312 situm
761 2260 1131 2330 navigationis
1167 2274 1393 2328 scopum
1421 2275 1533 2328 pra:
1557 2260 1776 2314 inscitia
1801 2274 1910 2313 non
1937 2267 2140 2313 servat.

557 2351 828 2416 Quocirca
855 2362 908 2405 et
936 2352 1028 2420 qui
1063 2367 1232 2405 ausus
1264 2357 1350 2404 est
1377 2351 1561 2404 dicere
1588 2369 1600 2405 :
1642 2370 1660 2401 ‹
1687 2351 1769 2404 An
1801 2351 2146 2421 experimen-

560 2449 674 2491 tum
705 2443 950 2508 quazritis
982 2441 1102 2508 ejus
1135 2441 1228 2508 qui
1271 2441 1324 2493 in
1368 2455 1454 2492 me
1489 2441 1731 2509 loquitur
1760 2441 1966 2496 Christi
2008 2441 2086 2494 “1’
2120 2459 2139 2492 ι

559 2530 802 2593 divinus,
845 2533 1090 2599 inquam,
1122 2531 1211 2584 ille
1234 2531 1463 2594 Paulus,
1492 2547 1600 2584 non
1645 2533 1972 2601 simpliciter
1998 2532 2142 2601 quod

561 2629 892 2686 sectaretur,
935 2624 1029 2676 sed
1060 2622 1207 2691 quod
1241 2621 1294 2674 id
1342 2621 1595 2676 faciendo
1629 2633 1776 2677 recta
1819 2625 1884 2677 ad
1916 2641 2142 2694 scopum

561 2713 832 2777 tenderet,
863 2715 1212 2785 gloriabatur
1258 2715 1324 2770 ³³.
1376 2715 1614 2769 Labores
1652 2717 1857 2784 quippe
1896 2717 2146 2785 corporis

562 2804 861 2870 venditare,
907 2805 1036 2860 dum
1074 2805 1292 2860 interim
1327 2808 1621 2877 prmcipuis
1652 2816 1704 2861 et
1742 2808 1918 2876 magis
1955 2823 2146 2864 neces.

561 2896 726 2950 ετιτὶἰε
756 2897 990 2961 exeidis,
1047 2897 1150 2951 hoc
1205 2913 1314 2952 non
1367 2907 1452 2952 est
1501 2899 1567 2951 ad
1619 2913 1847 2967 scopum
1901 2899 2143 2954 tendere.

569 2989 788 3041 Sciebat
822 2997 1002 3043 autem
1042 2989 1369 3043 cliaritalem
1399 2990 1696 3043 virtutibus
1726 2989 1985 3044 omnibus
2016 2989 2138 3044 vel-

561 3079 639 3131 uti
675 3079 997 3134 coronidem
1049 3081 1344 3150 quamdam
1389 3081 1470 3136 sic
1506 3082 1844 3150 impositam,
1881 3087 1939 3134 ut
1983 3088 2038 3134 et
2080 3079 2147 3135 de

2245 1991 2615 2062 διασπασμδς,
2652 1991 2686 2061 ἢ
2727 1988 2964 2058 πολέμου
3011 1986 3225 2054 γένεσις
3250 2024 3264 2050 ,
3305 1984 3400 2036 καὶ
3439 1985 3661 2054 εἰρήνης
3695 1983 3824 2035 ἀνα-

2246 2082 2454 2154 τροπὴ,
2499 2081 2594 2133 καὶ⁸
2635 2079 2884 2148 διψυχίας
2917 2077 3135 2145 ἀπάσης
3181 2073 3431 2145 εῦρεσις;
3465 2073 3676 2142 ’Ὠσπερ
3717 2071 3823 2141 γὰρ

2247 2173 2304 2224 ὲν
2333 2173 2568 2244 ἀῤῥαγεῐ
2592 2171 2690 2240 τῆς
2711 2169 2930 2238 ἀγάπης
2960 2166 3242 2236 συνδέσμῳ
3267 2165 3336 2217 τά
3370 2167 3432 2216 ἐκ
3469 2163 3570 2232 τῆς
3599 2163 3824 2232 είρὴνης

2248 2265 2379 2335 ἡμῖν
2410 2262 2591 2331 ἀγαθά
2633 2261 2958 2324 διασώζεται
2983 2274 2996 2287 ⁸
3029 2260 3121 2311 τὸν
3150 2257 3314 2311 αὑτὸν
3337 2297 3351 2318 ,
3397 2250 3550 2326 οἶμαι
3573 2297 3586 2316 ,
3620 2254 3824 2323 τρόπον

2248 2359 2306 2411 ἐν
2331 2359 2397 2429 τῇ
2427 2356 2528 2425 τῆς
2553 2353 2773 2422 ἀγάπης
2809 2352 3046 2421 διακοπῇ
3073 2350 3133 2402 τὸ
3169 2351 3233 2401 ἐκ
3264 2348 3359 2401 τοῦ
3385 2348 3623 2416 πολέμου
3656 2344 3823 2398 κακὸν

2248 2449 2656 2522 παρεισδύεται.
2711 2445 2821 2500 Καὶ
2863 2445 2916 2498 τί
2966 2445 3027 2496 τὸ
3085 2441 3373 2507 ἐντεῦθεν;
3424 2439 3684 2510 ’Ύ6ρεις,
3729 2437 3823 2491 καὶ

2248 2541 2604 2611 φιλονεικίαι,
2640 2540 2735 2592 καὶ
2778 2537 2964 2608 ζῆλοι,
2996 2535 3092 2588 καὶ
3133 2534 3328 2602 ὀργαὶ,
3373 2533 3467 2584 καὶ
3497 2530 3660 2601 θυμοὶ
3685 2569 3700 2594 ,
3731 2531 3825 2584 καὶ

2246 2631 2604 2702 ψιθυρισμοὶ,
2655 2632 2748 2682 καὶ
2795 2629 3150 2691 καταλαλιαί,
3198 2627 3291 2679 καὶ
3335 2624 3556 2695 φθόνοι,
3587 2625 3684 2677 καὶ
3717 2625 3826 2678 πᾶν

2247 2718 2387 2785 εἶδος
2431 2723 2765 2791 φαυλότητος
2809 2719 3186 2788 ἀναφαίνεται.
3239 2718 3486 2786 Ἀπάσης
3533 2715 3825 2783 τοιγαροῦν

2247 2814 2447 2883 ἀρετῆς
2474 2815 2532 2865 ἐν
2567 2812 2646 2882 τῷ
2684 2814 2784 2882 τῆς
2828 2811 3052 2880 ἀγάπης
3083 2811 3213 2862 εἴδει
3239 2827 3300 2862 τε
3334 2809 3429 2862 καὶ
3465 2807 3656 2878 τρόπῳ
3697 2821 3827 2874 συγ-

2249 2906 2722 2976 κεφαλαιουμένης
2767 2921 2826 2956 τε
2873 2907 2966 2957 καὶ
3011 2903 3425 2975 πληρουμένης,
3463 2902 3536 2970 μὴ
3573 2899 3716 2968 μέγα
3741 2914 3824 2960 τις

2249 2997 2515 3066 φρονείτω
2535 2996 2644 3048 τῶν
2684 2999 2742 3049 ἐν
2766 2999 2895 3067 ἡμῖν
2930 2997 3016 3048 ἐπ’
3054 2995 3312 3058 ἀσιτίαις,
3347 2993 3441 3045 καὶ
3477 2990 3824 3062 χαμευνίαις,

2249 3091 2419 3161 ἤγουν
2461 3090 2547 3158 ἐφ’
2579 3091 2786 3158 ἑτέροις
2813 3090 2924 3142 τισὶ
2969 3089 3076 3142 τῶν
3115 3089 3174 3153 ἐξ
3207 3090 3493 3158 ἀσκήσεως
3536 3085 3742 3146 πόνοις,
3775 3083 3825 3134 εἰ

561 3186 627 3224 ea
667 3173 925 3241 pi'awlare
975 3172 1230 3228 diceret:
1274 3192 1292 3223 ι
1329 3174 1441 3229 Etsi
1497 3174 1836 3228 distribuero
1888 3173 1943 3226 in
1993 3173 2145 3228 cibos

2254 3181 2328 3253 μὴ
2372 3181 2626 3245 διασώζοι
2657 3181 2837 3245 καλῶς
2873 3183 2972 3253 τὴν
3011 3184 3089 3244 είς
3121 3183 3212 3234 τὸν
3253 3179 3480 3248 ἀδελφὸν
3521 3179 3822 3247 ἀγάπησιν.

563 3279 864 3333 pauperum
903 3278 1098 3318 omnes
1147 3263 1437 3319 facultates
1468 3281 1638 3327 meas,
1691 3273 1746 3320 et
1791 3265 1837 3319 si
1868 3265 2146 3320 tradidero

560 3369 770 3423 corpus
825 3370 1028 3419 meum,
1073 3355 1146 3408 ita
1198 3365 1255 3408 ut
1307 3357 1552 3422 ardeam,
1601 3337 1928 3410 char'itatem
1969 3367 2149 3411 autem

561 3462 667 3498 non
703 3447 958 3509 habeam,
996 3448 1132 3501 nihil
1172 3448 1302 3501 mihi
1341 3449 1582 3518 prodest.
1637 3447 1693 3502 Si
1737 3449 1938 3520 linguis
1976 3450 2154 3504 homi-

564 3553 696 3590 nnzn
745 3539 940 3608 loquar
969 3548 1024 3594 et
1068 3541 1413 3610 angelorum,
1465 3541 1791 3596 cliaritatem
1825 3551 2010 3595 autem
2043 3557 2152 3596 non

561 3631 816 3694 habeam,
869 3633 1048 3686 factus
1082 3651 1202 3688 sum
1239 3635 1384 3688 velut
1425 3649 1500 3689 res
1528 3648 1754 3696 sonans,
1798 3642 1891 3689 aut
1924 3635 2150 3704 cymba-

563 3725 672 3772 lum
713 3725 952 3778 tinniens
985 3724 1049 3777 ".
1093 3743 1110 3774 ι
1150 3724 1374 3794 Species
1415 3726 1601 3794 itaque
1630 3732 1686 3779 et
1725 3727 1905 3796 imago
1938 3726 2146 3780 Christi

563 3812 873 3868 Servatoris
913 3816 966 3868 in
1010 3818 1171 3871 nobis
1206 3826 1288 3871 est
1315 3818 1602 3872 cliaritatis
1635 3819 1908 3887 gloriatio.

2254 3269 2400 3334 Ἐξω
2431 3271 2537 3341 γὰρ
2565 3269 2658 3322 τοῦ
2684 3272 3007 3342 καμπτῆρος
3033 3273 3131 3340 τῆς
3159 3271 3361 3340 νύσσης
3403 3270 3648 3340 φέρεται,
3685 3266 3828 3320 κατά

2247 3363 2374 3424 τοὺς
2391 3361 2496 3413 τῶν
2511 3362 2743 3431 ήνιόχων
2759 3362 3189 3432 ἀμαθεστέρους,
3206 3361 3234 3412 ὑ
3245 3360 3331 3432 ποί
3342 3378 3382 3412 π
3393 3361 3634 3431 ιλανάται
3658 3355 3716 3409 δὲ
3729 3373 3827 3408 κυ-

2250 3453 2513 3525 ϐερνήτου
2544 3453 2701 3523 δίκην
2722 3493 2735 3516 ,
2764 3454 2823 3516 ὃς
2848 3453 2960 3523 ἔχει
2999 3453 3098 3522 μὲν
3130 3453 3230 3522 τῆς
3267 3452 3403 3516 νεὼς
3447 3453 3506 3504 τὸ
3544 3447 3824 3519 πηδάλιον,

2251 3546 2342 3598 τόν
2377 3562 2440 3614 γε
2472 3545 2578 3617 μὴν
2611 3545 2944 3616 προτεθέντα
2984 3544 3062 3614 τῷ
3101 3543 3311 3614 διάπλῳ
3353 3542 3556 3596 σκοπὸν
3595 3540 3653 3606 ἐξ
3685 3541 3830 3608 ἀμα-

2253 3638 2374 3700 θίας
2400 3638 2460 3690 ού
2492 3637 2805 3692 διεσώσατο.
2831 3637 2928 3690 Διά
2954 3637 3112 3691 τοῦτο
3139 3640 3233 3690 καλ⁹
3255 3639 3283 3690 6
3319 3635 3600 3706 θαρσήσας
3628 3632 3824 3690 εἰπεῖν.

2258 3749 2277 3782 ι
2313 3732 2375 3784 Εἰ
2399 3731 2627 3801 δοκιμὴν
2648 3731 2862 3800 ζητεῖτε
2884 3729 2978 3783 τοῦ
3002 3733 3058 3783 ἐν
3078 3730 3199 3801 ἐμοὶ
3221 3728 3504 3788 λαλοῦντος
3521 3719 3817 3795 Χριστοῦμ

2253 3822 2394 3890 φημὶ
2421 3819 2478 3871 δὲ
2515 3819 2579 3890 δὴ
2613 3821 2703 3872 τὸν
2737 3819 3018 3873 θεσπέσιον
3052 3818 3290 3884 Παῦλον,
3343 3817 3442 3868 οὐκ
3472 3815 3565 3866 ἐπὶ
3598 3811 3674 3882 τῷ
3703 3808 3827 3862 διώ-

560 3919 678 3954 κειν
740 3905 959 3970 ἁπλῶς,
1003 3907 1119 3958 ἀλλ’
1149 3911 1206 3960 ἐν
1248 3909 1326 3978 τῷ
1379 3909 1522 3962 κατά
1573 3909 1773 3961 σκοπὸν
1819 3908 1980 3960 τοῦτο
2019 3909 2151 3981 δρᾷν
2202 3911 2542 3980 ἐσεμνύνετο.
2611 3911 2684 3962 Τὸ
2721 3911 2854 3980 γάρ,
2897 3905 3082 3978 οἶμαι,
3150 3908 3478 3978 σωματικοῖς
3521 3903 3829 3972 ἐπαυκῆσαι

563 3993 744 4056 πόνοις
767 4035 781 4058 ,

861 3996 967 4045 τῶν
1013 3997 1562 4069 κεφαλαιωδεστέρων
1625 4000 1721 4052 καὶ
1763 4001 2205 4072 ἀναγκαιοτέρων
2245 4003 2466 4071 ἀγαθῶν
2503 4003 2858 4065 ἐκπίπτοντα,
2888 4002 3033 4053 τοῦτ’
3065 4001 3181 4052 ἔστι
3211 3999 3270 4050 τὸ
3325 4000 3398 4066 μὴ
3437 3997 3655 4049 διώκειν
3689 3995 3829 4047 κατά

563 4086 784 4138 σκοπόν.
831 4081 950 4137 Οἶδε
991 4087 1045 4138 δὲ
1091 4089 1234 4140 οὕτω
1285 4090 1381 4157 τὴν
1426 4091 1678 4159 ἀγάπην,
1728 4091 1978 4161 καθάπερ
2019 4095 2142 4146 τινὶ
2182 4095 2453 4166 κορωνίδα
2527 4096 2734 4156 πάσαις
2778 4091 3084 4145 ἐπικεῖσθαι
3131 4092 3251 4152 ταῖς
3292 4090 3544 4161 ἀρεταῖς,
3594 4090 3672 4152 ὡς
3734 4091 3828 4146 καὶ

562 4177 826 4230 κάλλιστα
873 4178 996 4248 περὶ
1032 4179 1198 4250 αὐτῆς
1237 4181 1695 4252 φιλονεικήσαντα
1723 4182 1903 4250 λέγειν
1926 4199 1938 4212 ο
1977 4200 1996 4233 ι
2034 4183 2150 4237 Κᾶν
2191 4186 2426 4257 ψωμίσω
2453 4188 2628 4240 πάντα
2659 4185 2726 4238 τά
2789 4183 3102 4252 ὑπάρχοντά
3145 4197 3245 4249 μου
3273 4219 3286 4242 ,
3328 4179 3430 4232 κᾶν
3475 4182 3704 4249 παραδῶ
3769 4184 3828 4236 τὸ

563 4269 726 4338 σῶμά
773 4284 901 4332 μου.
956 4267 1040 4319 ἵνα
1085 4271 1429 4341 καυθήσομαι
1455 4310 1471 4332 ,
1516 4272 1738 4342 ἀγάπην
1782 4271 1838 4323 δὲ
1896 4270 1969 4342 μὴ
2013 4271 2138 4342 ἔχω,

2218 4277 2373 4330 οὐδὲν
2433 4278 2774 4346 ὠφελοῦμαι.
2835 4275 2960 4326 Ἐάν
3007 4274 3126 4346 ταῖς
3174 4269 3448 4340 γλώσσαις
3477 4270 3585 4324 τῶν
3616 4273 3822 4344 ἀνθρώ-

563 4381 680 4413 πων
727 4364 872 4414 λαλῶ
917 4363 1014 4414 καὶ
1057 4361 1163 4413 τῶ)
1215 4364 1492 4430 ἀγγέλων,
1542 4363 1767 4433 ἀγάπην
1808 4362 1864 4415 δὲ
1901 4364 1976 4433 μὴ
2012 4365 2140 4434 ἔχω,
2182 4369 2383 4437 γέγονα
2432 4370 2632 4439 χαλκὸς
2663 4369 2832 4439 ἠχῶν,
2864 4367 2896 4437 ἢ
2924 4365 3204 4435 κύμϐαλον
3263 4363 3552 4427 ἀλαλάζον.
3591 4384 3609 4416 ι
3644 4369 3820 4438 Πρόσ-

561 4474 712 4509 ωπον
752 4454 846 4511 οῦν
884 4459 989 4530 ἀρα
1015 4501 1030 4520 .
1082 4459 1176 4509 καὶ
1217 4457 1380 4510 εἰκὼν
1432 4460 1488 4509 ἐν
1534 4459 1664 4527 ἡμῖν
1710 4459 1803 4510 τοῦ
1854 4458 2107 4530 Σωτῆρος
2146 4463 2402 4532 Χριστοῦ.
2443 4468 2539 4533 τῆς
2577 4464 2794 4532 ἀγάπης
2822 4461 2882 4514 τὸ
2907 4461 3185 4530 καύχημα.

638 4548 750 4602 ΧΙΗ
774 4590 787 4613 ,
825 4550 913 4606 '56.
961 4551 1097 4602 Dicit
1127 4549 1176 4602 ei
1213 4549 1397 4603 Simon
1455 4547 1684 4602 Petrus:
1737 4549 1994 4608 Domine.
2045 4566 2146 4617 quo
2181 4558 2226 4613 ι)

565 4642 714 4694 vadis
738 4643 762 4696 .9

636 4735 963 4788 Seisritatur
1019 4748 1216 4787 rursus
1279 4731 1472 4787 Petrus
1533 4731 1781 4786 discendi
1833 4733 2044 4793 studio.
2092 4740 2148 4786 et

562 4829 834 4884 sermonis
871 4828 976 4878 vim
1006 4835 1059 4880 et
1093 4827 1359 4879 rationem
1388 4825 1605 4878 curiose
1636 4825 1878 4895 indagat,
1905 4825 2144 4878 nondum

565 4921 896 4988 intelligens,
935 4917 1096 4986 755
1124 4925 1183 4969 ut
1217 4917 1461 4979 videtur,
1507 4917 1636 4986 quid
1664 4918 1767 4971 sibi
1807 4919 1970 4971 vellet
1999 4918 2145 4986 quod

561 5014 768 5066 dictum
801 5021 906 5072 est,
931 5008 1468 5062 vellementissinium
1497 5016 1676 5062 tamen
1703 5010 1969 5078 sequendi
1989 5008 2150 5060 Utri-

562 5104 630 5157 sti
669 5102 1006 5155 desiderium
1045 5116 1153 5170 prae
1189 5116 1247 5154 se
1297 5098 1504 5155 ferens.
1539 5099 1596 5155 In
1627 5118 1735 5171 quo
1780 5101 2149 5154 admiratione

563 5196 726 5264 digna
780 5204 864 5247 est
897 5193 1038 5246 ratio
1073 5203 1126 5248 et
1171 5193 1306 5247 ordo
1357 5193 1780 5264 discipulorum.
1843 5194 1950 5247 Nec
2001 5193 2146 5246 enim

2322 4555 2491 4623 Λέγει
2526 4552 2689 4618 αὐτῷ
2739 4554 2936 4621 Σίμων
2992 4553 3248 4620 Πέτρος’
3302 4553 3507 4618 Κύριε,
3545 4553 3662 4606 ποῦ
3710 4557 3823 4608 ὺπ-

2249 4645 2447 4715 (ἱγειω

2319 4736 2672 4788 Φιλοπευστεῖ
2705 4735 2769 4806 δὴ
2811 4735 2970 4788 πάλιν
3019 4736 3083 4788 ἐκ
3127 4733 3482 4804 φιλομαθείας
3525 4735 3552 4785 6
3597 4733 3822 4802 Πέτρος,

2250 4827 2344 4877 καὶ
2402 4826 2825 4895 περιεργάζεται
2876 4825 2970 4878 τοῦ
3011 4825 3170 4892 λόγου
3219 4827 3314 4893 τὴν
3349 4825 3604 4894 δύναμιν,
3646 4827 3826 4882 συνεὶς

2255 4919 2353 4986 μὲν
2394 4915 2546 4968 οὔπω
2572 4959 2585 4981 ,
2642 4917 2784 4970 κατά
2832 4917 2891 4970 τὸ
2935 4917 3112 4979 εἰκὸς,
3153 4915 3228 4978 ώς
3271 4916 3380 4985 ἔχει
3411 4917 3471 4968 τὸ
3512 4917 3821 4986 εἰρημένον.

2254 5007 2596 5078 θερμοτάτην
2631 5026 2691 5075 γε
2724 5009 2830 5078 μὴν
2868 5010 2948 5070 είς
2979 5007 3039 5059 τὸ
3076 5007 3184 5059 δεῖν
3215 5008 3442 5060 ἕπεσθαι
3485 5009 3563 5078 τῷ
3601 5006 3822 5075 Χριστῷ

2247 5099 2346 5169 τὴν
2391 5099 2696 5170 προθυμίαν
2741 5099 3030 5168 εἰσφέρων.
3079 5100 3187 5151 Καὶ
3233 5100 3559 5168 ἀξιάγαστος
3615 5099 3714 5169 μὲν
3767 5101 3825 5150 ἐν

2245 5186 2420 5258 τούτῳ
2450 5192 2558 5242 τῶν
2626 5189 2881 5260 μαθητῶν
2913 5192 2944 5261 ἠ
2978 5190 3150 5254 τάξις.
3197 5192 3268 5243 Ού
3319 5191 3426 5261 γὰρ
3469 5191 3642 5257 δήπου
3688 5193 3820 5262 φαίη

562 5287 706 5338 ullus
731 5285 932 5338 dixerit
961 5283 1202 5347 Petrum,
1229 5287 1320 5355 qui
1363 5287 1596 5355 primum
1641 5287 1782 5339 inter
1812 5294 2039 5338 caeteros
2068 5285 2147 5336 lo-

2248 5296 2328 5342 τις
2356 5281 2441 5339 ἂν,
2461 5281 2668 5333 ὅτιτῶν
2695 5281 2896 5352 ἐτέρων
2932 5283 3217 5344 συνέντων,
3245 5282 3402 5351 τυχὸν
3437 5284 3594 5352 μόνος
3625 5284 3824 5352 ἠγνόη-

560 5392 684 5430 cum
715 5379 952 5439 tenebat,
997 5378 1204 5432 idcirco
1240 5381 1583 5447 interrogare
1625 5377 1770 5446 quod
1805 5377 2018 5431 caateris
2059 5377 2147 5428 in-

562 5471 940 5535 telligentibus
981 5472 1096 5541 ipse
1132 5472 1316 5526 forsan
1369 5474 1668 5543 ignoraret,
1706 5471 1799 5526 sed
1833 5473 1880 5526 ei
1911 5479 1968 5524 ut
2004 5486 2144 5539 prte-

561 5562 720 5630 ripuu
769 5577 830 5613 ac
885 5563 1215 5630 praecellenti
1272 5564 1479 5632 primas
1541 5562 1799 5633 loquendi
1858 5577 1922 5614 ac
1971 5561 2142 5614 libere

562 5653 938 5723 interrogandi
993 5663 1177 5723 partes
1222 5655 1552 5710 concedunt.
1603 5655 1657 5708 In
1711 5668 1898 5707 aurem
1938 5652 2142 5722 quippe

641 5835 732 5891 ³¹Ι
781 5837 906 5891 Cor.
943 5851 1058 5900 xm,
1090 5836 1143 5890 τε.
1223 5835 1267 5864 ³³
1317 5832 1330 5884 l
1379 5831 1506 5888 Cor.
1561 5849 1669 5893 xw,
1713 5833 1727 5884 l
1766 5847 1919 5902 seqq.

2029 5831 2118 5882 ³¹Ι
2160 5831 2285 5885 Cur.

2249 5388 2341 5423 σεν
2367 5375 2393 5425 6
2421 5375 2877 5443 προτεταγμένος,
2924 5375 3014 5426 διά
3048 5391 3106 5425 τε
3142 5373 3298 5425 τοῦτο
3323 5373 3584 5443 διερωτᾷν
3607 5390 3622 5404 ο
3656 5391 3826 5443 παρα⁶

2249 5465 2486 5532 χωροῦσι
2528 5465 2583 5516 δὲ
2635 5464 2834 5534 μᾶλλον
2881 5464 2954 5529 ώς
2998 5464 3289 5535 προῦχοντι
3344 5465 3403 5516 τὸ
3451 5463 3824 5534 κατάρχεσθαι

2248 5559 2427 5624 λόγου,
2483 5558 2579 5610 καὶ
2622 5558 2934 5628 παρρησίας
2981 5558 3074 5630 τῆς
3125 5558 3182 5608 ἐν
3223 5554 3301 5624 τῷ
3343 5554 3820 5610 διαπυνθάνεσθαι.

2250 5650 2412 5719 φημί.
2448 5651 2520 5701 Τὸ
2549 5650 2656 5720 γὰρ
2687 5652 2764 5712 είς
2785 5649 3103 5702 διδασκάλου
3135 5647 3314 5700 λαλεῖν
3341 5649 3474 5699 ἀκοὰ
3493 5665 3526 5702 θ.
3567 5647 3687 5700 οὐδὲ
3713 5649 3821 5708 τοῖς

2351 5845 2460 5889 \III,
2509 5827 2617 5881 l—'t.
