4076 6270
284 416 386 474 IG‘J

1329 432 1399 488 IN
1436 432 1723 492 .IOANNIS
1755 435 2203 499 EVANGELIUM
2233 443 2361 499 ΗΒ.
2394 445 2485 502 IX.

3444 463 3542 518 ι-τε

282 531 427 648 εἶναι
475 554 530 591 τι
560 538 837 609 δοκοῦσιν,
888 544 1190 604 ἀκίνδυνον.
1233 549 1559 624 Θαυμαστὸς
1606 556 1664 610 δὲ
1714 556 1846 611 οὐδὲτ

1970 560 2224 631 magistri
2258 564 2431 634 loqui,
2466 581 2535 621 ne
2570 566 2637 623 iis
2668 567 2890 638 quidem
2940 571 3034 640 qui
3080 588 3139 629 se
3183 573 3397 645 aliquos
3448 594 3547 648 pu-

281 623 448 702 ἦττον
472 631 502 685 ὁ
526 632 749 705 Πέτρος,
783 637 885 691 οὐκ
913 639 1054 694 αἰδοῖ
1083 641 1177 697 τοῦ
1210 643 1286 716 μὴ
1310 623 1488 700 δοκεῖν
1514 642 1655 702 εἶναι
1688 650 1865 723 νωθὴς

283 721 387 795 τὴν
414 723 618 793 εἴδησιν
648 724 759 779 τῶν
787 727 1166 800 ἀγνοηθέντων
1208 733 1562 807 ζητούμενος,
1591 740 1710 794 ἀλλ’
1737 721 1861 808 ὀξύς

281 813 375 887 ἐπὶ
401 813 463 866 τὸ
493 817 692 886 χρῆναι
727 819 1022 889 ωφοῦσθαι
1047 824 1274 895 τρέχων,
1299 829 1395 882 καὶ
1416 831 1678 904 αἰσχύνης
1705 834 1863 889 ἀκαί-

280 920 378 975 ρου
412 906 703 974 κρείττονα
737 910 838 983 τὴν
871 914 937 966 ἐκ
961 915 1061 985 τῆς
1099 917 1457 989 φιλομαθείας
1482 923 1670 994 ὄνησιν
1708 943 1864 998 ποιη-

279 997 552 1067 σάμενος,
606 1000 695 1055 ῖνα
734 1002 907 1069 τύπος
952 1009 1066 1070 τοῖς
1116 1010 1238 1081 μεθ’
1278 1013 1474 1068 ἑαυτὸν
1536 1017 1637 1072 κάν
1690 997 1862 1089 τούτῳ

276 1091 523 1163 γένηται.
555 1097 677 1149 Δεῖν
720 1098 831 1169 γὰρ
861 1095 1019 1169 οἶμαι
1076 1101 1152 1173 μὴ
1186 1107 1556 1177 παρατρέχειν
1604 1112 1697 1180 ὲᾷν
1733 1113 1861 1176 τοὺς

274 1183 393 1238 τῶν
422 1184 783 1242 διδασκόντων
815 1188 1039 1258 λόγους,
1090 1194 1251 1264 εἴπερ
1299 1196 1364 1252 ἂν
1413 1195 1523 1253 εἷεν
1563 1202 1624 1254 οὐ
1652 1203 1858 1274 σφόδρα

277 1276 509 1342 σαφεῖς,
558 1275 644 1329 ἴνα
676 1278 822 1341 τινὲς
850 1276 992 1333 εἶναι
1038 1280 1317 1353 δοκῶμεν,
1367 1287 1579 1359 ἀγχίνοι
1620 1308 1679 1344 τε
1713 1292 1854 1359 λίαν,

272 1364 372 1418 καὶ
401 1364 617 1437 δριμεῖς
650 1370 730 1428 είς
760 1368 978 1424 σύνεσιν
1003 1389 1018 1404 ο
1055 1372 1511 1433 διαπυνθάνεσθαι
1538 1381 1594 1435 δὲ
1631 1385 1853 1453 μᾶλλον,

271 1455 373 1509 καὶ
400 1456 796 1513 ἀνασκαλεύειν
839 1462 1224 1535 ἐπιστημόνως
1265 1468 1326 1522 τὸ
1374 1470 1434 1522 ἐν
1490 1472 1632 1545 ἀρχῇ
1680 1492 1857 1547 παρα-

270 1546 467 1619 δεχθὲν
509 1549 591 1615 εἰς
642 1551 850 1622 δνησιν.
896 1554 1042 1609 Πολὺ
1072 1557 1182 1627 γὰρ
1225 1559 1461 1629 ἀμείνων
1497 1564 1530 1634 ή
1569 1565 1664 1618 τοῦ
1714 1546 1856 1637 συμ-

269 1640 540 1713 φέροντος
565 1644 770 1712 γνῶσις
803 1645 1192 1717 δοκησισοφίας
1216 1653 1397 1722 κενῆς,
1432 1656 1527 1709 καὶ
1555 1656 1652 1711 τοῦ
1681 1657 1855 1713 δοκεῖν

264 1731 668 1798 ὲξεπίστασθαί
689 1755 763 1805 τι,
788 1741 1034 1812 κρεῖττον
1064 1739 1130 1794 ἂν
1156 1742 1240 1813 εἴη
1268 1743 1364 1797 τοῦ
1403 1748 1516 1818 [γρ.
1544 1747 1628 1821 τὸ]
1661 1751 1854 1820 μαθεῖν

265 1826 509 1898 ἀληθῶς.

1968 660 2086 707 tant
2126 661 2308 710 tutum
2344 657 2417 713 sit
2447 672 2512 713 ac
2541 673 2826 715 securum.
2857 659 3042 717 Nihilo
3074 680 3206 720 vero
3239 667 3422 724 minus
3451 672 3547 725 ad-

1963 742 2231 801 mirabilis
2260 754 2347 802 est
2378 745 2596 811 Petrus,
2635 752 2731 820 qui
2779 752 2918 808 nihil
2960 754 3175 811 veritus
3220 757 3544 828 opinionem

1964 838 2284 907 tarditatis,
2341 856 2465 912 quae
2505 842 2801 914 ignorabat
2865 848 3061 917 quwrit
3129 848 3391 917 edoceri,
3445 856 3542 909 sed

1962 946 2180 987 summo
2214 932 2400 988 studio
2434 950 2493 990 se
2524 950 2592 991 eo
2623 937 2862 1003 confert,
2907 940 3295 1011 intempestivo
3342 945 3539 1014 pudori

1961 1023 2259 1081 utilitatem
2293 1026 2628 1084 eruditionis
2662 1029 2985 1101 praaferens,
3022 1039 3082 1087 ut
3127 1034 3182 1088 in
3226 1034 3332 1090 hoc
3372 1038 3540 1092 etiam

1960 1116 2083 1173 suis
2126 1118 2366 1188 posteris
2416 1121 2670 1191 exemplo
2721 1137 2788 1178 ac
2836 1124 3169 1181 documento
3218 1139 3387 1183 esset.
3427 1127 3543 1185 Nec

1958 1208 2105 1262 enim
2169 1208 2415 1265 arbitror
2473 1214 2852 1282 prmtereunda
2893 1215 3060 1272 verba
3119 1217 3441 1273 docentium
3491 1221 3539 1276 si

1958 1300 2124 1369 paulo
2161 1299 2273 1356 sint
2315 1302 2662 1370 obscuriora,
2697 1311 2759 1359 ut
2792 1304 3078 1361 videamur
3105 1322 3231 1363 esse
3262 1308 3454 1378 aliqui,
3487 1319 3542 1365 et
3598 1346 3603 1350 ρ

1958 1392 2142 1461 sagaci
2181 1399 2346 1463 atque
2379 1400 2543 1450 acuto
2581 1394 2851 1466 imprimis
2901 1397 3124 1468 ingenio
3150 1399 3408 1469 praediti,
3443 1402 3540 1457 sed

1958 1485 2358 1541 sciscitandum
2393 1490 2599 1558 potius,
2645 1500 2700 1546 et
2726 1491 2889 1548 docte
2924 1493 3245 1563 agitandum
3294 1495 3442 1566 quod
3471 1495 3541 1551 ad

1958 1575 2250 1631 utilitatem
2286 1576 2448 1634 initio
2474 1582 2822 1651 propositum
2857 1583 2951 1640 sit.
2983 1583 3154 1641 Multo
3182 1586 3328 1642 enim
3359 1588 3542 1657 potior

1954 1674 2038 1721 est
2070 1668 2147 1722 rei
2173 1668 2328 1725 utilis
2363 1670 2606 1740 cognitio
2632 1688 2797 1743 quam
2827 1690 2967 1730 vana
2998 1676 3285 1746 sapientiae
3314 1692 3540 1747 persua—

1956 1759 2064 1823 sio,
2119 1767 2176 1816 et
2213 1777 2343 1818 vere
2393 1763 2603 1835 aliquid
2659 1765 2929 1824 didicisse
2979 1769 3179 1826 melius
3234 1783 3320 1826 est
3373 1786 3536 1842 quam

1959 1851 2103 1907 scire
2133 1853 2335 1908 videri.

355 1918 668 1991 Ἀπεκρίθη
687 1923 849 1990 αὐτῷ
885 1929 919 1982 ό
951 1927 1190 1999 Ἰησοῦς
1213 1947 1228 1962 ⁸
1261 1931 1445 1988 Ὅπου
1482 1934 1596 2003 ἐγὼ
1620 1936 1846 2006 ὑπάγω.

2028 1942 2181 2008 XIII,
2217 1944 2311 2001 56.
2352 1944 2647 2017 Respondit
2683 1948 2844 2005 Iesus
2871 1966 2890 2003 :
2933 1951 3051 2017 Quo
3089 1971 3181 2025 ego
3232 1956 3390 2023 vado,
3433 1974 3537 2013 non

269 2009 343 2062 οὐ
360 2008 625 2067 δύνασαι
641 2031 747 2083 μοι
772 2015 889 2072 νῦν
910 2018 1287 2089 ἀκολουθεῖν,
1317 2022 1761 2092 ἀκολουθήσεις
1783 2024 1852 2079 δὲ

269 2100 548 2170 ὕστερον.

344 2194 512 2259 Εἰδὼς
539 2196 623 2251 ὅτι
648 2196 873 2272 βαρεῖάν
901 2219 960 2256 τε
990 2205 1083 2258 καὶ
1107 2204 1349 2278 δυσαχθῆ
1377 2209 1491 2273 τοῖς
1523 2210 1718 2265 ἑαυτοῦ
1747 2229 1853 2283 μα-

276 2285 466 2356 θηταῖς
488 2287 698 2359 ὲνθήσει
718 2292 817 2363 τὴν
842 2293 1040 2367 λύπην,
1075 2298 1381 2368 ἀναφανδὸν
1408 2301 1582 2356 εἰπὼν
1615 2303 1690 2367 ὡς
1718 2305 1851 2359 ἀνα-

280 2376 506 2448 ϐήσεται
557 2382 656 2451 μὲν
687 2385 764 2447 εἰς
800 2387 1067 2459 οὐρανοὺς
1091 2428 1106 2453 ,
1150 2390 1395 2463 ἐρήμους
1423 2394 1480 2447 δὲ
1509 2394 1613 2464 τῆς
1653 2396 1848 2451 ἑαυτοῦ

282 2471 582 2540 παρουσίας
610 2472 755 2527 ἐάσει
780 2479 919 2532 κατά
943 2479 1043 2552 τὴν
1069 2482 1196 2552 γῆν,
1217 2485 1266 2536 εἰ
1294 2485 1388 2538 καὶ
1410 2485 1663 2542 συνέσται
1687 2489 1851 2544 πάλιν

387 2561 539 2628 Θεὸς,
575 2563 968 2637 εύπεριστόλως
985 2573 1123 2643 πρὸς
1153 2575 1215 2628 τὸ
1244 2576 1418 2646 παρὸν
1442 2577 1751 2650 ἀποχρῆται
1771 2579 1850 2651 τῷ

273 2648 440 2721 λόγῳ,
473 2653 808 2711 διακλέπτων
833 2661 1018 2733 ἠρέμα
1038 2663 1133 2718 τοῦ
1162 2666 1253 2720 νοῦ
1281 2666 1380 2740 τὴν
1404 2648 1708 2741 ἀκρίϐειαν.
1736 2648 1850 2726 καὶ

264 2926 446 2997 λόγοις
491 2930 592 2986 οὐκ
642 2934 975 3007 ἀμελέτητον
1014 2942 1128 3005 τοῖς
1160 2945 1361 3012 σοφοῖς.
1406 2946 1472 3000 Εἰ
1500 2947 1610 3018 γὰρ
1642 2948 1739 3005 καὶ
1767 2950 1849 3004 ὅτι

266 3022 506 3093 μάλιστα
526 3025 624 3096 τῆς
647 3026 745 3080 ἀνθ
755 3029 1070 3102 ρωπότητος
1092 3034 1348 3108 ἀπαρχήν
1372 3038 1563 3094 ἑαυτὸν
1580 3040 1848 3113 ἀνακομί-

264 3113 373 3179 ζων
402 3115 481 3188 τῷ
505 3116 624 3189 Θεῷ
642 3122 734 3175 καὶ
763 3122 962 3196 Πατρί,
981 3124 1080 3197 τήν
1101 3127 1181 3190 εἰς
1205 3128 1267 3181 τὸ
1288 3130 1422 3195 ἀνω,
1455 3130 1551 3186 καὶ¹
1579 3134 1659 3196 εἰς
1682 3133 1849 3205 οὐρα-

264 3207 391 3272 νοὺς
425 3209 734 3282 ἀποδημίαν
768 3215 1080 3283 ἐστέλλετο,
1131 3217 1226 3272 καὶ
1268 3219 1410 3292 ὑπὲρ
1445 3223 1545 3295 τῆς
1592 3224 1847 3281 ἁπάντων

262 3297 601 3367 λυσιτελείας
654 3304 717 3358 τὸ
748 3305 1025 3377 δρώμενον
1073 3304 1142 3381 ἦν
1175 3309 1500 3381 (ὲνεκαίνισε
1555 3315 1665 3388 γὰρ
1712 3318 1844 3388 ἡμῖν

259 3392 403 3459 ὁδὸν,
438 3394 506 3465 ήν
534 3396 635 3450 οὐκ
653 3397 771 3469 ᾔδει
803 3399 1069 3473 πρότερον
1100 3404 1133 3474 ή
1162 3403 1454 3476 ἀνθρώπου
1486 3408 1690 3479 φύσις),
1709 3410 1846 3466 ἀλλά

258 3500 323 3551 γε
356 3488 474 3550 τοῖς
505 3488 684 3557 ἁγίοις
720 3491 992 3563 μαθηταῖς
1035 3494 1124 3547 ἀεὶ
1158 3499 1398 3553 συνεῖναι
1432 3501 1843 3571 σπουδάζουσιν,

254 3576 319 3630 οὐ
350 3579 588 3649 φορητὸν
612 3576 752 3635 εῖναι
779 3583 1083 3653 διεφαίνετο
1125 3588 1188 3642 τὸ
1222 3590 1553 3660 χωρίζεσθαι
1580 3594 1843 3665 Χριστοῦ,

256 3669 447 3724 καίτοι
484 3670 738 3736 συνόντος
775 3674 959 3738 αὐτοῖς
986 3677 1075 3731 διὰ
1098 3680 1296 3745 παντὸς
1317 3684 1385 3753 τῇ
1413 3682 1507 3735 τοῦ
1530 3684 1671 3738 Πνεύ
1680 3703 1848 3756 ματος

257 3763 494 3833 δυνάμει
516 3780 577 3815 τε
600 3765 694 3818 καὶ
717 3769 1027 3841 συνεργείᾳ.
1072 3771 1397 3841 ’Δγνοοῦντα
1416 3776 1594 3831 τοίνυν
1621 3777 1713 3832 τὸν
1739 3796 1846 3850 μα-

261 3854 463 3924 κάριον
504 3855 711 3927 Πέτρον
760 3857 872 3911 τῶν
912 3862 1219 3933 εἰρημένων
1250 3865 1350 3938 τὴν
1402 3867 1655 3940 δύναμιν,
1707 3871 1846 3942 ὁμοῦ

258 3948 378 4008 τοῖς
400 3945 580 4011 ἀλλοις
615 3948 914 4021 μαθηταῖς,
960 3954 1018 4008 ἐν
1063 3956 1244 4029 ταυτῷ
1277 3959 1460 4030 μένειν
1491 3963 1575 4033 ἐᾷ,
1626 3965 1719 4018 καὶ
1745 3966 1844 4019 οὐκ

256 4039 425 4102 εὐθὺς
453 4040 720 4128 -έφίστησι
760 4046 827 4115 τῇ
874 4044 983 4100 τῶν
1008 4048 1315 4119 εἰρημένων
1348 4052 1621 4126 ἀκριϐείᾳ,
1647 4057 1843 4128 χρησί-

260 4142 404 4217 μως,
442 4124 603 4197 ἄχρις
657 4129 724 4183 ἂν
775 4131 959 4196 αὐτοῖς
1008 4134 1099 4189 τὸν
1148 4139 1490 4197 ἀνακτᾶσθαι
1543 4124 1842 4217 δυνάμενον

254 4213 580 4286 διαπερανεῖ
604 4216 780 4288 λόγον.
813 4221 983 4277 Τοῦτο
1019 4228 1113 4280 καὶ
1136 4228 1194 4281 ἐν
1222 4233 1334 4294 τοῖς
1363 4232 1559 4305 ἐφεξῆς
1584 4213 1842 4292 ποιοῦντα

256 4305 633 4399 θεωρήσομεν.
652 4312 815 4382 Λέγει
835 4314 945 4386 γὰρ
962 4318 1097 4388 πρὸς
1118 4321 1336 4386 αὐτούς’
1357 4343 1375 4375 ι
1399 4326 1837 4399 Συμφέρειὺμῖν,

256 4397 349 4452 ἶνα
379 4398 491 4467 ἐγὼ
523 4402 765 4459 ἀπέλθω.
813 4405 940 4461 Ἐὰν
979 4409 1084 4482 γὰρ
1122 4412 1233 4481 ἐγὼ
1284 4414 1359 4486 μὴ
1390 4397 1636 4483 ἀπέλθω,
1667 4421 1696 4474 ὁ
1727 4397 1841 4475 Πα-

257 4487 533 4582 ράκλητος
553 4493 614 4545 οὐ
658 4494 733 4565 μὴ
768 4493 898 4570 ἔλθῃ
943 4498 1079 4570 πρὸς
1124 4501 1286 4572 ὑμᾶς.
1318 4524 1338 4557 ι
1365 4505 1558 4562 Φθάνει
1602 4526 1666 4577 γε
1708 4509 1836 4582 μὴν,

254 4581 335 4643 ὡς
366 4581 501 4645 Θεὸς
525 4623 540 4646 ,
583 4584 1013 4655 ἐπαγγείλασθαι
1062 4591 1284 4648 θέλοντα
1324 4594 1414 4649 τὸν
1459 4599 1728 4670 μαθητὴν,
1752 4603 1837 4656 ὅτι

1953 2043 2098 2102 potes
2125 2052 2205 2090 me
2234 2036 2388 2090 modo
2417 2041 2564 2109 sequi
2583 2079 2598 2104 ,
2632 2043 2866 2112 sequeris
2906 2054 3082 2099 autem
3120 2056 3319 2114 postea.

2023 2214 2160 2270 Cum
2191 2216 2362 2273 sciret
2389 2218 2541 2289 gravi
2569 2226 2623 2274 et
2645 2219 2980 2280 intolerabili
3010 2239 3249 2283 maerore
3281 2227 3534 2286 allectum

1952 2310 2019 2364 iri
2044 2325 2176 2365 suos
2195 2311 2526 2384 discipulos,
2559 2314 2606 2370 si
2628 2324 2817 2385 aperte
2841 2317 3049 2376 diceret
3078 2336 3139 2377 se
3171 2337 3532 2380 ascensurutn

1963 2400 2018 2454 in
2052 2401 2231 2457 cmlos
2275 2410 2332 2457 et
2366 2418 2467 2459 sua
2515 2409 2812 2475 praesentia
2848 2423 2946 2465 eos
2978 2411 3349 2481 privaturum,
3403 2416 3534 2473 licet

1953 2509 2150 2551 rursus
2184 2504 2243 2550 ut
2266 2494 2412 2553 Deus
2435 2496 2732 2557 adfuturus
2759 2512 2929 2568 esset,
2965 2504 3281 2562 obscuriori
3315 2509 3533 2579 imprae-

1953 2588 2256 2643 sentiarum
2292 2590 2470 2645 utitur
2517 2608 2797 2659 sermone,
2851 2609 3102 2653 exactam
3156 2599 3279 2670 ejus
3324 2601 3533 2657 intelli-

1950 2682 2189 2751 gentiam
2222 2683 2430 2739 sensim
2465 2685 2800 2757 subripiens.
2829 2687 2893 2743 Et
2921 2690 3143 2761 quidem
3167 2694 3531 2753 nesciosillos

1950 2774 2164 2842 videns,
2195 2773 2252 2830 in
2280 2776 2474 2832 eodem
2521 2784 2669 2833 statu
2720 2779 2846 2833 illos
2895 2781 3180 2852 relinquit.
3237 2785 3531 2856 Sapientes

1949 2867 2154 2939 quippe
2186 2866 2536 2938 gravioribus
2587 2867 2862 2924 interdum
2908 2873 3098 2929 verbis
3132 2874 3440 2932 obscurant
3465 2895 3532 2933 ea

1956 2975 2077 3033 quae
2118 2974 2412 3017 maerorem
2443 2960 2644 3017 aﬂerre
2689 2964 2890 3019 solent.
2930 2964 3045 3022 Etsi
3081 2967 3223 3021 enim
3261 2969 3529 3039 primitias

1952 3052 2314 3109 humanitatis
2340 3053 2583 3125 seipsum
2619 3053 2730 3110 Deo
2754 3070 2820 3111 ac
2853 3054 3000 3112 Patri
3028 3057 3282 3124 offerens,
3325 3061 3377 3115 in
3412 3077 3530 3118 coe-

1950 3149 2033 3203 los
2066 3146 2337 3212 ascendit,
2401 3147 2567 3218 idque
2622 3162 2725 3219 pro
2775 3151 3024 3205 omnium
3072 3152 3316 3208 utilitate
3365 3154 3531 3208 flebat

1953 3237 2120 3308 (viam
2152 3237 2317 3292 nobis
2345 3237 2694 3307 instauravit,
2732 3248 2947 3296 natura:
2990 3241 3233 3299 hominis
3261 3246 3413 3314 prius
3451 3245 3532 3301 in.

1873 3347 1919 3410 c
1948 3327 2275 3399 cognitam),
2307 3338 2684 3384 verumtamen
2712 3330 2929 3387 sanctis
2956 3329 3250 3403 discipulis
3280 3332 3375 3403 qui
3402 3349 3531 3403 per-

1948 3428 2116 3491 petuo
2143 3434 2267 3475 cum
2302 3435 2368 3475 eo
2399 3420 2612 3475 versari
2659 3420 2931 3487 volebant,
2981 3422 3335 3480 intolerabile
3370 3426 3526 3482 vide-

1946 3512 2111 3568 batur
2138 3527 2169 3567 a
2204 3510 2433 3567 Christo
2466 3512 2703 3583 sejungi,
2748 3514 2875 3569 licet
2909 3513 2993 3569 eis
3041 3511 3285 3585 Spiritus
3324 3516 3529 3575 virtute

1944 3613 1999 3660 et
2033 3604 2275 3661 clIIcacia
2308 3618 2524 3675 semper
2556 3605 2797 3660 adesset.
2831 3604 3059 3660 Beatum
3090 3607 3274 3677 itaque
3303 3606 3523 3664 Petrum

1944 3697 2057 3752 vim
2098 3704 2153 3752 et
2175 3711 2397 3752 sensum
2425 3710 2618 3751 eorum
2644 3711 2766 3766 quae
2807 3696 3133 3753 dicebantur
3166 3713 3277 3754 non
3314 3701 3523 3757 intelli-

1945 3797 2161 3859 gentem
2192 3802 2302 3843 una
2340 3802 2465 3842 cum
2511 3786 2636 3842 aliis
2682 3785 2980 3858 discipulis
3029 3787 3087 3842 in
3131 3788 3326 3844 eodem
3373 3798 3523 3846 statu

1944 3880 2233 3951 relinquit,
2266 3894 2371 3935 nec
2419 3879 2607 3934 statim
2647 3886 2820 3935 totam
2873 3894 2989 3935 rem
3021 3881 3070 3936 ei
3117 3881 3281 3953 756
3323 3884 3521 3952 aperit,

1943 3973 2155 4027 utiliter
2185 3972 2240 4027 id
2272 3972 2520 4042 quidem,
2545 3971 2722 4027 donec
2753 3986 3062 4027 sermonem
3103 3973 3184 4029 eis
3231 3988 3342 4044 quo
3373 3975 3525 4031 refo-

1942 4059 2122 4113 cillari
2152 4063 2372 4129 possint
2404 4059 2698 4130 peregerit.
2741 4058 2899 4127 Quod
2932 4060 3155 4130 quidem
3202 4062 3257 4117 in
3289 4079 3524 4133 sequen-

1943 4146 2093 4202 tibus
2120 4145 2301 4203 facere
2331 4148 2512 4218 ipsum
2543 4148 2871 4205 videbimus.
2899 4149 2992 4204 Ait
3023 4151 3231 4222 quippe
3261 4153 3327 4207 ad
3354 4154 3517 4211 illos:

1945 4256 1966 4290 ι
2003 4237 2233 4309 Expedit
2262 4240 2423 4296 vobis
2450 4248 2512 4296 ut
2540 4256 2642 4312 ego
2669 4242 2891 4297 vatiam.
2939 4240 2995 4295 Si
3028 4244 3176 4297 enim
3221 4258 3331 4298 non
3366 4245 3519 4302 abie-

1940 4345 2026 4398 ro,
2065 4330 2383 4388 Paraeletus
2421 4348 2533 4388 non
2569 4333 2750 4389 veniet
2805 4333 2873 4388 ad
2916 4349 3016 4389 vos
3061 4334 3127 4390 ³³.
3180 4353 3200 4386 ι
3247 4335 3520 4393 Praevenit

1939 4429 2145 4488 tamen,
2178 4433 2237 4478 ut
2273 4423 2438 4489 Deus,
2491 4425 2825 4494 discipulum
2876 4426 3210 4483 denuntiare
3239 4429 3516 4484 volentem

1938 4531 1999 4570 se
2020 4515 2254 4586 impigre
2276 4524 2628 4582 secuturum,
2661 4525 2714 4571 et
2745 4517 2897 4572 illico
2927 4517 3272 4587 adfuturum,
3298 4522 3517 4575 nemine

1937 4607 2273 4675 retardante,
2320 4616 2377 4663 et
2412 4611 2530 4663 ait:
2571 4628 2589 4660 ι
2619 4608 2740 4675 Quo
2777 4624 2879 4681 ego
2911 4610 3073 4678 vado,
3105 4627 3213 4666 non
3248 4621 3400 4681 potes
3428 4627 3516 4665 me

254 4673 352 4726 καὶ
373 4674 728 4746 ἀκολουθήσει
782 4680 1101 4752 προθύμως,
1142 4686 1237 4738 καὶ
1284 4689 1537 4744 συνέσται
1580 4694 1832 4765 γοργῶς,

1947 4698 2105 4754 modo
2144 4700 2321 4770 sequi,
2355 4699 2608 4769 sequeris
2640 4706 2822 4755 autem
2858 4709 3072 4771 postea.
3117 4721 3135 4754 ι
3184 4700 3317 4766 Quae
3346 4701 3513 4755 verba

252 4763 469 4828 οὐδενὸς
510 4767 658 4839 αὐτῷ
707 4769 807 4841 τὴν
856 4774 1164 4845 προθυμίαν
1218 4763 1704 4852 ἀνασειράζοντος,
1741 4786 1835 4841 καί

1947 4763 2238 4858 [ιιιριὶοεηί
2270 4802 2496 4844 sensum
2533 4788 2780 4858 pariunt,
2832 4804 3069 4859 quorum
3120 4805 3264 4845 unus
3315 4789 3512 4844 obvius

254 4871 419 4927 φησιν
438 4874 453 4889 ο
494 4877 513 4910 ι
546 4860 952 4934 Ὀπουύπὰγω
974 4866 1102 4935 ἐγὼ,
1132 4869 1193 4921 οὐ
1216 4869 1442 4925 δύνασαί
1474 4892 1563 4944 μοι
1584 4876 1681 4931 νῦν
1700 4880 1833 4933 ἀκο-

252 4949 534 5023 λουθῆσαι,
566 4955 949 5028 ἀκολουθήσεις
994 4962 1051 5016 δὲ
1099 4963 1342 5033 ὕστερον.
1383 4986 1402 5019 ι
1439 4970 1549 5024 Καὶ
1586 4972 1769 5044 διττὴν
1805 4976 1835 5027 ό

251 5040 413 5109 λόγος
456 5042 632 5098 ὠδίνει
663 5048 760 5120 τὴν
794 5048 1033 5107 ἔννοιανσ
1079 5048 1155 5108 ὧν
1208 5058 1240 5126 ή
1276 5059 1376 5127 μὲν
1407 5060 1503 5129 μία
1548 5040 1834 5136 προχειρο-

248 5133 387 5205 τάτη
418 5135 511 5187 καὶ
539 5135 661 5191 λίαν
687 5140 963 5213 εύτριὸὴς,
1001 5145 1347 5218 ἀφανεστέρα
1377 5149 1434 5202 δέ
1468 5169 1581 5216 πως
1606 5133 1832 5226 ήέτέρα

251 5223 347 5276 καὶ
377 5224 436 5276 ὲν
467 5225 774 5298 αἰνίγμασι.
798 5232 1000 5287 Φάσκει
1030 5235 1128 5304 μὲν
1148 5236 1277 5306 γὰρ,
1294 5236 1369 5302 ὡς
1389 5239 1490 5292 οὐκ
1512 5240 1579 5293 ἂν
1614 5223 1832 5298 δύναιτο

249 5315 348 5367 νῦν
381 5316 693 5373 ἀκολουθεῖν
729 5323 866 5395 πρὸς
901 5326 964 5379 τὸ
1015 5326 1128 5381 ἄνω
1162 5329 1451 5398 βαδίζοντι,
1488 5334 1583 5387 καὶ
1640 5336 1830 5391 παλιν-

249 5406 547 5478 δρομοῦντι
574 5410 707 5481 πρὸς
735 5415 965 5485 οὐρανόν
988 5432 1002 5446 ·
1040 5418 1398 5492 ἀκολουθήσει
1433 5440 1497 5490 γε
1529 5425 1635 5496 μὴν
1691 5429 1831 5498 μετά

249 5499 447 5565 ταῦτα,
482 5501 994 5580 ἀποκαθισταμένης
1025 5511 1267 5580 δηλονότι
1308 5519 1419 5577 τοῖς
1466 5519 1642 5587 ἁγίοις
1677 5521 1829 5591 παρά

251 5591 496 5663 Χριστοῦ
530 5594 632 5665 τῆς
678 5599 735 5651 ὲν
766 5600 946 5654 ἐλπίσι
996 5604 1163 5675 τιμῆς
1191 5623 1250 5658 τε
1283 5609 1376 5661 καὶ
1403 5609 1582 5679 δόξης,
1635 5614 1722 5665 ὅτε
1752 5616 1831 5676 εἰς

250 5681 347 5753 τὴν
396 5685 512 5740 ἀνω
556 5689 880 5760 γενήσονται
938 5693 1113 5762 πόλιν,
1165 5696 1261 5749 καὶ
1304 5698 1830 5770 συμϐασιλεύσουσιν

353 5860 402 5894 ³⁸
436 5860 597 5919 Joan.
642 5880 754 5932 xvt,
787 5867 839 5919 '7.
917 5867 962 5899 ³⁸
998 5867 1128 5923 Luc.
1155 5887 1305 5938 xxw,
1340 5874 1426 5930 49.

573 5957 843 6022 PATROL.
892 5960 1006 6022 Gn.
1055 5965 1311 6024 LXXIV.

1935 4889 2020 4936 est
2054 4895 2119 4935 ac
2157 4879 2474 4945 familiaris,
2511 4880 2651 4936 alter
2680 4880 2973 4937 obscurior
3003 4888 3057 4936 et
3087 4882 3393 4953 tenigmatis
3428 4881 3511 4935 in-

1935 4973 2182 5029 volutus.
2219 4971 2366 5027 Dicit
2396 4970 2543 5026 enim
2581 4972 2725 5041 quod
2772 4988 2881 5026 non
2916 4972 3097 5042 possit
3133 4972 3286 5042 sequi
3317 4985 3512 5026 ascen-

1936 5064 2153 5119 dentem
2187 5077 2253 5117 ac
2279 5068 2641 5118 revertentem
2671 5063 2725 5117 in
2748 5063 2975 5125 cmlum,
3000 5072 3293 5118 secuturus
3325 5071 3511 5117 tamen

1936 5156 2008 5212 sit
2068 5163 2283 5227 postea,
2342 5154 2591 5225 reposito
2635 5154 2898 5209 nimirum
2950 5153 3159 5209 sanctis
3206 5167 3236 5205 a
3289 5152 3511 5207 Christo

1940 5249 2146 5304 honore
2195 5249 2250 5302 in
2295 5262 2391 5317 spe
2442 5253 2496 5302 et
2554 5246 2766 5318 gloria,
2825 5245 3050 5315 quando
3108 5245 3162 5298 in
3212 5257 3507 5312 supernam

1941 5337 2285 5392 asciscentur
2326 5337 2628 5400 civitatem,
2676 5345 2730 5390 et
2766 5350 2875 5389 una
2912 5349 3035 5388 cum
3066 5349 3132 5388 eo
3174 5334 3504 5403 regnabant.

1939 5426 2042 5482 Sed
2075 5435 2129 5482 et
2172 5427 2319 5482 aliud
2366 5442 2530 5496 porro
2579 5426 2884 5495 significat,
2915 5424 3061 5493 quod
3091 5424 3257 5494 quale
3291 5425 3386 5492 sit,
3422 5425 3508 5479 di-

1935 5534 2077 5573 cam.
2115 5516 2368 5572 Nondum
2407 5518 2581 5571 induti
2603 5517 2804 5570 virtute
2832 5530 2897 5568 ex
2928 5517 3043 5570 alto
3076 5516 3155 5584 ³⁸,
3181 5532 3357 5586 neque
3379 5517 3504 5570 dum

1938 5620 2194 5680 suscepto
2230 5620 2422 5665 sancto
2471 5609 2682 5678 Spiritu
2735 5607 2828 5676 qui
2884 5610 3239 5663 confirmaret
3291 5624 3407 5670 eos,
3454 5616 3508 5659 ct

1938 5703 2178 5760 hominis
2213 5708 2464 5756 naturam
2498 5702 2563 5756 ad
2597 5697 2973 5754 fortitudinem
3011 5700 3364 5761 reformaret,
3397 5711 3506 5748 non

3027 5974 3059 6031 6
