4076 6270
549 457 643 514 ΠΙ

1541 451 1599 504 S.
1641 445 1917 503 CYBILLI
1962 443 2432 501 ALEXANDRINI
2470 441 2788 499 ARCHIEP.

3708 436 3811 492 {72

549 575 803 638 poterant
833 576 1059 623 mortem
1092 579 1431 637 expugnare,
1467 579 1532 618 ac
1565 565 1834 620 adversus
1862 571 1973 617 tam
2003 563 2132 616 hor-

2246 561 2402 632 ιύτῷ.
2436 560 2702 630 Σημαίνει
2750 557 2807 611 δέ
2837 575 2889 610 τι
2933 556 3071 627 πρὸς
3112 555 3287 625 τούτῳ
3329 553 3422 608 καὶ
3459 553 3669 618 ἓτερον,
3718 554 3813 605 καὶ

551 657 715 712 ribile
752 658 1133 728 spectaculum
1185 671 1245 710 se
1295 654 1614 724 accingere.
1669 653 1806 708 Nam
1845 668 1972 707 eum
2025 653 2127 708 soli

549 748 774 804 Christo
829 757 1188 818 competeret,
1244 747 1410 817 eique
1465 747 1558 800 uni
1592 755 1936 802 reservatum
1985 751 2132 800 esset

552 840 752 895 mortis
783 841 1085 909 potentiam
1122 839 1498 910 confringere,
1539 839 1826 909 probabile
1869 853 1981 892 non
2014 845 2134 892 erat

553 937 694 992 alios
731 944 858 990 ante
894 937 1077 1006 ipsum
1122 935 1178 989 id
1227 950 1391 1006 agere
1439 951 1624 1005 posse.
1671 934 1898 991 Mortem
1929 935 2134 1005 quippe

554 1045 666 1086 non
711 1037 976 1095 metuere,
1007 1028 1138 1098 quid
1167 1027 1336 1095 aliud,
1366 1044 1572 1098 quaeso,
1617 1043 1742 1084 esse
1777 1035 1980 1095 potest,
2023 1026 2133 1082 nisi

553 1130 812 1186 mortem,
844 1121 1001 1192 quasi
1053 1120 1188 1175 nihil
1231 1136 1430 1176 nocere
1461 1122 1623 1176 nobis
1649 1121 1850 1191 possit,
1884 1129 2135 1176 eontem-

556 1215 727 1270 nere?
759 1212 973 1268 Idcirco
1005 1229 1126 1268 meo
1169 1213 1382 1283 judicio
1435 1213 1536 1283 ipsi
1582 1229 1804 1284 quoque
1852 1215 2136 1283 propheta:

558 1317 788 1362 mortem
825 1307 1170 1376 ingruentem
1205 1305 1703 1371 exhorrescebant,
1727 1306 1885 1374 quasi
1923 1321 2018 1375 per
2047 1320 2136 1359 re-

559 1400 957 1455 surrectionem
1001 1398 1204 1453 Christi
1256 1398 1502 1453 nondum
1558 1399 1922 1453 destructam.
1977 1396 2136 1463 Quod

557 1506 683 1546 eum
728 1502 882 1547 recte
930 1499 1120 1546 nosset
1166 1489 1398 1556 Paulus,
1434 1489 1653 1544 dicebat
1686 1487 1930 1544 Verbum
1988 1488 2137 1558 quod

555 1597 624 1636 ex
648 1582 756 1636 Deo
791 1580 953 1636 Patre
982 1589 1037 1636 et
1076 1581 1130 1634 in
1168 1581 1278 1635 Deo
1309 1587 1416 1638 est.
1453 1579 1686 1635 Abrahae
1719 1594 1907 1634 semen
1939 1591 2138 1648 appre-

558 1673 837 1739 hendisse,
885 1681 946 1727 ut
998 1689 1096 1743 per
1149 1679 1382 1727 mortem
1436 1679 1643 1728 saneta:
1681 1672 1867 1726 carnis
1904 1679 2138 1726 mortem

560 1765 910 1838 proﬂigaret,
967 1781 1176 1837 eosque
1230 1766 1491 1820 liberaret
1558 1765 1879 1834 quicunque
1943 1765 2140 1818 timore

560 1861 756 1916 mortis
827 1859 906 1914 rei
965 1875 1185 1929 semper
1239 1867 1399 1914 erant
1449 1857 1669 1912 vivendi
1729 1857 2014 1914 servitutis
2071 1856 2136 1910 ³⁷.

2237 658 2409 718 ποῖον,
2435 654 2564 725 ἐρῶ.
2588 651 2754 705 υὺπω
2774 649 2870 721 τὴν
2895 649 2954 714 ἐξ
2984 647 3150 718 ὕψους
3179 646 3533 716 ἐνδυσάμενοι
3560 644 3808 713 δύναμιν,

2233 746 2355 800 οὐδὲ
2392 748 2451 799 τὸ
2481 745 2726 816 ἐνισχύον
2760 744 2977 806 αὐτοὺς,
3017 741 3109 795 καὶ
3137 742 3217 804 είς
3255 739 3508 810 ἀνδρείαν
3538 735 3812 790 ἀναπλάτ-

2233 855 2324 891 τον
2350 837 2446 909 τὴν
2481 836 2772 908 ἀνθρώπου
2806 835 2970 904 φύσιν
3008 833 3393 903 κομισάμενοι,
3421 828 3647 899 Πνεῦμά
3673 845 3814 898 φημι

2234 929 2298 1000 δὴ
2317 929 2379 981 τὸ
2405 928 2708 1000 ἀγιονηοὺχ
2746 921 2846 980 οἶοί
2884 943 2944 979 τε
2981 921 3124 996 ἦσαν
3169 924 3400 977 Θανάτου
3444 923 3814 990 καταγωνίζε-

2238 1021 2382 1088 σθαι,
2431 1022 2528 1076 καὶ
2572 1023 2687 1085 τοῖς
2733 1021 2877 1073 οὕτω
2942 1019 3294 1089 δυσαντήτοις
3341 1016 3814 1070 ἀνταποδύσασθαι

2236 1112 2506 1183 δείμασιν.
2531 1109 2640 1165 ἾΙν
2665 1111 2773 1183 γὰρ
2799 1112 2894 1166 καὶ
2921 1110 3096 1174 ἄλλως
3116 1109 3380 1163 ἀπίθανον
3409 1109 3554 1180 μόνῳ
3575 1109 3816 1180 πρέπον-

2236 1221 2329 1266 τος
2363 1203 2459 1256 καὶ
2492 1202 2866 1274 τετηρημένου
2912 1200 2990 1270 τῷ
3033 1201 3245 1271 Σωτῆρι
3287 1200 3510 1270 Χριστῷ
3563 1201 3658 1252 τοῦ
3691 1217 3816 1252 συν-

2238 1295 2460 1366 θραύειν
2505 1294 2764 1349 δύνασθαι
2811 1294 2905 1348 τοῦ
2949 1293 3182 1347 θανάτου
3237 1293 3297 1345 τὸ
3344 1292 3566 1363 κράτος,
3599 1292 3818 1362 ἐτέρους

2238 1388 2346 1458 πρὸ
2375 1386 2541 1441 αὑτοῦ
2567 1387 2725 1440 τοῦτο
2749 1386 2998 1457 δρῶντας
3022 1385 3274 1457 ὁρᾶσθαι.
3303 1385 3378 1438 Τὸ
3410 1385 3519 1455 γὰρ
3560 1384 3634 1455 μὴ
3657 1402 3820 1438 κατα-

2239 1480 2612 1551 δειμαίνεσθαι
2639 1479 2886 1545 θάνατον,
2918 1480 2969 1531 τί
3010 1478 3076 1532 ἂν
3116 1479 3305 1549 ἕτερον
3333 1478 3418 1548 εἴη
3453 1478 3636 1548 τυχὸν,
3669 1477 3820 1548 ἢθα-

2241 1572 2402 1625 νάτου
2433 1573 2814 1642 καταφρονεῖν,
2838 1571 2914 1633 ὡς
2943 1569 3096 1623 οὐδὲν
3125 1571 3331 1623 ἀδικεῖν
3377 1569 3687 1640 ίσχύοντος;
3722 1571 3820 1623 Διά

2239 1681 2321 1716 τοι
2349 1662 2527 1726 τοῦτο,
2559 1663 2700 1717 κατά
2749 1680 2813 1731 γε
2869 1662 2962 1715 τὸν
3012 1662 3284 1733 ἡμέτερον
3327 1661 3472 1723 νοῦν,
3524 1663 3619 1715 καὶ
3664 1662 3818 1716 αὐτοὶ

2242 1757 2604 1828 κατέφριττον
2659 1758 2709 1808 οἱ
2755 1757 3016 1828 μακάριοι
3063 1758 3342 1827 προφῆται
3383 1755 3678 1826 προσιόντα
3728 1756 3822 1810 τὸν

2244 1847 2497 1912 θάνατον,
2525 1847 2601 1910 ὡς
2621 1846 2774 1900 οῦπω
2794 1865 3043 1918 κατηργη
3053 1848 3214 1919 μένον
3241 1847 3328 1901 διὰ
3353 1847 3452 1916 τῆς
3471 1847 3823 1913 ἀναστάσεως

559 1949 744 2006 Prima
777 1952 978 2021 quippe
1014 1952 1208 2006 mortis
1240 1950 1535 2006 dissolutio
1569 1949 1670 2004 fuit
1698 1949 1886 2018 passio
1929 1949 2138 2002 saluta-

2246 1937 2338 1991 τοῦ
2373 1937 2632 2010 Χριστοῦ.
2677 1938 2880 2009 Ὀρθῶς
2907 1940 2964 1993 δὲ
2997 1939 3154 1993 τοῦτο
3182 1940 3359 2003 συνεὶς
3419 1941 3509 1994 καὶ
3533 1943 3561 1994 6
3589 1940 3819 2006 Παῦλος,

562 2045 662 2109 ris,
696 2053 750 2100 et
783 2044 1002 2098 initium
1050 2045 1259 2099 sanctis
1297 2051 1538 2098 strenuae
1573 2043 1838 2097 adversus
1867 2056 1988 2096 eam
2023 2041 2135 2094 vir-

561 2135 697 2190 tutis
732 2135 1067 2191 resurrectio
1105 2133 1313 2190 Christi
1353 2134 1474 2188 luit.
1508 2133 1647 2188 Cum
1688 2133 1856 2205 igitur
1885 2148 2007 2204 quae
2039 2148 2139 2189 sua

560 2232 760 2280 natura
790 2227 902 2282 vita
932 2235 1016 2282 est
1042 2235 1274 2280 mortem
1299 2226 1543 2281 nondum
1573 2234 1917 2289 evacuasset,
1953 2239 2140 2292 neque

563 2333 728 2388 porro
765 2319 914 2374 illius
956 2317 1300 2372 formidinem
1343 2317 1548 2372 nostris
1583 2315 1784 2370 animis
1810 2315 2138 2369 incumben-

563 2414 674 2460 tem
729 2405 1076 2474 infregisset,
1134 2405 1469 2459 inﬁrmiores
1522 2403 1930 2473 quodammodo
1985 2413 2144 2459 erant

567 2495 835 2551 adversus
860 2498 1105 2566 pericula
1137 2496 1416 2566 discipuli.
1442 2496 1678 2566 Ideoque
1717 2497 1854 2551 scite
1879 2496 2143 2552 Dominus

568 2588 864 2658 aliquando
902 2587 1122 2642 Petrum
1163 2589 1218 2642 in
1250 2602 1472 2641 crucem
1501 2597 1684 2641 actum
1727 2587 1793 2640 iri
1820 2625 1834 2649 ,
1865 2597 1919 2640 et
1949 2587 2002 2641 in
2039 2587 2144 2641 hoc

567 2685 888 2732 secuturum
935 2669 1016 2740 se,
1048 2677 1227 2731 innuit
1269 2676 1435 2732 simul
1462 2691 1527 2730 ac
1566 2676 1731 2741 dicit;
1773 2675 1920 2744 quod
1964 2685 2145 2729 autem

568 2783 716 2824 nunc
746 2769 812 2822 ad
841 2775 1054 2821 tantum
1081 2775 1362 2822 certamen
1387 2765 1671 2820 inl‘raCtam
1709 2764 1869 2836 757
1905 2772 2142 2820 mentem

568 2879 680 2918 non
728 2861 950 2925 habeat,
1010 2858 1260 2914 ostendit
1297 2859 1536 2914 dicens:
1586 2877 1604 2910 ‹
1654 2859 1773 2925 Quo
1816 2872 1916 2930 ego
1968 2859 2144 2923 vado,

569 2971 681 3010 non
712 2963 867 3026 potes
913 2951 1080 3006 modo
1116 2952 1294 3022 sequi,
1340 2953 1590 3022 sequeris
1636 2962 1818 3008 autem
1866 2959 2074 3023 postea.
2120 2970 2138 3003 ι

568 3044 684 3102 Nisi
731 3044 876 3099 enim
919 3041 1067 3098 Petri
1116 3051 1352 3097 mortem
1409 3045 1465 3097 in
1521 3045 1608 3099 his
1659 3044 1845 3099 verbis
1893 3042 2146 3098 Christus

575 3136 732 3193 nobis
771 3135 1159 3201 subinnueret,
1187 3149 1350 3204 quam
1385 3135 1457 3189 ob
1484 3151 1707 3191 causam
1747 3135 1814 3188 ad
1849 3134 2014 3188 unius
2047 3132 2144 3188 Pc-

2251 2029 2355 2099 ἐφη
2388 2030 2480 2083 τὸν
2517 2031 2581 2083 ἐκ
2623 2028 2759 2083 Θεοῦ
2803 2030 3018 2102 Πατρὸς
3072 2031 3165 2084 καὶ
3193 2031 3250 2085 ὲν
3277 2031 3396 2103 Θεῷ
3445 2032 3577 2086 ὅντα
3627 2032 3821 2101 Λόγον,

2247 2124 2562 2194 σπέρματος
2596 2124 2844 2196 Ἀϐραὰμ
2875 2124 3286 2195 ἐπιδράξασθαι,
3306 2125 3392 2178 ἵνα
3413 2125 3498 2178 διά
3526 2124 3620 2178 τοῦ
3657 2124 3826 2179 θανά-

2243 2232 2338 2267 του
2369 2214 2469 2284 τῆς
2498 2215 2661 2284 ἁγίας
2689 2215 2891 2286 σαρκὸς
2943 2218 3264 2286 καταργήσῃ
3302 2217 3394 2270 τὸν
3428 2216 3656 2270 θάνατον
3677 2258 3692 2282 ,
3730 2218 3824 2268 καὶ

2245 2308 2528 2380 ἀπαλλάξῃ
2574 2309 2801 2372 τούτους
2827 2347 2841 2372 ,
2877 2309 2993 2362 ὅσοι
3039 2308 3189 2379 φόϐῳ
3230 2309 3461 2362 Θανάτου
3491 2310 3580 2362 διὰ
3618 2310 3824 2374 παντὸς

2241 2396 2337 2449 τοῦ
2366 2397 2464 2469 ζῇν
2499 2396 2675 2468 ἔνοχοι
2710 2393 2851 2469 ἦσαν
2893 2397 3156 2460 δουλείας.
3199 2397 3396 2470 Πρώτη
3443 2397 3552 2470 γὰρ
3591 2399 3823 2453 θανάτου

2242 2485 2414 2552 λύσις,
2437 2487 2499 2540 τὸ
2521 2490 2791 2560 σωτήριον
2813 2489 3004 2553 πάθος,
3039 2489 3134 2544 καὶ
3179 2490 3322 2562 ἀρχὴ
3369 2493 3482 2554 τοῖς
3516 2492 3704 2560 ἁγίοις,
3724 2491 3826 2563 τῆς

2242 2582 2363 2632 κατ’
2397 2580 2564 2633 αὑτοῦ
2587 2581 2812 2649 γέγονεν
2837 2584 3148 2654 εὐτολμίας,
3182 2586 3214 2655 ἡ
3245 2585 3541 2649 ἀνάστασις
3567 2587 3662 2640 τοῦ
3689 2588 3826 2659 Χρι-

2245 2671 2395 2726 στοῦ.
2437 2670 2605 2726 Οὑπω
2644 2673 2825 2727 τοίνυν
2871 2677 3304 2747 καταργησάσης
3339 2678 3431 2732 τὸν
3462 2678 3692 2734 θάνατον
3722 2679 3828 2750 τῆς

2245 2761 2388 2820 κατά
2414 2763 2576 2832 φύσιν
2602 2762 2768 2835 ζωῆς,
2795 2768 2931 2837 μήτε
2962 2769 3070 2838 μὴν
3095 2769 3510 2841 συνθραυσάσης
3532 2771 3622 2826 τὸν
3643 2771 3701 2837 ἐξ
3728 2773 3830 2826 αὑ-

2246 2855 2340 2911 τοῦ
2366 2859 2488 2921 ταῖς
2510 2859 2810 2929 ἡμετέραις
2840 2859 3043 2930 ψυχαῖς
3081 2861 3426 2930 ἐμπίπτοντα
3449 2863 3633 2931 φόϐον,
3660 2864 3828 2917 ἀσθε-

2246 2950 2497 3021 νέστεροί
2525 2967 2644 3016 πως
2680 2951 2760 3005 ἔτι
2805 2953 2942 3024 πρὸς
2985 2952 3264 3017 κινδύνους
3305 2951 3445 3025 ἦσαν
3477 2958 3524 3009 ot
3561 2956 3826 3028 μαθηταί.

2249 3039 2348 3092 Διά
2377 3041 2534 3093 τοῦτο
2572 3043 2870 3114 χαριέντως
2906 3045 2934 3097 6
2981 3043 3206 3114 Κύριος,
3249 3045 3332 3097 ὅτι
3382 3046 3858 3119 σταυρωθήσεται.

2250 3132 2391 3186 κατά
2420 3134 2648 3205 καιροὺς
2673 3135 2701 3186 6
2731 3136 2935 3207 Πέτρος
2956 3177 2971 3200 ,
2995 3136 3196 3206 ἕψεταί
3216 3154 3276 3189 τε
3307 3139 3447 3192 κατὰ
3490 3137 3650 3192 τοῦτο
3678 3141 3830 3210 αὐτῷ

576 3229 640 3284 tri
679 3242 968 3299 personam
997 3243 1307 3283 sermonem
1344 3230 1637 3292 convertit,
1671 3243 1797 3281 cum
1847 3227 1970 3282 aliis
2014 3241 2143 3282 san-

2256 3224 2619 3290 συνεπινεύει,
2635 3227 2728 3279 καί
2757 3243 2942 3296 φησιν’
2973 3226 3126 3283 ι”Οτι
3143 3227 3200 3281 δέ
3211 3228 3327 3282 νυνὶ
3345 3229 3479 3300 πρὸς
3490 3229 3676 3298 ἀγῶνα
3691 3232 3832 3295 τέως

568 3323 674 3377 ctis
719 3321 1010 3391 discipulis
1064 3321 1365 3391 promissio
1407 3319 1549 3373 facta
1587 3319 1660 3373 sit
1715 3326 2146 3373 conversaturos

568 3420 624 3466 et
650 3419 937 3467 secuturos
963 3427 1113 3475 eum,
1151 3409 1580 3466 resurrectionis
1612 3407 1870 3462 nimirum
1903 3415 2149 3478 tempore

538 3506 811 3575 .reposita
845 3505 926 3560 eis
959 3511 1164 3559 aeterna
1199 3505 1334 3568 vita,
1366 3513 1419 3557 et
1451 3501 1611 3556 bonis
1642 3515 1765 3570 quae
1809 3501 2149 3570 sperantur?

568 3597 738 3668 Atqui
770 3595 1119 3652 manifestum
1153 3603 1239 3651 est
1268 3610 1392 3650 eum
1432 3603 1491 3647 ut
1531 3591 1694 3647 Petro
1729 3593 2057 3662 praenuntiat
2095 3591 2151 3646 id

575 3691 718 3762 quod
753 3691 801 3744 ei
859 3690 1071 3745 ultimis
1127 3688 1472 3758 temporibus
1521 3693 1847 3741 eventurum
1893 3691 2060 3752 esset,
2096 3683 2152 3739 id

576 3783 916 3852 arnigmatice
944 3781 1320 3836 subindicare.
1361 3778 1426 3831 Et
1463 3778 1683 3848 quidem
1722 3779 1865 3834 alias
1913 3778 2150 3846 idipsum

575 3872 780 3926 clarius
833 3871 1122 3937 indicavit,
1179 3871 1418 3925 dicens:
1469 3888 1488 3921 ι
1545 3868 1682 3923 Cum
1734 3884 1888 3923 esses
1940 3867 2150 3938 junior,

573 3960 835 4030 cingebas
874 3968 946 4023 te,
993 3967 1044 4014 et
1092 3959 1422 4012 ambulabas
1457 3957 1551 4011 ubi
1581 3957 1806 4013 volebas
1838 3975 1852 4012 :
1892 3972 2016 4012 cum
2049 3971 2152 4012 au-

575 4055 684 4102 tem
719 4049 994 4115 senueris,
1050 4049 1315 4104 extendes
1353 4063 1555 4105 manus
1608 4056 1756 4113 tuas,
1803 4058 1858 4104 et
1908 4049 2001 4102 alii
2037 4050 2154 4105 cin-

574 4151 706 4212 gent
731 4149 807 4205 te,
842 4149 898 4196 et
928 4142 1131 4196 ducent
1173 4152 1225 4195 te
1268 4157 1382 4212 quo
1435 4151 1490 4196 tu
1545 4157 1656 4196 non
1685 4143 1789 4198 vis.
1827 4140 1939 4198 Hoc
1970 4151 2151 4198 autem

575 4230 738 4297 dixit,
772 4231 974 4302 inquit,
1015 4231 1334 4303 signiﬁcans
1371 4247 1480 4302 qua
1528 4240 1703 4287 morte
1744 4232 2152 4289 clariﬁcaturus

575 4333 724 4379 esset
753 4324 918 4378 Deum
951 4324 1016 4378 ³⁸.
1067 4342 1086 4375 ι
1136 4323 1251 4378 Etsi
1294 4325 1440 4379 enim
1474 4321 1777 4392 jucundum
1817 4333 1902 4380 est
1945 4327 2152 4382 sanctis

578 4416 691 4484 pati
727 4430 826 4484 pro
864 4416 1113 4482 Christo,
1145 4417 1459 4485 periculum
1494 4425 1678 4471 tamen
1720 4432 1831 4472 non
1871 4418 2018 4474 ultro
2060 4434 2152 4473 ar-

579 4507 928 4572 cessendum,
967 4507 1066 4563 sed
1106 4506 1395 4563 ferendum
1423 4507 1780 4565 nihilominus
1810 4524 1936 4566 cum
1967 4511 2034 4564 ab
2061 4510 2154 4564 alio

2253 3315 2344 3368 τὸν
2372 3313 2623 3370 τοσοῦτον
2649 3318 2748 3370 οὐκ
2777 3317 3082 3390 ἄθραυστον
3110 3318 3222 3389 ἔχει
3251 3319 3345 3372 τὸν
3375 3319 3500 3373 νοῦν
3520 3361 3534 3386 ,
3574 3321 3833 3392 ὑποδηλοῖ

2249 3407 2462 3474 λέγων·
2497 3424 2516 3458 ι
2559 3407 2734 3460 Ὅπου
2790 3408 2901 3478 ἐγὼ
2957 3410 3193 3479 ὑπάγω,
3237 3412 3298 3463 οὑ
3342 3409 3572 3465 δύνασαί
3611 3428 3699 3481 μοι
3733 3412 3832 3465 νῦν

2251 3496 2637 3567 ἀκολουθῆσαι,
2676 3498 3066 3570 ἀκολουθήσεις
3099 3500 3156 3553 δὲ
3181 3500 3429 3571 ὕστερον.
3468 3518 3486 3552 ι
3517 3499 3576 3553 El
3607 3499 3715 3570 γάρ
3755 3501 3832 3571 μὴ

2251 3589 2342 3643 τὸν
2369 3590 2463 3643 τοῦ
2487 3591 2695 3662 Πέτρου
2719 3591 2947 3646 θανάτου
2973 3591 3086 3664 [πρ.
3108 3591 3356 3663 θάνατον]
3387 3593 3448 3645 ἐν
3467 3591 3674 3653 τούτοις
3696 3592 3834 3662 ἡμῖν

2253 3681 2281 3732 6
2312 3680 2546 3752 Χριστὸς
2582 3682 2930 3753 ὑπῃνίττετο,
2959 3682 3056 3736 τοῦ
3083 3682 3146 3755 δὴ
3171 3682 3352 3755 χάριν,
3380 3683 3559 3736 καίτοι
3588 3681 3695 3734 τῶν
3729 3682 3833 3736 ἆλ-

2252 3768 2357 3822 λων
2391 3770 2561 3837 ἁγίων
2583 3771 2896 3825 ἀποστόλων
2936 3773 3168 3842 ἐχόντων
3212 3776 3270 3826 ἐν
3301 3772 3591 3841 ὑποσχέσει
3614 3771 3676 3822 τὸ
3698 3787 3831 3823 συν-

2252 3861 2472 3916 έσεσθαί
2497 3881 2556 3917 τε
2585 3865 2681 3917 καὶ
2724 3865 3034 3919 ἀκολουθεῖν
3063 3863 3210 3934 αὐτῷ
3249 3864 3390 3917 κατὰ
3422 3865 3512 3917 τὸν
3553 3865 3652 3932 τῆς
3693 3865 3836 3917 ἀνα-

2255 3954 2498 4018 στάσεως
2523 3955 2764 4026 δηλονότι
2792 3957 2982 4028 καιρὸν
3007 3995 3022 4021 ,
3078 3955 3596 4025 ἀποκαθισταμένης
3643 3957 3836 4020 αὐτοῖς

2252 4048 2350 4117 τῆς
2373 4047 2651 4120 ἀκηράτου
2683 4048 2846 4120 ζωῆς,
2865 4050 2957 4102 καὶ
2995 4047 3102 4102 τῶν
3147 4049 3204 4099 ἐν
3244 4047 3454 4098 ἐλπίσιν
3479 4046 3723 4113 ἀγαθῶν,
3753 4051 3836 4112 είς

2257 4141 2417 4211 μόνον
2442 4141 2502 4194 τὸ
2527 4141 2621 4194 τοῦ
2645 4141 2852 4211 Πέτρου
2887 4140 3198 4209 πρόσωπον,
3230 4137 3329 4208 τὴν
3358 4136 3451 4189 τοῦ
3479 4136 3634 4204 λόγου
3666 4154 3832 4211 περι-

2258 4232 2436 4302 ίστησι
2471 4231 2729 4301 δύναμιν;
2768 4230 2904 4282 Ἀλλ’
2945 4229 3058 4281 ἐστι
3092 4229 3354 4298 πρόδηλον
3386 4230 3489 4292 ὅτι,
3525 4227 3603 4299 τῷ
3633 4230 3835 4302 Πέτρῳ

2255 4324 2639 4396 προαγγέλλων
2659 4323 2720 4375 τὸ
2746 4324 2803 4374 ἐν
2824 4321 3070 4390 ὑστέροις
3093 4321 3240 4392 αύτῷ
3263 4321 3676 4392 συμϐησόμενον
3699 4324 3832 4392 χρό-

2261 4433 2398 4478 νοις,
2427 4413 2840 4484 αίνιγματωδῶς
2867 4413 2970 4464 ὑπε
2981 4412 3220 4482 μφαίνει.
3241 4413 3352 4466 Καὶ
3374 4411 3503 4481 γοῦν
3527 4413 3595 4464 δι’
3627 4413 3834 4482 ἐτέρων

2257 4506 2592 4576 σαφέστερον
2632 4503 2762 4556 αὐτὸ
2792 4503 3093 4574 δεδήλωκεν
3118 4503 3288 4558 εἰπών
3314 4521 3326 4534 ·
3383 4523 3400 4556 ι
3443 4505 3572 4558 Ὂτε
3605 4499 3670 4574 ἧς
3698 4505 3833 4558 νεώα

579 4598 778 4667 quibus
808 4599 862 4653 vi
887 4613 952 4653 ac
991 4599 1323 4654 necessitate
1355 4599 1608 4655 infertur.
1649 4599 1861 4656 Idcirco
1899 4610 1954 4658 et
1991 4615 2143 4657 orare

2255 4614 2429 4667 τερος,
2463 4593 2726 4658 ἐζώννυες
2752 4596 2998 4662 σεαυτὸν,
3023 4597 3117 4651 καὶ
3140 4597 3491 4669 περιεπάτεις
3530 4596 3664 4649 ὅπου
3698 4594 3830 4665 ἤθει-

575 4691 751 4762 jubet,
780 4707 850 4747 ne
875 4692 928 4746 in
968 4692 1332 4748 tentationem
1366 4692 1693 4749 incidamus.

2257 4689 2367 4752 λες’
2403 4689 2532 4741 ὅταν
2568 4687 2624 4740 δέ
2653 4688 2924 4761 γηράσῃς,
2954 4690 3191 4752 ἐκτενεῖς
3235 4689 3333 4754 τὰς
3363 4689 3549 4761 χεῖράς
3581 4705 3695 4750 σου,
3733 4689 3830 4741 καὶ

579 4782 728 4837 ἄλλοι
768 4782 1000 4848 ζώσουσί
1044 4800 1124 4847 σε,
1167 4783 1264 4836 καὶ
1289 4783 1574 4837 ἀποίσουσί
1595 4801 1654 4836 σε
1683 4785 1818 4837 ὅπου
1858 4785 1920 4838 ού
1953 4783 2148 4847 θέλεις.
2186 4780 2357 4835 Τοῦτο
2385 4779 2440 4832 δὲ
2469 4775 2612 4845 εἷπε,
2638 4781 2790 4851 φησὶ,
2824 4781 3104 4852 σημαίνων
3163 4781 3302 4852 ποίῳ
3345 4782 3552 4853 θανάτῳ
3613 4779 3830 4844 δοξάσει

579 4871 671 4926 τὸν
697 4873 848 4926 Θεόν.
899 4892 918 4924 ›
964 4873 1024 4925 Εἰ
1055 4871 1163 4941 γάρ
1198 4873 1291 4926 καὶ
1314 4872 1461 4926 ἔστιν
1490 4873 1585 4944 ἡδὺ
1617 4876 1730 4938 τοῖς
1759 4873 1933 4943 ἁγίοις
1963 4875 2025 4928 τὸ
2053 4873 2284 4942 πάσχειν
2304 4870 2444 4942 ὑπὲρ
2469 4869 2730 4941 Χριστοῦ,
2787 4871 2899 4925 ἀλλ’
2928 4874 2956 4924 6
2989 4872 3234 4935 κίνδυνος
3291 4874 3353 4929 ού
3418 4873 3638 4943 θελητὸς
3705 4875 3828 4943 μὲν,

581 4965 816 5036 φορητὸς
844 4965 888 5018 δ’
910 4961 1003 5018 οὖν
1037 4966 1184 5034 ὅμως
1209 4965 1336 5018 ὅταν
1378 4965 1439 5030 ἐξ
1481 4966 1724 5038 ἀνάγκης
1763 4967 1925 5022 τινῶν
1959 4965 2308 5037 ἐπιφέρηται.
2334 4964 2433 5018 Διά
2481 4964 2639 5018 τοῦτο
2672 4965 2767 5017 καὶ
2832 4965 3158 5037 προστάττει
3237 4965 3670 5036 προσεύχεσθαι,
3743 4969 3830 5020 ἵνα

585 5055 660 5126 μὴ
681 5056 1010 5126 ἐμπέσωμεν
1042 5058 1122 5119 εἰς
1154 5056 1480 5127 πειρασμόν.

655 5143 798 5197 Dicit
837 5147 882 5198 ei
937 5144 1166 5200 Petrus:
1199 5145 1439 5211 Domine,
1493 5164 1657 5217 quare
1685 5165 1791 5203 non
1841 5163 2058 5218 possunt
2105 5155 2151 5202 te

580 5238 726 5308 sequi
751 5237 904 5292 modo
928 5239 953 5290 ?
976 5239 1211 5292 animam
1241 5255 1412 5293 meam
1439 5254 1533 5308 pro
1566 5249 1615 5293 te
1643 5255 1856 5309 ponam.

651 5410 795 5477 Quid
820 5411 1092 5481 prohibet,
1121 5413 1331 5483 inquit,
1359 5413 1659 5484 quominus
1690 5420 1951 5484 sequatur
1997 5413 2045 5470 is
2068 5415 2156 5469 cui

581 5517 685 5573 pro
715 5503 977 5573 magistro
1024 5505 1163 5560 mori
1205 5507 1544 5576 propositum
1576 5514 1680 5570 est,
1731 5507 1937 5576 quique
1987 5519 2050 5560 ea
2099 5521 2159 5561 re

582 5596 820 5652 maxime
847 5597 1156 5667 gloriatur?
1203 5599 1375 5654 Omne
1414 5601 1560 5655 enim
1592 5598 1920 5670 periculum,
1950 5607 2005 5653 et
2057 5599 2160 5653 im-

582 5687 761 5741 manis
811 5690 1260 5758 persequentium
1308 5691 1582 5762 tyrannis,
1609 5703 1832 5745 carnem
1887 5689 2150 5746 duntaxat

655 5865 698 5896 ³⁷
733 5863 898 5921 Hebr.
935 5883 988 5934 ι,
1041 5867 1224 5923 15-18.
1304 5866 1345 5899 ³⁸
1376 5863 1535 5921 Joan.
1585 5832 1710 5930 χιιι,
1755 5865 1840 5923 18.
1882 5867 1963 5922 l9.

2323 5142 2493 5212 Λέγει
2531 5144 2691 5209 αὐτῷ
2719 5146 2751 5196 ὀ
2781 5142 2998 5211 Πέτρος
3021 5157 3034 5173 ·
3067 5143 3263 5211 Κύριε,
3293 5143 3449 5198 διατι
3475 5145 3546 5197 οὐ
3570 5143 3832 5215 δύναμαι

2253 5249 2354 5288 σοι
2386 5235 2504 5290 νῦν
2533 5235 2948 5304 ἀκολουθῆσαι
2969 5253 2988 5301 ;
3015 5237 3131 5304 τὴν
3149 5235 3359 5305 ψυχήν
3381 5253 3498 5306 μου
3525 5235 3681 5304 ὑπὲρ
3709 5236 3826 5290 σοῦ

2254 5327 2442 5393 θήσω.

2325 5418 2389 5470 Τί
2417 5419 2478 5472 τὸ
2510 5418 2738 5483 κωλύον,
2765 5420 2950 5489 φησὶν,
2978 5421 3009 5489 ἢ
3044 5420 3096 5472 τί
3124 5419 3184 5472 τὸ
3215 5419 3456 5490 ἐξεῖργον
3488 5418 3822 5479 ἀκολουθεῖν,

2253 5509 2344 5562 τὸν
2453 5510 2811 5581 προτεθνάναι
2843 5509 2936 5563 τοῦ
2983 5510 3301 5564 διδασκάλου
3355 5511 3577 5576 σκοπὸς,
3632 5510 3728 5562 καὶ
3768 5510 3825 5561 ἐν

2255 5603 2608 5672 καυχήματος
2639 5601 2789 5667 τάξει
2809 5603 3115 5672 λελόγισται
3147 5620 3160 5667 ;
3217 5602 3383 5664 Τέλος
3425 5602 3520 5671 μὲν
3565 5600 3674 5670 γὰρ
3706 5615 3822 5652 κινε-

2255 5690 2410 5746 δύνου
2435 5695 2653 5761 παντὸς,
2689 5697 2784 5751 καὶ
2805 5696 2865 5750 τὸ
2889 5697 3188 5767 ἀκρότατον
3219 5693 3406 5766 ὥσπερ
3439 5695 3536 5766 τῆς
3562 5689 3670 5748 τῶν
3699 5691 3828 5748 διωο
