4076 6270
364 425 464 481 Ιῖὅ

1381 413 1446 468 IN
1482 412 1765 470 JOANNIS
1803 410 2253 469 EVANGELIUM
2293 410 2421 467 LIB.
2460 410 2549 466 IX.

3519 421 3616 477 l7-i

361 539 568 593 κόντων
598 533 888 589 ἀτιθάσσου
921 529 1256 595 πλεονεξίας,
1288 530 1449 602 μέχρι
1484 529 1650 603 μόνης
1677 531 1936 601 στήσεται

2042 527 2283 597 respicit,
2313 542 2462 583 mors
2501 527 2649 582 enim
2679 525 2944 584 adversus
2970 543 3089 583 eam
3117 547 3131 594 ;
3194 531 3288 601 qui
3322 547 3450 588 vero
3482 536 3622 591 mori

361 630 463 698 τῆς
492 626 688 697 σαρκός
710 642 724 656 ⁵
751 625 869 677 κατ’
901 624 1075 693 αὐτῆς
1106 623 1215 694 γὰρ
1245 626 1274 677 6
1312 623 1569 687 θάνατος’
1623 626 1653 676 6
1698 622 1755 676 δέ
1801 623 1938 692 πρὸς

366 721 518 777 τοῦτο
561 720 794 789 ἑτοίμως
831 716 969 787 ἔχων
996 715 1098 788 ήδη
1158 718 1254 771 καὶ
1305 715 1783 784 διεσκευασμένος,
1833 714 1939 767 ὑπὸ

364 815 502 877 τίνος
525 812 590 866 ἂν
618 808 996 872 διακωλύοιτο,
1027 809 1213 878 φησὶν,
1236 808 1482 881 ἀπολέσῃ
1514 807 1570 861 δέ
1594 806 1712 870 πῶς
1729 806 1789 860 τὸ
1817 806 1941 860 σύν-

360 920 512 960 τονον
540 902 799 975 φρόνημα
842 901 972 972 περὶ
994 900 1056 953 τὸ
1088 900 1285 973 χρῆναι
1322 899 1544 963 πάντως
1588 896 1938 959 ἀκολουθεῖν;

358 993 683 1067 Θερμοτάτη
718 994 816 1065 μὲν
841 991 951 1062 γάρ
980 994 1016 1062 ή
1050 990 1330 1063 προθυμία
1366 989 1462 1044 τοῦ
1493 990 1726 1062 Πέτρου,
1757 989 1852 1043 καὶ
1879 987 1941 1041 τὸ

360 1087 458 1158 τῆς
486 1086 832 1157 ὑποσχέσεως
855 1084 1055 1155 μέτρον
1094 1081 1452 1137 πλεονεκτοῦν
1472 1099 1485 1112 ·
1518 1082 1578 1135 ού
1620 1080 1821 1153 μικρὰν
1840 1080 1939 1150 τὴν

361 1179 589 1233 ἐνοῦσαν
614 1176 765 1248 αὑτῷ
795 1177 1023 1247 δύναμιν
1069 1174 1349 1245 θεωρήσαι
1390 1191 1474 1238 τις
1509 1174 1596 1237 ἂν,
1654 1172 1854 1244 μᾶλλον
1881 1173 1939 1225 δέ

360 1272 455 1326 καὶ
479 1270 661 1326 αὐτῶν
688 1270 1035 1343 πραγμάτων
1066 1266 1260 1339 ἤλεγξε
1286 1268 1345 1321 τὸ
1369 1266 1541 1329 τέλος.
1578 1264 1725 1335 Πλὴν
1763 1265 1940 1318 ἐκεῖνο

359 1362 719 1417 διασκεπτέον
741 1379 755 1395 ο
788 1359 886 1413 τοῦ
924 1359 1036 1431 γὰρ
1085 1359 1335 1429 Σωτῆρος
1382 1356 1541 1428 ἡμῶν
1573 1355 1811 1427 Χριστοῦ
1840 1354 1938 1425 τὴν

360 1456 442 1516 είς
468 1452 736 1524 οὐρανοὺς
770 1451 1129 1520 ἀναφοίτησιν
1156 1450 1267 1504 ἄνω
1295 1448 1822 1519 κατασημαίνοντος,
1843 1447 1939 1500 nni.

359 1544 442 1598 ὃτι
477 1541 578 1613 μὲν
610 1541 705 1596 νῦν
738 1541 837 1613 οὐχ
861 1540 1053 1611 ἕψεται
1097 1539 1348 1606 λέγοντος
1372 1577 1389 1601 ,
1445 1537 1833 1607 ἀκολουθήσειν
1877 1554 1940 1604 γε

362 1632 471 1704 μὴν
501 1631 640 1704 μετά
672 1632 849 1685 ταῦτα
871 1671 887 1695 ,
930 1628 1313 1701 πληρωθείσης
1356 1626 1521 1682 αὐτοῦ
1559 1627 1802 1699 δηλονότι
1839 1627 1938 1698 τῆς

2040 618 2154 688 jam
2188 629 2414 688 paratus
2458 626 2563 684 est,
2596 633 2626 672 a
2661 634 2903 690 quonam
2956 621 3364 692 prohibebitur,
3423 627 3621 697 inquit,

2046 708 2322 779 quomodo
2362 707 2631 778 sequendi
2693 708 2993 764 vehemens
3047 709 3292 767 studium
3360 713 3625 785 abjiciet?

2048 799 2126 854 Ex
2169 799 2578 855 ferventissimo
2632 800 2904 871 siquidem
2965 800 3114 859 Petri
3169 803 3381 873 studio,
3443 814 3498 862 et
3555 823 3625 863 ex

2048 892 2388 948 abundantia
2422 893 2608 950 cordis
2653 902 2975 966 erumpente
3005 897 3393 966 promissione,
3443 904 3621 955 maxi-

2047 999 2193 1039 mam
2259 985 2309 1040 ei
2347 985 2456 1039 vim
2526 985 2749 1040 insitam
2806 986 3263 1057 deprehenderis,
3322 997 3378 1045 et
3436 1005 3620 1047 rerum

2048 1078 2291 1147 ipsarum
2329 1077 2490 1132 finem
2538 1078 2870 1147 conjeceris.
2924 1076 3317 1137 Verumtamen
3365 1083 3623 1139 conside.—

2047 1170 2278 1225 randum
2320 1178 2405 1225 est
2449 1171 2595 1240 quod
2642 1185 2767 1225 cum
2827 1168 3090 1227 Servator
3148 1180 3338 1229 noster
3380 1175 3622 1231 reditum

2048 1276 2210 1317 suum
2271 1260 2338 1317 ad
2370 1263 2541 1319 caelos
2608 1277 2776 1333 supra
2811 1262 3107 1335 significet,
3165 1274 3221 1320 et
3272 1280 3622 1337 nequaquam

2046 1360 2362 1406 secuturum
2394 1366 2454 1407 se
2488 1352 2641 1406 illum
2695 1351 2862 1416 dicat,
2906 1361 3227 1409 secuturum
3255 1362 3439 1413 tamen
3468 1367 3623 1427 post-

2044 1458 2127 1505 ea,
2171 1444 2395 1513 impleta
2434 1442 2647 1500 scilicet
2695 1459 2796 1501 sua
2852 1445 3137 1512 missione,
3186 1452 3437 1518 tempore
3486 1464 3619 1506 ροη-

2045 1549 2183 1604 gruo
2214 1543 2436 1589 sanctos
2470 1532 2527 1587 in
2566 1547 2864 1604 supernam
2897 1536 3174 1591 civitatem
3208 1545 3459 1603 vocante,
3503 1539 3623 1609 ipse

2048 1622 2113 1677 ad
2144 1623 2390 1693 pericula
2427 1620 2718 1678 subeunda
2768 1631 3024 1693 paratum
3063 1641 3123 1681 se
3152 1641 3276 1681 esse
3305 1627 3619 1694 denuntiat,

358 1723 693 1792 ἀποστολῆς,
716 1720 910 1791 καιροῦ
935 1721 1029 1775 τοῦ
1061 1721 1361 1792 πρέποντος
1388 1721 1481 1772 ἐπὶ
1517 1721 1617 1790 τὴν
1647 1719 1759 1775 ἀνω
1785 1718 1938 1773 πόλιν

2046 1713 2155 1768 alio
2183 1714 2333 1770 velut
2357 1712 2643 1785 abreptus,
2679 1728 2781 1770 nec
2808 1724 3016 1770 rectam
3073 1716 3240 1788 758
3284 1732 3473 1773 eorum
3500 1735 3623 1791 quae

353 1814 459 1879 τὰς
506 1814 617 1868 τῶν
672 1813 844 1882 ἁγίων
878 1813 1169 1875 καλοῦντος
1213 1810 1479 1881 κεφαλὰς,
1530 1809 1764 1880 ἑτοίμως
1794 1810 1939 1882 ἔχειν

358 1905 544 1969 αὐτὸς,
576 1904 673 1959 καὶ
709 1902 1148 1974 προκινδυνεύειν
1176 1901 1720 1974 ὲπαγγέλλεται,τὴν
1746 1902 1940 1974 ἑτέραν

358 1995 549 2067 ὥσπερ
573 1989 731 2066 οἶμον
759 1993 877 2061 ἰὼν,
909 1995 1004 2048 καὶ
1039 1993 1115 2066 μὴ
1159 1993 1279 2049 κατ’
1325 1993 1455 2048 εὐθὺ
1491 1994 1598 2046 τῶν
1633 1992 1940 2063 λεγομένων

361 2087 653 2160 ἐρχόμενος
689 2086 790 2157 τὴν
823 2085 1083 2141 διάνοιαν.
1121 2080 1289 2157 Οἶμαι
1318 2084 1375 2138 δὲ
1401 2085 1511 2140 δεῖν
1552 2086 1611 2138 ἐν
1653 2085 1832 2155 λόγοις
1863 2086 1941 2138 εί-

362 2181 507 2242 πεῖν,
540 2177 692 2232 οῦπω
721 2179 836 2242 τοῖς
876 2177 1190 2250 εἰρημένοις
1219 2176 1461 2248 ἀκριϐῶς
1506 2178 1808 2249 ἐπιστήσας
1850 2177 1941 2231 τὸν

365 2267 513 2330 νοῦν,
550 2266 719 2320 οἴεται
756 2266 899 2337 τάχα
924 2282 1027 2320 που
1060 2266 1156 2319 τὸν
1182 2265 1410 2338 Κύριον,
1441 2266 1475 2337 ἢ
1504 2266 1642 2336 πρός
1662 2284 1814 2331 τινας
1831 2266 1940 2321 τῶν

365 2357 512 2412 κατά
538 2356 635 2429 τὴν
673 2358 930 2412 Ἰουδαίαν
966 2357 1312 2429 ἀγριωτέρας
1341 2357 1695 2430 διαδήσεσθαι
1723 2358 1937 2431 κώμας,

366 2449 402 2518 ἢ
428 2449 523 2502 καὶ
548 2449 628 2513 εἰς
647 2447 858 2521 ἐτέρους
872 2448 1121 2520 οἴχεσθαι
1147 2449 1331 2513 λαοὺς,
1356 2449 1407 2502 οἳ
1435 2449 1690 2506 τοσοῦτον
1711 2450 1769 2515 ἐξ
1785 2453 1940 2522 ἀκρι-

370 2539 499 2605 ϐοῦς
525 2541 694 2613 ἀκοῆς
728 2540 1200 2595 ἀποδιακείσονται
1236 2541 1374 2614 πρὸς
1397 2541 1468 2596 τὰ
1491 2542 1622 2614 παρ’
1651 2543 1816 2597 αὐτοῦ
1840 2546 1941 2615 ρη-

368 2630 629 2702 θήσεσθαι
647 2631 929 2703 μέλλοντα,
950 2632 1025 2697 ὡς
1051 2632 1225 2703 μικρά
1253 2632 1352 2703 μὲν
1374 2632 1569 2705 κομιδῇ
1593 2634 1728 2706 πρὸς
1744 2634 1813 2689 τά
1834 2635 1942 2690 τῶν

362 2723 536 2778 ἄλλων
580 2724 846 2778 Ἰουδαίων
871 2724 1201 2795 τολμήματα
1218 2740 1233 2754 ·
1258 2723 1394 2779 πολὺ
1419 2724 1477 2779 δὲ
1505 2725 1628 2780 λίαν
1653 2727 1944 2799 ἡμερωτά-

360 2831 460 2884 την
479 2813 579 2884 τὴν
621 2812 853 2868 ἐνοῦσαν
888 2815 1003 2878 τοῖς
1034 2811 1349 2886 Φαρισαίοις
1394 2813 1674 2881 ἀποδεῖξαι
1720 2813 1939 2885 μανίαν.

359 2905 542 2961 Διάτοι
574 2908 736 2960 τοῦτο
769 2905 1269 2978 κατακολουθήσειν
1286 2907 1745 2980 ἀπαραποδίστως
1767 2909 1943 2975 ἐπαγ-

361 2996 635 3066 γέλλεται,
662 2996 784 3068 ούχὶ
809 2993 904 3052 οὖν
930 2996 1185 3052 τεθνάναι
1215 2997 1396 3069 μόνον,
1424 2997 1541 3053 ἀλλ’
1565 2999 1613 3051 εί
1641 3000 1735 3052 καὶ
1758 2998 1943 3052 τεθνά-

2043 1802 2371 1859 dicebantur
2404 1820 2631 1861 sensum
2662 1813 2975 1861 assecutus.
3001 1806 3159 1873 Quod
3194 1808 3415 1878 quidem
3471 1811 3624 1866 arbi-

2041 1902 2160 1950 tror
2206 1910 2330 1951 eum
2395 1896 2604 1961 dicere,
2674 1895 2822 1967 quod
2876 1913 3002 1951 cum
3057 1899 3299 1954 nondum
3364 1909 3624 1958 accurate

2040 1982 2260 2038 Domini
2315 1985 2666 2040 sermonibus
2723 1986 2969 2040 animum
3026 1988 3410 2058 applicuisset,
3495 2005 3620 2046 eum

2043 2075 2232 2132 forsan
2283 2078 2512 2149 putabat
2558 2077 2641 2133 vel
2690 2078 2758 2133 ad
2805 2077 3145 2137 eﬂ'eratiores
3204 2079 3409 2137 Judaaae
3446 2097 3620 2154 pagos

2044 2167 2429 2232 transiturum,
2469 2168 2555 2224 vel
2608 2168 2676 2223 ad
2730 2169 2873 2224 alios
2930 2170 3163 2241 populos
3228 2173 3617 2244 migraturum,

2042 2260 2136 2330 qui
2187 2259 2308 2332 ejus
2342 2262 2698 2318 sermonibus
2757 2262 2840 2318 sic
2892 2263 3256 2334 exasperandi
3315 2273 3524 2331 essent,
3560 2275 3621 2321 ut

2041 2367 2233 2407 eorum
2310 2353 2569 2420 audacia,
2615 2362 2945 2410 cancrorum
3010 2354 3323 2412 Judaeorum
3372 2356 3619 2413 audacia:

2043 2452 2359 2515 comparata
2391 2460 2561 2515 parva
2603 2460 2727 2502 esse
2772 2447 3073 2513 videretur,
3109 2456 3165 2503 et
3215 2447 3616 2506 Pharisaeorum

2042 2534 2201 2591 furor
2236 2537 2395 2607 longe
2428 2536 2755 2593 mitissimus
2786 2547 3091 2609 appareret.
3127 2539 3421 2610 Propterea
3459 2555 3619 2599 secu-

2044 2635 2227 2684 turum
2262 2645 2322 2686 se
2351 2630 2585 2686 omnino
2615 2631 2930 2702 pollicetur,
2978 2647 3089 2687 non
3130 2632 3295 2689 modo
3327 2633 3465 2689 mori
3505 2649 3617 2690 non

2043 2720 2382 2787 detrectans,
2411 2722 2507 2778 sed
2538 2722 2584 2779 si
2617 2723 2960 2780 moriendum
2997 2722 3089 2789 sit,
3120 2735 3344 2782 strenue
3388 2725 3441 2781 id
3476 2727 3619 2782 arri-

2044 2812 2217 2882 piens.
2256 2812 2447 2868 Simile
2472 2812 2754 2885 quidpiam
2787 2822 2841 2870 et
2886 2815 2942 2870 in
3004 2816 3386 2887 superioribus
3435 2818 3621 2874 videre

2045 2904 2189 2960 licet.
2242 2904 2499 2962 Christus
2553 2905 2685 2960 olim
2721 2903 3036 2963 Iudaeorum
3074 2909 3354 2964 vesaniam
3413 2918 3468 2966 et
3524 2910 3620 2967 ira:

2044 2997 2426 3070 impotentiam
2477 3012 2544 3053 ac
2578 2997 2779 3070 linguae
2835 2999 3193 3070 petulantiam
3246 2999 3521 3067 devitans,
3561 3002 3617 3056 in

365 3105 451 3143 ναι
486 3088 670 3160 δεήσει
697 3090 772 3161 μὴ
806 3089 1109 3145 κατοκνῶν.
1149 3090 1302 3160 Ἔχει
1332 3089 1391 3143 δέ
1428 3090 1604 3160 τούτῳ
1645 3088 1938 3162 παραπλη-

2042 3090 2265 3147 Galilaea
2319 3091 2591 3162 degebat,
2640 3092 2828 3163 ibique
2883 3094 3061 3149 multa
3123 3095 3393 3150 miracula
3446 3096 3617 3152 edens

364 3183 513 3247 σίως,
542 3183 637 3237 καὶ
667 3185 725 3237 ἐν
757 3185 871 3247 τοῖς
902 3182 1179 3254 ἀνωτέρω,
1197 3183 1291 3238 καὶ
1307 3184 1429 3239 ὅποι
1447 3182 1608 3238 πάλιν
1637 3183 1767 3255 ἐρῶ.
1790 3184 1941 3255 Παρ-

362 3276 679 3348 αιτούμενος
724 3276 837 3348 γάρ
884 3293 1015 3331 ποτε
1046 3276 1147 3343 τὰς
1191 3275 1300 3332 τῶν
1354 3272 1623 3331 Ἰουδαίων
1687 3277 1942 3349 ἀποπλη-

363 3369 502 3436 ξίας,
528 3369 623 3423 καλ⁸
642 3367 707 3422 τὸ
738 3369 977 3438 ἀκρατὲς
1002 3367 1098 3421 τοῦ
1126 3366 1324 3437 θυμοῦ,
1353 3369 1445 3422 καὶ
1477 3368 1538 3421 τὸ
1557 3367 1658 3438 τῆς
1688 3364 1940 3437 γλώττης

361 3458 612 3529 ἐξήνιον,
657 3460 771 3521 τοῖς
819 3457 963 3512 κατά
1015 3458 1115 3529 τὴν
1169 3457 1458 3512 Γαλιλαίαν
1506 3454 1937 3529 ἐπεχωρίαζενὸ

363 3550 621 3620 Χριστὸς,
651 3548 823 3603 πολλά
853 3566 914 3602 τε
942 3551 1073 3620 παρ’
1109 3549 1339 3612 ἐκείνοις
1367 3548 1746 3619 τερατουργῶν
1772 3546 1932 3600 ἐθαυ-

367 3640 592 3709 μάζετο.
631 3638 853 3709 Ἐπειδὴ
866 3639 922 3692 δέ
944 3640 973 3691 6
1006 3640 1105 3709 τῆς
1131 3640 1368 3711 Μαριὰμ
1391 3639 1486 3692 καὶ
1520 3640 1549 3692 6
1580 3639 1678 3709 τῆς
1706 3636 1938 3708 Μάρθας

364 3730 629 3800 τέθνηκεν
659 3729 907 3799 ἀδελφὸς,
933 3731 1077 3801 φημι
1103 3730 1169 3801 δὴ
1188 3730 1276 3784 τὸν
1299 3729 1567 3798 Λάζαρον,
1608 3728 1749 3796 έγνω
1777 3726 1938 3782 πάλιν

364 3819 439 3883 ὡς
467 3819 621 3884 Θεὸς,
645 3816 764 3873 εἶτα
783 3821 930 3885 λέγει
958 3823 1068 3885 τοῖς
1094 3821 1360 3893 μαθηταῖς
1380 3838 1392 3850 ’
1419 3839 1437 3871 ι
1462 3819 1711 3892 Λάζαρος
1734 3821 1762 3874 6
1787 3819 1937 3889 φίλος

373 3913 527 3985 ήμῶν
555 3914 901 3985 κεκοίμηται,
935 3914 1071 3969 ἀλλά
1098 3913 1401 3985 πορεύομαι
1430 3912 1520 3967 ἵνα
1550 3912 1821 3977 ἐξυπνίσω
1839 3912 1937 3966 αὐ-

360 4006 477 4059 τόν.
522 4023 542 4056 »
575 4006 718 4076 Πρὸς
740 4005 798 4059 δὲ
834 4005 996 4060 τοῦτό
1029 4023 1192 4076 φασιν
1222 4005 1280 4072 ἐξ
1310 4006 1531 4077 ἀγάπης
1559 4005 1609 4058 οί
1659 4003 1931 4077 μαθηταί·

368 4116 389 4150 ι
422 4093 536 4152 Νῦν
572 4096 799 4170 ἐζήτουν
830 4115 891 4152 σε
947 4098 1190 4153 Ἰουδαῖοι
1233 4098 1486 4162 λιθάσαι,
1514 4098 1609 4153 καὶ
1640 4096 1802 4152 πάλιν
1831 4097 1936 4150 ὑπ-

365 4188 516 4258 άγεις
537 4190 657 4244 ἐκεῖ
679 4206 693 4255 ;
735 4208 754 4242 ι
814 4190 1204 4262 Ἀνισταμένου
1236 4190 1294 4244 δέ
1313 4191 1407 4245 τοῦ
1434 4189 1673 4260 Χριστοῦ
1695 4231 1710 4255 ,
1753 4189 1848 4244 καὶ
1874 4188 1936 4242 τδ

359 4282 553 4353 χρῆναι
584 4282 803 4346 πάντως
843 4283 936 4336 ἐπὶ
980 4283 1078 4354 τὴν
1116 4281 1224 4336 τῶν
1267 4283 1538 4337 Ἰουδαίων
1571 4282 1937 4353 ὑπονοστῆσαι

358 4372 545 4443 χώραν
570 4372 1019 4443 διακελευομένου
1051 4391 1110 4427 τε
1136 4376 1231 4427 καὶ
1257 4373 1530 4443 λέγοντος,
1565 4374 1769 4445 Θωμᾶς
1795 4375 1824 4427 6
1848 4373 1935 4427 λε-

2041 3183 2392 3239 admirationi
2440 3186 2659 3241 cunctis
2714 3192 2852 3240 erat.
2897 3184 3115 3242 Mortuo
3171 3202 3301 3242 vero
3347 3186 3531 3241 Mariae
3563 3199 3620 3243 et

2042 3274 2268 3329 Marthae
2298 3274 2472 3331 fratre
2513 3274 2746 3340 Lazaro,
2781 3276 2835 3332 id
2862 3292 3059 3334 rursus
3082 3279 3307 3349 agnovit
3341 3285 3402 3333 ut
3449 3277 3613 3341 Deus,

2040 3366 2271 3436 suisque
2305 3364 2598 3438 discipulis
2626 3366 2768 3422 dixit
2797 3385 2810 3421 :
2850 3387 2869 3419 ι
2907 3367 3150 3424 Lazarus
3182 3369 3394 3424 amicus
3429 3378 3618 3424 noster

2039 3460 2280 3527 dormit,
2315 3460 2408 3517 sed
2463 3458 2604 3515 vado
2658 3469 2775 3515 uta
2808 3476 3005 3517 somno
3057 3463 3290 3517 excitem
3330 3476 3457 3518 eum
3484 3462 3550 3518 ³⁸.
3592 3484 3611 3516 ι

2038 3553 2118 3607 Ad
2151 3552 2299 3624 quod
2329 3552 2586 3623 discipuli
2625 3568 2737 3623 pra:
2766 3551 3037 3623 singulari
3065 3567 3195 3624 erga
3226 3568 3353 3610 eum
3385 3554 3570 3610 studio
3599 3575 3611 3609 :

2042 3665 2061 3699 ι
2102 3646 2262 3703 modo
2293 3647 2612 3717 quaerebant
2657 3657 2712 3700 te
2758 3643 2931 3700 Judaei
2987 3644 3254 3717 lapidare,
3310 3653 3366 3703 et
3415 3647 3613 3702 iterum

2038 3739 2193 3794 vadis
2220 3737 2463 3793 illuc“?
2497 3755 2517 3790 ι
2568 3736 2813 3793 Instante
2853 3750 2984 3792 vero
3019 3736 3263 3802 Christo,
3294 3744 3350 3794 et
3380 3737 3614 3794 redeun-

2037 3828 2165 3884 dum
2206 3843 2331 3884 esse
2354 3826 2409 3883 in
2437 3825 2680 3882 Judaaam
2713 3825 2938 3880 omnino
2966 3823 3188 3881 dicente
3246 3840 3312 3882 ac
3359 3825 3612 3897 iubente,

2037 3920 2279 3978 Thomas
2317 3920 2411 3993 qui
2437 3918 2722 3976 dicebatur
2755 3917 3040 3991 Didymus,
3073 3918 3200 3974 aliis
3219 3917 3615 3990 condiscipulis

2039 4012 2215 4067 dixit:
2255 4029 2274 4063 ι
2314 4010 2520 4065 Eamus
2546 4016 2601 4064 et
2630 4023 2751 4076 nos,
2802 4019 2866 4064 ut
2892 4009 3200 4065 moriamur
3234 4024 3361 4064 cum
3393 4024 3460 4065 eo
3483 4011 3549 4064 "‘.
3589 4029 3608 4063 ι

2036 4104 2240 4161 Eodem
2275 4112 2530 4175 spectare
2573 4101 2721 4158 Petri
2757 4116 3067 4158 sermonem
3115 4100 3377 4157 arbitror.
3412 4100 3615 4157 Existi-

2038 4204 2150 4251 mat
2183 4197 2328 4253 enim
2354 4194 2565 4259 forsan,
2592 4202 2648 4250 et
2666 4192 2783 4265 jam
2820 4192 2933 4249 dixi
2963 4201 3152 4260 antea,
3192 4191 3403 4257 Jesum,
3433 4192 3615 4248 abitu-

2037 4305 2160 4344 rum
2186 4304 2330 4356 esse,
2372 4297 2431 4343 ut
2458 4287 2604 4358 apud
2654 4286 2796 4342 alios
2830 4285 3112 4357 praedicet,
3146 4285 3289 4356 apud
3322 4299 3464 4355 quos
3512 4283 3614 4339 im-

2040 4382 2245 4436 mineat
2268 4382 2318 4435 ei
2349 4379 2692 4451 periculum:
2724 4376 2957 4447 ideoque
3005 4379 3122 4448 ipse
3152 4384 3301 4432 totus
3332 4376 3386 4430 in
3432 4375 3615 4430 chari-

357 4464 592 4534 γόμενος
651 4466 880 4536 Δίδυμος
935 4470 1048 4531 τοῖς
1099 4466 1308 4539 ἑτέροις
1355 4466 1460 4538 ἔφη
1507 4466 1929 4537 συμμαθηταῖςο

2042 4481 2204 4530 tatem
2232 4471 2463 4538 eil‘usus,
2498 4480 2765 4526 constans
2799 4476 2854 4525 et
2904 4468 3200 4525 infractum
3241 4467 3310 4523 ad
3342 4469 3446 4524 hoc
3495 4476 3614 4524 stu-

369 4573 389 4606 ι
411 4555 667 4627 Ἄγωμεν
697 4558 791 4611 καὶ
820 4560 1003 4629 ἡμεῖς,
1046 4559 1134 4612 ῐνα
1163 4559 1524 4629 ἀποθάνωμεν
1557 4561 1673 4630 μετ’
1696 4558 1882 4612 αὐτοῦ.
1909 4579 1928 4612 ι

369 4645 612 4701 Τοιοῦτον
648 4643 802 4719 οἶμαί
824 4667 875 4703 τι
901 4651 997 4703 καλ⁹
1029 4650 1122 4703 τὸν
1147 4650 1255 4704 τῶν
1284 4651 1493 4720 Πέτρου
1530 4651 1792 4723 ῥημάτων
1811 4651 1934 4705 ὠδί-

358 4756 467 4794 νειν
487 4741 710 4796 σκοπόν.
739 4743 925 4797 Οῖεται
965 4742 1075 4813 γὰρ
1112 4742 1276 4808 ἴσως,
1308 4743 1560 4814 καθάπερ
1598 4743 1699 4816 ἥδη
1747 4746 1932 4823 προεῖο

2041 4563 2193 4619 dium
2224 4563 2520 4617 allaturum
2556 4576 2617 4617 se
2641 4559 2957 4631 pollicetur,
2989 4560 3130 4614 nihil
3151 4559 3264 4629 jam
3318 4572 3614 4628 superesse

2041 4654 2232 4709 dicens
2263 4668 2294 4707 a
2325 4666 2435 4723 quo
2463 4650 2743 4721 prohiberi
2777 4651 2952 4722 possit
2974 4650 3273 4721 quominus
3323 4655 3608 4718 sequatur,

2044 4759 2168 4801 cum
2197 4745 2249 4800 ei
2279 4758 2380 4815 pro
2408 4743 2673 4814 magistro
2696 4743 2836 4797 mori
2863 4743 3198 4813 propositum
3234 4740 3326 4795 sit.

359 4849 479 4899 πον,
521 4827 958 4904 ἀπδραμεῖσθαί
990 4849 1083 4886 ποι
1130 4832 1526 4905 διακηρύξοντα
1558 4835 1652 4889 τὸν
1698 4834 1925 4905 Ἰησοῦν,
1966 4836 2063 4889 καὶ
2084 4833 2413 4889 κινδυνεύειν
2452 4832 2613 4887 αὐτὸν
2686 4832 2816 4904 παρ’
2859 4831 3118 4895 ἐκείνοις·
3160 4830 3247 4885 διά
3286 4824 3445 4884 τοῦτο
3514 4832 3609 4884 καὶ

357 4924 540 4988 αὐτὸς,
565 4922 799 4995 ἐπείπερ
834 4924 981 4977 ἐστὶν
1008 4923 1070 4989 ἐξ
1093 4924 1313 4994 ἀγάπης
1351 4924 1684 4990 ἀκάθεκτος,
1720 4926 1932 4997 ἄμαχόν
1969 4944 2091 4980 τινα
2158 4927 2254 4980 καὶ
2313 4923 2813 4994 δυσανταγώνιστον
2844 4926 2941 4999 τὴν
2988 4926 3066 4988 εἰς
3107 4923 3265 4977 τοῦτο
3303 4921 3614 4993 προθυμίαν

356 5020 523 5072 οίσειν
561 5017 988 5087 ἐπαγγέλλεται,
1032 5018 1186 5072 οὐδὲν
1216 5018 1296 5072 ἔτι
1339 5018 1619 5083 παντελῶς
1648 5019 2030 5090 ὑπολελεῖφθαι
2058 5020 2230 5090 λέγων
2252 5021 2314 5074 τὸ
2369 5019 2689 5075 διακωλύειν
2724 5021 2926 5091 ἰσχύον,
2989 5019 3164 5074 καίτοι
3219 5017 3445 5071 ἔπεσθαι
3503 5017 3611 5071 δεῖν

357 5110 651 5184 ᾑρημένον,
679 5110 908 5182 ἐπείπερ
936 5110 1084 5182 αὐτῷ
1112 5112 1207 5166 καὶ
1244 5111 1605 5183 προτεθνάναι
1636 5112 1729 5167 τοῦ
1760 5113 2078 5169 διδασκάλου
2101 5115 2322 5177 σκοπός.

437 5200 744 5271 Ἀπεκρίθη
783 5200 944 5267 αὺτῷ
983 5204 1016 5254 ό
1063 5201 1329 5269 Ἰησοῦς’
1394 5202 1518 5271 Τὴν
1556 5202 1768 5273 ψυχήν
1817 5220 1934 5259 σου

2106 5205 2244 5271 XIII,
2280 5206 2368 5261 58.
2394 5204 2683 5275 Respondit
2714 5209 2759 5260 ei
2791 5204 2989 5260 Iesus:
3036 5204 3284 5257 Animam
3327 5210 3474 5255 tuam
3512 5217 3608 5271 pro

355 5293 508 5361 ὑπὲρ
545 5292 690 5362 ἐμοῦ
720 5293 967 5363 θήσεις;
1012 5292 1212 5363 Ἀμὴν,
1239 5293 1404 5364 ἀμὴν
1428 5293 1587 5364 λέγω
1613 5310 1733 5363 σοι,
1759 5299 1830 5350 οὺ
1847 5295 1933 5366 μὴ

2042 5315 2115 5353 me
2134 5299 2334 5367 pones?
2356 5299 2544 5363 Amen,
2578 5316 2731 5353 amen
2759 5299 2876 5352 dico
2905 5297 3018 5364 tibi,
3046 5310 3148 5349 non
3170 5292 3404 5347 cantabit
3428 5294 3607 5364 gallus

357 5383 622 5454 ἀλέκτωρ
660 5384 930 5455 φωνήσει
953 5426 967 5449 ,
999 5385 1110 5453 ἕως
1141 5382 1212 5442 οὗ
1245 5386 1575 5456 ἀπαρνήσῃ
1597 5403 1676 5457 με
1714 5388 1862 5456 τρίς.

2042 5391 2196 5445 donec
2232 5401 2310 5445 ter
2339 5408 2419 5446 me
2449 5408 2622 5462 neges.

429 5475 670 5538 Μείζονα
703 5476 824 5547 μὲν,
860 5476 892 5549 ἢ
932 5477 1054 5531 καθ’
1086 5478 1278 5531 ἑαυτὸν
1315 5480 1344 5530 6
1368 5479 1571 5549 Πέτρος
1604 5479 1935 5547 ἐπαγγέλλε-

2106 5483 2311 5553 Majora
2342 5484 2561 5553 quidem
2597 5496 2763 5552 quam
2816 5478 2994 5550 possit
3042 5475 3239 5532 Petrus
3291 5477 3604 5548 pollicetur,

355 5585 471 5633 ται,
497 5567 601 5620 κᾶν
621 5567 946 5636 ἀξιάγαστον
974 5567 1074 5642 ἔχῃ
1106 5568 1203 5640 τὴν
1219 5571 1311 5622 ἐπὶ
1340 5569 1517 5639 τούτῳ
1550 5570 1814 5641 σπουδήν*
1837 5568 1930 5622 τοῦ

2042 5576 2292 5647 quamvis
2320 5577 2559 5630 miriﬁco
2587 5573 2754 5627 animi
2799 5570 2983 5628 studio
3042 5569 3345 5641 praeditus:
3402 5577 3606 5635 tempe-

357 5675 421 5728 γε
448 5659 554 5731 μὴν
584 5660 846 5732 ἐσομένου
876 5661 1139 5731 χειμῶνος
1164 5662 1225 5714 τὸ
1247 5662 1502 5734 ἀμειδές,
1532 5663 1625 5715 καὶ
1655 5662 1933 5716 δύσοιστον

2042 5668 2196 5724 statis
2233 5668 2594 5723 nihilominus
2623 5666 2995 5731 acerbitatem,
3029 5673 3080 5720 et
3118 5664 3223 5718 vim
3283 5656 3601 5716 tentationis

434 5845 477 5876 ³⁸
513 5840 675 5901 Joan.
727 5859 819 5911 ιι,
875 5846 959 5901 il.
1037 5848 1079 5881 ‘0
1112 5846 1245 5903 ibid.
1285 5852 1339 5903 8.
1416 5849 1458 5882 ¹⁵¹
1488 5851 1618 5907 ibid.
1654 5851 1733 5906 [6.
