4076 6270
511 381 616 436 175

1531 382 1588 438 S.
1608 376 1885 439 CYRILLI
1911 383 2378 447 ALEXANDRINI
2417 391 2738 452 ARCHIEP.

3661 397 3767 455 176

495 495 916 553 -intolerabilem
955 509 1018 550 ac
1052 493 1452 566 persecutionis
1477 496 1907 566 magnitudinem
1925 498 2087 554 Chri-

2196 505 2289 559 τοῦ
2317 511 2643 580 πειρασμοῦ,
2673 511 2768 565 καὶ
2793 511 2886 566 τοῦ
2902 511 3143 583 διωγμοῦ
3165 511 3224 565 τὸ
3262 511 3491 582 μέγεθος
3513 512 3776 585 ἐννοήσας

513 599 635 647 stus
670 589 817 660 apud
865 603 924 642 se
976 595 1262 657 reputans,
1319 596 1484 657 caput
1549 596 1762 645 tantum
1795 589 1958 661 759
1986 607 2094 646 non

512 690 726 746 movet,
759 688 1082 750 tantumque
1112 677 1372 733 aﬁ‘ectum
1425 679 1608 733 oculis
1662 682 1969 751 explicans,
2001 683 2096 740 Ju-

517 773 690 828 daicaa
719 772 1011 827 dementiae
1039 771 1436 825 immanitatem
1482 774 1847 843 perspiciens,
1877 783 1930 830 et
1976 792 2096 846 quae

515 875 648 920 tunc
693 864 958 934 temporis
1007 871 1273 919 eventura
1328 876 1487 920 erant
1553 868 1919 938 prospiciens,
1987 870 2096 923 tale

515 959 650 1026 quid
688 955 1206 1011 forsaninclamat:
1249 955 1505 1010 Animam
1557 973 1656 1027 pro
1711 974 1798 1014 me
1830 961 2010 1030 ponis,
2061 976 2095 1016 ο

515 1051 694 1111 Petre.
732 1057 787 1104 et
822 1048 1062 1118 periculi
1099 1059 1304 1105 metum
1354 1068 1457 1122 pro
1502 1051 1675 1106 nihilo
1724 1052 1915 1116 habes,
1949 1069 2013 1109 ac
2044 1061 2096 1110 te

512 1148 903 1211 superaturum
934 1139 1069 1193 illud
1093 1141 1422 1196 existimas?
1448 1143 1519 1195 At
1550 1142 1735 1198 nescis
1761 1144 2091 1213 gravitatem

509 1229 866 1292 .tentationis,
898 1244 1002 1284 nec
1034 1231 1181 1284 enim
1215 1231 1505 1299 potestatis
1537 1232 1590 1285 in
1624 1232 1867 1302 patiendi
1896 1249 2096 1303 propo-

517 1323 646 1388 sito,
680 1322 775 1377 sed
807 1321 906 1375 tibi
936 1320 1025 1375 vel
1057 1320 1262 1376 nolenti
1295 1321 1481 1376 animo
1531 1321 1763 1378 deﬁcere
1791 1324 2090 1393 continget,

516 1421 572 1468 et
606 1412 830 1484 negabis
862 1426 948 1464 me
995 1420 1096 1475 lcr,
1133 1410 1300 1480 idque
1331 1420 1493 1465 nocte
1554 1426 1682 1465 una.
1740 1410 1855 1466 Hoc
1905 1411 2092 1468 Jesum

424 1488 429 1504 ’
508 1505 702 1558 dicere
726 1503 866 1557 velle
898 1500 1234 1556 credendum
1265 1509 1369 1557 est.
1403 1500 1512 1556 Sed
1544 1517 1724 1572 opera:
1751 1504 1986 1573 pretium
2010 1513 2096 1558 est

516 1598 608 1651 hic
634 1611 854 1666 quoque
885 1609 1079 1650 rursus
1106 1593 1229 1664 ejus
1255 1608 1385 1664 erga
1415 1609 1516 1649 nos
1550 1595 1734 1648 mirari
1762 1595 2088 1651 bonitatem:

516 1702 643 1741 nam
672 1701 795 1740 cum
821 1685 978 1755 prius
1001 1685 1235 1740 dixisset
1258 1685 1746 1740 vehementissimo
1768 1686 1886 1754 ejus
1909 1687 2094 1742 studio

517 1779 688 1834 animi
720 1779 831 1832 vim
864 1792 974 1831 non
1001 1791 1419 1846 responsuram,
1459 1776 1554 1832 sed
1607 1776 1970 1842 deiecturum,
2029 1793 2094 1833 ac

2197 598 2224 650 ὁ
2253 599 2507 670 Χριστὸς,
2537 604 2822 673 μονονουχὶ
2851 605 3129 658 κατασείει
3152 603 3250 676 τὴν
3275 605 3518 677 κεφαλὴν
3537 645 3552 670 ,
3574 607 3692 661 ὅλον
3715 609 3774 662 δέ

2197 683 2385 756 ὥσπερ
2421 689 2478 739 ἐν
2510 688 2807 759 ὀφθαλμοῖς
2829 692 3090 756 ἀπλὼσας
3111 692 3172 746 τὸ
3201 693 3394 760 πάθος,
3418 697 3513 749 καὶ
3537 695 3777 767 τῆςἸου-

2196 775 2361 829 δαίων
2397 777 2584 843 ἀνοίας
2612 779 2894 852 θεωρήσας
2926 783 3025 854 τὴν
3049 785 3374 856 ὑπερϐολὴν,
3399 785 3775 858 διασκοπήσας

2195 866 2253 919 δὲ
2274 867 2344 920 τὰ
2383 869 2616 940 ἐσόμενα
2646 872 2768 925 κατ’
2798 874 2972 928 ἐκεῖνο
3016 875 3239 946 καιροῦ,
3276 876 3418 948 τάχα
3449 895 3502 930 τι
3533 878 3775 932 τοιοῦτον

2195 959 2505 1028 ἀναφωνεῖ·
2541 961 2651 1034 Τὴν
2679 964 2877 1037 ψυχὴν,
2901 959 2945 1019 ὦ
2984 967 3191 1039 Πέτρε,
3224 968 3363 1038 ὑπὲρ
3399 966 3534 1040 ἐμοῦ
3577 968 3772 1036 τίθεις,

2197 1049 2291 1102 καὶ
2321 1049 2383 1102 τὸ
2415 1052 2579 1121 μηδὲν
2607 1049 2748 1106 εἶναι
2778 1054 2884 1126 φὴς
2909 1056 2999 1109 τὸν
3025 1057 3119 1110 ἐπὶ
3146 1057 3351 1111 τούτων
3387 1058 3582 1126 φόϐονσ
3606 1060 3688 1113 ὅτι
3713 1078 3774 1114 τε

2197 1140 2464 1210 κρείττων
2509 1142 2609 1216 ἔσῃ
2652 1144 2762 1198 τῶν
2796 1147 3070 1217 ἐσομένων
3121 1148 3554 1220 ὑπολαμϐάνεις
3613 1151 3774 1206 Ἀλλά

2195 1231 2291 1284 τοῦ
2317 1234 2626 1305 πειρασμοῦ
2656 1236 2717 1290 τὸ
2743 1237 2906 1310 βάρος
2936 1239 3035 1292 οὑκ
3067 1241 3375 1295 ἐπίστασαι’
3412 1242 3472 1294 οὑ
3508 1241 3617 1314 γὰρ
3645 1245 3776 1313 ἀρα·

2200 1327 2370 1397 ρότως
2404 1329 2757 1400 προκείσεται
2786 1331 2846 1386 τὸ
2868 1333 3081 1398 παθεῖν,
3115 1337 3200 1388 σοὶ
3249 1335 3306 1388 δέ
3339 1333 3400 1389 τὺ
3442 1334 3775 1410 μικροψυχῆ-

2198 1435 2287 1470 σαι
2308 1419 2454 1483 λίαν,
2489 1422 2584 1475 καὶ
2621 1423 2719 1492 οὑχ
2742 1425 2920 1478 ἑκοντὶ
2950 1425 3310 1497 συμϐήσεται,
3335 1426 3429 1480 καὶ
3461 1429 3672 1500 ἀρνήσῃ
3707 1448 3773 1501 με

2194 1511 2334 1579 τρὶς.
2367 1512 2460 1566 καὶ
2491 1514 2550 1566 ἐν
2574 1515 2729 1567 νυκτὶ
2752 1515 2909 1569 τοῦτο
2938 1517 3070 1571 αὐτὸ
3117 1520 3234 1589 μιᾷ.
3288 1520 3457 1573 Ταυτί
3496 1539 3612 1585 πως
3663 1521 3773 1574 οἴε-

2197 1603 2319 1656 σθαι
2345 1603 2522 1673 λέγειν
2571 1607 2940 1677 ὑποτοπητέον
2985 1609 3076 1662 τὸν
3121 1611 3349 1680 Ἰησοῦν.
3388 1611 3682 1683 Θαυμάσαι
3711 1631 3773 1684 γε

2199 1696 2306 1766 μὴν
2335 1697 2440 1750 κάν
2461 1695 2635 1768 τούτῳ
2672 1697 2736 1768 δὴ
2789 1699 2953 1752 πάλιν
2989 1700 3088 1772 τὴν
3133 1700 3357 1756 ἐνοῦσαν
3387 1703 3536 1775 αὑτῷ
3586 1706 3774 1775 φιλαν-

2196 1783 2444 1853 θρωπίαν
2475 1786 2661 1853 ἄξιονο
2698 1790 3045 1861 προειρηκὼς
3071 1791 3199 1864 γὰρ,
3241 1793 3322 1846 ὅτι
3369 1794 3449 1865 τῷ
3494 1797 3633 1867 τόνῳ
3674 1798 3774 1868 τῆς

517 1880 669 1940 terga
695 1868 977 1932 daturum,
1009 1866 1145 1922 adeo
1183 1876 1244 1921 ut
1275 1866 1342 1921 ad
1370 1868 1550 1922 solum
1603 1869 1838 1938 periculi
1881 1878 2087 1924 metum

2195 1877 2422 1948 ἐνούσης
2474 1879 2625 1950 αὑτῷ
2670 1881 3002 1952 προθυμίας,
3048 1885 3080 1952 ἡ
3113 1885 3212 1955 τῆς
3244 1884 3423 1956 ψυχῆς
3455 1888 3554 1958 οὐχ
3582 1866 3775 1958 ἕψεται

516 1976 577 2017 se
612 1967 914 2031 negaturus
961 1958 1054 2022 sit.
1107 1959 1250 2013 nihil
1298 1960 1686 2016 interminatus
1731 1971 1836 2016 est.
1880 1960 2092 2015 Idcirco

515 2067 617 2108 nec
648 2053 702 2107 in
733 2051 974 2106 divinam
1003 2049 1139 2104 iram
1170 2050 1524 2105 incursurum
1545 2052 1644 2116 ait,
1674 2067 1850 2122 neque
1873 2066 2090 2123 ptenam

514 2141 660 2212 quod
712 2141 1032 2196 humanitus
1066 2150 1387 2196 eventurum
1415 2141 1469 2196 id
1501 2142 1552 2197 ei
1611 2151 1778 2210 esset,
1835 2144 2089 2201 intentat.

515 2232 738 2288 Sciebat
767 2232 912 2288 enim
942 2231 1216 2286 inﬁrmam
1248 2231 1431 2286 adhuc
1481 2247 1605 2289 esse
1656 2244 1930 2303 naturam,
1989 2251 2092 2291 nec

513 2323 710 2380 mortis
735 2324 918 2379 minas
943 2322 1092 2379 ferre
1124 2338 1307 2393 posse.
1349 2321 1604 2378 Nondum
1636 2325 1782 2380 enim
1814 2342 1911 2396 per
1971 2327 2092 2396 ejus

515 2415 980 2472 resurrectionem
1015 2415 1300 2486 abrogata,
1335 2425 1668 2471 cunctorum
1701 2426 1938 2474 mentem
1968 2435 2093 2489 pre-

515 2507 718 2571 mebat,
747 2506 976 2574 soloque
1001 2513 1153 2560 metu
1187 2506 1276 2560 vel
1311 2505 1674 2563 fortissimum
1731 2525 2006 2580 quemque
2038 2519 2092 2566 et

514 2595 944 2652 audacissimum
977 2593 1231 2665 frangere
1269 2597 1413 2666 potis
1448 2605 1589 2652 erat.
1638 2597 1847 2653 Natura
1890 2601 2094 2671 quippe

517 2698 717 2759 praeter
745 2694 1004 2742 naturam
1064 2695 1297 2741 mortem
1343 2688 1583 2757 patiens,
1635 2690 1686 2743 ei
1740 2688 1886 2743 cedit
1918 2697 1978 2743 ut
2013 2690 2092 2744 vi—

516 2777 700 2840 ctrici,
731 2777 839 2832 imo
869 2789 998 2830 vero
1026 2785 1158 2829 tunc
1197 2774 1452 2830 cedebat.
1481 2775 1588 2831 Sed
1619 2793 1650 2830 a
1670 2788 1861 2833 nostro
1895 2775 2094 2832 Serva-

516 2877 632 2923 tore
653 2866 930 2937 perruptis
962 2865 1111 2920 illius
1153 2865 1393 2920 vinculis
1427 2867 1614 2923 suavis
1647 2866 1789 2922 facta
1832 2875 1917 2924 est
1964 2867 2093 2922 dili-

514 2958 773 3030 gentibus
803 2956 1106 3022 Cbristum,
1130 2957 1264 3013 licet
1289 2958 1485 3013 acerbe
1515 2957 1737 3013 invadat
1766 2976 1778 3013 :
1807 2958 1926 3028 ejus
1946 2959 2090 3014 enim

515 3051 639 3104 loco
668 3056 872 3104 aeterna
910 3048 1020 3102 vita
1059 3047 1354 3117 successit,
1377 3051 1752 3120 corruptionis
1783 3051 2092 3108 dissolvens

515 3142 832 3213 imperium.
870 3139 1043 3195 Nemo
1080 3148 1264 3194 autem
1309 3141 1399 3196 hic
1435 3158 1630 3199 rursus
1663 3142 1942 3199 existimet
1991 3143 2092 3199 Pe-

2193 1962 2444 2034 δύναμις,
2491 1964 2710 2020 ὀκλάσει
2741 1984 2805 2036 γε
2846 1968 2953 2039 μὴν
2976 2009 2991 2033 ,
3023 1967 3120 2022 καὶ
3147 1970 3448 2026 ὑπενδώσει
3493 1972 3772 2036 τοσοῦτον,

2195 2053 2335 2109 ὥστε
2368 2058 2464 2110 καὶ
2498 2057 2635 2129 πρὸς
2671 2058 2829 2130 μόνον
2858 2061 3112 2115 ἀπειπεῖν
3139 2062 3232 2117 τὸν
3258 2063 3353 2118 τοῦ
3394 2065 3640 2120 κινδύνου
3678 2067 3777 2136 φό-

2194 2143 2308 2212 ϐον,
2341 2146 2493 2201 οὐδὲν
2523 2149 2881 2220 ἐπηπείλησε,
2915 2150 3005 2205 διά
3033 2151 3192 2206 τοῦτο
3216 2153 3399 2225 τυχὸν,
3431 2155 3507 2218 ὡς
3529 2156 3637 2209 οὐδ’
3669 2157 3776 2211 ὑπὸ

2195 2231 2342 2288 θείαν
2371 2235 2523 2290 ἔσται
2558 2237 2771 2310 κίνησιν
2809 2239 2980 2308 λέγει.
3010 2242 3121 2295 Καὶ
3157 2241 3246 2296 διά
3267 2243 3424 2297 ποίαν
3457 2244 3656 2301 αἰτίαν.
3695 2288 3710 2302 .
3759 2289 3772 2303 .

2195 2416 2418 2470 παθόντι
2447 2417 2504 2471 δέ
2527 2436 2579 2471 τι
2605 2419 2713 2473 τῶν
2739 2420 3123 2491 ἀνθρωπίνων,
3165 2426 3266 2478 οὑκ
3299 2427 3640 2483 ἐπανατείνει
3673 2431 3773 2502 τὴν

2193 2508 2434 2563 κόλασιν.
2479 2509 2634 2580 ᾜδει
2678 2510 2787 2582 γὰρ
2823 2511 3157 2569 ἀσθενοῦσαν
3190 2515 3271 2569 ἔτι
3308 2517 3408 2587 τὴν
3449 2517 3611 2587 φύσιν
3634 2561 3650 2585 ,
3676 2523 3776 2576 καὶ

2193 2600 2253 2652 οὑ
2288 2600 2593 2672 δυναμένην
2641 2603 2886 2671 ἐνεγκεῖν
2936 2603 3030 2657 τοῦ
3087 2606 3320 2661 θανάτου
3368 2611 3466 2682 τὴν
3515 2612 3770 2684 ἀπειλήν.

2193 2687 2358 2742 Οὔπω
2383 2690 2512 2760 γὰρ,
2535 2691 2688 2745 οῦπω
2723 2696 3140 2766 κατηργημένος
3179 2699 3266 2754 διὰ
3295 2701 3394 2772 τῆς
3425 2703 3775 2770 ἀναστάσεως

2192 2779 2397 2847 αὑτοῦ,
2445 2783 2546 2854 τῆς
2597 2783 2853 2840 ἀπάντων
2900 2787 3139 2853 διανοίας
3189 2793 3645 2865 κατεθρασύνετο,
3678 2799 3776 2852 καὶ

2194 2871 2376 2937 ἱκανὸς
2405 2867 2474 2944 ἦν
2508 2873 2609 2941 ἔτι,
2639 2877 2735 2930 καὶ
2769 2878 2916 2949 μόνῳ
2947 2881 3282 2952 συνθραῦσαι
3311 2885 3390 2957 τῷ
3415 2887 3655 2958 δείματι,
3675 2891 3776 2946 καὶ

2190 2961 2282 3016 τὸν
2313 2962 2519 3035 σφόδρα
2543 2968 2809 3033 νεανικὸν,
2839 2969 2935 3023 καὶ
2963 2972 3137 3026 δεινὸν
3179 2975 3262 3039 είς
3297 2977 3611 3050 εὐτολμίαν.
3652 2983 3773 3036 Πα-

2192 3052 2359 3107 θοῦσα
2387 3053 2496 3126 γὰρ
2516 3057 2668 3129 πο.ρά
2705 3058 2867 3128 φύσιν
2894 3064 2926 3133 ἡ
2957 3064 3118 3132 φύσις
3142 3065 3232 3120 τὸν
3261 3065 3508 3137 θάνατον,
3530 3072 3609 3136 ὡς
3627 3090 3774 3127 νενι-

2192 3147 2387 3218 κηκότι
2424 3154 2762 3224 παραχωρεῖ,
2789 3154 2989 3224 μᾶλλον
3008 3157 3066 3210 δὲ
3094 3159 3406 3232 παρεχώρει
3434 3162 3574 3218 τότε.
3605 3167 3774 3236 Διαῤ-

514 3241 661 3289 trum
687 3232 757 3288 ob
788 3231 995 3288 Christi
1023 3231 1235 3286 dictum
1269 3247 1522 3302 negasse,
1578 3242 1745 3306 atque
1773 3236 1958 3292 animo
1991 3237 2087 3294 de-

2193 3240 2453 3311 ῥήξαντος
2481 3244 2537 3298 δὲ
2591 3245 2684 3298 τοῦ
2725 3247 2978 3321 Σωτῆρος
3016 3251 3176 3320 ἡμῶν
3219 3230 3288 3307 τά
3324 3230 3544 3310 ἐκείνου
3570 3230 3770 3329 δεσμά,

515 3325 745 3392 fecisse;
772 3339 874 3380 nec
912 3323 1059 3379 enim
1088 3322 1474 3378 necessitatem
1505 3325 1672 3380 ullam
1704 3327 1956 3396 imponit,
1992 3337 2090 3384 aut

515 3418 584 3472 ad
617 3418 731 3473 haec
762 3417 1116 3487 suscipienda
1147 3417 1196 3472 vi
1225 3417 1478 3487 impellit,
1513 3417 1611 3473 sed
1657 3421 1802 3489 quod
1853 3430 1913 3475 ut
1944 3421 2088 3479 Deus

516 3510 899 3580 proculdubio
931 3507 1180 3563 futurum
1228 3509 1404 3574 novit,
1463 3508 1594 3564 illud
1643 3510 2089 3585 discipulopm-

513 3604 665 3659 dicit.
694 3602 968 3670 Quoniam
998 3613 1182 3658 autem
1222 3617 1344 3673 quae
1387 3602 1672 3659 veteribus
1710 3607 2084 3673 contigerunt,

509 3697 576 3751 ad
607 3704 959 3768 posterorum
998 3694 1426 3750 admonitionem
1478 3693 1691 3765 scripta
1743 3697 1956 3763 sunt",
1991 3713 2088 3770 age

513 3791 764 3845 nonnihil
794 3790 1048 3844 utilitatis
1075 3804 1141 3844 ex
1175 3789 1279 3844 hoc
1310 3790 1492 3859 capite
1529 3789 1941 3860 depromamus.
1966 3791 2087 3848 Non

507 3882 766 3938 existimo
797 3890 1007 3937 temere
1057 3880 1318 3950 quiddam
1349 3882 1550 3936 debere
1581 3897 1684 3936 nos
1713 3879 1826 3936 Deo
1857 3884 2088 3953 promit-

506 3982 662 4036 tere,
719 3986 819 4026 ncc
866 3968 1012 4040 quod
1064 3970 1211 4024 vires
1261 3968 1538 4023 interdum
1593 3977 1816 4026 nostras
1873 3973 2087 4028 excedit

509 4060 830 4116 faciendum
864 4060 1131 4130 recipere,
1185 4058 1345 4128 quasi
1404 4073 1586 4112 rerum
1639 4068 1883 4129 potestas
1917 4079 2084 4133 penes

511 4169 614 4209 nos
650 4153 742 4216 sit,
790 4167 914 4208 cum
976 4165 1074 4220 spe
1120 4155 1311 4204 nostra
1354 4149 1682 4220 plerumque
1732 4152 2081 4211 lrustremur.

507 4243 724 4313 Alioqui
753 4240 1011 4312 superbia
1047 4253 1239 4294 carere
1285 4252 1398 4293 non
1458 4239 1697 4296 arbitror
1745 4241 1820 4296 ita
1876 4243 2080 4312 dicere,

507 4336 626 4392 Hoc
643 4334 946 4406 perﬁciam,
983 4341 1076 4386 aut
1100 4329 1338 4385 illud.'ln
1359 4331 1616 4387 omnibus
1643 4333 1786 4388 enim
1811 4350 1932 4405 quae
1958 4338 2082 4408 quis

508 4428 718 4500 agenda
746 4425 909 4497 760
950 4424 1054 4480 sibi
1087 4425 1453 4494 proposuerit.
1492 4423 1624 4479 illud
1672 4428 1908 4483 maxime
1945 4445 2082 4500 pra:-

503 4513 836 4570 niittendum
878 4511 1026 4582 quod
1061 4511 1199 4565 dixit
1242 4513 1688 4583 sapientissimus
1734 4515 2073 4588 discipulus:

2190 3331 2394 3400 γλυκὺς
2442 3336 2824 3406 ἀναπέφανται
2860 3343 2973 3404 τοῖς
3007 3342 3263 3410 ἀγαπῶσι
3302 3347 3560 3418 Χριστὸν,
3595 3351 3644 3403 εἰ
3673 3353 3774 3405 καὶ

2191 3425 2406 3497 προσίοι
2437 3429 2680 3500 πικρῶς·
2731 3431 3119 3506 ἀντεισϐέϐηκε
3166 3437 3333 3510 γάρὴ
3373 3440 3590 3506 αἰώνιος
3628 3441 3773 3516 ζωὴ,

2189 3518 2250 3571 τὸ
2275 3519 2375 3588 τῆς
2407 3521 2612 3594 φθορᾶς
2645 3524 2999 3596 παραλύουσα
3032 3529 3254 3600 κράτος.
3289 3533 3498 3588 υίέσθω
3517 3535 3573 3589 δὲ
3604 3536 3773 3591 πάλιν

2188 3610 2426 3667 ἐνταῦθα
2477 3615 2666 3687 μηδεὶς
2711 3618 2982 3690 ὴρνῆσθαί
3012 3638 3073 3674 τε
3112 3623 3208 3676 καὶ
3249 3625 3510 3698 ἀτονῆσαι
3541 3629 3632 3682 τὸν
3663 3631 3774 3683 Πέ-

2188 3717 2334 3790 τρον,
2361 3702 2448 3758 διὰ
2479 3706 2539 3759 τὸ
2570 3707 2722 3779 ῥῆμα
2745 3711 2985 3782 Χριστοῦ
3004 3727 3017 3742 ’
3073 3714 3136 3767 οὑ
3175 3714 3282 3787 γὰρ
3322 3717 3568 3790 ἀνάγκην
3593 3721 3775 3774 ἐπιτι-

2188 3788 2324 3856 θεὶς,
2351 3793 2600 3850 ἀλλὀὑδὲ
2626 3799 2691 3852 ἐκ
2713 3797 2833 3869 βίας
2854 3801 3026 3857 ἕλκων
3047 3807 3128 3869 είς
3150 3806 3211 3861 τὸ
3233 3807 3425 3862 παθεῖν
3443 3809 3512 3862 τὰ
3526 3788 3773 3867 τοιαῦτά

2188 3899 2354 3974 φησιν
2372 3900 2388 3916 ο
2425 3883 2541 3941 ἀλλ’
2569 3889 2706 3962 ὅπερ
2733 3889 2893 3958 οἶδεν,
2918 3895 2992 3960 ὡς
3019 3896 3173 3962 Θεὸς,
3207 3898 3426 3964 πάντως
3465 3903 3558 3954 καὶ
3584 3903 3771 3974 ἀναμ-

2178 3973 2720 4066 φιλόγωςέσόμενον
2751 3986 3007 4056 προλέγει
3045 3987 3122 4058 τῷ
3165 3989 3404 4062 μαθητῇ.
3454 3993 3675 4066 Ἐπειδὴ
3696 3973 3772 4052 δὲ

2183 4065 2251 4119 τὰ
2275 4071 2383 4131 τοῖς
2431 4065 2807 4144 ἀρχαιοτέροις
2848 4077 3255 4148 συμϐεϐηκότα,
3311 4081 3449 4151 πρὸς
3479 4065 3771 4142 νουθεσίαν

2183 4155 2291 4209 τῶν
2322 4161 2441 4229 μετ’
2473 4162 2670 4227 αὐτοὺς
2697 4165 3132 4236 ἀναγέγραπται,
3184 4168 3314 4241 φέρε
3342 4171 3405 4242 δή
3437 4189 3491 4224 τι
3513 4171 3770 4246 λέγωμεν

2184 4247 2293 4302 τῶν
2323 4251 2640 4320 ἀναγκαίων
2665 4256 2745 4317 εἰς
2774 4255 2959 4325 ὄνησιν
2999 4260 3064 4311 ἐκ
3088 4258 3181 4312 τοῦ
3215 4261 3510 4329 κεφαλαίου
3540 4280 3770 4336 κεκινη-

2186 4340 2357 4408 μένοι.
2390 4343 2465 4395 Οὑ
2495 4343 2602 4414 γάρ
2652 4340 2802 4416 οἶμαι
2838 4345 2948 4399 δεῖν
2975 4349 3407 4418 ἐπαγγέλλεσθαί
3446 4371 3499 4408 τι
3541 4356 3766 4426 προχεί-

2187 4449 2293 4501 ρως
2326 4432 2402 4502 τῷ
2431 4431 2577 4505 Θεῷ,
2610 4437 2732 4489 οὑδέ
2765 4439 3067 4508 κατορθοῦν
3106 4443 3480 4514 ὑπισχνεῖσθαι
3519 4448 3580 4500 τὸ
3618 4449 3762 4520 ὑπὲρ

2181 4521 2409 4594 δύναμιν
2429 4524 2541 4578 ἔσθ’
2573 4527 2660 4580 ὅτε
2682 4570 2697 4595 ,
2723 4527 2800 4593 ὡς
2825 4532 3344 4600 κατεξουσιάζοντας
3365 4539 3470 4592 τῶν
3499 4541 3761 4610 πραγμά-

505 4606 562 4662 Si
598 4606 863 4661 Dominus
884 4604 1150 4668 voluerit,
1181 4612 1236 4659 et
1260 4644 1274 4669 ,
1302 4605 1366 4660 si'
1394 4606 1719 4662 vixerimus.
1759 4606 2076 4680 Promptum

2187 4629 2309 4679 των,
2331 4614 2423 4667 καὶ
2439 4613 2598 4668 τοῦτό
2621 4635 2762 4689 φημι
2787 4622 2924 4692 πρὸς
2945 4625 3013 4677 τὰ
3037 4626 3101 4679 ἐκ
3121 4627 3221 4699 τῆς
3245 4604 3759 4704 ἀποτυχίαςψέγκλή-

500 4701 706 4770 quippe
730 4697 868 4754 bene
895 4695 1090 4765 agendi
1122 4694 1361 4750 studium
1387 4697 1611 4765 piorum
1657 4698 1860 4755 animis
1890 4700 2072 4758 inesse

500 4791 702 4846 debere
731 4790 841 4853 aio,
874 4787 1208 4858 virtutisque
1243 4794 1360 4840 toto
1394 4787 1582 4842 animo
1607 4789 1851 4846 colendae
1878 4792 2075 4848 volun-

501 4890 685 4946 tatem,
716 4883 861 4935 viam
915 4885 1098 4933 autem
1158 4892 1347 4932 eorum
1399 4879 1736 4949 agendorum
1796 4897 1828 4936 a
1885 4884 2070 4940 divina

498 4975 750 5029 bonitate
769 4970 1087 5042 petendam,
1127 4984 1238 5023 non
1283 4977 1487 5026 temere
1520 4973 1682 5042 quasi
1734 4974 1882 5029 illam
1935 4976 1990 5030 in
2021 4987 2074 5032 te

498 5065 703 5119 habeas
729 5061 1000 5132 polliceri.
1039 5058 1133 5113 Sic
1163 5060 1308 5114 enim
1333 5075 1514 5114 veram
1544 5062 1598 5116 in
1628 5063 1885 5121 omnibus
1911 5065 2073 5123 bonis

495 5155 918 5225 promissionem
974 5150 1082 5207 Deo
1141 5151 1509 5218 servabimus,
1550 5161 1605 5207 et
1635 5166 1793 5210 extra
1851 5159 2069 5229 culpam

495 5247 687 5316 pedem
718 5245 1061 5309 habebimus,
1099 5251 1160 5296 ut
1208 5240 1525 5298 Graecorum
1580 5245 1771 5302 tritum
1808 5256 1893 5304 est
1938 5265 2070 5320 pro-

491 5338 699 5392 verbio.
760 5335 978 5407 Alioqui
1040 5336 1216 5392 satius
1281 5344 1367 5390 est
1432 5351 1546 5390 non
1619 5353 1818 5395 vovere
1870 5342 2068 5410 alicui,

490 5445 654 5500 quam
688 5443 908 5493 vovere,
937 5437 991 5482 et
1025 5444 1134 5483 non
1166 5428 1400 5484 reddere
1423 5427 1494 5484 ".

493 5524 693 5586 τούτοις
724 5521 839 5575 ὁδὸν
863 5519 950 5574 διὰ
969 5522 1068 5593 τὴν
1106 5522 1312 5579 ἄνωθεν
1351 5525 1586 5592 ἐξαιτεῖν
1627 5531 1940 5603 εὐμένειαν,
1994 5536 2091 5608 οὑχ

2183 4721 2330 4774 ματα
2359 4703 2592 4774 βλέπων.
2650 4709 2858 4776 ’Ἄλλως
2888 4732 2949 4767 τε
2977 4718 3070 4770 καὶ
3099 4718 3400 4790 ὑπεροψίας
3435 4722 3535 4775 οὐκ
3575 4703 3752 4795 ἀπηλ-

2179 4794 2372 4867 λάχθαι
2390 4798 2592 4868 νομίζω
2610 4801 2671 4855 τὸ
2693 4802 3089 4878 προαλέστερον
3107 4811 3301 4877 εἰπεῖν,
3318 4812 3399 4864 ὅτι
3423 4794 3752 4886 κατορθώσω

2175 4888 2296 4942 τόδε
2325 4907 2378 4944 τι
2406 4892 2591 4962 τυχὸν,
2624 4893 2657 4964 ἢ
2705 4896 2824 4949 τόδε
2861 4916 2933 4952 τι.
2982 4902 3091 4954 Καὶ
3129 4903 3236 4973 γὰρ
3269 4904 3357 4973 ἐφ’
3394 4905 3633 4972 ἅπασιν,
3669 4904 3752 4972 οἷς

2174 4979 2239 5032 ἄν
2293 4997 2376 5045 τις
2411 4981 2606 5052 δρᾶσαι
2661 4987 2938 5058 προέλοιτο
2987 4993 3080 5044 καὶ
3131 4992 3386 5065 βούληται
3424 4997 3744 5068 κατορθοῦν,

2167 5069 2343 5124 ἐκεῖνο
2373 5072 2606 5143 μάλιστα
2632 5075 2714 5130 δεῖ
2739 5081 2956 5146 φωνεῖν,
2977 5083 3115 5153 ὅπερ
3147 5085 3366 5156 εἴρηκεν
3386 5086 3414 5138 ὁ
3439 5087 3746 5156 σοφώτατος

2167 5159 2450 5233 μαθητής*
2497 5164 2623 5219 Ἐὰν
2649 5168 2678 5220 ὁ
2705 5167 3082 5244 Κύριοςρθέλῃ,
3109 5175 3202 5226 καὶ
3222 5173 3499 5247 ζήσωμεν.
3535 5177 3744 5250 Προθυο

2167 5253 2297 5325 μίαν
2330 5254 2432 5325 μὲν
2479 5257 2587 5328 γάρ
2623 5259 2723 5330 τὴν
2772 5261 3118 5334 ἀγαθουργὸν
3149 5283 3292 5336 φημι
3331 5268 3442 5323 δεῖν
3493 5272 3612 5334 ταῖς
3633 5269 3741 5323 τῶν

2165 5346 2428 5415 φιλοθέων
2462 5349 2660 5405 ἐνεῖναι
2693 5350 2914 5422 ψυχαῖς,
2951 5355 3044 5408 καὶ
3087 5356 3147 5409 τὸ
3189 5359 3486 5430 κατορθοῦν
3532 5361 3739 5415 ἐθέλειν

2162 5438 2262 5508 τὴν
2294 5437 2493 5511 ἀρετὴν
2528 5440 2587 5507 ἐξ
2630 5442 2759 5513 ὅλης
2813 5444 2995 5515 ἰσχύος
3037 5447 3372 5515 ἐπείγεσθαι,
3429 5452 3528 5523 τὴν
3557 5452 3612 5506 δέ
3647 5453 3739 5507 ἐπὶ

2167 5537 2242 5600 ὡς
2286 5536 2477 5608 ἔχοντα
2527 5539 2781 5612 προαλῶς
2835 5543 3287 5612 ἐπαγγέλλεσθαι.
3357 5548 3584 5622 Ἀψευδῆ
3631 5551 3742 5623 γὰρ

481 5619 624 5672 οὑτω
659 5614 736 5687 τῷ
768 5615 887 5684 Θεῷ
925 5615 1020 5685 τὴν
1055 5617 1138 5686 ἐφ’
1167 5619 1336 5674 ἅπασι
1376 5625 1488 5687 τοῖς
1529 5626 1771 5697 ἀρίστοις
1814 5633 2147 5701 ἐπαγγελίαν
2174 5635 2505 5706 τηρήσομεν,
2569 5635 2674 5701 ἔξω
2695 5653 2754 5691 τε
2782 5639 2917 5693 πόδα
2943 5640 3120 5705 αἰτίας
3173 5642 3384 5713 ἕξομεν,
3431 5614 3592 5700 -κατά

490 5711 611 5781 παρ’
648 5710 1067 5781 Ἕλλησιλόγον.
1107 5713 1260 5767 Ἔστι
1303 5715 1359 5768 δέ
1395 5720 1486 5771 καὶ
1520 5721 1722 5792 ἑτέρως
1760 5725 1963 5793 ἀγαθὸν
1995 5728 2054 5780 τὸ
2093 5729 2166 5800 μὴ
2194 5728 2456 5796 εύξασθαί
2478 5747 2642 5796 τισιν,
2670 5730 2703 5802 ἢ
2730 5729 3010 5801 εῦξασθαι,
3048 5733 3142 5788 καὶ
3177 5734 3252 5806 μὴ
3270 5710 3593 5792 ἀποδοῦναι.

549 5830 638 5886 "l
673 5830 797 5887 Cor.
834 5847 885 5897 κ,
934 5829 1017 5884 11.
1096 5833 1138 5863 ⁸³
1182 5833 1360 5890 Ecclc.
1409 5854 1456 5903 v,
1491 5840 1542 5905 3,
1579 5841 1631 5894 4.
