4076 6270
327 357 430 417 177

395 468 496 538 Μὴ
524 468 917 538 ταρασσέσθω
952 466 1121 536 ὑμῶν
1154 468 1193 536 ἠ
1227 467 1458 538 καρδία.

398 557 494 622 Et;
521 557 681 610 τοῦτο
718 556 1080 629 μικροψυχίας
1124 557 1551 628 κατοιχήσεσθαι
1578 557 1669 611 τὸν
1697 558 1905 629 Πέτρον

326 648 518 711 εἰπὼν,
554 648 628 712 ὡς
654 649 996 720 ἀρνήσασθαι
1020 649 1163 720 τρὶς,
1204 650 1299 702 καὶ
1329 651 1389 702 ὲν
1417 651 1519 720 μιᾷ
1544 649 1703 704 τοῦτο
1727 651 1908 704 πείσε-

329 740 452 792 σθαι
489 740 665 802 νυκτὶ,
701 743 768 811 τῇ
809 739 905 794 τοῦ
946 741 1273 812 πράγματος
1312 740 1588 812 ὑπερϐολῇ
1626 742 1908 812 μονονουχὶ

325 830 416 882 τὸν
447 831 817 899 ἀκμαιότατον
850 831 960 886 τῶν
984 831 1244 886 κινδύνων
1279 831 1526 898 ὑπέδειξε
1559 832 1724 900 φόϐον
1744 849 1758 863 ·
1786 831 1908 884 ὅθεν

324 916 394 992 ἦν
411 921 475 993 δή
508 939 648 986 που,
689 924 785 976 καὶ
816 924 964 995 μάλα
998 925 1222 988 εἰκότως
1250 965 1265 989 ,
1303 926 1430 988 τοὺς
1462 924 1684 996 ἐτέρους
1732 941 1910 996 παρα-

331 1015 520 1084 χρῆμα
545 1013 946 1082 διαλογίζεσθαι
984 1014 1256 1085 μαθητάς,
1287 1014 1371 1078 τίς
1403 1015 1510 1085 ἄρα
1536 1014 1634 1068 καὶ
1662 1014 1848 1080 πόσος,
1874 1013 1908 1085 ἢ

332 1107 484 1160 ποῖον
507 1105 618 1172 ἕξει
644 1107 706 1159 τὸ
730 1107 962 1176 μέγεθος
981 1107 1090 1160 τῶν
1113 1106 1388 1178 ἐσομένων
1421 1108 1450 1159 ὁ
1482 1105 1646 1176 φόϐος
1667 1147 1682 1171 ,
1707 1105 1902 1160 δυσκα-

331 1194 648 1267 ταμάχητος
679 1196 736 1250 δὲ
757 1195 931 1260 οὕτως
954 1197 983 1249 6
1014 1196 1319 1268 πειρασμὸς
1340 1236 1356 1260 ,
1399 1196 1474 1260 ὡς
1497 1195 1639 1274 έλεῖν
1679 1195 1778 1265 μὲν
1817 1195 1910 1250 τὸν

333 1287 660 1358 προύχοντα,
686 1287 1013 1343 καταϐαλεῖν
1037 1289 1095 1342 δὲ
1131 1289 1229 1358 οὐχ
1259 1287 1424 1354 ἅπαξ,
1454 1287 1568 1341 ἀλλ’
1597 1289 1654 1340 ὲν
1683 1288 1766 1341 ἐνὶ
1810 1288 1910 1358 μὲν

334 1379 617 1444 πολλάκις,
657 1381 752 1434 καὶ
780 1382 840 1433 ὲν
869 1378 1032 1451 ὀλίγῳ
1067 1379 1264 1451 καιρῷ.
1292 1379 1388 1443 Τίς
1428 1374 1523 1433 οῦν
1550 1377 1661 1450 ἄρα
1690 1380 1750 1432 ἐν
1778 1381 1911 1450 ἡμῖν

331 1473 394 1526 τὸ
420 1474 476 1525 ἐν
508 1474 623 1536 τοῖς
650 1471 731 1526 ἔτι
770 1473 981 1544 χείροσι
1029 1473 1282 1541 γενέσθαι
1313 1470 1690 1540 διαφεύξεται,
1725 1469 1758 1541 ἢ
1794 1469 1912 1533 πῶς

333 1560 546 1626 ἀνθέξει
568 1578 652 1626 τις
691 1561 913 1632 ἕτερος,
951 1561 1048 1614 τοῦ
1086 1562 1294 1631 Πέτρου
1327 1560 1667 1630 κινουμένου,
1700 1560 1795 1613 καὶ
1830 1559 1912 1630 τῷ

335 1655 495 1726 βάρει
515 1654 624 1708 τῶν
641 1654 1090 1726 συμϐεϐηκότων,
1109 1654 1183 1717 ὡς
1200 1653 1538 1723 ἐξάνάγκης,
1559 1651 1878 1715 ὑπείκοντος
1893 1669 1908 1719 ;

332 1747 532 1818 Μάτην
565 1741 657 1800 οῦν
693 1745 822 1816 ἀρα,
864 1745 990 1808 τοὺς
1032 1743 1126 1796 ἐπὶ
1161 1743 1238 1814 τῷ
1275 1743 1471 1814 χρῆναι
1493 1742 1912 1796 κατακολουθεῖν

1389 358 1456 413 ΙΝ
1481 356 1770 414 ,ΙΟΑΝΝΙΞ
1806 353 2260 412 EVANGELIUM
2304 355 2432 412 ΗΒ.
2474 355 2565 412 IX.

3490 356 3592 415 l78

1931 471 1987 530 Δ
2084 467 2222 534 XIV,
2250 469 2300 522 l.
2336 467 2460 522 Non
2490 467 2728 522 turbetur
2753 485 2845 522 cor
2869 477 3117 523 vestrum.

2081 559 2380 633 Postquam
2409 562 2548 617 dixit
2575 576 2640 617 eo
2670 562 3006 620 inﬁrmitatis
3041 579 3302 621 casurum
3343 561 3589 632 Petrum,

2014 659 2074 708 ut
2099 661 2184 709 ter
2210 661 2516 725 negaturus
2545 655 2637 718 sit,
2672 655 2839 726 idque
2871 671 2980 710 una
3010 656 3063 712 in
3092 665 3256 713 nocte
3286 656 3336 711 ei
3365 667 3592 712 eventu-

2014 761 2165 812 rum,
2201 747 2748 804 vehementissimum
2803 748 3179 818 periculorum
3231 759 3434 803 metum
3467 764 3595 817 pm-

2017 839 2309 910 pemodum
2338 839 2602 895 indicavit
2621 840 2697 895 rei
2721 840 3039 912 hyperbole,
3064 841 3210 896 unde
3236 841 3362 911 jure
3395 842 3595 896 merito

2016 930 2111 984 alii
2138 931 2325 985 statim
2356 930 2617 1000 discipuli
2639 931 2782 1002 apud
2815 948 2874 988 se
2906 934 3152 1003 cogitare
3183 933 3596 1004 poterant-qui-

2017 1035 2144 1076 nam
2170 1028 2226 1076 et
2258 1031 2503 1092 quantus
2528 1029 2678 1078 esset
2722 1038 2909 1078 rerum
2947 1025 3258 1078 futurarum
3300 1033 3504 1088 metus,
3543 1033 3597 1079 et

2017 1127 2183 1184 quam
2213 1114 2396 1184 gravis
2430 1122 2484 1171 et
2541 1123 2856 1186 expugnatu
2905 1115 3140 1173 diﬁlcilis
3181 1117 3435 1181 tentatio,
3474 1131 3596 1187 qua:

2018 1207 2356 1276 praecipuum
2387 1213 2444 1262 et
2498 1205 2762 1262 eximium
2806 1207 2962 1262 illum
3021 1209 3284 1264 invasura
3337 1217 3504 1273 esset,
3542 1217 3596 1264 et

2017 1297 2298 1367 dejectura
2355 1312 2469 1353 non
2537 1299 2748 1363 semel,
2800 1299 2896 1355 sed
2936 1301 2989 1355 in
3045 1317 3156 1355 uno
3209 1316 3374 1370 δέρρει,
3421 1316 3598 1369 eoque

2018 1390 2169 1446 brevi
2197 1396 2466 1458 tempore.
2497 1389 2633 1455 Quis
2657 1400 2904 1446 nostrum
2933 1391 3102 1462 igitur
3124 1393 3396 1447 deteriore
3417 1391 3596 1446 adhuc

2020 1483 2142 1537 loco
2169 1496 2281 1536 non
2310 1481 2437 1545 erit,
2479 1490 2574 1536 aut
2607 1483 2889 1552 quomodo
2941 1484 3160 1539 resistet
3189 1484 3332 1540 alius
3366 1484 3512 1539 ullus
3549 1485 3595 1539 si

2017 1573 2215 1630 Petrus
2245 1575 2588 1638 concutitur,
2621 1583 2674 1629 et
2732 1590 2964 1630 casuum
3025 1576 3283 1647 gravitati
3329 1576 3478 1631 velut
3530 1593 3598 1632 ex

2019 1665 2352 1723 necessitate
2400 1666 2764 1723 succumbit?
2817 1666 3044 1723 Frustra
3081 1667 3247 1740 igitur
3312 1669 3370 1723 in
3411 1685 3477 1724 eo
3513 1685 3600 1724 se-

2019 1757 2242 1828 quendo
2268 1757 2484 1812 labores
2518 1759 2882 1828 pertulimus,
2917 1767 2974 1815 et
3027 1759 3096 1814 in
3141 1775 3312 1814 vanos
3368 1760 3606 1816 sudores.

332 1837 484 1908 αὑτῷ
536 1835 940 1907 διηντλήκαμεν
974 1834 1188 1898 πόνους,
1219 1835 1312 1887 καὶ
1333 1836 1413 1898 είς
1441 1833 1647 1904 ζημίαν
1675 1833 1915 1906 ἱδρώτων

2028 1849 2223 1903 abeunt
2247 1847 2421 1904 nostri
2449 1856 2710 1912 conatus,
2743 1851 2997 1919 quamvis
3032 1849 3188 1920 apud
3227 1849 3396 1904 Deum
3430 1852 3614 1904 vitam,

333 1929 631 2000 ὲκτελευτᾷ
660 1929 723 1982 τὸ
753 1928 1107 1999 ἐπιχείρημα,
1129 1925 1306 1980 καίτοι
1331 1925 1476 1996 ζωῆς
1498 1926 1596 1996 τῆς
1625 1926 1776 1998 παρὰ
1798 1925 1915 1995 Θεῷ

335 2022 594 2095 πρόξενον
623 2016 766 2074 εἶναι
791 2020 1003 2074 δοκοῦν.
1029 2019 1219 2074 Ταῦτά
1243 2036 1326 2072 τοι
1371 2017 1493 2072 καθ’
1524 2020 1750 2083 ἑαυτοὺς
1779 2018 1920 2072 διεν-

337 2112 623 2184 θυμεῖσθαι
649 2114 778 2176 τοὺς
808 2112 1060 2184 μαθητάς
1085 2112 1147 2166 τὸ
1174 2113 1403 2177 ἀπεικὸς
1430 2113 1583 2167 οὐδέν
1603 2129 1616 2142 ο
1644 2112 1832 2183 ἐπειδὴ
1862 2112 1920 2166 δὲ

339 2206 666 2278 κεκλιμένην
688 2206 875 2268 αὐτοῖς
906 2204 1005 2275 τὴν
1037 2203 1278 2258 διάνοιαν
1298 2202 1638 2274 ἐπανορθοῦν
1676 2202 1783 2255 ἔδει
1813 2201 1919 2256 πά-

342 2298 450 2365 λιν,
470 2300 761 2368 ἀναγκαῖον
791 2297 981 2368 ὥσπερ
1014 2299 1128 2360 τοῖς
1167 2295 1420 2350 ἐντεῦθεν
1453 2295 1825 2365 διαλογισμοῖς
1861 2309 1921 2347 τε

348 2391 445 2444 καὶ
481 2389 744 2461 δείμασιν,
783 2389 1113 2457 ἀντεπάγειν
1158 2387 1221 2441 τὸ
1286 2387 1602 2459 φάρμακον,
1648 2386 1811 2440 ὅπλον
1860 2401 1922 2437 τε

350 2482 620 2536 ποιεῖσθαι
645 2482 739 2554 τὴν
769 2481 1070 2554 ἀταραξίαν
1101 2480 1410 2543 ἐπιτάττει,
1435 2478 1642 2546 λέγων’
1675 2495 1693 2528 ι
1713 2476 1806 2548 Μὴ
1827 2494 1922 2530 τα-

351 2575 636 2646 ρασσέσθω
666 2575 814 2646 ὑμῶν
843 2575 1117 2647 ἡκαρδία.
1153 2574 1360 2644 ›,”Ορα
1387 2589 1452 2640 γε
1485 2571 1615 2642 μὴν,
1649 2571 1799 2634 ὅπως
1831 2571 1926 2622 ὲπ-

345 2669 718 2740 εσκιασμένως
769 2670 951 2733 αὐτοῖς
1001 2669 1102 2739 τῆς
1140 2666 1408 2739 ἐσομένης
1437 2666 1625 2728 αὐτοῖς
1658 2662 1926 2734 μικροψυ-

343 2761 466 2832 χίας
505 2761 845 2832 ὑπισχνεῖται
879 2759 977 2830 τὴν
1007 2761 1222 2828 ἄφεσιν.
1285 2755 1789 2818 Ἀκατακαλύπτως
1826 2755 1926 2826 μὲν

343 2853 451 2924 γὰρ
489 2851 548 2905 ού
582 2869 767 2921 φησιν,
805 2853 888 2906 ὅτι
912 2849 1312 2920 Συγγνώσομαι
1341 2849 1437 2904 καὶ
1465 2847 1851 2920 ὴσθενηκόσιν,
1890 2846 1928 2916 ἦ

341 2946 423 2998 ὅτι
452 2945 754 3015 Συνέσομαι
774 2944 938 3000 πάλιν
971 2944 1122 2998 οὐδὲν
1153 2937 1315 3015 ἦττον
1339 2939 1740 3013 ἀρνησαμένοις
1768 2937 1802 3007 ἢ
1829 2955 1928 2990 πε-

343 3034 624 3104 φευγόσιν,
646 3035 734 3088 ἵνα
761 3034 836 3104 μὴ
857 3035 948 3087 τὸν
968 3035 1032 3087 ὲκ
1049 3032 1142 3086 τοῦ
1165 3031 1430 3101 γελᾶσθαι
1449 3034 1464 3054 ⁶
1486 3028 1651 3100 φόϐον
1665 3027 1928 3093 ὁλοτελῶς

342 3128 677 3198 ἀποστήσας,
732 3126 830 3180 καὶ
859 3125 956 3197 τὴν
1006 3127 1071 3180 ὲκ
1116 3124 1212 3178 τοῦ
1266 3122 1634 3196 προσκρούειν
1669 3120 1929 3174 ὑπόνοιαν

2019 1938 2321 1994 conciliare
2351 1937 2666 1992 videantur.
2700 1942 2827 1994 Haac
2859 1939 3003 2010 apud
3025 1955 3085 1995 se
3113 1939 3420 2008 discipulos
3450 1940 3602 2010 cogi-

2018 2037 2139 2084 tare
2171 2045 2283 2084 non
2313 2030 2412 2086 abs
2436 2047 2498 2087 re
2533 2031 2766 2087 dixerim
2799 2051 2810 2085 :
2859 2032 2957 2088 sed
3007 2046 3133 2086 cum
3182 2031 3462 2087 labantem
3489 2030 3603 2085 ani-

2018 2137 2168 2176 mum
2204 2137 2401 2178 rursus
2433 2125 2647 2195 erigere
2687 2133 2836 2180 esset
2867 2125 2948 2180 eis
2980 2139 3160 2193 operae
3193 2125 3452 2194 pretium,
3503 2138 3601 2178 ne-

2021 2214 2321 2270 cessarium
2353 2214 2764 2286 quodammodo
2793 2215 2881 2273 his
2923 2215 3354 2285 cogitationibus
3387 2229 3452 2270 ac
3486 2221 3600 2269 ter-

2020 2306 2242 2362 roribus
2274 2305 2435 2361 oﬁert
2463 2308 2795 2374 remedium,
2821 2323 3029 2380 eosque
3079 2308 3380 2364 securitate
3432 2306 3609 2360 animi-

2022 2397 2227 2450 armari
2256 2395 2412 2466 jubet
2435 2396 2658 2454 dicens:
2688 2414 2709 2450 α
2739 2395 2858 2455 Non
2885 2397 3138 2452 turbetur
3161 2411 3257 2451 cor
3279 2405 3546 2451 vestrum.
3578 2413 3614 2446 »-

2023 2487 2160 2542 Vide
2193 2503 2362 2558 porro
2401 2496 2462 2542 ut
2487 2489 2571 2544 eis
2597 2488 2924 2544 adumbrate
2953 2487 3292 2542 infirmitatis
3322 2486 3603 2542 remissio-

2022 2594 2148 2634 nem
2179 2580 2529 2650 polliceatur.
2573 2579 2684 2635 Nec
2712 2580 2857 2635 enim
2910 2586 3097 2650 aperte
3161 2580 3237 2633 ait
3278 2593 3338 2634 se
3384 2578 3601 2632 veniam

2024 2669 2285 2724 daturum
2333 2670 2500 2724 etiam
2554 2668 2827 2734 inﬁrmis,
2878 2676 2972 2722 aut
3009 2667 3195 2723 denuo
3259 2674 3616 2722 versaturum-

2027 2774 2152 2815 cum
2189 2760 2260 2816 iis
2292 2775 2322 2814 a
2353 2761 2558 2831 quibus
2591 2769 2825 2830 negatus
2856 2758 3043 2822 fuerit,
3071 2768 3164 2813 aut
3192 2758 3290 2829 qui
3339 2756 3602 2829 fugerint,

2025 2868 2096 2908 ne
2127 2860 2275 2908 metu
2314 2853 2607 2924 supplicii‘
2641 2852 2882 2916 sublato,
2907 2861 2964 2908 et
2985 2850 3309 2907 oﬂ'ensionis
3339 2848 3604 2919 opinione

2029 2961 2261 3016 prorsus
2300 2944 2591 3000 amandata
2616 2945 2876 3016 perfacile
2898 2945 2981 3000 eis
3013 2951 3300 3016 peccatum
3321 2941 3603 3004 redderet,

2030 3045 2086 3091 et
2114 3035 2421 3106 negationis
2461 3035 2679 3106 culpam
2707 3049 2807 3105 pro
2838 3035 3013 3090 nihilo
3047 3035 3327 3091 aestimare
3366 3033 3605 3087 doceret.

2035 3126 2174 3181 Cum
2223 3133 2406 3182 autem
2471 3126 2691 3182 dicebat
2741 3127 2955 3181 turbari
2987 3141 3098 3182 non
3144 3131 3420 3196 oportere,
3466 3124 3609 3179 inter

343 3216 604 3281 ὁλπελῶς
657 3215 872 3287 ἀφελὼν
899 3256 914 3277 ,
980 3215 1122 3272 λεῖον
1170 3215 1358 3277 αὐτοῖς
1419 3211 1811 3284 ἀπεργάσηται
1866 3209 1924 3264 τὸ

2034 3216 2194 3288 761
2238 3231 2389 3286 spem
2427 3231 2492 3270 ac
2517 3223 2722 3271 metum
2757 3230 2855 3272 eos
2888 3216 3146 3286 ponebat,
3179 3225 3242 3270 ut
3269 3213 3505 3268 inﬁrmis
3542 3212 3610 3266 iis

345 3310 728 3382 πλημμέλημα
750 3351 765 3375 ,
805 3310 900 3362 καὶ
931 3308 1063 3379 παρ’
1102 3308 1255 3362 οὐδὲν
1284 3306 1560 3360 ποιεῖσθαι
1603 3303 1792 3375 διδάξῃ
1826 3302 1926 3375 τὴν

345 3404 410 3455 ἐκ
429 3403 524 3473 τῆς
542 3403 822 3474 ἀρνήσεως
853 3401 1084 3472 μέμψιν.
1109 3401 1182 3454 Τὸ
1215 3400 1272 3454 δὲ
1304 3399 1368 3469 δὴ
1391 3398 1465 3470 μὴ
1491 3397 1691 3469 χρῆναι
1723 3396 1930 3467 ταράτ-

342 3495 534 3548 τεσθαι
563 3495 759 3562 λέγων,
793 3495 988 3564 μέσους
1010 3493 1207 3556 αὐτοὺς
1239 3491 1456 3555 ἐλπίδος
1479 3490 1648 3544 ὲτίθει
1702 3490 1798 3542 καὶ
1819 3487 1929 3542 δεί-

349 3604 541 3657 ματος,
576 3587 641 3640 ἵν’
681 3586 1010 3655 ἠσθενηκόσι
1067 3585 1165 3653 μὲν
1209 3584 1302 3636 καλ⁹
1345 3581 1610 3636 παθοῦσιν
1655 3582 1838 3644 αὐτοῖς
1871 3579 1932 3634 τὸ

347 3675 697 3746 ἀνθρώπινον
727 3678 760 3745 ἡ
791 3679 888 3745 τῆς
920 3675 1259 3745 ἡμερότητος
1306 3673 1461 3736 ἐλπὶς
1509 3672 1646 3743 πρὸς
1705 3671 1768 3724 τὸ
1801 3672 1932 3725 ἁνα-

355 3767 559 3837 σφῆλαι
579 3784 641 3818 συ
650 3769 861 3836 μμαχῇ,
879 3765 1126 3832 ὀλιγάκις
1140 3763 1195 3816 δὲ
1209 3762 1420 3815 πταίειν
1432 3761 1561 3815 ὁτοῦ
1577 3760 1935 3832 προσκρούειν

356 3860 553 3922 αὐτοὺς
584 3857 852 3928 ἐπιτρέπῃ
888 3855 1073 3926 φόϐος,
1096 3854 1326 3925 ἐπείπερ
1360 3854 1544 3917 αὐτοῖς
1572 3851 1732 3906 οῦπω
1765 3853 1935 3923 μετῆν

354 3956 416 4007 τὸ
440 3953 514 4026 μὴ
543 3951 800 4005 δύνασθαι
819 3949 1128 4004 διαπίπτειν
1157 3948 1314 4012 ὅλως,
1343 3945 1495 4000 οὔπω
1522 3949 1937 4017 κατημφιεσμέ-

354 4064 466 4108 νοις
498 4045 600 4115 τὴν
640 4043 845 4099 ἀνωθεν
897 4043 993 4096 καὶ¹
1039 4042 1138 4113 τὴν
1187 4041 1246 4105 ἐξ
1280 4039 1448 4110 ὕψους
1497 4039 1748 4109 δύναμιν,
1787 4038 1934 4094 τοῦτ’

352 4139 488 4203 ἔστι,
520 4138 619 4208 τὴν
650 4137 739 4190 διὰ
771 4135 862 4190 τοῦ
899 4134 1220 4205 Πνεύματος
1239 4135 1421 4205 χάριν.
1476 4133 1784 4187 Ἐπιτάττει
1821 4151 1936 4188 τοι-

353 4227 663 4301 γαροῦνηιὴ
691 4226 1080 4299 ταράττεσθαι,
1123 4224 1258 4296 ὁμοῦ
1288 4225 1388 4295 μὲν
1419 4223 1708 4288 διδάσκων,
1745 4225 1939 4296 ὅτιπερ

354 4324 622 4395 προσήκοι
675 4321 740 4392 δὴ
776 4321 994 4383 πάντως
1052 4319 1309 4390 ἀμείνους
1351 4311 1493 4370 εἶναι
1526 4316 1729 4380 δειλίας
1757 4358 1772 4383 ,
1812 4317 1942 4380 τοὺς

356 4413 718 4482 ἀγωνίζεσθαι
755 4413 1049 4482 μέλλοντας
1099 4412 1194 4464 κα)⁸
1217 4411 1343 4473 τοὺς
1371 4409 1510 4480 ὑπὲρ
1546 4409 1644 4480 τῆς
1671 4410 1751 4472 εἰς
1771 4409 1940 4479 ἄκρον

359 4506 608 4569 εὐκλείας
627 4505 973 4575 εἰσϐήσεσθαι
995 4503 1209 4566 πόνους.
1236 4502 1397 4571 Μέγα
1421 4501 1530 4572 γὰρ
1549 4503 1629 4564 είς
1651 4501 1939 4571 εὐτολμίαν

2033 3319 2088 3365 et
2117 3309 2344 3364 humani
2404 3307 2662 3378 quiddam
2695 3307 3033 3378 patientibus
3065 3305 3331 3361 bonitatis
3380 3319 3506 3375 spes
3544 3303 3612 3356 ad

2033 3400 2416 3470 respirandum
2467 3399 2854 3470 opitularetur,
2907 3406 2963 3454 et
3017 3413 3145 3453 raro
3184 3395 3385 3452 cadere
3442 3393 3614 3450 oil‘en—

2034 3491 2199 3547 dendi
2230 3501 2407 3546 metus
2434 3506 2531 3546 eos
2577 3491 2920 3555 admoneret,
2967 3487 3412 3561 quandoquidem
3443 3501 3622 3557 penes

2035 3599 2131 3641 eos
2183 3583 2429 3639 nondum
2481 3591 2604 3638 erat
2652 3589 2713 3636 ut
2775 3582 2972 3637 cadere
3034 3595 3144 3635 non
3172 3585 3429 3649 possent,
3487 3593 3614 3631 cum

2037 3676 2279 3732 nondum
2308 3675 2512 3731 virtute
2539 3689 2782 3745 superna
2813 3681 2868 3728 et
2891 3688 2958 3728 ex
2991 3673 3101 3726 alto
3132 3671 3308 3726 induti
3342 3669 3612 3734 essent“,

2039 3771 2143 3826 hoc
2182 3778 2266 3826 est
2291 3769 2533 3839 Spiritus
2563 3767 2762 3838 gratia.
2796 3765 2960 3822 Jubet
2991 3766 3178 3835 itaque
3210 3773 3271 3819 ut
3328 3779 3440 3818 non
3496 3770 3615 3816 tur-

2037 3863 2256 3928 bentur,
2297 3877 2407 3916 non
2459 3861 2626 3916 modo
2660 3858 2880 3930 quidem
2934 3857 3138 3912 docens
3190 3863 3340 3910 metu
3391 3853 3617 3908 omnino

2040 3955 2351 4025 superiores
2385 3969 2508 4010 esse
2539 3953 2739 4008 debere
2769 3951 2861 4022 qui
2895 3949 3160 4006 certaturi
3193 3959 3346 4012 sunt,
3409 3954 3464 4000 et
3517 3944 3614 4016 qui

2040 4063 2142 4117 pro
2195 4061 2407 4102 summa
2441 4046 2614 4118 gloria
2670 4044 2886 4099 labores
2933 4051 3063 4099 sunt
3120 4040 3331 4095 inituri.
3364 4038 3617 4109 Magnum

2041 4139 2224 4209 itaque
2275 4139 2342 4192 ad
2395 4137 2566 4192 animi
2621 4137 2881 4190 virtutem
2935 4131 3244 4190 subsidium
3309 4137 3395 4185 est
3463 4142 3661 4195 mens.

2043 4233 2449 4302 imperterrita:
2489 4247 2680 4288 verum
2721 4230 2890 4285 etiam
2935 4227 3234 4283 obscurius
3292 4239 3393 4278 nec
3423 4222 3619 4276 admo-
3656 4212 3668 4251 ³

2044 4326 2172 4381 dum
2206 4333 2413 4395 aperte,
2442 4323 2788 4380 remissionis
2830 4331 3010 4376 tamen
3049 4333 3203 4388 Spem
3241 4316 3618 4375 subinserens,

2044 4414 2176 4468 licet
2219 4429 2286 4467 ex
2341 4413 2659 4467 inﬁrmitate
2712 4412 2952 4465 humana
2999 4409 3054 4464 in
3110 4407 3460 4462 timiditatem
3512 4403 3622 4458 labi

2047 4501 2362 4570 contigerit.
2399 4502 2632 4556 Animus
2695 4501 2842 4556 enim
2899 4512 3135 4568 superna
3171 4496 3348 4566 gratia
3377 4495 3620 4549 nondum

363 4598 572 4666 ἐφόδιον
600 4599 628 4650 6
657 4598 927 4668 ἀτάραχος
952 4595 1076 4658 νοῦς
1105 4611 1118 4623 ο
1145 4593 1283 4665 ὁμοῦ
1312 4594 1369 4646 δὲ
1410 4589 1474 4647 αὖ
1509 4592 1670 4646 πάλιν
1697 4592 1924 4664 ἀμυδρό⁴

2051 4594 2324 4657 ﬁrmatus,
2359 4592 2584 4646 timidus
2618 4599 2724 4657 est,
2755 4607 2820 4645 ac
2850 4591 3011 4645 facile
3044 4589 3290 4651 concuti,
3327 4587 3626 4653 statimque

360 4706 539 4762 τερον,
576 4689 671 4742 καὶ
703 4690 763 4740 οῦ
792 4688 1000 4758 σφόδρα
1028 4683 1306 4752 διαφανῶς
1329 4723 1344 4748 ,
1386 4682 1736 4753 ὑποσπείρων
1765 4682 1809 4735 δ’
1849 4678 1941 4735 οὖν

362 4782 504 4852 ὅμως
562 4781 659 4851 τῆς
701 4779 952 4849 ἀφέσεως
985 4777 1083 4847 τὴν
1117 4775 1328 4842 ἐλπίδα,
1357 4776 1451 4827 καὶ
1498 4776 1546 4826 εί
1583 4775 1793 4842 γένοιτό
1827 4792 1941 4837 πως

2053 4685 2267 4738 turbari
2336 4684 2494 4739 solet.
2532 4682 2879 4753 Proindeque
2919 4682 3126 4736 Paulus
3182 4677 3626 4748 sapientissimus

2057 4777 2197 4832 bene
2223 4792 2454 4847 precans
2485 4777 2769 4832 nonnullis
2794 4776 3028 4832 scribit:
3082 4794 3100 4825 ι
3143 4773 3209 4828 Et
3243 4785 3347 4842 pax
3395 4767 3626 4831 Christi,

364 4877 546 4938 αὐτοῖς
585 4876 646 4928 τὸ
689 4875 750 4938 ἐξ
788 4872 1142 4944 ἀνθρωπίνης
1195 4867 1562 4939 μικροψυχίας
1604 4865 1924 4920 κατολισθεῖε

2046 4884 2167 4938 quae
2221 4879 2518 4940 exsuperat
2567 4885 2786 4924 omnem
2837 4883 3086 4930 sensum,
3145 4863 3426 4920 custodiat
3458 4860 3627 4915 corda

366 4970 447 5030 εἰς
481 4967 701 5020 δειλίαν.
737 4966 884 5029 Νοῦς
927 4965 1038 5036 γάρ
1085 4961 1242 5016 οῦπω
1291 4962 1358 5030 τῇ
1397 4958 1607 5013 ἄνωθεν
1659 4958 1924 5029 ἱδρυμένοι

2046 4967 2232 5016 vestra
2255 4961 2324 5015 ⁸⁸.
2377 4980 2395 5013 ι
2446 4960 2503 5015 ld
2532 4962 2679 5016 enim
2725 4970 2828 5027 cst,
2880 4968 2938 5013 ut
2971 4974 3078 5014 non
3112 4956 3372 5011 turbetur
3411 4967 3510 5007 cor
3536 4966 3630 5005 ve-

365 5061 568 5130 χᾶιριτι,
607 5058 778 5122 δειλός
809 5075 869 5110 τε
922 5058 1015 5110 καὶ
1037 5054 1462 5124 εῦανάτρεπτος,
1505 5049 1598 5103 καὶ
1629 5049 1710 5113 είς
1731 5050 1792 5103 τὸ
1821 5051 1946 5106 XM.-
2052 5061 2250 5109 strnm.

362 5149 566 5202 νεῖσθαι
598 5148 785 5219 ταχύς.
809 5146 908 5201 Διά
929 5163 1010 5200 τοι
1037 5143 1231 5208 τοῦτο,
1267 5140 1362 5193 καὶ
1396 5141 1425 5191 6
1491 5138 1805 5208 σοφώτατος
1865 5141 2077 5204 Παῦλος
2140 5146 2507 5216 ἐπευχόμενός
2549 5165 2692 5201 τισιν
2741 5143 3084 5199 ἐπιστέλλει·
3148 5161 3166 5192 ‹
3200 5141 3312 5194 Καὶ
3361 5139 3394 5207 ἡ
3440 5133 3631 5204 εἰρήνη

277 5279 285 5287 -
362 5241 456 5293 τοῦ
488 5240 729 5312 Χριστοῦ
757 5280 771 5302 ,
811 5240 845 5307 ἡ
879 5237 1224 5310 ὑπερέχουσα
1261 5235 1442 5288 πάντα
1471 5230 1594 5285 νοῦν
1645 5233 1943 5304 φρουρήσει
1981 5235 2079 5300 τὰς
2107 5239 2334 5308 καρδίας
2358 5238 2532 5310 ὑμῶν,
2571 5259 2589 5290 ι
2626 5239 2798 5293 Τοῦτο
2824 5242 2931 5311 γάρ
2954 5239 3068 5289 ἐστι
3101 5233 3160 5285 τὸ
3221 5230 3296 5301 μὴ
3364 5228 3630 5298 ταράττε-

369 5333 490 5388 σθαι
521 5334 619 5405 τὴν
647 5331 898 5402 καρδίαν.

439 5426 754 5479 Πιστεύετε
795 5427 881 5490 εἰς
908 5424 1015 5476 τὸν
1045 5421 1213 5485 Θεὸν,
1235 5418 1332 5473 καί
1365 5417 1452 5480 είς
1481 5415 1584 5484 ἐμὲ
1609 5420 1946 5474 πιστεύετε.

450 5517 710 5587 Ὁπλίτην
732 5517 1026 5588 ἐργάζεται
1065 5512 1157 5566 τὸν
1183 5511 1307 5578 ἄρτι
1339 5505 1533 5571 δειλὸν,
1562 5509 1654 5562 καὶ
1678 5510 1767 5563 διὰ
1804 5531 1949 5583 πρα..

373 5609 594 5682 γμάτων
618 5610 682 5662 ὲκ
705 5608 869 5678 φόϐου
896 5606 1225 5679 τραυμάτων
1259 5596 1531 5653 ποιεῖσθαι
1563 5600 1773 5656 κελεύει
1798 5605 1858 5656 τὸ
1893 5607 1949 5659 ἐν

2129 5417 2246 5472 XIV
2269 5459 2284 5485 ,
2331 5421 2383 5474 ‘l.
2419 5417 2626 5473 Credite
2653 5419 2706 5470 in
2733 5416 2928 5477 Deum,
2960 5419 3007 5464 et
3031 5412 3084 5463 in
3116 5427 3194 5463 me
3221 5410 3427 5464 credite.

2129 5511 2231 5577 Qui
2260 5513 2422 5567 modo
2452 5511 2676 5565 timidus
2702 5519 2819 5562 erat
2847 5517 2995 5558 nunc
3023 5503 3282 5556 audacem
3319 5503 3636 5556 bellatorem

2062 5602 2230 5666 facit,
2285 5611 2337 5656 et
2385 5617 2480 5672 per
2519 5614 2716 5669 Opera,
2765 5612 2828 5652 ex
2876 5594 3098 5648 timoris
3149 5593 3468 5647 vulneribus
3518 5602 3638 5641 ere.

445 5791 488 5822 “
520 5789 652 5844 Luc.
695 5801 821 5840 xxiv
880 5784 967 5840 i9.
1049 5783 1089 5814 ""
1132 5783 1366 5854 Philipp.
1407 5803 1477 5853 Iv,
1529 5789 1575 5840 Τ.
