4076 6270
389 274 488 329 179

1429 277 1484 332 S.
1524 276 1799 333 CYRILLI
1832 277 2308 338 ΑιΕΧΑΝυιιιΜ
2340 283 2661 341 ARCIHEP.

3548 289 3649 345 180

390 400 541 447 ctum
567 399 624 448 et
654 391 852 449 fortem
881 394 1126 449 animum
1149 394 1203 448 in
1231 393 1337 450 ﬁde
1365 394 1478 449 ﬁcri
1507 393 1683 464 jubet.
1710 392 1801 450 Sic
1823 394 1968 451 enim

2100 396 2256 452 ιίστει
2296 401 2514 472 γοργόν.
2564 401 2860 473 Σωζόμεθα
2906 402 3015 474 γὰρ
3041 401 3233 467 οὕτως,
3279 402 3374 456 καὶ
3422 403 3521 474 οὐχ
3548 405 3666 458 ἑτέο

395 487 701 553 salvamur,
736 500 802 542 ac
837 502 944 542 non
984 486 1164 553 aliter,
1187 486 1348 558 juxta
1380 487 1514 543 illud
1551 488 1698 559 quod
1730 489 1788 542 in
1819 487 1973 543 Psal-

395 583 501 638 mis
531 580 750 637 canitur
795 596 809 635 :
864 599 883 634 ι
924 579 1192 636 Dominus
1244 579 1578 636 illuminatio
1608 594 1731 636 mea
1764 588 1823 636 et
1854 577 1976 635 Sai-

395 682 558 728 vator
595 687 753 730 meus
799 692 812 728 :
861 687 1025 743 quem
1082 671 1336 729 timebo?
1380 670 1650 729 Dominus
1694 677 1977 743 protector

392 766 521 821 vitae
545 780 700 830 more,
733 780 765 819 a
797 780 908 835 quo
935 764 1223 835 trepidabo
1251 764 1335 819 “1'
1373 764 1798 836 Cunctipotente
1824 764 1976 821 enim

393 858 505 913 Deo
532 872 630 930 pro
654 857 814 914 nobis
839 864 1121 928 pugnante
1145 863 1314 928 atque
1336 871 1437 912 nos
1457 865 1813 929 protegente,
1846 857 1974 927 quis

392 951 554 1007 nobis
595 963 793 1005 nocere
834 947 1059 1021 possit?
1096 947 1233 1016 Quis
1262 955 1474 1004 tantum
1500 948 1719 1005 roboris
1746 948 1978 1006 habitu-

395 1057 492 1097 rus
514 1047 599 1099 est
621 1056 865 1112 unquam
891 1081 907 1108 ,
948 1047 1012 1097 ut
1051 1042 1263 1098 electos
1308 1041 1419 1098 sibi
1450 1040 1712 1113 subjiciat
1738 1082 1751 1108 ,
1781 1049 1838 1098 et
1864 1057 1982 1099 suae

397 1133 776 1201 pcrversitatis
831 1114 1103 1189 obnoxios
1152 1129 1373 1186 faciat?
1418 1130 1532 1188 Aut
1572 1132 1701 1203 quis
1730 1133 1983 1205 captives

398 1225 567 1280 faciat
599 1239 695 1281 eos
736 1225 831 1296 qui
866 1223 1054 1281 divina
1085 1222 1334 1294 undique
1370 1224 1573 1281 muniti
1617 1233 1750 1282 sunt
1797 1239 1983 1280 arma-

401 1315 565 1371 tura?
610 1313 772 1372 Fides
808 1315 995 1386 itaque
1040 1323 1322 1370 armalura
1364 1321 1455 1371 est
1488 1314 1727 1372 infracta
1755 1325 1811 1373 et
1835 1317 1946 1371 lata
1968 1355 1986 1383 ,

400 1424 523 1480 quae
567 1409 840 1481 ignaviam
888 1422 956 1463 ac
1007 1394 1280 1464 terrorem
1320 1409 1571 1473 avertit,
1618 1417 1674 1465 et
1724 1411 1989 1481 nequitia:

2080 507 2212 560 ρως,
2249 492 2368 544 κατ’
2399 492 2576 546 έκεῖνο
2597 491 2660 563 δή
2708 508 2810 545 που
2838 491 2899 544 τὸ
2930 493 2987 543 έν
3032 489 3286 561 Ψαλμοῖς
3320 490 3665 562 μελῳδούμε-

2079 599 2196 637 νον·
2243 600 2263 635 t
2303 581 2508 654 Κύριος
2563 581 2843 653 φωτισμός
2876 597 2979 652 μου
3029 580 3124 634 καὶ
3169 580 3355 651 σωτήρ
3386 596 3510 650 μου,
3545 579 3665 632 τίνα

2080 674 2495 747 φοϐηθήσομαι;
2537 672 2744 745 Κύριος
2786 671 3203 745 ὑπερασπιστὴς
3230 670 3331 741 τῆς
3357 670 3506 742 ζωῆς
3539 689 3665 742 μου,

2081 767 2189 821 ἀπὸ
2214 766 2359 831 τίνος
2376 766 2664 831 δειλιάσω;
2689 784 2707 816 ι
2727 763 3216 835 ’Υπερμαχομένου
3239 760 3369 834 γὰρ,
3388 762 3483 815 καὶ
3508 763 3670 832 ὑπερ-

2081 858 2410 923 ασπίζοντος
2449 855 2608 928 ἡμῶν
2647 854 2741 909 τοῦ
2773 855 2952 910 πάντα
2996 852 3273 925 ίσχύοντος
3302 852 3463 917 Θεοῦ,
3486 852 3567 915 τίς
3602 852 3670 906 ἂν

2081 949 2231 1021 ἡμᾶς
2253 947 2471 1004 δύναιτο
2497 943 2739 1013 κακοῦν;
2785 943 2881 1008 Τίς
2911 944 2969 998 δὲ
3006 943 3190 1015 ίσχύος
3229 946 3311 1008 είς
3345 942 3506 998 τοῦτο
3540 943 3670 1015 δρας

2088 1042 2269 1112 μεῖται
2312 1038 2498 1111 τυχὸν,
2562 1039 2638 1105 ὡς
2694 1037 2798 1094 ὑπὸ
2844 1040 3003 1109 χεῖρα
3059 1037 3283 1109 ποιῆσαι
3343 1037 3471 1102 τοὺς
3516 1037 3671 1091 ἐκλε-

2085 1133 2271 1196 κτοὺς,
2295 1132 2392 1185 καὶ
2419 1135 2531 1195 τοῖς
2554 1131 2656 1200 τῆς
2677 1129 2872 1184 ἑαυτοῦ
2888 1128 3219 1200 δυστροπίας
3246 1128 3527 1184 ὑποθεῖναι
3570 1147 3670 1184 κα-

2088 1228 2242 1292 κοῖς;
2286 1225 2358 1278 Ἢ
2394 1224 2479 1289 τίς
2511 1224 2579 1279 ἂν
2611 1224 2806 1290 ἕλοιτο,
2843 1224 2937 1279 καὶ
2971 1224 3340 1296 δορυκτήτους
3382 1225 3673 1296 ποιήσαιτο

2087 1320 2217 1382 τοὺς
2257 1317 2358 1388 τὴν
2391 1316 2544 1370 θείαν
2590 1316 2812 1388 ἔχοντας
2864 1315 3224 1387 παντευχίαν;
3264 1315 3467 1371 Ὅπλον
3505 1312 3598 1370 οὖν
3637 1318 3671 1388 ὴ

2092 1408 2298 1472 πίστις,
2328 1406 2574 1479 ἀρῤαγές
2598 1424 2657 1461 τε
2679 1406 2776 1461 καὶ
2804 1404 3001 1471 πλατὺ,
3028 1406 3121 1458 καὶ
3148 1403 3248 1475 τὴν
3279 1406 3343 1459 ὲκ
3360 1403 3456 1458 τοῦ
3479 1403 3673 1459 παθεῖν

401 1500 512 1558 tela
532 1499 689 1556 irrita
718 1506 772 1556 et
801 1497 1023 1555 inutilia
1053 1513 1286 1569 prorsus
1310 1498 1496 1555 eﬁicit.
1525 1498 1665 1555 Cum
1700 1515 1833 1572 ergo
1863 1499 1989 1557 ﬁdei

2100 1500 2296 1556 >ῐεσθαί
2350 1517 2403 1555 τι
2452 1499 2614 1570 τυχὸν
2664 1497 2973 1570 ἀποτρέπον
3018 1497 3241 1565 δειλίαν,
3302 1498 3563 1567 ἄπρακτά
3612 1514 3673 1552 τε

401 1594 547 1650 ratio
572 1594 649 1647 ita
681 1607 743 1649 se
773 1591 975 1647 habeat
996 1630 1012 1656 ,
1044 1590 1449 1647 observandum
1472 1599 1561 1647 est
1581 1607 1783 1649 rursus
1797 1593 1988 1663 jussos

2100 1591 2376 1656 παντελῶς
2413 1593 2507 1645 καὶ
2539 1591 2772 1661 ἀνόνητα
2793 1587 3071 1653 παντελῶς
3093 1591 3206 1653 τοῖς
3232 1588 3575 1661 πειράζουσι,
3605 1588 3675 1642 τὰ

403 1698 531 1741 esse
556 1682 866 1753 discipulos
897 1697 1008 1737 non
1041 1682 1101 1738 in
1140 1681 1313 1739 Deum
1340 1691 1553 1739 tantum
1594 1685 1822 1741 credere
1843 1725 1859 1751 ,
1892 1685 1989 1743 sed

2100 1685 2191 1756 τῆς
2221 1684 2488 1756 πονηρίας
2515 1683 2694 1737 αὐτῶν
2722 1679 3016 1736 ἀποτελοῦν
3046 1680 3198 1752 βέλη.
3233 1680 3490 1751 Ἔχοντος
3512 1679 3568 1732 δὲ
3593 1678 3675 1732 οῦ-

406 1787 463 1834 et
492 1778 546 1832 in
577 1776 758 1846 ipsum
786 1772 1068 1831 Christum
1095 1816 1112 1842 ,
1153 1790 1261 1831 non
1297 1777 1443 1846 quod
1482 1777 1601 1848 ipse
1633 1778 1784 1834 aliud
1821 1780 1986 1852 quid-

407 1869 534 1923 dam
586 1868 668 1924 sic
709 1881 774 1922 ac
811 1866 1093 1924 diversum
1133 1884 1164 1923 a
1198 1867 1309 1925 Deo
1347 1871 1655 1927 secundum
1689 1880 1942 1930 naturam
1969 1914 1984 1938 ,

408 1959 693 2017 identitate
725 1959 990 2015 nimirum
1024 1960 1349 2019 substantiae
1376 1981 1392 2031 ;
1425 1962 1522 2020 sed
1552 1965 1706 2035 quia,
1734 1967 1823 2025 his
1849 1968 1989 2023 dun-

408 2059 561 2108 taxat
587 2052 814 2110 credere
844 2054 900 2107 in
928 2051 1121 2118 Deum,
1159 2053 1282 2110 ﬁdei
1308 2056 1640 2127 completam
1664 2073 1789 2116 esse
1817 2060 1988 2115 ratio-

410 2162 535 2203 nem
594 2146 920 2204 existimare
948 2186 965 2214 ,
1012 2146 1259 2203 Judaica:
1304 2149 1715 2218 quodammodo
1754 2151 1992 2208 levitatis

410 2239 694 2311 preprium
727 2239 888 2312 762
920 2248 1036 2307 est,
1065 2240 1170 2296 ﬁde
1197 2254 1330 2296 vero
1355 2241 1409 2297 in
1435 2239 1606 2297 Deum
1635 2241 1759 2298 Filii
1790 2258 1990 2299 nomen

412 2330 695 2387 includere
720 2369 738 2395 ,
796 2328 1207 2400 pmdicationis
1266 2331 1601 2403 evangelicae
1657 2343 1991 2403 praeceptum

412 2437 538 2479 esse
566 2421 805 2477 videtur.
831 2420 1116 2492 Quotquot
1144 2421 1293 2477 enim
1317 2429 1470 2478 recte
1502 2422 1788 2488 sentiunt,
1821 2423 1992 2481 Deum

416 2529 481 2569 ac
509 2512 725 2569 Patrem
768 2512 994 2569 credere
1029 2520 1283 2583 oportet,
1334 2529 1513 2586 neque
1562 2516 1889 2588 simpliciter
1939 2518 1996 2573 in

415 2603 616 2661 Filium
643 2644 659 2671 ,
693 2603 790 2661 sed
832 2611 890 2662 et
939 2603 1095 2660 illum
1132 2604 1481 2661 incarnatum
1508 2646 1524 2673 ,
1568 2614 1624 2663 et
1653 2608 1710 2663 ln
1743 2618 1997 2666 sanctum

419 2697 711 2768 Spiritum.
756 2694 959 2751 Sancta
1007 2697 1154 2752 enim
1200 2704 1255 2753 et
1296 2697 1789 2755 consubstantialis
1812 2698 2003 2755 Trini-

418 2796 508 2844 tas
533 2830 549 2855 ,
584 2794 640 2843 et
666 2786 953 2842 nominum
982 2784 1344 2852 diﬁ‘erentiis,
1388 2796 1443 2841 et
1470 2801 1832 2858 personarum
1864 2804 2002 2861 qua-

420 2878 675 2934 litatibus
727 2891 792 2933 ac
854 2876 1286 2948 proprietatibus
1342 2876 1711 2951 distinguitur
1755 2895 1771 2932 :
1839 2879 2003 2936 Pater

419 2969 568 3023 enim
606 2975 691 3024 est
735 2965 934 3031 Pater,
979 2981 1045 3022 ac
1096 2979 1209 3021 non
1251 2962 1431 3021 Filius
1457 3003 1474 3031 ,
1517 2975 1573 3022 et
1604 2964 1777 3024 Filius
1806 2982 2003 3024 rursus

2088 1796 2167 1833 τω
2191 1777 2286 1832 τοῦ
2307 1778 2408 1848 τῆς
2437 1775 2673 1839 πίστεως
2692 1775 2876 1843 λόγου,
2906 1772 3067 1827 πάλιν
3094 1774 3271 1827 ἐκεῖνο
3297 1772 3672 1827 διασκεπτέον·

2088 1870 2468 1927 διεκελεύσατο
2486 1870 2597 1939 γὰρ
2620 1865 2895 1923 πιστεύειν
2921 1867 3139 1930 αὐτοὺς,
3169 1865 3269 1918 οὐκ
3301 1865 3381 1928 είς
3398 1862 3556 1934 μόνον
3584 1863 3675 1915 τὸν

2089 1965 2247 2028 Θεὸν,
2288 1963 2426 2018 ἀλλὰ
2475 1962 2569 2016 καὶ
2606 1963 2686 2026 εἰς
2730 1961 2912 2027 αὐτὸν,
2963 1959 3063 2031 οὐχ
3102 1958 3177 2022 ὡς
3205 1958 3392 2029 ἕτερόν
3433 1975 3488 2012 τι
3524 1956 3677 2026 παρὰ

2088 2059 2181 2113 τὸν
2228 2057 2357 2112 ὅντα
2388 2056 2548 2127 φύσει
2590 2054 2723 2109 Θεὸν
2769 2053 3029 2124 ὑπάρχων
3077 2051 3259 2116 αὐτὸς,
3310 2051 3433 2104 ὅσον
3483 2051 3563 2112 είς
3594 2049 3678 2103 οῦ-

2093 2151 2216 2216 σίας
2257 2149 2562 2221 ταυτότητα
2597 2146 2774 2216 λέγω,
2807 2145 2920 2199 ἀλλ’
2949 2146 3030 2199 ὅτι
3056 2144 3120 2198 τὸ
3148 2144 3229 2207 είς
3271 2141 3405 2197 Θεὸν
3457 2140 3678 2196 πιστεῦ-

2094 2259 2206 2304 σαι.
2246 2240 2304 2295 εν
2337 2258 2395 2294 τε
2430 2238 2605 2310 τούτῳ
2641 2237 2786 2309 μόνῳ
2818 2234 2896 2306 τῷ
2931 2236 3154 2307 ῥήματι,
3184 2232 3277 2287 τὸν
3308 2234 3406 2304 τῆς
3444 2231 3679 2294 πίστεως

2092 2332 2298 2389 οἴεσθαι
2330 2332 2442 2388 δεῖν
2495 2329 2954 2402 συμπεπερᾶσθαι
2998 2329 3178 2396 λόγον.
3230 2325 3527 2394 Ἰουδαϊκῆς
3560 2321 3678 2388 πώς

2094 2427 2244 2480 ἐστιν
2275 2423 2530 2487 ὑπονοίας
2561 2423 2714 2487 ίδιον,
2738 2421 2800 2476 τὸ
2824 2421 2966 2493 δὲτῇ
2992 2423 3072 2484 είς
3099 2419 3231 2473 Θεὸν
3253 2417 3432 2472 πίστει
3464 2433 3679 2471 συνεισ-

2096 2519 2325 2587 ἀγεσθαι
2360 2518 2422 2571 τὸ
2451 2516 2624 2587 ὄνομα
2653 2515 2749 2570 τοῦ
2787 2515 2944 2579 Υίοῦ,
2985 2511 3359 2585 κηρυγμάτων
3395 2509 3679 2580 εὐαγγελιο

2097 2613 2210 2668 κῶν
2233 2612 2515 2683 ἐπίταγμα
2540 2611 2812 2679 φαίνεται.
2844 2610 2936 2661 Δεῖ
2951 2606 3061 2677 γὰρ
3082 2605 3365 2660 πιστεύειν
3399 2602 3524 2667 τοὺς
3543 2602 3600 2656 et
3616 2618 3681 2671 γε

2100 2703 2388 2777 φρονοῦσιν
2450 2700 2662 2774 ὀρθῶς,
2718 2700 2795 2764 et;
2837 2715 2903 2769 γε
2949 2698 3083 2752 Θεὸν
3139 2697 3383 2767 Πατέρα,
3438 2695 3535 2749 καὶ
3582 2693 3682 2764 οὐχ

2101 2795 2288 2860 ἅπλῶς
2309 2796 2390 2860 είς
2423 2794 2573 2857 Υίὸν,
2603 2792 2740 2847 ἀλλὰ
2776 2792 2871 2845 καὶ
2904 2790 3426 2862 ένανθρωπήσαντα,
3465 2788 3564 2841 καὶ
3602 2788 3683 2850 εἰς

2100 2889 2161 2943 τὸ
2186 2886 2408 2958 Πνεῦμα
2435 2885 2499 2939 τὸ
2525 2884 2700 2954 ἅγιον.
2734 2884 2799 2937 Ἡ
2849 2883 2948 2954 μὲν
2972 2881 3082 2954 γὰρ
3115 2880 3249 2950 άγία
3284 2895 3344 2933 τε
3375 2878 3468 2932 καὶ
3486 2876 3681 2949 ὁμοού-

2107 2997 2220 3045 σιος
2251 2978 2441 3050 Τριὰς,
2475 2977 2571 3032 καὶ
2617 2977 2739 3041 ταῖς
2777 2975 2886 3029 τῶν
2917 2974 3197 3044 ὀνομάτων
3243 2972 3549 3042 διαφοραῖς,
3589 2966 3685 3023 καὶ

421 3069 504 3116 est
534 3058 734 3124 Filius,
768 3072 836 3114 ac
865 3072 978 3114 non
1027 3054 1226 3122 Pater,
1262 3061 1320 3111 et
1350 3054 1593 3127 Spiritus
1641 3066 1727 3113 est
1761 3057 1997 3128 Spiritus

2104 3072 2215 3128 τῶν
2242 3069 2551 3144 προσώπων
2570 3069 2821 3140 ποιότησι
2842 3086 2901 3121 τε
2924 3067 3020 3122 καὶ
3043 3066 3268 3136 ἰδιότησι
3294 3061 3681 3118 διαστέλλεται.

421 3158 651 3207 sanctus
690 3148 997 3206 divinitatis
1043 3148 1346 3219 proprius:
1387 3158 1443 3204 et
1481 3149 1539 3205 in
1577 3150 1826 3207 eamdem
1867 3152 2000 3210 sub-

421 3241 641 3299 stantia:
686 3238 963 3296 rationem
1001 3239 1295 3304 coalescit,
1344 3254 1457 3296 non
1509 3247 1623 3297 tres
1664 3242 1860 3309 nobis,
1906 3241 2003 3298 scd

421 3343 592 3386 unum
642 3327 818 3386 Deum
874 3329 1217 3401 exprimens.
1277 3328 1550 3389 Distincte
1603 3332 1794 3403 itaque
1842 3332 2003 3390 nobis

421 3419 693 3476 edendam
730 3436 855 3478 esse
885 3420 1045 3478 ﬁdem
1076 3422 1189 3490 aio,
1227 3437 1339 3480 non
1369 3423 1699 3496 simpliciter
1726 3424 1961 3482 dicendo
1986 3445 1998 3481 :

422 3509 711 3570 Credimus
742 3512 797 3569 in
830 3512 1026 3583 Deum,
1063 3516 1160 3572 sed
1188 3515 1590 3573 confessionem
1621 3519 2001 3587 extendendo,

422 3611 478 3658 ct
522 3605 723 3674 cuique
772 3621 1022 3676 persona:
1057 3608 1310 3665 eamdem
1353 3608 1541 3680 gloriae
1582 3610 1851 3668 rationem
1903 3613 2007 3668 tri-

422 3695 666 3753 buendo.
692 3695 1005 3754 Diﬁ‘erentia
1032 3701 1239 3771 quippe
1272 3700 1393 3758 ﬁdei
1422 3702 1574 3758 nulla
1599 3712 1686 3759 est
1710 3703 1767 3759 in
1799 3706 1963 3761 nobis
1988 3723 2001 3759 :

427 3801 526 3841 nec
554 3788 703 3841 enim
730 3788 908 3858 major
929 3798 1016 3847 est
1051 3792 1108 3846 in
1138 3793 1302 3850 nobis
1334 3792 1469 3850 ﬁdes
1502 3810 1625 3865 qua:
1655 3796 1711 3849 in
1749 3795 1967 3851 Patrem
1989 3836 2004 3862 ,

425 3879 611 3932 minor
643 3887 824 3934 autem
851 3895 975 3949 quae
1006 3881 1062 3937 in
1086 3881 1310 3951 Filium,
1340 3893 1397 3939 et
1420 3895 1671 3941 sanctum
1702 3885 2002 3958 Spiritum:

428 3965 525 4024 scd
592 3982 704 4024 una
768 3969 1074 4041 eademque
1116 3973 1487 4030 confessionis
1522 3976 1667 4030 ratio
1704 3991 1770 4031 ac
1807 3978 2009 4034 modus

428 4074 524 4130 per
554 4058 660 4114 tria
693 4058 811 4115 haec
849 4061 1072 4116 nomina
1113 4062 1403 4133 aequaliter
1428 4064 1746 4121 extenditur
1768 4107 1786 4132 ,
1836 4076 1895 4122 ut
1941 4069 2009 4124 ad

430 4150 697 4206 unitatem
732 4159 943 4207 natura;
974 4151 1140 4207 etiam
1170 4168 1269 4225 per
1296 4154 1411 4209 haec
1441 4156 1561 4226 ipsa
1587 4156 1904 4217 coalescere
1930 4161 2010 4217 vi-

428 4240 627 4298 deatur
660 4253 851 4299 sancta
898 4241 1143 4301 Trinitas
1163 4286 1180 4310 ,
1214 4253 1271 4301 et
1295 4244 1573 4316 inculpata
1599 4263 1830 4319 prorsus
1858 4252 2009 4309 circa

430 4335 608 4405 ipsam
638 4334 902 4405 ell'uigcns
928 4336 1126 4406 gloria,
1151 4344 1320 4410 atque
1350 4339 1406 4394 in
1431 4339 1631 4398 animis
1654 4344 1863 4402 nostris
1890 4360 2006 4402 cer-

2104 3166 2292 3237 Πατὴρ
2343 3164 2453 3236 γάρ
2487 3165 2637 3218 ἐστιν
2684 3163 2714 3216 ὀ
2742 3160 2933 3232 Πατὴρ
2974 3159 3069 3215 καὶ
3113 3160 3211 3229 οὐχ
3242 3156 3390 3223 Υἱὸς,
3434 3153 3530 3209 καὶ
3558 3154 3685 3218 Υίὸς

2103 3258 2264 3314 πάλιν
2284 3261 2312 3313 ὁ
2337 3257 2462 3322 Υίὸς
2501 3255 2597 3311 καὶ
2628 3255 2688 3309 οὐ
2740 3253 2951 3325 Πατὴρ,
2984 3253 3079 3307 καὶ
3109 3249 3338 3322 Πνεῦμα
3364 3248 3425 3301 τὸ
3461 3246 3686 3315 Πνεῦμα

2101 3350 2163 3403 τὸ
2198 3348 2351 3417 ἅγιον
2385 3346 2518 3401 ῐδιον
2556 3343 2656 3416 τῆς
2700 3343 2975 3414 θεότητος
3018 3341 3112 3396 καὶ
3147 3342 3229 3404 είς
3268 3339 3361 3393 τὸν
3394 3336 3560 3391 αὐτὸν
3589 3335 3687 3405 τῆς

2103 3439 2291 3504 οὐσίας
2338 3435 2830 3507 ἀνακεφαλαιοῦται
2877 3434 3056 3502 λόγον,
3076 3433 3139 3486 οὐ
3173 3434 3321 3504 τρεῖς
3364 3430 3518 3500 ἡμῖν,
3570 3426 3686 3480 ἀλλ’

2103 3531 2198 3585 ἕνα
2217 3530 2350 3585 Θεὸν
2398 3527 2803 3601 ὲπιγράφουσα.
2841 3523 2989 3595 Πλὴν
3017 3521 3370 3585 εὐδιαστόλως
3416 3520 3561 3591 φημὶ
3578 3518 3687 3571 δεῖν

2104 3625 2251 3695 ἡμᾶς
2296 3619 2564 3676 ποιεῖσθαι
2608 3618 2709 3690 τὴν
2763 3617 2968 3678 πίστιν,
3014 3614 3113 3684 οὐχ
3177 3611 3363 3676 ἁπλῶς
3406 3611 3682 3680 λέγονταςο

2106 3713 2441 3785 Πιστεύομεν
2480 3713 2560 3775 είς
2594 3709 2750 3773 Θεὸν,
2802 3707 2917 3762 ἀλλ’
2962 3703 3328 3773 ὲξαπλοῦντας
3359 3702 3455 3775 τὴν
3499 3702 3688 3773 ὁμολο-

2105 3807 2250 3875 γίαν,
2281 3805 2377 3859 κα)⁸
2399 3805 2614 3875 ἑκάστῳ
2640 3800 2917 3873 προσώπῳ
2944 3798 3034 3852 τὸν
3059 3797 3220 3852 αὐτὸν
3248 3797 3347 3868 τῆς
3365 3795 3526 3867 δόξης
3557 3798 3688 3855 ἀνα-

2105 3898 2352 3960 τιθέντας
2389 3896 2568 3963 λόγον.
2616 3891 2862 3963 Διαφορὰ
2897 3891 3006 3962 γὰρ
3043 3890 3278 3951 πίστεως
3321 3886 3547 3956 οὐδεμία
3589 3886 3688 3957 μὲν

2107 3989 2165 4041 ὲν
2194 3989 2347 4057 ἡμῖν,
2368 3984 2428 4038 οὐ
2459 3984 2569 4055 γὰρ
2614 3982 2816 4054 μείζων
2846 3981 2943 4051 μὲν
2973 3981 3030 4033 ὲν
3054 3980 3186 4050 ἡμῖν
3216 3978 3250 4046 ἡ
3275 3975 3459 4038 πίστις
3488 3975 3546 4026 ὲν
3578 3976 3691 4028 Πα-

2106 4079 2217 4149 τρὶ,
2247 4077 2486 4130 ἐλάττων
2510 4074 2567 4127 δὲ
2597 4077 2654 4127 ὲν
2681 4072 2817 4143 Υίῷ,
2849 4072 2883 4142 ἢ
2915 4071 3010 4125 καὶ
3039 4073 3097 4124 ὲν
3127 4068 3204 4139 τῷ
3226 4065 3363 4137 ἁγίῳ
3386 4063 3687 4151 Πνεύματι’

2109 4168 2226 4223 ἀλλ’
2249 4164 2330 4230 εἷς
2366 4181 2426 4219 τε
2452 4166 2547 4218 καὶ
2589 4162 2752 4226 αὐτὸς
2777 4161 2876 4232 τῆς
2902 4158 3192 4231 ὁμολογίας
3219 4158 3343 4229 ὅρος
3357 4172 3417 4208 τε
3441 4155 3534 4208 καὶ
3569 4153 3693 4226 τρό-

2109 4276 2210 4324 πος
2232 4257 2324 4313 διὰ
2349 4255 2517 4329 τριῶν
2541 4254 2833 4325 ἐρχόμενος
2857 4250 3138 4321 ὀνομάτων
3159 4249 3218 4302 ὲν
3246 4246 3346 4317 ίσῳ
3375 4244 3453 4316 τῷ
3485 4244 3689 4316 μέτρῳ,

2112 4354 2202 4408 ἵνα
2227 4352 2363 4422 πρὸς
2395 4348 2624 4419 ἑνότητα
2664 4345 2880 4415 φύσεως
2908 4346 3005 4399 καὶ
3031 4341 3121 4397 διὰ
3146 4339 3351 4395 τούτων
3384 4337 3537 4395 ἰοῦσα
3563 4336 3691 4406 φαί-

430 4433 597 4481 natur
632 4426 686 4480 in
721 4425 938 4482 Patrem
979 4437 1035 4484 et
1063 4427 1263 4487 Filium
1296 4431 1470 4501 ﬁdes,
1511 4434 1675 4490 etiam
1714 4445 1997 4508 postquam

2111 4464 2271 4520 νηται
2308 4443 2471 4499 πάλιν
2505 4443 2538 4511 ἡ
2598 4440 2729 4509 ἁγία
2765 4438 2959 4510 Τριὰς,
3000 4431 3413 4504 ἀκατηγόρητός
3454 4447 3514 4485 τε
3558 4447 3696 4484 παν·-

433 4516 616 4574 factus
641 4525 728 4574 est
765 4517 931 4574 homo
954 4557 972 4584 ,
1022 4528 1078 4576 et
1125 4522 1182 4578 in
1214 4531 1471 4581 sanctum
1508 4526 1795 4598 Spiritum.
1820 4529 1997 4603 Neque

2112 4516 2284 4603 τελῶς
2342 4539 2378 4608 ἡ
2434 4534 2566 4606 περὶ
2619 4531 2787 4603 αὐτὴν
2841 4529 3226 4600 διαλάμπουσα
3284 4523 3432 4590 δόξα,
3494 4522 3591 4575 καὶ
3637 4521 3696 4573 ἐν

433 4624 623 4677 sanus,
665 4610 884 4682 opinor,
921 4611 1194 4684 quispiam
1231 4630 1263 4670 a
1302 4615 1397 4672 Dei
1432 4619 1614 4674 Verbo
1650 4621 1915 4692 templum
1942 4640 2007 4680 ex

432 4701 658 4775 Virgine
687 4711 1033 4775 assumptum
1061 4708 1402 4775 separaverit
1422 4710 1570 4779 quod
1594 4711 1663 4767 ad
1691 4712 2009 4771 ﬁliationem

432 4793 695 4848 nimirum
741 4793 981 4849 attinet:
1039 4812 1059 4847 ι
1102 4795 1261 4853 Unus
1302 4799 1448 4855 enim
1499 4799 1767 4862 Dominus
1824 4816 2014 4864 noster

431 4884 592 4942 Jesus
617 4884 906 4955 Christus,
937 4907 957 4941 ι
989 4886 1148 4958 juxta
1171 4889 1326 4946 Pauli
1351 4907 1538 4949 vocem
1562 4894 1641 4950 ‘7.
1685 4896 2014 4972 Quicunque

433 4991 565 5032 vero
610 4977 667 5032 in
699 4976 839 5034 duos
870 4977 1013 5036 ﬁlios
1042 4996 1212 5036 unum
1246 4982 1402 5038 illum
1441 5000 1507 5041 ac
1552 4988 1733 5043 solum
1777 4990 2011 5061 dividit,

440 5067 597 5125 iidem
622 5067 812 5138 utique
833 5083 1032 5140 negare
1052 5086 1112 5127 se
1132 5087 1365 5143 prorsus
1388 5074 1677 5149 intelligat.
1702 5077 1767 5133 Et
1787 5081 2008 5151 quidem

436 5157 639 5217 Paulus
677 5161 898 5218 divinus
931 5164 1196 5234 praeclare
1224 5163 1294 5220 de
1319 5166 1404 5224 his
1436 5183 1747 5226 sermonem
1781 5179 1976 5229 texens
1997 5216 2013 5238 ,

435 5267 547 5307 non
584 5252 793 5307 nudum
834 5254 902 5309 ad
944 5255 1101 5313 ﬁdem
1132 5258 1349 5314 induxit
1388 5258 1739 5332 Unigenitum
1765 5306 1783 5328 ,
1822 5266 1916 5321 sed
1960 5274 2015 5321 et

437 5343 612 5399 nostri
644 5344 913 5415 similem,
957 5349 1011 5404 id
1050 5358 1138 5407 est
1169 5351 1447 5408 hominem
1475 5391 1491 5419 ,
1535 5355 1630 5424 qui
1675 5363 1730 5410 et
1761 5365 2011 5414 mortuus

437 5435 784 5492 ctcxcitatus
810 5450 893 5495 est
925 5455 953 5494 a
984 5445 1265 5501 mortuis:
1315 5464 1334 5496 ι
1362 5444 1509 5511 Quid
1560 5447 1742 5513 enim,
1791 5450 2011 5520 inquit,

440 5528 574 5584 dicit
628 5526 966 5601 Scriptura?
1004 5535 1181 5608 Pr0pc
1222 5547 1275 5593 te
1310 5547 1394 5593 est
1422 5539 1649 5595 verbum
1680 5539 1734 5595 in
1773 5558 1866 5598 ore
1897 5553 2011 5611 tuo,

510 5711 555 5744 ³⁸
596 5712 734 5771 Psul.
781 5732 926 5784 xxvi,
968 5717 1050 5777 l0.
1132 5719 1219 5773 "l
1260 5722 1384 5777 Cor.
1428 5737 1549 5791 vm,
1591 5722 1644 5777 6.

2114 4633 2234 4694 ταῖς
2290 4626 2590 4700 ἡμετέραις
2640 4622 2814 4695 ὁρῷτο
2865 4621 3062 4691 ψυχαῖς
3107 4618 3188 4679 είς
3233 4612 3456 4683 Πατέρα
3495 4609 3591 4663 καὶ
3618 4610 3699 4670 είς

2117 4723 2244 4777 Υἱὸν
2283 4722 2316 4792 ἡ
2355 4719 2564 4784 πίστις,
2614 4716 2705 4770 καὶ
2745 4715 2835 4769 ὅτε
2878 4713 3102 4781 γέγονεν
3142 4706 3448 4776 ἅνθρωπος,
3482 4701 3580 4755 καὶ
3620 4702 3698 4762 εἱς

2115 4815 2178 4869 τὸ
2210 4812 2435 4883 Πνεῦμα
2457 4811 2518 4865 τὸ
2540 4809 2714 4878 ἅγιον.
2749 4805 2858 4860 Καὶ
2879 4804 2980 4857 οὐκ
3016 4800 3103 4864 ἂν,
3126 4794 3300 4867 οἶμαι,
3334 4794 3563 4850 διέλοιτό
3592 4809 3697 4855 τις,

2117 4908 2171 4961 ετ
2209 4923 2273 4977 γε
2309 4903 2635 4975 σωφρονοίη,
2668 4899 2762 4953 τοῦ
2792 4895 2928 4951 Θεοῦ
2968 4894 3142 4962 Λόγου
3174 4891 3266 4945 τὸν
3307 4891 3373 4943 ὲκ
3415 4885 3699 4958 Παρθένου

2114 4998 2260 5062 ναὸν,
2314 4997 2437 5050 ὅσον
2488 4991 2623 5066 ἧκεν
2675 4994 2755 5054 εἰς
2782 4989 2841 5042 τὸ
2886 4987 2987 5058 τῆς
3019 4983 3266 5053 υίὸτητος
3312 4979 3697 5075 χρῆμά-φημιὶ

2122 5109 2141 5141 ι
2178 5083 2273 5153 Εἷς
2296 5090 2406 5159 γὰρ
2457 5085 2663 5157 Κύριος
2709 5080 2916 5151 Ἰησοῦς
2958 5074 3213 5149 Χριστὸς,
3251 5092 3270 5125 ι
3317 5071 3461 5125 κατὰ
3482 5070 3582 5139 τὴν
3604 5070 3699 5159 τοῦ

2113 5181 2329 5237 Παύλου
2363 5158 2569 5249 ᾲωνήν.
2623 5177 2682 5229 'O
2710 5175 2768 5228 δὲ
2794 5171 3096 5241 διατέμνων
3128 5168 3209 5229 είς
3238 5164 3370 5217 υἱῶν
3414 5161 3579 5216 δυάδα
3608 5158 3702 5212 τὸν

2117 5274 2214 5326 ἕνα
2242 5272 2335 5325 καὶ
2373 5270 2553 5341 μόνον,
2586 5269 2716 5321 ἵστω
2758 5264 2821 5335 δὴ
2845 5265 3063 5323 πάντως
3092 5258 3189 5328 τὴν
3218 5255 3400 5309 πίστιν
3429 5251 3701 5324 ἀρνούμε-

2120 5381 2229 5426 νος.
2270 5363 2383 5417 Kai
2412 5362 2542 5431 γοῦν
2576 5361 2605 5412 ὀ
2648 5358 2936 5420 θεσπέσιος
2960 5353 3171 5414 Παῦλος
3216 5350 3308 5402 τὸν
3345 5344 3702 5418 περὶτούτων

2121 5454 2320 5525 ἄριστά
2341 5471 2401 5507 τε
2430 5454 2524 5507 καὶ
2550 5451 2672 5505 λίαν
2699 5447 2875 5518 ὀρθῶς
2899 5443 3198 5512 ἐξυφαίνων
3222 5439 3398 5507 λόγον,
3417 5439 3479 5490 οὐ
3495 5434 3701 5505 γυμνὸν

2123 5548 2198 5609 είς
2232 5546 2415 5600 πίστιν
2466 5543 2813 5613 είσκεκόμικε
2855 5540 2943 5592 τὸν
2988 5534 3287 5602 Μονογενῆ,
3330 5529 3465 5585 ἀλλὰ
3508 5526 3602 5582 καὶ
3643 5526 3703 5580 ὲν
