4076 6270
374 224 473 279 I81

1446 230 1510 286 IN
1545 229 1836 317 JQANNIS
1871 224 2322 284 EVANGELIUM
2371 226 2500 282 LIB.
2547 224 2636 279 IX.

3531 226 3636 282 I89

361 341 474 404 τοῖς
503 339 626 393 καθ’
659 341 807 412 ἡμᾶς
829 343 1106 410 γεγονότα,
1135 342 1276 397 τοῦτ’
1306 344 1474 412 ἔστιν,
1496 345 1780 418 ἄνθρωπον
1811 346 1945 398 ἀπο-

2083 345 2177 401 tin
2208 344 2376 400 corde
2400 351 2533 399 tuo:
2567 343 2673 397 hoc
2704 349 2791 398 est
2824 339 3052 396 verbum
3078 339 3238 404 fidei,
3266 340 3410 410 quod
3442 343 3640 412 praedi-

362 431 598 486 θανόντα
635 450 695 486 τε
737 435 830 488 καὶ
885 436 1260 507 ἐγηγερμένον
1288 439 1355 491 ὲκ
1408 438 1636 509 νεκρῶν.
1680 457 1698 491 ι
1739 438 1803 490 Τί
1841 437 1951 508 γάρ

365 524 780 595 φησιν;Ἑγγύς
805 543 898 578 σου
927 526 986 579 τὸ
1009 526 1165 597 ῥῆμά
1193 529 1360 596 ἐστιν,
1390 530 1448 582 ἐν
1477 528 1553 600 τῷ
1574 529 1802 600 στόματί
1833 546 1948 594 σου,

364 619 456 672 καὶ
472 619 530 672 ὲν
553 621 618 690 τῇ
641 618 833 689 καρδίᾳ
856 636 970 685 σου,
1016 618 1162 673 τοῦτ’
1179 620 1389 685 ἐστι,τὸ
1413 623 1564 694 ῥῆμα
1577 623 1677 693 τῆς
1697 622 1952 688 πίστεως,

362 711 390 764 ὃ
421 709 788 782 κηρύσσομεν.
821 711 966 765 Διότι
1017 711 1111 767 ἐὰν
1157 714 1319 785 εἴπῃς
1371 715 1429 768 ὲν
1459 714 1538 786 τῷ
1569 715 1801 786 στόματί
1833 732 1950 780 σου,

360 805 440 856 ὅτι
463 802 668 874 Κύριος
711 803 938 872 Ἰησοῦς,
971 804 1068 858 καὶ
1103 806 1402 881 πιστεύσῃς
1433 809 1491 860 ἐν
1514 809 1579 879 τῇ
1607 807 1808 879 καρδίᾳ
1837 825 1953 873 σου,

361 896 441 947 ὅτι
471 897 499 949 ό
529 894 662 958 Θεὸς
705 895 892 968 ἤγειρε
927 896 1089 950 αὐτὸν
1114 899 1177 950 ὲκ
1204 898 1437 969 νεκρῶν,
1471 899 1711 972 σωθήσῃ.
1743 897 1957 970 Καρδίᾳ

361 985 470 1055 γὰρ
500 983 818 1038 πιστεύεται
853 987 933 1050 είς
963 985 1333 1056 δικαιοσύνην,
1375 987 1603 1058 στόματι
1667 988 1724 1041 δὲ
1764 989 1956 1059 ὁμολο-

363 1079 542 1144 γεῖται
569 1077 648 1140 είς
687 1077 985 1146 σωτηρίαν.
1029 1096 1048 1132 ι
1099 1079 1163 1133 Ei
1212 1078 1268 1132 δὲ
1319 1080 1648 1150 πιστεύομεν
1686 1081 1766 1144 είς
1805 1081 1954 1144 Υἱὸν,

365 1168 443 1231 ὼς
495 1169 888 1239 ἐγηγερμένον,
934 1169 1020 1232 τίς
1054 1170 1083 1222 ὁ
1123 1169 1380 1236 τεθνεὼς,
1437 1171 1522 1225 ἵνα
1569 1174 1662 1225 καὶ
1713 1173 1954 1244 ἀναστῇς

379 1258 520 1312 Ἀλλ’
553 1259 668 1312 ἔστι
704 1260 882 1331 δῆλον,
915 1261 998 1314 ὅτι
1027 1261 1283 1316 τεθνάναι
1302 1264 1500 1316 νοεῖται
1526 1263 1668 1317 κατά
1700 1262 1798 1334 τὴν
1827 1263 1958 1334 σάρ-

368 1365 462 1404 κα.
483 1349 861 1421 Κατεκλείσθη
889 1351 999 1422 γάρ
1041 1353 1120 1416 εἰς
1153 1351 1379 1406 θάνατον
1412 1353 1472 1406 τὸ
1498 1353 1627 1407 ἴδιον
1657 1353 1821 1407 αὐτοῦ
1854 1352 1960 1406 σῶ-

370 1457 468 1510 μα,
510 1441 604 1495 καὶ
622 1441 822 1495 ἀνεϐίω
847 1443 1030 1498 πάλιν·
1067 1443 1231 1514 σῶμα
1255 1444 1362 1516 γὰρ
1389 1440 1457 1516 ἦν
1491 1445 1587 1515 τῆς
1620 1446 1764 1500 κατά
1796 1446 1960 1516 φύσιν

368 1533 538 1604 ζωῆς,
577 1533 709 1605 ὃλην
745 1534 838 1588 τοῦ
869 1537 928 1588 ὲν
971 1536 1118 1608 αύτῷ
1153 1538 1598 1610 κατοικήσαντος,
1645 1541 1738 1592 καὶ
1783 1540 1962 1611 ἀρρή-

369 1641 480 1687 τως
525 1625 806 1695 ἡνωμένου
854 1626 952 1697 τὴν
1016 1627 1252 1698 ἰδιότητα
1312 1629 1544 1700 φοροῦν,
1595 1628 1741 1684 τοῦτ’
1789 1629 1959 1694 ἐστιν,

2055 455 2270 497 camus.
2297 439 2436 506 Quia
2469 439 2516 495 si
2546 437 2865 493 conﬁtearis
2899 436 2952 490 in
2983 450 3077 490 ore
3108 445 3202 490 tuo
3231 434 3520 490 Dominum
3549 436 3640 491 Je-

2055 549 2209 599 sum,
2251 540 2309 587 et
2351 533 2406 586 in
2438 531 2607 587 corde
2650 538 2746 585 tuo
2775 528 3081 584 credideris
3135 530 3264 599 quia
3301 527 3448 584 Deus
3489 529 3640 584 illum

2055 625 2345 681 suscitavit
2379 638 2409 677 a
2443 624 2679 679 mortuis
2704 667 2718 690 ,
2755 623 2942 678 salvus
2964 623 3100 678 eris.
3127 622 3309 677 Corde
3338 623 3486 676 enim
3523 639 3643 676 cre-

2055 719 2210 773 ditur
2239 717 2306 771 ad
2331 715 2600 787 justitiam
2627 734 2643 772 :
2673 729 2770 769 ore
2794 723 2974 770 autem
3005 714 3288 770 confessio
3317 714 3374 767 iit
3401 713 3468 768 ad
3491 715 3644 768 salu-

2059 821 2168 868 tem
2197 810 2262 864 “.
2303 829 2322 863 ι
2363 809 2519 876 Quod
2551 811 2598 865 si
2634 809 2916 864 credimus
2948 807 3002 862 in
3038 807 3271 872 Filium,
3308 814 3368 860 ut
3395 806 3489 875 qui
3522 820 3644 860 sur-

2058 904 2224 968 rexit,
2254 905 2381 974 quis
2414 910 2500 959 est
2530 902 2625 957 ille
2667 908 2948 962 mortuus,
2979 907 3038 953 ut
3076 911 3131 954 et
3162 897 3509 969 resurgeret?
3543 897 3643 950 At—

2058 996 2156 1068 qui
2205 995 2566 1052 manil‘estum
2605 1003 2690 1049 est
2743 991 3050 1049 secundum
3087 1005 3314 1045 carnem
3369 997 3645 1044 mortuum

2059 1089 2300 1145 censeri.
2329 1087 2672 1142 Conclusum
2695 1085 2843 1141 enim
2877 1095 2963 1141 est
3003 1083 3058 1136 in
3093 1089 3327 1138 mortem
3361 1082 3646 1152 proprium

2059 1183 2184 1254 ejus
2210 1197 2418 1252 corpus
2440 1222 2458 1247 ,
2500 1189 2666 1250 atque
2699 1178 2899 1233 iterum
2928 1176 3130 1231 revixit
3163 1192 3176 1228 :
3210 1188 3418 1245 corpus
3443 1173 3648 1243 quippe

2060 1284 2182 1330 erat
2217 1276 2345 1331 vitae
2380 1273 2683 1330 secundum
2713 1281 2993 1333 naturam,
3020 1275 3188 1322 totam
3221 1265 3343 1336 ejus
3371 1265 3465 1336 qui
3493 1264 3550 1318 in
3579 1277 3648 1318 eo

2063 1366 2355 1433 habitavit,
2387 1376 2444 1422 et
2475 1363 2832 1421 ineﬂ‘abiliter
2870 1360 3032 1432 763
3061 1366 3149 1414 est
3181 1358 3371 1412 unitus
3402 1355 3650 1426 proprie—

2063 1467 2231 1515 tatem
2277 1458 2568 1515 continens
2592 1495 2608 1520 ,
2659 1455 2766 1510 hoc
2797 1464 2882 1509 est
2909 1452 3018 1506 vim
3044 1461 3100 1506 et
3130 1448 3432 1504 eﬂicaciam
3467 1444 3648 1501 viviﬁ-

2065 1566 2207 1607 eam.
2239 1549 2296 1606 Si
2328 1550 2456 1620 quis
2484 1563 2620 1618 ergo
2651 1546 2895 1611 dividat,
2930 1555 2983 1600 et
3013 1542 3246 1599 seorsim
3280 1554 3492 1611 ponens
3522 1551 3646 1593 car-

2065 1659 2192 1698 nem
2219 1682 2235 1709 ,
2287 1651 2343 1698 et
2378 1642 2475 1712 qui
2522 1639 2790 1695 habitavit
2841 1638 2897 1690 in
2943 1650 3006 1690 ea
3065 1633 3428 1704 corporaliter
3456 1669 3473 1695 ,
3510 1629 3650 1685 duos

371 1715 660 1815 ἐνέργειαν
709 1717 808 1788 τὴν
855 1717 1137 1780 ζωοποιόν.
1165 1719 1334 1772 Ὅταν
1380 1714 1474 1774 οὖν
1519 1737 1603 1784 τις
1641 1720 1813 1793 διέλῃ,
1866 1721 1962 1776 καὶ

2081 1734 2254 1789 iicere
2284 1732 2426 1788 ﬁlios
2453 1729 2684 1792 audeat,
2714 1727 2858 1783 sciat
2886 1741 2946 1781 se
2980 1725 3034 1778 in
3064 1724 3240 1778 solam
3271 1736 3495 1775 carnem
3525 1734 3648 1774 cre-

374 1806 490 1870 θεὶς
539 1807 644 1861 ἀνά
680 1808 846 1880 μέρος
889 1812 986 1878 τήν
1018 1827 1077 1862 τε
1133 1809 1310 1880 σάρκα
1346 1812 1440 1865 καὶ
1475 1811 1568 1865 τὸν
1609 1813 1966 1882 ὲνοικήσαντα

2081 1826 2220 1882 dere.
2264 1825 2473 1880 Divina:
2499 1823 2701 1894 quippe
2731 1819 3036 1888 Scriptura:
3064 1816 3293 1872 credere
3319 1828 3423 1869 nos
3451 1813 3655 1868 docent

374 1903 707 1972 σωματικῶς
734 1904 792 1954 ὲν
817 1903 976 1974 αὐτῇ,
1004 1902 1096 1957 δύο
1127 1903 1370 1976 τολμήσῃ
1396 1904 1574 1974 λέγειν
1601 1907 1770 1970 υἱοὺς,
1798 1923 1962 1974 γινω-

376 1994 552 2048 σκέτω
573 1994 854 2048 πιστεύειν
870 1997 950 2058 εἰς
988 1995 1155 2066 μόνην
1186 1996 1282 2066 τὴν
1308 1997 1508 2067 σάρκα.
1543 1997 1830 2051 Πιστεύειν
1859 1998 1966 2070 γὰρ

377 2088 522 2157 ἡμᾶς
550 2089 607 2140 αἱ
646 2085 788 2140 θεῖαι
823 2087 1131 2142 διδάσκουσι
1166 2088 1381 2159 Γραφαὶ
1406 2089 1485 2153 εἰς
1508 2088 1599 2142 τὸν
1628 2089 1970 2161 σταυρωθέν-

381 2197 450 2232 τα
482 2197 538 2232 τε
562 2181 654 2234 καὶ
686 2179 1045 2244 ἀποθανόντα,
1093 2183 1188 2236 καὶ
1228 2182 1600 2254 ἐγηγερμένον
1637 2185 1700 2236 ὲκ
1737 2182 1966 2254 νεκρῶν,

387 2270 482 2339 οὐχ
505 2269 577 2333 ὡς
603 2269 785 2341 ἕτερον
807 2271 936 2325 ὄντα
966 2272 1118 2341 παρὰ
1143 2270 1236 2325 τὸν
1270 2274 1327 2324 ὲν
1347 2272 1486 2342 αὐτῇ
1509 2271 1641 2325 Θεὸν
1658 2272 1850 2341 Λόγον,
1872 2274 1971 2344 οὐχ

388 2361 513 2413 ὅσον
543 2361 620 2423 εἰς
645 2360 824 2425 οὐσίας
842 2361 1150 2431 ταυτότητά
1179 2378 1345 2432 φημι·
1375 2362 1534 2433 σῶμα
1564 2362 1674 2434 γὰρ
1699 2363 1760 2416 τὸ
1787 2363 1967 2434 σῶμα,

394 2453 484 2505 καὶ
512 2453 571 2505 ού
603 2453 790 2521 Λόγος,
838 2455 883 2506 εἰ
911 2454 1007 2507 καὶ
1036 2453 1200 2524 σῶμα
1227 2453 1322 2507 τοῦ
1369 2454 1565 2522 Λόγον,
1597 2455 1713 2508 ἀλλ’
1741 2456 1864 2509 ὅσον
1890 2457 1971 2520 είς

389 2543 453 2594 τὸ
476 2542 571 2611 τῆς
603 2542 832 2612 ἀληθοῦς
863 2544 1108 2614 υἱότητος
1141 2544 1354 2615 χρῆμα.
1384 2546 1448 2598 Ei
1477 2545 1535 2599 δέ
1573 2563 1650 2617 τῳ
1679 2546 1971 2617 δοκοίημεν

387 2636 486 2687 ούκ
506 2635 701 2706 ἄριστα
726 2636 922 2706 λέγειν,
943 2637 1303 2692 ἐπιδεικνύτω
1333 2638 1622 2710 παρελθὼν
1646 2641 1737 2694 τὸν
1759 2643 1972 2696 ὲκΘεοῦ

385 2726 654 2782 τεθνεῶτα
694 2729 865 2800 Λόγον
895 2731 1032 2785 καθό
1059 2735 1262 2786 νοεῖται
1289 2732 1445 2798 Θεὸς,
1480 2734 1618 2806 ὅπερ
1664 2735 1814 2790 ἐστὶν
1844 2737 1972 2792 ἁδύ-

386 2837 564 2886 νατον,
597 2821 797 2892 μᾶλλον
824 2823 882 2876 δὲ
902 2823 996 2876 καὶ
1027 2823 1185 2894 μόνον
1212 2825 1463 2894 ἐννοῆσαι
1496 2826 1776 2892 δυσσεϐές.

468 2911 571 2966 Ἐν
599 2911 673 2982 τῇ
705 2914 866 2982 οἰκίᾳ.
922 2915 1028 2969 τοῦ
1063 2917 1292 2984 Πατρός
1329 2935 1449 2987 μου
1526 2919 1708 2988 μοναὶ
1750 2921 1977 2974 πολλαί

385 3006 563 3060 εἰσιν
600 3009 650 3061 ει
689 3006 760 3060 δὲ
795 3007 905 3078 μὴ,
947 3003 1121 3063 εἷπον
1180 3009 1258 3063 ἂν
1301 3009 1466 3080 ὐμῗνο
1516 3010 1608 3065 ὅτι
1650 3013 1976 3082 πορεύομαι

387 3094 692 3166 ἑτοιμάσαι
722 3100 910 3153 τόπον
937 3100 1100 3170 ὑμῖν.
1125 3101 1236 3155 Καὶ
1257 3100 1367 3155 ἐὰν
1394 3102 1684 3171 πορευθῶ,
1708 3104 1806 3158 καὶ
1820 3105 1974 3158 ἐτοι-

384 3186 559 3256 μάσω
594 3190 782 3244 τόπον
815 3191 975 3261 ὑμῖν,
1015 3192 1202 3246 πάλιν
1245 3193 1513 3264 ἔρχομαι,
1571 3195 1672 3249 καὶ
1707 3196 1979 3263 παραλή-

389 3284 577 3351 ψομαι
604 3282 760 3353 ὑμᾶς
774 3284 902 3355 μετ’
931 3285 1213 3354 ἐμαυτοῦ,
1254 3287 1358 3339 ἵνα
1385 3285 1540 3342 ὅπου
1568 3288 1682 3357 ειμι
1709 3288 1846 3358 ἐγὼ,
1879 3289 1979 3341 καὶ

392 3371 562 3441 ὑμεῖς
599 3371 723 3440 ἦτε.

475 3443 815 3510 Ἀναγκαῐως
834 3445 1015 3509 αὐτοῖς
1042 3446 1101 3498 τὸ
1126 3445 1200 3517 μὴ
1233 3447 1431 3518 χρῆναι
1459 3449 1820 3518 ταράττεσθαι
1845 3447 1980 3500 διει-

2071 1919 2126 1974 ἱη
2186 1916 2536 1978 cruciﬁxum,
2563 1922 2618 1970 et
2647 1920 2965 1975 mortuum,
2997 1917 3052 1963 et
3075 1906 3386 1962 excitatum
3405 1919 3472 1958 ex
3503 1917 3656 1957 mor-

2073 2011 2212 2071 tuis,
2237 2023 2349 2064 non
2381 2006 2544 2078 quasi
2584 2006 2727 2060 alius
2762 2004 2836 2060 sit
2871 2018 2902 2057 a
2939 2001 3050 2057 Deo
3080 2000 3261 2055 Verbo
3283 1997 3430 2068 quod
3471 2003 3557 2052 est
3600 1996 3655 2050 in

2072 2104 2227 2174 ipsa,
2277 2101 2422 2172 quod
2474 2101 2542 2154 ad
2603 2096 2932 2154 substantia:
2995 2092 3258 2148 nimirum
3312 2089 3656 2145 identitatem

2073 2203 2288 2268 spectat
2320 2213 2335 2249 :
2380 2206 2588 2262 corpus
2635 2192 2784 2245 enim
2825 2203 3032 2257 corpus
3063 2195 3182 2251 est,
3227 2199 3339 2239 non
3374 2181 3614 2238 Verbum
3639 2221 3655 2245 ,

2075 2291 2201 2344 licet
2235 2301 2439 2357 corpus
2468 2285 2540 2339 sit
2565 2282 2772 2345 Verbi,
2804 2280 2900 2336 sed
2928 2285 3198 2349 quantum
3235 2276 3304 2330 ad
3336 2274 3656 2329 (iliationem

2075 2388 2306 2450 spectat.
2357 2377 2515 2445 Quod
2557 2377 2704 2431 sicut
2746 2374 2930 2428 minus
2969 2378 3122 2426 recte
3156 2368 3302 2438 loqui
3335 2366 3655 2426 videamur,

2077 2473 2172 2528 Dei
2205 2471 2448 2526 Verbum
2489 2475 2767 2522 mortuum
2803 2479 2928 2520 esse
2965 2463 3312 2517 demonstret
3335 2498 3350 2520 ,
3387 2463 3660 2528 quatenus

2077 2563 2404 2634 intelligitur
2439 2559 2621 2615 Deus:
2654 2557 2802 2628 quod
2828 2563 2915 2612 est
2945 2553 3319 2624 impossibile,
3346 2551 3460 2606 imo
3493 2548 3661 2606 etiam

2076 2656 2320 2726 cogitatu
2353 2651 2606 2722 impium.

2147 2911 2290 2974 XIV,
2327 2912 2362 2964 2
2382 2954 2396 2978 ,
2438 2910 2492 2963 5.
2533 2907 2599 2962 1η
2623 2908 2782 2961 domo
2807 2905 2991 2960 Patris
3017 2906 3120 2959 mei
3153 2906 3453 2957 mansiones
3480 2900 3662 2954 multa:

2081 3015 2251 3069 sunt;
2281 3005 2327 3058 si
2362 3003 2676 3073 quominus,
2712 3001 2967 3054 dixissem
3015 2997 3160 3052 vobis
3193 3014 3210 3051 :
3242 2996 3367 3064 quia
3399 2992 3534 3047 vado
3569 3008 3664 3060 pa-

2081 3115 2202 3151 rare
2231 3097 2372 3152 vobis
2397 3094 2595 3148 locum.
2626 3091 2692 3146 Et
2733 3093 2778 3146 si
2809 3091 3007 3152 abiero,
3035 3099 3084 3142 et
3124 3101 3488 3157 prwparavero
3523 3082 3665 3137 vobis

2083 3192 2256 3244 locum
2279 3229 2294 3252 ,
2319 3190 2512 3241 iterum
2540 3187 2687 3240 venio
2709 3223 2724 3246 ,
2759 3194 2808 3238 et
2841 3184 3102 3252 accipiam
3137 3197 3224 3234 vos
3263 3179 3332 3233 ad
3373 3178 3628 3244 meipsum
3649 3211 3666 3234 .

2081 3292 2138 3336 ut
2165 3283 2254 3336 ubi
2284 3297 2400 3336 sum
2423 3297 2550 3350 ego,
2585 3289 2635 3332 et
2668 3293 2756 3332 vos
2788 3277 2929 3331 sitis.

2155 3438 2458 3508 Postquam
2482 3435 2561 3491 eis
2592 3433 2854 3505 praecepit
2886 3446 2953 3485 ne
2981 3429 3337 3483 turbarentur
3357 3469 3369 3485 .
3409 3423 3506 3480 Sed
3549 3438 3670 3480 cre-

394 3531 537 3596 πὼν,
575 3533 852 3590 πιστεύειν
881 3553 938 3588 τε
987 3537 1207 3606 μᾶλλον,
1263 3538 1358 3592 καὶ
1389 3539 1470 3602 εἴς
1523 3556 1583 3591 τε
1632 3539 1850 3609 Πατέρα
1889 3540 1974 3592 τὸν

2083 3529 2278 3585 derent
2303 3528 2486 3598 potius
2522 3527 2575 3579 in
2607 3525 2822 3578 Patrem
2855 3521 3056 3584 Deum,
3092 3527 3148 3573 et
3177 3517 3442 3588 seipsum,
3479 3523 3671 3586 aperte

395 3622 531 3674 Θεὸν
581 3625 678 3676 καὶ
713 3626 903 3679 ἑαυτὸν
937 3629 1219 3694 ἐπιτάξας,
1251 3630 1344 3682 καὶ
1382 3630 1686 3697 ἀναφανδὸν
1717 3631 1816 3700 ἤδη
1850 3632 1974 3702 φησῖ

2087 3622 2252 3677 modo
2281 3635 2377 3676 eos
2410 3619 2598 3673 animo
2629 3615 2947 3670 deﬁcientes
2982 3610 3325 3676 consolatur,
3350 3608 3545 3663 dicens
3576 3622 3672 3662 eos

404 3714 877 3785 μικροψυχοῢντας
912 3719 1424 3790 παραμυθούμενος,
1463 3721 1539 3784 ὼς
1588 3722 1687 3774 οὐκ
1888 3699 1974 3792 με·

2086 3713 2412 3783 neutiquam
2443 3716 2598 3765 extra
2627 3713 2877 3764 sanctam
2916 3704 3100 3758 aulam
3136 3715 3496 3757 remansuros
3519 3742 3534 3766 ,
3577 3699 3672 3754 sed

402 3802 556 3856 νοῢσι
597 3804 698 3874 τῆς
751 3807 904 3870 ὁσίας
960 3807 1152 3878 αὐλῆς,
1207 3809 1322 3862 ἀλλ’
1375 3810 1835 3880 ὲνοικισθήσονται
1885 3790 1974 3883 μὲν

2088 3807 2144 3862 in
2179 3818 2452 3876 supernas
2489 3800 2809 3856 mansiones
2849 3794 3315 3860 introduccndos,
3369 3801 3424 3848 et
3468 3793 3524 3846 in
3558 3790 3674 3862 pri-

401 3899 523 3960 ταῖς
554 3895 667 3950 ἀνω
707 3901 916 3968 μοναῖς,
948 3901 1006 3952 ὲν
1038 3900 1094 3953 δὲ
1120 3903 1186 3972 τῇ
1218 3902 1326 3956 τῶν
1356 3901 1714 3970 πρωτοτόκων
1765 3905 1974 3976 Ἐκκλη⁴

2091 3895 2495 3967 mogenitorum
2529 3887 2773 3945 Ecclesia
2811 3901 3110 3958 perennem
3141 3885 3309 3940 vitam
3336 3891 3584 3945 acturos,
3611 3893 3708 3953 ac.

400 3987 494 4058 σίᾳ
544 3988 636 4040 τὸν
692 3990 1014 4061 μακραίωνα
1064 3970 1314 4062 τρίψουσι
1342 3993 1478 4064 βίον,
1523 3995 1615 4050 καὶ
1656 3997 1714 4050 ἐν
1769 3970 1974 4051 ἀτελεύ-

2091 3990 2149 4044 in
2177 3986 2399 4042 aeternis
2427 3984 2587 4040 bonis
2622 3997 2941 4037 mansuros.
2985 3976 3158 4053 Porro
3194 3977 3399 4031 multas
3425 3970 3716 4028 mansio-3

396 4081 580 4150 τήτοις
636 4079 852 4135 ἔσονται
892 4085 1006 4146 τοῖς
1052 4083 1296 4153 ἀγαθοῖς.
1339 4064 1548 4150 Πολλὰς
1583 4105 1646 4156 γε
1688 4087 1796 4160 μὴν
1849 4085 1966 4143 εἷνα

2093 4095 2192 4135 nes
2221 4079 2278 4133 in
2308 4077 2475 4132 domo
2505 4074 2689 4130 Patris
2714 4081 2834 4129 esse
2864 4070 3024 4136 dicit,
3054 4070 3217 4140 longe
3245 4065 3680 4137 capacissimum

397 4189 530 4242 φησι
563 4172 662 4236 τὰς
696 4175 866 4245 μονάς
905 4177 963 4230 ὲν
993 4178 1059 4248 τῇ
1092 4177 1183 4230 τοῦ
1215 4178 1426 4250 Πατρὸς
1475 4180 1639 4252 οἰκίᾳ,
1679 4158 1972 4252 πολυχὼρη

2096 4173 2294 4229 coelum
2336 4186 2458 4226 esse
2497 4169 2702 4223 docens
2727 4208 2742 4233 ,
2792 4180 2894 4219 nec
2929 4163 3251 4219 accessione
3282 4174 3513 4231 prorsus
3569 4158 3680 4212 ulla

396 4264 487 4317 τόν
511 4281 636 4317 τινα
668 4263 936 4320 διδάσκων
966 4262 1102 4323 εἶναι
1132 4269 1224 4323 τὸν
1264 4249 1514 4340 οὐρανὸν,
1552 4249 1643 4324 καὶ
1673 4249 1974 4343 προσθήκηι

2096 4281 2236 4336 opus
2272 4278 2396 4319 esse
2429 4269 2699 4316 creaturae
2733 4257 2801 4312 ab
2832 4257 2959 4327 ipso
2995 4253 3237 4308 conditae
3272 4250 3338 4305 ad
3370 4249 3682 4319 suscipien-

399 4357 660 4427 οὐδεμιᾶς
687 4359 895 4413 δεῖσθαι
919 4359 1190 4424 παντελῶς
1211 4363 1310 4430 τὴν
1333 4362 1469 4434 παρ’
1492 4363 1660 4417 αὑτοῦ
1689 4363 1993 4434 γενομένην

404 4448 578 4502 κτίσιν
611 4451 689 4514 εἰς
715 4451 775 4504 τὸ
801 4451 1061 4505 δύνασθαι
1090 4452 1276 4506 λαϐεῖν
1296 4455 1422 4517 τοὺς
1447 4456 1778 4524 ἀγαπῶντας
1807 4457 1992 4510 αὐτόν.

405 4543 566 4608 Είκὸς
595 4544 675 4610 δὲ,
699 4546 782 4600 ὅτι
814 4547 909 4600 καὶ
935 4547 998 4600 τὸ
1039 4547 1293 4620 διάφορον
1336 4548 1438 4618 τῆς
1463 4549 1650 4620 τιμῆς,
1679 4548 1756 4620 τῷ
1790 4549 1994 4614 πολλὰς

403 4634 544 4693 εἶναι
625 4638 804 4708 λέγειν
881 4640 980 4704 τὰς
1041 4640 1230 4711 μονὰς,
1299 4642 1651 4712 ὑωσημῆναι
1724 4643 1996 4712 βούλεται,

403 4732 633 4787 ἑκάστου
684 4731 781 4788 τοῦ
823 4731 1016 4802 διαζῇν
1083 4731 1410 4802 βουλομένου
1470 4733 1528 4786 ὲν
1588 4734 1781 4805 ἀρετῇ,
1834 4734 2000 4788 τόπον

404 4821 592 4894 ῶσπερ
637 4823 761 4876 τινὰ
805 4821 900 4874 τὸν
951 4822 1080 4876 ἴδιον
1119 4823 1557 4894 ἀποληψομένου,
1608 4824 1701 4878 καὶ
1739 4825 1837 4895 τὴν
1886 4827 2000 4890 τοῖς

406 4915 571 4968 αὑτοῦ
605 4914 925 4987 πρέπουσαν
973 4913 1360 4986 κατορθώμασι
1388 4915 1563 4981 δόξαν.
1602 4917 1666 4969 Εἰ
1698 4917 1772 4987 μὴ
1803 4916 1997 4970 πολλαὶ

406 5006 696 5078 τοιγαροῦν
743 5002 884 5077 ἦσαν
923 5007 980 5060 αἱ
1014 5007 1165 5078 παρά
1201 5007 1277 5078 τῷ
1324 5006 1446 5078 Θεῷ
1473 5009 1567 5061 καὶ
1609 5007 1784 5080 Πατρὶ
1812 5007 1995 5078 μοναὶ,

406 5097 612 5170 ταύτης
646 5099 712 5152 ἂν
764 5099 952 5155 ἕνεκεν
977 5098 1078 5170 τῆς
1115 5099 1295 5162 αἰτίας
1329 5099 1814 5172 προαποδημήσειν
1865 5098 1992 5168 ἔφη,

407 5191 483 5252 ὡς
519 5189 763 5261 δηλονότι
815 5192 1209 5263 προετοιμάσαι
1238 5191 1307 5244 τὰ
1357 5191 1462 5245 τῶν
1516 5191 1686 5260 ἁγίων
1731 5191 2002 5260 ένδιαιτή-

415 5296 579 5349 ματα’
651 5283 854 5348 πολλάς
918 5284 975 5337 δὲ
1024 5283 1190 5348 οὔσας
1258 5283 1417 5349 εἰδὼς
1477 5282 2002 5355 προητοιμασμένας

413 5370 539 5440 ἤδη,
577 5374 669 5426 καὶ
695 5374 804 5427 τῶν
825 5376 1160 5444 ἀγαπώντων
1187 5376 1320 5429 Θεὸν
1352 5376 1751 5446 περιμενούσας
1776 5375 1875 5447 τὴν
1909 5373 2007 5444 ἄφ-

421 5463 546 5528 ιξιν,
589 5465 724 5536 Οὐχὶ
781 5467 987 5537 ταύτης
1045 5467 1208 5522 ἕνεκα
1255 5468 1357 5537 τῆς
1391 5467 1570 5532 αἰτίας
1602 5467 1999 5538 ἁποδημήσων,

416 5553 603 5621 φησιν,
655 5554 791 5610 ἀλλά
845 5558 943 5627 τῆς
1003 5557 1189 5612 ἀνόδου
1239 5562 1337 5630 τῆς
1371 5559 1502 5629 πρὸς
1547 5559 1605 5611 τὸ
1659 5558 1790 5624 ἄνω,
1837 5556 2003 5628 μονὴν

491 5667 534 5698 ⁵³
574 5667 728 5725 Item.
765 5687 818 5734 κ,
853 5671 1008 5726 8-10.

2099 4357 2200 4413 dos
2247 4355 2342 4426 qui
2384 4353 2622 4423 diligunt
2658 4350 2865 4420 ipsum.
2913 4346 3050 4401 Cum
3102 4349 3286 4398 autem
3341 4341 3422 4395 ait
3473 4340 3682 4394 multas

2102 4466 2222 4506 esse
2252 4447 2590 4510 mansiones,
2621 4440 2886 4498 credibile
2910 4446 2994 4494 est
3022 4438 3256 4491 innuere
3283 4433 3423 4490 velle
3454 4431 3684 4488 honoris

2100 4538 2482 4597 excellentiam
2525 4550 2638 4605 quo
2675 4529 2959 4587 ornandus
2997 4535 3080 4582 est
3103 4525 3358 4597 quisquis
3389 4525 3444 4577 in
3478 4524 3684 4576 virtute

2103 4634 2301 4702 degere
2348 4628 2581 4692 statuit,
2625 4622 2912 4696 proprium
2949 4618 3242 4691 quemdam
3291 4614 3462 4670 veluti
3500 4613 3684 4667 locum

2103 4727 2612 4794 congruentemque
2652 4715 2769 4771 suis
2819 4712 2979 4767 factis
3041 4709 3277 4781 gloriam
3330 4712 3682 4774 recepturus.

2104 4815 2220 4871 Nisi
2250 4814 2434 4868 multa;
2457 4810 2625 4882 igitur
2652 4813 2841 4864 essent
2872 4805 2978 4860 illa:
3007 4802 3152 4873 apud
3183 4799 3352 4854 Deum
3385 4805 3440 4852 et
3464 4795 3688 4850 Patrem

2106 4905 2442 4967 mansiones,
2475 4903 2618 4957 hanc
2648 4901 2720 4956 ob
2749 4913 3000 4961 causam,
3035 4892 3355 4964 inquiebat,
3409 4889 3562 4959 prior
3591 4888 3687 4942 ab-

2105 4999 2243 5054 irem
2269 4997 2337 5052 ad
2371 4995 2616 5067 paranda
2650 4992 2910 5048 nimirum
2949 4986 3159 5042 sanctis
3188 4979 3504 5037 habitacula
3540 4997 3552 5031 :
3592 4975 3686 5031 sed

2110 5107 2233 5146 cum
2259 5089 2507 5145 noverim
2544 5085 2748 5140 multas
2775 5083 2888 5154 jam
2921 5095 3044 5135 esse
3070 5081 3425 5154 praeparatas,
3456 5084 3580 5140 qua:
3605 5069 3689 5123 di-

2116 5180 2405 5253 ligentium
2439 5179 2610 5233 Deum
2659 5151 2950 5229 adventum
2999 5151 3411 5238 praestolamur;
3457 5159 3577 5216 Non
3616 5159 3688 5214 ob

2113 5252 2256 5327 hanc
2279 5264 2509 5327 caushm
2540 5266 2860 5330 discedam,
2889 5259 3103 5329 inquit,
3138 5255 3234 5312 sed
3272 5262 3331 5309 ut
3375 5252 3582 5309 reditus
3633 5252 3689 5305 in

2115 5379 2409 5436 supernam
2459 5361 2604 5415 viam
2645 5356 2813 5412 veluti
2845 5348 3142 5423 quamdam
3192 5354 3248 5403 et
3295 5347 3474 5402 locum
3531 5345 3689 5400 vobis

2114 5464 2538 5528 przeparaturus,
2573 5459 2627 5505 et
2659 5447 2804 5517 quod
2842 5446 3189 5497 inaccessum
3218 5441 3350 5495 olim
3383 5447 3502 5496 erat
3535 5449 3689 5489 com-

2117 5551 2461 5621 planaturus.
2520 5543 2732 5596 Invium
2778 5536 2981 5608 quippe
3033 5550 3262 5606 prorsus
3303 5541 3423 5590 erat
3487 5528 3689 5585 cmlum
