4076 6270
478 257 576 311 183

1457 251 1516 306 S.
1558 251 1832 307 CYlilLLl
1864 252 2339 310 ALEXANURINI
2377 257 2700 316 ARCIIIEP.

3625 260 3734 314 184

467 372 810 439 hominibus,
837 369 1000 443 764
1030 384 1204 441 neque
1238 369 1392 441 prius
1425 385 1666 442 unquam
1687 387 1817 428 caro
1846 389 2038 444 purum

2147 373 2333 447 ῶσπερ
2372 377 2514 440 τινὰ,
2570 378 2664 432 καὶ
2696 376 2861 430 τόπον
2897 379 3340 449 προευτρεπίσων
3373 379 3519 449 ὑμῖν,
3561 378 3736 432 καὶτὸ

467 467 622 521 illum
655 473 711 522 et
748 465 1160 521 sanctissimum
1205 465 1525 534 angelorum
1573 466 1754 520 locum
1781 467 2040 535 triverat,

468 559 568 614 sed
609 559 822 629 primus
845 572 1142 614 ascensum
1183 556 1252 611 ad
1291 555 1426 612 illud
1461 555 1720 613 Christus
1757 558 1916 614 nobis
1961 559 2045 614 in-

468 653 759 718 stauravit,
789 651 1121 720 modumque
1143 663 1210 706 eo
1242 649 1578 705 ascendendi
1609 651 1764 704 carni
1792 649 2040 718 tradidit,

468 745 744 816 primitias
779 743 942 799 veluti
971 742 1237 814 quasdam
1268 751 1612 798 mortuorum
1637 783 1652 808 ,
1696 750 1752 796 et
1799 743 1854 797 in
1897 751 2044 797 terra

460 835 764 906 jacentium
790 836 1031 908 seipsum
1059 835 1294 891 oﬂ‘erens
1323 835 1434 891 Deo
1461 850 1525 889 ac
1553 834 1725 898 Patri,
1754 843 1808 890 et
1829 835 2043 905 primus

466 929 631 984 homo
673 929 1058 985 manifestatus
1108 929 1175 984 iis
1214 931 1310 998 qui
1355 927 1412 982 in
1458 927 1602 982 caelo
1635 936 1785 981 sunt.
1832 926 2042 983 Idcirco

469 1029 768 1089 augustum
811 1031 867 1077 et
910 1035 1166 1091 magnum
1211 1021 1345 1077 illud
1395 1020 1663 1078 adventus
1701 1037 1826 1078 cum
1873 1036 2042 1076 carne

467 1113 794 1183 mysterium
840 1114 1159 1185 ignorantes
1198 1114 1452 1170 caelestes
1491 1113 1668 1185 angeli
1686 1147 1705 1178 -,
1736 1112 2042 1168 ascenden-

467 1215 575 1261 tem
610 1206 961 1261 mirabantur
987 1206 1246 1274 attoniti,
1297 1215 1353 1262 et
1395 1222 1538 1262 novo
1580 1216 1744 1277 atque
1776 1207 2040 1262 inusitato

467 1300 784 1368 spectaculo
833 1301 1040 1356 turbati
1084 1307 1295 1354 tantum
1335 1315 1440 1354 non
1481 1300 1635 1354 aiunt
1673 1317 1686 1356 :
1725 1318 1743 1351 ‹
1778 1299 1914 1366 Quis
1955 1306 2043 1355 est

467 1393 571 1449 iste
597 1393 692 1464 qui
720 1394 872 1448 venit
902 1394 972 1450 de
1006 1393 1177 1450 Edom
1201 1394 1293 1447 l"‘2
1328 1414 1347 1446 ›
1393 1394 1501 1448 hoc
1523 1401 1608 1449 est
1640 1393 1708 1448 de
1737 1401 1905 1448 terra.
1933 1391 2039 1447 Sed

465 1484 715 1554 ignaram
760 1485 1106 1542 admirabilis
1157 1487 1251 1542 Dei
1298 1501 1364 1542 ac
1405 1485 1588 1542 Patris
1623 1485 1905 1555 sapientia?
1943 1500 2040 1538 su-

465 1591 694 1645 pernam
731 1576 879 1631 illam
913 1578 1324 1634 multitudinem
1356 1577 1604 1648 Spiritus
1642 1592 1752 1632 non
1791 1576 2037 1640 dimisit,

465 1667 719 1736 quinimo
743 1669 910 1739 jussit
939 1678 996 1723 ut
1026 1671 1076 1725 ei
1109 1679 1367 1740 tanquam
1402 1670 1515 1741 regi
1554 1684 1619 1724 ac
1651 1669 1896 1726 universi
1934 1668 2039 1723 Do-

2146 471 2315 525 πάλαι
2367 471 2633 526 δύσϐατον
2677 472 2999 541 ὲξομαλιῶν.
3063 473 3301 535 Ἀϐατος
3346 471 3456 542 γὰρ
3507 466 3576 542 ἦν
3630 472 3732 525 ἀν-

2146 563 2384 635 θρώποις
2441 565 2722 628 παντελῶς
2777 567 2804 619 6
2852 564 3101 636 οὐρανὸς,
3163 566 3258 618 xui
3317 565 3378 618 οὐ
3445 564 3733 636 πεπάτηκε

2145 657 2410 728 πρότερον
2458 656 2676 711 πώποτε
2726 657 2862 729 σὰρξ
2891 659 2951 711 τὸ
2980 658 3219 729 καθαρὸν
3261 659 3437 711 ἐκεῖνο
3461 657 3552 709 xui
3598 656 3736 709 πάν-

2145 764 2310 816 αγνον
2364 747 2473 801 τῶν
2530 749 2778 817 ἀγγέλων
2825 750 3041 821 χωρίον,
3089 747 3388 802 ὲνεκαίνισε
3421 747 3476 800 δὲ
3519 745 3735 818 πρῶτος

2145 839 2276 910 ἡμῖν
2303 839 2400 910 τῆν
2435 842 2513 903 εἰς
2535 840 2696 893 αὑτὸν
2715 841 2902 900 ἄνοδον
2923 843 2951 894 6
2975 840 3230 912 Χριστὸς,
3246 840 3341 893 xui
3369 839 3569 910 τρόπον
3600 836 3731 890 ἐδω-

2144 948 2237 984 κεν
2265 931 2451 984 ἀνόδου
2477 932 2576 1002 τῆς
2597 933 2676 994 εἰς
2704 931 2932 1004 οὐρανὸν
2963 935 3027 1003 τῇ
3059 929 3518 1002 σαρκὶ,ἀπαρχὴν
3541 929 3732 1000 ὥσπερ

2142 1021 2264 1075 τινὰ
2287 1022 2394 1075 τῶν
2423 1024 2860 1094 κεκοιμημένων,
2877 1024 2969 1077 xui
2993 1025 3049 1076 ὲν
3069 1023 3172 1093 γῆς
3195 1021 3408 1093 χώματι
3440 1021 3731 1092 κειμένων,

2144 1113 2336 1166 ἑαυτὸν
2381 1114 2724 1185 ἀνακομίσας
2778 1114 2857 1186 τῷ
2895 1114 3013 1185 Θεῷ
3061 1115 3156 1167 xui
3194 1114 3388 1186 Πατρὶ,
3445 1113 3540 1165 xui
3574 1112 3730 1183 πρῶ-

2142 1223 2234 1269 τος
2255 1205 2538 1278 ἄνθρωπος
2573 1207 2769 1277 ὀφθεὶς
2792 1210 2904 1272 τοῖς
2949 1210 3006 1262 ἐν
3036 1207 3270 1279 οὐρανῷ,
3302 1205 3592 1277 Τοιγάρτοι
3639 1207 3733 1258 xui

2141 1299 2204 1353 τὸ
2235 1301 2434 1352 σεπτὸν
2457 1301 2551 1354 xui
2583 1301 2724 1371 μέγα
2753 1301 2850 1372 τῆς
2894 1300 3189 1370 ὲπιδημίας
3217 1299 3320 1370 τῆς
3355 1297 3492 1370 μετὰ
3527 1297 3731 1368 σαρκὸς

2147 1393 2446 1464 μυστήριον
2478 1393 2793 1458 ούκείδότες
2823 1394 2871 1446 οἱ
2902 1394 3022 1448 κατ’
3050 1393 3278 1464 οὐρανὸν
3296 1393 3447 1454 ὄντες
3484 1390 3727 1460 ἄγγελοι,

2143 1483 2361 1536 ἀνιόντα
2410 1483 2873 1555 κατετεθήπεσαν,
2920 1484 3012 1536 ἐπὶ
3049 1482 3106 1536 δὲ
3149 1481 3227 1553 τῷ
3263 1481 3396 1552 ξένῳ
3440 1481 3535 1534 xui
3571 1478 3729 1551 ἀήθει

2144 1577 2429 1648 πράγματι
2489 1575 2770 1647 μονονουχὶ
2812 1573 3260 1645 τεθορυϐημένοι,
3330 1571 3484 1642 φασί’
3551 1589 3570 1622 ι
3634 1569 3730 1632 Τίς

2143 1663 2299 1734 οὗτος
2325 1669 2352 1721 6
2391 1668 2827 1740 παραγενόμενος
2875 1667 2933 1734 ἐξ
2983 1666 3190 1736 Ἐδώμ;
3231 1684 3249 1716 ι
3283 1663 3429 1718 τοῦτ’
3465 1662 3632 1727 ἐστιν,
3669 1662 3733 1714 ἐκ

465 1761 616 1815 mino
647 1761 903 1816 coelestes
933 1769 1119 1832 portas
1141 1762 1440 1833 aperirent,
1473 1763 1827 1817 exclamans:
1865 1781 1884 1813 ‹
1915 1759 2038 1816 Tol-

2145 1762 2268 1832 γῆς.
2309 1761 2450 1815 Ἀλλ’
2475 1762 2576 1814 οῦκ
2619 1760 2902 1824 ἀδίδακτον
2945 1757 3046 1829 τῆς
3074 1756 3168 1812 τοῦ
3210 1756 3346 1810 Θεοῦ
3394 1755 3489 1808 xui
3519 1753 3733 1822 Πατρὸς

466 1850 562 1904 lite
597 1860 806 1922 portas,
837 1853 1140 1922 principes,
1166 1867 1402 1915 vestras,
1433 1861 1489 1909 et
1517 1854 1829 1919 elevamini,
1868 1863 2040 1924 porta:

463 1942 772 2008 aeternales,
819 1950 876 1997 et
909 1943 1159 2000 introibit
1192 1945 1307 2000 Rex
1342 1945 1528 2017 gloriae
1565 1945 1634 1998 “.
1675 1963 1694 1997 ι
1746 1945 2039 1999 lnnovavit

463 2035 638 2096 igitur
675 2035 836 2090 nobis
869 2034 1137 2093 Dominus
1181 2045 1371 2092 noster
1399 2035 1562 2093 Jesus
1599 2036 1856 2093 Christus
1892 2038 2038 2092 viam

464 2132 742 2180 recentem
772 2140 837 2181 ac
863 2126 1066 2191 vivam,
1113 2135 1172 2182 ut
1197 2125 1403 2184 Paulus
1432 2128 1507 2182 ait
1530 2129 1599 2194 ⁸⁸,
1632 2143 1744 2182 non
1768 2127 1822 2182 in
1849 2137 2040 2184 sancta

463 2216 802 2283 manufacta,
832 2218 928 2273 sed
953 2218 1008 2273 in
1031 2219 1232 2274 coelum
1257 2219 1433 2288 ipsum
1468 2219 1776 2290 ingressus,
1805 2231 1865 2274 ut
1892 2235 2041 2274 nunc

461 2321 648 2362 coram
692 2310 844 2363 vultu
893 2308 992 2364 Dei
1041 2325 1142 2382 pro
1190 2310 1351 2366 nobis
1397 2319 1682 2382 appareat.
1733 2310 1845 2366 Nec
1891 2311 2039 2366 enim

463 2399 714 2456 ascendit
747 2400 1044 2466 Christus,
1082 2408 1142 2458 ut
1187 2402 1432 2472 seipsum
1473 2400 1795 2472 conspectui
1833 2399 1930 2456 Dei
1975 2415 2042 2456 ac

463 2488 643 2548 Patris
675 2493 1054 2548 manifestaret
1093 2516 1105 2548 :
1149 2503 1266 2549 erat
1299 2494 1538 2564 quippe,
1569 2501 1625 2550 et
1671 2501 1789 2559 est,
1824 2492 2040 2562 eritque

464 2599 682 2654 semper
717 2585 772 2638 in
802 2583 1000 2649 Patre,
1039 2593 1094 2640 et
1133 2585 1188 2639 in
1226 2587 1405 2641 oculis
1446 2587 1532 2641 sui
1565 2585 1878 2656 genitoris:
1922 2585 2041 2654 ipse

463 2674 611 2730 enim
654 2681 740 2730 est
787 2690 894 2745 quo
939 2691 1154 2746 semper
1189 2676 1425 2748 gaudet;
1468 2677 1566 2733 sed
1605 2677 1854 2732 ascendit
1897 2691 2046 2730 nune

464 2767 621 2838 quasi
655 2767 820 2822 homo
869 2768 1095 2824 insolita
1140 2768 1379 2839 quadam
1427 2774 1482 2824 et
1526 2768 1796 2826 inusitata
1829 2768 2044 2823 ratione

464 2858 917 2928 conspiciendum
942 2874 1001 2914 se
1032 2859 1280 2929 praebens
1318 2859 1557 2916 Verbum
1591 2860 1740 2931 quod
1768 2859 1900 2915 olim
1941 2861 2044 2915 hu-

464 2953 729 3007 manitate
753 2967 990 3007 vacuum
1026 2960 1167 3008 erat.
1199 2953 1371 3023 quue
1411 2965 1635 3024 propter
1663 2969 1766 3010 nos
1787 2993 1803 3020 ,
1855 2962 1908 3008 et
1944 2969 2044 3024 pro

2149 1853 2478 1922 ἀξιαγάστου
2519 1854 2731 1923 σοφίας,
2759 1852 2857 1922 τὴν
2884 1851 2996 1906 ἀνω
3021 1850 3230 1920 πληθὺν
3256 1849 3433 1919 ἀφῆκε
3464 1846 3526 1900 τὸ
3565 1845 3737 1900 Πνεῦ-

2153 1964 2249 2018 μα,
2292 1947 2630 2002 διεκελεύετο
2649 1946 2706 2000 δὲ
2756 1945 2956 2016 μᾶλλον
2993 1944 3068 2009 ὡς
3101 1942 3313 2014 βασιλεῖ
3337 1941 3431 1996 καὶ
3452 1939 3564 1993 τῶν
3595 1938 3734 1992 ὅλων

2147 2039 2390 2112 Δεσπότῃ
2418 2038 2515 2102 τὰς
2540 2037 2826 2110 οὐρανίους
2847 2035 3157 2106 ἀνοιγνύναι
3194 2032 3366 2097 πύλας
3395 2030 3730 2101 ἀναφωνοῦν·

2153 2150 2173 2184 ι
2242 2133 2444 2200 Ἀρατε
2495 2129 2690 2195 πύλας,
2744 2131 2793 2183 οἱ
2859 2129 3137 2199 ἄρχοντες,
3187 2125 3362 2197 ὑμῶν,
3404 2125 3500 2178 xui
3560 2123 3735 2192 ἐπάρ-

2146 2221 2299 2290 θητε,
2319 2219 2485 2274 πύλαι
2511 2219 2742 2283 αἰώνιοι,
2776 2218 2870 2272 καὶ
2893 2217 3262 2271 εἰσελεύσεται
3289 2217 3317 2270 6
3341 2213 3604 2277 Βασιλεὺς
3631 2211 3730 2281 τῆς

2143 2314 2322 2384 δόξης.
2367 2331 2385 2365 ι
2453 2312 2784 2366 Ἐνεκαίνισε
2849 2311 3026 2365 τοίνυν
3079 2311 3210 2382 ἡμῖν
3254 2309 3283 2361 6
3325 2306 3531 2371 Κύριος
3573 2305 3729 2378 ἡμῶν

2158 2401 2364 2472 Ἰησοῦς
2416 2402 2650 2473 Χριστὸς
2693 2401 2811 2455 όδὸν
2860 2401 3171 2472 πρόσφατον
3213 2398 3306 2453 xui
3351 2397 3554 2462 ζῶσαν,
3598 2395 3673 2457 ὡς
3700 2397 3729 2447 6

2145 2493 2356 2557 Παῦλός
2412 2507 2598 2564 φησιν,
2629 2493 2730 2545 οὐκ
2768 2493 2846 2556 είς
2877 2491 3231 2562 χειροποίητα
3272 2489 3402 2558 άγια
3451 2487 3727 2552 εἰσελθὼν,

2144 2586 2258 2640 ἀλλ’
2309 2586 2390 2648 είς
2440 2585 2602 2638 αὑτὸν
2640 2585 2732 2639 τὸν
2773 2583 3020 2656 οὐρανὸν,
3071 2583 3166 2636 νῦν
3216 2579 3615 2653 ἐμφανισθῆναι
3653 2579 3729 2651 τῷ

2143 2678 2422 2752 προσώπῳ
2441 2677 2534 2732 τοῦ
2589 2678 2726 2731 Θεοῦ
2761 2678 2902 2749 ὑπὲρ
2936 2677 3117 2748 ἡμῶν.
3150 2676 3224 2730 Οὐ
3260 2677 3369 2746 γὰρ
3395 2674 3585 2729 ἑαυτὸν
3631 2675 3728 2743 ἐμ-

2144 2771 2383 2841 φανίσων
2430 2770 2509 2841 τῷ
2551 2769 2826 2842 προσώπῳ
2869 2770 2961 2822 τοῦ
2989 2766 3124 2822 Θεοῦ
3179 2767 3275 2820 καὶ
3305 2765 3516 2836 Πατρὸς
3539 2765 3729 2820 ἀναϐέ-

2143 2862 2313 2934 6ηκεν
2339 2864 2366 2915 6
2396 2860 2648 2932 Χριστός·
2704 2855 2772 2930 ἦν
2821 2857 2949 2929 γὰρ,
3005 2858 3100 2911 xui
3146 2856 3283 2922 ἔστι,
3323 2856 3417 2910 xui
3459 2855 3613 2908 ἔσται
3641 2854 3727 2908 διὰ

2143 2952 2365 3018 παντὸς,
2397 2955 2454 3006 ὲν
2486 2951 2683 3020 [lu-cpi,
2713 2950 2808 3003 xui
2836 2950 2896 3002 ὲν
2921 2948 3219 3020 ὀφθαλμοῖς
3249 2946 3342 3002 τοῦ
3375 2947 3505 3001 ίδίου
3532 2946 3730 3017 γεννήο

465 3041 652 3106 nobis,
683 3050 743 3096 ut
767 3050 822 3097 et
854 3043 1112 3098 inventus
1141 3050 1201 3098 ut
1241 3043 1404 3098 homo
1429 3043 1497 3075 ⁸³’
1519 3083 1534 3108 ,
1572 3053 1832 3115 tanquam
1863 3043 2038 3100 Filius

2143 3059 2318 3114 τορος·
2351 3042 2513 3107 αὐτὸς
2536 3041 2641 3110 γάρ
2673 3043 2840 3103 ἐστιν,
2862 3031 2906 3108 ᾧ
2924 3039 3250 3111 προσχαίρει
3279 3037 3368 3091 διά
3390 3036 3610 3100 παντός’
3635 3037 3729 3090 άν-

463 3135 521 3189 in
552 3134 754 3190 virtute
779 3174 793 3194 .
840 3145 894 3190 et
931 3136 1026 3205 qui
1059 3150 1183 3190 eum
1225 3150 1395 3192 carne
1435 3135 1608 3191 audiit
1649 3137 1704 3191 in
1753 3136 1992 3193 solidum
2023 3155 2038 3192 :

469 3244 489 3277 ι
531 3223 670 3281 Sede
700 3239 731 3280 a
763 3224 976 3283 dextris
1010 3227 1146 3283 meis
1175 3228 1221 3259 ⁸¹
1243 3269 1258 3293 ,
1295 3248 1313 3281 ι
1362 3227 1644 3284 ﬁliationis
1673 3229 1906 3299 gloriam
1940 3229 2041 3284 toti

463 3317 706 3371 humano
731 3317 916 3388 generi
958 3332 1054 3389 per
1093 3319 1338 3390 seipsum
1371 3319 1668 3390 adoptione
1692 3321 2043 3377 transmitte-

462 3416 566 3464 ret.
605 3406 761 3464 Unus
807 3409 954 3465 enim
1006 3420 1093 3467 est
1133 3425 1198 3465 ex
1247 3411 1409 3467 nobis
1436 3451 1451 3476 ,
1489 3411 1548 3466 in
1580 3422 1844 3482 quantum
1877 3412 2042 3468 homo

463 3500 736 3570 apparuit,
770 3515 801 3554 a
820 3499 1029 3557 dextris
1055 3501 1148 3556 Dei
1180 3511 1234 3556 et
1260 3500 1463 3568 Patris,
1489 3501 1614 3558 licet
1635 3517 1801 3574 supra
1823 3517 2040 3558 omnem

461 3599 771 3648 creaturam
825 3593 937 3658 sit,
987 3602 1042 3650 et
1079 3595 1574 3652 consubstantialis
1616 3611 1719 3652 suo
1763 3597 2039 3668 genitori,

459 3694 731 3754 quatenus
774 3685 980 3743 eﬂ‘ulsit
1006 3704 1073 3744 ex
1110 3689 1268 3760 ipso,
1305 3688 1448 3745 Deus
1481 3689 1550 3746 de
1582 3688 1693 3746 Deo
1717 3729 1732 3755 ,
1769 3697 1823 3745 et
1852 3691 2040 3745 lumen

459 3775 527 3830 de
551 3782 680 3832 vero
701 3777 926 3832 lumine.
951 3777 1221 3848 Apparuit
1241 3779 1431 3848 itaque
1455 3785 1718 3848 tanquam
1748 3780 1916 3835 homo
1939 3794 2040 3851 pro

459 3866 620 3922 nobis
649 3865 840 3932 Patri,
864 3875 927 3922 ut
956 3883 1058 3924 nos
1087 3869 1182 3939 qui
1208 3871 1277 3924 ab
1302 3872 1420 3940 ejus
1443 3872 1602 3926 vultu
1633 3879 1860 3941 pr0pter
1886 3877 2038 3926 vete-

458 3971 575 4011 rem
607 3957 1117 4026 praevaricationem
1151 3961 1360 4031 repulsi
1382 3960 1687 4025 fueramus,
1715 3975 1916 4015 rursus
1949 3974 2041 4015 co-

460 4062 577 4100 ram
627 4046 785 4102 Patre
824 4048 1082 4114 sisteret;
1120 4049 1308 4116 sedit,
1363 4058 1420 4104 ut
1457 4049 1665 4114 Filius,
1711 4057 1772 4103 ut
1814 4057 1869 4104 et
1901 4065 2035 4116 nos,

458 4141 723 4204 tanquam
748 4135 865 4199 lilii,
908 4151 1006 4206 per
1040 4151 1166 4192 eum
1201 4153 1652 4208 nuncuparemur
1703 4153 1768 4194 ac
1795 4137 1886 4194 Dei
1919 4139 2034 4196 lilii.

457 4225 693 4296 Ideoque
722 4225 927 4284 Paulus
979 4227 1074 4298 qui
1104 4228 1389 4285 contendit
1414 4229 1618 4285 habere
1647 4244 1708 4286 se
1753 4228 2036 4286 Christum

457 4319 772 4388 loquentem
804 4321 858 4374 in
891 4321 1074 4392 seipso
1095 4321 1161 4387 “,
1192 4322 1506 4378 communia
1544 4337 1668 4378 esse
1688 4330 1902 4379 naturae
1931 4324 2036 4378 hu-

2149 3135 2250 3206 έὸη
2278 3135 2334 3188 δὲ
2377 3133 2497 3197 νῦν,
2540 3133 2615 3197 ῶς
2649 3131 2934 3204 ἄνθρωπος
2988 3129 3272 3200 ἀσυνήθως
3320 3145 3380 3181 τε
3425 3128 3520 3181 xui
3566 3126 3730 3192 ξένως

2145 3223 2567 3296 ἐμφανισθῆναι,
2618 3225 2647 3276 6
2699 3221 2868 3275 πάλαι
2905 3220 3111 3292 γυμνὸς
3157 3218 3578 3290 ἀνθρωπότητος
3623 3218 3730 3273 Λό-

2144 3337 2258 3388 γος.
2291 3319 2367 3370 Δι’
2390 3319 2539 3388 ἡμᾶς
2580 3316 2636 3369 δὲ
2665 3315 2840 3379 τοῦτο,
2873 3315 2968 3367 xui
2998 3313 3140 3384 ὑπὲρ
3167 3311 3350 3383 ἡμῶν,
3393 3312 3480 3366 ἵνα
3536 3309 3630 3364 xui
3655 3309 3732 3374 ὡς

2143 3408 2429 3480 ἄνθρωπος
2456 3405 2720 3477 εὑρεθεὶς,
2764 3404 2840 3467 ὡς
2877 3404 3006 3466 Υίὸς
3039 3405 3097 3456 ὲν
3143 3401 3393 3472 δυνάμει,
3447 3400 3542 3453 xui
3593 3398 3730 3471 μετά

2147 3499 2348 3570 σαρκὸς
2382 3497 2621 3560 ἀκούσας
2659 3495 2914 3561 καθόλου,
2950 3512 2968 3545 ι
3024 3492 3209 3547 Κάθου
3238 3495 3302 3546 ἐκ
3322 3489 3508 3558 δεξιῶν
3548 3509 3672 3562 μου,
3705 3510 3723 3543 ι

2142 3589 2242 3661 τῆς
2275 3587 2545 3650 υἱοθεσίας
2579 3586 2676 3656 τὴν
2699 3584 2876 3650 δόξαν,
2905 3585 3012 3654 ὅλῳ
3054 3584 3122 3636 δι’
3153 3582 3346 3637 ἑαυτοῦ
3381 3581 3728 3655 παραπέμψει

2141 3680 2220 3752 τῷ
2240 3680 2407 3749 γένει.
2445 3673 2538 3741 Εἷς
2576 3678 2683 3748 γάρ
2713 3679 2860 3730 ἐστιν
2893 3675 3069 3746 ἡμῶν,
3111 3675 3246 3728 καθὸ
3268 3673 3507 3744 πέφηνεν
3527 3673 3729 3744 ἀνθρω-

2143 3793 2264 3839 πος,
2289 3777 2352 3828 ὲκ
2375 3773 2565 3839 δεξιῶν
2588 3773 2684 3829 τοῦ
2710 3771 2846 3827 Θεοῦ
2869 3773 2963 3827 καὶ
2996 3771 3228 3842 Πατρὸς,
3257 3772 3305 3824 εί
3327 3772 3421 3825 καὶ
3447 3770 3588 3842 ὑπὲρ
3617 3771 3726 3824 πᾶ-

2144 3867 2244 3926 σάν
2285 3868 2430 3920 ἐστιν
2476 3867 2575 3938 τὴν
2625 3865 2824 3932 κτίσιν,
2859 3866 2953 3918 xui
2996 3863 3283 3936 ὀμοούσιος
3331 3863 3410 3933 τῷ
3453 3863 3568 3934 ἰδίῳ
3606 3879 3729 3930 γεν-

2141 3961 2349 4031 νήτορι,
2409 3959 2545 4012 καθὸ
2605 3959 2851 4029 πέφηνεν
2913 3956 2974 4022 ἐξ
3029 3955 3194 4009 αὑτοῦ
3259 3956 3390 4020 Θεὸς
3443 3959 3509 4010 ὲκ
3564 3954 3726 4018 Θεοῦ,

2140 4051 2234 4105 xui
2261 4050 2376 4120 φῶς
2393 4053 2456 4104 ὲκ
2479 4049 2654 4120 φωτὸς
2675 4050 2816 4103 κατά
2838 4048 3117 4120 ἀλήθειαν.
3149 4049 3500 4118 Ἑνεφανίσθη
3522 4048 3724 4113 τοίνυν,

2139 4148 2216 4209 ὡς
2244 4144 2529 4216 ἄνθρωπος
2580 4143 2719 4214 ὑπὲρ
2744 4142 2900 4212 ἡμῶν
2927 4143 3006 4213 τῷ
3047 4143 3242 4213 Πατρὶ,
3294 4141 3379 4194 ἵνα
3410 4143 3554 4212 ἡμᾶς
3598 4142 3725 4208 τοὺς

2139 4239 2203 4291 ὲκ
2245 4236 2540 4309 προσώπου
2627 4235 2905 4304 γεγονότας
2954 4235 3041 4288 διά
3099 4233 3198 4304 τὴν
3252 4233 3482 4304 ἀρχαίαν
3546 4236 3725 4305 παρά·

2138 4330 2333 4397 ϐασιν,
2407 4331 2579 4400 στήσῃ
2637 4327 2800 4381 πάλιν
2854 4326 2930 4390 ώς
2989 4328 3046 4380 ἐν
3101 4325 3381 4397 προσώπῳ
3450 4324 3544 4379 τοῦ
3607 4327 3723 4378 Πα-

456 4425 633 4464 manae
663 4410 868 4466 docens
900 4427 963 4467 ea
994 4429 1115 4484 quae
1147 4413 1479 4483 ergaipsum
1513 4413 1863 4483 peculiariter
1887 4414 2028 4472 facta

2142 4426 2280 4497 τρός·
2311 4423 2623 4488 κεκάθικεν,
2649 4420 2725 4484 ώς
2747 4419 2895 4484 Υἱὸς,
2947 4419 3034 4472 ἵνα
3057 4419 3151 4473 καὶ
3171 4421 3354 4490 ἡμεῖς,
3403 4419 3478 4482 ώς
3507 4417 3615 4472 υἱοὶ
3654 4415 3722 4472 δι’

457 4509 588 4556 sunt
625 4501 737 4569 ait,
772 4504 901 4573 quia
933 4513 987 4560 et
1040 4524 1058 4556 ‹
1092 4506 1556 4562 conresuscitavit
1595 4521 1726 4570 nos.
1758 4514 1812 4562 et
1843 4523 2038 4564 conse-

455 4593 587 4648 dere
640 4592 770 4649 fecit
817 4595 873 4649 in
923 4597 1248 4653 emlestibus
1289 4597 1344 4654 in
1389 4598 1615 4655 Christo
1643 4602 1709 4654 ⁸⁸.
1744 4621 1762 4654 ι
1798 4601 2037 4676 Propria

453 4700 693 4756 namque
721 4694 805 4742 est
845 4687 1006 4759 765
1035 4687 1260 4744 Christo
1287 4728 1304 4756 ,
1352 4699 1412 4745 ut
1443 4693 1748 4748 secundum
1782 4702 2034 4751 naturam

454 4771 595 4828 Filio
621 4816 636 4842 ,
668 4790 968 4832 consessus
1013 4777 1252 4848 dignitas
1299 4788 1358 4834 et
1397 4780 1608 4849 gloria,
1655 4798 1818 4853 quam
1853 4785 1903 4841 ei
1941 4787 2036 4842 uni

452 4875 823 4936 congruenter
848 4881 912 4922 ac
939 4881 1064 4924 vere
1097 4867 1442 4924 tribuendam
1469 4886 1592 4928 esse
1621 4872 1860 4932 dicimus
1887 4894 1900 4930 :
1933 4877 2029 4932 sed

452 4960 581 5028 quia
611 4960 913 5017 considens
942 4961 1122 5017 nostri
1153 4962 1354 5019 similis
1394 4974 1516 5034 est,
1551 4977 1828 5038 quatenus
1865 4987 2032 5043 appa-

451 5053 564 5106 ruit
595 5053 792 5120 homo,
822 5053 1077 5124 Deusque
1117 5054 1282 5110 simul
1321 5055 1388 5111 de
1429 5055 1538 5113 Deo
1567 5058 1922 5131 intelligitur,
1961 5063 2030 5118 ad

449 5163 553 5202 nos
593 5147 760 5202 etiam
806 5147 1211 5218 quodammodo
1266 5148 1550 5220 dignitatis
1601 5152 1750 5210 illius
1797 5156 2027 5226 gratiam

451 5239 796 5294 transmittit.
848 5237 965 5294 Etsi
1029 5240 1176 5295 enim
1228 5255 1350 5296 cum
1409 5259 1476 5298 eo
1521 5243 1670 5301 Patri
1707 5250 2027 5305 consessuri

451 5344 560 5382 non
607 5329 782 5384 simus
849 5330 1166 5402 (quomodo
1223 5324 1372 5390 enim
1418 5351 1613 5394 servus
1667 5355 1908 5411 unquam
1958 5342 2027 5396 ad

448 5420 713 5490 mqualem
742 5437 866 5476 cum
897 5422 1117 5480 domino
1147 5425 1407 5484 honorem
1437 5431 2026 5504 ascendet?),verum-

449 5521 631 5567 tamen
684 5514 893 5570 sanctis
945 5514 1234 5588 discipulis
1291 5536 1547 5578 sessuros
1597 5541 1763 5595 super
1808 5527 2024 5582 thronis

519 5626 561 5655 ⁵⁰
607 5623 708 5677 lsa.
744 5642 873 5679 um
901 5628 971 5687 ,1.

448 5709 543 5748 Xitl
571 5735 583 5760 ,
613 5697 664 5748 ἷῖ.
738 5697 780 5728 ⁷³³
842 5697 1034 5768 Ῐῧυίιρδ.
1074 5715 1129 5764 H,
1164 5703 1213 5754 U.

2135 4517 2299 4572 αὐτοῦ
2352 4514 2813 4587 χρηματίσωμεν,
2870 4511 2962 4564 xui
3030 4510 3196 4564 τέκνα
3267 4509 3424 4564 Θεοῦ.
3491 4510 3590 4564 Διά
3638 4526 3722 4563 τοι

2135 4610 2313 4674 τοῦτο,
2340 4608 2434 4662 xui
2467 4610 2495 4660 6
2543 4603 2773 4669 Παῦλος,
2826 4604 2854 4656 6
2886 4603 2976 4656 τὸν
3003 4603 3235 4673 Χριστὸν
3267 4601 3413 4672 ἔχειν
3458 4604 3514 4655 ὲν
3543 4601 3722 4671 ἑαυτῷ

2133 4702 2402 4758 λαλοῦντα
2440 4697 2860 4767 διατεινόμενος,
2905 4696 3058 4749 κοινά
3089 4698 3155 4766 τῇ
3203 4695 3364 4765 φύσει
3409 4697 3474 4764 τῇ
3509 4693 3712 4766 ἀνθρω-

2130 4795 2262 4866 πεία
2297 4792 2366 4847 τά
2403 4793 2482 4853 εἰς
2515 4789 2676 4842 αὑτὸν
2715 4787 2897 4852 ίδικῶς
2933 4788 3196 4857 γεγονότα
3225 4787 3494 4840 διδάσκων
3527 4785 3717 4858 φησὶν,

2137 4889 2219 4942 ὃτι
2253 4886 2346 4939 xui
2380 4902 2399 4935 ι
2445 4883 2770 4953 Συνήγειρεν
2819 4881 2980 4952 ἡμᾶς,
3017 4880 3108 4932 xui
3151 4877 3503 4934 συνεκάθισεν
3527 4878 3584 4930 ὲν
3607 4879 3723 4940 τοῖς

2137 4973 2481 5046 ἐπουρανίοις
2531 4974 2588 5025 ὲν
2654 4969 2895 5042 Χριστῷ.
2937 4989 2956 5021 ι
3002 4970 3160 5022 Ἰδιον
3200 4971 3298 5040 μὲν
3337 4970 3445 5041 γὰρ
3484 4970 3560 5035 ώς
3603 4967 3720 5038 Υίῷ

2137 5067 2279 5122 κατὰ
2304 5066 2464 5136 φύσιν
2499 5063 2732 5134 ὑπάρχει
2756 5060 2976 5132 Χριστῷ
3002 5059 3062 5113 τὸ
3088 5060 3189 5130 τῆς
3210 5063 3522 5133 συνεδρείας
3551 5062 3718 5128 ἀξίω·-

2140 5178 2238 5230 μα,
2263 5159 2356 5212 xui
2375 5155 2472 5227 τὴν
2507 5155 2602 5210 τοῦ
2631 5151 3009 5223 συγκαθῆσθαι
3049 5152 3227 5218 δόξαν,
3277 5153 3424 5225 αὐτῷ
3474 5172 3531 5207 τε
3584 5172 3720 5226 πρε-

2138 5250 2347 5311 πόντως
2382 5247 2475 5300 xui
2509 5245 2656 5318 μόνῳ
2689 5241 2905 5312 ἀληθῶς
2958 5243 3276 5296 ἀνακεῖσθαι
3328 5247 3572 5315 φήσομεν
3596 5259 3608 5274 ·
3657 5242 3717 5296 τὸ

2135 5339 2190 5392 δὲ
2212 5337 2346 5400 ὅλως
2376 5334 2496 5388 καθ’
2523 5335 2671 5404 ἡμᾶς
2706 5330 2972 5403 ὑπάρχειν
3005 5330 3099 5384 τὸν
3135 5331 3542 5402 συνεδρεύοντα,
3581 5331 3718 5385 καθὸ

2132 5432 2371 5502 πέφηνεν
2413 5427 2696 5497 ἄνθρωπος
2721 5424 2859 5495 μετά
2900 5423 2992 5476 τοῦ
3047 5422 3282 5477 νοεῖσθαι
3318 5423 3412 5477 xui
3456 5423 3588 5476 Θεὸν
3651 5425 3718 5478 ὲκ

2127 5521 2286 5588 Θεοῦ,
2335 5519 2694 5590 παραπέμπει
2757 5532 2875 5579 πως
2925 5514 3022 5568 xui
3073 5517 3152 5577 είς
3189 5516 3336 5585 ἡμᾶς
3393 5515 3491 5584 τὴν
3529 5517 3592 5570 ὲκ
3620 5514 3714 5568 τοῦ

1052 5629 1092 5660 ⁵³
1136 5629 1276 5709 Psal.
1319 5651 1450 5690 nm
1483 5679 1492 5700 ,
1527 5637 1572 5691 7.
1655 5639 1698 5671 δ’
1734 5635 1896 5694 llehr.
1937 5654 2008 5701 Ix,

2219 5640 2261 5671 ⁸³
2301 5638 2529 5709 Philipp.
2565 5655 2597 5691 ll
2623 5676 2636 5702 ,
2679 5636 2726 5689 7.
2808 5631 2870 5663 ⁸³⁸
2915 5629 3054 5688 Psal.
3093 5646 3196 5699 cu,
3239 5629 3284 5685 Ι.
3363 5631 3405 5662 ⁵³
3441 5629 3484 5683 ll
3515 5630 3640 5684 Cor.
