4076 6270
300 319 407 378 185

1472 309 1538 366 ΙΝ
1562 308 1850 369 JOANNIS
1887 312 2341 373 EVANGELIUM
2370 313 2501 370 LIB.
2530 314 2625 371 IX.

3467 326 3564 382 186

301 431 617 504 ἀξιώματος
642 432 820 504 χάριν.
845 430 909 484 Et
935 428 1043 501 γὰρ
1064 424 1159 483 καὶ
1191 426 1266 500 μὴ
1292 424 1443 500 αὐτῷ
1466 427 1891 502 συνεδρεύσομεν

1995 431 2275 502 promisit.
2311 449 2331 483 ι
2367 431 2601 498 Quando
2657 427 2848 499 enim,
2908 428 3114 504 inqmt,
3167 432 3345 491 Filius
3397 435 3575 495 homi-

302 523 383 597 τῷ
413 526 590 598 Πατρὶ
621 522 759 594 (πῶς
780 522 890 594 γὰρ
911 520 974 574 τὸ
996 520 1205 586 δοῦλον,
1237 521 1320 583 είς
1353 519 1454 591 τὴν
1499 520 1627 594 ῐσην
1674 521 1754 593 τῷ
1801 522 1886 575 δε-

307 617 483 689 σπότῃ
537 616 700 688 τιμὴν
758 615 897 669 ἀνίοι
964 612 1211 685 ποτές),
1261 609 1509 668 ἀλλὀὖν
1534 631 1621 684 γε,
1660 614 1764 687 τὴν
1793 614 1885 668 ἐπὶ

306 709 510 781 θρόνων
542 694 755 762 κάθισιν
797 707 908 771 τοῖς
955 705 1133 776 ἁγίοις
1174 706 1539 777 ἐπηγγείλατο
1596 705 1882 778 μαθηταῖς.

312 819 333 852 ι
356 801 523 854 Ὅταν
576 798 710 870 γὰρ,
776 798 967 870 φησὶν,
1014 799 1043 851 6
1092 797 1221 863 Υἱὸς
1247 796 1340 851 τοῦ
1364 796 1656 870 ἀνθρώπου
1687 799 1888 872 καθίσῃ

305 889 399 945 ἐπὶ
430 889 622 962 θρόνου
654 889 817 961 δόξης
848 889 1038 955 αὑτοῦ,
1056 891 1152 945 καὶ
1179 889 1339 961 ὑμεῖς
1368 890 1661 945 καθίσεσθε
1688 890 1889 945 ὲπὶδώ-

302 983 436 1035 δεκα
456 980 699 1053 θρόνους,
730 979 1010 1051 κρίνοντες
1048 979 1148 1044 τάς
1178 978 1389 1035 δώδεκα
1435 980 1611 1051 φυλάς
1653 980 1748 1035 τοῦ
1793 980 1889 1035 ἰσ-

308 1072 469 1143 ραήλ.
512 1091 530 1124 ι
563 1070 773 1126 Οὐκοῦν
803 1071 1186 1143 ἀνοιχήσομαι,
1234 1071 1421 1141 φησὶν,
1459 1073 1522 1126 οὺ
1559 1071 1726 1142 μονὰς
1761 1072 1888 1141 ὑμῖν

304 1164 612 1235 ὲτοιμάσων
645 1163 776 1234 (εἰσὶ
808 1163 916 1238 γὰρ
937 1164 1041 1235 ήδη
1070 1163 1312 1235 πολλαὶ),
1347 1165 1440 1219 καὶ
1468 1164 1530 1218 τὸ
1558 1167 1891 1220 ὲπικαινοτο⁴

308 1258 529 1330 μεῖσθαι
555 1256 622 1327 τῇ
657 1256 832 1311 κτίσει
859 1257 1135 1329 περιττὸν,
1168 1256 1615 1328 προευτρεπίσων
1640 1256 1698 1310 δὲ
1722 1256 1888 1311 τόπον

304 1351 437 1421 ὑμῖν
486 1349 583 1404 τοῦ
633 1344 772 1403 εἶναι
800 1347 1060 1403 δύνασθαι
1097 1349 1280 1403 λοιπὸν
1325 1347 1526 1420 ἀναμὶξ
1575 1350 1690 1413 τοῖς
1713 1348 1889 1418 ἁγίοις

302 1442 557 1512 ἀγγέλοις
588 1442 716 1505 τοὺς
744 1441 904 1505 ὄντας
952 1442 1044 1495 ἐπὶ
1068 1441 1168 1513 τῆς
1182 1441 1314 1512 λγῆς,
1350 1441 1438 1495 διά
1464 1441 1561 1510 τὴν
1588 1440 1891 1513 μεσολαὸή⁹

304 1552 477 1590 σασαν
503 1534 780 1607 ἁμαρτίαν
805 1550 821 1567 ⁸
843 1534 906 1587 οὐ
930 1532 1041 1604 γὰρ
1079 1533 1146 1588 ἂν
1173 1532 1373 1605 ἐμίχθη
1408 1535 1522 1597 τοῖς
1543 1531 1689 1586 οὕτω
1722 1532 1890 1607 βεϐή-

300 1628 414 1693 λοις
439 1629 474 1700 ή
499 1627 633 1696 ἁγία
658 1626 768 1681 τῶν
798 1627 912 1682 ἄνω
942 1625 1171 1697 πληθύς.
1206 1624 1577 1697 Κατορθὼσας
1608 1624 1666 1678 δὲ
1706 1624 1885 1693 τοῦτο,

297 1718 396 1773 καὶ
433 1717 679 1788 συνάψας
714 1719 827 1780 τοῖς
870 1716 984 1772 ἀνω
1011 1715 1080 1770 τά
1118 1715 1286 1779 κάτω,
1333 1715 1499 1770 τόπον
1537 1715 1595 1769 δὲ
1639 1715 1763 1781 δοὺς
1803 1717 1891 1771 ἀν-

1988 525 2075 580 nis
2111 524 2318 580 sederit
2348 524 2402 579 in
2432 523 2565 581 sede
2589 524 2899 596 maiestatis
2931 541 3066 591 suae,
3099 527 3361 585 sedebitis
3390 537 3445 585 et
3476 547 3574 591 vos

1989 631 2155 687 super
2209 616 2442 673 thronos
2507 616 2843 683 duodecim,
2896 618 3219 688 iudicantes
3276 621 3574 679 duodecim

1990 708 2170 766 tribus
2210 708 2468 765 Israel".
2499 727 2519 762 ι
2558 707 2728 781 Igitur
2766 709 3052 766 discedam
3075 751 3090 776 ,
3131 711 3332 783 inquit,
3359 729 3577 785 nequa-

1988 818 2151 873 quam
2202 802 2364 858 vobis
2415 801 2739 858 mansiones
2786 812 3133 873 paraturus:
3185 804 3373 860 multa:
3426 807 3574 861 enim

1989 904 2119 950 sunt
2140 936 2154 960 ,
2201 901 2259 950 et
2302 893 2510 964 aliquid
2543 894 2670 948 novi
2702 894 2867 950 rebus
2903 896 3105 951 creatis
3134 895 3337 953 addere
3365 905 3451 953 est
3477 913 3576 952 su-
3606 884 3618 909 ‘

1987 984 2291 1058 perﬂuutn,
2337 985 2433 1043 sed
2474 994 2888 1057 praeparaturus
2924 986 3080 1042 vobis
3114 987 3295 1043 locum
3318 1029 3333 1053 ,
3377 996 3438 1043 ut
3468 1003 3575 1043 una

1991 1092 2115 1132 cum
2144 1076 2353 1133 sanctis
2389 1077 2604 1149 angelis
2632 1077 2857 1132 demum
2886 1093 3012 1134 esse
3038 1080 3286 1149 possitis,
3320 1080 3416 1151 qui
3448 1096 3577 1151 pro—

1990 1179 2108 1240 pter
2142 1178 2425 1239 peccatum
2453 1169 2600 1241 quod
2634 1184 2732 1225 vos
2760 1170 2833 1226 ab
2868 1170 2950 1227 eis
2980 1170 3224 1243 seiungit
3246 1213 3261 1240 ,
3294 1172 3479 1228 adhuc
3519 1172 3577 1227 in

1991 1268 2137 1314 terra
2180 1259 2375 1328 degitis
2427 1274 2442 1311 :
2496 1276 2598 1317 nec
2635 1260 2784 1317 enim
2825 1276 2950 1317 cum
2987 1270 3097 1317 tam
3129 1264 3363 1336 impuris
3385 1273 3579 1320 sancta

1991 1351 2236 1406 caelitum
2276 1351 2476 1407 cohors
2502 1352 2825 1409 misceatur.
2854 1351 3012 1420 Quod
3042 1370 3168 1410 cum
3207 1371 3493 1427 peregero,
3524 1363 3579 1411 et

1991 1444 2208 1515 superis
2234 1442 2497 1499 inferiora
2527 1445 2897 1515 conjunxero,
2931 1448 3271 1519 modumque
3307 1463 3579 1507 ascensus

1990 1537 2045 1593 in
2073 1552 2370 1607 supernam
2403 1537 2685 1593 civitatem
2718 1538 2872 1594 vobis
2897 1539 3183 1596 tradidero
3201 1581 3217 1607 ,
3241 1541 3390 1596 circa
3418 1556 3581 1614 rege-

1988 1629 2299 1687 nerationis
2330 1641 2548 1702 tempus
2572 1630 2756 1686 denuo
2785 1640 3052 1697 revertar,
3079 1639 3136 1687 et
3170 1647 3451 1689 assumam
3479 1649 3580 1690 vos

1991 1736 2241 1785 mecum,
2288 1740 2307 1774 ι
2347 1731 2409 1776 ιιι
2453 1723 2547 1778 ubi
2588 1738 2712 1779 sum
2748 1736 2888 1794 ego,
2933 1731 2987 1778 et
3019 1738 3119 1780 vos
3159 1723 3305 1780 sitis.
3357 1743 3378 1778 ι
3415 1723 3580 1791 Quod

294 1813 425 1866 όδου
475 1811 580 1882 τῆς
605 1814 686 1875 είς
717 1811 816 1882 τὴν
866 1811 978 1866 ἀνω
1021 1809 1175 1863 πόλιν
1207 1810 1357 1880 ὑμῖν,
1404 1807 1566 1864 πάλιν
1608 1807 1883 1880 ἐπανήξω,

1995 1828 2113 1868 cum
2162 1821 2354 1870 nosset
2392 1813 2600 1871 Paulus
2623 1854 2639 1878 ,
2676 1814 2732 1869 in
2764 1814 2884 1871 suis
2912 1812 3174 1885 Epistolis
3205 1814 3290 1870 sic
3334 1813 3530 1870 scribit
3561 1832 3577 1869 :

293 1904 439 1959 κατά
468 1904 562 1958 τὸν
588 1904 691 1974 τῆς
713 1902 1132 1972 παλιγγενεσίας
1162 1900 1374 1972 καιρὸν,
1421 1900 1516 1954 καὶ⁸
1565 1899 1889 1972 παραλήψοκ

1995 1925 2015 1960 ι
2047 1905 2163 1961 Hoc
2197 1908 2346 1962 enim
2381 1908 2540 1963 vobis
2568 1907 2808 1964 dicimus
2847 1906 2903 1962 in
2941 1907 3110 1962 verbo
3142 1904 3406 1974 Domini,
3449 1904 3582 1975 quia

300 2014 398 2068 μαι
432 1997 579 2068 ὑμᾶς
603 1996 724 2065 μεθ’
746 1993 966 2060 ἑαυτοῦ,
1003 2012 1021 2045 ι
1052 1994 1139 2046 ἴνα
1171 1993 1304 2046 ὅπου
1331 1992 1447 2063 είμὶ
1472 1990 1602 2061 ἐγὼ,
1628 1992 1888 2064 καὶὺμεῖς

1995 2014 2090 2055 nos
2115 2039 2130 2063 ,
2166 1999 2263 2070 qui
2289 2000 2526 2056 vivimus
2551 2040 2567 2064 ,
2600 2000 2695 2069 qui
2717 2000 2931 2055 residui
2964 2013 3159 2054 sumus
3189 1998 3245 2053 in
3277 1995 3581 2052 adventum

294 2084 416 2160 ἦτε.
458 2109 477 2141 ι
518 2090 584 2141 Ὃ
619 2087 716 2142 καὶ
749 2087 934 2150 συνεὶς
970 2087 999 2139 6
1025 2084 1240 2149 Παῦλος
1282 2086 1342 2139 ὲν
1366 2084 1595 2149 οίκείαις
1635 2086 1884 2140 Ἐπιστο-

1995 2090 2244 2156 Domini,
2294 2107 2407 2147 non
2463 2091 2864 2163 praevenicmus
2915 2106 3012 2146 eos
3064 2089 3161 2160 qui
3205 2088 3578 2145 dormierunt.

294 2181 436 2246 λαῖς,
472 2178 613 2234 οὕτω
637 2178 770 2252 φησί
797 2196 812 2212 ’
848 2197 867 2229 ι
898 2176 1069 2231 Τοῦτο
1093 2178 1204 2249 γάρ
1227 2179 1358 2249 ὑμῖν
1393 2177 1625 2249 λέγομεν
1646 2178 1705 2231 ὲν
1737 2178 1881 2250 λόγῳ

1995 2182 2252 2250 Quoniam
2278 2184 2395 2254 ipse
2419 2182 2686 2238 Dominus
2716 2183 2774 2237 in
2800 2183 2962 2253 jussu
2989 2190 3043 2237 et
3075 2182 3133 2237 in
3167 2196 3305 2236 voce
3341 2180 3584 2235 archan-

299 2271 530 2338 Κυρίου,
554 2271 633 2323 ὅτι
658 2272 814 2342 ἡμεῖς
839 2270 888 2323 οί
909 2267 1133 2335 ζῶντες,
1190 2270 1240 2322 ot
1300 2269 1746 2340 περιλειπόμενοι
1798 2272 1880 2336 είς

303 2361 403 2433 τὴν
430 2362 723 2432 παρουσίαν
740 2360 834 2415 τοῦ
856 2360 1081 2433 Κυρίου,
1110 2361 1171 2415 οὐ
1211 2361 1285 2433 μὴ
1312 2362 1592 2433 φθάσομεν
1624 2363 1751 2425 τοὺς
1763 2380 1881 2417 κοι-

312 2453 601 2524 μηθέντας.
629 2454 749 2507 Ὀτι
770 2454 926 2517 αὐτὸς
947 2456 976 2507 6
1006 2454 1213 2525 Κύριος
1238 2456 1295 2509 ὲν
1318 2453 1672 2524 κελεύσματι,
1693 2457 1750 2508 ὲν
1772 2473 1884 2525 φω-

307 2547 372 2617 νῇ
396 2545 756 2616 ἀρχαγγέλου,
800 2545 891 2599 καὶ
920 2548 979 2600 ὲν
1020 2546 1284 2615 σάλπιγγι
1328 2546 1463 2600 Θεοῦ
1510 2547 1883 2619 καταϐήσεται

301 2637 412 2691 ἀπὸ
435 2637 682 2708 οὐρανοῦ,
707 2638 798 2692 καὶ
823 2638 871 2691 oi
897 2637 1082 2708 νεκροὶ
1111 2639 1171 2693 έν
1211 2636 1433 2709 Χριστῷ
1483 2639 1884 2708 ἀναστήσονται

1987 2277 2128 2349 geli,
2156 2284 2210 2332 et
2243 2277 2299 2331 in
2337 2275 2466 2329 tuba
2500 2273 2595 2330 Dei
2626 2273 2921 2329 descendet
2964 2273 3035 2329 de
3066 2274 3208 2329 cmlo
3237 2290 3250 2326 :
3287 2279 3341 2328 et
3376 2271 3580 2326 mortui

1989 2368 2083 2439 qui
2118 2367 2170 2421 in
2197 2366 2424 2421 Christo
2459 2372 2589 2420 sunt
2626 2372 2922 2434 resurgent
2956 2364 3142 2435 primi.
3191 2361 3403 2418 Deinde
3441 2376 3581 2429 nos,

1990 2458 2085 2529 qui
2136 2458 2377 2512 vivimus
2406 2498 2420 2522 ,
2470 2455 2565 2525 qui
2612 2454 3023 2523 relinquimur,
3080 2453 3250 2511 simul
3295 2452 3585 2523 rapiemur

1990 2565 2114 2604 cum
2156 2549 2266 2604 illis
2300 2549 2356 2603 in
2388 2548 2635 2604 nubibus
2661 2547 2883 2603 obviam
2908 2548 3132 2603 Christo
3155 2546 3212 2601 in
3242 2559 3393 2614 aera,
3419 2552 3474 2601 et
3500 2543 3586 2602 sic

1990 2655 2212 2711 semper
2241 2656 2368 2695 cum
2398 2640 2634 2697 Domino
2663 2640 2874 2695 erimus
2897 2638 2966 2694 ".
3003 2657 3023 2692 ι

299 2729 537 2801 πρῶτον.
575 2732 801 2785 Ἔπειτα
837 2732 1001 2803 ἡμεῖς
1039 2733 1088 2785 oi
1130 2730 1353 2797 ζῶντες,
1394 2733 1443 2785 οἱ
1480 2732 1945 2804 περιλειπόμενοι,
1980 2734 2096 2806 ἃμα
2156 2735 2254 2789 σὺν
2314 2735 2499 2799 αὐτοῖς
2572 2733 3012 2806 ἁρπαγησόμεθα
3052 2734 3111 2790 ὲν
3160 2732 3436 2804 νεφέλαις,
3501 2732 3584 2796 είς

295 2824 601 2895 ἀπάντησιν
629 2825 724 2878 τοῦ
753 2825 963 2896 Κυρίου
1002 2825 1082 2889 είς
1117 2824 1279 2896 ἀέρα,
1317 2824 1413 2879 καὶ
1462 2825 1607 2879 οὖτω
1654 2826 1886 2880 πάντοτε
1927 2825 2025 2880 σὺν
2056 2827 2243 2899 Κυρίῳ
2276 2827 2532 2899 ἐσόμεθα.
2577 2846 2597 2880 ι

367 2920 478 2975 Καὶ
508 2919 657 2975 ὅπου
695 2918 813 2990 ἐγὼ
838 2918 1050 2990 ὑπάγω
1081 2918 1303 2985 οἴδατε,
1328 2919 1429 2974 καί
1466 2918 1584 2990 τὴν
1617 2919 1763 2975 ὁδὸν
1792 2920 1882 2974 ol-

293 3015 464 3071 δατε.

2062 2920 2179 2976 XIV
2244 2923 2299 2977 4.
2333 2922 2402 2976 Et
2429 2939 2531 2993 quo
2557 2938 2652 2994 ego
2676 2920 2809 2977 vado
2837 2961 2853 2987 ,
2888 2921 3062 2988 scitis,
3089 2930 3140 2977 et
3170 2922 3310 2977 viam
3336 2921 3509 2977 scitis.

367 3107 826 3181 Προαποδημήσω
878 3106 979 3179 μὲν
1045 3105 1224 3177 ἔγωγε
1245 3147 1261 3173 ,
1316 3106 1517 3179 φησὶν,
1590 3105 1891 3178 ἑτοιμάσων

2083 3104 2374 3161 Discedam
2403 3119 2504 3175 ego
2531 3102 2752 3176 quidem
2790 3101 3037 3175 primus,
3083 3102 3263 3175 nquit,
3292 3113 3351 3158 ut
3375 3117 3587 3175 praepa-

290 3202 427 3273 ὗμῖν
468 3200 569 3271 τῆς
621 3200 809 3254 ἀνόδου
852 3200 1018 3253 τόπον
1065 3200 1164 3272 τῆς
1227 3203 1307 3265 είς
1361 3198 1643 3273 οὐρανούςο
1684 3199 1800 3253 ἀλλ’
1846 3201 1895 3253 εἰ

290 3292 578 3365 βούλεσθε,
620 3293 715 3347 καὶ
759 3291 914 3362 φίλον
961 3293 1090 3364 ὑμῖν
1118 3292 1178 3346 τὸ
1208 3295 1265 3347 ὲν
1308 3294 1548 3356 ἐκείναις
1591 3291 1895 3345 καταλῦσαι

288 3388 418 3449 ταῖς
451 3386 662 3454 μοναῖς,
697 3384 792 3437 καὶ
836 3384 966 3454 περὶ
1014 3384 1212 3439 πολλοῦ
1247 3383 1547 3456 πεποίησθε
1587 3383 1638 3437 τὸ
1673 3384 1760 3447 είς
1795 3383 1895 3455 τὴν

286 3478 411 3534 ἄνω
451 3477 703 3547 γενέσθαι
741 3478 931 3540 πόλιν,
974 3479 1069 3532 καὶ
1105 3480 1220 3542 τοῖς
1258 3477 1434 3546 ἁγίοις
1477 3474 1895 3546 συναυλισθῆναι

288 3573 634 3641 πνεύμασιν,
690 3572 875 3627 οἴδατε
933 3571 1031 3644 τὴν
1073 3572 1212 3636 ὁδὸν,
1259 3570 1407 3623 τοῦτ’
1454 3569 1624 3633 ἐστιν,
1654 3568 1775 3638 ὲμέ.
1815 3569 1896 3620 Δι’

287 3665 441 3737 ἐμοῦ
464 3666 574 3735 γὰρ
611 3663 854 3727 πάντως,
878 3664 972 3716 καὶ
1002 3663 1064 3716 οὐ
1093 3663 1158 3716 δι’
1194 3662 1383 3727 ἑτέρου
1399 3660 1565 3726 τινὸς,
1596 3660 1695 3731 τὴν
1726 3658 1897 3722 οὕτως

289 3755 639 3822 ἀξιὰγαστον
674 3753 1095 3823 ἀποκερδανεῖτε
1121 3752 1300 3823 χάριν·
1329 3752 1390 3805 οὐ
1419 3752 1528 3822 γὰρ
1559 3751 1745 3822 ἕτερος
1768 3750 1897 3820 ὑμῖν

289 3844 512 3911 ἀνοίξει
551 3844 679 3906 τοὺς
720 3842 1003 3913 οὐρανοὺς,
1050 3842 1172 3896 οὐδὲ
1217 3842 1381 3912 βατὸν
1439 3841 1711 3909 ἀποδείξει
1759 3840 1893 3895 ποτὲ

287 3938 360 3992 τὸ
398 3934 681 3999 παντελῶς
713 3933 931 3998 ἀστιὸές
962 3951 1022 3987 τε
1056 3934 1152 3988 καὶ
1191 3932 1359 4005 ἄηθες
1386 3935 1500 3997 τοῖς
1527 3933 1635 3988 ἀπὸ
1670 3934 1771 4003 τῆς
1792 3933 1896 4005 γῆς

286 4028 527 4103 χωρίον,
560 4029 608 4082 εί
651 4026 727 4099 μὴ
758 4026 920 4097 μόνος
961 4025 1094 4096 ἐγὼ,
1129 4025 1225 4079 καὶ
1250 4024 1455 4097 ἀληθὴς
1477 4025 1506 4078 6
1554 4025 1746 4095 Λόγος.
1792 4024 1895 4079 Διά

283 4124 411 4194 γάρ
448 4138 532 4174 τοι
569 4121 752 4184 τοῦτο,
785 4119 879 4173 καὶ
910 4118 937 4170 6
984 4120 1270 4192 προφήτης
1324 4118 1595 4191 Ἱερεμίας
1635 4119 1692 4172 ὲν
1722 4115 1895 4171 Πνεῦ-

288 4230 459 4286 ματι,
485 4211 689 4281 ταύτην
718 4210 867 4281 ἡμᾶς
889 4208 986 4280 τὴν
1013 4209 1128 4263 ὁδὸν
1144 4210 1226 4262 ὄτι
1276 4208 1511 4280 μάλιστα
1537 4205 1718 4281 ζητεῖν
1748 4224 1894 4279 παρ-

284 4302 609 4367 εκελεύετο,
638 4301 835 4369 λέγων·
881 4319 900 4351 ι
930 4300 1100 4369 Στῆτε
1128 4299 1220 4351 ἐπὶ
1240 4301 1358 4362 ταῖς
1382 4299 1541 4364 ὁδοῖς,
1568 4298 1662 4351 καὶ
1685 4296 1894 4368 ἐρωτή-

1996 3214 2109 3254 rem
2139 3197 2297 3252 vobis
2328 3197 2512 3252 locum
2543 3210 2814 3252 ascensus
2844 3197 2901 3250 in
2934 3196 3106 3251 caelos
3133 3214 3148 3250 :
3183 3196 3278 3251 sed
3313 3197 3357 3251 si
3397 3196 3453 3250 in
3477 3196 3587 3251 illis

1996 3289 2383 3346 mansionibus
2420 3290 2627 3345 morari
2658 3304 2758 3344 vos
2786 3288 2971 3358 juvat,
2995 3296 3052 3343 et
3089 3288 3145 3343 in
3180 3302 3475 3358 supernam
3508 3288 3588 3343 ci-

1996 3384 2219 3439 vitatem
2262 3382 2476 3454 ingredi
2508 3382 2732 3452 plurimi
2763 3381 3009 3450 ducitis,
3048 3396 3111 3436 ac
3138 3396 3247 3436 una
3287 3395 3416 3435 cum
3459 3396 3589 3436 san-

1996 3475 2105 3530 ctis
2140 3474 2432 3545 Spiritibus
2456 3472 2728 3530 diversari
2750 3515 2766 3541 ,
2798 3473 2943 3528 viam
2969 3514 2983 3536 ,
3026 3473 3077 3527 id
3117 3481 3203 3528 est
3226 3488 3351 3540 me,
3380 3474 3583 3528 nostis.

1995 3563 2099 3620 Per
2139 3581 2225 3620 me
2252 3565 2399 3619 enim
2429 3565 2621 3634 utique
2642 3603 2657 3628 ,
2690 3579 2756 3619 ac
2785 3577 2896 3618 non
2925 3579 3023 3634 per
3058 3563 3227 3617 alium
3266 3563 3441 3619 ullum
3474 3572 3585 3617 tam

1997 3656 2383 3713 admirabilem
2440 3658 2677 3727 gratiam
2732 3656 3215 3723 consequemini:
3277 3671 3380 3712 nec
3437 3656 3584 3711 enim

1996 3749 2137 3806 alius
2158 3749 2319 3805 vobis
2345 3750 2518 3805 caelos
2542 3748 2775 3821 aperiet,
2800 3757 2895 3804 aut
2922 3749 3266 3805 inaccessum
3291 3755 3347 3804 et
3377 3748 3585 3803 invium

1996 3841 2159 3912 plane
2192 3842 2434 3898 terrenis
2460 3843 2669 3909 locum,
2700 3856 2932 3898 accessu
2961 3840 3176 3897 facilem
3208 3841 3396 3897 reddet
3422 3881 3437 3907 ,
3477 3840 3586 3896 nisi

1997 3934 2162 4006 766
2201 3949 2301 4005 ego
2340 3935 2523 3991 solum
2556 3949 2620 3989 ac
2651 3949 2843 3990 verum
2880 3932 3124 3990 Verbum
3146 3976 3160 4000 ,
3187 3933 3422 4004 ideoque
3454 3948 3586 4005 pro-

1995 4029 2161 4100 pheta
2198 4027 2469 4084 Jeremias
2505 4027 2558 4082 in
2603 4026 2811 4097 Spiritu
2849 4028 2991 4083 hanc
3023 4042 3127 4084 nos
3162 4027 3402 4083 maxime
3441 4025 3586 4081 viam

1995 4134 2239 4188 quazrere
2263 4119 2491 4189 jubebat
2516 4158 2532 4183 ,
2572 4117 2809 4174 dicens:
2872 4136 2891 4169 ¢
2930 4118 3084 4173 State
3123 4134 3290 4189 super
3325 4119 3483 4184 vias,
3522 4126 3579 4172 et

1993 4211 2197 4275 videte,
2225 4217 2278 4265 et
2305 4211 2645 4281 interrogate
2682 4209 2913 4264 semitas
2944 4209 3159 4263 Domini
3194 4224 3318 4279 quae
3350 4222 3379 4262 a
3412 4222 3589 4263 sarcu-

1996 4304 2050 4360 lo
2078 4323 2091 4359 :
2116 4311 2171 4359 et
2200 4303 2377 4360 videte
2406 4302 2590 4373 qualis
2616 4309 2701 4356 est
2725 4301 2814 4355 via
2843 4301 3009 4366 bona,
3033 4311 3088 4356 et
3110 4301 3387 4355 ambulate
3419 4300 3472 4354 in
3497 4315 3586 4364 ea,

286 4414 434 4452 σατε
469 4394 689 4466 τρίϐους
726 4393 934 4464 Κυρίου
976 4391 1248 4457 αἰωνίους,
1271 4390 1365 4444 καὶ
1403 4390 1543 4444 ἴδετε
1572 4387 1701 4442 ποία
1747 4389 1891 4442 ἐστὶν

1997 4403 2052 4451 et
2087 4395 2382 4451 invenietis
2435 4393 2872 4464 purificationem
2910 4392 3203 4448 animabus
3249 4396 3450 4448 vestris
3471 4392 3537 4446 ⁸⁸.
3565 4411 3584 4443 ›

283 4491 323 4560 ἡ
353 4487 483 4549 ὁδὸς
516 4488 549 4555 ἡ
575 4485 771 4556 ἀγαθὴ,
815 4485 910 4538 καὶ
941 4483 1185 4554 βαδίζετε
1224 4483 1283 4538 ὲν
1304 4483 1461 4554 αὐτῇ,
1495 4481 1590 4536 καὶ
1628 4481 1891 4553 εὑρήσετε

2001 4484 2111 4541 Viae
2136 4484 2407 4555 siquidem
2437 4497 2500 4537 ac
2525 4482 2736 4536 semitae
2758 4480 2999 4547 Domini,
3023 4480 3330 4538 secundum
3357 4480 3592 4552 prophe-

283 4576 577 4649 ἁγνισμὸν
602 4578 720 4638 ταῖς
751 4576 950 4647 ψυχαῖς
970 4575 1144 4646 ὑμῶν.
1188 4592 1208 4626 ι
1253 4573 1395 4626 ’οδοὶ
1420 4571 1521 4644 μὲν
1551 4571 1662 4642 γὰρ
1685 4571 1891 4642 Κυρίου

1997 4585 2130 4642 tam,
2161 4586 2290 4633 sunt
2317 4575 2596 4630 salutares
2622 4574 3021 4644 prophetarum
3055 4575 3177 4629 libri
3215 4594 3228 4630 :
3260 4574 3355 4630 sed
3390 4575 3435 4628 si
3464 4575 3589 4644 quis

284 4672 393 4727 καὶ
437 4667 640 4743 τρίϐοι,
688 4668 829 4722 κατά
868 4668 959 4722 τὸν
1017 4667 1329 4739 προφήτην,
1370 4651 1446 4718 ’τὰ
1490 4665 1733 4737 σωτήρια
1785 4663 1891 4717 τῶν

1996 4669 2080 4726 eis
2111 4669 2355 4722 animum
2374 4666 2728 4737 applicuerit,
2748 4666 2891 4720 viam
2911 4666 3157 4722 inveniet
3171 4665 3400 4727 bonam,
3431 4663 3484 4718 id
3504 4670 3592 4718 est

283 4763 477 4833 ἁγίων
525 4761 821 4833 προφητῶν
862 4761 1294 4831 συγγράμματα·
1339 4756 1456 4811 ἀλλ’
1496 4758 1668 4822 εἴτις
1711 4756 1891 4820 αὐτοῖς

1998 4761 2281 4817 Christum
2303 4798 2318 4824 ,
2351 4775 2448 4829 per
2471 4775 2636 4829 quem
2683 4766 2739 4815 et
2784 4758 3028 4829 perfecta
3067 4756 3436 4815 sanctiﬁcatio
3464 4754 3592 4809 ani-
3646 4761 3651 4769 '

281 4857 385 4910 τὸν
424 4852 556 4908 νοῦν
597 4853 937 4924 ἐπιστήσειε,
976 4853 1076 4923 τὴν
1106 4850 1228 4905 ὁδὸν
1270 4850 1493 4924 εὑρήσει
1537 4850 1636 4922 τὴν
1660 4848 1893 4921 ἀγαθὴν,

282 4948 446 5005 τοῦτ’
505 4945 620 4999 ἔστι
664 4944 918 5017 Χριστὸν,
968 4944 1035 4999 δι’
1076 4939 1137 5000 οῦ
1180 4944 1275 4998 καὶ
1319 4945 1347 4998 6
1392 4943 1595 5006 τέλειος
1636 4942 1900 5014 ἀγνισμὸς

281 5044 420 5105 ταῖς
460 5039 759 5109 ἡμετέραις
801 5038 1002 5109 ψυχαῖς
1035 5036 1335 5105 ἐγγίνεται.
1385 5033 1752 5104 Δικαιούμεθα
1790 5034 1901 5104 γὰρ

283 5130 384 5185 διὰ
437 5126 547 5197 τῆς
588 5126 847 5194 πίστεως,
889 5127 984 5180 καὶ
1018 5126 1168 5190 θείας
1209 5123 1645 5195 ἀναδεικνύμεθα
1685 5123 1901 5193 φύσεως

285 5221 557 5277 κοινωνοὶ
598 5222 663 5293 τῇ
720 5220 937 5291 μεθέξει
991 5219 1085 5273 τοῦ
1131 5219 1286 5288 ἁγίου
1340 5217 1675 5288 Πνεύματος.
1744 5216 1903 5270 Ἀλλὰ

285 5316 390 5371 καὶ
434 5311 605 5375 αὐτὸς
660 5313 691 5365 6
749 5312 1265 5383 μεγαλοφωνότατος
1316 5311 1603 5381 προφήτης
1669 5309 1898 5372 Ἡσαΐας

283 5410 484 5470 οὕτως
522 5407 656 5476 ἡμῖν
675 5405 766 5459 τὸν
786 5406 1022 5478 Χριστὸν
1049 5405 1390 5477 διεκήρυττε,
1422 5403 1616 5471 λέγων’
1648 5420 1666 5454 ι
1701 5400 1897 5457 Ἔσται

282 5501 418 5557 εκεῖ
482 5495 603 5560 ὁδὸς
666 5497 901 5569 καθαρὰ,
951 5499 1046 5552 καὶ
1094 5497 1210 5560 ὁδὸς
1262 5495 1395 5565 ἁγία
1460 5493 1814 5565 κληθήσεται.
1873 5512 1892 5545 ι

296 5589 479 5650 Ἐκεῖ
498 5587 559 5642 δὲ
573 5589 692 5645 ποῦ
713 5606 899 5661 φησιν,
920 5591 977 5644 ὲν
998 5591 1111 5654 τοῖς
1134 5589 1348 5660 χρόνοις
1368 5586 1610 5658 δηλονότι
1634 5586 1734 5656 τῆς
1762 5583 1900 5657 μετὰ

361 5770 410 5801 ⁵⁸
475 5768 672 5828 Matth.
728 5788 843 5838 xix,
886 5772 974 5828 ‘28.
1055 5773 1096 5804 ⁵⁷
1141 5771 1385 5827 l'l‘ltcss.
1440 5786 1512 5835 Iv,
1553 5769 1738 5825 ii-lti.
1822 5767 1865 5797 ⁸⁸
1905 5764 2102 5821 ἐοιριιι.
2140 5780 2211 5833 γι,
2272 5763 2351 5817 l6.

2002 4851 2197 4906 mabus
2223 4850 2431 4906 nostris
2455 4850 2691 4905 inditur.
2714 4848 3098 4907 Justiiicamur
3118 4850 3261 4904 enim
3284 4864 3379 4919 per
3402 4846 3590 4911 iidem,

2004 4953 2060 5001 et
2089 4945 2289 5000 divinat
2316 4952 2607 5000 consortes
2628 4951 2843 4999 natura:
2871 4944 3159 4999 reddimur
3177 4944 3223 4975 ⁸³
3245 4983 3261 5009 ,
3297 4940 3592 5012 participa-

2004 5041 2155 5095 tione
2192 5038 2372 5094 sancti
2408 5037 2675 5109 Spiritus.
2712 5036 2819 5092 Scd
2850 5048 2907 5092 et
2942 5038 3062 5109 ipse
3095 5051 3290 5106 magna
3322 5048 3455 5089 voce
3481 5033 3591 5087 cla-

2006 5146 2163 5186 mans
2211 5130 2386 5187 Isaias
2434 5132 2701 5201 propheta
2752 5130 2859 5185 hoc
2905 5129 3071 5183 modo
3108 5128 3269 5182 nobis
3306 5124 3591 5180 Christum

2006 5223 2388 5294 praedicabat:
2451 5243 2468 5274 ι
2504 5222 2620 5277 Erit
2661 5222 2738 5277 ibi
2789 5221 2878 5277 via
2916 5222 3119 5274 munda
3143 5258 3158 5282 ,
3197 5228 3251 5273 et
3274 5218 3362 5271 via
3398 5225 3592 5272 sancta

2007 5316 2299 5370 vocabitur
2329 5316 2396 5370 ⁸ο.
2429 5335 2446 5367 ι
2501 5315 2587 5369 Ibi
2618 5329 2749 5371 vero
2773 5329 2875 5384 pro
2901 5311 3188 5382 aliquando
3219 5311 3420 5375 sumit,
3452 5319 3594 5366 tem-

2009 5407 2238 5477 poribus
2271 5407 2529 5463 nimirum
2564 5405 2967 5461 incarnationis
2990 5404 3293 5475 Uuigeniti.
3319 5402 3419 5458 Via
3443 5405 3591 5459 enim

2008 5500 2172 5556 nobis
2202 5497 2352 5553 facta
2377 5508 2463 5554 est
2488 5514 2623 5570 pura
2653 5505 2705 5550 et
2737 5504 2962 5561 sancta,
2994 5512 3091 5565 per
3123 5513 3287 5568 quam
3311 5499 3401 5568 qui
3441 5498 3593 5551 ince-

2008 5590 2182 5657 dunt,
2225 5597 2542 5645 sanctorum
2585 5583 2926 5656 splendidam
2958 5585 3235 5642 civitatem
3268 5602 3332 5642 ac
3363 5586 3590 5641 liberam

2432 5764 2474 5795 ⁸⁵³
2514 5761 2553 5816 li
2593 5762 2735 5819 l‘clr.
2783 5778 2829 5827 ι,
2869 5762 2919 5819 4.
2959 5763 3001 5797 ⁸⁸
3045 5765 3146 5821 isa.
3198 5780 3361 5824 xxxv,
3395 5765 3448 5815 8.
