4076 6270
532 295 631 349 187

1521 298 1578 356 S.
1620 299 1898 355 CYRILLI
1934 300 2404 358 ALEXANDRINI
2441 299 2760 357 ARCHIEP.

3670 298 3773 355 188

529 409 830 466 Jerusalem
879 412 1120 472 deﬁnitis
1159 415 1327 470 visuri
1377 425 1506 472 sunt
1557 417 1916 486 temporibus.
1954 417 2095 483 Quin

2212 419 2405 492 σαρκὸς
2439 416 2748 486 οἰκονομίας
2782 413 2875 468 τοῦ
2914 413 3267 482 Μονογενοῦς.
3313 413 3462 477 Ὀδὸς
3501 413 3608 486 γὰρ
3641 415 3774 486 ἡμῖν

529 508 582 554 et
616 500 732 570 ipse
761 517 955 558 rursus
987 503 1205 560 divinus
1226 505 1515 561 Psalmista
1544 515 1802 575 tanquam
1838 506 1904 560 ad
1931 505 2100 560 Deum

528 589 750 646 Patrem
805 594 922 648 ait:
970 613 987 645 ι
1022 593 1215 664 Legem
1266 609 1405 666 pone
1429 597 1582 660 mihi,
1617 596 1866 661 Domine,
1916 597 1971 651 in
2015 597 2102 651 via

529 693 620 738 tua
645 685 709 736 οι.
738 704 756 736 ι
787 684 950 756 Cupit
1001 686 1146 740 enim
1197 685 1404 742 Christi
1457 688 1668 758 legibus
1715 688 1959 750 erudiri,
1994 703 2103 742 non

530 776 790 844 ignorans
839 776 904 830 ad
953 793 1249 847 supernam
1301 779 1578 834 civitatem
1633 795 1691 835 se
1737 795 2102 837 ascensurum

531 868 576 921 si
613 884 707 937 per
735 869 1104 938 evangelicam
1151 871 1456 926 doctrinam
1488 879 1638 926 recta
1681 887 1782 942 per
1819 888 1982 928 omne
2011 873 2106 926 bo-

530 974 660 1012 num
693 957 922 1012 feratur.
965 958 1191 1015 Difﬁcile
1246 977 1353 1016 non
1397 971 1482 1016 est
1523 961 1630 1015 alia
1671 976 1893 1031 quoque
1935 962 2104 1016 multa

529 1065 596 1102 ex
641 1048 920 1118 prophetis
959 1051 1014 1104 in
1069 1051 1308 1105 medium
1351 1051 1548 1106 aﬂ'crre
1597 1053 1914 1108 testimonia
1945 1093 1960 1118 ,
2011 1065 2106 1122 per

530 1154 653 1208 qum
677 1139 804 1192 licet
829 1155 1129 1210 agnoscere
1153 1144 1294 1196 viam
1320 1152 1569 1198 sanctam
1599 1141 1786 1198 Jesum
1815 1157 1936 1198 esse
1963 1157 2105 1195 nun-

530 1242 791 1301 cupatum
828 1251 841 1288 :
879 1231 974 1288 sed
1004 1249 1112 1287 non
1144 1242 1228 1290 est
1253 1250 1478 1290 necesse
1504 1277 1518 1302 ,
1564 1242 1624 1289 ut
1656 1242 1809 1305 puto,
1840 1234 1910 1290 (le
1944 1233 2106 1288 rebus

531 1324 669 1380 adeo
697 1325 996 1394 perspicuis
1017 1326 1248 1380 multum
1273 1326 1549 1383 laborare.
1577 1327 1741 1381 Scitis
1770 1341 1904 1396 ergo
1936 1326 2103 1390 viam,

533 1432 629 1485 per
651 1430 816 1484 quam
846 1416 1200 1480 ascenderis,
1236 1419 1446 1488 inquit,
1493 1427 1546 1474 et
1583 1419 1691 1489 ipsi
1721 1418 1790 1472 ad
1829 1432 2108 1489 supernas

534 1508 872 1574 mansiones,
901 1509 1040 1562 nihil
1073 1509 1220 1564 aliud
1253 1510 1505 1566 indicans
1532 1525 1695 1580 quam
1721 1509 1958 1580 plurima
1985 1524 2110 1564 esse

531 1614 704 1669 eaque
744 1601 1008 1670 praeclara
1046 1602 1189 1670 apud
1226 1600 1397 1656 Deum
1433 1615 1497 1655 ac
1533 1599 1751 1656 Patrem
1788 1599 2067 1654 domicilia
2091 1639 2106 1665 ,

532 1699 585 1744 et
626 1692 784 1763 prius
830 1693 1124 1747 ascendam
1178 1693 1394 1760 locum,
1435 1693 1580 1747 viam
1619 1692 1776 1747 vobis
1813 1701 2109 1763 paraturus

2203 509 2395 577 γέγονε
2438 506 2654 578 καθαρὰ
2689 507 2780 560 καὶ
2813 507 2962 575 ἁγία,
3013 505 3080 559 δι’
3117 500 3185 574 ἦς
3233 507 3282 558 οἰ
3327 504 3632 575 βαδίζοντες
3677 505 3776 577 τήν

2203 600 2461 672 λαμπρὰν
2503 599 2610 652 τῶν
2653 599 2826 668 ἁγίων
2851 597 3165 652 καλλίπολιν
3204 598 3296 650 καὶ
3342 597 3440 666 τὴν
3484 596 3776 668 ἐλευθέραν

2215 690 2570 763 Ἰερουσαλήμ
2589 691 2647 744 ἐν
2667 693 2780 754 τοῖς
2804 691 3129 762 ὡρισμένοις
3157 688 3378 758 δψονται
3408 689 3638 760 χρόνοις.
3667 689 3778 742 Καὶ

2205 784 2365 847 αὐτὸς
2416 784 2472 837 δὲ
2504 783 2664 838 πάλιν
2688 785 2718 837 6
2757 782 3041 844 θεσπέσιος
3072 783 3202 851 ἡμῖν
3231 779 3504 850 Μελῳδὸς,
3527 780 3604 842 ὡς
3641 779 3776 850 πρὸς

2205 876 2336 930 Θεὸν
2371 877 2593 948 Πατέρα
2616 877 2768 946 φησί·
2814 895 2833 927 ι
2876 873 3256 946 Νομοθέτησόν
3286 890 3374 944 με,
3406 873 3599 944 Κύριε,
3628 875 3685 926 ἐν
3709 875 3775 942 τῇ

2204 967 2308 1039 ὁδῷ
2343 985 2460 1022 σου.
2493 987 2512 1020 ι
2557 969 2840 1040 Ἐπιθυμεῖ
2865 968 2972 1039 γὰρ
3014 968 3126 1030 τοῖς
3153 965 3242 1020 διὰ
3265 964 3502 1037 Χριστοῦ
3530 965 3780 1019 παιδεύε-

2208 1060 2333 1114 σθαι
2371 1061 2574 1132 νόμοις,
2599 1062 2700 1114 οὐκ
2733 1060 3006 1130 ἀγνόησας
3033 1077 3117 1124 τις
3149 1059 3230 1114 ὅτι
3260 1059 3356 1112 καὶ
3385 1057 3522 1129 πρὸς
3546 1058 3648 1128 τὴν
3667 1057 3780 1111 ἄνω

2207 1151 2468 1221 βαδιεῖται
2515 1152 2689 1219 πόλιν,
2737 1151 2824 1206 διὰ
2864 1151 2962 1224 τῆς
3021 1149 3381 1220 εὐαηελικῆς
3417 1148 3778 1213 παιδεύσεως,

2208 1244 2328 1295 κατ’
2350 1241 2479 1296 εὐθύ
2512 1243 2708 1306 παντὸς
2729 1243 3021 1314 ἐρχόμενος
3039 1237 3267 1309 ἀγαθοῦ.
3297 1239 3408 1293 Καὶ
3426 1240 3782 1310 παρενεγκεῖν

2212 1331 2309 1403 μὲν
2340 1331 2401 1384 οὐ
2433 1329 2687 1402 χαλεπὸν,
2718 1331 2811 1384 καὶ
2846 1329 3038 1402 ἐτέρας
3062 1329 3142 1382 ἔτι
3170 1327 3370 1392 πολλὰς
3401 1329 3464 1382 ἐκ
3491 1325 3784 1399 προφητῶν

2213 1422 2538 1495 μαρτυρίας,
2580 1423 2646 1475 δι’
2679 1415 2753 1475 ὧν
2779 1421 2844 1476 ἂν
2873 1419 3143 1490 εἰδείημεν
3172 1419 3290 1473 ὁδὸν
3316 1419 3418 1490 τήν
3459 1419 3620 1487 ἁγίαν
3650 1418 3784 1471 ἀπο-

2210 1513 2543 1584 κεκλημένον
2588 1511 2679 1565 τὸν
2720 1511 2946 1584 Ἰησοῦν,
2983 1511 3096 1566 ἀλλ’
3128 1511 3302 1575 οὐδὲν,
3323 1506 3498 1580 οἶμαι,
3523 1509 3586 1562 τὸ
3619 1510 3788 1575 ἀναγ-

2211 1608 2364 1660 καῖον
2405 1607 2518 1668 τοῖς
2547 1603 2689 1658 οῦτω
2735 1604 2922 1674 σαφῶς
2955 1603 3310 1674 ἐγκειμένοις,
3351 1603 3430 1666 εἰς
3466 1601 3652 1672 ὄνησιν
3692 1601 3786 1652 ἐπ-

2213 1695 2575 1767 αγωνίζεσθαι
2600 1697 2824 1767 σφόδρα.
2845 1698 2989 1750 Ἰστε
3025 1694 3207 1748 τοίνυν
3234 1693 3335 1764 τὴν
3353 1693 3492 1758 ὁδὸν,
3523 1691 3590 1744 δι’
3623 1685 3691 1761 ἧς
3720 1690 3787 1743 ἂν

533 1799 645 1852 quo
689 1784 860 1839 libere
903 1793 958 1840 et
993 1784 1267 1855 intrepide
1297 1785 1508 1841 versari
1547 1784 1602 1840 in
1641 1784 1752 1841 illis
1795 1785 2113 1855 regionibus

2217 1787 2370 1855 ῐοιτε,
2407 1789 2580 1859 φησὶ,
2624 1789 2717 1843 καί⁷
2770 1788 2926 1842 αὐτοὶ
2968 1786 3106 1857 πρὸς
3151 1785 3251 1849 τὰς
3294 1786 3407 1840 ἄνω
3457 1782 3625 1854 μονὰς
3667 1781 3789 1852 (ήδη

535 1874 785 1942 possitis.
821 1872 984 1931 Scitis
1024 1890 1153 1930 vero
1178 1915 1193 1940 ,
1243 1876 1458 1946 inquit,
1514 1877 1789 1932 neminem
1820 1891 1915 1948 per
1945 1877 2112 1931 alium

531 1979 696 2034 quam
746 1981 840 2037 per
890 1983 977 2022 me
1017 1983 1188 2022 unum
1221 1983 1284 2024 co
1318 1969 1617 2024 ascendere
1645 1984 1890 2042 unquam
1925 1985 2109 2040 posse.

533 2058 735 2125 Quare,
780 2060 824 2116 si
870 2061 993 2130 quis
1022 2061 1089 2116 ab
1130 2076 1319 2136 amore
1347 2060 1556 2118 Christi
1591 2061 1924 2120 deturbatus
1953 2105 1968 2129 ,
2018 2071 2114 2118 aut

535 2150 780 2221 profanis
831 2168 1029 2208 vocum
1091 2155 1432 2211 novitatibus
1476 2155 1551 2222 “,
1598 2163 1652 2211 et
1692 2156 2113 2228 peregrinorum

532 2245 924 2301 vocabulorum
979 2247 1390 2318 impuritatibus
1444 2249 1838 2320 sycophantias
1895 2248 2113 2319 paranti

533 2337 857 2402 adhaarens,
893 2338 1222 2397 ineﬂ'abilem
1257 2351 1311 2396 et
1340 2342 1956 2412 incomprehensibilem
1992 2341 2113 2412 ejus

534 2436 788 2482 naturam
827 2430 972 2486 inter
1005 2447 1195 2489 servos
1226 2435 1499 2500 collocet,
1550 2445 1645 2490 aut
1687 2436 1917 2491 liberum
1961 2444 2016 2492 et
2048 2453 2114 2492 ex

536 2520 698 2590 767
732 2519 914 2576 Patris
943 2523 1253 2580 substantia
1286 2526 1526 2594 genitum
1561 2525 1800 2582 Verbum
1839 2527 2115 2584 creaturis

537 2613 879 2677 ailnumeret,
917 2621 1010 2668 aut
1041 2615 1148 2670 alio
1187 2617 1390 2685 quovis
1425 2617 1590 2672 modo
1617 2619 1804 2684 violet,
1849 2620 2114 2692 intelligat

538 2720 597 2760 se
633 2705 775 2761 viam
815 2705 885 2760 ad
920 2723 1158 2778 superna
1193 2711 1505 2766 tendentem
1547 2708 1852 2780 perdidisse
1877 2751 1894 2776 ,
1945 2719 2000 2766 et
2045 2713 2116 2767 ab

539 2796 653 2851 arvi
687 2797 859 2852 sulcis
889 2800 1213 2865 aberrasse,
1247 2811 1309 2857 ut
1347 2817 1377 2856 a
1409 2802 1650 2872 quodam
1683 2801 1952 2872 scriptum
1987 2812 2112 2871 est,

539 2895 593 2940 et
637 2902 829 2956 poenas
876 2888 930 2942 in
975 2887 1168 2946 inferis
1210 2891 1540 2962 degentibus
1589 2891 1806 2946 debitas
1846 2892 2113 2947 luiturum

538 2993 683 3034 esse.
729 2979 996 3045 Quocirca
1023 2983 1472 3053 sapientissimus
1507 2983 1712 3041 Paulus
1747 3002 1843 3043 eos
1881 2986 1976 3058 qui
2005 3001 2116 3056 pra:

2215 1881 2370 1936 τοῦτο
2399 1881 2746 1954 παραδηλῶν,
2777 1881 2871 1934 καὶ
2903 1879 3089 1950 ἕτερον
3121 1877 3294 1943 οὐδὲν,
3317 1877 3352 1948 ἢ
3377 1878 3460 1930 ὅτι
3494 1874 3666 1928 πολλὰ
3692 1873 3790 1944 μὲν

2214 1974 2354 2042 λίαν,
2385 1974 2480 2029 καὶ
2516 1973 2766 2044 εὐπρεπῆ
2802 1973 2872 2026 τὰ
2891 1971 3042 2043 παρὰ
3080 1968 3201 2041 Θεῷ
3229 1969 3323 2023 καὶ
3349 1968 3524 2038 Πατρὶ
3556 1965 3794 2020 καταλύ-

2217 2064 2411 2137 ματα),
2428 2065 2522 2120 καὶ
2546 2067 2709 2119 τόπον
2734 2063 2864 2134 ὑμῖν
2897 2060 3210 2132 παρρησίας
3230 2057 3324 2112 τοῦ
3351 2058 3444 2112 καὶ
3465 2059 3523 2110 ἐν
3563 2057 3793 2118 ἐκείνοις

2215 2156 2465 2227 γενέσθαι
2515 2159 2627 2220 τοῖς
2675 2155 2896 2226 χωρίοις
2955 2151 3263 2222 ἐτοιμάσων
3315 2147 3792 2221 προαναὸήσομαι.

2216 2249 2362 2318 Πλὴν
2415 2247 2551 2314 ῐστε,
2596 2245 2780 2318 φησὶν,
2812 2245 2888 2308 ὡς
2908 2244 3007 2297 οὐκ
3033 2242 3098 2296 ἄν
3135 2259 3216 2304 τις
3241 2240 3291 2294 δι
3343 2240 3532 2310 ἐτέρου
3562 2237 3706 2301 τινὸς
3733 2236 3796 2290 τὺ

2216 2345 2394 2396 ἐκεῖσε
2424 2338 2674 2409 γενέσθαι
2716 2337 2891 2401 λάϐοι,
2921 2335 3060 2406 πλὴν
3078 2335 3143 2387 δι’
3171 2333 3303 2404 ἐμοῦ
3340 2334 3436 2386 καὶ
3482 2331 3664 2402 μόνου.
3687 2330 3796 2382 Οὐ-

2216 2434 2344 2488 κοῦν
2383 2433 2436 2486 εί
2458 2450 2540 2496 τις
2563 2431 2786 2484 ἐκπέσοι
2817 2427 2913 2482 τοῦ
2939 2425 3256 2496 ἀγαπᾶσθαι
3285 2423 3436 2496 παρὰ
3472 2420 3730 2494 Χριστοῦ,
3761 2419 3796 2490 ἢ

2219 2527 2465 2598 βεϐήλοις
2491 2523 2870 2594 κενοφωνίαις,
2911 2523 3005 2574 καὶ
3032 2517 3338 2574 ἀλλοκότων
3367 2515 3625 2586 ῥημάτων
3659 2514 3797 2567 ἀκα-

2217 2617 2468 2689 θαρσίαις
2487 2615 2767 2686 προσέχων
2783 2614 3138 2682 συκοφαντεῖν
3159 2609 3420 2681 ἑλομένῳ,
3442 2606 3540 2678 τὴν
3561 2606 3799 2676 ἄρρητον

2217 2709 2382 2764 αὐτοῦ
2405 2709 2500 2761 καὶ
2531 2708 2634 2760 ἀπε
2645 2706 2889 2777 ρινόητον
2933 2703 3094 2774 φύσιν
3121 2702 3195 2766 ὼς
3220 2703 3276 2756 ἐν
3304 2699 3507 2760 δούλοις
3537 2695 3799 2750 κατατάτ-

2217 2819 2320 2868 τει,
2355 2801 2588 2862 καὶτοῖς
2638 2796 2953 2867 γενομένοις
3007 2792 3338 2866 καταριθμεῖ
3379 2790 3472 2843 τὸν
3515 2786 3800 2856 ἐλεύθερον

2217 2894 2312 2948 καὶ
2353 2894 2416 2945 ἐκ
2460 2892 2560 2960 τῆς
2606 2889 2794 2952 οὐσίας
2836 2887 2931 2941 τοῦ
2968 2886 3181 2956 Πατρὸς
3214 2881 3542 2953 γεννηθέντα
3589 2879 3797 2948 Λόγον,

2217 2987 2386 3056 ἦγουν
2419 2982 2538 3036 καθ’
2563 2981 2751 3052 ἐτερὸν
2786 2997 2909 3032 τινα
2935 2979 3198 3048 λυπήσειε
3229 2975 3450 3046 τρόπον,
3482 2969 3803 3040 γινωσκέτω

541 3069 800 3124 vecordia
833 3072 1031 3127 nolunt
1061 3074 1114 3128 in
1145 3074 1367 3131 Christo
1398 3075 1618 3143 vivere,
1665 3078 1761 3133 sed
1796 3079 1863 3132 ad
1911 3079 2113 3148 legales

2221 3077 2407 3131 λοιπὸν
2449 3075 2551 3145 τῆς
2587 3075 2726 3144 πρὸς
2752 3074 2813 3126 τὸ
2844 3073 2956 3127 ἄνω
2979 3070 3205 3141 πορείας
3237 3068 3336 3138 τὴν
3365 3064 3482 3120 ὁδὸν
3506 3061 3801 3125 ἀπολέσας,

543 3161 768 3218 umbras
809 3162 1071 3232 redeunt,
1132 3167 1342 3224 alienos
1375 3165 1552 3223 factos
1584 3183 1707 3224 esse
1750 3176 1805 3223 et
1843 3185 1873 3222 a
1911 3168 2113 3224 Christi

2223 3169 2316 3221 καὶ
2336 3165 2748 3237 πεπλανημένος
2772 3165 2869 3234 μὲν
2885 3162 2976 3216 τοῦ
3003 3162 3131 3215 ἰδίου
3145 3159 3410 3230 γεωργίου
3433 3157 3560 3219 τοὺς
3576 3154 3770 3218 ἄξονας
3787 3194 3803 3218 ,

541 3252 716 3322 gratia
747 3255 1022 3311 excidisse
1062 3258 1138 3312 ait
1184 3274 1250 3313 ex
1289 3275 1355 3314 eo
1413 3259 1558 3330 quod
1603 3261 1795 3316 volunt
1824 3261 2113 3332 justiﬁcari

2225 3258 2368 3314 κατὰ
2391 3259 2451 3312 τὸ
2483 3256 2773 3328 εἰρημένον
2803 3254 2906 3308 ὑπό
2948 3270 3111 3318 τινος,
3139 3251 3348 3320 ὑφέξων
3381 3249 3438 3301 δὲ
3469 3247 3685 3308 πάντως
3707 3243 3806 3315 τὴν

539 3359 607 3398 ex
675 3345 789 3416 lege
825 3346 888 3402 ⁸³.
932 3345 1408 3414 Quemadmodum
1449 3353 1593 3406 enim
1636 3352 1682 3406 is
1721 3353 1812 3422 qui
1848 3367 1876 3406 a
1908 3352 2037 3406 trita
2067 3361 2113 3405 el

2223 3352 2336 3413 τοῖς
2368 3349 2518 3403 κάτω
2549 3349 2766 3419 μένουσι
2788 3347 3101 3420 πρέπουσαν
3129 3345 3303 3413 δίκην.
3331 3341 3426 3394 Διά
3464 3339 3622 3394 τοῦτο
3655 3339 3748 3391 καὶ
3776 3343 3806 3390 6

541 3445 689 3493 recta
714 3439 801 3493 via
830 3441 1074 3506 excidit,
1106 3443 1317 3498 erroris
1353 3443 1581 3498 omnino
1616 3443 1819 3498 damna
1850 3459 2113 3514 passurus

2230 3441 2538 3512 coquinum;
2569 3440 2778 3503 Παῦλος
2803 3439 2928 3502 τοὺς
2965 3435 3378 3508 ἀρνησαμένους
3413 3436 3477 3486 ἐκ
3518 3429 3808 3502 φρενοϐλα-

539 3539 625 3584 est
671 3550 684 3584 :
739 3531 819 3586 sic
868 3534 958 3603 qui
994 3535 1281 3604 repudiata
1313 3534 1756 3604 Christijustitia
1790 3535 2113 3606 evangelica:

2228 3533 2376 3597 ϐείας
2416 3533 2476 3586 τὸ
2514 3533 2572 3585 ἐν
2610 3530 2832 3603 Χριστῷ
2873 3528 3276 3590 πολιτεύεσθαι,
3312 3521 3809 3594 παλινδρομοῦντας

539 3625 981 3682 conversationis
1022 3626 1336 3682 doctrinam
1372 3627 1508 3682 nihil
1537 3626 1789 3690 faciunt,
1823 3642 2113 3698 supernam

2230 3624 2288 3678 δὲ
2318 3624 2454 3696 πρὸς
2493 3624 2591 3687 τὰς
2621 3625 2685 3676 ἐκ
2715 3621 2880 3692 νόμου
2908 3620 3086 3683 σκιὰς,
3115 3615 3591 3690 ἅπηλλοτριῶσθαί
3642 3627 3810 3680 φησιν

539 3717 820 3771 civitatem
859 3733 968 3772 non
1005 3718 1312 3785 videbunt,
1355 3735 1535 3790 neque
1571 3735 1740 3789 porro
1783 3719 1950 3776 etiam
1993 3734 2113 3774 cum

2227 3717 2335 3770 ἀπὸ
2385 3715 2621 3786 Χριστοῦ
2670 3713 2765 3767 καὶ
2806 3714 2906 3784 τῆς
2948 3713 3168 3782 χάριτος
3230 3711 3518 3771 ἐκπεσεῖν,
3572 3705 3660 3759 διὰ
3712 3703 3808 3757 τοῦ

540 3809 750 3862 sanctis
791 3809 994 3864 vivent.
1032 3809 1134 3866 Via
1159 3814 1308 3868 enim
1339 3828 1460 3883 quae
1491 3813 1625 3867 illuc
1650 3811 1824 3878 ducit,
1862 3811 2113 3868 Christus

2227 3807 2565 3861 δικαιοῦσθαι
2590 3806 2766 3876 φιλεῖν
2789 3807 2852 3859 ἐκ
2877 3805 3281 3876 νόμου.⁶’ονπερ
3305 3803 3413 3874 γὰρ
3433 3800 3634 3872 τρόπον
3661 3799 3690 3851 6
3710 3795 3810 3864 τῆς

542 3915 688 3954 unus
723 3908 828 3955 est.
2224 3899 2600 3970 τετριμμένης
2650 3916 2710 3951 τε
2761 3898 2856 3953 καὶ
2894 3898 3104 3961 εὐθείας
3142 3895 3420 3949 ἐκπίπτων
3465 3891 3610 3956 ὀδοῦ,
3645 3889 3713 3943 τὰ
3744 3891 3810 3941 ἐκ

538 3993 634 4047 τοῦ
680 3995 982 4048 πλανᾶσθαι
1033 3996 1247 4058 παντως
1273 3996 1638 4066 ὐποστήσεται
1683 3995 1874 4065 βλὰ6η’
1921 3993 2114 4061 οὕτως,
2154 3993 2328 4065 οἰμαι,
2353 3993 2451 4047 καὶ
2483 3995 2581 4064 οὐχ
2608 3993 2831 4063 ἑτέρως,
2871 3993 2920 4044 οἰ
2959 3991 3056 4062 τὴν
3116 3992 3174 4044 ἐν
3216 3988 3434 4060 Χριστῷ
3463 3981 3811 4051 δικαιοσύνην

541 4087 967 4158 παρωσάμενοι,
1021 4088 1115 4140 καὶ
1171 4088 1270 4157 τῆς
1307 4087 1666 4157 εὐαγγελικῆς
1710 4087 1982 4150 πολιτείας
2023 4087 2123 4158 τήν
2163 4088 2445 4142 παίδευσιν
2487 4089 2544 4142 ἐν
2611 4085 2688 4156 τῷ
2752 4085 2943 4156 μηδενὶ
2991 4083 3316 4146 τεθεικότες,
3352 4081 3450 4152 τὴν
3492 4078 3603 4133 ἄνω
3655 4074 3813 4129 πόλιν

541 4179 639 4233 οὐκ
710 4178 951 4249 ὄψονται,
991 4178 1105 4233 ἀλλ’
1148 4180 1267 4232 οὐδὲ
1306 4181 1415 4241 τοῖς
1455 4179 1630 4247 ἁγίοις
1672 4179 2154 4248 συνδιαιτήσονται.
2207 4179 2356 4244 Ὁδὸς
2395 4179 2503 4251 γὰρ
2543 4180 2577 4249 ή
2623 4177 2758 4250 πρὸς
2805 4176 2960 4230 τοῦτο
3028 4175 3350 4245 κομίζουσα,
3391 4172 3549 4244 μόνος
3595 4169 3743 4222 ἐστὶν
3781 4167 3814 4220 6

541 4271 798 4342 Χριστός.

612 4365 754 4431 XIV,
789 4363 914 4432 5,6.
941 4364 1081 4418 Dicit
1103 4364 1150 4419 ei
1185 4363 1412 4419 Thomas
1441 4381 1458 4418 :
1485 4363 2002 4424 Domine,nescimus
2016 4381 2113 4434 quo

2290 4356 2459 4426 Λέγει
2491 4351 2650 4418 αὐτῷ
2679 4350 2902 4422 Θωμᾶς·
2942 4353 3064 4405 Οὐκ
3107 4351 3353 4418 οἴδαμεν
3377 4349 3495 4402 ποῦ
3537 4348 3806 4418 ὑπάγεις,

542 4453 714 4519 vadis,
757 4463 806 4506 et
858 4453 1120 4524 quomodo
1158 4470 1440 4522 possumus
1496 4454 1635 4508 viam
1677 4454 1860 4510 scire?
1902 4453 2042 4507 Dicit
2079 4471 2113 4508 e.

2233 4447 2480 4512 καὶπῶς
2517 4447 2764 4514 οἷδαμεν
2808 4445 2924 4511 τὴν
2977 4443 3161 4508 ὁδόν;
3201 4446 3369 4512 Λέγει
3421 4440 3582 4506 αὐτῷ
3619 4446 3652 4495 ό
3711 4444 3812 4510 Ἰη-

541 4545 746 4622 Ιεδιιδτ
785 4543 898 4616 Ego
942 4563 1060 4600 sum
1096 4547 1214 4612 via,
1255 4556 1304 4600 et
1336 4547 1527 4601 veritas
1555 4586 1570 4612 ,
1614 4555 1664 4601 et
1698 4548 1842 4601 vita:
1887 4557 1936 4603 et
1976 4563 2113 4602 nemc

2232 4540 2404 4604 σοῦς’
2440 4536 2580 4606 Ἐγώ
2607 4539 2722 4605 ειμι
2755 4537 2791 4604 ἡ
2817 4533 2978 4600 ὁδὸς,
3002 4533 3101 4587 καὶ
3131 4535 3168 4602 ἡ
3192 4533 3462 4600 ἀλήθεια,
3495 4531 3590 4584 καὶ
3611 4533 3647 4600 ἡ
3677 4530 3807 4595 ζωή·

545 4640 682 4692 venit
705 4620 786 4692 iad
826 4637 1064 4703 Patrem,
1107 4637 1212 4690 nisi
1245 4653 1338 4707 per
1370 4654 1470 4692 me.

2233 4630 2435 4695 οὐδεὶς
2489 4629 2724 4697 ἔρχεται
2789 4627 2938 4695 πρὸς
3006 4626 3115 4680 τὸν
3178 4623 3443 4692 Πατέρα,
3495 4624 3550 4676 εἰ
3601 4621 3689 4691 μὴ
3739 4620 3812 4674 δι’

2234 4722 2402 4794 ἐμοῦ.

518 4815 524 4820 ’
616 4820 899 4875 Christum
946 4819 1065 4874 suis
1108 4817 1400 4890 discipulis
1443 4818 1686 4874 nondum
1729 4827 1914 4890 aperte
1942 4817 2113 4872 dicere

2297 4814 2466 4868 Οὐπω
2521 4811 2821 4885 διαρρήδην
2874 4811 3052 4863 εἰπεῖν
3104 4809 3424 4880 ἐθελήσαντι
3469 4806 3548 4877 τῷ
3595 4803 3816 4876 Χριστῷ

546 4913 818 4968 volentem
855 4912 923 4967 ad
959 4912 1128 4967 caelos
1161 4927 1221 4967 se
1264 4926 1656 4976 ascensurum,
1692 4921 1743 4966 et
1791 4911 1857 4964 ad
1902 4909 2113 4964 Patrem

2223 4908 2337 4970 τοῖς
2371 4903 2563 4958 ἐαυτοῦ
2606 4901 2896 4974 μαθηταῖς,
2930 4901 3012 4954 ὃτι
3042 4900 3306 4971 βαδιεῖται
3348 4898 3486 4970 πρὸς
3531 4897 3630 4966 τὴν
3677 4897 3813 4960 ἄνω,

547 5004 918 5075 migraturum
945 5045 960 5069 ,
998 5001 1094 5058 sed
1123 5002 1471 5073 aanigmatiee
1505 5001 1684 5056 adhuc
1712 5010 1766 5056 et
1800 5001 1970 5055 multa
1999 5014 2113 5054 cum

2225 4996 2319 5050 καὶ
2369 4994 2712 5065 ἀποδημήσει
2769 4993 2906 5062 πρὸς
2962 4992 3052 5045 τὸν
3099 4992 3353 5062 Πατέρα,
3399 4987 3818 5060 αἰνιγματωδῶς

549 5096 797 5165 emphasi
833 5111 947 5151 rem
977 5095 1382 5167 signiﬁcantem
1409 5092 1650 5148 Thomas
1681 5092 1988 5162 discipulus
2017 5090 2113 5145 sci-

2225 5103 2287 5154 γε
2333 5084 2438 5156 μὴν
2485 5084 2566 5137 ἔτι
2619 5085 2713 5136 καὶ
2758 5083 2846 5136 διὰ
2883 5083 3094 5136 πολλῶν
3142 5084 3435 5154 ἐμφάσεων
3477 5081 3536 5134 τὸ
3584 5083 3818 5152 πρᾶγμα

551 5190 806 5253 scitatur,
835 5199 888 5244 et
909 5193 1326 5258 argumentatur
1356 5182 1761 5254 quodammodo
1786 5190 1998 5237 tantum
2020 5197 2113 5236 nor

2243 5176 2584 5246 σημαίνοντι,
2642 5172 3006 5244 προσεκόμισε
3061 5173 3158 5244 τὴν
3213 5173 3402 5225 πεῦσιν
3457 5173 3485 5224 ὁ
3547 5169 3815 5240 μαθητήςο

548 5281 716 5334 etiam
757 5295 958 5350 cogens
1005 5279 1240 5332 invitum
1295 5276 1480 5332 dicere
1517 5291 1756 5346 quonam
1791 5274 2012 5330 demum
2061 5273 2106 5327 si

2241 5271 2443 5340 Θωμᾶς
2475 5267 2529 5320 δὲ
2547 5263 2613 5338 ἦν
2630 5262 2804 5329 οὗτος·
2829 5267 2922 5318 καὶ
2962 5265 3352 5319 συναναπλέκει
3385 5264 3504 5317 τινα
3535 5263 3817 5331 λογισμὸν,

551 5372 838 5433 abiturus,
873 5380 926 5425 ct
963 5386 1075 5441 quo
1110 5369 1301 5425 tendat
1331 5370 1481 5424 illius
1525 5367 1812 5424 discessus
1853 5366 1978 5422 iter.
2023 5363 2113 5418 Nec

2245 5358 2529 5430 μονονουχὶ
2571 5358 2664 5410 καὶ
2705 5357 2804 5426 οὐχ
2845 5356 3037 5409 ἑκόντα
3073 5357 3249 5422 λέγειν
3278 5354 3686 5426 ἐκϐιαζόμενος,
3727 5354 3822 5406 καὶ

552 5461 697 5514 (nim
733 5462 961 5526 scimus,
990 5463 1188 5533 inquit,
1221 5477 1332 5533 quo
1357 5461 1513 5515 vadis
1547 5479 1560 5516 :
1597 5467 1651 5514 et
1679 5456 1954 5529 quomodo
1989 5456 2113 5509 vian

2241 5453 2364 5506 ὅποι
2392 5451 2520 5504 ποτὲ
2560 5448 2904 5520 πορεύσεται,
2933 5449 3026 5502 καλ⁸
3053 5441 3113 5501 οῦ
3147 5447 3246 5517 τῆς
3281 5448 3588 5517 ἀποδημίας
3635 5448 3668 5518 ή
3703 5444 3821 5510 ὁδὸς

557 5553 926 5610 sciverimus?
958 5553 1016 5608 Et
1052 5571 1179 5611 vero
1214 5555 1438 5609 nimiam
1471 5552 1850 5609 curiositatem
1881 5547 2110 5616 discipul

2245 5542 2593 5597 συντείνεται.
2643 5541 2717 5594 Οὐ
2757 5540 2863 5612 γὰρ
2896 5542 3071 5610 ἴσμεν,
3101 5538 3225 5608 ἔφη,
3262 5538 3364 5590 ποῦ
3401 5540 3656 5607 ὑπάγεις,
3707 5532 3826 5592 εἷτα

671 5745 710 5774 ”
750 5743 888 5799 l'sal.
921 5759 1069 5808 χχιι,
1107 5742 1189 5798 ll.
1268 5742 1308 5772 ⁵³
1335 5742 1351 5796 l
1381 5738 1524 5794 Tim.
1552 5753 1624 5803 γι,
1656 5736 1744 5791 20.
1824 5735 1868 5765 ⁵³
1899 5733 2075 5789 Galat.
2110 5749 2160 5798 ι’,
2201 5736 2242 5786 δ.
