4076 6270
283 377 382 432 189

1322 360 1388 417 ΙΝ
1416 359 1705 419 JOANNIS
1743 355 2203 417 EVANGELIUM
2234 357 2365 417 LIB.
2402 358 2501 416 IX.

3438 355 3546 411 190

275 485 396 551 πῶς
446 484 516 541 ἂν
565 482 839 555 εἰδείημεν
893 482 993 555 τὴν
1041 482 1201 549 ὀδόν;
1257 482 1371 537 Καὶ
1421 481 1482 535 τὸ
1517 481 1616 553 μὲν
1662 478 1860 550 σφόδρα

1970 476 2232 536 Christus
2276 479 2537 535 amolitur
2576 495 2590 533 :
2644 491 2747 534 nec
2789 476 2936 534 enim
2976 474 3274 548 respondet
3320 474 3387 531 ad
3429 476 3552 547 ejus

276 579 573 652 περίεργον
594 575 689 631 τοῦ
717 574 963 647 μαθητοῦ
994 573 1330 647 παρελαύνει
1360 574 1618 647 Χριστός·
1654 573 1718 627 οὐ
1757 570 1868 645 γὰρ

276 669 632 737 ἀποκρίνεταί
663 685 717 722 τι
754 667 894 739 πρὸς
923 668 1063 736 ὅπερ
1090 667 1284 739 ἤθελεν
1315 667 1502 734 αὐτὸς,
1532 666 1650 722 ἀλλ’
1690 666 1868 719 ἐκεῖνο

276 764 345 833 τῇ
383 761 487 832 ἰδίᾳ
520 758 718 829 γνώσει
757 760 1023 831 τηρήσας,
1055 758 1152 813 καὶ
1185 758 1363 831 καιρῷ
1406 758 1608 830 μᾶλλον
1646 757 1866 823 ἀναθεὶς

273 853 352 924 τῷ
389 852 828 925 πρεπωδεστέρῳ
865 851 1258 907 διεκκαλύπτει
1297 852 1608 925 χρησίμως,
1639 852 1776 923 ὅπερ
1796 847 1867 924 ἦν

274 944 458 1008 αὐτοῖς
502 944 806 1014 ἀναγκαῖον
853 945 935 1008 εἰς
989 943 1249 1015 μάθησιν.
1309 943 1451 1014 Ἐγὼ
1497 944 1679 998 τοίνυν
1722 943 1862 1013 elui,

275 1032 462 1103 φησὶν,
496 1034 531 1104 ή
570 1031 710 1097 ὁδὸς,
751 1033 865 1102 ἐγὼ
893 1034 926 1104 ή
963 1033 1212 1105 ἀλήθεια,
1236 1033 1364 1104 ἐγὼ
1397 1035 1431 1106 ἡ
1469 1034 1604 1106 ζωή.
1638 1033 1750 1089 Καὶ
1783 1034 1867 1088 ὅτι

276 1122 380 1191 μὲν
410 1122 614 1194 ἀληθὴς
635 1124 764 1195 περὶ
790 1123 988 1178 ἑαυτοῦ
1007 1124 1181 1179 ταῦτα
1202 1124 1376 1196 λέγων
1396 1128 1426 1180 6
1442 1126 1667 1199 Κύριος,
1688 1126 1866 1192 οὐδεὶς

273 1214 342 1268 ἂν
372 1254 389 1279 ,
440 1208 614 1282 οἶμαι,
658 1215 767 1270 τῶν
821 1216 1232 1289 εὐφρονούντων
1287 1219 1538 1291 ὲνδοιάσῃ
1619 1219 1863 1277 πώποτε.

272 1302 426 1375 Πλὴν
471 1307 648 1360 ἐκεῖνο
680 1306 791 1360 δεῖν
842 1308 1214 1380 ὑπολαμϐάνω
1251 1310 1483 1381 ζητῆσαι
1512 1310 1862 1382 φιλομαθῶς·

270 1394 368 1447 τοῦ
399 1395 508 1467 γάρ
530 1396 593 1468 δὴ
612 1399 796 1470 χάριν,
818 1401 997 1455 καίτοι
1021 1402 1159 1471 φῶς,
1177 1403 1273 1457 καὶ⁵
1289 1404 1473 1474 σοφία,
1500 1405 1594 1459 καὶ
1611 1403 1862 1476 δύναμις,

271 1487 371 1539 καὶ
407 1488 616 1560 ἑτέροις
645 1490 702 1544 δὲ
732 1491 879 1556 ὅσοις
910 1495 1138 1564 ὀνόμασι
1169 1494 1320 1567 παρά
1346 1498 1467 1560 ταῖς
1485 1495 1867 1564 θεοπνεύστοις

270 1578 668 1651 ὠνομασμένος
688 1582 955 1654 Γμφαίς,
984 1585 1383 1659 ἐξειλεγμένοις
1399 1587 1590 1662 ὥσπερ
1612 1588 1747 1655 τισὶ,
1768 1590 1866 1644 καὶ

272 1670 416 1724 πολὺ
444 1671 563 1726 λίαν
591 1673 807 1744 ἔχουσιν
825 1674 954 1731 ῦντα
978 1677 1157 1747 λόγον,
1187 1679 1384 1750 χρῆται
1414 1681 1552 1752 πρὸς
1577 1680 1639 1735 τὸ
1666 1681 1861 1752 παρὸν,

269 1763 394 1818 ὁδὸν
451 1765 674 1832 ἑαυτὸν,
726 1769 819 1823 καὶ⁵
870 1769 1150 1841 ἀλήθειαν,
1194 1771 1287 1825 καὶ
1339 1771 1488 1843 ζωὴν
1521 1772 1859 1837 ἀποκαλῶνς

1968 570 2210 637 libitum,
2243 571 2341 627 sed
2371 571 2506 627 illud
2528 585 2647 627 sua:
2689 569 2995 642 cognitioni
3023 581 3316 624 reservans
3338 607 3355 631 ,
3386 569 3551 639 quin-

1967 659 2079 717 imo
2121 661 2357 733 tempori
2404 659 2784 732 opportuniori
2821 658 3073 714 tribuens
3101 698 3118 726 ,
3163 656 3553 730 percommode

1964 755 2194 824 exponit
2210 753 2263 809 id
2282 754 2432 825 quod
2448 755 2517 808 ad
2542 752 2898 824 disciplinam
2918 759 3002 809 est
3018 750 3419 807 necessarium.
3441 748 3554 821 Ego

1966 843 2156 914 igitur,
2189 843 2389 914 inquit,
2428 859 2551 898 sum
2582 843 2694 907 via,
2726 857 2827 913 ego
2856 842 3085 907 veritas,
3118 856 3220 912 ego
3246 839 3383 895 vita.
3418 838 3553 905 Quae

1965 933 2188 1004 quidem
2217 948 2345 989 vcre
2379 931 2448 987 de
2486 932 2670 1002 seipso
2706 929 2998 985 Dominum
3027 929 3215 985 dicere
3236 968 3251 991 ,
3286 941 3468 991 nemo,
3492 934 3553 980 ut

1964 1039 2112 1089 reor,
2149 1039 2323 1079 sanus
2363 1023 2420 1078 in
2451 1023 2681 1078 dubium
2718 1037 2961 1093 unquam
2994 1020 3358 1076 revocaverit.
3398 1018 3554 1084 Quae-

1964 1115 2200 1172 rendum
2250 1115 2613 1171 nihilominus
2651 1115 2902 1171 studiose
2951 1112 3220 1177 arbitror,
3269 1125 3438 1183 quam
3481 1109 3552 1165 ob

1964 1224 2214 1275 causam,
2247 1223 2373 1265 cum
2406 1210 2523 1274 lux,
2561 1218 2617 1264 et
2650 1207 2963 1278 sapientia,
3002 1215 3060 1262 et
3086 1205 3288 1272 virtus,
3315 1205 3553 1276 aliisque

1964 1299 2285 1359 istiusmodi
2329 1300 2657 1356 nominibus
2687 1300 2832 1371 apud
2872 1300 3193 1370 Scripturas
3221 1299 3439 1355 divinas
3476 1298 3553 1355 sit
3584 1318 3592 1331 θ

1964 1401 2355 1465 nuncupatus,
2403 1392 2629 1449 eximiis
2675 1407 2826 1447 nunc
2881 1392 3050 1448 veluti
3098 1390 3432 1462 quibusdam
3484 1404 3552 1445 ac

1964 1484 2264 1557 praecipuis
2295 1491 2508 1548 utatur,
2550 1483 2795 1553 seipsum
2835 1482 3000 1549 viam,
3038 1491 3094 1539 et
3124 1483 3413 1538 veritatem
3435 1519 3451 1546 ,
3485 1496 3552 1536 ac

1963 1581 2135 1637 vitam
2164 1578 2484 1634 nominans.
2516 1578 2678 1633 Altus
2705 1575 2881 1641 enim,
2911 1585 2972 1630 ut
2988 1574 3252 1640 arbitror,
3273 1588 3378 1628 nec
3407 1574 3550 1627 mul-

1966 1680 2082 1728 tum
2109 1672 2390 1744 explicata
2423 1669 2609 1726 facilis
2635 1676 2724 1725 est
2748 1666 3022 1724 sermonis
3055 1666 3221 1722 istius
3258 1680 3459 1721 sensus
3496 1674 3552 1720 et

1968 1764 2110 1818 ratio
2146 1781 2159 1817 :
2201 1761 2368 1833 768
2403 1760 2577 1817 nihilo
2608 1768 2789 1814 tamen
2817 1757 3003 1813 minus
3042 1755 3112 1811 ad
3150 1756 3303 1810 illum
3337 1764 3423 1811 est
3456 1770 3554 1826 ag-

272 1857 479 1912 Βαθεῖα
510 1859 622 1930 γὰρ
662 1859 742 1925 ὡς
790 1854 1026 1932 ἐγῷμαι,
1063 1863 1156 1916 καὶ
1187 1863 1247 1916 οὐ
1282 1862 1404 1917 λίαν
1450 1863 1787 1928 εὐκάτοπτος
1828 1865 1860 1936 ὴ

1969 1853 2348 1927 grediendum.
2375 1851 2566 1906 Dicam
2605 1852 2753 1906 enim
2782 1848 2929 1920 quod
2965 1847 3100 1902 mihi
3130 1847 3280 1902 venit
3314 1846 3371 1900 in
3398 1861 3553 1902 men-

272 1950 366 2004 τοῦ
416 1951 578 2022 λόγου
616 1952 870 2025 δύναμιςο
900 1954 1002 2009 οὐκ
1033 1955 1293 2026 ὀκνητέον
1324 1956 1371 2010 δ’
1399 1952 1494 2011 οὖν
1529 1958 1680 2027 ὅμως
1723 1956 1863 2029 πρὸς

274 2042 372 2117 τὴν
418 2045 755 2117 ἐγχείρησιν.
807 2046 947 2119 Ἑρῶ
974 2047 1082 2119 γὰρ
1125 2048 1263 2121 ὅπερ
1292 2049 1374 2113 εἰς
1402 2048 1543 2120 ἐμὴν
1581 2048 1862 2104 ἀναϐαίνει

276 2134 531 2202 διάνοιαν,
573 2139 748 2208 ἐφιεὶς
783 2138 1031 2209 δηλονότι
1070 2140 1140 2195 τὰ
1166 2140 1378 2213 ἀμείνω
1408 2143 1550 2195 νοεῖν
1579 2143 1694 2206 τοῖς
1723 2140 1861 2196 θεω-

284 2230 395 2296 ρεῖν
448 2229 692 2285 εἰωθόσιν
738 2230 1169 2302 ὀξυωπέστερον.
1214 2233 1313 2287 Διά
1358 2232 1526 2303 τριῶν
1571 2233 1863 2305 τοιγαροῦν

286 2322 624 2391 πραγμάτων
674 2325 791 2387 ταῖς
817 2326 931 2379 ἀνω
969 2325 1066 2380 καὶ
1099 2325 1273 2390 θείαις
1302 2324 1704 2396 προσϐαλοῦσιν
1744 2325 1860 2398 [γρ.

287 2411 721 2485 προσϐαλοῦμεν]
746 2415 956 2478 αὐλαῖς,
981 2417 1077 2469 καὶ
1102 2417 1183 2480 είς
1215 2418 1317 2488 τὴν
1347 2416 1457 2470 τῶν
1498 2416 1864 2490 πρωτοτόκων

299 2503 623 2576 Ἐκκλησίαν
651 2507 1052 2578 ἀναϐησόμεθα·
1084 2507 1174 2561 διὰ
1202 2507 1456 2580 πράξεως
1483 2507 1545 2578 δή
1576 2525 1742 2579 φημι,
1761 2507 1863 2578 τῆς

284 2595 425 2650 κατά
457 2599 707 2669 ποικίλην
741 2598 957 2670 ἀρετὴν,
988 2599 1086 2653 καὶ
1111 2598 1350 2663 πίστεως
1372 2600 1470 2670 τῆς
1502 2601 1561 2654 ἐν
1585 2599 1863 2672 ὀρθότητι,

279 2687 372 2742 καὶ
404 2687 619 2752 ἐλπίδος
659 2689 757 2761 τῆς
787 2690 847 2743 ἐν
886 2689 1026 2761 ζωῇ.
1051 2685 1180 2763 Ἆρ’
1221 2685 1316 2744 οῦν
1352 2689 1543 2762 ἕτερος
1584 2691 1717 2762 ἡμῖν
1768 2690 1864 2747 τοῦ

272 2779 531 2834 δύνασθαι
562 2781 785 2836 τοιαῦτα
812 2782 949 2854 δρᾷν
977 2784 1266 2855 γενήσεται
1315 2785 1572 2855 χορηγὸς,
1607 2784 1640 2856 ἢ
1670 2784 1867 2858 πρόξε-

271 2889 378 2937 νος,
432 2873 467 2944 ἢ
511 2874 681 2939 αἰτία,
725 2874 760 2945 ἢ
812 2874 1086 2946 πρόφασις
1125 2875 1277 2946 παρά
1316 2875 1410 2930 τὸν
1453 2875 1662 2949 Κύριον
1703 2877 1866 2950 ἡμῶν

282 2965 491 3036 Ἰησοῦν
513 2965 605 3020 τὸν
635 2966 905 3037 Χριστόν;
936 2968 1010 3022 οὒ
1040 2967 1139 3039 μὲν
1163 2963 1277 3023 οὖν.
1308 2969 1401 3040 Μὴ
1443 2969 1553 3040 γάρ
1583 2987 1667 3024 τοι
1700 2970 1866 3041 νομί-

269 3073 386 3128 σῃς.
418 3057 593 3122 Αὐτὸς
623 3062 734 3129 γὰρ
782 3060 915 3129 ἡμῖν
947 3059 1342 3131 νενομοτέθηκε
1383 3061 1453 3115 τὰ
1502 3062 1643 3135 ὑπὲρ
1674 3062 1864 3134 νόμον,

266 3149 428 3214 αὐτὸς
463 3148 713 3217 ὑπέδειξε
746 3150 846 3222 τὴν
875 3150 1014 3217 ὁδὸν,
1038 3152 1106 3225 ἢν
1130 3152 1217 3219 ἂν,
1242 3147 1421 3223 οἶμαι,
1455 3155 1541 3218 τὶς
1561 3154 1746 3220 καλῶς
1778 3157 1861 3220 είς

1965 1953 2110 2011 tem,
2165 1943 2459 2016 cogitanda
2498 1943 2760 1998 nimirum
2822 1941 3053 1996 meliora
3108 1938 3430 2009 relinquens
3484 1937 3554 1993 iis

1962 2040 2168 2110 quibus
2212 2036 2426 2092 acutior
2449 2036 2533 2092 vis
2572 2045 2660 2091 est
2684 2034 2909 2105 ingenii.
2944 2031 3148 2088 Tribus
3183 2032 3354 2103 igitur
3389 2030 3555 2086 rebus

1963 2132 2033 2187 ad
2062 2146 2334 2201 supernas
2366 2144 2431 2184 ac
2467 2127 2686 2183 divinas
2721 2125 3042 2180 mansiones
3072 2123 3372 2188 enitemur,
3403 2132 3459 2177 et
3492 2122 3554 2175 in

1965 2223 2460 2296 primogenitorum
2489 2219 2975 2291 congregationem
3010 2215 3376 2272 ascendemus
3410 2234 3423 2269 :
3456 2231 3554 2285 per

1966 2318 2241 2372 actionem
2268 2315 2485 2372 scilicet
2508 2313 2730 2385 virtutis
2754 2313 2984 2374 variam,
3010 2326 3107 2381 per
3128 2309 3291 2364 ﬁdem
3320 2315 3551 2370 rectam,

1966 2419 2022 2464 et
2055 2423 2206 2479 spem
2232 2407 2380 2463 vitae.
2414 2407 2486 2460 At
2516 2403 2643 2474 quis
2672 2402 2815 2457 alius
2849 2401 3013 2457 nobis
3044 2414 3237 2455 eorum
3269 2396 3553 2453 faciendo-

1966 2518 2088 2558 rum
2116 2502 2364 2572 largitor,
2392 2514 2487 2555 seu
2512 2498 2790 2568 pararius,
2829 2494 2945 2551 sive
2965 2507 3134 2548 causa
3160 2492 3347 2557 fuerit,
3384 2505 3551 2561 quam

1969 2593 2237 2650 Dominus
2263 2602 2450 2647 noster
2477 2590 2640 2646 Jesus
2670 2587 2975 2643 Christus?
3013 2584 3187 2640 Nemo
3219 2598 3376 2641 sane.
3406 2583 3554 2639 Cave

1967 2685 2021 2741 id
2067 2683 2383 2740 existimes.
2437 2680 2560 2751 Ipse
2597 2679 2802 2750 quippe
2834 2677 2995 2732 nobis
3029 2677 3175 2747 leges
3208 2675 3396 2745 posuit
3431 2689 3556 2746 qua!

1968 2785 2101 2836 sunt
2132 2790 2300 2848 supra
2322 2775 2517 2843 legem,
2549 2774 2670 2844 ipse
2687 2773 2830 2826 viam
2860 2768 3214 2834 monstravit,
3239 2782 3403 2838 quam
3427 2782 3556 2837 pro-

1968 2870 2036 2926 be
2076 2868 2347 2925 actionem
2387 2863 2651 2929 virtutis,
2686 2872 2741 2919 et
2777 2862 3076 2917 incitatum
3117 2875 3182 2915 ac
3236 2868 3550 2930 promptum

1971 2960 2027 3015 in
2066 2958 2380 3015 actionibus
2415 2970 2537 3026 quae
2576 2960 2706 3011 sunt
2758 2950 3065 3010 secundum
3108 2951 3389 3007 Christum
3433 2960 3554 3005 stu-

1971 3050 2121 3107 dium
2161 3048 2473 3119 intelligere
2503 3060 2821 3118 possumus.
2854 3043 3026 3116 lgitur
3050 3042 3170 3114 ipse
3199 3049 3284 3098 est
3304 3041 3548 3106 veritas,

1971 3145 2090 3217 ipse
2122 3143 2242 3208 via,
2283 3142 2389 3197 hoc
2420 3146 2539 3206 est,
2575 3153 2707 3195 vera
2742 3136 2864 3192 ﬁdei
2902 3137 3092 3208 regula
3118 3179 3133 3204 ,
3174 3144 3230 3191 et
3257 3134 3550 3205 inculpata:

266 3240 364 3311 τὴν
407 3241 532 3294 κατ’
574 3238 860 3311 ἐνέργειαν
905 3241 1108 3313 ἀρετὴν
1170 3242 1482 3310 ὲκδέξαιτο,
1537 3245 1633 3299 καὶ
1686 3246 1747 3300 τὸ
1797 3248 1856 3300 ὲν

1962 3236 2030 3293 de
2064 3235 2178 3292 Deo
2214 3234 2511 3291 sententiae
2532 3245 2711 3287 canon
2760 3239 2816 3284 et
2858 3228 3121 3285 amussis.
3149 3226 3286 3281 Nam
3334 3226 3382 3283 si
3421 3240 3551 3281 vere

267 3332 504 3404 πράξεσι
531 3336 653 3397 ταῖς
685 3333 827 3388 κατά
853 3334 1109 3405 Χριστὸν,
1142 3335 1458 3392 διαϐατικόν
1498 3353 1559 3390 τε
1590 3339 1683 3393 καὶ⁸
1718 3340 1856 3410 πρό·

266 3424 458 3495 θυμον.
494 3422 707 3480 Οὐκοῦν
749 3425 910 3489 αὐτός
946 3428 1095 3480 ἐστιν
1137 3428 1171 3498 ὴ
1212 3427 1459 3499 ἀλήθεια,
1513 3429 1676 3495 αὐτός
1708 3432 1856 3486 ἑστιν

262 3517 294 3586 ἡ
327 3516 468 3582 ὁδὸς,
518 3516 664 3570 τοῦτ’
696 3516 866 3585 ἔστιν,
897 3520 925 3573 6
958 3517 1167 3589 ἀληθὴς
1192 3522 1294 3591 τῆς
1318 3522 1557 3586 πίστεως
1583 3524 1730 3594 ὅρος,
1762 3524 1857 3577 καὶ

262 3609 291 3661 6
312 3608 419 3679 τῆς
452 3607 727 3672 ἀπλανοῦς
762 3610 895 3680 περὶ
924 3610 1058 3664 Θεοῦ
1105 3611 1410 3682 διαλήψεως
1454 3614 1635 3668 κανών
1666 3632 1726 3668 τε
1760 3614 1857 3669 καὶ

266 3698 511 3770 στάθμη.
562 3700 925 3763 Πιστεύοντες
964 3702 1074 3774 γὰρ
1120 3703 1201 3766 είς
1254 3704 1382 3757 Υἱὸν
1431 3705 1671 3774 ἀληθῶς,
1711 3707 1855 3760 τοῦτ’

266 3789 444 3853 ἔστιν,
474 3788 536 3854 ἐξ
573 3790 744 3860 αὐτῆς
788 3790 1118 3860 γεννηθέντα
1142 3792 1244 3865 τῆς
1271 3793 1459 3857 οὐσίας
1481 3794 1574 3848 τοῦ
1600 3795 1734 3850 Θεοῦ
1763 3797 1856 3851 καὶ

268 3879 511 3951 Πατρὸς,
548 3882 609 3935 οὐ
649 3880 821 3947 νόθον,
844 3883 905 3936 οὐ
935 3882 1302 3955 ψευδώνυμον,
1335 3885 1450 3940 ἀλλ’
1481 3886 1600 3940 οὐδὲ
1633 3887 1853 3958 κτίσμα,

266 3970 301 4042 ἢ
334 3970 568 4043 ποίημα,
609 3972 671 4027 τὸ
702 3975 805 4046 τῆς
845 3974 1083 4046 ἀληθοῦς
1129 3975 1367 4040 πίστεως
1427 3978 1853 4050 περικεισόμεθα

261 4065 551 4137 καύχημα.
597 4068 654 4122 '0
685 4068 794 4139 γάρ
826 4069 907 4133 εἰς
937 4068 1064 4122 Υἰὸν
1092 4069 1539 4141 παραδεξάμενος
1578 4072 1670 4125 τὸν
1703 4072 1851 4138 Υίὸν,
1875 4066 1888 4075 ’

260 4160 636 4232 διωμολόγηκε
678 4162 898 4223 πάντως
950 4163 1045 4217 καὶ⁵
1098 4162 1191 4217 τὸν
1250 4162 1312 4229 ἐξ
1352 4158 1523 4235 οῦπερ
1570 4166 1709 4229 ἐστὶ,
1758 4167 1854 4220 καὶ

269 4252 494 4323 Πατέρα
522 4252 615 4308 τὸν
637 4253 772 4308 Θεὸν
804 4250 914 4309 οἶδέ
939 4272 1000 4309 τε
1048 4256 1141 4309 καὶ
1169 4255 1403 4325 δέξεται.
1435 4257 1605 4322 Αὐτὸς
1633 4275 1855 4329 τοιγοιρ⁹

261 4343 356 4398 οῦν
386 4346 421 4415 ἡ
446 4345 674 4416 ἀλήθειά
700 4349 872 4413 ἐστιν,
897 4346 1059 4412 αὐτός
1081 4349 1232 4403 ἐστιν
1258 4351 1291 4420 ή
1319 4347 1434 4421 ζωή
1456 4365 1471 4380 ·
1508 4350 1571 4403 οὐ
1601 4351 1709 4422 γὰρ
1729 4352 1852 4404 ἓτε-

264 4455 358 4507 ρος
388 4439 523 4508 ἡμῖν
551 4440 991 4510 ἀποκαταστήσει
1028 4440 1127 4511 τὴν
1164 4443 1223 4494 ἐν
1255 4441 1437 4496 ἐλπίσι
1465 4442 1635 4513 ζωὴν,
1665 4442 1764 4514 τὴν
1792 4443 1850 4496 ὲν

262 4528 547 4600 ἀφθαρσίᾳ
583 4530 846 4600 δηλονότι,
877 4532 972 4584 καὶ
998 4533 1383 4604 μακαριότητι,
1424 4534 1519 4587 καὶ
1548 4534 1806 4604 ἁγιασμῷ
1835 4549 1850 4564 ⁸

1964 3328 2241 3384 credimus
2283 3328 2341 3381 in
2388 3324 2628 3390 Filium,
2672 3323 2727 3378 id
2759 3330 2844 3379 est
2884 3322 2937 3375 in
2972 3336 3099 3375 eum
3139 3321 3233 3390 qui
3263 3333 3331 3373 ex
3360 3317 3454 3373 Dei
3484 3332 3550 3372 ac

1958 3422 2140 3477 Patris
2190 3421 2412 3491 genitus
2462 3427 2547 3475 est
2590 3417 2923 3481 substantia,
2969 3429 3079 3468 non
3122 3411 3395 3483 spurinnt,
3436 3424 3548 3464 non

1959 3513 2102 3570 falso
2128 3513 2472 3569 nominatum
2495 3552 2510 3576 ,
2550 3510 2647 3567 sed
2684 3523 2863 3579 neque
2893 3513 3212 3561 creaturam
3243 3511 3337 3558 aut
3368 3502 3548 3557 factu-

1957 3622 2073 3662 ram
2115 3621 2259 3661 verae
2290 3604 2409 3659 ﬁdei
2451 3603 2624 3674 gloria
2672 3600 3017 3656 ornabimus.
3048 3595 3185 3651 Nam
3218 3596 3312 3666 qui
3341 3593 3546 3648 Filium

1956 3698 2014 3754 in
2040 3713 2171 3754 vero
2203 3694 2525 3768 signiﬁcatu
2568 3692 2782 3764 ceperit
2807 3731 2822 3755 ,
2858 3690 3062 3745 fatetur
3090 3688 3281 3759 utique
3317 3696 3373 3742 et
3417 3700 3546 3742 eum

1956 3806 2025 3847 ex
2048 3806 2159 3863 quo
2188 3796 2312 3856 est,
2349 3786 2685 3857 Patremque
2730 3783 2901 3839 Deum
2942 3781 3195 3853 agnoscit
3242 3788 3298 3837 et
3343 3778 3543 3835 credit.

1954 3883 2078 3956 Ipse
2102 3885 2321 3954 itaque,
2356 3880 2565 3937 veritas
2598 3888 2683 3934 cst
2702 3917 2717 3942 ,
2749 3878 2871 3948 ipse
2900 3883 2985 3931 est
3011 3875 3125 3929 vita
3154 3892 3166 3929 :
3203 3888 3366 3929 nemo
3396 3871 3545 3927 enim

1954 3981 2124 4036 vitam
2168 3992 2332 4049 quam
2388 3988 2676 4046 speramus
2716 3969 3131 4040 incorruptione
3180 3967 3443 4022 nimirum
3490 3975 3545 4021 et

1953 4069 2300 4127 beatitudine
2360 4081 2426 4122 ac
2480 4061 2918 4120 sanctiﬁcatione
2970 4064 3319 4114 constantem
3354 4056 3545 4129 .nobis

1956 4171 2154 4235 praeter
2189 4176 2312 4217 eum
2352 4159 2610 4214 restituet
2643 4174 2657 4210 :
2704 4156 2824 4224 ipse
2849 4151 2998 4208 enim
3030 4166 3132 4206 nos
3161 4150 3438 4214 suscitat,
3487 4155 3542 4202 et

1955 4256 2049 4326 qui
2079 4253 2278 4308 mortui
2306 4265 2500 4307 sumus
2528 4256 2753 4320 propter
2780 4255 2940 4301 vetus
2970 4243 3354 4305 maledictum,
3384 4241 3453 4296 ad
3486 4240 3541 4294 id

1955 4344 2100 4417 quod
2132 4342 2290 4398 initio
2320 4354 2566 4403 eramus,
2591 4337 2775 4392 denuo
2806 4332 3112 4389 revocabit.
3134 4328 3331 4385 Omnia
3372 4328 3545 4399 igitur

1956 4435 2120 4492 nobis
2149 4435 2207 4488 in
2240 4432 2362 4503 ipso
2384 4470 2399 4494 ,
2430 4437 2485 4484 et
2513 4443 2613 4499 per
2644 4427 2828 4496 ipsum
2858 4423 3123 4494 prazclara
3152 4429 3316 4490 atque
3340 4419 3542 4474 eximia

1955 4537 2009 4587 et
2037 4528 2371 4585 exstiterunt
2395 4523 2532 4592 jam,
2568 4527 2624 4575 et
2656 4533 2824 4590 porro
2858 4516 3178 4572 exstabunt.
3215 4512 3322 4568 Sed
3344 4512 3543 4567 obser-

263 4622 431 4685 αὐτὸς
464 4622 575 4693 γὰρ
605 4623 750 4693 ἡμᾶς
783 4623 1009 4692 ἐγείρει,
1036 4625 1130 4678 καὶ
1157 4603 1384 4693 νεκροὺς
1410 4603 1731 4695 γεγονότας,
1763 4603 1851 4682 διὰ

1962 4638 2022 4678 va
2048 4661 2063 4687 ,
2097 4632 2287 4691 quaso
2308 4657 2323 4681 ,
2363 4628 2530 4686 quam
2585 4620 2712 4682 apte
2752 4609 2817 4663 ad
2851 4608 3196 4678 propositum
3240 4605 3344 4660 ista
3378 4603 3548 4672 perti-

260 4715 360 4787 τὴν
387 4714 626 4788 ἀρχαίαν
673 4717 834 4787 ἀρὰν,
870 4717 1194 4788 ἀνακομίσει
1222 4718 1384 4772 πάλιν
1416 4721 1495 4781 είς
1540 4721 1679 4792 ὅπερ
1708 4716 1850 4792 ἦμεν

1962 4719 2145 4770 neant.
2192 4707 2519 4777 Ambigente
2546 4702 2751 4773 quippe
2782 4700 3081 4754 etiamnum
3113 4695 3386 4765 discipulo
3419 4733 3435 4756 ,
3477 4708 3544 4748 ac

263 4809 320 4861 ἐν
341 4809 560 4879 ἀρχαῖς.
592 4807 847 4862 Ἀπαντα
865 4808 1048 4862 τοίνυν
1078 4810 1211 4879 ἡμῖν
1238 4809 1294 4861 ὲν
1321 4808 1491 4879 αὐτῷ,
1521 4811 1616 4865 καὶ
1650 4789 1854 4865 δι’-αὑ-

1962 4808 2188 4867 Lliccnte,
2225 4819 2244 4853 ι
2286 4796 2577 4867 Quomodo
2610 4808 2909 4865 possumus
2942 4793 3088 4847 viam
3119 4789 3311 4846 scire?
3342 4807 3361 4841 ι
3405 4800 3545 4857 pau-

257 4901 356 4956 τοῦ
388 4903 457 4955 τὰ
486 4901 754 4956 κάλλιπά
785 4919 846 4954 τε
875 4902 969 4955 καὶ
1011 4900 1266 4972 ἐξαίρετα
1298 4901 1509 4972 πέφηνέ
1535 4920 1595 4956 τε
1629 4905 1729 4977 ἤδη
1756 4906 1852 4959 καὶ

1962 4900 2036 4955 cis
2075 4892 2319 4952 ostendit
2343 4931 2358 4957 ,
2396 4887 2546 4961 quod
2572 4888 2621 4943 si
2645 4890 2855 4944 scirent
2880 4885 3150 4939 bonorum
3181 4896 3307 4951 qua:
3333 4879 3401 4933 ad
3430 4892 3547 4933 cce.

260 4998 580 5067 γενήσεται.
615 4997 725 5050 Καὶ
754 4996 858 5067 ὅρα
886 5013 978 5068 μοι
1004 4995 1188 5061 πάλιν,
1227 4996 1393 5068 ὅτιτῇ
1416 4997 1524 5050 τῶν
1550 4972 1850 5070 προκειμέ-

1962 4991 2038 5046 los
2090 4984 2401 5058 perducunt
2456 4987 2740 5033 auctorem
2788 4991 2849 5031 se
2902 4981 2957 5030 et
3015 4972 3329 5042 largitorem
3376 4973 3553 5036 atque

264 5106 368 5143 νων
416 5088 628 5160 θεωρία
670 5088 806 5142 πολὺ
854 5089 920 5160 δὴ
962 5088 1188 5159 πρέπων
1235 5088 1382 5142 ἐστὶν
1425 5091 1453 5143 6
1487 5092 1856 5163 περὶτούτων

264 5181 441 5251 Λόγος.
489 5179 887 5245 Ἐνδοιάζοντός
938 5198 996 5234 τε
1031 5181 1140 5253 γὰρ
1187 5180 1267 5235 ἔτι
1311 5179 1407 5234 τοῦ
1439 5182 1707 5253 μαθητοῦ,
1763 5184 1860 5239 καὶ

263 5276 572 5343 φάσκοντος
593 5316 608 5341 ,
657 5295 675 5327 ι
710 5275 837 5340 Πῶς
865 5275 1087 5344 οἴδαμεν
1123 5275 1222 5346 τὴν
1253 5275 1402 5342 ὁδόν;
1436 5294 1454 5327 ι
1490 5275 1580 5330 διὰ
1611 5276 1859 5348 βραχέων

262 5366 488 5432 ἔδειξεν,
524 5368 601 5431 ὡς
630 5367 861 5440 ἐπείπερ
895 5367 1087 5421 εἰδεῖεν
1116 5367 1223 5420 τῶν
1261 5368 1344 5431 εἰς
1367 5366 1428 5420 τὸ
1470 5368 1582 5422 ἀνω
1608 5369 1855 5439 διακομί-

261 5460 378 5523 ζειν
424 5458 720 5512 ἐθελόντων
760 5458 982 5528 ἀγαθῶν
1023 5458 1196 5512 αἴτιόν
1243 5476 1301 5513 τε
1332 5459 1427 5513 καὶ
1461 5459 1717 5531 χορηγὸν,
1760 5462 1855 5515 καὶ

261 5550 536 5623 πρύτανιν
571 5550 837 5624 ὑπάρχειν
878 5551 1063 5616 αὑτὸν,
1100 5551 1314 5616 οὐδενὸς
1342 5553 1527 5615 αὐτοῖς
1568 5551 1648 5606 ἔτι
1672 5553 1853 5625 δεήσει

263 5643 399 5713 πρὸς
429 5643 491 5696 τὸ
519 5641 720 5697 εἰδέναι
743 5644 842 5715 τὴν
876 5644 1014 5699 ὁδόν.
1054 5644 1274 5717 Ἐπειδὴ
1308 5645 1364 5699 δὲ
1398 5644 1574 5716 τούτῳ
1613 5647 1850 5718 συνῆπτε

263 5737 339 5797 τὸ,
379 5755 397 5786 ι
441 5734 635 5798 Οὐδεὶς
685 5734 907 5806 ἔρχεται
960 5736 1096 5807 πρὸς
1147 5737 1239 5790 τὸν
1284 5737 1525 5807 Πατέρα,
1571 5738 1619 5790 εἰ
1669 5736 1742 5808 μὴ
1787 5737 1852 5791 δι’

263 5828 415 5897 ἐμοῦ,
456 5847 474 5880 ι
511 5829 644 5899 φέρε
672 5828 737 5898 δή
766 5845 818 5880 τι
867 5829 958 5883 καὶ
990 5830 1124 5898 πρὸς
1157 5830 1287 5885 αὐτὸ
1321 5830 1587 5901 λέγωμεν,
1619 5830 1726 5885 τῶν
1755 5832 1853 5901 ρη-

327 5922 370 5953 υ
392 5920 564 5977 chit.
591 5938 706 5990 XIX,
735 5922 789 5976 2.

1958 5080 2369 5138 distributorem
2401 5086 2525 5128 esse
2548 5110 2564 5135 ,
2599 5068 2874 5139 nihiljam
2906 5068 2990 5123 eis
3022 5063 3092 5119 ad
3129 5063 3233 5117 vim
3269 5058 3541 5130 cognitio-

1960 5190 2083 5231 nem
2120 5172 2355 5228 deesset.
2395 5165 2537 5233 Quia
2579 5179 2712 5220 vero
2756 5162 2886 5217 huic
2936 5156 3262 5228 subiunxit,
3314 5172 3333 5206 ι
3368 5151 3545 5208 Nemo

1959 5265 2111 5323 venit
2143 5263 2211 5318 ad
2245 5261 2466 5316 Patrem
2493 5297 2509 5322 ,
2561 5256 2671 5312 nisi
2722 5270 2819 5326 per
2867 5268 2992 5306 me:
3055 5267 3074 5298 ι
3121 5246 3353 5318 agedum
3387 5253 3442 5300 ct
3472 5245 3545 5299 ad

1961 5361 2097 5416 illud
2136 5372 2326 5414 corum
2375 5368 2498 5425 quae
2546 5352 2653 5407 dici
2697 5349 2899 5403 debent
2925 5341 3182 5414 quiddam
3213 5340 3541 5404 aﬁ'eramus,

1959 5452 2116 5524 prius
2156 5447 2498 5518 inquirentes
2534 5438 2812 5511 quomodo
2843 5436 2911 5490 ad
2951 5433 3167 5488 Patrem
3201 5433 3322 5503 quis
3352 5433 3538 5487 vadat.

1960 5546 2184 5601 Duobus
2207 5543 2374 5612 igitur
2406 5536 2584 5591 modis
2611 5533 2676 5586 ad
2707 5544 2831 5584 cum
2854 5526 3208 5599 pervenimus
3238 5545 3250 5582 :
3284 5528 3540 5582 autcnim

1960 5637 2140 5696 sancti
2186 5632 2366 5689 cliccti
2416 5631 2688 5697 quantum
2734 5619 2840 5676 fert
2884 5628 3097 5675 natura:
3140 5621 3391 5675 humana:
3424 5635 3541 5673 mc-

1961 5729 2229 5786 diocritas
2259 5764 2272 5788 ,
2320 5731 2581 5789 tanquam
2637 5721 2830 5770 salicto
2886 5714 2997 5769 lico
3043 5713 3537 5783 conglutinamur:

1971 5849 1986 5880 ι
2014 5820 2202 5882 Sancti
2239 5814 2385 5873 cnim
2420 5809 2597 5876 erilis,
2638 5807 2837 5878 inquit,
2873 5806 3000 5877 quia
3030 5821 3127 5875 ego
3151 5809 3375 5858 sanctus
3398 5800 3478 5863 επ
3514 5814 3538 5846 ι
