4076 6270
484 325 582 380 1’)!

1478 325 1518 382 S
1584 325 1856 384 CYRILLI
1893 326 2370 386 ALEXANDRINI
2406 325 2726 385 ARClllEP.

3652 325 3763 379 192

480 459 578 504 aut
622 448 690 504 ad
748 447 928 504 Patris
983 447 1354 518 cognitionem
1406 464 1530 519 quae
1569 448 1673 507 tide
1710 459 1766 508 et
1810 461 2061 508 contem-

2184 453 2425 524 θήσεσθαι
2475 449 2817 523 μελλόντων,
2872 447 3050 501 ἐκεῖνο
3095 443 3625 517 προερευνήσαντες,
3691 442 3769 495 τὸ

477 543 719 613 platione
764 540 926 611 769
964 547 1180 595 constat
1207 538 1478 606 vadimus,
1511 557 1635 612 qua:
1663 543 1812 599 velut
1845 545 1900 598 in
1933 560 2062 615 spe-

479 635 610 688 culo
637 629 722 688 est
744 642 797 685 et
823 631 1134 699 aenigmate,
1158 630 1303 685 sicut
1325 631 1598 702 scriptum
1626 641 1714 688 est
1733 635 1799 688 ⁶⁸.
1832 633 1938 688 Sed
1963 649 2064 690 nec

481 733 709 782 sanctus
736 723 858 792 quis
891 736 1131 791 unquam
1159 720 1371 786 fuerit,
1419 725 1527 780 nisi
1557 741 1682 780 eum
1718 741 1946 796 prorsus
1972 727 2066 782 de.

481 819 716 872 ducente
751 814 972 870 Christo
994 855 1009 879 ,
1053 830 1156 870 nec
1193 814 1299 884 ipsi
1333 814 1446 872 Deo
1480 833 1546 872 ac
1580 817 1726 874 Patri
1763 817 2066 889 conjunge-

478 919 590 973 tur,
617 907 722 962 nisi
754 905 1027 960 mediante
1050 905 1277 962 Christo
1307 927 1322 963 :
1355 909 1634 966 mediator
1657 910 1804 965 enim
1845 921 1930 966 est
1971 910 2065 966 Dei

478 1009 535 1054 et
568 999 853 1054 hominum
878 998 922 1030 “
956 1013 1054 1068 per
1084 1000 1331 1069 seipsunt
1358 1043 1373 1067 ,
1423 1009 1477 1055 et
1507 1000 1562 1055 in
1599 1001 1783 1073 seipso
1815 1002 2069 1057 humani-

480 1103 649 1148 tatem
685 1090 798 1146 Deo
825 1091 1190 1162 conjungens.
1220 1089 1289 1147 Ut
1317 1093 1463 1147 enim
1497 1093 1679 1150 editus
1702 1109 1770 1149 ex
1809 1095 2068 1150 substan-

481 1184 556 1238 tia
590 1182 683 1238 Dei
719 1197 783 1237 ac
809 1181 1014 1246 Patris,
1050 1192 1323 1252 quatenus
1354 1181 1594 1238 Verbum
1625 1193 1712 1238 est
1735 1221 1751 1246 ,
1783 1197 1848 1237 ac
1885 1183 2070 1253 splen-

481 1276 584 1330 dor
611 1317 625 1341 ,
657 1283 713 1330 et
761 1277 1048 1330 character
1084 1275 1151 1342 ⁸⁷,
1187 1289 1358 1328 unum
1399 1281 1485 1331 est
1529 1290 1656 1329 cum
1708 1273 1871 1329 Patre
1923 1282 2070 1329 totus

483 1368 760 1424 exsistens
791 1368 846 1421 in
874 1367 1055 1437 seipso
1083 1409 1098 1434 ,
1138 1374 1194 1422 et
1222 1367 1400 1435 ipsum
1432 1366 1644 1422 habens
1683 1367 1740 1420 in
1767 1366 1952 1436 seipse
1974 1368 2020 1399 ⁸⁸
2054 1384 2067 1421 :

483 1463 762 1527 quatenus
822 1463 1006 1510 autem
1061 1455 1242 1510 factus
1290 1464 1376 1510 est
1428 1455 1594 1510 homo
1644 1455 1809 1510 sicuti
1872 1470 1975 1511 nos
2002 1455 2070 1523 ⁸⁸,

483 1564 676 1604 exsors
726 1555 910 1604 tamen
953 1548 1161 1618 peccati
1211 1547 1534 1603 hominibus
1571 1547 1934 1618 conjungitur
1961 1590 1976 1615 ,
2019 1554 2073 1602 et

485 1639 902 1695 interliminium
947 1639 1120 1693 veluti
1167 1637 1447 1708 quoddam
1499 1635 1702 1692 factum
1753 1647 1868 1703 est,
1897 1637 2073 1691 conti-

483 1747 624 1787 nens
657 1732 715 1785 in
749 1731 933 1800 seipso
963 1745 1086 1800 quae
1125 1730 1194 1783 ad
1222 1730 1488 1784 unitatem
1525 1737 1580 1783 et
1612 1728 1909 1784 amicitiam
1939 1744 2069 1784 con-

2168 546 2285 610 πῶς
2313 544 2378 599 ἄν
2408 561 2492 607 τις
2527 544 2597 596 τοι
2631 541 2768 613 πρὸς
2809 539 2901 594 τὸν
2932 537 3173 608 Πατέρα.
3227 534 3532 607 Ἐρχόμεθα
3576 535 3768 590 τοίνυν

2167 637 2308 691 κατὰ
2341 636 2436 690 δύο
2481 633 2735 706 τρόπους,⁹
2764 631 2797 702 ἢ
2827 631 2934 702 γὰρ
2987 630 3132 699 ἀγιοι
3179 627 3464 698 γεγονότες
3499 627 3644 681 κατά
3691 644 3767 696 γε

2166 731 2227 784 τὸ
2249 730 2457 802 πρέπον
2483 730 2550 799 τῇ
2572 728 2668 782 ἀνθ
2679 725 2951 800 ρωπότητι
2979 724 3199 797 μέτρον,
3224 724 3299 786 ὡς
3324 721 3463 792 ἀγίῳ
3486 720 3606 792 Θεῷ
3628 721 3762 774 κολ-

2166 819 2407 891 λώμεθα·
2439 837 2458 872 ‹
2503 818 2684 887 ’Ἅγιοι
2707 817 2817 886 γάρ
2837 814 3048 881 ἔσεσθε,
3077 813 3266 884 φησὶν,
3296 814 3379 866 ὄτι
3402 812 3516 881 ἐγὼ
3538 812 3713 881 ὄιγιος⁸
3732 831 3755 862 ι

2166 913 2335 984 ἤγουν
2362 912 2454 965 ἐπὶ
2493 909 2593 980 τὴν
2623 907 2718 962 τοῦ
2745 907 2958 980 Πατρὸς
2990 905 3194 975 γνῶσιν
3225 904 3324 975 τὴν
3348 905 3426 968 ὡς
3478 906 3536 957 ὲν
3576 905 3765 958 πίστει

2168 1003 2264 1058 καὶ
2304 1002 2508 1074 θεωρίᾳ
2535 1001 2844 1073 βαδίζομεν,
2879 1001 2946 1070 τῇ
2982 997 3058 1062 ὡς
3082 1000 3140 1052 tv
3179 997 3430 1069 ἐσόπτρῳ
3464 997 3559 1050 καὶ
3587 996 3768 1064 αἰνίγ-

2174 1113 2325 1167 ματι,
2363 1094 2508 1148 καθὰ
2531 1094 2861 1166 γέγραπται.
2915 1092 3056 1145 Ἀλλ’
3088 1091 3188 1145 οὐκ
3231 1093 3296 1146 ἄν
3342 1107 3427 1155 τις
3477 1090 3632 1160 ἆγιος
3672 1090 3764 1162 είη

2172 1186 2324 1251 ποτὲ,
2371 1187 2466 1240 καὶ
2503 1185 2592 1239 διὰ
2623 1185 2896 1248 πολιτείας
2928 1183 3048 1256 ἥξει
3093 1183 3198 1253 τῆς
3237 1183 3359 1236 κατ’
3407 1183 3632 1255 ἀρετὴν,
3685 1184 3763 1253 μὴ

2170 1278 2291 1348 οὐχὶ
2322 1276 2682 1346 ποδηγοῦντος
2705 1273 2868 1328 αὐτὸν
2897 1274 2977 1338 είς
3003 1271 3219 1326 ἅπαντα
3240 1273 3334 1326 τοῦ
3360 1271 3622 1343 Χριστοῦ,
3651 1267 3769 1324 οὐδ’
3819 1337 3839 1352 ⁸

2175 1368 2241 1422 ἂν
2280 1366 2430 1437 αὐτῷ
2465 1367 2789 1420 συνάπτοιτο
2816 1364 2895 1436 τῷ
2949 1362 3069 1434 Θεῷ
3124 1364 3219 1417 καὶ
3270 1363 3472 1434 Πατρὶ,
3521 1364 3597 1433 μὴ
3640 1362 3768 1432 οὐχὶ

2175 1459 2394 1522 πάντως
2419 1456 2794 1528 μεσιτεύοντος
2823 1455 2916 1508 τοῦ
2943 1454 3204 1525 Χριστοῦο
3236 1454 3467 1524 μεσίτης
3500 1453 3612 1524 γάρ
3643 1454 3764 1505 ἐστι

2173 1553 2309 1607 Θεοῦ
2351 1553 2446 1607 καὶ
2485 1548 2808 1620 ἀνθρώπων,
2838 1548 2907 1602 δι’
2951 1545 3169 1611 ἑαυτοῦ,
3201 1545 3296 1599 καὶ
3337 1547 3395 1598 tv
3435 1542 3585 1614 αὑτῷ
3643 1559 3766 1596 συν⁶

2174 1647 2363 1701 άπτων
2396 1644 2494 1716 τὴν
2538 1627 2938 1715 ἀνθρωπότητα
2970 1639 3048 1710 τῷ
3077 1637 3216 1709 Θεῷ.
3280 1637 3368 1700 Ὠς
3397 1637 3491 1706 μὲν
3521 1634 3631 1706 γὰρ
3671 1637 3766 1688 ὲκ-

2177 1737 2438 1809 πεφυκὼς
2467 1737 2567 1807 τῆς
2603 1735 2793 1798 οὐσίας
2823 1732 2917 1786 τοῦ
2951 1731 3085 1786 Θεοῦ
3120 1731 3216 1784 καὶ
3249 1727 3488 1800 Πατρὺς,
3592 1725 3766 1796 Λόγος

485 1831 740 1878 currunt.
779 1821 952 1875 Nemo
987 1822 1155 1892 igitur
1202 1821 1271 1876 ad
1317 1821 1533 1876 Patrem
1567 1821 1787 1888 veniet,
1843 1820 1949 1875 hoc
1989 1829 2073 1876 est

2184 1830 2314 1895 tari,
2348 1829 2444 1883 καὶ
2481 1826 2846 1896 ἀπαύγασμα,
2893 1823 2990 1876 καὶ
3035 1821 3343 1893 χαρακτὴρ,
3383 1819 3442 1873 ἓν
3470 1819 3588 1871 ἐστι
3626 1817 3768 1888 πρὸς

485 1915 684 1970 divinae
710 1928 946 1970 consors
979 1913 1071 1968 [iet
1099 1922 1314 1968 naturae
1337 1914 1405 1981 ⁷ο,
1442 1913 1548 1968 nisi
1577 1928 1676 1982 per
1701 1911 1880 1968 solum
1912 1909 2075 1966 Chri-

484 2015 654 2062 stum.
684 2005 802 2062 Nisi
831 2008 978 2062 enim
1018 2005 1197 2062 factus
1232 2006 1399 2061 homo
1430 2005 1788 2062 mediatorem
1829 2019 1890 2060 se
1928 2018 2068 2074 prae.

486 2099 722 2165 buisset,
757 2115 1040 2169 nunquam
1071 2115 1136 2154 eo
1171 2098 1453 2153 felicitatis
1507 2097 1751 2169 provecti
1785 2109 2036 2152 essemus
2057 2137 2074 2163 ,

488 2193 586 2248 sed
627 2202 680 2247 et
716 2193 762 2248 si
801 2193 927 2262 quis
977 2192 1046 2246 ad
1105 2191 1323 2246 Patrem
1349 2234 1364 2258 ,
1407 2205 1508 2261 per
1557 2188 2077 2259 contemplationem

491 2285 612 2340 ﬁdei
647 2283 944 2350 videlicet,
988 2294 1044 2338 et
1081 2283 1226 2352 piam
1267 2283 1639 2353 cognitionem
1681 2281 1934 2348 venerit,
1981 2295 2079 2350 per

489 2373 670 2440 ipsum
699 2372 892 2426 itidem
911 2374 1258 2427 Servatorem
1287 2381 1540 2428 nostrum
1567 2372 1847 2427 Christum
1873 2373 2078 2426 veniet.

491 2464 650 2530 Quod
679 2463 825 2517 enim
862 2464 1025 2517 modo
1069 2464 1319 2518 dicebam
1349 2506 1365 2530 ,
1417 2471 1666 2532 repetam
1701 2464 1882 2518 denuo
1908 2503 1922 2527 ,
1952 2476 2079 2516 cum

492 2556 603 2608 alia
652 2569 763 2609 non
801 2555 872 2610 sit
914 2554 1340 2624 philosophandi
1372 2555 1534 2608 ratio.
1573 2553 1632 2607 Si
1661 2555 1788 2622 quis
1819 2554 1964 2608 enim
1994 2551 2083 2606 Fi-

2171 1922 2264 1977 τὸν
2291 1920 2536 1991 Πατέρα,
2569 1919 2692 1982 ὅλος
2729 1916 2807 1971 ὢν
2839 1917 2897 1969 tv
2925 1913 3126 1984 ἑαυτῷ,
3156 1912 3252 1967 καὶ
3306 1911 3445 1982 ἔχων
3493 1909 3660 1963 αὐτὸν
3707 1909 3770 1963 ἐν

2173 2012 2371 2084 ἑαυτῷ·
2477 2012 2535 2064 δὲ
2571 2009 2797 2079 γέγονεν
2825 2005 3112 2076 ἄνθρωπος
3156 2001 3280 2056 καθ’
3307 2003 3476 2074 ἡμᾶς,
3512 1999 3639 2071 δίχα
3668 1998 3771 2070 τῆς

2172 2105 2330 2177 ἡμῶν
2363 2103 2638 2175 ἁμαρτίας
2687 2100 3019 2156 συνάπτεται
3071 2099 3184 2160 τοῖς
3228 2095 3322 2149 ἐπὶ
3380 2093 3484 2164 τῆς
3509 2094 3635 2164 γῆς,
3669 2091 3769 2146 καὶ

2179 2192 2427 2264 μεθόριον
2461 2192 2650 2264 ὥσπερ
2666 2209 2718 2244 τι
2749 2189 2962 2260 γέγονε,
2991 2186 3230 2258 συνέχων
3253 2186 3311 2239 ὲν
3340 2183 3516 2255 ἑαυτῷ
3542 2182 3612 2237 τά
3633 2181 3773 2254 πρὸς

2178 2285 2404 2356 ἑνότητα
2469 2284 2566 2338 καὶ
2613 2282 2797 2353 φιλίαν
2860 2280 3359 2352 συνδεδραμηκότα.
3429 2275 3621 2338 Οὐδεὶς
3673 2269 3772 2328 οὖν

2176 2377 2296 2446 ἥξει
2327 2376 2462 2447 πρὸς
2483 2375 2574 2428 τὸν
2607 2373 2848 2448 Πατέρα,
2875 2372 3019 2425 τοῦτ’
3045 2372 3183 2439 ἐστι,
3210 2369 3364 2434 θείας
3384 2364 3774 2436 ἀναδειχθήσε-

2176 2486 2264 2522 ται
2299 2468 2513 2536 φύσεως
2559 2467 2833 2530 κοινωνὸς,
2865 2467 2914 2518 εἰ
2962 2465 3036 2536 μὴ
3085 2465 3174 2518 διὰ
3201 2461 3440 2536 Χριστοῦ
3482 2459 3665 2532 μόνου.
3707 2457 3776 2511 Et

2183 2558 2258 2629 μὴ
2297 2557 2405 2627 γὰρ
2434 2557 2756 2627 ἐμεσίτευσε
2793 2557 3087 2627 γενόμενος
3117 2555 3424 2626 ἄνθρωπος,
3464 2553 3565 2606 οὐκ
3597 2550 3664 2605 ἂν
3691 2551 3777 2614 είς

491 2644 629 2698 lium
661 2649 720 2697 ut
747 2658 872 2697 vere
898 2641 1100 2696 Filium
1127 2643 1380 2711 suscipit,
1416 2642 1464 2698 is
1497 2643 1564 2697 ad
1595 2642 1960 2714 cognitionem
1985 2641 2079 2696 Dei

2184 2649 2340 2702 τοῦτο
2377 2649 2781 2719 μακαριότητος
2812 2647 3029 2719 προῦϐη
3065 2647 3135 2700 τὰ
3165 2647 3288 2700 καθ’
3310 2648 3480 2716 ἡμᾶς,
3503 2643 3642 2698 ἀλλὰ
3679 2642 3777 2696 καὶ

493 2751 557 2790 ac
583 2733 764 2790 Patris
794 2733 1070 2790 ascendit.
1105 2732 1216 2790 Nec
1242 2735 1389 2790 enim
1418 2734 1692 2790 exsistere
1725 2733 1895 2789 Filius
1916 2734 2078 2789 intel—

2186 2739 2344 2804 εἴτις
2369 2737 2436 2793 ῖοι
2466 2738 2602 2810 πρὸς
2626 2738 2717 2792 τὸν
2748 2739 2969 2810 Πατέρα
2992 2738 3080 2792 διά
3111 2737 3364 2809 θεωρίας,
3384 2736 3482 2806 τῆς
3510 2737 3568 2788 tv
3594 2733 3780 2787 πίστει

492 2826 716 2896 ligitur,
747 2826 854 2880 nisi
890 2825 1120 2880 omnino
1145 2827 1308 2880 simul
1344 2826 1690 2898 intelligatur
1718 2825 1767 2881 is
1801 2841 1832 2880 a
1861 2841 1971 2896 quo
1999 2832 2079 2881 est

2188 2832 2354 2904 φημὶ,
2384 2831 2477 2885 καὶ
2498 2830 2700 2900 γνώσει
2737 2834 2804 2903 τῇ
2828 2831 2948 2886 κατ’
2975 2829 3280 2894 εὐσέϐειαν,
3311 2828 3378 2882 δι’
3410 2825 3574 2881 αὐτοῦ
3613 2824 3781 2879 πάλιν

492 2916 734 2986 genitus.
765 2913 1024 2984 Cognitio
1057 2915 1330 2982 siquidem
1361 2914 1487 2971 Filii
1520 2932 1645 2971 cum
1675 2914 1856 2972 Patris
1896 2916 2079 2986 cogni-

2187 2924 2307 2994 ἦξει
2343 2923 2436 2977 τοῦ
2476 2923 2726 2994 Σωτῆρος
2772 2923 2932 2996 ἡμῶν
2962 2921 3224 2995 Χριστοῦ.
3260 2923 3438 2992 Ὅπερ
3492 2918 3604 2989 γὰρ
3641 2916 3782 2987 ἔφην

497 3009 648 3062 tione
669 3007 972 3070 concurrit,
1010 3005 1187 3064 Patris
1205 3024 1333 3063 vero
1355 3010 1594 3079 cognitio
1612 3024 1736 3064 cum
1774 3009 2079 3081 cognitione

2188 3015 2410 3087 ἀρτίως,
2446 3015 2556 3086 ἐρῶ
2580 3015 2644 3086 δὴ
2673 3016 2854 3085 πάλιν,
2881 3015 2980 3086 οὐχ
3009 3014 3212 3084 ἑτέρως
3240 3012 3454 3084 ἔχοντος
3490 3009 3584 3064 τοῦ
3619 3009 3780 3077 λόγου

497 3097 644 3153 Filii.
707 3100 982 3166 Quocirca
1018 3114 1145 3155 vere
1202 3101 1449 3170 loquitur
1479 3101 1765 3170 Dominus,
1817 3118 1941 3158 cum
1967 3103 2079 3156 ait:

2189 3104 2368 3180 οἷμον.
2405 3107 2848 3179 Προσδεξὰμενος
2869 3110 2978 3180 γάρ
3004 3125 3088 3172 τις
3121 3107 3213 3160 τὸν
3241 3106 3370 3159 Υίὺν
3390 3105 3470 3167 είς
3504 3102 3634 3156 Υίὺν
3653 3103 3784 3173 αλη-

503 3189 703 3246 «Νοωο
724 3193 872 3246 venit
891 3191 956 3246 ad
976 3191 1210 3255 Patrem,
1233 3192 1336 3248 nisi
1362 3208 1456 3264 per
1488 3208 1628 3256 me,»
1665 3193 1792 3264 quia
1821 3195 2079 3251 naturalia

2199 3200 2328 3265 θῶς,
2366 3200 2461 3252 ἐπὶ
2482 3200 2583 3270 τὴν
2621 3199 2716 3254 τοῦ
2743 3199 2880 3254 Θεοῦ
2906 3201 3003 3254 καὶ
3027 3199 3240 3272 Πατρὸς
3273 3197 3527 3267 ἀφίξεται
3554 3194 3781 3265 γνῶσιν.

496 3298 550 3339 et
577 3285 960 3340 substantialis
987 3284 1166 3354 imago
1193 3282 1286 3338 Dei
1303 3299 1368 3338 ac
1385 3284 1569 3339 Patris
1587 3295 1670 3341 est
1697 3285 1949 3354 Filius“,
1974 3303 2079 3343 non

2184 3293 2321 3347 Οὐδὲ
2368 3292 2478 3364 γὰρ
2517 3293 2644 3357 Υἱὸς
2687 3293 2955 3364 ὑπάρχειν
2999 3294 3192 3355 νοοῖτο,
3252 3291 3327 3363 μὴ
3393 3289 3515 3360 οὐχὶ
3561 3287 3786 3352 πάντως

500 3384 681 3431 autem
707 3385 764 3430 ut
797 3377 973 3430 visum
993 3382 1076 3430 est
1095 3375 1376 3434 nonnullis
1401 3376 1660 3432 ascititiis
1677 3377 2079 3447 dignationibus

2186 3385 2653 3457 συνεισδεχθέντος
2680 3387 2830 3458 αὑτῷ
2861 3389 2955 3441 τοῦ
2976 3387 3231 3450 τεκόντος
3247 3385 3429 3440 αὐτόν.
3463 3381 3788 3452 Συνειοτρέ-

502 3467 884 3523 conformatus
927 3475 1014 3522 est
1060 3466 1129 3521 ad
1176 3483 1301 3521 eum
1331 3511 1346 3534 ,
1397 3483 1522 3523 cum
1558 3469 1762 3540 aliquid
1810 3471 1959 3525 aliud
2017 3471 2079 3527 ah

2185 3494 2268 3547 χει
2317 3478 2427 3549 γὰρ
2466 3478 2580 3549 Υἱῷ
2629 3478 2727 3549 μὲν
2755 3480 2788 3548 ἡ
2821 3480 2952 3549 περὶ
2992 3478 3208 3548 Πατρὸς
3258 3477 3486 3546 γνῶσις,
3519 3475 3696 3546 Πατρὶ
3725 3472 3786 3526 δὲ

499 3576 567 3616 eo
594 3562 896 3617 secundum
926 3560 1293 3616 substantiam
1321 3561 1665 3631 intelligatur
1701 3569 1756 3616 et
1788 3563 1880 3617 sit.

2187 3561 2255 3620 αὖ
2292 3567 2456 3621 πάλιν
2489 3569 2523 3636 ἡ
2551 3568 2682 3638 περὶ
2729 3567 2887 3622 Υἱοῦ.
2929 3566 3140 3621 Οὐκοῦν
3179 3565 3388 3636 ἀληθὴς
3411 3566 3440 3618 ό
3466 3563 3670 3634 Κύριος
3697 3561 3788 3614 λέ-

502 3669 634 3722 γων·
683 3671 702 3702 ι
742 3652 933 3717 Οὐδεὶς
975 3651 1194 3724 ἔρχεται
1234 3651 1373 3720 πρὸς
1422 3651 1514 3706 τὸν
1556 3652 1797 3724 Πατέρα,
1855 3653 1904 3705 εί
1947 3652 2023 3722 μὴ
2073 3653 2139 3707 δι’
2177 3656 2333 3726 ἐμοῦ,
2378 3677 2396 3707 ι
2439 3657 2522 3711 ὅτι
2553 3659 2758 3730 φυσικὴ
2817 3659 2911 3711 καί¹
2954 3656 3218 3727 οὐσιώδης
3281 3655 3445 3709 εἰκὼν
3509 3652 3606 3706 τοῦ
3643 3650 3781 3704 Θεοῦ

502 3742 598 3794 καὶ
643 3742 858 3811 Πατρός
915 3743 1061 3794 ἐστιν
1108 3743 1135 3794 ό
1187 3741 1348 3805 Υἱὸς,
1399 3741 1495 3796 καὶ
1549 3741 1608 3793 οὐ
1654 3742 1906 3812 καθάπερ
1955 3742 2103 3810 ἔδοξέ
2138 3762 2299 3812 τισιν,
2349 3749 2608 3812 ἐπακτοῖς
2659 3748 2935 3821 ἀξιώμασι
2980 3749 3340 3820 μεμόρφωται
3388 3746 3526 3818 πρὸς
3591 3740 3777 3797 αὐτὸν,

503 3830 691 3902 ἕτερόν
727 3848 778 3883 τι
824 3830 945 3884 κατ’
1012 3831 1199 3884 οὐσίαν
1241 3831 1524 3902 ὑπάρχων,
1577 3831 1673 3884 καὶ
1727 3832 2038 3903 νοούμενος.

578 3922 721 3977 XIV.
763 3925 816 3978 7.
859 3923 920 3979 Si
968 3927 1352 3994 cognovissetis
1389 3943 1470 3980 me
1500 3969 1516 3992 ,
1552 3936 1602 3980 et
1651 3926 1872 3982 Patrem
1917 3944 2092 3982 meum

505 4017 686 4086 utique
719 4016 1117 4087 cognovissetis.

582 4107 940 4163 Existimabit
980 4108 1169 4164 forsan
1211 4109 1415 4179 aliquis
1458 4109 1638 4180 ipsum
1677 4119 1870 4165 contra
1904 4126 1965 4168 se
1998 4111 2094 4167 Fi-

512 4202 644 4255 lium
675 4199 971 4254 disserere.
1017 4199 1127 4254 Sed
1167 4215 1279 4254 non
1319 4201 1394 4254 ita
1431 4216 1520 4255 res
1559 4209 1662 4256 est.
1687 4199 1799 4256 Nec
1827 4203 1972 4257 enim
2003 4219 2101 4258 va-

508 4309 638 4348 num
695 4291 902 4362 aliquid
943 4300 1040 4345 aut
1078 4306 1550 4360 supervacaneum
1591 4308 1835 4362 unquam
1892 4301 2088 4364 protu-

2259 3931 2328 3983 Εί
2349 3930 2662 4001 ἐγνώκειτέ
2678 3949 2776 4002 με,
2799 3929 2900 3987 καὶ
2916 3929 3024 3985 τὸν
3037 3930 3270 3999 Πατέρα
3294 3947 3414 3999 μου
3460 3929 3539 3983 ἂν
3563 3929 3785 3999 ᾔδειτε.

2267 4109 2438 4165 Αὑτὸν
2493 4111 2560 4184 δὴ
2593 4111 2716 4167 καθ’
2757 4111 2953 4166 ἑαυτοῦ
2990 4111 3124 4182 φαίη
3157 4127 3242 4173 τις
3273 4109 3340 4163 ἂν
3375 4107 3518 4172 ἱ’σῑωξ
3553 4109 3648 4162 καὶ
3673 4109 3789 4181 οἰη-

2199 4200 2318 4272 θείη
2347 4203 2506 4274 τυχὸν
2535 4202 2878 4273 διαλέγεσθαι
2930 4203 3020 4256 τὸν
3046 4201 3197 4255 Υίόν.
3225 4201 3378 4270 Ἔχει
3402 4199 3458 4252 δὲ
3476 4198 3574 4270 οὐχ
3593 4198 3788 4263 οὕτως.

2205 4293 2281 4346 Οὐ
2327 4295 2436 4364 γὰρ
2487 4295 2552 4350 ἄν
2603 4313 2655 4348 τι
2699 4294 2809 4349 τῶν
2863 4295 3084 4348 είκαίων
3133 4293 3431 4363 ἐφθέγξατο
3470 4292 3567 4346 καὶ
3603 4309 3794 4363 περιτ-

508 4386 666 4446 .erit,
706 4383 931 4438 tametsi
969 4399 1036 4440 ex
1075 4397 1140 4438 eo
1176 4382 1322 4453 quod
1371 4398 1482 4437 non
1532 4382 1826 4438 admodum
1876 4387 2079 4456 possinl

2203 4386 2332 4452 τῶν,
2365 4389 2414 4440 εἰ
2445 4389 2539 4441 καὶ
2574 4389 2656 4442 ὅτι
2705 4388 2940 4457 μάλιστα
2977 4387 3066 4441 διὰ
3090 4387 3150 4440 τὸ
3187 4386 3262 4457 μὴ
3297 4387 3504 4457 σφόδρα
3527 4384 3791 4439 δύνασθαί

508 4475 759 4530 nonnulli
796 4491 920 4545 qute
957 4476 1220 4530 dicuntur
1263 4475 1486 4546 assequi
1513 4515 1530 4541 ,
1569 4477 1869 4535 utilissime
1909 4495 2090 4551 quan-

507 4569 688 4637 doque
728 4567 949 4637 repetit.
993 4567 1060 4621 Et
1101 4567 1324 4638 quidem
1363 4584 1473 4622 non
1516 4583 1712 4638 parum
1750 4587 1850 4629 nos
1883 4573 1974 4629 hic
2001 4575 2094 4644 ju-

505 4665 635 4724 vat,
673 4658 802 4713 dum
838 4659 952 4714 haec
988 4659 1268 4730 prioribus
1303 4660 1575 4731 adjungit.
1617 4659 1754 4716 Nam
1787 4666 1917 4734 quia
1947 4664 2094 4720 Tho-

506 4763 627 4806 mas
689 4750 1089 4805 sciscitabatur
1151 4765 1395 4820 quonam
1447 4752 1705 4810 abiturus
1751 4763 1936 4821 esset,
1998 4767 2095 4812 aut

505 4843 788 4912 quomodo
827 4843 1106 4914 cognituri
1139 4850 1328 4899 essent
1365 4844 1547 4912 viam,
1590 4845 1914 4918 ignorantes
1953 4864 2094 4920 quo—

508 4948 635 4987 nam
695 4944 844 5007 esset
893 4936 1182 5002 abiturus,
1236 4938 1557 4994 necessario
1603 4939 1893 5010 subjecit:
1931 4961 1951 4995 ‹
1982 4942 2098 5014 Ego

509 5041 631 5080 sum
673 5026 764 5081 via
787 5067 802 5090 ,
843 5033 899 5082 et
931 5029 1080 5092 vita,
1126 5038 1180 5083 et
1215 5030 1442 5086 veritas.
1477 5050 1497 5084 ι
1530 5031 1634 5088 Et:
1669 5051 1690 5085 ‹
1731 5033 1906 5092 Nemo
1944 5037 2098 5092 venit

510 5116 578 5170 ad
616 5116 865 5181 Patrem,
903 5118 1067 5188 77o
1097 5120 1204 5175 nisi
1245 5135 1341 5191 per
1377 5137 1504 5190 me;
1533 5143 1551 5175 ι
1580 5123 1714 5180 hinc
1753 5127 2089 5194 ostendens,

509 5205 558 5259 si
592 5206 720 5275 quis
756 5206 887 5261 velit
924 5222 1092 5263 nosse
1117 5208 1260 5262 viam
1303 5225 1398 5279 per
1436 5228 1605 5283 quam
1657 5225 1746 5270 eat
1799 5215 1868 5270 ad
1917 5216 2090 5271 vitam

512 5302 777 5348 aeternam
799 5333 814 5358 ,
842 5295 1052 5352 Christi
1078 5300 1454 5370 cognitionem
1501 5304 1551 5358 ei
1582 5305 1909 5375 cumprimis
1939 5307 2093 5362 cordi

513 5400 638 5440 esse
685 5385 911 5442 debere.
962 5388 1069 5444 Sed
1116 5391 1247 5461 quia
1299 5397 1555 5450 nonnulli
1585 5395 1874 5454 Iudaicum
1911 5400 2099 5470 potius

515 5490 686 5545 quam
716 5479 1100 5550 evangelicum
1142 5495 1439 5554 sequentes
1487 5487 1804 5544 institutum
1835 5490 1939 5546 sibi
1977 5505 2101 5560 per-

519 5569 742 5622 suasuri
778 5579 937 5624 erant
961 5571 1210 5629 sufﬁcere
1239 5576 1306 5630 ad
1341 5585 1554 5633 rectam
1580 5578 1741 5634 ﬁdem
1771 5595 1943 5634 unum
1974 5579 2101 5634 uni-

521 5769 559 5817 I,
599 5755 649 5810 4.
730 5758 768 5788 ⁷¹
809 5756 850 5812 ll
886 5759 1008 5815 Cor.
1047 5777 1118 5827 tv,
1158 5763 1198 5817 ί.

590 5683 676 5762 °_'|
711 5684 968 5762 Cogit!"
994 5727 1007 5748 .
1049 5691 1135 5745 12.
1216 5693 1259 5724 ⁸⁸
1295 5694 1333 5748 11
1366 5695 1508 5752 Tim.
1546 5712 1583 5751 ll
1608 5736 1624 5762 ,
1662 5695 1713 5750 5.
1771 5696 1814 5728 ⁶⁷
1857 5694 2020 5752 llcbr.
2061 5712 2073 5750 ι

2184 5736 2192 5751 .
2273 5697 2316 5727 ⁶⁸
2344 5693 2500 5749 Joan.
2547 5709 2655 5761 xlv,
2696 5693 2782 5748 ll.
2857 5694 2898 5724 δί’
2927 5690 3160 5760 Philipp.
3188 5705 3266 5754 ιι,
3301 5689 3350 5743 7.

2204 4497 2353 4543 τινας
2407 4482 2521 4544 τοῖς
2563 4480 2879 4550 λεγομένοις
2949 4478 3286 4541 ἀκολουθεῖν,
3354 4478 3788 4548 χρησιμωτάτην

2200 4570 2312 4623 ἔσθ’
2343 4571 2431 4623 ὅτε
2489 4571 2721 4622 ποιεῖται
2781 4567 2878 4639 τὴν
2934 4567 3296 4638 ὲπανάληψιν.
3340 4568 3486 4638 Πλὴν
3519 4566 3576 4620 ἔν
3605 4583 3670 4635 γε
3709 4565 3790 4635 τῷ

2200 4661 2429 4733 πάροντι
2459 4659 2593 4713 πολὺ
2623 4659 2689 4728 δὴ
2714 4659 2833 4712 λίαν
2849 4658 3086 4729 ὀνίνησιν
3114 4659 3283 4729 ἡμᾶς,
3305 4657 3466 4710 ταυτὶ
3491 4659 3605 4720 τοῖς
3645 4654 3789 4726 πρώ-

2199 4771 2314 4816 τοις
2340 4749 2742 4823 προσενεγκὼν.
2785 4750 3002 4820 Ἐπειδὴ
3050 4749 3158 4819 γὰρ
3193 4749 3582 4802 διεπυνθάνετο
3611 4749 3639 4800 ὁ
3669 4747 3791 4800 Θω-

2205 4847 2331 4915 μᾶς,
2374 4841 2483 4898 Ποῦ
2530 4843 2641 4914 γὰρ
2679 4841 2978 4913 ἀπελεύσῃ,
3045 4839 3243 4908 λέγων,
3300 4841 3333 4911 ἢ
3380 4841 3502 4904 πῶς
3534 4840 3600 4894 ἂν
3627 4839 3792 4909 ἡμεῖς

2201 4933 2478 5005 εἰδείημεν
2511 4933 2610 5005 τὴν
2642 4932 2782 4998 ὁδὸν,
2815 4931 2877 4983 τδ
2895 4931 3017 4983 ὅποι
3047 4929 3177 4982 ποτὲ
3207 4929 3364 5002 βαδιῇ
3398 4931 3473 5002 μὴ
3503 4927 3796 4999 γινώσκον-

2200 5044 2314 5091 τες,
2347 5025 2663 5094 ἀναγκαίως
2716 5023 2956 5092 ἔφασκεν
2982 5037 2995 5052 ο
3036 5039 3056 5073 ι
3097 5020 3239 5088 Ἐγώ
3293 5023 3409 5092 εἰμι
3449 5022 3482 5092 ἡ
3515 5021 3654 5085 ὁδὸς,
3697 5019 3795 5074 καὶ

2203 5120 2237 5190 ἡ
2263 5103 2396 5188 ζωὴ,
2450 5117 2546 5171 καὶ
2603 5117 2637 5186 ἡ
2684 5113 2933 5185 ἀλήθεια,
2966 5131 2984 5164 ι
3040 5114 3137 5168 καὶ
3175 5114 3256 5167 ὃτι
3294 5132 3313 5165 ι
3351 5114 3540 5177 Οὐδεὶς
3569 5112 3792 5184 ἔρχεται

2196 5210 2333 5282 πρὸς
2363 5209 2454 5264 τὸν
2486 5208 2727 5279 Πατέρα,
2746 5208 2795 5260 εί
2823 5206 2897 5278 μὴ
2929 5205 2994 5258 δι’
3015 5204 3172 5276 ἐμοῦσ
3200 5224 3217 5256 ι
3263 5204 3479 5267 δεικνὺς
3499 5200 3790 5268 ἐντεῦθεν,

2198 5303 2276 5367 ὼς
2310 5303 2468 5372 είπερ
2499 5319 2583 5365 τις
2609 5299 2852 5371 βούλοιτο
2878 5299 2978 5372 τὴν
3022 5299 3140 5352 ὁδὸν
3185 5297 3410 5359 εἰδέναι,
3442 5297 3508 5349 δι’
3537 5290 3606 5367 ἧς
3641 5295 3708 5349 ἂν
3738 5297 3796 5367 τῃ

2202 5393 2340 5465 πρὸς
2372 5393 2515 5464 ζωὴν
2542 5393 2638 5463 τὴν
2668 5390 2906 5458 αἰώνιον,
2958 5391 3324 5461 φιλονεικήσει
3365 5389 3429 5460 δὴ
3463 5388 3684 5452 πάντως
3717 5391 3798 5441 εί-

2206 5486 2354 5540 δέναι
2392 5485 2644 5556 Χριστόν.
2679 5485 2900 5555 Ἐπειδὴ
2925 5484 2982 5536 δὲ
3024 5479 3091 5554 ἦν
3124 5498 3276 5544 τινας
3302 5480 3452 5544 είκδς
3496 5480 3798 5550 Ἰουδαῖκήν

2207 5595 2331 5633 τινα
2363 5577 2586 5649 μᾶλλον,
2609 5578 2778 5647 ἤγουν
2808 5573 3170 5645 εὐαγγελικὴν
3198 5571 3620 5644 ἐπιτηδεύοντας
3666 5570 3798 5625 παί-

3456 5687 3501 5719 "
3557 5684 3600 5742 ll
3642 5685 3792 5743 Petr.
