4076 6270
285 399 390 454 195

1371 393 1433 450 ΙΝ
1458 391 1746 453 JUANNIS
1770 391 2217 451 EVANGELIUM
2255 395 2384 453 Llli.
2429 396 2522 454 IX.

3456 394 3556 448 194

279 515 486 578 δευσιν,
511 510 763 585 ἐξαρκεῖν
791 511 998 567 οἴεσθαι
1028 511 1165 585 πρὸς
1191 511 1251 566 τὸ
1275 513 1551 566 πιστεύειν
1577 512 1753 584 ὀρθῶς
1775 511 1872 582 τὴν

1978 513 2126 568 versi
2175 512 2343 569 Deum
2391 511 2675 580 conﬁteri,
2713 527 2953 584 eumque
2994 526 3325 584 agnoscere,
3377 523 3558 578 neque

280 607 364 668 εἰς
396 605 494 659 ἐνα
522 605 633 658 τῶν
665 606 800 658 ὅλων
832 605 964 658 Θεὸν
1009 606 1302 676 ὁμολογίαν
1322 623 1382 658 τε
1424 606 1518 658 καὶ
1551 604 1774 674 γνῶσιν,
1805 603 1879 676 μὴ

288 698 396 768 μὴν
419 697 734 767 ἐπείγεσθαι
771 698 963 769 μαθεῖν
1006 699 1098 752 τὸν
1131 699 1261 776 περ)⁵
1293 699 1392 769 τῆς
1423 699 1586 768 ἁγίας
1621 698 1716 752 καὶ
1748 699 1880 769 ὁμο-

285 791 470 844 ουσίου
528 790 764 861 Τριάδος
792 791 971 860 λόγον,
1016 791 1334 859 ἀναγκαίως
1365 791 1649 846 ἀποκλείει
1675 791 1878 863 τρόπον

287 882 408 935 τινά
448 878 684 952 Χριστὸς
739 883 966 946 καὶτοῖς
1013 882 1157 936 οὕτω
1182 880 1467 948 δοξάζουσι
1485 885 1582 955 τὴν
1612 883 1741 955 περὶ
1776 881 1870 936 τοῦ

286 973 422 1028 Θεοῦ
455 974 682 1044 γνῶσιν,
723 975 874 1046 εἰμὴ
903 976 998 1029 καὶ
1043 976 1206 1030 αὐτὸν
1252 976 1526 1048 βούλοιντο
1575 977 1874 1048 παραδέχε·

289 1065 439 1120 σθαι.
470 1066 569 1120 Διὰ
646 1066 756 1139 γὰρ
796 1067 1250 1140 Υίοῦκπροσιτέον
1289 1069 1368 1140 τῷ
1401 1069 1520 1140 Θεῷ
1546 1061 1642 1124 καὶ
1681 1069 1871 1140 Πατρί.

299 1159 604 1228 Ἀναλόγως
629 1160 740 1231 γὰρ
793 1163 858 1230 τῇ
911 1160 1006 1214 τοῦ
1047 1162 1390 1232 γεννήματος
1421 1161 1641 1232 θεωρίᾳ,
1665 1162 1760 1214 καί
1787 1162 1874 1214 ἐπ’

286 1251 452 1305 αὑτὸν
478 1250 680 1322 ἥξομεν
702 1253 794 1305 τὸν
820 1252 1147 1323 Γεννήτορα.
1169 1254 1243 1305 Οὐ
1267 1254 1376 1324 γὰρ
1405 1253 1574 1317 ἔστιν,
1594 1255 1694 1308 οὐκ
1727 1254 1875 1308 ἐστιν

286 1343 638 1415 ἀμφιϐαλεῖν,
689 1345 771 1398 ὅτι
827 1345 920 1398 τὸν
957 1345 1083 1399 Υἰόν
1148 1363 1232 1410 τις
1263 1346 1561 1416 ὑφεστάναι
1595 1349 1870 1404 πιστεύων

285 1433 458 1498 οὕτως
485 1434 560 1497 ὡς
583 1434 735 1496 Υίὸν,
765 1434 858 1487 τὸν
913 1435 978 1487 ἐκ
1019 1435 1118 1505 τῆς
1166 1434 1351 1498 οὐσίας
1381 1435 1523 1505 φημὶ
1555 1433 1648 1487 τοῦ
1678 1437 1872 1507 γεννή-

288 1543 501 1589 σαντος,
537 1526 742 1580 εἴσεται
775 1526 837 1598 δὴ
888 1528 1108 1590 πάντως
1149 1528 1244 1580 καὶ
1277 1527 1374 1580 τὸν¹
1421 1526 1660 1597 Πατέρα.
1714 1527 1870 1582 Κατὰ

287 1617 389 1686 μὲν
433 1613 527 1670 οὖν
569 1616 669 1689 τὴν
715 1618 1094 1688 ἁπλουστέραν
1145 1619 1238 1671 καὶ
1273 1618 1606 1689 ἀπερίεργον
1645 1619 1869 1688 γνῶσιν,

279 1707 462 1772 οὕτως
491 1708 557 1763 ἄν
591 1726 675 1773 τις
703 1708 913 1780 οἰηθείη
945 1709 1110 1780 τυχὸν
1135 1708 1364 1780 λαλῆσαι
1384 1726 1396 1739 ·
1427 1712 1476 1762 εἰ
1499 1710 1556 1764 δέ
1589 1728 1667 1781 τῳ
1688 1709 1870 1780 δοκοίη

1977 618 2147 672 porro
2171 603 2240 659 de
2288 613 2482 659 sancta
2540 613 2596 660 et
2649 605 3124 660 consubstantiali
3157 603 3434 658 Trinitate
3459 605 3558 657 do-

1975 695 2210 750 ctrinam
2239 711 2362 752 esse
2394 695 2735 764 curandam,
2781 697 3102 752 necessario
3147 693 3558 766 quodammodo

1975 786 2236 845 Christus
2263 789 2428 844 etiam
2465 789 2552 844 his
2586 789 2680 859 qui
2718 789 2801 845 sic
2842 790 3116 845 sentirent
3157 789 3251 844 Dei
3281 787 3555 860 cognitio-

1980 895 2104 935 nem
2136 881 2496 946 intercludit,
2528 881 2636 935 nisi
2672 888 2728 936 et
2777 897 2837 936 se
2883 883 3170 952 suscipere
3211 881 3404 935 velint.
3449 877 3557 933 Per

1975 972 2172 1026 Filium
2197 972 2402 1044 quippe
2431 973 2499 1027 ad
2525 971 2695 1028 Deum
2723 981 2777 1028 et
2797 974 3016 1030 Patrem
3040 982 3125 1028 est
3157 971 3553 1029 accedendum.

1973 1062 2096 1119 Filii
2148 1079 2389 1135 namque
2413 1065 2730 1138 cognitione
2765 1075 2822 1121 et
2866 1065 3334 1135 contemplatione
3383 1062 3554 1118 etiam

1973 1155 2040 1210 ad
2089 1155 2268 1225 ipsum
2321 1154 2540 1211 Patrem
2589 1156 2758 1212 simili
2817 1156 3034 1212 ratione
3083 1156 3392 1210 veniemus.
3440 1152 3556 1209 Nec

1974 1248 2122 1304 enim
2159 1246 2406 1318 profecto
2441 1248 2807 1303 dubitandum
2849 1255 2966 1313 est,
3001 1248 3321 1318 quicunque
3353 1244 3554 1298 Filium

1985 1341 2295 1396 subsistere
2343 1341 2558 1409 credit,
2605 1351 2666 1396 ut
2712 1356 2842 1397 vere
2885 1340 3124 1406 Filium,
3171 1356 3238 1396 ex
3285 1337 3556 1411 genitoris

1975 1450 2172 1504 nempe
2201 1434 2512 1490 substantia
2535 1473 2550 1499 ,
2583 1435 2810 1490 omnino
2843 1435 3197 1504 cogniturum
3229 1439 3283 1488 et
3311 1434 3553 1486 Patrem.

1978 1525 2042 1579 Et
2072 1527 2186 1580 haec
2220 1527 2442 1596 quidem
2474 1526 2540 1581 de
2572 1526 2896 1596 simpliciori
2932 1541 3033 1581 nec
3061 1525 3335 1595 exquisita
3361 1527 3557 1595 cogni—

1973 1620 2120 1675 tione
2147 1620 2360 1675 dictum
2390 1633 2552 1691 putes
2581 1641 2592 1675 :
2627 1621 2773 1691 quod
2803 1622 2849 1676 si
2877 1622 3003 1692 quis
3037 1620 3298 1675 subtilem
3329 1634 3555 1675 sensum

1980 1709 2284 1778 inquirere,
2323 1718 2379 1765 et
2413 1726 2502 1765 res
2538 1711 2689 1780 ipsas
2725 1712 2964 1781 penitius
2995 1711 3239 1766 serutari
3273 1710 3433 1774 velit,
3467 1708 3559 1763 Fi-

279 1802 380 1854 καὶ
401 1801 492 1855 διά
514 1801 730 1854 λεπτῶν
750 1801 1008 1874 ἔρχεσθαι
1037 1802 1341 1874 νοημάτων,
1363 1801 1439 1866 ὼς
1472 1805 1565 1856 καὶ
1594 1805 1680 1856 ἐπ’
1701 1803 1872 1875 αὐτὴν

1977 1801 2110 1855 lium
2141 1817 2270 1856 vere
2300 1803 2448 1872 loqui
2483 1818 2680 1858 rursus
2707 1804 3032 1873 comperiet.
3085 1803 3297 1856 Natura
3351 1801 3558 1871 quippe

282 1893 395 1948 τῶν
429 1895 776 1965 πραγμάτων
839 1895 1028 1948 ἐλάσαι
1083 1895 1182 1968 τὴν
1242 1893 1496 1965 βάσανον,
1544 1893 1878 1965 ἀληθεύοντα

289 1984 449 2039 πάλιν
511 1985 740 2056 εὑρήσει
797 1983 889 2038 τόν
938 1984 1087 2041 Υίόν.
1133 1982 1351 2055 Διανοίᾳ
1394 1983 1492 2054 μὲν
1535 1982 1642 2054 γὰρ
1687 1983 1873 2054 ἁπάσῃ

287 2076 565 2141 παντελῶς
616 2077 903 2150 ἀχώρητος
943 2079 971 2148 ἡ
1019 2066 1138 2131 θεία
1197 2077 1360 2146 φύσις
1388 2077 1528 2140 ἐστὶ,
1553 2079 1646 2131 καὶ
1673 2076 1725 2130 τί
1752 2077 1874 2132 κατ’

287 2168 474 2223 οὐσίαν
505 2171 534 2223 6
557 2168 668 2222 τῶν
695 2169 836 2223 ὅλων
887 2168 1273 2241 Γενεσιουργὺς
1326 2168 1532 2240 τολμᾷν
1552 2169 1687 2233 ὅλως
1721 2187 1876 2242 περι-

291 2258 640 2329 εργάζεσθαι,
697 2258 1127 2330 φρενοϐλαϐείας
1167 2260 1390 2332 ἁπάσης
1420 2258 1696 2326 ἀπόδειξιν
1739 2259 1872 2330 ἔχει.

293 2349 444 2420 Πλὴν
487 2349 600 2402 ἐστι
640 2367 754 2414 πως
784 2351 936 2421 ἡμᾶς
985 2368 1129 2416 τινα,
1174 2351 1249 2414 ὡς
1284 2352 1342 2404 ἐν
1377 2354 1554 2414 σκιαῖς
1614 2351 1707 2405 καὶ
1735 2351 1874 2405 αἰνί-

299 2458 528 2512 γμασιν,
553 2441 893 2513 ἐρανίζεσθαι
947 2444 1175 2512 γνῶσιν,
1226 2446 1534 2514 κάτοπτρον
1587 2445 1776 2517 ὥσπερ
1819 2463 1872 2498 τι

295 2532 693 2604 παρατιθέντας
737 2532 811 2602 τῷ
861 2533 943 2587 νοῒ
976 2534 1084 2588 τῶν
1115 2535 1345 2589 ἐνόντων
1382 2534 1872 2607 πλεονεκτημάτων

291 2627 359 2694 τῇ
382 2623 476 2677 τοῦ
507 2624 637 2678 Υίοῦ
663 2625 816 2694 φύσει
866 2626 957 2680 τὸν
993 2627 1314 2696 κατάλογον.
1356 2627 1446 2693 Ἐξ
1472 2620 1547 2682 ὧν
1564 2629 1672 2698 γάρ
1723 2630 1873 2682 ἐστιν

286 2715 472 2780 αὐτὸς,
507 2717 600 2770 καὶ
619 2715 680 2782 ἐξ
712 2711 786 2771 ὦν
821 2716 1078 2790 εἴργασαι
1107 2717 1221 2791 [γρ.
1254 2719 1564 2792 εῖργασταιί
1585 2720 1872 2792 γενόμενος

283 2808 600 2880 ἄνθρωπος,
654 2810 749 2863 καὶ
788 2810 895 2880 πρὸ
922 2811 1025 2882 τῆς
1065 2811 1555 2884 ἐνανθρωπήσεως,
1595 2813 1870 2882 ἀναλόγως

283 2900 352 2955 ἄν
377 2919 458 2964 τις
482 2902 574 2955 ἐπὶ
600 2902 701 2974 τὴν
728 2900 824 2955 τοῦ
848 2902 1099 2966 τεκόντος
1133 2903 1294 2958 αὐτὸν
1324 2904 1560 2976 θεωρίαν
1589 2905 1730 2959 ἀνίοι
1762 2904 1872 2957 λοι-

283 2991 411 3045 πόν.
431 2992 695 3064 Ὃραγάρ
727 3008 820 3063 μοι
839 2991 938 3064 τὴν
961 2991 1187 3047 ἐνοῦσαν
1213 2993 1364 3064 αὐτῷ
1388 2993 1545 3059 δόξαν
1571 3010 1632 3046 τε
1662 2994 1758 3048 καὶ
1781 2992 1872 3048 δύ-

281 3099 472 3154 ναμιν·
498 3082 661 3154 βλέπε
674 3083 775 3154 τὴν
806 3085 892 3151 ἐφ’
910 3083 1114 3138 ἅπασιν
1137 3085 1579 3154 ἀπαραπόδιστον
1599 3085 1868 3150 ἐξουσίαν.

1976 1892 2158 1948 divina
2189 1895 2394 1950 nullius
2422 1895 2643 1964 ingenio
2668 1910 2900 1964 prorsus
2925 1894 3316 1965 comprehendi
3341 1901 3555 1964 potest,

1974 1992 2029 2040 et
2059 1986 2191 2054 quid
2222 1986 2528 2040 secundum
2567 1987 2947 2041 substantiam
2979 1989 3052 2042 sit
3086 2002 3270 2042 rerum
3306 1987 3555 2042 omnium

1975 2085 2171 2133 auctor
2199 2079 2440 2134 scrutari
2469 2080 2631 2148 plane
2660 2079 2897 2145 audere,
2925 2089 3188 2135 extremae
3219 2081 3443 2150 signum
3471 2087 3558 2135 est

1974 2169 2285 2224 dementias.
2306 2167 2696 2226 Verumtamen
2719 2172 3088 2241 cognitionem
3116 2172 3412 2241 quamdam
3434 2178 3557 2226 tan-

1973 2275 2136 2330 quam
2167 2261 2222 2315 in
2259 2261 2471 2316 umbris
2517 2271 2572 2316 et
2617 2262 2933 2332 tenigmatis
2967 2279 3300 2334 comparare
3352 2278 3557 2334 possu-

1975 2367 2098 2406 mus
2119 2391 2134 2416 ,
2169 2353 2456 2422 speculum
2489 2353 2661 2408 veluti
2698 2354 2978 2424 quoddam
3013 2356 3184 2411 menti
3214 2363 3556 2426 opponentes

1973 2460 2066 2499 eas
2097 2459 2220 2514 qua:
2252 2443 2377 2498 Filii
2413 2453 2628 2500 naturae
2663 2446 2892 2512 insunt,
2926 2448 3342 2516 prterogativas.
3377 2446 3457 2501 Ex
3487 2463 3556 2502 eo

1975 2536 2121 2591 enim
2176 2536 2325 2606 quod
2380 2546 2464 2592 est
2514 2537 2666 2607 ipse,
2703 2546 2757 2592 et
2785 2553 2849 2592 ex
2888 2539 2958 2595 iis
2992 2555 3114 2609 quae
3149 2541 3268 2609 ipse
3295 2549 3555 2610 operatus

1972 2636 2094 2690 est,
2125 2637 2413 2699 postquam
2447 2628 2628 2685 factus
2659 2629 2823 2684 homo
2854 2639 2976 2695 est,
3023 2641 3077 2687 et
3120 2643 3251 2686 ante
3295 2632 3557 2686 incarna-

1973 2721 2215 2786 tionem,
2243 2721 2309 2774 ad
2336 2719 2592 2774 notitiam
2616 2731 2668 2774 et
2690 2723 3214 2792 contemplationem
3258 2723 3440 2777 Patris
3473 2724 3553 2778 si-

1972 2811 2086 2866 mili
2146 2814 2360 2868 ratione
2407 2815 2626 2870 demum
2680 2815 2973 2871 ascendes.
3024 2812 3163 2870 Vide
3211 2814 3362 2869 enim
3395 2814 3551 2880 mihi,

1973 2919 2162 2974 quaeso
2182 2944 2197 2969 ,
2231 2905 2464 2975 gloriam
2497 2907 2618 2977 ejus
2650 2922 2715 2962 ac
2753 2909 3008 2962 virtutem
3040 2925 3053 2960 :
3087 2907 3211 2962 vide
3239 2922 3553 2977 supremam

1972 2994 2027 3050 in
2062 2997 2318 3050 omnibus
2353 2995 2521 3052 rebus
2558 3006 2910 3067 potestatem.
2959 2996 3100 3064 Quid
3134 2998 3304 3062 enim,
3357 2995 3555 3050 amabo

1973 3096 2066 3154 te,
2120 3095 2234 3143 tam
2286 3103 2455 3159 supra
2511 3091 2822 3146 orationem
2871 3106 3089 3145 omnem
3141 3097 3225 3144 est
3274 3090 3552 3158 positum,

284 3175 356 3228 Τί
385 3175 518 3246 γὰρ,
547 3176 670 3230 εἰπέ
702 3193 814 3245 μοι,
843 3176 940 3229 καὶ
967 3176 1075 3230 τῶν
1097 3177 1237 3248 ὑπὲρ
1259 3177 1418 3246 λόγον
1446 3179 1870 3250 οὑκ“ἐλευθέροις

1975 3182 2121 3252 quod
2169 3181 2347 3236 libero
2390 3190 2525 3236 nutu
2578 3183 2784 3238 fecisse
2833 3197 2941 3237 non
2983 3190 3275 3244 cernatur,
3328 3188 3384 3236 et
3427 3189 3555 3236 ante

282 3266 524 3338 νεύμασι
567 3267 924 3338 κατορθώσας
961 3269 1178 3340 ὁρᾶται,
1232 3270 1326 3323 καὶ
1371 3269 1477 3340 πρὸ
1517 3270 1739 3341 σαρκὸς,
1773 3271 1870 3324 καὶ

287 3359 432 3431 μετὰ
499 3360 739 3432 σαρκός;
803 3359 944 3412 Ἀλλ’
982 3362 1010 3414 ό
1056 3361 1310 3425 τοσοῦτος
1363 3363 1497 3432 ἡμῖν
1565 3361 1632 3414 δι’
1694 3361 1872 3415 αὐτῶν

281 3450 478 3520 ὀφθεὶς
528 3452 894 3521 πραγμάτων,
936 3468 954 3502 ι
997 3451 1154 3520 Ἐγὼ,
1187 3451 1344 3522 φησὶ,
1401 3453 1496 3505 καὶ
1524 3454 1553 3505 6
1597 3453 1785 3524 Πατὴρ
1814 3453 1873 3507 ἐν

279 3545 451 3613 ἐσμεν
473 3559 486 3574 ο
518 3546 546 3597 6
569 3543 832 3613 ἑωρακὼς
867 3545 987 3614 ἐμὲ,
1021 3543 1236 3616 ἑώρακε
1260 3545 1352 3598 τὸν
1382 3535 1624 3616 Πατέρα.
1651 3564 1669 3595 ι
1708 3545 1872 3599 ’ἰτέον

280 3632 384 3691 οῦν
403 3635 513 3706 ἄρα
543 3636 688 3689 κατὰ
715 3637 813 3706 τὴν
851 3636 946 3689 τοῦ
987 3637 1351 3708 προκειμένου
1387 3636 1615 3706 δύναμιν
1647 3637 1754 3690 ἀπὸ
1776 3637 1874 3706 τῆς

284 3727 505 3788 εἰκόνος
532 3725 625 3777 ἐπὶ
672 3725 733 3778 τὸ
783 3726 1115 3796 ἀρχέτυπον,
1142 3726 1238 3779 καὶ
1266 3727 1374 3779 ἀπὸ
1400 3725 1495 3778 τοῦ
1529 3727 1876 3798 χαρακτῆρος

289 3817 386 3870 ἐπ’
415 3817 623 3869 ἐκεῖνον
641 3816 706 3886 δὴ
727 3816 944 3879 πάντως
970 3810 1032 3869 οὗ
1057 3818 1153 3870 καὶ
1182 3817 1299 3870 ἐστι
1334 3817 1640 3888 χαρακτὴρ,
1673 3818 1768 3872 καὶ
1787 3819 1871 3884 οὐ,

291 3909 440 3963 κατά
461 3925 614 3972 τινας
646 3909 755 3962 τῶν
783 3909 1110 3980 ἑτεροδοξεῖν
1157 3909 1451 3976 εἰωθότων,
1489 3911 1744 3974 ἐπακτοῖς
1763 3928 1873 3964 τισι

287 3998 526 4063 καὶτοῖς
549 3997 748 4064 ἔξωθεν
785 3997 1062 4068 ἀξιώμασι
1104 3999 1535 4071 σχηματίζεσθαι
1576 4017 1755 4071 φαμεν
1780 4000 1872 4054 τὸν

288 4092 419 4146 Υίὸν
440 4091 577 4164 πρὸς
596 4092 688 4146 τὸν
715 4091 957 4164 Πατέρα,
991 4091 1132 4159 οὐδὲ,
1162 4093 1414 4164 καθάπερ
1439 4094 1552 4156 τοίς
1582 4093 1872 4165 πλανωμέ-

283 4203 403 4249 νοις
435 4186 602 4250 δοκεῖ,
631 4184 796 4240 είκὼν
826 4182 964 4238 εἶναι
988 4184 1205 4254 λέγεται
1223 4184 1319 4238 τοῦ
1341 4184 1474 4238 Θεοῦ
1509 4185 1604 4239 καὶ
1633 4185 1868 4257 Πατρὸς,

284 4278 366 4342 ὡς
394 4277 532 4348 ἔχων
571 4275 736 4329 αὐτοῦ
760 4275 861 4348 τὴν
883 4275 1061 4342 δόξαν,
1105 4276 1206 4348 τὴν
1243 4275 1494 4348 δύναμιν,
1515 4278 1614 4350 τὴν
1653 4277 1866 4346 σοφίαν,

284 4368 506 4440 φύσεώς
529 4385 592 4437 γε
619 4368 726 4440 μὴν
763 4367 956 4437 ἐτέρας
982 4368 1266 4441 ὑπάρχων.
1293 4368 1478 4423 Ταῦτα
1502 4369 1610 4440 γὰρ
1647 4368 1871 4422 ἐκείνων

282 4461 359 4515 τὰ
394 4460 706 4530 ληρήματα,
734 4459 829 4512 καὶ
856 4461 890 4529 ἡ
928 4460 1350 4532 κεκομψευμένη
1371 4459 1628 4532 φλυαρία,
1671 4459 1871 4530 μᾶλλον

1976 3287 2233 3336 carnem,
2287 3280 2341 3326 et
2388 3288 2512 3326 cum
2561 3273 2776 3328 carne?
2819 3275 2889 3328 At
2935 3274 3027 3343 qui
3069 3281 3284 3326 tantum
3327 3287 3387 3327 se
3429 3286 3556 3326 esse

1976 3364 2114 3434 ipsis
2161 3364 2424 3434 operibus
2473 3365 2662 3419 docuit
2701 3385 2712 3420 ε
2753 3385 2770 3417 ι
2808 3364 2954 3434 Ego,
3004 3365 3217 3435 inquit,
3269 3370 3324 3418 et
3391 3362 3555 3417 Pater

1987 3472 2158 3510 unum
2188 3471 2384 3512 sumus
2415 3459 2480 3524 ⁷¹;
2513 3459 2604 3528 qui
2635 3459 2784 3511 videt
2816 3473 2924 3523 me,
2955 3457 3167 3512 videtet
3191 3455 3408 3511 Patrem
3433 3457 3502 3511 τ’.
3527 3476 3547 3508 ι

1978 3547 2230 3602 Eundum
2263 3549 2473 3618 itaque,
2505 3550 2550 3603 si
2604 3549 2707 3602 loci
2754 3549 2919 3616 hujus
2961 3549 3068 3602 vim
3103 3555 3453 3617 spectemus,
3484 3548 3554 3600 ah

1973 3639 2212 3709 imagine
2239 3639 2306 3692 ad
2337 3639 2729 3708 archetypum,
2765 3645 2821 3692 et
2849 3653 2878 3691 a
2911 3638 3236 3692 charactere
3273 3637 3341 3691 ad
3393 3637 3551 3691 illum

1973 3733 2133 3803 cujus
2162 3739 2217 3788 et
2249 3740 2334 3788 est
2366 3733 2656 3786 character
2683 3750 2697 3798 ;
2736 3747 2915 3802 neque
2948 3739 3132 3785 tamen
3180 3746 3245 3786 ex
3279 3744 3551 3800 quorum-

1972 3826 2097 3882 dam
2126 3827 2510 3882 haereticorum
2539 3825 2821 3881 sententia
2850 3824 3168 3880 adventitiis
3188 3823 3474 3878 nonnullis
3496 3829 3552 3877 ct

1971 3920 2319 3974 extrinsecus
2365 3918 2670 3988 assumptis
2703 3917 3068 3987 dignitatibus
3108 3914 3305 3970 Filium
3339 3914 3405 3968 ad
3448 3912 3553 3967 Pa-

1971 4016 2109 4063 trem
2125 4008 2462 4062 conl‘ormari
2483 4008 2743 4074 dicimus,
2769 4022 2967 4077 neque,
2993 4012 3051 4060 ut
3076 4005 3316 4060 haeretici
3336 4013 3551 4076 putant,

1971 4098 2152 4168 imago
2185 4095 2284 4152 Dei
2314 4112 2379 4152 ac
2398 4096 2581 4153 Patris
2616 4113 2740 4153 esse
2776 4097 3005 4163 dicitur,
3038 4104 3303 4165 tanquam
3329 4096 3419 4165 qui
3451 4095 3552 4148 ha-

1970 4187 2097 4241 beat
2125 4187 2250 4257 ejus
2285 4187 2518 4257 gloriam
2540 4227 2556 4252 ,
2589 4186 2851 4242 virtutem
2873 4224 2889 4250 ,
2932 4185 3261 4254 sapientiam
3283 4224 3297 4248 ,
3333 4185 3426 4238 sed
3468 4183 3554 4236 al-

1973 4279 2145 4332 terius
2178 4285 2361 4332 tamen
2391 4277 2464 4332 sit
2495 4285 2725 4332 naturae.
2766 4275 2860 4332 lla:
2903 4286 3034 4331 sunt
3081 4275 3230 4330 enim
3272 4275 3554 4345 elegantes

1971 4366 2193 4422 illorum
2240 4382 2399 4436 nugae
2421 4407 2438 4435 ,
2479 4368 2592 4421 imo
2621 4381 2769 4430 vero
2804 4365 3054 4433 impietas
3085 4363 3153 4417 ad
3198 4363 3553 4419 evertendam

1974 4460 2131 4530 771
2180 4458 2710 4527 convellendamque
2751 4454 2875 4510 Filii
2919 4455 3554 4510 consubstantialitatem

284 4553 349 4606 δὲ
394 4550 719 4614 δυσσέϐεια,
779 4550 914 4622 πρὸς
996 4552 1310 4624 ἀνατροπὴν
1379 4552 1728 4624 ἐπινοηθεῖσα
1778 4552 1870 4605 καὶ

1975 4550 2235 4615 inventa,
2294 4549 2441 4621 quod
2497 4564 2664 4603 unum
2716 4558 2800 4603 est
2848 4563 3038 4602 eorum
3093 4547 3322 4616 impium
3357 4555 3411 4600 et
3447 4545 3556 4601 Deo

288 4644 618 4712 καθαίρεσιν
645 4643 746 4714 τῆς
780 4643 1198 4712 ὁμοουσιότητος
1234 4643 1327 4696 τοῦ
1367 4644 1518 4711 Υίοῦ,
1540 4643 1757 4712 κατάγε
1778 4644 1869 4697 τὸν

288 4739 350 4790 ἐν
375 4736 558 4799 αὐτοῖς
578 4735 791 4788 ἀνόσιόν
818 4752 877 4787 τε
917 4735 1014 4788 καὶ
1037 4733 1309 4805 θεομάχον
1349 4737 1570 4791 σκοπόν.
1615 4736 1752 4789 Ἀλλ’
1795 4737 1873 4800 ὡς

290 4828 420 4891 Υίὸς
456 4827 694 4897 ἀληθῶς,
731 4829 798 4881 ἐκ
844 4827 946 4897 τῆς
998 4825 1092 4879 τοῦ
1137 4825 1273 4880 Θεοῦ
1312 4828 1406 4880 καὶ
1442 4827 1654 4898 Πατρὺς
1684 4828 1873 4892 οὐσίας

289 4921 624 4991 ἀποῤῥήτως
669 4919 768 4972 καὶ
839 4920 1217 4990 ἀπερινοήτως
1261 4919 1562 4989 γεννηθεὶς,
1586 4921 1874 4992 χαρακτήρ

290 5012 445 5063 ἐστιν
466 5009 651 5075 αὑτοῦ,
683 5011 778 5064 καὶ
836 5009 1021 5077 εἰκὼν,
1063 5012 1159 5065 καὶ
1205 5011 1568 5082 ἀπαύγασμα,
1610 5013 1794 5084 φέρων
1814 5015 1873 5067 ἐν

288 5101 472 5173 οἰκείᾳ
495 5100 653 5171 φύσει
679 5101 780 5173 τῆς
803 5102 897 5156 τοῦ
941 5102 1192 5167 τεκόντος
1211 5104 1374 5156 αὑτὸν
1395 5105 1584 5168 οὐσίας
1618 5105 1680 5158 τὸ
1720 5105 1871 5171 ἴδιον,

288 5197 390 5250 καὶ
418 5194 526 5249 τῶν
558 5194 804 5264 φυσικῶν
828 5194 1314 5266 πλεονεκτημάτων
1332 5195 1394 5248 τὸ
1419 5195 1634 5260 κάλλος.
1668 5196 1742 5250 Οὐ
1765 5197 1872 5267 γὰρ

290 5288 638 5358 ἀπόπληκτοι
695 5289 816 5341 κατ’
865 5289 1106 5352 ἐκείνους
1163 5288 1428 5358 ἐσόμεθα,
1459 5289 1554 5342 καὶ
1597 5290 1675 5352 εἰς
1720 5288 1877 5343 τοῦτο

289 5378 615 5441 δυσϐουλίας
637 5378 726 5432 τὸν
752 5380 948 5432 οἰκεῖον
970 5378 1356 5449 κατωθήσομεν
1378 5379 1523 5444 νοῦν,
1540 5379 1615 5444 ὡς
1636 5379 1714 5450 τῷ
1735 5380 1877 5434 κατὰ

291 5469 463 5539 φύσιν
488 5468 588 5519 οὐκ
621 5467 751 5521 ὄντα
771 5467 950 5537 λέγειν
979 5467 1099 5538 Θεῷ
1140 5468 1344 5538 ὅμοιον,
1375 5469 1512 5540 μήτε
1550 5470 1654 5541 μὴν
1689 5471 1754 5524 ἐκ
1778 5471 1878 5541 τῆς

291 5561 487 5622 οὐσίας
537 5559 866 5629 γεννηθέντα
923 5560 1019 5614 τοῦ
1063 5558 1200 5612 Θεοῦ
1265 5562 1361 5614 καὶ
1395 5561 1623 5633 Πατρός,
1654 5563 1752 5632 τὴν
1777 5562 1873 5617 τοῦ

292 5652 432 5708 Θεοῦ
462 5651 794 5724 χαρίσασθαι
813 5652 991 5720 δόξαν,
1010 5653 1044 5724 ἢ
1064 5651 1159 5706 καὶ
1184 5652 1349 5723 φάναι
1368 5653 1625 5709 δύνασθαί
1656 5671 1786 5709 ποτε
1814 5654 1876 5708 τὸ

368 5844 414 5875 τ’
462 5841 623 5898 Joan.
659 5857 715 5905 ι,
753 5840 843 5897 50.
925 5839 1150 5898 "Joan.
1201 5855 1313 5907 xiv,
1355 5840 1406 5894 9.

1975 4656 2292 4712 repugnans
2318 4642 2688 4711 propositum.
2725 4640 2832 4695 Sed
2863 4647 2920 4694 ut
2948 4654 3078 4694 vere
3110 4637 3319 4702 Filius,
3361 4653 3426 4691 ex
3458 4637 3553 4690 Dei

1977 4751 2041 4790 ac
2079 4734 2256 4790 Patris
2288 4734 2595 4789 substantia
2631 4732 2892 4788 ineﬂ‘abili
2923 4740 2977 4787 et
3010 4729 3554 4801 incomprehensibili

1978 4828 2192 4882 ratione
2228 4827 2448 4897 genitus
2469 4865 2484 4892 ,
2521 4825 2810 4882 character
2843 4834 2928 4880 est
2959 4825 3082 4895 ejus
3103 4863 3117 4887 ,
3155 4831 3208 4879 et
3249 4823 3429 4891 imago
3451 4863 3466 4887 ,
3499 4831 3556 4876 et

1981 4917 2262 4990 splendor,
2296 4919 2687 4989 proprietatem
2723 4917 3054 4973 substantiae
3085 4917 3206 4985 ejus
3239 4915 3331 4984 qui
3363 4913 3557 4983 genuit

1981 5011 2199 5080 ipsum,
2225 5019 2278 5064 et
2301 5011 2633 5064 naturalium
2664 5013 3149 5080 pnerogativarum
3178 5007 3345 5061 decus
3375 5006 3430 5059 in
3456 5021 3555 5060 sua

1980 5101 2166 5157 ferens
2221 5108 2442 5156 natura.
2482 5100 2594 5157 Nec
2624 5103 2771 5157 enim
2807 5109 2868 5156 ut
2904 5101 3016 5162 illi,
3052 5107 3163 5150 tam
3198 5094 3408 5164 stupidi
3443 5096 3556 5149 eri-

1980 5209 2135 5256 mus,
2172 5199 2267 5246 aut
2310 5207 2376 5246 eo
2430 5191 2635 5246 luroris
2684 5193 3026 5254 delabamur,
3063 5197 3120 5241 ut
3149 5203 3274 5242 eum
3304 5187 3398 5255 qui
3443 5202 3554 5240 non

1978 5285 2179 5341 similis
2214 5285 2285 5341 sit
2316 5284 2428 5340 Deo
2458 5287 2760 5342 secundum
2794 5293 3070 5344 naturam,
3107 5280 3311 5350 quippe
3341 5293 3452 5333 non
3483 5279 3556 5335 sit

1977 5391 2044 5432 ex
2082 5377 2174 5431 Dei
2222 5393 2287 5432 ac
2332 5378 2517 5434 Patris
2568 5377 2886 5434 substantia
2931 5375 3187 5444 genitus,
3234 5371 3328 5426 Dei
3382 5372 3556 5443 gloria

1979 5468 2270 5538 praeditum
2309 5485 2435 5524 esse
2468 5469 2719 5523 dicamus
2742 5507 2758 5530 ,
2793 5474 2888 5518 aut
2921 5480 3048 5519 cum
3079 5464 3172 5533 qui
3217 5462 3401 5519 factus
3443 5465 3552 5523 sit.

1981 5571 2035 5618 et
2064 5578 2094 5617 e
2129 5562 2309 5615 nihilo
2339 5562 2404 5615 ad
2438 5576 2561 5616 esse
2588 5559 2891 5631 productus
2913 5599 2928 5623 ,
2964 5556 3207 5610 divinam
3253 5556 3307 5608 in
3349 5571 3408 5610 se
3441 5555 3556 5608 vir-

1984 5662 2155 5708 tutem
2190 5660 2246 5708 et
2277 5652 2607 5723 sapientiam
2641 5649 2805 5707 simili
2845 5665 2940 5720 per
2971 5648 3155 5704 omnia
3190 5645 3353 5700 modo
3382 5643 3556 5699 habe-
