4076 6270
541 395 642 449 195

1537 389 1593 444 S.
1619 387 1898 444 CYlllLLl
1930 386 2401 442 ALEXANDRINI
2429 387 2748 444 ARCHIEP.

3709 394 3809 451 196

543 520 622 568 re,
662 504 940 576 talemque
969 519 1124 570 esse,
1162 506 1348 576 qualis
1379 505 1569 560 divina
1601 515 1657 561 et
1685 505 1981 562 inetl'abilis
2021 505 2117 560 Dei

2229 505 2602 578 πεποιημένον
2630 507 2789 571 ὅλως,
2818 506 2914 560 καὶ
2957 504 3018 561 τὸ
3049 505 3107 572 ἐξ
3137 506 3240 560 οὐκ
3271 507 3442 560 όντων
3478 509 3557 570 εἰς
3584 508 3645 561 τὸ
3673 505 3812 564 εἶναι

539 593 724 651 Patris
754 605 948 650 natura
983 606 1302 652 censeatur.
1339 597 1482 664 Quid
1511 599 1658 654 enim
1689 605 2006 653 creaturam
2043 597 2125 650 ulc

539 687 627 735 tra
656 681 727 737 ab
755 685 946 753 opifice
974 685 1376 756 distingueret,
1408 695 1504 741 aut
1538 687 1671 758 quid
1705 702 1966 759 separare
1999 701 2126 757 pos-

541 779 632 828 set
687 775 979 832 identitate
1025 778 1354 833 substantiae
1403 789 1717 834 creaturam
1766 780 1837 834 ab
1884 777 2126 849 opitice?

541 863 680 919 Nam
711 865 762 920 si
799 866 1036 936 gloriam
1067 882 1135 922 ac
1160 869 1458 934 virtutem,
1510 868 1744 940 ejusque
1795 867 2124 939 sapientiam

537 957 732 1014 eodem
765 961 996 1016 omnino
1029 963 1196 1017 modo
1224 979 1339 1033 quo
1388 962 1536 1019 Deus
1589 978 1656 1019 ac
1712 962 1876 1018 Pater
1929 962 2124 1026 habet,

538 1051 674 1123 quid
717 1053 898 1124 majus
929 1056 1002 1111 sit
1031 1056 1086 1110 in
1117 1055 1316 1124 Patre,
1353 1066 1449 1112 aut
1481 1059 1619 1129 quid
1665 1059 1790 1130 plus
1829 1059 2130 1114 habiturus

535 1161 702 1216 quam
735 1163 839 1203 nos
888 1156 985 1202 aut
1016 1156 1272 1206 creatura
1297 1191 1312 1216 ,
1349 1166 1450 1222 ego
1479 1151 1708 1222 quidem
1744 1151 1934 1206 dicere
1968 1165 2126 1220 pror-

537 1253 636 1293 sus
669 1254 886 1309 nequeo
909 1281 924 1305 ,
952 1242 1048 1297 sed
1079 1243 1168 1298 hic
1203 1245 1453 1302 hmsuros
1484 1245 1651 1299 etiam
1683 1244 1812 1298 illos
1841 1244 2124 1315 suspicor.

535 1331 885 1403 QuaprOpter
916 1350 1030 1388 non
1063 1337 1314 1393 externis
1353 1336 1732 1407 dignitatibus
1761 1335 1935 1392 Filius
1965 1335 2127 1391 nobis

537 1424 606 1478 ad
641 1423 828 1480 Patris
872 1428 1252 1497 aequalitatem
1289 1428 1586 1493 formatur,
1639 1444 1822 1498 neque
1873 1429 2024 1483 velut
2071 1428 2128 1482 in

537 1517 726 1573 tabula
757 1521 1017 1590 quapiam
1047 1523 1196 1592 regis
1225 1525 1464 1592 speciem
1495 1538 1559 1578 ac
1593 1522 1827 1577 formam
1863 1523 2130 1577 mentitur

539 1612 657 1666 sola
693 1613 942 1667 colorum
974 1615 1244 1672 varietate
1282 1615 1540 1686 depictus
1563 1656 1578 1682 ,
1615 1616 1715 1671 sed
1754 1621 2046 1670 character
2074 1621 2129 1670 et

538 1703 724 1774 imago
752 1719 943 1758 revera
975 1707 1244 1776 genitoris
1274 1717 1378 1774 est,
1408 1708 1461 1762 in
1493 1708 1736 1778 propriis
1759 1723 1824 1762 ac
1859 1707 2128 1762 naturali-

537 1793 644 1848 bus
659 1795 820 1851 bonis
848 1795 1029 1853 Patris
1047 1806 1302 1853 naturam
1337 1799 1722 1857 manifestans.
1753 1799 1961 1856 Idcirco
1981 1801 2125 1855 enim

2229 599 2583 670 παρενεχθὲν,
2647 598 2746 669 τὴν
2798 597 2948 652 θείαν
2997 599 3434 670 ἀπαραλλάκτως
3472 599 3702 672 φορέσαι
3731 600 3813 656 δύ-

2227 710 2414 763 ναμιν,
2451 692 2546 746 καὶ
2574 693 2782 761 σοφίαν,
2814 691 2958 762 ἔχειν
2981 691 3036 744 δὲ
3065 691 3239 754 οὕτως
3259 692 3336 755 ὡς
3364 691 3430 746 ἂν
3457 695 3629 746 νοοῖτο
3652 691 3812 763 τυχὸν

2227 787 2260 856 ἡ
2296 785 2416 839 θεία.
2476 802 2538 837 τε
2588 785 2682 838 καὶ
2727 785 2965 856 ἄρῤητος
2996 783 3091 836 τοῦ
3117 783 3253 838 Θεοῦ
3291 784 3508 855 Πατρὸς
3537 784 3720 853 φύσις.
3747 787 3812 840 Τί

2227 878 2336 950 γὰρ
2364 877 2430 932 ἂν
2459 877 2545 947 εἰη
2576 876 2638 929 τὸ
2666 876 3042 947 παραλλάττον
3070 876 3149 929 ἔτι
3187 876 3414 947 ποιητοῦ
3451 879 3545 930 καὶ
3569 879 3810 948 ποιήμα-

2227 987 2348 1035 τος;
2377 969 2409 1040 ἢ
2440 970 2493 1023 τί
2513 969 2581 1045 ,τδ
2611 967 2943 1038 μεσολαϐοῦν
2973 969 3068 1021 καὶ
3097 968 3349 1038 διακόψαι
3383 969 3681 1040 δυνάμενον
3713 971 3813 1041 τῆς

2227 1061 2556 1131 ταυτότητος
2585 1061 2684 1132 τῆς
2711 1062 2768 1115 ὲν
2807 1059 2968 1131 οὐσίᾳ
2995 1059 3158 1130 φημὶ,
3188 1059 3250 1113 τὺ
3293 1060 3518 1129 γεγονὸς
3565 1061 3660 1113 τοῦ
3692 1061 3812 1114 κτί-

2232 1171 2424 1218 σαντος
2448 1170 2466 1220 ;
2495 1154 2560 1206 Εἰ
2587 1151 2697 1224 γὰρ
2751 1151 2887 1216 ὅλως
2916 1151 3028 1222 ἔχει
3047 1151 3148 1221 τήν
3179 1168 3240 1204 τε
3291 1151 3450 1215 δόξαν
3477 1151 3572 1204 καὶ
3596 1150 3694 1222 τὴν
3723 1150 3815 1206 δύ-

2229 1264 2422 1316 ναμιν,
2449 1246 2546 1301 καὶ
2561 1245 2660 1314 τὴν
2711 1245 2902 1312 σοφίαν
2931 1243 3118 1310 αὑτοῦ,
3159 1243 3301 1297 κατά
3335 1244 3426 1296 τὸν
3465 1244 3580 1297 ἴσον
3613 1243 3814 1314 τρόπον

2228 1339 2308 1410 τῷ
2334 1339 2455 1410 Θεῷ
2509 1339 2602 1392 καὶ
2656 1337 2853 1408 Πατρὶ,
2885 1336 2940 1389 τί
2969 1337 3030 1390 τὸ
3076 1338 3260 1408 μεῖζον
3297 1337 3356 1389 ὲν
3381 1335 3552 1408 αὐτῷ,
3587 1338 3639 1390 τί
3667 1337 3724 1390 δὲ
3754 1337 3816 1390 τὸ

2231 1430 2392 1484 πλέον
2421 1430 2532 1494 ἕξει
2572 1430 2702 1500 παρ’
2746 1430 2916 1499 ἡμᾶς,
2949 1429 3072 1499 ἦτοι
3115 1428 3214 1497 τὴν
3239 1427 3438 1491 κτίσιν,
3464 1427 3574 1496 ἐγὼ
3610 1427 3710 1498 μὲν
3736 1431 3813 1480 εἰ-

2231 1523 2354 1574 πεῖν
2374 1521 2474 1574 οὐκ
2503 1519 2570 1573 ἂν
2607 1518 2788 1590 ἔχοιμι
2810 1519 3113 1582 παντελῶς,
3143 1518 3445 1589 ἀπορήσειν
3483 1517 3540 1571 δὲ
3569 1517 3814 1588 ὑπολαμ-

2233 1611 2382 1665 ϐάνω
2411 1610 2724 1674 κάκείνους.
2750 1607 2960 1662 Οὐκοῦν
2992 1609 3053 1661 ού
3086 1611 3198 1672 τοῖς
3229 1608 3430 1673 ἔξωθεν
3458 1607 3767 1679 ἀξιώμασιν
3785 1611 3814 1662 ὁ

2232 1703 2360 1767 Υἱὸς
2387 1705 2518 1774 ἡμῖν
2551 1704 2630 1766 εἰς
2647 1703 2744 1774 τὴν
2764 1703 2860 1756 τοῦ
2896 1701 3112 1773 Πατρὺς
3143 1702 3362 1770 ἰσότητα
3396 1698 3812 1771 σχηματίζεται,

2234 1797 2330 1850 καὶ
2364 1799 2428 1850 οὐ
2475 1793 2722 1864 καθάπερ
2769 1811 2853 1858 τις
2881 1795 2938 1847 ὲν
2970 1794 3199 1856 πίνακος
3219 1795 3428 1865 γραφῇ,
3473 1792 3662 1862 μόναις
3685 1794 3817 1864 ἡμῖν

539 1887 657 1940 fieri
687 1903 798 1942 non
833 1904 996 1958 posse
1042 1890 1120 1945 ait
1180 1899 1241 1945 ut
1274 1892 1498 1962 quidam
1534 1902 1842 1964 agnoscant
1875 1892 2121 1958 Patrem,

2233 1891 2354 1953 ταῖς
2389 1888 2498 1942 τῶν
2527 1887 2839 1959 χρωμάτων
2875 1885 3038 1949 ἰδέαις
3071 1886 3576 1950 καταποικίλλεται,
3595 1885 3695 1958 τὴν
3722 1886 3814 1940 τοῦ

537 1975 633 2040 qui
681 1991 772 2042 se,
815 1977 871 2032 id
904 1986 990 2034 cst
1023 1977 1244 2045 Filium,
1278 1997 1388 2036 non
1425 1989 1550 2038 ante
1578 1985 1957 2054 cognoverint.

2244 1979 2507 2050 βασιλέως
2549 1975 2917 2047 πλαττόμενός
2967 1993 3027 2028 τε
3081 1977 3177 2029 καὶ
3215 1975 3544 2046 ψευδόμενος
3578 1974 3814 2044 μορφὴν,

535 2068 656 2122 ἀλλ’
686 2067 804 2122 ἔστι
857 2072 1146 2144 χαρακτὴρ
1173 2074 1269 2126 καὶ
1305 2073 1473 2128 εἰκὼν
1504 2075 1723 2146 ἀληθῶς
1788 2075 1884 2130 τοῦ
1951 2075 2202 2138 τεκόντος
2239 2073 2421 2138 αὑτὸν,
2462 2073 2520 2124 ὲν
2548 2071 2698 2135 ἰδίοις
2716 2072 2811 2124 καὶ
2842 2067 3340 2140 φυσικοῖςάγαθοῖς
3355 2066 3452 2136 τὴν
3477 2065 3570 2119 τοῦ
3606 2067 3814 2137 Πατρδς

535 2163 701 2233 φύσιν
755 2163 974 2234 ἐμφανῆ
1032 2163 1320 2229 καθιστάς.
1375 2167 1475 2220 Διά
1515 2167 1677 2221 τοῦτο
1707 2168 1815 2240 γὰρ
1840 2167 2125 2239 ἀμήχανον
2159 2159 2302 2220 εἷναί
2333 2181 2497 2236 φησιν
2517 2162 2817 2232 ὲπιγνῶναί
2854 2179 2963 2216 τισι
3001 2161 3093 2215 τὸν
3131 2159 3374 2230 Πατέρα,
3445 2159 3569 2230 ούχὶ
3629 2159 3814 2231 πρότε-

539 2271 630 2326 ρον
657 2255 1026 2324 ἐπεγνωκόσιν
1053 2257 1238 2323 αὐτὸν,
1265 2258 1409 2312 τοῦτ’
1435 2259 1572 2325 ἐστι,
1604 2262 1696 2314 τὸν
1729 2261 1876 2315 Υἰόν.

606 2345 746 2412 XIV,
782 2349 834 2402 1.
873 2347 945 2403 Et
997 2351 1191 2405 amodo
1235 2353 1556 2423 cognoscitis
1617 2369 1762 2419 eum,
1817 2361 1867 2408 et
1907 2351 2120 2408 vidistis

535 2454 677 2493 eum.

609 2527 802 2598 Opera:
835 2530 1071 2598 pretium
1105 2540 1194 2587 est
1244 2532 1412 2601 lmjus
1445 2547 1665 2604 quoque
1723 2537 1999 2590 sermonis
2034 2548 2125 2587 or-

537 2618 722 2674 dinem
755 2629 810 2675 et
839 2620 1179 2677 inetfabilem
1235 2622 1661 2693 dispositionem
1719 2625 1928 2679 mirari.
1961 2624 2124 2678 Post-

537 2731 705 2786 quam
757 2716 905 2771 enim
940 2716 1118 2770 dixit:
1170 2734 1190 2769 ι
1235 2715 1292 2771 Si
1340 2717 1746 2783 cognovissctis
1797 2733 1903 2781 me,
1941 2726 1994 2773 et
2020 2717 2123 2772 Pa-

2293 2343 2406 2399 Καὶ
2467 2343 2689 2414 ἀπάρτι
2753 2342 3080 2414 γινώσκετε
3120 2344 3328 2412 αὐτὸν,
3371 2344 3471 2400 καὶ
3519 2345 3813 2413 ἑωράκατε

2221 2438 2432 2492 αὐτόν.

2295 2529 2484 2596 ’Ἄξιον
2515 2523 2667 2599 οἶμαι
2695 2527 2999 2598 Θαυμάσαι,
3055 2528 3150 2581 καί⁵
3204 2526 3314 2600 [Ion
3350 2528 3477 2602 κάν]
3513 2531 3688 2602 τούτῳ
3719 2531 3815 2604 τὴν

2221 2621 2449 2676 ἐνοῦσαν
2470 2621 2548 2692 τῷ
2599 2620 2743 2692 λόγῳ
2784 2620 3102 2692 διασκευὴν,
3129 2621 3224 2673 καὶ
3271 2621 3583 2694 ἀπόρρητον
3613 2625 3815 2676 οἰκονο-

2231 2716 2381 2786 μίαν.
2417 2713 2672 2785 Εἰρηκὼς
2695 2715 2825 2784 γὰρ,
2853 2715 2934 2768 ὅτι
2972 2733 2991 2766 ι
3034 2715 3096 2767 Εἰ
3145 2713 3441 2783 ἐγνώκειτέ
3476 2733 3566 2785 με,
3608 2717 3815 2770 καὶτὸν

539 2815 679 2862 trem
720 2823 902 2862 meum
958 2808 1150 2879 utique
1197 2810 1623 2880 cognovissetis,
1679 2828 1697 2861 ι
1755 2825 1880 2864 cum
1936 2825 2119 2865 rerum

2230 2806 2451 2877 Πατέρα
2515 2805 2580 2859 ἂν
2629 2805 2833 2878 ᾔδειτε,
2879 2825 2897 2858 ι
2943 2807 3038 2860 καὶ
3070 2807 3351 2876 νομισθεὶς
3400 2808 3656 2878 ἐγκαλεῖν
3705 2812 3814 2873 τοῖς

539 2907 650 2953 tam
683 2901 1124 2956 necessariarum
1169 2901 1541 2972 ignorantiam
1575 2901 1913 2972 exprobrare
1963 2901 2123 2956 disci-

2232 2895 2502 2967 μαθηταῖς
2535 2895 2643 2949 τῶν
2676 2895 2852 2960 οὕτως
2890 2896 3208 2966 ἀναγκαίων
3255 2898 3353 2968 τὴν
3382 2898 3627 2969 ἄγνοιαν,
3663 2901 3814 2956 τεθε-

540 2991 686 3060 pulis
719 2988 1062 3054 crederetur,
1103 2991 1409 3046 remedium
1441 2992 1629 3046 statim
1667 2992 1852 3046 attulit
1884 2991 2076 3046 dicens
2103 3009 2116 3045 :

2235 2989 2507 3060 ράπευκεν
2556 2987 2760 3051 εὐθύς·
2817 3008 2836 3040 ι
2886 2988 3143 3058 Ἀπάρτι,
3203 2989 3348 3058 λέγω
3403 2989 3516 3062 [γρ.
3575 2991 3812 3065 λέγων],

545 3102 565 3134 ι
603 3082 819 3137 Amodo
846 3084 1185 3154 cognoscitis
1212 3099 1360 3149 eum,
1394 3093 1447 3139 et
1487 3083 1706 3140 vidistis
1731 3099 1877 3139 eum.
1917 3103 1937 3136 ι
1981 3083 2117 3138 Nam

2229 3081 2525 3151 γινώσκετε
2557 3081 2740 3144 αὐτὸν,
2763 3081 2856 3133 καὶ
2885 3080 3166 3151 ἑωράκατε
3193 3081 3373 3137 αὐτόν.
3391 3103 3408 3134 ι
3457 3083 3680 3155 Ἐπειδὴ
3709 3086 3814 3155 γὰρ

537 3175 668 3244 quia
729 3173 1104 3231 Ecclesiarum
1171 3191 1270 3246 per
1320 3178 1640 3231 universum
1699 3176 1888 3232 orbem
1949 3176 2120 3231 futuri

2230 3171 2485 3242 έμελλλον
2512 3171 2621 3225 τῶν
2645 3169 2988 3240 ἁπανταχόσε
3018 3170 3288 3240 κειμένων
3316 3171 3652 3240 Ἐκκλησιῶν
3679 3175 3811 3239 ἠγε-

537 3273 694 3322 erant
723 3265 1024 3336 praepositi,
1059 3281 1186 3321 cum
1216 3266 1284 3321 ab
1305 3280 1373 3320 eo
1403 3265 1696 3322 audissent
1723 3265 1857 3320 illud
1886 3285 1899 3322 :
1927 3285 1947 3318 ‹
1976 3265 2122 3320 Eun-

2232 3263 2389 3333 μόνες
2417 3262 2656 3326 ἔσεσθαι,
2680 3262 2811 3332 παρ’
2847 3260 3014 3314 αὑτοῦ
3045 3258 3136 3313 τοῦ
3167 3261 3419 3332 Σωτῆρος
3447 3262 3800 3328 ἀκούσαντες,

537 3363 621 3412 tes
652 3355 846 3412 docete
877 3371 1072 3412 omnes
1093 3364 1285 3426 gentes
1308 3355 1412 3420 “,i
1445 3357 1610 3421 hanc,
1648 3359 1870 3428 opinor,
1900 3358 2126 3428 potissi-

538 3465 687 3504 mum
716 3449 787 3504 ob
835 3463 1087 3516 causam,
1125 3464 1254 3504 cum
1291 3449 1502 3504 utiliter
1530 3449 1692 3519 772
1749 3451 1910 3520 prius
1939 3458 2126 3506 osten-

535 3542 733 3606 disset,
759 3555 822 3595 ac
856 3541 1171 3611 generalem
1196 3541 1267 3596 de
1291 3540 1554 3596 omnibus
1576 3539 1987 3610 quodammodo
2015 3557 2128 3597 ser-

540 3647 756 3688 monem
781 3630 1028 3698 fecisset,
1058 3647 1258 3704 nempe
1282 3632 1428 3703 quod
1461 3631 1508 3688 si
1531 3631 1657 3702 quis
1686 3641 1876 3688 nosset
1901 3631 2122 3699 Filium,

533 3729 590 3774 et
609 3737 734 3777 eum
768 3724 958 3792 utique
985 3738 1051 3778 ex
1087 3737 1200 3793 quo
1236 3729 1322 3779 est
1354 3721 1573 3778 Patrem
1603 3735 1672 3776 ac
1706 3721 1878 3778 Deum
1908 3725 2126 3795 agnitu-

537 3827 634 3867 rus
663 3814 758 3878 sit,
795 3815 911 3868 suis
945 3814 1235 3884 discipulis
1295 3814 1669 3882 cognitionem
1715 3815 1931 3881 tribuit,
1971 3815 2123 3869 utili-

540 3915 626 3959 ter
655 3905 900 3974 quidem,
952 3921 1060 3959 non
1098 3905 1169 3959 ad
1220 3904 1497 3975 gratiam:
1554 3919 1657 3959 nec
1711 3907 1858 3959 enim
1917 3906 2124 3976 aliquid

541 3991 668 4046 falsi
729 4007 966 4061 usquam
1025 3993 1269 4057 dix‘erit;
1307 3990 1404 4046 sed
1459 3998 1520 4044 ut
1556 3991 1652 4061 qui
1705 3993 1885 4046 sciant
1940 3994 2125 4064 reipsa

541 4094 706 4154 atque
728 4091 1090 4154 cognoscant.
1123 4083 1254 4137 lllos
1277 4083 1428 4138 enim
1462 4083 1627 4137 etiam
1673 4083 1984 4139 credidisse
2017 4085 2124 4139 Do-

540 4177 750 4231 minum
781 4191 908 4231 vere
937 4190 1062 4231 esse
1103 4175 1199 4232 Dei
1226 4174 1451 4240 Filium,
1510 4190 1857 4246 nequaquam
1890 4177 2120 4232 dubium

537 4281 624 4330 est
653 4279 806 4328 recte
837 4267 1230 4326 sentientibus.
1266 4266 1486 4337 Alioqui
1511 4267 1790 4338 quomodo
1817 4267 2122 4324 Nathanael

539 4368 633 4421 ille
681 4363 931 4420 Israelita
976 4360 1144 4418 simul
1185 4374 1250 4414 ac
1306 4359 1589 4415 audisset:
1628 4377 1646 4411 ι
1708 4359 2037 4430 Priusquam
2069 4371 2123 4418 te
2179 4372 2183 4376 '

537 4457 828 4526 Philippus
860 4462 1106 4518 vocaret,
1129 4467 1255 4509 cum
1277 4467 1432 4508 esses
1464 4453 1569 4507 sub
1592 4453 1724 4518 ficu,
1756 4454 1866 4509 vidi
1899 4461 1987 4522 te;
2021 4473 2039 4506 ι
2060 4454 2122 4509 [ἰ-

536 4547 622 4604 dei
662 4544 1070 4601 confessionem
1125 4541 1312 4596 statim
1349 4540 1560 4607 intulit,
1592 4539 1826 4596 dicens:
1867 4558 1885 4591 ι
1921 4539 2116 4605 Rabbi,

537 4651 595 4696 tu
630 4655 692 4695 es
735 4637 910 4693 Filius
957 4635 1074 4702 Dei,
1123 4643 1181 4689 tu
1218 4649 1280 4689 es
1309 4649 1405 4689 rex
1434 4633 1696 4690 Israel".
1755 4653 1774 4686 ι
1807 4631 2118 4699 Quinetiam

537 4731 776 4787 mirabili
805 4741 859 4785 et
878 4728 1147 4784 inusitata
1173 4725 1389 4779 ratione
1420 4725 1558 4778 mari
1586 4731 1804 4794 pacato,
1838 4721 2116 4794 quomodo

537 4840 666 4880 cum
719 4823 1028 4878 adorabant
1061 4819 1156 4890 qui
1210 4820 1265 4874 in
1319 4817 1528 4888 scapha
1585 4823 1769 4880 erant,
1829 4816 2114 4871 dicentes:

543 4930 562 4964 ι
605 4910 748 4967 Vere
787 4909 962 4966 Filius
1014 4908 1110 4965 Dei
1156 4923 1217 4964 es
1239 4908 1308 4962 ".
1361 4926 1380 4960 ι
1434 4907 1517 4960 An
1569 4921 1702 4977 ergo
1745 4904 2115 4977 ignorantium

539 5003 722 5074 ipsum
753 5017 876 5058 esse
914 5001 1106 5068 Deum,
1137 5009 1192 5055 et
1224 5016 1289 5055 ex
1342 4998 1452 5054 Deo
1480 4997 1640 5053 Patre
1671 4999 1913 5069 genitum
1970 4997 2118 5052 hunc

538 5109 850 5150 sermonem
883 5093 1180 5164 quisquam
1215 5107 1342 5148 esse
1371 5091 1562 5146 dicet?
1592 5091 1661 5145 At
1699 5089 1975 5162 quomodo
2003 5103 2113 5144 non

539 5190 770 5244 insanus
804 5189 898 5244 ille
937 5185 1424 5258 deprehendetur?
1463 5183 1569 5250 Qui
1606 5185 1756 5239 circa
1793 5191 1976 5255 partes
1999 5183 2116 5238 Ca:—

539 5295 713 5336 sareae
749 5278 990 5350 Philippi
1043 5277 1362 5349 interrogati
1413 5283 1544 5332 sunt
1589 5276 1659 5330 ab
1698 5278 1817 5346 ipso
1852 5273 2112 5330 Christo:

545 5390 564 5422 ‹
599 5369 772 5437 Quem
801 5372 992 5426 dicunt
1035 5372 1289 5426 homines
1318 5382 1443 5424 esse
1475 5365 1672 5421 Filium
1708 5367 2033 5431 hominis",
2091 5385 2111 5419 ι

541 5464 790 5533 nunquid
859 5465 1096 5534 primum
1167 5463 1389 5534 quidem
1452 5461 1687 5516 aliorum
1763 5461 2115 5529 conjecturas

543 5555 915 5626 proferebant?
964 5556 1071 5610 Alii
1110 5557 1292 5619 enim,
1325 5555 1604 5625 inquiunt,
1643 5553 1817 5607 Eliam
1865 5566 1988 5607 esse
2016 5567 2114 5621 pu-

545 5656 684 5712 tant,
710 5648 798 5701 alii
826 5647 1138 5712 Jeremiam,
1172 5656 1266 5703 aut
1293 5661 1463 5702 unum
1500 5661 1566 5701 ex
1600 5644 1905 5716 prephetis.
1939 5643 2116 5710 Quem

2228 3355 2311 3417 τὸ,
2357 3373 2375 3405 ι
2414 3353 2778 3424 Πορευθέντες
2831 3352 3214 3425 μαθητεύσατε
3270 3353 3448 3406 πάντα
3479 3352 3548 3406 τὰ
3600 3353 3752 3425 ἔθνη,
3791 3375 3808 3406 ›

2225 3446 2314 3500 διὰ
2341 3447 2568 3515 ταύτην,
2590 3445 2666 3508 ὡς
2709 3438 2942 3515 ἐγῷμαι,
2973 3442 3211 3516 μάλιστα
3236 3444 3332 3514 τὴν
3365 3443 3542 3497 αἰτίαν
3569 3461 3815 3517 προαπο-

2224 3537 2404 3602 δείξας
2459 3535 2765 3608 χρησίμως,
2821 3536 2916 3589 καὶ
2965 3534 3144 3589 κοινὸν
3202 3533 3392 3604 ὥσπερ
3435 3536 3516 3596 εἰς
3570 3535 3814 3600 ἅπαντας

2225 3630 2592 3700 ποιησάμενος
2621 3628 2800 3697 λόγον,
2839 3629 2916 3692 ὡς
2948 3629 3098 3692 εἴτις
3125 3628 3290 3698 εἰδείη
3309 3627 3401 3681 τὸν
3432 3629 3578 3697 Υἰὺν,
3611 3628 3806 3681 είσετσι

2222 3722 2394 3794 δήπου
2424 3723 2647 3787 πάντως
2706 3722 2802 3775 καὶ
2839 3721 2930 3775 τὸν
2978 3721 3039 3786 ἐξ
3082 3716 3254 3793 οῦπερ
3305 3721 3423 3774 ἐστὶ
3470 3723 3694 3794 Πατέρα
3723 3723 3814 3776 καὶ

2222 3817 2376 3881 Θεὸν,
2407 3818 2777 3888 ἐπιμαρτυρεί
2836 3815 3125 3888 χρησίμως
3157 3819 3267 3880 τοῖς
3311 3816 3510 3871 ἑαυτοῦ
3545 3816 3812 3887 μαθηταῖς

2223 3907 2322 3978 τὴν
2343 3907 2642 3974 ἐπίγνωσιν
2665 3907 2727 3958 οὐ
2755 3905 3168 3976 κεχαρισμένως
3195 3923 3205 3936 ·
3233 3905 3293 3957 ού
3325 3905 3433 3978 γὰρ
3466 3905 3532 3959 ἂν
3556 3904 3814 3975 φθέγξαι-

2222 3997 2284 4050 τό
2325 4015 2380 4050 τι
2431 3997 2540 4050 τῶν
2580 3997 2680 4050 οὐκ
2723 3996 2976 4067 ἀληθῶν⁶
3023 3995 3140 4048 ἀλλ’
3187 3995 3356 4060 δντως
3400 3998 3566 4051 εἰδόσι
3611 4015 3672 4050 τε
3718 3997 3815 4051 καί⁵

2223 4087 2614 4156 ὲπεγνωκόσιν.
2648 4088 2770 4141 Ὅτι
2812 4087 2924 4158 γὰρ
2954 4087 3084 4139 Υἰδν
3127 4087 3345 4158 ἀληθῶς
3392 4085 3531 4142 εἶναι
3556 4087 3653 4141 τοῦ
3675 4087 3810 4140 Θεοῦ

2221 4180 2316 4233 τὸν
2371 4180 2599 4252 Κύριον,
2653 4179 2751 4234 καὶ
2805 4179 3288 4246 πεπιστεύκεισαν,
3345 4180 3646 4252 οὐδαμόθεν
3693 4180 3812 4234 ἐστὶ

2222 4274 2336 4336 τοῖς
2371 4268 2429 4326 εῦ
2467 4271 2754 4344 φρονοῦσιν
2789 4272 3110 4344 ἀμφίϐολον.
3160 4274 3314 4326 Ἐπεὶ
3351 4275 3493 4327 κατά
3527 4274 3654 4326 τίνα
3687 4273 3811 4344 τρό-

2223 4382 2325 4419 πον
2347 4363 2640 4435 Ναθαναὴλ
2675 4365 2704 4417 6
2749 4364 3091 4434 Ἰσραηλίτης
3123 4365 3367 4429 ἀκούσας
3388 4381 3402 4395 ·
3436 4382 3455 4416 ι
3492 4365 3606 4435 Πρὸ
3626 4365 3723 4419 τοῦ
3748 4381 3808 4418 σε

2219 4457 2493 4510 Φίλιππον
2515 4455 2765 4520 καλέσαι,
2824 4455 2954 4509 ὄντα
2994 4456 3101 4509 ὑπὸ
3130 4457 3230 4528 τὴν
3273 4459 3445 4528 συκῆν
3491 4452 3632 4510 εἶδόν
3664 4473 3745 4522 σε,
3782 4475 3801 4506 ι

2223 4549 2567 4620 παραχρῆμα
2596 4548 2696 4618 τῆς
2720 4548 2956 4611 πίστεως
2998 4548 3098 4619 τὴν
3139 4547 3431 4618 ὁμολογίαν
3459 4549 3808 4618 εἰσκεκόμικε

2155 4622 2196 4677 D
2222 4640 2396 4708 λέγων
2416 4657 2429 4670 ·
2473 4658 2491 4690 ι
2540 4639 2753 4703 Ῥα66ὶ,
2785 4641 2850 4694 σὺ
2876 4635 2927 4692 εἰ
2949 4642 2977 4694 6
3015 4640 3141 4704 Υἰὸς
3164 4639 3260 4692 τοῦ
3292 4639 3450 4702 Θεοῦ,
3486 4641 3549 4693 σὺ
3578 4636 3629 4692 εἴ
3654 4641 3682 4692 6
3712 4639 3808 4709 βα-

2227 4729 2407 4793 σιλεὺς
2457 4727 2551 4782 τοῦ
2611 4730 2848 4801 Ἰσραήλ.
2895 4749 2913 4782 ι
2951 4731 3060 4785 Καὶ
3106 4732 3213 4802 μὴν
3279 4731 3374 4784 καὶ
3416 4730 3691 4802 θαλάσσης
3745 4747 3807 4783 τε

2224 4821 2540 4894 παραδόξως
2598 4822 2691 4874 καὶ
2715 4823 2999 4894 ἀσυνήθως
3045 4823 3522 4894 κατηυνασμένης,
3554 4823 3671 4885 πῶς
3707 4822 3805 4876 αύ-

2221 4913 2314 4966 τὸν
2341 4911 2712 4983 προσεκύνουν
2748 4913 2798 4965 οἰ
2828 4914 2886 4966 ὲν
2916 4912 2995 4983 τῷ
3025 4912 3224 4981 σκάφει
3256 4913 3506 4982 λέγοντες
3527 4928 3540 4942 ·
3576 4931 3594 4964 ι
3648 4912 3806 4982 ’Δλη-

2225 5003 2333 5067 θῶς
2361 5004 2498 5057 Θεοῦ
2559 5003 2683 5067 Υἰὺς
2704 4999 2773 5057 εἷ.
2805 5022 2824 5054 ι
2851 5000 2977 5075 'Ap’
3033 5000 3146 5070 οὖν,
3178 5006 3279 5058 οὐκ
3333 5004 3552 5058 εἰδότων
3613 5003 3807 5075 ὅτιπερ

2226 5095 2463 5167 ὑπάρχοι
2495 5095 2648 5160 Θεὸς,
2676 5096 2771 5150 καὶ
2818 5099 2878 5149 ὲκ
2922 5096 3057 5149 Θεοῦ
3089 5099 3413 5168 γεγέννηται
3433 5096 3667 5168 Πατρὸς,
3695 5099 3810 5166 ὲρεί

2222 5203 2306 5251 τις
2333 5188 2395 5240 τὸ
2419 5189 2608 5258 ρἦας
2670 5182 2804 5240 Εἶτα
2849 5187 2968 5251 πῶς
3025 5189 3124 5241 οὐκ
3158 5188 3474 5258 ἀμαθαίνων
3504 5190 3532 5240 6
3567 5187 3807 5251 τοιοῦτος

2223 5278 2526 5345 ἀλώσεται;
2567 5279 2701 5344 Περὶ
2749 5278 2817 5332 τὰ
2852 5278 2993 5350 μέρη
3031 5281 3129 5350 τῆς
3165 5280 3434 5334 Φιλίππου
3468 5280 3805 5348 Καισαρείας

2225 5370 2355 5439 παρ’
2405 5369 2572 5422 αὐτοῦ
2621 5368 3020 5440 διερωτώμενοι
3071 5370 3166 5423 τοῦ
3213 5370 3470 5441 Χριστοῦ,
3513 5389 3531 5420 σ
3569 5371 3706 5422 Τίνα
3737 5385 3804 5440 με

2222 5460 2470 5529 λέγουσιν
2508 5461 2558 5514 οἰ
2585 5461 2860 5532 ἄνθρωποι
2894 5463 2986 5517 τὸν
3018 5463 3144 5515 Υἰὸν
3168 5463 3260 5515 τοῦ
3283 5464 3606 5535 ἀνθρώπου;
3635 5482 3651 5513 ι
3682 5459 3808 5533 οὐχὶ

2223 5553 2440 5624 πρῶτον
2472 5556 2570 5625 μὲν
2625 5553 2862 5622 ἔφασκον
2911 5554 3010 5617 τὰς
3060 5554 3263 5624 ἑτέρων
3297 5554 3676 5617 ὑπονοίαςοἰ
3703 5552 3808 5624 μὲν

2224 5645 2354 5715 γὰρ,
2389 5645 2575 5716 φησὶν,
2593 5643 2782 5698 Ἠλίαν
2816 5637 2954 5697 εἶναι
2983 5644 3313 5713 νομίζουσιν,
3349 5646 3397 5698 οἰ
3419 5644 3474 5698 δὲ
3504 5640 3801 5713 Ἱερεμίαν,

616 5829 660 5860 ⁷⁸
695 5827 890 5887 Natth.
924 5845 1119 5900 xxviii,
1161 5834 1245 5888 l9.
1318 5835 1364 5864 ⁷³⁸
1399 5831 1559 5888 Joan.
1603 5849 1662 5899 ι,
1703 5832 1791 5898 48,
1833 5831 1922 5886 49.
1999 5830 2046 5862 ⁷⁸
2082 5828 2271 5884 Matth.
2318 5845 2429 5900 xiv,
2459 5829 2546 5886 '55.
2623 5829 2667 5861 "
2700 5826 2894 5883 Matth.
2933 5843 3042 5892 xw,
3070 5827 3154 5884 l3.
