4076 6270
347 431 448 488 197

1367 419 1433 474 IN
1471 416 1758 476 JOANNIS
1798 412 2249 471 EYANGELIUM
2291 412 2420 468 LIB.
2456 413 2546 467 IX.

3509 419 3612 479 198

345 546 381 616 ἢ
407 545 505 600 ’ἑνα
532 541 640 596 τῶν
663 537 977 612 προφητῶν.
1003 535 1137 589 Τίνα
1157 534 1212 587 δὲ
1246 531 1497 602 λέγουσιν
1526 533 1680 586 αὐτοὶ
1701 530 1925 603 διαρρή-

2034 535 2216 581 autem
2239 542 2364 581 eum
2395 541 2520 581 esse
2551 525 2737 580 dicant
2793 525 2917 597 ipsi,
2984 534 3171 600 aperte
3207 530 3449 599 proﬁteri
3505 551 3613 591 non

345 636 446 707 δην
477 636 652 688 εἰπεῖν
703 632 762 684 οὐ
813 627 1241 699 παραιτούμενοι
1283 626 1352 678 δι’
1393 625 1511 688 ἐνὸς
1535 625 1585 677 οἱ
1606 625 1808 686 πάντες
1830 620 1924 674 τοῦ

347 724 700 799 προῦχοντος.
757 721 966 790 Πέτρος
1021 719 1078 774 δὲ
1120 717 1279 780 αὐτὸς
1333 712 1422 787 ἦν,
1469 717 1568 768 οὐκ
1609 712 1927 776 ἐνδοιαστῶς

347 817 554 886 ἔφασαν
579 832 592 846 ·
629 834 646 865 ι
679 815 750 867 Σὺ
777 808 828 866 εῐ
858 814 887 866 ὁ
917 810 1149 882 Χριστὸς
1168 810 1198 861 ὀ
1222 808 1352 871 Υἱὸς
1381 807 1477 860 τοῦ
1505 805 1641 859 Θεοῦ
1667 805 1761 858 τοῦ
1800 803 1930 868 ζῶν·

342 927 454 973 τος.
496 929 514 961 ι
550 905 781 970 Οὐκοῦν,
836 907 966 958 ὅταν
1021 903 1156 976 λέγῃ
1189 900 1456 970 Χριστός’
1496 917 1514 951 ι
1558 900 1618 952 Εἰ
1653 895 1928 966 ἐγνώκατε

349 1019 437 1071 με,
458 1005 548 1054 καὶ
572 1001 663 1054 τὸν
706 997 924 1067 Πατέρα
967 1011 1070 1065 μου
1096 993 1160 1046 ἂν
1192 992 1391 1064 ᾔδειτε,
1427 1010 1447 1043 ι
1487 991 1562 1061 μὴ
1591 990 1809 1053 πάντως
1833 989 1930 1041 αὑ-

343 1094 454 1154 τοῖς
479 1094 590 1154 τοῖς
618 1089 891 1162 μαθηταῖς
915 1085 1196 1156 ὑπολάϐῃς
1241 1081 1494 1154 εἰρῆσθαι
1518 1081 1579 1134 τὸ
1613 1082 1784 1154 ῥῆμα,
1812 1079 1926 1133 ἀλλ’

342 1186 470 1253 ὅρον
490 1182 679 1252 ῶσπερ
735 1179 856 1234 τινὰ
898 1176 1114 1248 γενικὸν
1149 1178 1262 1238 τοῖς
1296 1173 1638 1244 ἁπανταχόσε
1669 1173 1925 1237 ποιεῖται,

343 1275 408 1327 τὸ
431 1273 538 1327 τῶν
571 1273 741 1340 ἁγίων
769 1269 1082 1324 ἀποστόλων
1128 1268 1419 1339 πρόσωπον
1443 1264 1729 1336 πειραθείς.
1774 1264 1926 1317 Ἐπι-

344 1368 504 1438 τήρει
535 1365 645 1436 γὰρ
668 1365 816 1426 ὅπως
846 1363 1154 1432 εὑρήσομεν
1191 1359 1291 1412 οὐκ
1318 1358 1654 1428 ἠγνοηκότας
1695 1357 1926 1421 αὐτοὺς,

342 1460 425 1512 ὄτι
446 1458 580 1522 Θεός
616 1457 676 1511 τέ
706 1457 845 1517 ἐστι,
867 1453 963 1506 καὶ
1002 1452 1128 1515 Υίὸς
1164 1451 1259 1504 τοῦ
1285 1449 1442 1503 Θεοῦ.
1487 1448 1627 1502 Ἀλλ’
1651 1448 1771 1502 ὁδὸν
1796 1449 1927 1501 ἐαυ-

341 1551 434 1604 τὸν
472 1545 612 1603 εἷναι
658 1549 930 1618 φήσαντος
971 1543 1067 1598 τοῦ
1109 1543 1267 1606 Θεοῦ,
1302 1542 1364 1596 τὸ
1399 1541 1817 1612 αἰνιγματωδῶς
1849 1542 1928 1593 εί-

345 1643 546 1714 ρῆσθαι
575 1641 765 1696 δοκοῦν
815 1641 877 1694 οὐ
908 1640 1114 1710 σφόδρα
1167 1637 1428 1708 συνῆκαν,
1474 1635 1568 1688 καὶ
1601 1635 1733 1704 περὶ
1768 1633 1930 1688 τοῦτο

345 1736 510 1803 μόνον
533 1734 716 1796 αὐτοῖς
775 1731 840 1786 τὸ
885 1731 984 1801 τῆς
1021 1729 1244 1798 ἀγνοίας
1268 1726 1498 1796 αἰτίαμα
1529 1726 1803 1796 στήσεται.
1829 1724 1931 1776 Διά

2034 619 2222 682 veriti,
2275 634 2371 688 per
2424 634 2594 673 unum
2649 634 2842 674 omnes
2890 637 3127 692 cumque
3180 624 3614 690 prarcellentem,

2035 709 2259 766 Petrum
2289 711 2572 777 nimirum,
2619 727 2728 765 non
2773 713 3090 768 dubitanter
3132 714 3430 770 dixerunt:
3473 735 3492 768 ι
3533 715 3615 772 Tu

2035 819 2096 859 es
2146 803 2402 858 Christus
2450 801 2622 858 Filius
2671 803 2761 858 Dei
2801 805 3035 860 viventis
3055 806 3126 860 ⁷⁸.
3161 826 3179 856 ι
3229 809 3442 877 Itaque,
3489 822 3615 862 cum

2035 895 2173 950 dixit
2204 895 2502 951 Christus:
2557 914 2574 947 ι
2614 894 2673 949 Si
2727 897 3128 967 cognovissctis
3162 913 3270 963 me,
3307 908 3362 954 et
3397 898 3615 954 Patrem

2037 1001 2219 1042 meum
2251 987 2676 1052 cognovissetis,
2717 1007 2737 1040 ι
2782 989 2992 1042 dictum
3043 989 3097 1042 id
3143 1005 3268 1045 esse
3320 992 3619 1062 discipulis

2036 1074 2142 1145 ipsi
2181 1077 2406 1129 omnino
2439 1083 2634 1145 putare
2658 1076 2792 1141 noli,
2815 1079 2909 1133 Sed
2939 1077 2992 1131 in
3020 1079 3276 1148 personis
3295 1091 3617 1137 sanctorum

2038 1167 2414 1236 apostolorum
2473 1169 2808 1239 generaliter
2839 1170 2893 1224 id
2937 1171 3202 1226 omnibus
3239 1171 3450 1228 dictum
3494 1176 3616 1230 cxi-

2037 1261 2220 1314 stima.
2246 1261 2484 1316 Advorte
2513 1262 2658 1315 enim
2679 1277 2778 1317 eos
2809 1278 2917 1316 non
2954 1263 3238 1334 ignorasse
3268 1265 3436 1322 Deum
3473 1284 3614 1333 esse,

2040 1347 2245 1420 Deique
2270 1349 2496 1406 Filium.
2530 1352 2638 1406 Sed
2679 1366 2805 1407 cum
2841 1353 2986 1410 Deus
3034 1358 3276 1427 seipsnm
3309 1361 3451 1414 viam
3491 1376 3618 1416 esse

2038 1440 2262 1505 dixerit,
2305 1442 2453 1511 quod
2493 1444 2835 1514 :enigmatice
2869 1446 3096 1517 dignum
3136 1451 3430 1506 videbatur
3471 1453 3617 1507 haud

2040 1533 2272 1587 multum
2299 1534 2702 1603 intellexerunt,
2745 1546 2798 1592 et
2841 1539 2893 1592 in
2940 1542 3046 1595 hoc
3085 1543 3205 1596 solo
3229 1560 3420 1598 eorum
3460 1544 3616 1614 igno-

2044 1624 2187 1680 ratio
2237 1638 2513 1684 versatur.
2583 1627 2796 1684 ldcirco
2866 1632 3011 1686 enim
3081 1645 3371 1705 postquam
3427 1638 3617 1706 paucis

2039 1718 2282 1774 ostendit
2348 1737 2704 1791 nequaquam
2766 1732 3130 1793 percepturos
3182 1728 3330 1796 quod
3391 1728 3618 1799 oblique

341 1825 454 1896 γάρ
481 1841 564 1876 τοι
592 1821 752 1877 τοῦτο
785 1821 1063 1889 διελέγξας
1108 1822 1164 1872 ἐν
1186 1818 1406 1885 ὀλίγοις,
1425 1816 1500 1878 ώς
1528 1815 1588 1868 οὑ
1605 1813 1925 1884 δυνήσονται

2039 1807 2244 1863 dictum
2271 1811 2342 1865 sit
2372 1813 2475 1876 eis,
2505 1813 2705 1868 deinde
2756 1815 3084 1884 generaliter
3125 1816 3178 1870 id
3232 1819 3487 1874 omnibus
3526 1821 3615 1874 di-

343 1915 588 1970 συνιέναι
610 1914 672 1966 τὸ
733 1912 978 1981 πλαγίως
1021 1908 1308 1980 εἰρημένον
1354 1905 1560 1968 αὐτοῖς,
1601 1899 1721 1956 εἶτα
1752 1902 1930 1956 κοινὸν

343 2007 516 2062 ἅπασι
551 2003 778 2077 προθεὶς
803 2001 1050 2056 ἐντεῦθεν
1083 2001 1262 2069 λόγον,
1295 1997 1514 2062 διδάξας
1535 2013 1593 2049 τε
1614 1994 1822 2064 σαφῶς,
1856 1994 1931 2058 ὡς

343 2101 440 2154 καὶ
462 2099 625 2153 αὐτὸν
647 2098 757 2172 lla.
789 2094 975 2167 αὐτὸς]
1007 2094 1414 2165 ζημιωθήσεται
1457 2093 1560 2164 τὴν
1587 2093 1668 2156 είς
1700 2092 1788 2146 τὸν
1816 2093 1930 2144 Πα-

345 2191 480 2262 τέρα
501 2189 724 2259 γνῶσιν,
751 2189 812 2252 ὃς
829 2190 896 2243 ἂν
918 2189 1164 2260 ἀγνοήσῃ
1186 2185 1277 2240 τὸν
1314 2185 1465 2250 Υἱὸν,
1488 2185 1564 2249 ὡς
1600 2186 1699 2258 ἤδη
1729 2185 1930 2255 διωμο-

350 2284 607 2354 λογηκόσι
633 2283 728 2352 τὴν
757 2281 940 2335 πίστιν
967 2282 1078 2343 τοῖς
1100 2278 1390 2349 μαθηταῖς,
1424 2278 1651 2342 εἰκότως
1673 2279 1770 2350 τὴν
1791 2278 1932 2347 γνῶ-

355 2391 440 2427 σιν
469 2371 830 2444 ἐπιμαρτυρεῖ
851 2372 1025 2441 λέγων
1049 2388 1062 2401 ο
1103 2389 1121 2423 ι
1171 2369 1718 2443 ’Δπάρτιγινώσκετε
1741 2372 1927 2435 αὑτὸν,

355 2467 448 2519 καὶ
478 2466 754 2538 ἑωράκατε
783 2465 962 2518 αὐτόν.
1003 2482 1023 2515 ι
1055 2463 1128 2516 Τὸ
1163 2461 1221 2516 δὲ
1263 2463 1478 2532 ἀπάρτι
1514 2463 1668 2533 φησὶ,
1701 2463 1819 2538 οὐχ).
1839 2464 1932 2534 δή-

356 2574 460 2610 που
491 2536 705 2620 πάντως
751 2556 810 2621 ἐξ
857 2553 1074 2624 ἐκείνης
1095 2551 1192 2623 τῆς
1219 2552 1394 2624 ὧρας,
1416 2553 1535 2624 ἢτοι
1564 2553 1661 2622 τῆς
1689 2536 1927 2623 ἡμέᾖαςν

352 2648 475 2702 καθ’
503 2647 681 2719 ἤνπερ
728 2647 914 2710 αὐτοῖς
937 2645 1067 2708 τοὺς
1091 2645 1220 2716 περὶ
1249 2644 1358 2698 τῶν
1392 2643 1652 2697 τοιούτων
1695 2644 1930 2697 ἐποιεῖτο

348 2740 572 2808 λόγουςο
616 2739 675 2792 τὸ
719 2739 776 2792 δὲ
801 2737 1021 2807 ἀπάρτι
1086 2737 1284 2807 φησὶν,
1347 2733 1797 2806 ἀντιπαρεξάγων
1851 2736 1932 2806 τῷ

345 2831 580 2901 ἀρχαίῳ,
607 2829 701 2884 καὶ
720 2827 942 2902 πρώτῳ,
967 2828 1059 2881 τὸν
1095 2827 1368 2899 ἀρτιφανῆ
1415 2827 1511 2880 καὶ
1539 2827 1658 2880 νέον
1698 2826 1798 2896 τῆς
1828 2827 1928 2880 αὺ-

343 2920 437 2973 τοῦ
469 2919 775 2990 παρουσίας
827 2917 1040 2989 καιρὸν,
1097 2917 1219 2971 καθ’
1251 2917 1311 2970 ὃν
1332 2916 1691 2988 λαμπροτέρα
1737 2917 1930 2985 γέγονε

343 3014 454 3076 τοῖς
491 3011 635 3066 κατά
697 3011 878 3064 πᾶσαν
929 3009 1028 3081 τὴν
1081 3009 1491 3080 οἱκουμένην,ή
1534 3010 1663 3079 περὶ
1716 3009 1930 3081 Πατρὸς

342 3101 543 3170 γνῶσις
564 3101 651 3154 διὰ
685 3100 781 3154 τοῦ
816 3100 969 3153 Υῑοῦ.
1029 3099 1130 3153 Διά
1178 3101 1288 3171 γάρ
1325 3118 1407 3154 τοι
1440 3099 1619 3165 τοῦτο,
1653 3101 1747 3153 καὶ
1767 3103 1825 3153 ἐν
1848 3100 1928 3171 βί-

2037 1912 2184 1955 ctum
2213 1903 2565 1973 signiﬁcavit,
2600 1922 2664 1960 ac
2698 1907 2988 1962 manifeste
3011 1907 3200 1963 docuit
3235 1911 3415 1981 ipsum
3437 1912 3618 1967 Patris

2034 1995 2349 2066 cognitione
2397 1998 2653 2051 orbatum
2711 2001 2779 2054 iri
2819 2002 2914 2070 qui
2973 2001 3172 2055 Filium
3237 2004 3613 2072 ignoraverit,

2035 2086 2198 2155 quasi
2232 2085 2348 2155 jam
2387 2087 2548 2141 ﬁdem
2599 2088 2868 2156 professrs
2914 2090 3206 2159 discipulis
3240 2093 3615 2161 cognitionem

2033 2177 2287 2231 attribuit
2335 2177 2568 2232 dicens:
2631 2197 2650 2230 ι
2708 2180 2921 2234 Amodo
2971 2183 3309 2250 cognoscitis
3347 2199 3506 2250 eum,
3562 2191 3618 2239 et

2035 2267 2253 2324 vidistis
2283 2283 2430 2322 eum.
2466 2289 2485 2320 ι
2516 2270 2720 2324 Amodo
2756 2282 2935 2325 autem
2978 2269 3135 2337 dicit,
3173 2289 3282 2327 non
3317 2275 3509 2345 utique
3548 2291 3617 2329 ex

2035 2359 2126 2412 illa
2164 2359 2322 2421 bora,
2355 2360 2472 2416 sive
2497 2360 2587 2415 die
2615 2376 2725 2431 qua
2751 2361 2819 2416 de
2856 2362 2942 2417 bis
2989 2364 3052 2418 ad
3096 2380 3192 2420 eos
3243 2367 3408 2420 verba
3457 2366 3612 2432 fecit,

2035 2455 2129 2508 sed
2182 2454 2342 2524 773
2393 2455 2584 2508 amodo
2620 2457 2718 2520 ait,
2762 2471 3048 2526 apponens
3104 2461 3277 2514 veteri
3329 2476 3393 2516 ac
3436 2462 3616 2532 primo

2033 2561 2229 2600 recens
2252 2561 2315 2600 ac
2337 2562 2537 2600 novum
2565 2548 2685 2618 ejus
2711 2551 2986 2605 adventus
3013 2562 3251 2621 tempus,
3288 2569 3400 2624 quo
3434 2555 3614 2609 mani-

2033 2635 2227 2691 festior
2253 2637 2355 2691 fuit
2383 2653 2482 2708 per
2517 2641 2836 2695 universum
2888 2651 3160 2696 terrarum
3204 2644 3399 2699 orbem
3433 2646 3637 2701 Patris-

2033 2730 2272 2800 cognitio
2308 2745 2404 2799 per
2433 2729 2654 2785 Filium.
2687 2731 2904 2787 Idcirco
2925 2734 3072 2788 enim
3109 2744 3163 2789 et
3204 2737 3258 2790 in
3298 2737 3438 2792 libro
3465 2738 3617 2793 Psal-

2033 2835 2246 2875 morum
2271 2831 2530 2891 tanquam
2554 2821 2620 2875 ad
2654 2819 2824 2876 Deum
2859 2833 2915 2879 et
2951 2824 3166 2883 Patrem
3206 2828 3322 2882 ait:
3353 2846 3372 2880 ι
3412 2828 3606 2884 Miriﬁ-

2031 2919 2156 2966 cata
2194 2919 2278 2968 est
2329 2911 2559 2968 scicntia
2595 2918 2689 2965 tua
2732 2928 2798 2966 ex
2851 2931 2939 2969 me
2960 2916 3028 2971 ⁷⁸.
3089 2936 3108 2968 ι
3170 2917 3366 2972 Filium
3393 2911 3615 2990 'quippc

2035 3003 2318 3059 miraculis
2366 3018 2588 3058 omnem
2637 3004 2948 3060 orationem
2995 3008 3389 3064 excedentibus
3430 3012 3612 3079 splen-

2033 3095 2251 3151 dentem
2291 3097 2626 3166 conspicati,
2661 3105 2715 3152 et
2764 3113 2889 3152 cum
2928 3109 3203 3169 petestate
3259 3101 3372 3158 Deo
3410 3119 3613 3160 conve-

341 3193 455 3264 ϐλῳ
494 3191 764 3262 Ψαλμῶν,
821 3190 898 3254 ὡς
949 3191 1085 3262 πρὸς
1131 3191 1264 3244 Θεὸν
1311 3191 1406 3244 καὶ
1448 3192 1668 3262 Πατέρα
1723 3190 1924 3262 φησίνσ

2037 3189 2209 3243 nienti
2242 3187 2402 3243 facile
2441 3190 2817 3260 quodcunque
2865 3192 3028 3248 vellet
3075 3192 3390 3260 facientem,
3432 3197 3613 3250 mirati

347 3305 364 3337 ι
418 3282 849 3354 Ἐθαυμαστώθη
897 3284 930 3354 ἡ
977 3283 1179 3352 γνῶσίς
1234 3300 1328 3336 σου
1359 3283 1417 3350 ἐξ
1455 3282 1614 3354 ἐμοῦ.
1649 3303 1668 3336 ι
1719 3283 1924 3356 Ἐωρα-

339 3377 495 3441 κότες
522 3377 633 3448 γὰρ
671 3379 785 3442 τοῖς
831 3377 972 3446 ὑπὲρ
1011 3374 1170 3444 λόγον
1228 3373 1764 3446 θαυματουργήμασι
1808 3373 1924 3428 δια-

343 3471 622 3542 πρέποντα
666 3469 761 3524 τὸν
809 3468 961 3532 Υίὸν,
989 3469 1083 3521 καὶ
1134 3466 1274 3538 μετὰ
1315 3465 1652 3537 θεοπρεποῦς
1675 3465 1924 3531 ἐξουσίας

341 3559 723 3631 κατορθοῦντα
774 3558 972 3630 ῥᾳδίως
999 3559 1136 3630 ὅπερ
1187 3556 1253 3611 ἂν
1293 3556 1556 3627 βούλοιτο,
1583 3555 1926 3625 τεθαυμάκα-

344 3669 447 3721 μεν
485 3649 736 3702 ἐντεῦθεν
770 3649 869 3720 τὴν
921 3648 1016 3701 τοῦ
1080 3648 1295 3719 Πατρὸς
1335 3647 1559 3715 γνῶσιν,
1587 3648 1687 3718 οὐχ
1725 3647 1924 3718 ἑτέρως

341 3741 576 3811 ἔχουσαν
605 3739 912 3804 ἐννοοῦντες
956 3739 1146 3812 αὐτὴν,
1181 3739 1216 3810 ἢ
1265 3737 1453 3810 ὥσπερ
1495 3738 1641 3791 ἐστὶν
1673 3739 1708 3809 ἡ
1743 3739 1836 3792 τοῦ
1867 3740 1925 3805 ἐξ

343 3829 511 3886 αὑτοῦ
536 3829 890 3902 προελθόντος
905 3830 1056 3886 Υίοῦ.
1081 3851 1100 3883 ι
1142 3830 1372 3903 Ἀπάρτι
1413 3828 1591 3883 τοίνυν
1630 3829 1924 3901 γινώσκετε

343 3923 528 3987 αὐτὸν,
559 3923 656 3976 καὶ
687 3922 966 3993 ἑωράκατε
1028 3923 1211 3978 αὐτόν.
1245 3941 1264 3975 ι
1319 3922 1668 3992 Ἑγνώκαμεν
1723 3922 1830 3995 γὰρ
1866 3924 1923 3976 ἐν

341 4014 477 4086 Υίῷ,
514 4015 766 4086 καθάπερ
814 4015 950 4086 ἔφην
1003 4016 1226 4087 ἀρτίως,
1284 4015 1369 4078 τίς
1416 4016 1445 4068 ό
1505 4015 1714 4087 Πατὴρ,
1747 4017 1842 4070 καὶ
1860 4017 1921 4069 οὐ

339 4109 500 4178 μόνον
561 4105 992 4177 ἐπεγνώκαμεν,
1050 4107 1188 4162 ἀλλά
1246 4107 1339 4160 καὶ
1367 4105 1752 4175 ἐθεασάμεθα,
1803 4107 1922 4178 ἤτοι

335 4197 684 4269 ἑωράκαμεν,
730 4197 796 4250 Ἡ
851 4197 952 4267 μὲν
1005 4197 1114 4269 γὰρ
1151 4197 1349 4266 γνῶσις
1391 4196 1489 4268 τὴν
1537 4197 1624 4250 διὰ
1671 4197 1779 4250 τῶν
1838 4197 1923 4249 ἐν·

333 4290 492 4344 νοιῶν
525 4291 754 4362 θεωρίαν
782 4291 1054 4362 ὑπώηλοί,
1083 4291 1150 4362 ἢν
1185 4291 1251 4345 ἀν
1284 4309 1370 4355 τις
1406 4291 1560 4345 λάϐοι
1591 4291 1755 4362 τυχὸν
1794 4293 1924 4363 περὶ

333 4385 433 4454 τῆς
485 4381 637 4447 θείας
679 4401 739 4436 τε
774 4384 869 4437 καὶ
917 4385 1156 4455 ἀρρήτου
1209 4383 1444 4452 φύσεως,
1496 4385 1596 4456 τῆς
1639 4387 1732 4440 ἐπὶ
1781 4387 1921 4440 πάν-

334 4495 436 4540 τας
476 4478 640 4548 φημὶ,
673 4479 767 4532 καὶ
794 4477 883 4530 διὰ
927 4477 1166 4540 πάντων,
1200 4475 1296 4528 καὶ
1329 4477 1386 4529 ἐν
1420 4477 1577 4529 πᾶσι.
1605 4478 1679 4530 Τό
1707 4494 1772 4545 γε
1813 4479 1922 4549 μὴν

2033 3297 2230 3335 sumus
2255 3281 2382 3334 hinc
2422 3279 2606 3335 Patris
2641 3283 3014 3353 cognitionem
3056 3286 3221 3340 aliter
3267 3301 3387 3340 eam
3413 3302 3473 3342 se
3501 3302 3612 3342 non

2031 3373 2234 3429 habere
2267 3383 2543 3444 putantes,
2577 3391 2740 3445 quam
2775 3377 3052 3447 quomodo
3084 3393 3143 3432 se
3179 3378 3343 3434 habet
3371 3379 3616 3450 cognitio

2030 3465 2384 3534 procedentis
2407 3482 2473 3521 ex
2508 3467 2628 3537 ipso
2673 3467 2816 3524 Filii.
2857 3487 2876 3520 ι
2936 3469 3151 3523 Amodo
3185 3470 3354 3540 igitur
3407 3487 3614 3545 cogno-

2031 3557 2188 3613 scitis
2217 3573 2366 3625 eum,
2398 3566 2452 3613 et
2480 3560 2702 3614 vidistis
2733 3576 2880 3616 eum.
2931 3579 2949 3613 ι
2983 3562 3327 3630 Agnovitnus
3359 3565 3503 3619 enim
3556 3566 3612 3620 in

2030 3649 2195 3714 Filio,
2229 3659 2288 3704 ut
2317 3667 2467 3706 nunc
2503 3653 2744 3716 aiebam,
2774 3654 2902 3723 quis
2927 3654 2986 3708 ﬁt
3016 3653 3200 3718 Pater,
3231 3672 3408 3727 neque
3433 3658 3610 3713 solum

1989 3817 1996 3822 I
2031 3741 2381 3814 agnovimus.
2419 3743 2514 3798 sed
2565 3751 2620 3799 et
2657 3746 3015 3814 contemplati
3063 3762 3279 3813 sumus,
3331 3763 3427 3804 seu
3467 3749 3611 3802 vidi-

2029 3852 2176 3891 mus.
2221 3836 2457 3908 Cognito
2515 3837 2662 3892 enim
2709 3838 3028 3895 intellectus
3085 3841 3610 3911 contemplationem

2030 3927 2326 3998 significat,
2370 3944 2540 3998 quam
2570 3930 2638 3983 de
2664 3929 2850 3984 divina
2881 3939 2934 3985 et
2955 3931 3226 3987 ineffabili
3254 3941 3453 3987 natura
3481 3935 3610 4004 quis

2032 4019 2220 4074 forsan
2249 4020 2476 4090 ceperit,
2515 4035 2637 4090 qua:
2664 4035 2830 4092 supra
2856 4037 3069 4088 omnes,
3097 4030 3152 4078 et
3184 4038 3279 4094 per
3313 4041 3526 4092 omnes,
3557 4036 3612 4081 et

2031 4111 2087 4164 in
2111 4110 2369 4167 omnibus
2398 4122 2503 4168 est.
2538 4111 2752 4168 Vidisse
2780 4129 2945 4183 porro
2999 4123 3205 4170 certam
3242 4115 3402 4172 ﬁdem
3437 4118 3608 4172 mira-

2029 4201 2170 4255 culis
2201 4199 2402 4255 factam
2439 4201 2742 4271 signiﬁcat.
2767 4201 2886 4258 Non
2910 4205 3054 4259 enim
3079 4206 3256 4260 solum
3279 4208 3610 4278 agnovimus

2028 4292 2245 4349 Patrem
2307 4295 2472 4350 vitam
2532 4310 2660 4350 esse
2710 4297 3014 4352 Secundum
3066 4306 3348 4364 naturam,
3403 4315 3505 4355 nec
3552 4300 3609 4354 in

2030 4386 2194 4440 nudis
2223 4401 2288 4440 ac
2313 4387 2480 4442 meris
2505 4388 2940 4458 cogitationibus
2963 4390 3128 4447 istius
3155 4391 3235 4447 rei
3274 4392 3525 4447 notitiam
3552 4393 3605 4446 in

2029 4477 2191 4532 nobis
2225 4477 2554 4533 habuimus:
2591 4480 2644 4532 in
2678 4477 2817 4532 Filio
2844 4481 2936 4549 qui
2969 4482 3211 4537 viviﬁcat
3244 4493 3516 4550 mortuos,
3556 4497 3612 4540 et

342 4573 490 4636 ἰδεῖν,
517 4573 617 4644 τὴν
663 4572 750 4625 διὰ
801 4571 910 4624 τῶν
947 4569 1482 4642 τερατουργημάτων
1542 4570 1918 4644 πληροφορίαν

2031 4569 2094 4624 ad
2125 4585 2251 4625 esse
2275 4578 2569 4640 corruptos
2601 4570 2784 4626 denuo
2811 4573 3048 4640 reducit,
3083 4590 3191 4630 non
3224 4578 3405 4631 solum
3441 4591 3611 4646 agno-

338 4665 616 4736 σημαίνει.
649 4663 724 4721 UO
769 4663 878 4736 γὰρ
926 4665 1088 4736 μόνον
1136 4661 1457 4732 ἐγνώκαμεν
1507 4663 1588 4716 ὅτι
1632 4663 1745 4734 ζωὴ
1783 4665 1926 4718 κατά

337 4757 498 4827 φύσιν
528 4756 676 4810 ἐστὶν
700 4756 955 4828 ὁΠατὴρ,
993 4753 1117 4808 οὑδέ
1170 4754 1229 4805 ἐν
1257 4751 1441 4821 ψιλαῖς
1489 4755 1584 4807 καὶ
1626 4754 1814 4822 μόναις
1837 4755 1924 4808 ἐν·

332 4851 503 4915 νοίαις
557 4850 658 4921 τὴν
681 4849 776 4902 τοῦ
834 4849 1160 4920 πράγματος
1203 4845 1408 4916 εἴδησιν
1433 4846 1491 4898 ἐν
1522 4847 1732 4910 ἑαυτοῖς
1763 4847 1926 4919 ἐσχή-

338 4961 516 5014 καμεν
539 4960 554 4974 ⁸
583 4944 642 4997 ἐν
703 4941 821 5012 Υίῷ
880 4938 1378 5005 ζωοποιοῦντιτοὺς
1429 4938 1678 5009 νεκροὺς,
1711 4938 1806 4993 καὶ
1845 4941 1926 5002 εἰς

335 5039 396 5091 τὸ
420 5035 560 5090 εἶναι
609 5036 771 5091 πάλιν
824 5033 1212 5104 ἀνακομίζοντι
1256 5032 1381 5094 τοὺς
1411 5030 1916 5101 κατεφθαρμένους,

335 5132 395 5184 οὐ
428 5129 590 5201 μόνον
612 5131 952 5198 ἐγνώκαμεν,
998 5127 1080 5179 ὅτι
1127 5126 1309 5179 πᾶσαν
1341 5123 1446 5176 ὑπὸ
1483 5124 1649 5187 πόδας
1683 5122 1795 5194 ἔχει
1819 5123 1918 5195 τὴν

337 5224 513 5277 κτίσιν
552 5224 581 5276 ὁ
612 5222 742 5285 Θεὸς
791 5221 888 5274 καὶ
933 5219 1146 5288 Πατὴρ,
1200 5216 1431 5271 καὶτῶν
1458 5217 1587 5287 παρ’
1617 5214 1782 5269 αὐτοῦ
1822 5233 1919 5285 γε-

336 5317 572 5384 γονότων
638 5311 1052 5380 κατεξουσιάζει
1110 5308 1428 5381 βασιλικῶς,
1499 5307 1575 5371 ὼς
1620 5307 1796 5361 πάντα
1848 5308 1917 5362 τὰ

337 5410 478 5481 ἔργα
505 5408 741 5461 σείεσθαξ
787 5425 846 5460 τε
891 5407 958 5459 δι’
994 5405 1176 5469 αὐτὸν,
1210 5402 1305 5456 καὶ
1344 5401 1593 5472 τρέμειν,
1635 5402 1774 5454 κατά
1821 5417 1916 5468 γε-

338 5499 658 5575 γραμμένον
685 5519 696 5532 ·
731 5500 844 5554 ἀλλ’
875 5500 1088 5571 εἴδομεν
1131 5498 1260 5550 ὄντα
1286 5493 1527 5550 τοιοῦτον
1566 5494 1658 5548 καὶ
1691 5496 1747 5546 ἐν
1779 5493 1914 5564 Υἱῷ,

336 5593 424 5646 ὅτε
449 5591 689 5664 θαλάττῃ
738 5591 833 5643 καὶ
876 5589 1182 5659 πνεύμασιν
1206 5585 1499 5654 ἐπιτιμῶν,
1535 5584 1672 5656 μετά
1716 5585 1918 5655 πολλῆς

337 5684 438 5754 ἔφη
464 5683 564 5752 τῆς
587 5682 857 5749 ἐξουσίας
887 5701 904 5733 ι
933 5679 1142 5743 Σιώπα,
1169 5676 1476 5748 πεφίμωσο.
1505 5695 1524 5728 ι
1565 5676 1781 5746 Ἐπειδὴ
1807 5676 1920 5728 τοί-

2023 4662 2204 4717 vimus
2238 4660 2408 4716 Deum
2446 4676 2510 4714 ac
2553 4661 2773 4716 Patrem
2810 4665 3124 4720 universam
3188 4666 3423 4736 pedibus
3490 4665 3610 4720 suis

2023 4753 2339 4823 subjectam
2370 4753 2577 4810 habere
2624 4766 2936 4810 creaturam
2962 4757 3030 4821 ⁸ο,
3067 4758 3440 4828 omnibusque
3483 4771 3514 4810 a
3551 4772 3610 4812 se

2023 4845 2186 4901 factis
2247 4845 2543 4914 imperare,
2607 4846 2744 4901 adeo
2792 4857 2851 4902 ut
2903 4849 3090 4903 omnia
3159 4864 3330 4919 opera
3379 4849 3609 4903 timeant

2023 4936 2224 5006 ipsum,
2283 4943 2448 5006 atque
2501 4939 2861 5002 tremiscant,
2904 4948 2964 4994 ut
3002 4942 3272 5012 scriptum
3311 4941 3484 4996 est“.
3538 4942 3609 4994 At

2023 5031 2278 5086 videmus
2311 5030 2476 5084 talem
2510 5039 2562 5085 et
2587 5030 2640 5084 in
2677 5028 2820 5086 Filio
2865 5033 3134 5086 exsistere
3186 5047 3311 5086 cum
3371 5046 3522 5087 mare
3555 5042 3608 5085 ct

2023 5128 2219 5177 ventos
2265 5121 2579 5191 increpans.
2632 5137 2829 5194 magna
2861 5137 2988 5177 cum
3044 5130 3317 5192 potestate
3349 5122 3605 5178 dicebat:

2034 5234 2052 5266 ι
2095 5213 2258 5278 Tace,
2308 5214 2717 5270 obmutesce”.
2763 5235 2781 5266 ι
2835 5215 3108 5280 Quoniam
3169 5229 3301 5285 ergo
3356 5215 3610 5272 dicturus

2027 5316 2146 5360 erat
2179 5321 2288 5358 non
2343 5304 2524 5359 solum
2561 5305 2899 5375 cognovistis
2947 5303 3186 5369 Patrem,
3238 5305 3333 5359 sed
3375 5312 3429 5360 et
3467 5306 3609 5360 vidi-

2028 5396 2150 5457 stis,
2173 5394 2613 5462 przemittendum
2643 5393 2956 5447 necessario
2975 5395 3184 5461 putavit
3213 5394 3374 5458 illud,
3392 5397 3604 5457 amodo,

2027 5503 2191 5559 quam
2227 5502 2357 5542 vero
2401 5487 2471 5540 ob
2519 5486 2785 5539 causam?
2836 5485 2943 5538 Lex
3003 5485 3150 5538 enim
3184 5486 3422 5541 Mosaica
3480 5489 3609 5541 ﬁliis

2026 5578 2194 5634 Israel
2225 5578 2596 5631 inclamabat:
2634 5594 2651 5625 ‹
2695 5575 2960 5632 Dominus
2985 5577 3129 5633 Deus
3161 5590 3308 5644 tuus,
3342 5578 3609 5634 Dominus

2029 5687 2173 5724 unus
2209 5677 2293 5723 est
2315 5669 2383 5729 ⁸³,
2424 5686 2441 5719 ›
2481 5681 2657 5735 neque
2700 5669 2978 5726 veteribus
3007 5671 3073 5725 de
3102 5670 3239 5725 Filio
3272 5671 3606 5724 mentionem

403 5799 446 5827 ’³⁸
481 5795 676 5851 Matth.
711 5812 827 5861 xvr,
869 5796 956 5851 16.
1033 5793 1246 5849 "Psal.
1284 5806 1550 5854 cxxxvtn,
1580 5790 1633 5844 6.
1710 5789 1755 5821 ⁸ο
1790 5789 2060 5859 prcs.1,
2106 5787 2192 5840 32.
2272 5781 2316 5814 ⁸⁸
2346 5781 2469 5846 Job,
2497 5794 2645 5842 xxvt,
2694 5779 2776 5834 ll.
2855 5787 2898 5816 δ’
2931 5785 3094 5840 Marc.
3132 5802 3204 5848 iv,
3231 5785 3322 5836 59.
3387 5779 3604 5834 "Deut.

338 5883 387 5922 γι
417 5911 427 5933 ,
478 5871 529 5922 4.
