4076 6270
492 364 594 422 199

1484 366 1545 424 S.
1577 365 1857 423 CYRILLI
1900 364 2375 422 ALEXANDRINI
2415 363 2736 422 ARCIllEP.

3656 368 3764 420 2M)

492 486 753 550 faciebat,
777 485 870 542 sed
907 501 936 540 a
965 485 1264 540 multorum
1301 483 1530 538 deorum
1564 486 1723 540 cultu
1770 501 1871 542 eos
1921 486 2071 541 dun-

2184 505 2267 542 νυν
2293 487 2516 558 ἔμελλεν
2535 487 2700 557 ἐρεῖν,
2724 486 2806 539 ὅτι
2833 485 2891 537 οὐ
2923 485 3081 555 μόνον
3111 483 3389 552 ἐγνώκατε
3409 484 3500 537 τὸν
3521 484 3763 556 Πατέρα,

492 586 651 632 taxat
684 579 1017 640 abstractos,
1046 578 1111 631 ad
1153 577 1322 632 unius
1373 577 1758 632 adorationem
1817 578 2074 633 vocabat.

493 672 760 726 Dominus
791 676 970 724 autem
1004 676 1195 722 noster
1232 665 1396 723 Jesus
1427 666 1709 736 Christus,
1748 683 1874 722 cum
1913 668 2078 724 homo

491 765 675 820 factus
697 775 802 826 est,
851 779 949 833 per
996 763 1167 816 multa
1204 763 1361 834 signa
1392 772 1446 818 et
1487 777 1658 833 opera
1707 763 2080 818 manifestavit

491 857 654 910 nobis
688 871 784 926 per
806 857 1053 926 seipsum
1085 854 1324 920 Patrem,
1358 870 1638 925 unamque
1687 855 1931 911 ostendit
1963 855 2080 910 dei-

491 949 621 1003 tatis
651 957 904 1002 naturam
935 949 990 1002 in
1035 956 1227 1002 sancta
1263 946 1540 1003 Trinitate
1571 963 1702 1003 vere
1765 948 2078 1004 subsisten-

489 1049 621 1098 tem.
648 1040 818 1096 Recte
849 1043 1032 1110 itaque
1086 1040 1222 1095 illud
1253 1039 1447 1094 amodo
1484 1040 1562 1094 ait
1595 1048 1825 1111 propter
1861 1042 2080 1110 imper-

491 1133 787 1190 fectionem
813 1132 1152 1204 cognitionis
1177 1147 1369 1186 eorum
1401 1130 1496 1202 qui
1551 1131 1904 1201 disciplinam
1943 1129 2079 1200 legis

491 1225 808 1291 observant,
850 1235 904 1281 et
966 1226 1064 1296 qui
1114 1225 1332 1280 illorum
1385 1231 1696 1294 sequuntur
1735 1223 2074 1278 institutum.

490 1321 804 1377 Notandum
853 1336 986 1376 vero
1027 1320 1200 1390 quod,
1254 1334 1379 1374 cum
1431 1319 1676 1388 seipsum
1729 1317 1853 1371 loco
1900 1315 2079 1371 Patris

492 1422 852 1483 conspectum
888 1427 1010 1467 esse
1038 1412 1192 1476 dicit,
1219 1427 1328 1466 non
1359 1417 1523 1481 negat
1551 1424 1682 1464 vere
1715 1407 1881 1479 774
1926 1415 1980 1462 et
2021 1407 2079 1462 in

492 1506 715 1574 propria
741 1504 1026 1576 bypostasi
1060 1520 1188 1558 eum
1211 1520 1278 1558 ex
1309 1518 1416 1573 quo
1447 1510 1554 1567 est,
1576 1501 1744 1556 Deum
1769 1516 1833 1555 ac
1860 1499 2078 1554 Patrem

490 1597 786 1653 exsistere.
844 1595 952 1651 Sed
992 1612 1168 1666 neque
1229 1595 1472 1665 seipsum
1523 1593 1743 1649 Patrem
1799 1606 1925 1648 esse
1979 1594 2075 1656 ait,

490 1697 767 1760 quantum
802 1689 868 1744 ad
911 1704 1164 1759 personae
1195 1687 1656 1759 signiﬁcationem
1709 1686 1944 1740 attinet:
1982 1684 2078 1740 sed

493 1783 626 1853 quia
665 1790 751 1837 est
776 1782 933 1836 Patri
969 1779 1492 1843 cousubstantialis,
1520 1779 1676 1833 cerni
1709 1778 1786 1832 ait
1815 1779 1870 1832 in
1893 1777 2076 1847 seipso

2175 579 2290 634 ἀλλ’
2329 581 2411 633 ὅτι
2457 580 2552 634 καὶ
2606 578 2913 650 ἑωράκατε,
2959 576 3228 647 προτάξαι
3294 575 3406 629 δεῖν
3466 577 3766 644 ἀναγκαῖον

2177 672 2331 746 ᾠήθη
2361 672 2441 738 τὸ,
2470 672 2709 739 ἀπάρτι,
2744 671 2840 724 καί
2881 670 2969 723 διὰ
2995 669 3155 723 ποίαν
3189 669 3367 723 αἰτίαν
3395 685 3408 734 ;
3449 669 3508 722 ὐ
3540 671 3640 739 μὲν
3657 670 3767 741 γὰρ

2177 765 2340 835 νόμος
2369 766 2398 816 6
2434 763 2522 817 διὰ
2550 764 2794 825 Μωσέως
2828 761 3170 832 προσεφώνει
3204 764 3317 825 τοῖς
3349 763 3482 827 υἱοῖς
3522 764 3764 833 Ἰσραήλο

2185 878 2204 911 ι
2234 858 2438 931 Κύριος
2479 861 2506 913 6
2539 859 2669 922 Θεός
2701 875 2816 921 σου,
2843 855 3046 928 Κύριος
3071 851 3150 920 εἷς
3180 857 3325 919 ἐστι,
3361 875 3379 906 ι
3404 855 3499 908 καὶ
3543 855 3634 908 τὸν
3667 856 3768 926 μὲν

2179 953 2308 1024 περί
2337 951 2431 1006 τοῦ
2460 951 2594 1005 Υἱοῦ
2625 951 2783 1019 λόγον
2812 950 2873 1001 οὐ
2910 949 3194 1019 παρετίθει
3233 951 3348 1012 τοῖς
3377 947 3566 1014 πάλαι,
3599 948 3770 1017 μόνης

2178 1043 2236 1096 δὲ
2263 1044 2362 1114 τῆς
2419 1042 2723 1105 πολυθεῒας
2780 1040 2975 1105 ἐξελὼν
3027 1041 3245 1104 αὐτοὺς,
3275 1040 3356 1102 είς
3403 1039 3504 1109 τὴν
3525 1037 3619 1090 τοῦ
3649 1038 3770 1101 ἐνὸς

2179 1136 2364 1190 ἐκάλει
2387 1135 2786 1208 προσκύνησιν.
2837 1134 2896 1187 '0
2941 1133 2997 1186 δὲ
3057 1133 3262 1201 Κύριος
3309 1131 3469 1202 ἡμῶν
3511 1130 3769 1201 Ἰησοῦςό

2179 1227 2438 1299 Χριστὸς,
2467 1227 2557 1279 ὅτε
2587 1225 2812 1293 γέγονεν
2838 1223 3144 1294 ἄνθρωπος,
3172 1221 3259 1275 διὰ
3285 1219 3498 1273 πολλῶν
3523 1219 3768 1290 σημείων

2180 1320 2274 1372 καὶ
2297 1317 2689 1390 ἐνεργημάτων
2720 1314 3018 1388 ἐγνώρισεν
3063 1317 3194 1385 ἡμῖν
3233 1314 3298 1367 δι’
3317 1312 3514 1366 ἐαυτοῦ
3541 1313 3632 1365 τὸν
3659 1315 3769 1366 Πα-

2179 1410 2316 1482 τέρα
2375 1411 2470 1464 καί
2535 1410 2634 1480 τὴν
2686 1410 2744 1462 ἐν
2802 1409 2868 1478 τῇ
2919 1408 3051 1479 ἁγία
3096 1406 3290 1477 Τριὰδι
3354 1407 3652 1476 νοουμένην
3705 1421 3766 1457 τε

2180 1502 2278 1556 καὶ
2309 1501 2632 1572 ὑφεστῶσαν
2669 1499 2886 1571 ἀληθῶς
2943 1500 3073 1570 μίαν
3098 1498 3267 1563 ἔδειξε
3295 1498 3549 1565 θεότητος
3583 1497 3764 1566 φύσιν.

2180 1593 2377 1657 Καλῶς
2423 1589 2516 1647 οὖν
2562 1593 2670 1664 ἄρα
2715 1591 2776 1645 τὸ
2832 1591 3050 1660 ἁπάρτι
3079 1591 3234 1662 φησὶ,
3282 1591 3370 1644 διὰ
3403 1592 3463 1645 τὸ
3495 1591 3684 1654 ἀτελὲς
3708 1591 3766 1643 ἐν

2180 1685 2381 1755 γνώσει
2425 1685 2534 1739 τῶν
2578 1684 2719 1739 κατὰ
2771 1684 2954 1755 νόμον,
2985 1685 3079 1737 καί
3108 1683 3218 1737 τῶν
3239 1684 3358 1738 κατ’
3391 1684 3634 1746 ἐκείνους
3671 1699 3770 1736 πο-

2181 1777 2560 1848 λιτευομένων.
2611 1775 2956 1848 Σημειωτέον
2995 1777 3072 1842 δὲ,
3139 1779 3220 1831 ὅτι
3267 1778 3457 1830 ἐαυτὸν
3511 1778 3633 1831 ἀντὶ
3671 1775 3766 1828 τοῦ

496 1875 759 1931 Patrem.
794 1890 908 1930 non
945 1891 1110 1930 secus
1145 1889 1208 1928 ac
1229 1873 1470 1928 hominis
1495 1871 1788 1942 cujusdam
1814 1870 1959 1927 illius
1994 1869 2079 1926 sui

2185 1871 2398 1943 Πατρὸς
2420 1870 2699 1941 ἑωρᾶσθαι
2727 1870 2926 1939 λέγων,
2963 1871 3062 1923 οὐκ
3095 1869 3392 1942 ἀνατρέπει
3417 1869 3478 1922 τὸ
3501 1869 3771 1940 ὑπάρχειν

496 1967 672 2038 patris
702 1968 898 2022 volens
944 1965 1263 2036 signiﬁcare
1297 1970 1573 2029 naturam,
1623 1963 1864 2032 seipsum
1893 1967 2081 2016 osten-

493 2059 632 2116 dens
663 2058 741 2112 ait
787 2057 1117 2125 sciscitanti,
1167 2055 1346 2111 Meum
1391 2056 1447 2110 in
1494 2070 1580 2110 me
1623 2054 1810 2108 vidisti
1843 2060 2078 2123 patrem.

494 2151 604 2207 Sed
630 2151 795 2217 Deus,
820 2159 880 2206 ut
913 2151 1083 2208 semel
1104 2149 1377 2216 dicamus,
1412 2148 1662 2204 omnium
1696 2148 2076 2218 exemplorqu

492 2244 604 2299 vim
645 2253 700 2300 et
726 2245 992 2300 rationem
1027 2242 1267 2299 excedit.

2180 1964 2394 2036 ἀληθῶς
2419 1981 2481 2017 τε
2511 1965 2607 2017 καὶ
2649 1963 3048 2028 ἰδιοσυστάτως,
3085 1964 3176 2016 τὸν
3221 1963 3280 2027 ἐξ
3312 1955 3484 2033 οὗπέρ
3510 1963 3626 2014 ἐστι
3655 1963 3768 2014 Πα-

2183 2057 2318 2128 τέρα
2345 2056 2441 2111 καὶ
2472 2055 2626 2110 Θεόν.
2667 2056 2806 2109 Ἀλλ’
2835 2057 2958 2110 οὐδὲ
2981 2057 3172 2110 ἑαυτὸν
3211 2053 3352 2110 εἶναί
3380 2073 3513 2125 φησι
3537 2055 3629 2109 τὸν
3658 2055 3773 2108 Πα-

2184 2148 2341 2219 τέρα,
2371 2149 2493 2202 ὅσον
2522 2143 2658 2220 ἧκεν
2688 2149 2862 2201 εἰπεῖν
2906 2150 2986 2211 εἰς
3031 2147 3323 2219 προσώπου
3352 2147 3618 2220 δήλωσιν*
3652 2147 3771 2201 ἀλλ’

2191 2240 2424 2314 ἐπείπερ
2461 2241 2609 2296 ἐστὶν
2636 2241 2920 2314 ὁμοούσιος
2949 2239 3024 2312 τῷ
3060 2242 3257 2314 Πατρί,
3307 2240 3771 2313 ἐωρᾶσθαίφησιν

493 2336 552 2390 ὲν
582 2337 732 2408 αὐτῷ
769 2336 862 2389 τὸν
907 2335 1280 2405 γεννήσαντα,
1309 2332 1496 2404 ῶσπερ
1526 2333 1592 2387 ἂν
1630 2333 1679 2387 εἰ
1709 2331 1804 2386 καὶ
1847 2329 2138 2403 ἀνθρώπου
2184 2335 2331 2400 τινὸς
2372 2337 2486 2401 υἱὸς
2511 2338 2610 2410 τὴν
2665 2337 2794 2391 ἰδίου
2831 2339 3038 2408 πατρὸς
3069 2338 3334 2410 ἐθελήσας
3365 2339 3764 2409 κατασημᾶναι

494 2429 679 2498 φύσιν,
721 2427 912 2483 ἐαυτὸν
958 2426 1232 2492 ἐπιδείξας
1277 2426 1424 2495 λέγει
1457 2427 1535 2498 τῷ
1577 2427 1736 2483 τοῦτο
1765 2434 1958 2502 μαθεῖν
2004 2429 2246 2484 ἐθέλοντι
2292 2429 2476 2502 τυχὸν,
2506 2432 2598 2486 τὸν
2644 2432 2777 2503 ἐμὸν
2816 2433 2872 2486 ἐν
2908 2432 3031 2502 ἐμοὶ
3075 2431 3334 2486 τεθέασαι
3367 2429 3602 2502 πατέρα.
3635 2429 3769 2491 Θεὸς

495 2525 554 2576 δὲ
611 2520 773 2574 πάλιν
823 2519 922 2589 τὴν
980 2518 1074 2572 τοῦ
1150 2519 1592 2590 παραδείγματος
1633 2520 1989 2592 ὑπεραλεῖται
2032 2522 2289 2597 δύναμιν.

567 2608 712 2666 XIV.
744 2609 800 2664 8.
825 2609 967 2663 Dicit
995 2609 1043 2664 ei
1074 2608 1396 2678 Philippus:
1421 2609 1667 2678 Domine,
1685 2615 1899 2668 ostende
1931 2614 2082 2669 nobis

504 2704 741 2769 Patrem,
775 2710 823 2757 et
853 2701 1042 2771 sufficit
1070 2701 1241 2756 nobis.

569 2793 823 2871 Discendi
860 2792 1081 2863 quidem
1112 2791 1348 2862 cupidus
1388 2801 1506 2847 erat
1537 2791 1858 2864 Philippus,
1897 2794 1994 2850 sed
2028 2793 2084 2850 in

497 2885 1030 2958 comprehendendis
1056 2884 1258 2940 divinis
1280 2884 1756 2955 speculationibus
1779 2887 1924 2942 haud
1950 2887 2085 2944 satis

499 2988 717 3035 acutus.
739 2977 849 3033 Nec
869 2978 1017 3033 enim
1041 2977 1145 3034 sibi
1171 2977 1542 3047 persuasisset
1567 2994 1807 3048 unquam
1830 2979 2081 3052 corporis

498 3073 681 3129 oculis
725 3071 963 3126 divinam
1019 3085 1050 3124 a
1100 3085 1158 3124 se
1196 3075 1449 3124 naturam
1508 3072 1898 3140 comprehendi
1967 3087 2081 3127 non

499 3179 686 3235 posse,
716 3163 848 3217 licet
877 3170 1065 3234 aperte
1123 3159 1237 3216 Deo
1299 3160 1563 3217 dicente:
1606 3180 1626 3214 ι
1696 3161 1818 3217 Non
1876 3162 2084 3219 videbit

500 3258 665 3313 homo
700 3257 897 3312 faciem
956 3269 1161 3319 meam,
1204 3260 1261 3308 et
1297 3253 1442 3308 vivet
1463 3253 1528 3310 ⁸⁸.
1576 3273 1595 3307 ι
1637 3254 1899 3322 Quamvis
1935 3257 2080 3312 enim

2255 2618 2426 2688 Λέγει
2470 2614 2630 2685 αὐτῷ
2659 2619 2958 2684 Φίλιππος
2984 2633 2998 2648 ·
3032 2618 3232 2686 Κύριε,
3265 2617 3467 2680 δεῖξον
3496 2620 3640 2691 ἡμῖν
3665 2616 3775 2672 τὸν
3817 2641 3819 2643 ί

2182 2712 2436 2779 Πατέρα,
2463 2711 2560 2764 καὶ
2587 2709 2762 2778 ἀρκεῖ
2786 2711 2950 2779 ἡμῖν.

2251 2806 2558 2878 Φιλομαθὴς
2597 2807 2692 2878 μὲν
2735 2808 2762 2860 6
2791 2806 3077 2871 Φίλιππος,
3110 2806 3252 2878 πλὴν
3285 2807 3345 2861 οὐ
3377 2806 3496 2860 λίαν
3528 2807 3656 2872 ὀξὺς
3689 2808 3774 2871 εἰς

2187 2896 2404 2950 σύνεσιν
2431 2897 2530 2969 τὴν
2576 2899 2696 2960 ταῖς
2751 2896 3029 2961 θεοπτίαις
3053 2899 3528 2970 πρεπωδεστέραν.
3553 2901 3628 2952 Οὐ
3661 2899 3771 2971 γὰρ

2187 2987 2253 3041 ἂν
2285 2986 2437 3058 ᾠήθη
2461 2986 2591 3041 ποτὲ
2617 2989 2731 3052 τοῖς
2757 2979 2852 3042 τοῦ
2881 2987 3132 3059 σώματος
3173 2989 3471 3061 ὀφθαλμοῖς
3498 2991 3596 3060 τὴν
3622 2993 3774 3046 θείαν

2191 3080 2406 3150 ἰσχῦσαι
2436 3079 2880 3136 καταθεάσασθαι
2918 3081 3099 3150 φύσιν,
3135 3081 3313 3136 καίτοι
3348 3083 3647 3156 διαρρήδην
3685 3087 3776 3140 λέ-

2188 3187 2373 3238 γοντος
2396 3170 2490 3225 τοῦ
2526 3172 2660 3225 Θεοῦ
2683 3189 2694 3202 '
2729 3192 2746 3225 ι
2778 3174 2968 3236 Οὐδεὶς
2993 3173 3182 3244 ὄψεται
3221 3175 3281 3228 τὸ
3320 3175 3611 3247 πρόσωπόν
3646 3197 3772 3249 μου,

2189 3265 2283 3318 καὶ¹
2305 3263 2547 3336 ζήσεται.
2586 3283 2603 3316 ι
2638 3266 2701 3319 Εἰ
2730 3265 2839 3336 γὰρ
2892 3267 2986 3320 καί
3038 3265 3196 3337 ῶφθη
3230 3268 3360 3322 ποτὲ
3410 3271 3524 3333 τοῖς
3570 3271 3772 3339 ἁγίοις,

499 3351 711 3407 sanctis
769 3348 1069 3420 aliquando
1087 3348 1242 3402 visus
1279 3346 1372 3411 sit,
1408 3357 1468 3402 ut
1514 3348 1782 3404 divinitus
1820 3349 2079 3420 inspirata

2187 3356 2262 3421 ὡς
2293 3359 2326 3427 ἡ
2361 3357 2715 3423 θεόπνευστος
2745 3358 2850 3430 ἔφη
2885 3359 3096 3432 Γραφὴ,
3124 3361 3354 3415 ἀλλὀὐκ
3372 3362 3460 3427 ἂν,
3482 3357 3660 3434 οἶμαι,
3687 3365 3774 3428 τις

499 3443 787 3514 Scriptura
826 3442 1112 3514 pradicat,
1148 3453 1314 3495 nemo
1342 3449 1526 3496 tamen
1549 3457 1818 3512 unquam,
1861 3452 1918 3496 ut
1945 3455 2092 3505 reor,

2187 3448 2528 3521 ὑποτοπήσαι
2562 3451 2694 3504 ποτὲ
2729 3452 2952 3522 ἐμφανῆ
2982 3453 3078 3524 τὴν
3120 3453 3270 3508 θείαν
3298 3454 3555 3523 γενέσθαι
3581 3456 3770 3527 φύσιν,

497 3536 777 3607 putaverit
836 3533 1250 3592 manifestatam
1317 3534 1491 3591 fuisse
1544 3542 1798 3588 naturam
1846 3531 2079 3586 divinam

2184 3540 2379 3606 οὕτως,
2410 3542 2484 3607 ώς
2517 3541 2629 3614 ἔχει
2691 3543 2810 3599 καθ’
2842 3544 3064 3615 ἑαυτὴν,
3095 3544 3423 3600 πλάττεσθαι
3481 3547 3537 3601 δὲ
3571 3549 3774 3620 μᾶλλον

497 3646 561 3686 co
591 3629 757 3684 modo
781 3644 894 3700 quo
926 3644 988 3684 se
1027 3628 1194 3684 habet
1228 3629 1283 3683 in
1322 3628 1528 3696 seipsa,
1586 3624 1685 3681 sed
1735 3639 1836 3695 pro
1871 3624 2079 3678 ratione

2184 3637 2264 3700 εἰς
2292 3635 2353 3690 τὸ
2379 3634 2457 3707 τῷ
2483 3637 2661 3708 καιρῷ
2691 3637 3141 3709 πρεπωδέστερον
3182 3640 3388 3711 σχῆμα.
3425 3641 3537 3694 Καὶ
3565 3641 3696 3711 γοῦν
3723 3645 3773 3696 oi

498 3721 764 3791 temporis
799 3721 955 3773 varia
982 3720 1087 3775 sub
1120 3719 1301 3775 forma
1324 3720 1498 3774 visam
1525 3732 1671 3773 esse.
1691 3717 1904 3787 Quippe
1930 3717 2084 3770 vario

499 3813 662 3866 modo
693 3813 971 3880 prephetar
1003 3826 1127 3864 eam
1165 3809 1476 3881 conspicati
1508 3819 1656 3876 sunt,
1692 3809 1870 3877 deque
1899 3821 1963 3860 ea
1993 3820 2086 3859 va-

498 3905 616 3958 rius
647 3901 793 3972 apud
818 3890 943 3958 illos
969 3917 1155 3956 sermo
1184 3903 1481 3971 reperitur.
1540 3898 1713 3956 Isaias
1765 3899 1913 3953 enim
1971 3910 2083 3950 uno

498 3994 701 4049 modo:
739 3991 994 4047 Ezechiel
1031 4008 1165 4047 vero
1213 4008 1324 4048 non
1353 3992 1544 4046 eadem
1577 4006 1643 4044 ac
1693 3988 1787 4043 ille
1842 3987 2081 4043 ratione.

497 4085 736 4140 Docebat
771 4085 957 4155 itaque
987 4081 1301 4154 Philippum
1341 4083 1650 4152 intelligere
1706 4079 1819 4135 ﬁeri
1855 4080 2080 4134 omnino

497 4193 608 4233 non
647 4191 838 4249 posse
868 4185 930 4231 ut
976 4176 1218 4233 divinam
1274 4175 1638 4230 substantiam
1673 4188 1770 4243 per
1832 4187 2079 4237 carnem,

498 4271 615 4327 sive
642 4285 768 4326 cum
801 4285 968 4326 carne
1000 4269 1127 4341 quis
1166 4268 1489 4339 perspiciat.
1532 4266 1758 4336 Alioqui
1798 4265 2083 4336 prudentis

497 4369 553 4416 et
590 4363 804 4432 sagacis
843 4377 954 4416 non
982 4369 1125 4426 erat,
1160 4375 1287 4415 cum
1322 4359 1504 4429 imago
1555 4364 1608 4412 et
1641 4356 2082 4428 perfectissimus

497 4450 782 4507 character
812 4449 908 4506 Dei
933 4467 997 4506 ac
1023 4449 1208 4505 Patris
1237 4449 1287 4504 ei
1321 4447 1540 4504 adesset
1561 4449 1629 4515 ⁸⁸,
1681 4449 1861 4519 ipsum
1898 4447 2082 4519 requi-

498 4559 620 4599 rere
663 4544 1020 4616 archetypum
1067 4543 1316 4597 nondum
1363 4541 1581 4598 adesset
1623 4549 1677 4598 et
1709 4557 1772 4597 ea
1823 4555 1932 4612 qua
1985 4556 2082 4612 par

2187 3728 2461 3798 προφῆται
2491 3728 2762 3801 διαφόρως
2792 3729 2954 3783 αὑτὸν
2981 3731 3288 3800 τεθέανται,
3321 3735 3415 3788 καὶ
3443 3735 3691 3798 ποικίλος
3715 3755 3773 3790 τε

2187 3819 2316 3889 περὶ
2337 3816 2470 3871 Θεοῦ
2499 3822 2627 3890 παρ’
2660 3820 2889 3884 ἐκείνοις
2914 3821 2941 3873 6
2963 3821 3142 3892 λόγος.
3179 3823 3236 3876 Ὀ
3260 3824 3358 3896 μὲν
3386 3825 3493 3896 γὰρ
3542 3827 3773 3891 Ἡσαΐας

2185 3907 2421 3978 ἐτέρως·
2479 3909 2736 3981 ἰεζεχιὴλ
2790 3911 2848 3963 δὲ
2882 3911 3046 3966 πάλιν
3093 3914 3191 3986 οὐχ
3255 3916 3456 3985 ὁμοίως
3507 3917 3588 3989 τῷ
3639 3930 3773 3991 παρ’

2185 3999 2379 4068 ἐκείνῳ
2409 3998 2648 4070 θαύματι
2683 4000 2792 4073 [ἵσ.
2822 4002 3100 4076 θεάματι].
3147 4006 3293 4060 Ἔδει
3317 4008 3496 4062 τοίνυν
3529 4011 3773 4065 συνιέναι

2184 4089 2274 4142 τὸν
2315 4089 2598 4154 Φίλιππον,
2633 4091 2707 4156 ὡς
2763 4088 2831 4163 ἦν
2857 4112 2910 4147 τι
2960 4095 3069 4150 τῶν
3114 4099 3411 4170 ἀμηχάνων
3465 4103 3770 4170 παντελῶς,

2183 4178 2282 4251 τὴν
2351 4180 2499 4236 θείαν
2559 4182 2820 4240 δύνασθαι
2851 4189 3091 4243 κατιδεῖν
3139 4193 3348 4259 οὐσίαν,
3374 4195 3650 4252 καὶτοῦτο
3680 4197 3771 4252 διὰ

2185 4271 2406 4342 σαρκὸς,
2467 4273 2564 4327 καὶ
2603 4276 2663 4328 οὐ
2735 4278 2876 4348 μετὰ
2932 4282 3152 4354 σαρκὸς,
3184 4283 3273 4337 ὅτε
3329 4287 3424 4340 καὶ
3464 4289 3525 4341 οὐ
3563 4291 3768 4362 σφόδρα

2183 4362 2453 4433 νουνεχὲς,
2486 4365 2766 4438 παρούσης
2790 4369 2940 4442 αὐτῷ
2976 4372 3076 4442 τῆς
3107 4374 3336 4442 εἰκόνος,
3383 4378 3476 4431 καὶ
3505 4379 3771 4450 ἀκριϐοῦς

2184 4453 2531 4542 χαρακτῆρος
2563 4455 2658 4509 τοῦ
2683 4456 2817 4512 Θεοῦ
2849 4461 2944 4513 καὶ
2984 4463 3221 4534 Πατρὸς,
3276 4467 3362 4519 ἐπ’
3403 4467 3535 4520 αὐτὸ
3583 4467 3768 4538 ζητεῖν

2186 4543 2323 4596 ἰέναι
2358 4543 2418 4596 τὸ
2465 4545 2794 4617 ἀρχέτυπον,
2853 4549 2926 4614 ώς
2982 4549 3135 4606 οὔπω
3180 4555 3374 4626 παρὸν,
3426 4557 3521 4610 καὶ
3555 4557 3675 4610 καθ’
3708 4559 3768 4612 ὃν

497 4646 617 4692 erat
644 4639 860 4693 ratione
886 4635 1331 4692 demonstratum
1380 4642 1550 4690 esset.
1596 4633 1680 4688 Ad
1710 4632 2078 4688 exhibendam

2184 4635 2292 4690 ἔδει
2353 4635 2510 4706 λόγον
2574 4639 2898 4712 ἐπιδειχθέν.
2967 4644 3291 4720 Ἰκανωτάτη
3350 4649 3458 4721 γὰρ
3517 4650 3639 4704 λίαν
3687 4653 3766 4716 εἰς

498 4729 646 4785 enim
669 4745 733 4784 ac
756 4726 1262 4800 repraesentandam
1290 4724 1381 4781 Dei
1409 4740 1473 4780 ac
1503 4724 1684 4780 Patris
1709 4725 2078 4781 substantiam

501 4823 623 4892 plus
664 4821 800 4876 satis
827 4819 1028 4876 sullicit
1059 4817 1450 4888 contemplatio
1487 4816 1718 4882 Christi,
1765 4816 1861 4887 qui
1920 4823 2078 4886 opta-

497 4913 777 4969 tissimum
836 4911 974 4967 illud
1034 4911 1207 4966 decus
1254 4910 1455 4982 regalis
1511 4910 1658 4966 unde
1722 4909 1939 4981 genitus
1995 4915 2080 4964 est

499 5007 824 5062 substantiae
857 5013 1014 5061 recte
1045 5015 1101 5059 et
1160 5011 1419 5059 accurate
1463 5003 1745 5074 exprimit.
1806 5003 1851 5056 A
1890 5003 2076 5058 fructu

497 5101 642 5155 cnim
693 5100 860 5154 arbor
894 5098 1268 5170 cognoscitur,
1313 5095 1472 5167 juxta
1529 5095 1706 5166 ipsius
1762 5094 2078 5151 Servatoris

496 5206 685 5245 vocem
719 5190 787 5243 ".
831 5189 966 5244 Cum
1015 5189 1183 5260 igitur
1227 5185 1349 5242 Filii
1400 5185 1790 5255 contemplatio
1848 5187 2075 5242 cordato

497 5279 734 5335 sulliciat
777 5277 844 5333 ad
888 5277 1384 5335 demonstrandum
1435 5283 1492 5331 et
1525 5283 1720 5331 exacte
1767 5275 2075 5332 docendum

497 5369 758 5442 quidnam
808 5370 878 5425 sit
928 5371 1234 5428 secundum
1277 5377 1533 5425 naturam
1563 5376 1617 5425 et
1672 5368 1795 5438 ejus
1838 5369 2074 5440 genitor,

495 5476 939 5532 supervacaneus
964 5461 1154 5518 forsan
1175 5461 1436 5534 discipuli
1462 5475 1645 5518 sermo
1672 5459 1836 5516 videri
1862 5468 2072 5530 potest:

500 5569 710 5608 summa
738 5562 922 5609 tamen
969 5555 1131 5609 laude
1179 5571 1290 5611 non
1339 5555 1569 5611 carebit.
1630 5552 1738 5608 Nec
1773 5555 1917 5608 enim
1955 5569 2072 5608 me-

496 5643 758 5699 diocriter
847 5644 1232 5699 admirandum
1307 5660 1432 5702 esse
1505 5653 1675 5716 puto,
1763 5659 1887 5698 cum
1958 5645 2071 5700 ait:

2185 4728 2533 4800 παράστασιν
2588 4733 2689 4803 τῆς
2751 4736 2942 4800 οὐσίας
3000 4736 3094 4790 τοῦ
3141 4739 3276 4814 Θεοῦ
3324 4742 3419 4795 καὶ
3461 4743 3697 4815 Πατρδς,
3731 4745 3765 4814 ή

2184 4820 2424 4891 Χριστοῦ
2453 4821 2676 4894 θεωρία,
2711 4826 2892 4890 καλῶς
2929 4844 2988 4880 τε
3037 4827 3129 4883 καὶ
3163 4831 3407 4902 ἀκριϐῶς
3451 4832 3765 4903 ἐξυφαίνον-

2183 4930 2275 4977 τος
2303 4913 2364 4966 τὸ
2393 4913 2716 4987 ἀξιέραστον
2754 4920 2969 4985 κάλλος,
3004 4922 3104 4992 τῆς
3128 4922 3250 4976 ὅθεν
3277 4924 3441 4995 ἐξέφυ
3477 4925 3766 4999 βασιλικῆς

2183 5005 2390 5070 οὐσίας.
2429 5007 2561 5060 Ἀπὸ
2585 5008 2692 5082 γὰρ
2724 5009 2819 5064 τοῦ
2841 5011 3054 5083 καρποῦ
3079 5014 3139 5067 τὸ
3162 5015 3374 5088 δένδρον
3403 5018 3764 5087 ἐπιγινώσκε-

2183 5113 2295 5160 ται,
2322 5097 2462 5151 κατὰ
2488 5099 2586 5168 τὴν
2613 5100 2776 5154 αὑτοῦ
2809 5102 2902 5155 τοῦ
2928 5104 3179 5177 Σωτῆρος
3217 5108 3422 5178 φωνήν.
3471 5110 3767 5180 Ἐξαρκού-

2185 5203 2285 5258 σης
2305 5188 2594 5260 τοιγαροῦν
2619 5190 2696 5261 τῷ
2715 5207 2778 5261 γε
2813 5191 2960 5260 ama
2992 5195 3198 5266 συνετῷ
3219 5198 3319 5268 τῆς
3351 5197 3444 5250 τοῦ
3465 5198 3594 5252 Υἱοῦ
3629 5200 3764 5253 θεω-

2183 5280 2307 5350 ρίας
2339 5283 2418 5345 εἰς
2440 5282 2784 5352 παράστασίν
2813 5303 2872 5339 τε
2901 5288 2992 5341 καὶ
3021 5289 3224 5359 ἀκριϐῆ
3257 5290 3655 5362 πληροφορίαν,
3681 5293 3764 5357 τίς

2181 5371 2247 5423 ἂν
2270 5369 2354 5442 εἴη
2407 5372 2550 5426 κατὰ
2597 5373 2757 5442 φύσιν
2794 5375 2890 5429 καὶ
2915 5379 3230 5448 όγεννήσας
3265 5380 3428 5433 αὐτόν
3454 5399 3467 5412 ο
3506 5384 3763 5452 περιττὸς

2185 5462 2282 5531 μὲν
2307 5464 2603 5528 ῑσωςότοῦ
2639 5467 2882 5538 μαθητοῦ
2933 5469 3183 5539 φαίνεται
3232 5470 3409 5539 λόγος,
3466 5474 3606 5544 πλὴν
3661 5475 3761 5526 οὐκ

2181 5553 2287 5618 ἔξω
2316 5556 2558 5609 κείσεται
2586 5557 2694 5610 τῶν
2719 5561 2794 5623 εἰς
2822 5560 2992 5631 ἄκρον
3027 5561 3260 5614 ἐπαίνων
3292 5564 3557 5632 ἡκόντων.
3586 5566 3760 5620 Αὑτὸν

2181 5647 2288 5718 γὰρ
2315 5643 2467 5718 οἴμαι
2512 5650 2620 5704 δεῖν
2677 5652 2736 5704 οὐ
2797 5653 3033 5725 μετρίως
3071 5653 3462 5724 ἀποθαυμάσαι
3485 5655 3755 5726 λέγοντα·

573 5817 617 5849 ⁸⁸
649 5820 816 5879 Exod.
858 5835 1072 5888 “xm,
1129 5820 1222 5876 20.
1302 5820 1347 5853 ³³
1383 5818 1424 5874 ll
1460 5819 1588 5879 Cor,
1643 5838 1713 5898 Iv,
1763 5825 1797 5880 ι
1899 5823 1945 5855 ⁸⁸
2001 5824 2188 5883 Matth.
2248 5842 2354 5896 xu,
2392 5830 2481 5886 53.
