  <div class='ocr_page' id='page_1' title='image "/cluster/home/n/w/nwhite01/storage/ocr_20150623/74/mdp.39015078384487/108.png"; bbox 0 0 4076 6270; ppageno 0'>
   <div class='ocr_carea' id='block_1_1' title="bbox 315 406 418 463">
    <p class='ocr_par' dir='ltr' id='par_1_1' title="bbox 315 406 418 463">
     <span class='ocr_line' id='line_1_1' title="bbox 315 406 418 463; baseline -0.01 -1"><span class='ocrx_word' id='word_1_1' title='bbox 315 406 418 463; x_wconf 67' lang='grc'><strong>201</strong></span> 
     </span>
    </p>
   </div>
   <div class='ocr_carea' id='block_1_2' title="bbox 1333 406 2506 468">
    <p class='ocr_par' dir='ltr' id='par_1_2' title="bbox 1333 406 2506 468">
     <span class='ocr_line' id='line_1_2' title="bbox 1333 406 2506 468; baseline -0.003 -2"><span class='ocrx_word' id='word_1_2' title='bbox 1333 410 1397 466; x_wconf 82' lang='lat' dir='ltr'><strong>IN</strong></span> <span class='ocrx_word' id='word_1_3' title='bbox 1435 408 1720 468; x_wconf 79' lang='lat' dir='ltr'><strong>JOANNIS</strong></span> <span class='ocrx_word' id='word_1_4' title='bbox 1756 406 2203 466; x_wconf 79' lang='lat' dir='ltr'><strong>EVANGELIUM</strong></span> <span class='ocrx_word' id='word_1_5' title='bbox 2253 406 2382 464; x_wconf 82' lang='lat' dir='ltr'><strong>Llll.</strong></span> <span class='ocrx_word' id='word_1_6' title='bbox 2418 407 2506 463; x_wconf 76' lang='lat' dir='ltr'><strong>IX.</strong></span> 
     </span>
    </p>
   </div>
   <div class='ocr_carea' id='block_1_3' title="bbox 2760 306 2795 323">
    <p class='ocr_par' dir='ltr' id='par_1_3' title="bbox 2760 306 2795 323">
     <span class='ocr_line' id='line_1_3' title="bbox 2760 306 2795 323; baseline 0 0"><span class='ocrx_word' id='word_1_7' title='bbox 2760 306 2795 323; x_wconf 65' lang='grc' dir='ltr'><strong>κ</strong></span> 
     </span>
    </p>
   </div>
   <div class='ocr_carea' id='block_1_4' title="bbox 3456 409 3563 465">
    <p class='ocr_par' dir='ltr' id='par_1_4' title="bbox 3456 409 3563 465">
     <span class='ocr_line' id='line_1_4' title="bbox 3456 409 3563 465; baseline 0.019 -2"><span class='ocrx_word' id='word_1_8' title='bbox 3456 409 3563 465; x_wconf 73' lang='grc' dir='ltr'><strong>Ξο2</strong></span> 
     </span>
    </p>
   </div>
   <div class='ocr_carea' id='block_1_5' title="bbox 323 519 1878 596">
    <p class='ocr_par' dir='ltr' id='par_1_5' title="bbox 323 519 1878 596">
     <span class='ocr_line' id='line_1_5' title="bbox 323 519 1878 596; baseline 0.004 -26"><span class='ocrx_word' id='word_1_9' title='bbox 323 538 346 570; x_wconf 72' lang='grc' dir='ltr'><strong><em>ι</em></strong></span> <span class='ocrx_word' id='word_1_10' title='bbox 373 519 555 584; x_wconf 78' lang='grc' dir='ltr'>Δεῖξον</span> <span class='ocrx_word' id='word_1_11' title='bbox 576 521 705 589; x_wconf 76' lang='grc' dir='ltr'>ἡμῖν</span> <span class='ocrx_word' id='word_1_12' title='bbox 735 519 823 573; x_wconf 79' lang='grc' dir='ltr'>τὸν</span> <span class='ocrx_word' id='word_1_13' title='bbox 853 522 1089 593; x_wconf 78' lang='grc' dir='ltr'><strong>Πατέρα,</strong></span> <span class='ocrx_word' id='word_1_14' title='bbox 1115 525 1207 577; x_wconf 78' lang='grc' dir='ltr'><strong>καὶ</strong></span> <span class='ocrx_word' id='word_1_15' title='bbox 1245 526 1404 595; x_wconf 82' lang='grc' dir='ltr'>ἀρκεῖ</span> <span class='ocrx_word' id='word_1_16' title='bbox 1433 529 1587 596; x_wconf 80' lang='grc' dir='ltr'>ἡμῖν.</span> <span class='ocrx_word' id='word_1_17' title='bbox 1612 546 1628 576; x_wconf 77' lang='grc' dir='ltr'><strong>ι</strong></span> <span class='ocrx_word' id='word_1_18' title='bbox 1665 526 1878 595; x_wconf 65' lang='grc' dir='ltr'>Ὅμοιοι</span> 
     </span>
    </p>
   </div>
   <div class='ocr_carea' id='block_1_6' title="bbox 1982 519 3561 596">
    <p class='ocr_par' dir='ltr' id='par_1_6' title="bbox 1999 520 3561 593">
     <span class='ocr_line' id='line_1_6' title="bbox 1999 520 3561 593; baseline 0.003 -18"><span class='ocrx_word' id='word_1_19' title='bbox 1999 543 2017 575; x_wconf 85' lang='grc'><em>‹</em></span> <span class='ocrx_word' id='word_1_20' title='bbox 2052 524 2290 579; x_wconf 79' lang='lat' dir='ltr'><strong>Ostende</strong></span> <span class='ocrx_word' id='word_1_21' title='bbox 2336 523 2496 579; x_wconf 88' lang='lat' dir='ltr'><strong>nobis</strong></span> <span class='ocrx_word' id='word_1_22' title='bbox 2540 520 2778 587; x_wconf 86' lang='lat' dir='ltr'><strong>Patrem,</strong></span> <span class='ocrx_word' id='word_1_23' title='bbox 2828 532 2880 576; x_wconf 91' lang='lat' dir='ltr'><strong>et</strong></span> <span class='ocrx_word' id='word_1_24' title='bbox 2917 521 3116 578; x_wconf 85' lang='lat' dir='ltr'><strong>snﬂlcit</strong></span> <span class='ocrx_word' id='word_1_25' title='bbox 3144 521 3324 578; x_wconf 86' lang='lat' dir='ltr'><strong>nobis.</strong></span> <span class='ocrx_word' id='word_1_26' title='bbox 3358 541 3380 576; x_wconf 71' lang='grc' dir='ltr'><strong>ι</strong></span> <span class='ocrx_word' id='word_1_27' title='bbox 3419 523 3561 593; x_wconf 79' lang='lat' dir='ltr'><strong>Idem</strong></span> 
     </span>
    </p>
   </div>
   <div class='ocr_carea' id='block_1_7' title="bbox 317 612 1889 687">
    <p class='ocr_par' dir='ltr' id='par_1_7' title="bbox 317 612 1889 687">
     <span class='ocr_line' id='line_1_7' title="bbox 317 612 1889 687; baseline -0.018 8"><span class='ocrx_word' id='word_1_28' title='bbox 317 613 429 684; x_wconf 68' lang='grc' dir='ltr'>γὰρ</span> <span class='ocrx_word' id='word_1_29' title='bbox 456 613 529 675; x_wconf 70' lang='grc' dir='ltr'>ὡς</span> <span class='ocrx_word' id='word_1_30' title='bbox 562 615 609 665; x_wconf 64' lang='grc' dir='ltr'><strong>εἰ</strong></span> <span class='ocrx_word' id='word_1_31' title='bbox 633 612 733 682; x_wconf 68' lang='grc' dir='ltr'><strong>ἔφη</strong></span> <span class='ocrx_word' id='word_1_32' title='bbox 766 614 924 684; x_wconf 73' lang='grc' dir='ltr'>τυχόν</span> <span class='ocrx_word' id='word_1_33' title='bbox 946 633 959 646; x_wconf 87' lang='grc'>⁶</span> <span class='ocrx_word' id='word_1_34' title='bbox 1011 617 1200 686; x_wconf 76' lang='grc' dir='ltr'>Πάσης</span> <span class='ocrx_word' id='word_1_35' title='bbox 1236 618 1300 672; x_wconf 78' lang='grc' dir='ltr'><strong>ἂν</strong></span> <span class='ocrx_word' id='word_1_36' title='bbox 1334 621 1465 672; x_wconf 76' lang='grc' dir='ltr'>εἴσω</span> <span class='ocrx_word' id='word_1_37' title='bbox 1496 618 1752 687; x_wconf 83' lang='grc' dir='ltr'>γενέσθαι</span> <span class='ocrx_word' id='word_1_38' title='bbox 1788 618 1889 686; x_wconf 81' lang='grc' dir='ltr'>τῆς</span> 
     </span>
    </p>
   </div>
   <div class='ocr_carea' id='block_1_8' title="bbox 318 704 1888 781">
    <p class='ocr_par' dir='ltr' id='par_1_8' title="bbox 318 704 1888 781">
     <span class='ocr_line' id='line_1_8' title="bbox 318 704 1888 781; baseline 0.003 -26"><span class='ocrx_word' id='word_1_39' title='bbox 318 704 580 774; x_wconf 80' lang='grc' dir='ltr'>θυμηδίας</span> <span class='ocrx_word' id='word_1_40' title='bbox 608 704 1173 778; x_wconf 77' lang='grc' dir='ltr'>ὀμολογήσαιμεν,κα“ι</span> <span class='ocrx_word' id='word_1_41' title='bbox 1193 710 1327 780; x_wconf 75' lang='grc' dir='ltr'>πρὸς</span> <span class='ocrx_word' id='word_1_42' title='bbox 1348 711 1406 763; x_wconf 79' lang='grc' dir='ltr'><strong>τὸ</strong></span> <span class='ocrx_word' id='word_1_43' title='bbox 1433 708 1571 762; x_wconf 75' lang='grc' dir='ltr'>εἶναι</span> <span class='ocrx_word' id='word_1_44' title='bbox 1601 708 1888 781; x_wconf 75' lang='grc' dir='ltr'><strong>μακαρίως</strong></span> 
     </span>
    </p>
   </div>
   <div class='ocr_carea' id='block_1_9' title="bbox 314 790 1888 869">
    <p class='ocr_par' dir='ltr' id='par_1_9' title="bbox 314 790 1888 869">
     <span class='ocr_line' id='line_1_9' title="bbox 314 790 1888 869; baseline 0.006 -28"><span class='ocrx_word' id='word_1_45' title='bbox 314 790 466 843; x_wconf 82' lang='grc' dir='ltr'>οὐδέν</span> <span class='ocrx_word' id='word_1_46' title='bbox 490 793 605 843; x_wconf 69' lang='grc' dir='ltr'>ἐστι</span> <span class='ocrx_word' id='word_1_47' title='bbox 640 790 751 863; x_wconf 79' lang='grc' dir='ltr'>[γρ.</span> <span class='ocrx_word' id='word_1_48' title='bbox 783 793 887 865; x_wconf 78' lang='grc' dir='ltr'>ἔτι]</span> <span class='ocrx_word' id='word_1_49' title='bbox 934 794 997 847; x_wconf 83' lang='grc' dir='ltr'>τὸ</span> <span class='ocrx_word' id='word_1_50' title='bbox 1042 795 1228 851; x_wconf 83' lang='grc' dir='ltr'>λεῖπον</span> <span class='ocrx_word' id='word_1_51' title='bbox 1289 800 1646 869; x_wconf 74' lang='grc' dir='ltr'>ζητήσωμεν,</span> <span class='ocrx_word' id='word_1_52' title='bbox 1700 800 1748 851; x_wconf 81' lang='grc' dir='ltr'>εἰ</span> <span class='ocrx_word' id='word_1_53' title='bbox 1790 797 1888 867; x_wconf 75' lang='grc' dir='ltr'>τῆς</span> 
     </span>
    </p>
   </div>
   <div class='ocr_carea' id='block_1_10' title="bbox 311 882 1887 961">
    <p class='ocr_par' dir='ltr' id='par_1_10' title="bbox 311 882 1887 961">
     <span class='ocr_line' id='line_1_10' title="bbox 311 882 1887 961; baseline 0.006 -28"><span class='ocrx_word' id='word_1_54' title='bbox 311 882 406 934; x_wconf 81' lang='grc' dir='ltr'><strong>τοῦ</strong></span> <span class='ocrx_word' id='word_1_55' title='bbox 439 883 577 936; x_wconf 80' lang='grc' dir='ltr'><strong>Θεοῦ</strong></span> <span class='ocrx_word' id='word_1_56' title='bbox 612 887 705 937; x_wconf 75' lang='grc' dir='ltr'><strong>καὶ</strong></span> <span class='ocrx_word' id='word_1_57' title='bbox 743 887 957 959; x_wconf 84' lang='grc' dir='ltr'>Πατρὸς</span> <span class='ocrx_word' id='word_1_58' title='bbox 1000 889 1365 961; x_wconf 75' lang='grc' dir='ltr'><strong>ἀξιωθείημεν</strong></span> <span class='ocrx_word' id='word_1_59' title='bbox 1396 891 1730 945; x_wconf 83' lang='grc' dir='ltr'>πολυεύκτου</span> <span class='ocrx_word' id='word_1_60' title='bbox 1762 891 1887 953; x_wconf 86' lang='grc' dir='ltr'>θέας</span> 
     </span>
    </p>
   </div>
   <div class='ocr_carea' id='block_1_11' title="bbox 312 975 1886 1051">
    <p class='ocr_par' dir='ltr' id='par_1_11' title="bbox 312 975 1886 1051">
     <span class='ocr_line' id='line_1_11' title="bbox 312 975 1886 1051; baseline 0.004 -25"><span class='ocrx_word' id='word_1_61' title='bbox 312 975 405 1026; x_wconf 56' lang='grc' dir='ltr'><strong>καὶ¹</strong></span> <span class='ocrx_word' id='word_1_62' title='bbox 424 975 599 1028; x_wconf 77' lang='grc' dir='ltr'>αὐτοί.</span> <span class='ocrx_word' id='word_1_63' title='bbox 644 976 702 1028; x_wconf 81' lang='grc' dir='ltr'><strong>ὐ</strong></span> <span class='ocrx_word' id='word_1_64' title='bbox 736 977 792 1030; x_wconf 85' lang='grc' dir='ltr'>δὲ</span> <span class='ocrx_word' id='word_1_65' title='bbox 834 980 1034 1043; x_wconf 83' lang='grc' dir='ltr'>παντὸς</span> <span class='ocrx_word' id='word_1_66' title='bbox 1094 981 1315 1051; x_wconf 79' lang='grc' dir='ltr'>προθεὶς</span> <span class='ocrx_word' id='word_1_67' title='bbox 1369 982 1599 1050; x_wconf 79' lang='grc' dir='ltr'><strong>ἀγαθοῦ,</strong></span> <span class='ocrx_word' id='word_1_68' title='bbox 1650 983 1746 1035; x_wconf 67' lang='grc' dir='ltr'><strong>καὶ</strong></span> <span class='ocrx_word' id='word_1_69' title='bbox 1793 980 1886 1034; x_wconf 80' lang='grc' dir='ltr'><strong>τοῦ</strong></span> 
     </span>
    </p>
   </div>
   <div class='ocr_carea' id='block_1_12' title="bbox 308 1064 1887 1145">
    <p class='ocr_par' dir='ltr' id='par_1_12' title="bbox 308 1064 1887 1145">
     <span class='ocr_line' id='line_1_12' title="bbox 308 1064 1887 1145; baseline 0.006 -29"><span class='ocrx_word' id='word_1_70' title='bbox 308 1064 596 1131; x_wconf 73' lang='grc' dir='ltr'>δοκοῦντος</span> <span class='ocrx_word' id='word_1_71' title='bbox 647 1071 723 1131; x_wconf 72' lang='grc' dir='ltr'><strong>είς</strong></span> <span class='ocrx_word' id='word_1_72' title='bbox 756 1070 1028 1140; x_wconf 84' lang='grc' dir='ltr'>εὐθυμίαν</span> <span class='ocrx_word' id='word_1_73' title='bbox 1090 1073 1383 1137; x_wconf 78' lang='grc' dir='ltr'><strong>συντελεῖν,</strong></span> <span class='ocrx_word' id='word_1_74' title='bbox 1412 1075 1512 1145; x_wconf 84' lang='grc' dir='ltr'>τὴν</span> <span class='ocrx_word' id='word_1_75' title='bbox 1548 1073 1643 1127; x_wconf 78' lang='grc' dir='ltr'>τοῦ</span> <span class='ocrx_word' id='word_1_76' title='bbox 1676 1074 1887 1145; x_wconf 87' lang='grc' dir='ltr'>Πατρὸς</span> 
     </span>
    </p>
   </div>
   <div class='ocr_carea' id='block_1_13' title="bbox 310 1154 1886 1236">
    <p class='ocr_par' dir='ltr' id='par_1_13' title="bbox 310 1154 1886 1236">
     <span class='ocr_line' id='line_1_13' title="bbox 310 1154 1886 1236; baseline 0.006 -30"><span class='ocrx_word' id='word_1_77' title='bbox 310 1154 466 1219; x_wconf 84' lang='grc' dir='ltr'>θέαν,</span> <span class='ocrx_word' id='word_1_78' title='bbox 507 1156 624 1221; x_wconf 82' lang='grc' dir='ltr'><strong>πῶς</strong></span> <span class='ocrx_word' id='word_1_79' title='bbox 657 1161 757 1211; x_wconf 81' lang='grc' dir='ltr'>οὐκ</span> <span class='ocrx_word' id='word_1_80' title='bbox 780 1160 847 1213; x_wconf 85' lang='grc' dir='ltr'><strong>ἂν</strong></span> <span class='ocrx_word' id='word_1_81' title='bbox 876 1161 1192 1230; x_wconf 82' lang='grc' dir='ltr'>όμολογοίτο</span> <span class='ocrx_word' id='word_1_82' title='bbox 1222 1164 1420 1226; x_wconf 82' lang='grc' dir='ltr'>παντὸς</span> <span class='ocrx_word' id='word_1_83' title='bbox 1449 1165 1714 1236; x_wconf 80' lang='grc' dir='ltr'><strong>ὑπάρχειν</strong></span> <span class='ocrx_word' id='word_1_84' title='bbox 1736 1164 1886 1230; x_wconf 80' lang='grc' dir='ltr'>ἄξιος</span> 
     </span>
    </p>
   </div>
   <div class='ocr_carea' id='block_1_14' title="bbox 309 1248 1887 1326">
    <p class='ocr_par' dir='ltr' id='par_1_14' title="bbox 309 1248 1887 1326">
     <span class='ocr_line' id='line_1_14' title="bbox 309 1248 1887 1326; baseline 0.006 -26"><span class='ocrx_word' id='word_1_85' title='bbox 309 1248 627 1318; x_wconf 78' lang='grc' dir='ltr'>θαύματος;</span> <span class='ocrx_word' id='word_1_86' title='bbox 679 1251 834 1305; x_wconf 78' lang='grc' dir='ltr'>Οὕτω</span> <span class='ocrx_word' id='word_1_87' title='bbox 869 1254 965 1322; x_wconf 83' lang='grc' dir='ltr'><strong>μὲν</strong></span> <span class='ocrx_word' id='word_1_88' title='bbox 995 1250 1088 1307; x_wconf 81' lang='grc' dir='ltr'>οὖν</span> <span class='ocrx_word' id='word_1_89' title='bbox 1109 1256 1179 1308; x_wconf 72' lang='grc' dir='ltr'><strong>τά</strong></span> <span class='ocrx_word' id='word_1_90' title='bbox 1207 1259 1266 1308; x_wconf 86' lang='grc' dir='ltr'>ὲν</span> <span class='ocrx_word' id='word_1_91' title='bbox 1288 1256 1366 1326; x_wconf 86' lang='grc' dir='ltr'>τῷ</span> <span class='ocrx_word' id='word_1_92' title='bbox 1403 1256 1744 1326; x_wconf 81' lang='grc' dir='ltr'><strong>προκειμένῳ</strong></span> <span class='ocrx_word' id='word_1_93' title='bbox 1772 1256 1887 1309; x_wconf 87' lang='grc' dir='ltr'>δια-</span> 
     </span>
    </p>
   </div>
   <div class='ocr_carea' id='block_1_15' title="bbox 303 1338 1886 1418">
    <p class='ocr_par' dir='ltr' id='par_1_15' title="bbox 303 1338 1886 1418">
     <span class='ocr_line' id='line_1_15' title="bbox 303 1338 1886 1418; baseline 0.006 -27"><span class='ocrx_word' id='word_1_94' title='bbox 303 1338 616 1410; x_wconf 70' lang='grc' dir='ltr'>ληψόμεθα,</span> <span class='ocrx_word' id='word_1_95' title='bbox 652 1342 905 1413; x_wconf 83' lang='grc' dir='ltr'>καθάπερ</span> <span class='ocrx_word' id='word_1_96' title='bbox 953 1340 1128 1415; x_wconf 76' lang='grc' dir='ltr'>οἶμαι,</span> <span class='ocrx_word' id='word_1_97' title='bbox 1155 1347 1294 1400; x_wconf 79' lang='grc' dir='ltr'>κατὰ</span> <span class='ocrx_word' id='word_1_98' title='bbox 1322 1349 1422 1417; x_wconf 71' lang='grc' dir='ltr'><strong>τὴν</strong></span> <span class='ocrx_word' id='word_1_99' title='bbox 1454 1348 1676 1418; x_wconf 78' lang='grc' dir='ltr'>εὐστιϐῆ</span> <span class='ocrx_word' id='word_1_100' title='bbox 1708 1365 1767 1401; x_wconf 91' lang='grc' dir='ltr'><strong>τε</strong></span> <span class='ocrx_word' id='word_1_101' title='bbox 1792 1349 1886 1401; x_wconf 69' lang='grc' dir='ltr'><strong>καὶ</strong></span> 
     </span>
    </p>
   </div>
   <div class='ocr_carea' id='block_1_16' title="bbox 303 1432 1886 1512">
    <p class='ocr_par' dir='ltr' id='par_1_16' title="bbox 303 1432 1886 1512">
     <span class='ocr_line' id='line_1_16' title="bbox 303 1432 1886 1512; baseline 0.006 -29"><span class='ocrx_word' id='word_1_102' title='bbox 303 1432 690 1505; x_wconf 74' lang='grc' dir='ltr'><strong>ἁπλουστέραν</strong></span> <span class='ocrx_word' id='word_1_103' title='bbox 709 1440 821 1499; x_wconf 84' lang='grc' dir='ltr'>τοῖς</span> <span class='ocrx_word' id='word_1_104' title='bbox 883 1437 1093 1502; x_wconf 80' lang='grc' dir='ltr'>πολλοῖς</span> <span class='ocrx_word' id='word_1_105' title='bbox 1127 1438 1376 1511; x_wconf 79' lang='grc' dir='ltr'><strong>Θεωρίαν.</strong></span> <span class='ocrx_word' id='word_1_106' title='bbox 1405 1440 1464 1493; x_wconf 84' lang='grc' dir='ltr'><strong>Εἰ</strong></span> <span class='ocrx_word' id='word_1_107' title='bbox 1491 1440 1547 1493; x_wconf 81' lang='grc' dir='ltr'>δὲ</span> <span class='ocrx_word' id='word_1_108' title='bbox 1571 1442 1677 1512; x_wconf 89' lang='grc' dir='ltr'><strong>χρή</strong></span> <span class='ocrx_word' id='word_1_109' title='bbox 1705 1458 1759 1493; x_wconf 92' lang='grc' dir='ltr'><strong>τι</strong></span> <span class='ocrx_word' id='word_1_110' title='bbox 1793 1442 1886 1494; x_wconf 70' lang='grc' dir='ltr'><strong>καὶ</strong></span> 
     </span>
    </p>
   </div>
   <div class='ocr_carea' id='block_1_17' title="bbox 304 1525 1885 1603">
    <p class='ocr_par' dir='ltr' id='par_1_17' title="bbox 304 1525 1885 1603">
     <span class='ocr_line' id='line_1_17' title="bbox 304 1525 1885 1603; baseline 0.006 -29"><span class='ocrx_word' id='word_1_111' title='bbox 304 1525 732 1596; x_wconf 83' lang='grc' dir='ltr'>περιεργότερον</span> <span class='ocrx_word' id='word_1_112' title='bbox 766 1528 912 1593; x_wconf 75' lang='grc' dir='ltr'>ἰδεῖν,</span> <span class='ocrx_word' id='word_1_113' title='bbox 957 1530 1053 1583; x_wconf 75' lang='grc' dir='ltr'><strong>καὶ</strong></span> <span class='ocrx_word' id='word_1_114' title='bbox 1094 1530 1232 1599; x_wconf 82' lang='grc' dir='ltr'><strong>τάχα</strong></span> <span class='ocrx_word' id='word_1_115' title='bbox 1259 1548 1311 1582; x_wconf 91' lang='grc' dir='ltr'><strong>τι</strong></span> <span class='ocrx_word' id='word_1_116' title='bbox 1339 1530 1448 1583; x_wconf 86' lang='grc' dir='ltr'>τῶν</span> <span class='ocrx_word' id='word_1_117' title='bbox 1486 1532 1885 1603; x_wconf 81' lang='grc' dir='ltr'>κεκρυμμένων</span> 
     </span>
    </p>
   </div>
   <div class='ocr_carea' id='block_1_18' title="bbox 304 1614 1884 1692">
    <p class='ocr_par' dir='ltr' id='par_1_18' title="bbox 304 1614 1884 1692">
     <span class='ocr_line' id='line_1_18' title="bbox 304 1614 1884 1692; baseline 0.006 -28"><span class='ocrx_word' id='word_1_118' title='bbox 304 1614 511 1679; x_wconf 79' lang='grc' dir='ltr'>εἰπεῖν,</span> <span class='ocrx_word' id='word_1_119' title='bbox 570 1616 865 1687; x_wconf 81' lang='grc' dir='ltr'>οἰησόμεθά</span> <span class='ocrx_word' id='word_1_120' title='bbox 901 1635 953 1670; x_wconf 89' lang='grc' dir='ltr'><strong>τι</strong></span> <span class='ocrx_word' id='word_1_121' title='bbox 998 1620 1089 1671; x_wconf 85' lang='grc' dir='ltr'>τὸν</span> <span class='ocrx_word' id='word_1_122' title='bbox 1133 1620 1397 1675; x_wconf 72' lang='grc' dir='ltr'>Φίλιππον</span> <span class='ocrx_word' id='word_1_123' title='bbox 1426 1623 1631 1692; x_wconf 83' lang='grc' dir='ltr'>φράσαι</span> <span class='ocrx_word' id='word_1_124' title='bbox 1658 1640 1716 1674; x_wconf 88' lang='grc' dir='ltr'><strong>τε</strong></span> <span class='ocrx_word' id='word_1_125' title='bbox 1748 1622 1884 1690; x_wconf 77' lang='grc' dir='ltr'>ὁμοῦ</span> 
     </span>
    </p>
   </div>
   <div class='ocr_carea' id='block_1_19' title="bbox 303 1702 1886 1783">
    <p class='ocr_par' dir='ltr' id='par_1_19' title="bbox 303 1702 1886 1783">
     <span class='ocr_line' id='line_1_19' title="bbox 303 1702 1886 1783; baseline 0.007 -30"><span class='ocrx_word' id='word_1_126' title='bbox 303 1702 408 1754; x_wconf 79' lang='grc' dir='ltr'><strong>καὶ</strong></span> <span class='ocrx_word' id='word_1_127' title='bbox 463 1702 655 1770; x_wconf 81' lang='grc' dir='ltr'>νοῆσαι</span> <span class='ocrx_word' id='word_1_128' title='bbox 705 1706 960 1760; x_wconf 74' lang='grc' dir='ltr'>τοιοῦτον.</span> <span class='ocrx_word' id='word_1_129' title='bbox 1028 1710 1429 1763; x_wconf 80' lang='grc' dir='ltr'>Κατεδάκνοντο</span> <span class='ocrx_word' id='word_1_130' title='bbox 1470 1713 1599 1781; x_wconf 83' lang='grc' dir='ltr'>γὰρ,</span> <span class='ocrx_word' id='word_1_131' title='bbox 1651 1713 1741 1783; x_wconf 60' lang='grc' dir='ltr'>ἐπὶ</span> <span class='ocrx_word' id='word_1_132' title='bbox 1770 1714 1886 1773; x_wconf 78' lang='grc' dir='ltr'>τοῖς</span> 
     </span>
    </p>
   </div>
   <div class='ocr_carea' id='block_1_20' title="bbox 300 1792 1882 1873">
    <p class='ocr_par' dir='ltr' id='par_1_20' title="bbox 300 1792 1882 1873">
     <span class='ocr_line' id='line_1_20' title="bbox 300 1792 1882 1873; baseline 0.007 -28"><span class='ocrx_word' id='word_1_133' title='bbox 300 1792 404 1846; x_wconf 84' lang='grc' dir='ltr'>τοῦ</span> <span class='ocrx_word' id='word_1_134' title='bbox 437 1794 689 1865; x_wconf 80' lang='grc' dir='ltr'><strong>Σωτῆρος</strong></span> <span class='ocrx_word' id='word_1_135' title='bbox 718 1796 1009 1867; x_wconf 77' lang='grc' dir='ltr'>θαύμασιν,</span> <span class='ocrx_word' id='word_1_136' title='bbox 1032 1800 1081 1852; x_wconf 78' lang='lat' dir='ltr'><strong>oi</strong></span> <span class='ocrx_word' id='word_1_137' title='bbox 1102 1799 1208 1853; x_wconf 85' lang='grc' dir='ltr'>τῶν</span> <span class='ocrx_word' id='word_1_138' title='bbox 1246 1802 1517 1855; x_wconf 78' lang='grc' dir='ltr'>Ἰουδαίων</span> <span class='ocrx_word' id='word_1_139' title='bbox 1545 1805 1882 1873; x_wconf 83' lang='grc' dir='ltr'>προεστηκό-</span> 
     </span>
    </p>
   </div>
   <div class='ocr_carea' id='block_1_21' title="bbox 1991 608 3564 686">
    <p class='ocr_par' dir='ltr' id='par_1_21' title="bbox 1991 608 3564 686">
     <span class='ocr_line' id='line_1_21' title="bbox 1991 608 3564 686; baseline 0 -16"><span class='ocrx_word' id='word_1_140' title='bbox 1991 616 2135 670; x_wconf 85' lang='lat' dir='ltr'><strong>enim</strong></span> <span class='ocrx_word' id='word_1_141' title='bbox 2170 625 2255 670; x_wconf 90' lang='lat' dir='ltr'><strong>est</strong></span> <span class='ocrx_word' id='word_1_142' title='bbox 2286 629 2351 670; x_wconf 89' lang='lat' dir='ltr'><strong>ac</strong></span> <span class='ocrx_word' id='word_1_143' title='bbox 2379 615 2424 670; x_wconf 90' lang='lat' dir='ltr'><strong>si</strong></span> <span class='ocrx_word' id='word_1_144' title='bbox 2453 615 2640 670; x_wconf 82' lang='lat' dir='ltr'><strong>forsan</strong></span> <span class='ocrx_word' id='word_1_145' title='bbox 2671 613 2915 669; x_wconf 77' lang='lat' dir='ltr'><strong>diceret:</strong></span> <span class='ocrx_word' id='word_1_146' title='bbox 2947 612 3109 669; x_wconf 88' lang='lat' dir='ltr'><strong>Omni</strong></span> <span class='ocrx_word' id='word_1_147' title='bbox 3140 613 3322 684; x_wconf 84' lang='lat' dir='ltr'><strong>gaudii</strong></span> <span class='ocrx_word' id='word_1_148' title='bbox 3363 608 3564 686; x_wconf 82' lang='lat' dir='ltr'><strong>gehere</strong></span> 
     </span>
    </p>
   </div>
   <div class='ocr_carea' id='block_1_22' title="bbox 1992 704 3562 770">
    <p class='ocr_par' dir='ltr' id='par_1_22' title="bbox 1992 704 3562 770">
     <span class='ocr_line' id='line_1_22' title="bbox 1992 704 3562 770; baseline -0.003 -7"><span class='ocrx_word' id='word_1_149' title='bbox 1992 723 2094 763; x_wconf 89' lang='lat' dir='ltr'><strong>nos</strong></span> <span class='ocrx_word' id='word_1_150' title='bbox 2127 707 2439 762; x_wconf 82' lang='lat' dir='ltr'><strong>cumulatus</strong></span> <span class='ocrx_word' id='word_1_151' title='bbox 2473 706 2792 770; x_wconf 89' lang='lat' dir='ltr'><strong>fatebimur,</strong></span> <span class='ocrx_word' id='word_1_152' title='bbox 2848 721 2951 761; x_wconf 88' lang='lat' dir='ltr'><strong>nec</strong></span> <span class='ocrx_word' id='word_1_153' title='bbox 2982 704 3051 759; x_wconf 92' lang='lat' dir='ltr'><strong>ad</strong></span> <span class='ocrx_word' id='word_1_154' title='bbox 3097 704 3413 762; x_wconf 87' lang='lat' dir='ltr'><strong>felicitatem</strong></span> <span class='ocrx_word' id='word_1_155' title='bbox 3458 705 3562 759; x_wconf 88' lang='lat' dir='ltr'><strong>ali-</strong></span> 
     </span>
    </p>
   </div>
   <div class='ocr_carea' id='block_1_23' title="bbox 1992 794 3563 868">
    <p class='ocr_par' dir='ltr' id='par_1_23' title="bbox 1992 794 3563 868">
     <span class='ocr_line' id='line_1_23' title="bbox 1992 794 3563 868; baseline -0.001 -17"><span class='ocrx_word' id='word_1_156' title='bbox 1992 797 2120 868; x_wconf 84' lang='lat' dir='ltr'><strong>quid</strong></span> <span class='ocrx_word' id='word_1_157' title='bbox 2147 796 2289 851; x_wconf 89' lang='lat' dir='ltr'><strong>ultra</strong></span> <span class='ocrx_word' id='word_1_158' title='bbox 2319 798 2685 866; x_wconf 84' lang='lat' dir='ltr'><strong>requiremus,</strong></span> <span class='ocrx_word' id='word_1_159' title='bbox 2720 795 2766 850; x_wconf 90' lang='lat' dir='ltr'><strong>si</strong></span> <span class='ocrx_word' id='word_1_160' title='bbox 2791 794 2888 850; x_wconf 89' lang='lat' dir='ltr'><strong>Dei</strong></span> <span class='ocrx_word' id='word_1_161' title='bbox 2910 809 2977 849; x_wconf 91' lang='lat' dir='ltr'><strong>ac</strong></span> <span class='ocrx_word' id='word_1_162' title='bbox 3007 794 3190 851; x_wconf 87' lang='lat' dir='ltr'><strong>Patris</strong></span> <span class='ocrx_word' id='word_1_163' title='bbox 3217 795 3563 865; x_wconf 76' lang='lat' dir='ltr'><strong>Optatissima</strong></span> 
     </span>
    </p>
   </div>
   <div class='ocr_carea' id='block_1_24' title="bbox 1991 886 3560 959">
    <p class='ocr_par' dir='ltr' id='par_1_24' title="bbox 1991 886 3560 959">
     <span class='ocr_line' id='line_1_24' title="bbox 1991 886 3560 959; baseline -0.001 -17"><span class='ocrx_word' id='word_1_164' title='bbox 1991 888 2151 959; x_wconf 80' lang='lat'><strong>775</strong></span> <span class='ocrx_word' id='word_1_165' title='bbox 2183 888 2394 943; x_wconf 90' lang='lat' dir='ltr'><strong>visione</strong></span> <span class='ocrx_word' id='word_1_166' title='bbox 2430 887 2538 941; x_wconf 88' lang='lat' dir='ltr'><strong>frui</strong></span> <span class='ocrx_word' id='word_1_167' title='bbox 2574 887 2814 942; x_wconf 90' lang='lat' dir='ltr'><strong>licuerit.</strong></span> <span class='ocrx_word' id='word_1_168' title='bbox 2868 887 2936 941; x_wconf 85' lang='lat' dir='ltr'><strong>At</strong></span> <span class='ocrx_word' id='word_1_169' title='bbox 2965 887 3059 958; x_wconf 88' lang='lat' dir='ltr'><strong>qui</strong></span> <span class='ocrx_word' id='word_1_170' title='bbox 3091 886 3267 942; x_wconf 80' lang='lat' dir='ltr'><strong>Patris</strong></span> <span class='ocrx_word' id='word_1_171' title='bbox 3294 887 3560 943; x_wconf 82' lang='lat' dir='ltr'><strong>visionem</strong></span> 
     </span>
    </p>
   </div>
   <div class='ocr_carea' id='block_1_25' title="bbox 1992 978 3564 1049">
    <p class='ocr_par' dir='ltr' id='par_1_25' title="bbox 1992 978 3564 1049">
     <span class='ocr_line' id='line_1_25' title="bbox 1992 978 3564 1049; baseline 0.001 -16"><span class='ocrx_word' id='word_1_172' title='bbox 1992 981 2150 1034; x_wconf 85' lang='lat' dir='ltr'><strong>bonis</strong></span> <span class='ocrx_word' id='word_1_173' title='bbox 2180 980 2439 1033; x_wconf 89' lang='lat' dir='ltr'><strong>omnibus</strong></span> <span class='ocrx_word' id='word_1_174' title='bbox 2467 993 2530 1033; x_wconf 85' lang='lat' dir='ltr'><strong>ac</strong></span> <span class='ocrx_word' id='word_1_175' title='bbox 2556 978 2720 1035; x_wconf 82' lang='lat' dir='ltr'><strong>rebus</strong></span> <span class='ocrx_word' id='word_1_176' title='bbox 2748 994 2867 1049; x_wconf 77' lang='lat' dir='ltr'><strong>qua:</strong></span> <span class='ocrx_word' id='word_1_177' title='bbox 2902 980 2967 1033; x_wconf 89' lang='lat' dir='ltr'><strong>ad</strong></span> <span class='ocrx_word' id='word_1_178' title='bbox 3002 978 3316 1035; x_wconf 88' lang='lat' dir='ltr'><strong>felicitatem</strong></span> <span class='ocrx_word' id='word_1_179' title='bbox 3355 979 3564 1035; x_wconf 86' lang='lat' dir='ltr'><strong>condu-</strong></span> 
     </span>
    </p>
   </div>
   <div class='ocr_carea' id='block_1_26' title="bbox 1991 1070 3562 1140">
    <p class='ocr_par' dir='ltr' id='par_1_26' title="bbox 1991 1070 3562 1140">
     <span class='ocr_line' id='line_1_26' title="bbox 1991 1070 3562 1140; baseline 0.003 -17"><span class='ocrx_word' id='word_1_180' title='bbox 1991 1086 2115 1125; x_wconf 79' lang='lat' dir='ltr'><strong>cere</strong></span> <span class='ocrx_word' id='word_1_181' title='bbox 2137 1071 2391 1125; x_wconf 81' lang='lat' dir='ltr'><strong>videntur</strong></span> <span class='ocrx_word' id='word_1_182' title='bbox 2419 1070 2740 1140; x_wconf 91' lang='lat' dir='ltr'><strong>anteponit,</strong></span> <span class='ocrx_word' id='word_1_183' title='bbox 2778 1084 2846 1124; x_wconf 89' lang='lat' dir='ltr'><strong>an</strong></span> <span class='ocrx_word' id='word_1_184' title='bbox 2877 1085 2986 1126; x_wconf 88' lang='lat' dir='ltr'><strong>non</strong></span> <span class='ocrx_word' id='word_1_185' title='bbox 3018 1071 3169 1125; x_wconf 91' lang='lat' dir='ltr'><strong>omni</strong></span> <span class='ocrx_word' id='word_1_186' title='bbox 3192 1072 3562 1127; x_wconf 87' lang='lat' dir='ltr'><strong>admiratione</strong></span> 
     </span>
    </p>
   </div>
   <div class='ocr_carea' id='block_1_27' title="bbox 1992 1160 3560 1243">
    <p class='ocr_par' dir='ltr' id='par_1_27' title="bbox 1992 1160 3560 1243">
     <span class='ocr_line' id='line_1_27' title="bbox 1992 1160 3560 1243; baseline 0.004 -30"><span class='ocrx_word' id='word_1_187' title='bbox 1992 1162 2192 1230; x_wconf 82' lang='lat' dir='ltr'><strong>dignus</strong></span> <span class='ocrx_word' id='word_1_188' title='bbox 2232 1160 2600 1232; x_wconf 83' lang='lat' dir='ltr'><strong>praedicetur?</strong></span> <span class='ocrx_word' id='word_1_189' title='bbox 2639 1160 2738 1215; x_wconf 83' lang='lat' dir='ltr'><strong>Hic</strong></span> <span class='ocrx_word' id='word_1_190' title='bbox 2768 1161 2989 1243; x_wconf 80' lang='lat' dir='ltr'><strong>quidem</strong></span> <span class='ocrx_word' id='word_1_191' title='bbox 3043 1172 3127 1217; x_wconf 87' lang='lat' dir='ltr'><strong>est</strong></span> <span class='ocrx_word' id='word_1_192' title='bbox 3152 1163 3420 1234; x_wconf 85' lang='lat' dir='ltr'><strong>prepositi</strong></span> <span class='ocrx_word' id='word_1_193' title='bbox 3449 1163 3560 1219; x_wconf 88' lang='lat' dir='ltr'><strong>loci</strong></span> 
     </span>
    </p>
   </div>
   <div class='ocr_carea' id='block_1_28' title="bbox 1992 1250 3562 1323">
    <p class='ocr_par' dir='ltr' id='par_1_28' title="bbox 1992 1250 3562 1323">
     <span class='ocr_line' id='line_1_28' title="bbox 1992 1250 3562 1323; baseline 0.002 -19"><span class='ocrx_word' id='word_1_194' title='bbox 1992 1253 2190 1321; x_wconf 89' lang='lat' dir='ltr'><strong>planus</strong></span> <span class='ocrx_word' id='word_1_195' title='bbox 2218 1262 2273 1307; x_wconf 87' lang='lat' dir='ltr'><strong>et</strong></span> <span class='ocrx_word' id='word_1_196' title='bbox 2304 1253 2537 1323; x_wconf 80' lang='lat' dir='ltr'><strong>simplex</strong></span> <span class='ocrx_word' id='word_1_197' title='bbox 2568 1268 2786 1309; x_wconf 87' lang='lat' dir='ltr'><strong>sensus.</strong></span> <span class='ocrx_word' id='word_1_198' title='bbox 2828 1250 3025 1307; x_wconf 82' lang='lat' dir='ltr'><strong>Verum</strong></span> <span class='ocrx_word' id='word_1_199' title='bbox 3066 1253 3113 1310; x_wconf 90' lang='lat' dir='ltr'><strong>si</strong></span> <span class='ocrx_word' id='word_1_200' title='bbox 3168 1253 3477 1309; x_wconf 84' lang='lat' dir='ltr'><strong>abstrusius</strong></span> <span class='ocrx_word' id='word_1_201' title='bbox 3506 1263 3562 1309; x_wconf 92' lang='lat' dir='ltr'><strong>et</strong></span> 
     </span>
    </p>
   </div>
   <div class='ocr_carea' id='block_1_29' title="bbox 1991 1343 3563 1416">
    <p class='ocr_par' dir='ltr' id='par_1_29' title="bbox 1991 1343 3563 1416">
     <span class='ocr_line' id='line_1_29' title="bbox 1991 1343 3563 1416; baseline 0 -18"><span class='ocrx_word' id='word_1_202' title='bbox 1991 1344 2265 1401; x_wconf 90' lang='lat' dir='ltr'><strong>curiosius</strong></span> <span class='ocrx_word' id='word_1_203' title='bbox 2297 1344 2554 1416; x_wconf 84' lang='lat' dir='ltr'><strong>quiddam</strong></span> <span class='ocrx_word' id='word_1_204' title='bbox 2598 1343 2932 1400; x_wconf 77' lang='lat' dir='ltr'><strong>aﬂ‘erendum</strong></span> <span class='ocrx_word' id='word_1_205' title='bbox 2967 1351 3072 1410; x_wconf 89' lang='lat' dir='ltr'><strong>est,</strong></span> <span class='ocrx_word' id='word_1_206' title='bbox 3116 1346 3229 1400; x_wconf 87' lang='lat' dir='ltr'><strong>tale</strong></span> <span class='ocrx_word' id='word_1_207' title='bbox 3272 1345 3403 1415; x_wconf 92' lang='lat' dir='ltr'><strong>quid</strong></span> <span class='ocrx_word' id='word_1_208' title='bbox 3434 1344 3563 1399; x_wconf 63' lang='lat' dir='ltr'><strong>Phi.</strong></span> 
     </span>
    </p>
   </div>
   <div class='ocr_carea' id='block_1_30' title="bbox 1993 1432 3559 1509">
    <p class='ocr_par' dir='ltr' id='par_1_30' title="bbox 1993 1432 3559 1509">
     <span class='ocr_line' id='line_1_30' title="bbox 1993 1432 3559 1509; baseline 0.004 -25"><span class='ocrx_word' id='word_1_209' title='bbox 1993 1432 2195 1501; x_wconf 88' lang='lat' dir='ltr'><strong>lippum</strong></span> <span class='ocrx_word' id='word_1_210' title='bbox 2223 1433 2436 1489; x_wconf 84' lang='lat' dir='ltr'><strong>dixisse</strong></span> <span class='ocrx_word' id='word_1_211' title='bbox 2469 1440 2524 1487; x_wconf 91' lang='lat' dir='ltr'><strong>et</strong></span> <span class='ocrx_word' id='word_1_212' title='bbox 2549 1434 2824 1503; x_wconf 80' lang='lat' dir='ltr'><strong>cogitasse</strong></span> <span class='ocrx_word' id='word_1_213' title='bbox 2846 1434 3192 1503; x_wconf 84' lang='lat' dir='ltr'><strong>putabimus.</strong></span> <span class='ocrx_word' id='word_1_214' title='bbox 3242 1433 3559 1509; x_wconf 63' lang='lat' dir='ltr'><strong>Judazorum</strong></span> 
     </span>
    </p>
   </div>
   <div class='ocr_carea' id='block_1_31' title="bbox 1992 1524 3561 1594">
    <p class='ocr_par' dir='ltr' id='par_1_31' title="bbox 1992 1524 3561 1594">
     <span class='ocr_line' id='line_1_31' title="bbox 1992 1524 3561 1594; baseline 0.002 -17"><span class='ocrx_word' id='word_1_215' title='bbox 1992 1524 2291 1593; x_wconf 74' lang='lat' dir='ltr'><strong>praepositi,</strong></span> <span class='ocrx_word' id='word_1_216' title='bbox 2332 1533 2387 1579; x_wconf 94' lang='lat' dir='ltr'><strong>et</strong></span> <span class='ocrx_word' id='word_1_217' title='bbox 2445 1524 2652 1580; x_wconf 78' lang='lat' dir='ltr'><strong>Scriba:</strong></span> <span class='ocrx_word' id='word_1_218' title='bbox 2702 1535 2866 1594; x_wconf 86' lang='lat' dir='ltr'><strong>atque</strong></span> <span class='ocrx_word' id='word_1_219' title='bbox 2904 1524 3188 1591; x_wconf 73' lang='lat' dir='ltr'><strong>Pharisaei,</strong></span> <span class='ocrx_word' id='word_1_220' title='bbox 3251 1524 3561 1581; x_wconf 88' lang='lat' dir='ltr'><strong>Servatoris</strong></span> 
     </span>
    </p>
   </div>
   <div class='ocr_carea' id='block_1_32' title="bbox 1992 1615 3561 1686">
    <p class='ocr_par' dir='ltr' id='par_1_32' title="bbox 1992 1615 3561 1686">
     <span class='ocr_line' id='line_1_32' title="bbox 1992 1615 3561 1686; baseline 0.003 -19"><span class='ocrx_word' id='word_1_221' title='bbox 1992 1615 2273 1670; x_wconf 83' lang='lat' dir='ltr'><strong>miraculis</strong></span> <span class='ocrx_word' id='word_1_222' title='bbox 2322 1616 2723 1686; x_wconf 89' lang='lat' dir='ltr'><strong>pungebantur,</strong></span> <span class='ocrx_word' id='word_1_223' title='bbox 2769 1623 2824 1671; x_wconf 86' lang='lat' dir='ltr'><strong>et</strong></span> <span class='ocrx_word' id='word_1_224' title='bbox 2869 1615 3176 1671; x_wconf 88' lang='lat' dir='ltr'><strong>innumeris</strong></span> <span class='ocrx_word' id='word_1_225' title='bbox 3224 1616 3398 1686; x_wconf 82' lang='lat' dir='ltr'><strong>signis</strong></span> <span class='ocrx_word' id='word_1_226' title='bbox 3448 1631 3561 1671; x_wconf 89' lang='lat' dir='ltr'><strong>non</strong></span> 
     </span>
    </p>
   </div>
   <div class='ocr_carea' id='block_1_33' title="bbox 1991 1705 3562 1776">
    <p class='ocr_par' dir='ltr' id='par_1_33' title="bbox 1991 1705 3562 1776">
     <span class='ocr_line' id='line_1_33' title="bbox 1991 1705 3562 1776; baseline 0.002 -17"><span class='ocrx_word' id='word_1_227' title='bbox 1991 1719 2155 1760; x_wconf 88' lang='lat' dir='ltr'><strong>secus</strong></span> <span class='ocrx_word' id='word_1_228' title='bbox 2180 1719 2242 1759; x_wconf 86' lang='lat' dir='ltr'><strong>ac</strong></span> <span class='ocrx_word' id='word_1_229' title='bbox 2266 1706 2538 1776; x_wconf 82' lang='lat' dir='ltr'><strong>lapidibus</strong></span> <span class='ocrx_word' id='word_1_230' title='bbox 2565 1706 2722 1776; x_wconf 85' lang='lat' dir='ltr'><strong>petiti</strong></span> <span class='ocrx_word' id='word_1_231' title='bbox 2749 1705 2951 1759; x_wconf 79' lang='lat' dir='ltr'><strong>invidia</strong></span> <span class='ocrx_word' id='word_1_232' title='bbox 2976 1706 3395 1775; x_wconf 88' lang='lat' dir='ltr'><strong>rumpebantur,</strong></span> <span class='ocrx_word' id='word_1_233' title='bbox 3420 1707 3562 1762; x_wconf 86' lang='lat' dir='ltr'><strong>scie-</strong></span> 
     </span>
    </p>
   </div>
   <div class='ocr_carea' id='block_1_34' title="bbox 1992 1796 3559 1867">
    <p class='ocr_par' dir='ltr' id='par_1_34' title="bbox 1992 1796 3559 1867">
     <span class='ocr_line' id='line_1_34' title="bbox 1992 1796 3559 1867; baseline 0.002 -18"><span class='ocrx_word' id='word_1_234' title='bbox 1992 1796 2230 1867; x_wconf 91' lang='lat' dir='ltr'><strong>bantque</strong></span> <span class='ocrx_word' id='word_1_235' title='bbox 2257 1813 2316 1855; x_wconf 90' lang='lat' dir='ltr'><strong>se</strong></span> <span class='ocrx_word' id='word_1_236' title='bbox 2345 1799 2495 1852; x_wconf 92' lang='lat' dir='ltr'><strong>nullo</strong></span> <span class='ocrx_word' id='word_1_237' title='bbox 2537 1797 2700 1852; x_wconf 89' lang='lat' dir='ltr'><strong>modo</strong></span> <span class='ocrx_word' id='word_1_238' title='bbox 2743 1812 2906 1867; x_wconf 80' lang='lat' dir='ltr'><strong>posse</strong></span> <span class='ocrx_word' id='word_1_239' title='bbox 2938 1797 3208 1852; x_wconf 84' lang='lat' dir='ltr'><strong>adversus</strong></span> <span class='ocrx_word' id='word_1_240' title='bbox 3238 1812 3363 1852; x_wconf 88' lang='lat' dir='ltr'><strong>eum</strong></span> <span class='ocrx_word' id='word_1_241' title='bbox 3402 1796 3559 1867; x_wconf 81' lang='lat' dir='ltr'><strong>quid-</strong></span> 
     </span>
    </p>
   </div>
   <div class='ocr_carea' id='block_1_35' title="bbox 301 1878 1878 1962">
    <p class='ocr_par' dir='ltr' id='par_1_35' title="bbox 301 1882 1878 1962">
     <span class='ocr_line' id='line_1_35' title="bbox 301 1882 1878 1962; baseline 0.008 -29"><span class='ocrx_word' id='word_1_242' title='bbox 301 1899 421 1945; x_wconf 88' lang='grc' dir='ltr'>τες,</span> <span class='ocrx_word' id='word_1_243' title='bbox 450 1882 547 1935; x_wconf 77' lang='grc' dir='ltr'><strong>καὶ</strong></span> <span class='ocrx_word' id='word_1_244' title='bbox 576 1886 713 1954; x_wconf 83' lang='grc' dir='ltr'>πρὸς</span> <span class='ocrx_word' id='word_1_245' title='bbox 736 1886 945 1950; x_wconf 83' lang='grc' dir='ltr'>τούτοις</span> <span class='ocrx_word' id='word_1_246' title='bbox 984 1886 1064 1940; x_wconf 84' lang='grc' dir='ltr'><strong>ἔτι</strong></span> <span class='ocrx_word' id='word_1_247' title='bbox 1112 1889 1466 1962; x_wconf 84' lang='grc' dir='ltr'>Γραμματεῖς</span> <span class='ocrx_word' id='word_1_248' title='bbox 1504 1910 1565 1945; x_wconf 90' lang='grc' dir='ltr'><strong>τε</strong></span> <span class='ocrx_word' id='word_1_249' title='bbox 1599 1893 1692 1945; x_wconf 72' lang='grc' dir='ltr'>καὶ</span> <span class='ocrx_word' id='word_1_250' title='bbox 1719 1894 1878 1961; x_wconf 81' lang='grc' dir='ltr'>Φαρι-</span> 
     </span>
    </p>
   </div>
   <div class='ocr_carea' id='block_1_36' title="bbox 1982 1878 3561 1962">
    <p class='ocr_par' dir='ltr' id='par_1_36' title="bbox 1990 1885 3561 1958">
     <span class='ocr_line' id='line_1_36' title="bbox 1990 1885 3561 1958; baseline -0.001 -17"><span class='ocrx_word' id='word_1_251' title='bbox 1990 1902 2154 1955; x_wconf 90' lang='lat' dir='ltr'><strong>quam</strong></span> <span class='ocrx_word' id='word_1_252' title='bbox 2204 1902 2384 1958; x_wconf 86' lang='lat' dir='ltr'><strong>agere,</strong></span> <span class='ocrx_word' id='word_1_253' title='bbox 2420 1898 2512 1941; x_wconf 88' lang='lat' dir='ltr'><strong>aut</strong></span> <span class='ocrx_word' id='word_1_254' title='bbox 2561 1903 2685 1942; x_wconf 90' lang='lat' dir='ltr'><strong>cum</strong></span> <span class='ocrx_word' id='word_1_255' title='bbox 2714 1903 2743 1940; x_wconf 90' lang='lat' dir='ltr'><strong>a</strong></span> <span class='ocrx_word' id='word_1_256' title='bbox 2796 1886 3081 1941; x_wconf 90' lang='lat' dir='ltr'><strong>miraculis</strong></span> <span class='ocrx_word' id='word_1_257' title='bbox 3111 1886 3341 1942; x_wconf 87' lang='lat' dir='ltr'><strong>edendis</strong></span> <span class='ocrx_word' id='word_1_258' title='bbox 3374 1885 3561 1955; x_wconf 87' lang='lat' dir='ltr'><strong>probi-</strong></span> 
     </span>
    </p>
   </div>
   <div class='ocr_carea' id='block_1_37' title="bbox 306 1975 1883 2054">
    <p class='ocr_par' dir='ltr' id='par_1_37' title="bbox 306 1975 1883 2054">
     <span class='ocr_line' id='line_1_37' title="bbox 306 1975 1883 2054; baseline 0.008 -31"><span class='ocrx_word' id='word_1_259' title='bbox 306 1975 473 2039; x_wconf 80' lang='grc' dir='ltr'>σαῖοι,</span> <span class='ocrx_word' id='word_1_260' title='bbox 510 1975 605 2027; x_wconf 74' lang='grc' dir='ltr'><strong>καὶ</strong></span> <span class='ocrx_word' id='word_1_261' title='bbox 636 1976 785 2037; x_wconf 73' lang='grc' dir='ltr'><strong>“ταίς</strong></span> <span class='ocrx_word' id='word_1_262' title='bbox 828 1977 1157 2049; x_wconf 82' lang='grc' dir='ltr'>ἀμετρήτοις</span> <span class='ocrx_word' id='word_1_263' title='bbox 1207 1980 1576 2053; x_wconf 83' lang='grc' dir='ltr'>θεοσημείαις,</span> <span class='ocrx_word' id='word_1_264' title='bbox 1635 1983 1883 2054; x_wconf 84' lang='grc' dir='ltr'>καθάπερ</span> 
     </span>
    </p>
   </div>
   <div class='ocr_carea' id='block_1_38' title="bbox 305 2065 1883 2147">
    <p class='ocr_par' dir='ltr' id='par_1_38' title="bbox 305 2065 1883 2147">
     <span class='ocr_line' id='line_1_38' title="bbox 305 2065 1883 2147; baseline 0.009 -32"><span class='ocrx_word' id='word_1_265' title='bbox 305 2067 418 2117; x_wconf 74' lang='grc' dir='ltr'>τισὶ</span> <span class='ocrx_word' id='word_1_266' title='bbox 448 2065 615 2129; x_wconf 84' lang='grc' dir='ltr'>λίθοις</span> <span class='ocrx_word' id='word_1_267' title='bbox 639 2068 722 2128; x_wconf 81' lang='grc' dir='ltr'><strong>είς</strong></span> <span class='ocrx_word' id='word_1_268' title='bbox 776 2069 1005 2139; x_wconf 78' lang='grc' dir='ltr'>καρδίαν</span> <span class='ocrx_word' id='word_1_269' title='bbox 1052 2071 1386 2142; x_wconf 80' lang='grc' dir='ltr'>βαλλόμενοι,</span> <span class='ocrx_word' id='word_1_270' title='bbox 1429 2076 1521 2127; x_wconf 75' lang='grc' dir='ltr'>καὶ</span> <span class='ocrx_word' id='word_1_271' title='bbox 1549 2077 1883 2147; x_wconf 74' lang='grc' dir='ltr'>ἐρρήγνυντο</span> 
     </span>
    </p>
   </div>
   <div class='ocr_carea' id='block_1_39' title="bbox 309 2157 1885 2253">
    <p class='ocr_par' dir='ltr' id='par_1_39' title="bbox 309 2157 1885 2253">
     <span class='ocr_line' id='line_1_39' title="bbox 309 2157 1885 2253; baseline 0.007 -44"><span class='ocrx_word' id='word_1_272' title='bbox 309 2157 388 2226; x_wconf 83' lang='grc' dir='ltr'>τῷ</span> <span class='ocrx_word' id='word_1_273' title='bbox 412 2158 610 2229; x_wconf 82' lang='grc' dir='ltr'>φθόνῳ,</span> <span class='ocrx_word' id='word_1_274' title='bbox 638 2160 733 2213; x_wconf 73' lang='grc' dir='ltr'><strong>καὶ</strong></span> <span class='ocrx_word' id='word_1_275' title='bbox 760 2160 954 2230; x_wconf 76' lang='grc' dir='ltr'>δρᾶσαι</span> <span class='ocrx_word' id='word_1_276' title='bbox 981 2162 1079 2232; x_wconf 87' lang='grc' dir='ltr'><strong>μέν</strong></span> <span class='ocrx_word' id='word_1_277' title='bbox 1103 2182 1155 2217; x_wconf 90' lang='grc' dir='ltr'><strong>τι</strong></span> <span class='ocrx_word' id='word_1_278' title='bbox 1190 2167 1326 2235; x_wconf 84' lang='grc' dir='ltr'>πρὸς</span> <span class='ocrx_word' id='word_1_279' title='bbox 1353 2166 1547 2230; x_wconf 83' lang='grc' dir='ltr'>ταῦτα,</span> <span class='ocrx_word' id='word_1_280' title='bbox 1576 2168 1670 2220; x_wconf 73' lang='grc' dir='ltr'><strong>καὶ</strong></span> <span class='ocrx_word' id='word_1_281' title='bbox 1695 2183 1885 2253; x_wconf 66' lang='grc' dir='ltr'>τερατ-</span> 
     </span>
    </p>
   </div>
   <div class='ocr_carea' id='block_1_40' title="bbox 313 2246 1883 2328">
    <p class='ocr_par' dir='ltr' id='par_1_40' title="bbox 313 2246 1883 2328">
     <span class='ocr_line' id='line_1_40' title="bbox 313 2246 1883 2328; baseline 0.008 -31"><span class='ocrx_word' id='word_1_282' title='bbox 313 2246 611 2314; x_wconf 78' lang='grc' dir='ltr'>ουργοῦντα</span> <span class='ocrx_word' id='word_1_283' title='bbox 655 2248 974 2303; x_wconf 81' lang='grc' dir='ltr'>διακωλύειν</span> <span class='ocrx_word' id='word_1_284' title='bbox 1028 2252 1097 2303; x_wconf 86' lang='grc' dir='ltr'>δι’</span> <span class='ocrx_word' id='word_1_285' title='bbox 1138 2254 1355 2317; x_wconf 78' lang='grc' dir='ltr'>οὐδενὸς</span> <span class='ocrx_word' id='word_1_286' title='bbox 1412 2256 1616 2326; x_wconf 76' lang='grc' dir='ltr'><strong>ἰσχύειν</strong></span> <span class='ocrx_word' id='word_1_287' title='bbox 1683 2246 1883 2328; x_wconf 77' lang='grc' dir='ltr'>ᾔδεσαν</span> 
     </span>
    </p>
   </div>
   <div class='ocr_carea' id='block_1_41' title="bbox 315 2337 1882 2419">
    <p class='ocr_par' dir='ltr' id='par_1_41' title="bbox 315 2337 1882 2419">
     <span class='ocr_line' id='line_1_41' title="bbox 315 2337 1882 2419; baseline 0.011 -32"><span class='ocrx_word' id='word_1_288' title='bbox 315 2337 517 2406; x_wconf 81' lang='grc' dir='ltr'>τρόπου</span> <span class='ocrx_word' id='word_1_289' title='bbox 542 2353 556 2368; x_wconf 77' lang='grc' dir='ltr'><strong>ο</strong></span> <span class='ocrx_word' id='word_1_290' title='bbox 608 2338 951 2411; x_wconf 76' lang='grc' dir='ltr'>διασύροντες</span> <span class='ocrx_word' id='word_1_291' title='bbox 1004 2343 1061 2396; x_wconf 78' lang='grc' dir='ltr'>δὲ</span> <span class='ocrx_word' id='word_1_292' title='bbox 1112 2345 1252 2398; x_wconf 73' lang='grc' dir='ltr'>οὕτω</span> <span class='ocrx_word' id='word_1_293' title='bbox 1280 2347 1348 2400; x_wconf 76' lang='grc' dir='ltr'>τὰ</span> <span class='ocrx_word' id='word_1_294' title='bbox 1377 2349 1698 2418; x_wconf 79' lang='grc' dir='ltr'>παραδόξως</span> <span class='ocrx_word' id='word_1_295' title='bbox 1721 2368 1882 2419; x_wconf 87' lang='grc' dir='ltr'>γεγε-</span> 
     </span>
    </p>
   </div>
   <div class='ocr_carea' id='block_1_42' title="bbox 319 2425 1882 2506">
    <p class='ocr_par' dir='ltr' id='par_1_42' title="bbox 319 2425 1882 2506">
     <span class='ocr_line' id='line_1_42' title="bbox 319 2425 1882 2506; baseline 0.012 -31"><span class='ocrx_word' id='word_1_296' title='bbox 319 2425 548 2495; x_wconf 83' lang='grc' dir='ltr'>νημένα,</span> <span class='ocrx_word' id='word_1_297' title='bbox 575 2429 669 2480; x_wconf 79' lang='grc' dir='ltr'>καὶ</span> <span class='ocrx_word' id='word_1_298' title='bbox 696 2432 804 2492; x_wconf 79' lang='grc' dir='ltr'>τοῖς</span> <span class='ocrx_word' id='word_1_299' title='bbox 830 2430 886 2494; x_wconf 64' lang='lat' dir='ltr'><strong>ea</strong></span> <span class='ocrx_word' id='word_1_300' title='bbox 901 2432 1113 2501; x_wconf 79' lang='grc' dir='ltr'>ἀπάτης</span> <span class='ocrx_word' id='word_1_301' title='bbox 1134 2428 1672 2506; x_wconf 71' lang='grc' dir='ltr'>κατασμυῷύνοντες</span> <span class='ocrx_word' id='word_1_302' title='bbox 1704 2439 1882 2504; x_wconf 85' lang='grc' dir='ltr'>λόγοις</span> 
     </span>
    </p>
   </div>
   <div class='ocr_carea' id='block_1_43' title="bbox 318 2516 1882 2597">
    <p class='ocr_par' dir='ltr' id='par_1_43' title="bbox 318 2516 1882 2597">
     <span class='ocr_line' id='line_1_43' title="bbox 318 2516 1882 2597; baseline 0.011 -30"><span class='ocrx_word' id='word_1_303' title='bbox 318 2516 420 2586; x_wconf 81' lang='grc' dir='ltr'>τὴν</span> <span class='ocrx_word' id='word_1_304' title='bbox 445 2516 598 2581; x_wconf 81' lang='grc' dir='ltr'>δόξαν</span> <span class='ocrx_word' id='word_1_305' title='bbox 628 2520 809 2583; x_wconf 78' lang='grc' dir='ltr'>αὑτοῦ,</span> <span class='ocrx_word' id='word_1_306' title='bbox 834 2523 941 2576; x_wconf 86' lang='grc' dir='ltr'>ἄνω</span> <span class='ocrx_word' id='word_1_307' title='bbox 958 2540 1016 2575; x_wconf 85' lang='grc' dir='ltr'><strong>τε</strong></span> <span class='ocrx_word' id='word_1_308' title='bbox 1036 2525 1130 2577; x_wconf 71' lang='grc' dir='ltr'>καὶ</span> <span class='ocrx_word' id='word_1_309' title='bbox 1158 2526 1307 2579; x_wconf 83' lang='grc' dir='ltr'>κάτω</span> <span class='ocrx_word' id='word_1_310' title='bbox 1323 2526 1422 2597; x_wconf 83' lang='grc' dir='ltr'>τὴν</span> <span class='ocrx_word' id='word_1_311' title='bbox 1448 2527 1558 2580; x_wconf 83' lang='grc' dir='ltr'><strong>τῶν</strong></span> <span class='ocrx_word' id='word_1_312' title='bbox 1611 2530 1882 2584; x_wconf 76' lang='grc' dir='ltr'>Ἰουδαίων</span> 
     </span>
    </p>
   </div>
   <div class='ocr_carea' id='block_1_44' title="bbox 314 2604 1880 2688">
    <p class='ocr_par' dir='ltr' id='par_1_44' title="bbox 314 2604 1880 2688">
     <span class='ocr_line' id='line_1_44' title="bbox 314 2604 1880 2688; baseline 0.011 -32"><span class='ocrx_word' id='word_1_313' title='bbox 314 2604 616 2670; x_wconf 83' lang='grc' dir='ltr'>διαθέοντες</span> <span class='ocrx_word' id='word_1_314' title='bbox 661 2608 860 2679; x_wconf 80' lang='grc' dir='ltr'>χώραν,</span> <span class='ocrx_word' id='word_1_315' title='bbox 908 2612 1074 2682; x_wconf 70' lang='grc' dir='ltr'>αὐτήν</span> <span class='ocrx_word' id='word_1_316' title='bbox 1105 2630 1161 2666; x_wconf 91' lang='grc' dir='ltr'><strong>τε</strong></span> <span class='ocrx_word' id='word_1_317' title='bbox 1200 2614 1299 2685; x_wconf 76' lang='grc' dir='ltr'>τὴν</span> <span class='ocrx_word' id='word_1_318' title='bbox 1343 2614 1715 2688; x_wconf 67' lang='grc' dir='ltr'>Ἰερουσαλὴμ,</span> <span class='ocrx_word' id='word_1_319' title='bbox 1752 2621 1880 2673; x_wconf 77' lang='grc' dir='ltr'>ποτὲ</span> 
     </span>
    </p>
   </div>
   <div class='ocr_carea' id='block_1_45' title="bbox 310 2696 1881 2778">
    <p class='ocr_par' dir='ltr' id='par_1_45' title="bbox 310 2696 1881 2778">
     <span class='ocr_line' id='line_1_45' title="bbox 310 2696 1881 2778; baseline 0.011 -29"><span class='ocrx_word' id='word_1_320' title='bbox 310 2696 415 2765; x_wconf 91' lang='grc' dir='ltr'>μὲν</span> <span class='ocrx_word' id='word_1_321' title='bbox 470 2696 702 2767; x_wconf 79' lang='grc' dir='ltr'>ἔφασκον</span> <span class='ocrx_word' id='word_1_322' title='bbox 745 2703 802 2754; x_wconf 86' lang='grc' dir='ltr'>ὲν</span> <span class='ocrx_word' id='word_1_323' title='bbox 857 2702 1181 2769; x_wconf 77' lang='grc' dir='ltr'>Βεελζεὸοὺλ</span> <span class='ocrx_word' id='word_1_324' title='bbox 1222 2707 1386 2760; x_wconf 79' lang='grc' dir='ltr'>αὐτὸν</span> <span class='ocrx_word' id='word_1_325' title='bbox 1439 2708 1765 2778; x_wconf 76' lang='grc' dir='ltr'>ἐργάζεσθαι</span> <span class='ocrx_word' id='word_1_326' title='bbox 1811 2713 1881 2767; x_wconf 82' lang='grc' dir='ltr'>τὰ</span> 
     </span>
    </p>
   </div>
   <div class='ocr_carea' id='block_1_46' title="bbox 304 2791 1880 2869">
    <p class='ocr_par' dir='ltr' id='par_1_46' title="bbox 304 2791 1880 2869">
     <span class='ocr_line' id='line_1_46' title="bbox 304 2791 1880 2869; baseline 0.011 -30"><span class='ocrx_word' id='word_1_327' title='bbox 304 2792 510 2858; x_wconf 74' lang='grc' dir='ltr'>σημεῖα</span> <span class='ocrx_word' id='word_1_328' title='bbox 529 2806 542 2821; x_wconf 74' lang='grc' dir='ltr'><strong><em>ο</em></strong></span> <span class='ocrx_word' id='word_1_329' title='bbox 599 2791 732 2843; x_wconf 73' lang='grc' dir='ltr'>ποτὲ</span> <span class='ocrx_word' id='word_1_330' title='bbox 757 2792 813 2845; x_wconf 80' lang='grc' dir='ltr'><strong>δὲ</strong></span> <span class='ocrx_word' id='word_1_331' title='bbox 861 2793 1025 2847; x_wconf 86' lang='grc' dir='ltr'>πάλιν</span> <span class='ocrx_word' id='word_1_332' title='bbox 1052 2798 1133 2858; x_wconf 87' lang='grc' dir='ltr'><strong>είς</strong></span> <span class='ocrx_word' id='word_1_333' title='bbox 1170 2797 1471 2859; x_wconf 71' lang='grc' dir='ltr'>ἀκάθεκτον</span> <span class='ocrx_word' id='word_1_334' title='bbox 1497 2801 1694 2869; x_wconf 87' lang='grc' dir='ltr'>μανίαν</span> <span class='ocrx_word' id='word_1_335' title='bbox 1739 2803 1880 2867; x_wconf 80' lang='grc' dir='ltr'>ὲξοι-</span> 
     </span>
    </p>
   </div>
   <div class='ocr_carea' id='block_1_47' title="bbox 302 2880 1876 2957">
    <p class='ocr_par' dir='ltr' id='par_1_47' title="bbox 302 2880 1876 2957">
     <span class='ocr_line' id='line_1_47' title="bbox 302 2880 1876 2957; baseline 0.01 -25"><span class='ocrx_word' id='word_1_336' title='bbox 302 2880 647 2951; x_wconf 83' lang='grc' dir='ltr'>στρούμενοι,</span> <span class='ocrx_word' id='word_1_337' title='bbox 702 2883 965 2955; x_wconf 77' lang='grc' dir='ltr'>δαιμονᾷν</span> <span class='ocrx_word' id='word_1_338' title='bbox 1026 2886 1125 2956; x_wconf 80' lang='grc' dir='ltr'>μὲν</span> <span class='ocrx_word' id='word_1_339' title='bbox 1177 2888 1436 2957; x_wconf 75' lang='grc' dir='ltr'>ἔφασκον,</span> <span class='ocrx_word' id='word_1_340' title='bbox 1466 2892 1566 2944; x_wconf 81' lang='grc' dir='ltr'><strong>οὐκ</strong></span> <span class='ocrx_word' id='word_1_341' title='bbox 1594 2892 1791 2946; x_wconf 78' lang='grc' dir='ltr'>ειδέναι</span> <span class='ocrx_word' id='word_1_342' title='bbox 1820 2894 1876 2947; x_wconf 77' lang='grc' dir='ltr'>δὲ</span> 
     </span>
    </p>
   </div>
   <div class='ocr_carea' id='block_1_48' title="bbox 300 2970 1876 3052">
    <p class='ocr_par' dir='ltr' id='par_1_48' title="bbox 300 2970 1876 3052">
     <span class='ocr_line' id='line_1_48' title="bbox 300 2970 1876 3052; baseline 0.009 -29"><span class='ocrx_word' id='word_1_343' title='bbox 300 2970 337 3023; x_wconf 80' lang='grc' dir='ltr'>ἆ</span> <span class='ocrx_word' id='word_1_344' title='bbox 390 2989 576 3043; x_wconf 79' lang='grc' dir='ltr'>φησιν.</span> <span class='ocrx_word' id='word_1_345' title='bbox 645 2974 949 3045; x_wconf 86' lang='grc' dir='ltr'>Ἐπετίμων</span> <span class='ocrx_word' id='word_1_346' title='bbox 1010 2978 1117 3047; x_wconf 82' lang='grc' dir='ltr'>γὰρ</span> <span class='ocrx_word' id='word_1_347' title='bbox 1158 2982 1271 3043; x_wconf 81' lang='grc' dir='ltr'>τοῖς</span> <span class='ocrx_word' id='word_1_348' title='bbox 1348 2980 1528 3051; x_wconf 74' lang='grc' dir='ltr'>ὄχλοις</span> <span class='ocrx_word' id='word_1_349' title='bbox 1590 2982 1876 3052; x_wconf 77' lang='grc' dir='ltr'>λέγοντεςο</span> 
     </span>
    </p>
   </div>
   <div class='ocr_carea' id='block_1_49' title="bbox 299 3062 1872 3136">
    <p class='ocr_par' dir='ltr' id='par_1_49' title="bbox 299 3062 1872 3136">
     <span class='ocr_line' id='line_1_49' title="bbox 299 3062 1872 3136; baseline 0.01 -25"><span class='ocrx_word' id='word_1_350' title='bbox 299 3079 319 3111; x_wconf 73' lang='grc' dir='ltr'><strong>ι</strong></span> <span class='ocrx_word' id='word_1_351' title='bbox 351 3062 642 3131; x_wconf 78' lang='grc' dir='ltr'>Δαιμόνιον</span> <span class='ocrx_word' id='word_1_352' title='bbox 660 3062 794 3133; x_wconf 76' lang='grc' dir='ltr'>ἔχει,</span> <span class='ocrx_word' id='word_1_353' title='bbox 838 3067 932 3118; x_wconf 82' lang='grc' dir='ltr'>καὶ</span> <span class='ocrx_word' id='word_1_354' title='bbox 960 3069 1212 3136; x_wconf 87' lang='grc' dir='ltr'>μαίνεται</span> <span class='ocrx_word' id='word_1_355' title='bbox 1281 3071 1335 3122; x_wconf 84' lang='grc' dir='ltr'><strong>τί</strong></span> <span class='ocrx_word' id='word_1_356' title='bbox 1375 3072 1537 3125; x_wconf 68' lang='grc' dir='ltr'>αὑτοῦ</span> <span class='ocrx_word' id='word_1_357' title='bbox 1577 3074 1872 3135; x_wconf 75' lang='grc' dir='ltr'>ἀκούετε;ι</span> 
     </span>
    </p>
   </div>
   <div class='ocr_carea' id='block_1_50' title="bbox 287 3333 1873 3417">
    <p class='ocr_par' dir='ltr' id='par_1_50' title="bbox 287 3333 1873 3417">
     <span class='ocr_line' id='line_1_50' title="bbox 287 3333 1873 3417; baseline 0.008 -32"><span class='ocrx_word' id='word_1_358' title='bbox 287 3333 573 3399; x_wconf 77' lang='grc' dir='ltr'>εὐκλείαις</span> <span class='ocrx_word' id='word_1_359' title='bbox 592 3336 880 3407; x_wconf 78' lang='grc' dir='ltr'>ἀφορήτως</span> <span class='ocrx_word' id='word_1_360' title='bbox 911 3339 1385 3412; x_wconf 85' lang='grc' dir='ltr'>ἀντεγειρόμενος,</span> <span class='ocrx_word' id='word_1_361' title='bbox 1412 3344 1494 3407; x_wconf 88' lang='grc' dir='ltr'><strong>τίς</strong></span> <span class='ocrx_word' id='word_1_362' title='bbox 1523 3345 1579 3398; x_wconf 80' lang='grc' dir='ltr'><strong>δὲ</strong></span> <span class='ocrx_word' id='word_1_363' title='bbox 1608 3341 1763 3409; x_wconf 74' lang='grc' dir='ltr'>οὗτος</span> <span class='ocrx_word' id='word_1_364' title='bbox 1784 3342 1873 3417; x_wconf 84' lang='grc' dir='ltr'>ἦν,</span> 
     </span>
    </p>
   </div>
   <div class='ocr_carea' id='block_1_51' title="bbox 283 3423 1879 3504">
    <p class='ocr_par' dir='ltr' id='par_1_51' title="bbox 283 3423 1879 3504">
     <span class='ocr_line' id='line_1_51' title="bbox 283 3423 1879 3504; baseline 0.007 -27"><span class='ocrx_word' id='word_1_365' title='bbox 283 3423 610 3492; x_wconf 78' lang='grc' dir='ltr'>ἀναγκαίως</span> <span class='ocrx_word' id='word_1_366' title='bbox 632 3425 760 3495; x_wconf 74' lang='grc' dir='ltr'><strong>ἐρῶ.</strong></span> <span class='ocrx_word' id='word_1_367' title='bbox 819 3427 1125 3482; x_wconf 84' lang='grc' dir='ltr'>Ἀνέπειθον</span> <span class='ocrx_word' id='word_1_368' title='bbox 1150 3431 1258 3501; x_wconf 82' lang='grc' dir='ltr'><strong>γάρ</strong></span> <span class='ocrx_word' id='word_1_369' title='bbox 1302 3433 1426 3495; x_wconf 81' lang='grc' dir='ltr'>τοὺς</span> <span class='ocrx_word' id='word_1_370' title='bbox 1465 3433 1689 3504; x_wconf 85' lang='grc' dir='ltr'>δήμους,</span> <span class='ocrx_word' id='word_1_371' title='bbox 1709 3437 1879 3488; x_wconf 79' lang='grc' dir='ltr'>καθά-</span> 
     </span>
    </p>
   </div>
   <div class='ocr_carea' id='block_1_52' title="bbox 283 3507 1878 3596">
    <p class='ocr_par' dir='ltr' id='par_1_52' title="bbox 283 3507 1878 3596">
     <span class='ocr_line' id='line_1_52' title="bbox 283 3507 1878 3596; baseline 0.009 -31"><span class='ocrx_word' id='word_1_372' title='bbox 283 3507 442 3586; x_wconf 58' lang='grc' dir='ltr'>περ³</span> <span class='ocrx_word' id='word_1_373' title='bbox 478 3515 686 3585; x_wconf 85' lang='grc' dir='ltr'>ἀρτίως</span> <span class='ocrx_word' id='word_1_374' title='bbox 729 3516 1034 3587; x_wconf 79' lang='grc' dir='ltr'>ἐδείξαμεν,</span> <span class='ocrx_word' id='word_1_375' title='bbox 1054 3520 1143 3572; x_wconf 78' lang='grc' dir='ltr'><strong>τὸν</strong></span> <span class='ocrx_word' id='word_1_376' title='bbox 1188 3521 1288 3590; x_wconf 86' lang='grc' dir='ltr'><strong>μὲν</strong></span> <span class='ocrx_word' id='word_1_377' title='bbox 1320 3523 1469 3592; x_wconf 75' lang='grc' dir='ltr'>παρὰ</span> <span class='ocrx_word' id='word_1_378' title='bbox 1499 3524 1593 3578; x_wconf 77' lang='grc' dir='ltr'><strong>τοῦ</strong></span> <span class='ocrx_word' id='word_1_379' title='bbox 1623 3526 1878 3596; x_wconf 78' lang='grc' dir='ltr'>Σωτῆρος</span> 
     </span>
    </p>
   </div>
   <div class='ocr_carea' id='block_1_53' title="bbox 282 3604 1880 3681">
    <p class='ocr_par' dir='ltr' id='par_1_53' title="bbox 282 3604 1880 3681">
     <span class='ocr_line' id='line_1_53' title="bbox 282 3604 1880 3681; baseline 0.01 -27"><span class='ocrx_word' id='word_1_380' title='bbox 282 3604 456 3674; x_wconf 76' lang='grc' dir='ltr'>ἡμῶν</span> <span class='ocrx_word' id='word_1_381' title='bbox 480 3605 557 3675; x_wconf 77' lang='grc' dir='ltr'>μὴ</span> <span class='ocrx_word' id='word_1_382' title='bbox 578 3606 895 3674; x_wconf 83' lang='grc' dir='ltr'>προσίεσθαι</span> <span class='ocrx_word' id='word_1_383' title='bbox 914 3608 1400 3681; x_wconf 77' lang='grc' dir='ltr'>λόγον,ὰποφοιτᾷν</span> <span class='ocrx_word' id='word_1_384' title='bbox 1421 3613 1497 3678; x_wconf 84' lang='grc' dir='ltr'><strong>δὲ,</strong></span> <span class='ocrx_word' id='word_1_385' title='bbox 1519 3614 1593 3676; x_wconf 82' lang='grc' dir='ltr'>ὡς</span> <span class='ocrx_word' id='word_1_386' title='bbox 1607 3616 1880 3669; x_wconf 83' lang='grc' dir='ltr'>διδάσκον-</span> 
     </span>
    </p>
   </div>
   <div class='ocr_carea' id='block_1_54' title="bbox 277 3694 1882 3774">
    <p class='ocr_par' dir='ltr' id='par_1_54' title="bbox 277 3694 1882 3774">
     <span class='ocr_line' id='line_1_54' title="bbox 277 3694 1882 3774; baseline 0.008 -26"><span class='ocrx_word' id='word_1_387' title='bbox 277 3711 383 3757; x_wconf 86' lang='grc' dir='ltr'><strong>τος</strong></span> <span class='ocrx_word' id='word_1_388' title='bbox 422 3694 584 3763; x_wconf 83' lang='grc' dir='ltr'>παρὰ</span> <span class='ocrx_word' id='word_1_389' title='bbox 634 3696 723 3748; x_wconf 85' lang='grc' dir='ltr'><strong>τὸν</strong></span> <span class='ocrx_word' id='word_1_390' title='bbox 770 3698 955 3768; x_wconf 90' lang='grc' dir='ltr'>νόμον,</span> <span class='ocrx_word' id='word_1_391' title='bbox 1002 3700 1099 3752; x_wconf 74' lang='grc' dir='ltr'><strong>καὶ</strong></span> <span class='ocrx_word' id='word_1_392' title='bbox 1127 3701 1202 3763; x_wconf 87' lang='grc' dir='ltr'>ὡς</span> <span class='ocrx_word' id='word_1_393' title='bbox 1260 3704 1598 3772; x_wconf 70' lang='grc' dir='ltr'>πορρωτάτω</span> <span class='ocrx_word' id='word_1_394' title='bbox 1656 3707 1882 3774; x_wconf 81' lang='grc' dir='ltr'>φεύγειν</span> 
     </span>
    </p>
   </div>
   <div class='ocr_carea' id='block_1_55' title="bbox 280 3785 1877 3864">
    <p class='ocr_par' dir='ltr' id='par_1_55' title="bbox 280 3785 1877 3864">
     <span class='ocr_line' id='line_1_55' title="bbox 280 3785 1877 3864; baseline 0.009 -25"><span class='ocrx_word' id='word_1_395' title='bbox 280 3785 626 3853; x_wconf 77' lang='grc' dir='ltr'>ἐπείγεσθαι</span> <span class='ocrx_word' id='word_1_396' title='bbox 645 3826 660 3851; x_wconf 90' lang='grc'><strong>,</strong></span> <span class='ocrx_word' id='word_1_397' title='bbox 688 3790 1038 3857; x_wconf 84' lang='grc' dir='ltr'>προσκεῖσθαι</span> <span class='ocrx_word' id='word_1_398' title='bbox 1071 3792 1128 3844; x_wconf 83' lang='grc' dir='ltr'><strong>δὲ</strong></span> <span class='ocrx_word' id='word_1_399' title='bbox 1169 3793 1368 3861; x_wconf 81' lang='grc' dir='ltr'>μᾶλλον</span> <span class='ocrx_word' id='word_1_400' title='bbox 1387 3798 1497 3859; x_wconf 87' lang='grc' dir='ltr'>τοῖς</span> <span class='ocrx_word' id='word_1_401' title='bbox 1525 3797 1611 3850; x_wconf 83' lang='grc' dir='ltr'>διὰ</span> <span class='ocrx_word' id='word_1_402' title='bbox 1634 3800 1877 3864; x_wconf 78' lang='grc' dir='ltr'>Μωσέως</span> 
     </span>
    </p>
   </div>
   <div class='ocr_carea' id='block_1_56' title="bbox 279 3878 1877 3963">
    <p class='ocr_par' dir='ltr' id='par_1_56' title="bbox 279 3878 1877 3963">
     <span class='ocr_line' id='line_1_56' title="bbox 279 3878 1877 3963; baseline 0.01 -34"><span class='ocrx_word' id='word_1_403' title='bbox 279 3878 773 3948; x_wconf 85' lang='grc' dir='ltr'>τεθεσπισμένοις.</span> <span class='ocrx_word' id='word_1_404' title='bbox 808 3882 918 3934; x_wconf 82' lang='grc' dir='ltr'>Καὶ</span> <span class='ocrx_word' id='word_1_405' title='bbox 936 3882 1023 3937; x_wconf 74' lang='grc' dir='ltr'>διὰ</span> <span class='ocrx_word' id='word_1_406' title='bbox 1054 3884 1213 3937; x_wconf 88' lang='grc' dir='ltr'>ποίαν</span> <span class='ocrx_word' id='word_1_407' title='bbox 1231 3886 1411 3941; x_wconf 79' lang='grc' dir='ltr'>αἰτίαν</span> <span class='ocrx_word' id='word_1_408' title='bbox 1431 3903 1446 3952; x_wconf 88' lang='lat'><strong>;</strong></span> <span class='ocrx_word' id='word_1_409' title='bbox 1465 3890 1742 3958; x_wconf 81' lang='grc' dir='ltr'>Ἐφασκον</span> <span class='ocrx_word' id='word_1_410' title='bbox 1769 3893 1877 3963; x_wconf 85' lang='grc' dir='ltr'><strong>γὰρ</strong></span> 
     </span>
    </p>
   </div>
   <div class='ocr_carea' id='block_1_57' title="bbox 277 3969 1872 4054">
    <p class='ocr_par' dir='ltr' id='par_1_57' title="bbox 277 3969 1872 4054">
     <span class='ocr_line' id='line_1_57' title="bbox 277 3969 1872 4054; baseline 0.009 -31"><span class='ocrx_word' id='word_1_411' title='bbox 277 3971 370 4023; x_wconf 81' lang='grc' dir='ltr'>ὅτι</span> <span class='ocrx_word' id='word_1_412' title='bbox 413 3969 632 4040; x_wconf 84' lang='grc' dir='ltr'>Μωσῆς</span> <span class='ocrx_word' id='word_1_413' title='bbox 655 3972 751 4042; x_wconf 88' lang='grc' dir='ltr'><strong>μὲν</strong></span> <span class='ocrx_word' id='word_1_414' title='bbox 779 3975 808 4025; x_wconf 99' lang='lat'><strong>6</strong></span> <span class='ocrx_word' id='word_1_415' title='bbox 840 3974 1017 4044; x_wconf 87' lang='grc' dir='ltr'>μέγας</span> <span class='ocrx_word' id='word_1_416' title='bbox 1039 3977 1166 4039; x_wconf 86' lang='grc' dir='ltr'>τοὺς</span> <span class='ocrx_word' id='word_1_417' title='bbox 1204 3977 1372 4031; x_wconf 85' lang='grc' dir='ltr'>πάλαι</span> <span class='ocrx_word' id='word_1_418' title='bbox 1397 3979 1557 4045; x_wconf 79' lang='grc' dir='ltr'>λαοὺς</span> <span class='ocrx_word' id='word_1_419' title='bbox 1583 3983 1872 4054; x_wconf 76' lang='grc' dir='ltr'>ἐξήνεγκεν</span> 
     </span>
    </p>
   </div>
   <div class='ocr_carea' id='block_1_58' title="bbox 272 4061 1875 4144">
    <p class='ocr_par' dir='ltr' id='par_1_58' title="bbox 272 4061 1875 4144">
     <span class='ocr_line' id='line_1_58' title="bbox 272 4061 1875 4144; baseline 0.011 -32"><span class='ocrx_word' id='word_1_420' title='bbox 272 4063 362 4124; x_wconf 85' lang='grc' dir='ltr'><strong>είς</strong></span> <span class='ocrx_word' id='word_1_421' title='bbox 394 4061 731 4132; x_wconf 82' lang='grc' dir='ltr'>συνάντησιν</span> <span class='ocrx_word' id='word_1_422' title='bbox 760 4065 853 4117; x_wconf 78' lang='grc' dir='ltr'><strong>τοῦ</strong></span> <span class='ocrx_word' id='word_1_423' title='bbox 877 4066 1044 4133; x_wconf 80' lang='grc' dir='ltr'>Θεοῦ,</span> <span class='ocrx_word' id='word_1_424' title='bbox 1078 4070 1219 4124; x_wconf 83' lang='grc' dir='ltr'>κατὰ</span> <span class='ocrx_word' id='word_1_425' title='bbox 1245 4071 1307 4123; x_wconf 88' lang='grc' dir='ltr'>τὸ</span> <span class='ocrx_word' id='word_1_426' title='bbox 1335 4076 1742 4144; x_wconf 81' lang='grc' dir='ltr'>γεγραμμένον,</span> <span class='ocrx_word' id='word_1_427' title='bbox 1781 4078 1875 4129; x_wconf 77' lang='grc' dir='ltr'>καὶ</span> 
     </span>
    </p>
   </div>
   <div class='ocr_carea' id='block_1_59' title="bbox 272 4153 1873 4232">
    <p class='ocr_par' dir='ltr' id='par_1_59' title="bbox 272 4153 1873 4232">
     <span class='ocr_line' id='line_1_59' title="bbox 272 4153 1873 4232; baseline 0.012 -28"><span class='ocrx_word' id='word_1_428' title='bbox 272 4153 643 4224; x_wconf 74' lang='grc' dir='ltr'>παρέστησεν</span> <span class='ocrx_word' id='word_1_429' title='bbox 675 4158 765 4208; x_wconf 71' lang='grc' dir='ltr'><strong>ἐπὶ</strong></span> <span class='ocrx_word' id='word_1_430' title='bbox 792 4158 849 4209; x_wconf 86' lang='grc' dir='ltr'><strong>τὸ</strong></span> <span class='ocrx_word' id='word_1_431' title='bbox 873 4158 999 4229; x_wconf 82' lang='grc' dir='ltr'>ὄρος</span> <span class='ocrx_word' id='word_1_432' title='bbox 1026 4161 1086 4213; x_wconf 86' lang='grc' dir='ltr'>τὺ</span> <span class='ocrx_word' id='word_1_433' title='bbox 1112 4162 1271 4229; x_wconf 83' lang='grc' dir='ltr'>Σινᾶ,</span> <span class='ocrx_word' id='word_1_434' title='bbox 1321 4164 1488 4229; x_wconf 70' lang='grc' dir='ltr'>ἔδειξε</span> <span class='ocrx_word' id='word_1_435' title='bbox 1513 4184 1572 4219; x_wconf 89' lang='grc' dir='ltr'><strong>τε</strong></span> <span class='ocrx_word' id='word_1_436' title='bbox 1606 4168 1793 4232; x_wconf 77' lang='grc' dir='ltr'>αὐτοῖς</span> <span class='ocrx_word' id='word_1_437' title='bbox 1817 4172 1873 4223; x_wconf 79' lang='grc' dir='ltr'>ἐν</span> 
     </span>
    </p>
   </div>
   <div class='ocr_carea' id='block_1_60' title="bbox 269 4243 1876 4324">
    <p class='ocr_par' dir='ltr' id='par_1_60' title="bbox 269 4243 1876 4324">
     <span class='ocr_line' id='line_1_60' title="bbox 269 4243 1876 4324; baseline 0.01 -29"><span class='ocrx_word' id='word_1_438' title='bbox 269 4243 356 4314; x_wconf 79' lang='grc' dir='ltr'>τῷ</span> <span class='ocrx_word' id='word_1_439' title='bbox 399 4245 529 4313; x_wconf 75' lang='grc' dir='ltr'>ὄρει</span> <span class='ocrx_word' id='word_1_440' title='bbox 551 4244 643 4297; x_wconf 86' lang='grc' dir='ltr'><strong>τὸν</strong></span> <span class='ocrx_word' id='word_1_441' title='bbox 668 4246 799 4300; x_wconf 84' lang='grc' dir='ltr'>Θεὸν</span> <span class='ocrx_word' id='word_1_442' title='bbox 817 4288 831 4313; x_wconf 94' lang='grc'><strong>,</strong></span> <span class='ocrx_word' id='word_1_443' title='bbox 860 4250 957 4302; x_wconf 83' lang='grc' dir='ltr'>καὶ</span> <span class='ocrx_word' id='word_1_444' title='bbox 986 4249 1216 4305; x_wconf 74' lang='grc' dir='ltr'>ἀκοῦσαι</span> <span class='ocrx_word' id='word_1_445' title='bbox 1247 4256 1625 4324; x_wconf 85' lang='grc' dir='ltr'>παρεσκεύασε</span> <span class='ocrx_word' id='word_1_446' title='bbox 1654 4257 1764 4311; x_wconf 85' lang='grc' dir='ltr'><strong>τῶν</strong></span> <span class='ocrx_word' id='word_1_447' title='bbox 1789 4259 1876 4311; x_wconf 86' lang='grc' dir='ltr'>λό-</span> 
     </span>
    </p>
   </div>
   <div class='ocr_carea' id='block_1_61' title="bbox 269 4335 1872 4414">
    <p class='ocr_par' dir='ltr' id='par_1_61' title="bbox 269 4335 1872 4414">
     <span class='ocr_line' id='line_1_61' title="bbox 269 4335 1872 4414; baseline 0.009 -28"><span class='ocrx_word' id='word_1_448' title='bbox 269 4351 394 4402; x_wconf 87' lang='grc' dir='ltr'><strong>γων</strong></span> <span class='ocrx_word' id='word_1_449' title='bbox 436 4335 1117 4411; x_wconf 72' lang='grc' dir='ltr'>αὐτοῦ,πεπληροφόρηκέ</span> <span class='ocrx_word' id='word_1_450' title='bbox 1149 4358 1206 4394; x_wconf 86' lang='grc' dir='ltr'><strong>τε</strong></span> <span class='ocrx_word' id='word_1_451' title='bbox 1237 4345 1329 4396; x_wconf 76' lang='grc' dir='ltr'><strong>καὶ</strong></span> <span class='ocrx_word' id='word_1_452' title='bbox 1360 4345 1504 4414; x_wconf 82' lang='grc' dir='ltr'>μάλα</span> <span class='ocrx_word' id='word_1_453' title='bbox 1534 4347 1744 4414; x_wconf 79' lang='grc' dir='ltr'>σαφῶς,</span> <span class='ocrx_word' id='word_1_454' title='bbox 1791 4350 1872 4400; x_wconf 79' lang='grc' dir='ltr'><strong>ὅτι</strong></span> 
     </span>
    </p>
   </div>
   <div class='ocr_carea' id='block_1_62' title="bbox 267 4425 1869 4500">
    <p class='ocr_par' dir='ltr' id='par_1_62' title="bbox 267 4425 1869 4500">
     <span class='ocr_line' id='line_1_62' title="bbox 267 4425 1869 4500; baseline 0.006 -21"><span class='ocrx_word' id='word_1_455' title='bbox 267 4426 414 4489; x_wconf 73' lang='grc' dir='ltr'>Θεὸς</span> <span class='ocrx_word' id='word_1_456' title='bbox 444 4425 631 4478; x_wconf 74' lang='grc' dir='ltr'>ἐλάλει</span> <span class='ocrx_word' id='word_1_457' title='bbox 670 4429 795 4491; x_wconf 83' lang='grc' dir='ltr'>τοὺς</span> <span class='ocrx_word' id='word_1_458' title='bbox 838 4429 1036 4499; x_wconf 87' lang='grc' dir='ltr'>νόμους</span> <span class='ocrx_word' id='word_1_459' title='bbox 1061 4446 1074 4461; x_wconf 75' lang='grc' dir='ltr'><strong>ο</strong></span> <span class='ocrx_word' id='word_1_460' title='bbox 1129 4433 1158 4483; x_wconf 88' lang='lat'><strong>6</strong></span> <span class='ocrx_word' id='word_1_461' title='bbox 1188 4432 1244 4484; x_wconf 78' lang='grc' dir='ltr'><strong>δὲ</strong></span> <span class='ocrx_word' id='word_1_462' title='bbox 1290 4434 1494 4487; x_wconf 85' lang='grc' dir='ltr'>τούτων</span> <span class='ocrx_word' id='word_1_463' title='bbox 1520 4435 1669 4487; x_wconf 72' lang='grc' dir='ltr'>οὐδὲν</span> <span class='ocrx_word' id='word_1_464' title='bbox 1701 4435 1869 4500; x_wconf 77' lang='grc' dir='ltr'>ἔδειξε</span> 
     </span>
    </p>
   </div>
   <div class='ocr_carea' id='block_1_63' title="bbox 1991 1977 3558 2048">
    <p class='ocr_par' dir='ltr' id='par_1_63' title="bbox 1991 1977 3558 2048">
     <span class='ocr_line' id='line_1_63' title="bbox 1991 1977 3558 2048; baseline 0.001 -16"><span class='ocrx_word' id='word_1_465' title='bbox 1991 1978 2119 2032; x_wconf 87' lang='lat' dir='ltr'><strong>bere</strong></span> <span class='ocrx_word' id='word_1_466' title='bbox 2149 1994 2163 2031; x_wconf 85' lang='lat'><strong>:</strong></span> <span class='ocrx_word' id='word_1_467' title='bbox 2193 1977 2289 2032; x_wconf 87' lang='lat' dir='ltr'><strong>sed</strong></span> <span class='ocrx_word' id='word_1_468' title='bbox 2323 1977 2610 2047; x_wconf 90' lang='lat' dir='ltr'><strong>stupendis</strong></span> <span class='ocrx_word' id='word_1_469' title='bbox 2672 1977 2781 2031; x_wconf 91' lang='lat' dir='ltr'><strong>illis</strong></span> <span class='ocrx_word' id='word_1_470' title='bbox 2813 1986 2867 2031; x_wconf 92' lang='lat' dir='ltr'><strong>et</strong></span> <span class='ocrx_word' id='word_1_471' title='bbox 2895 1977 3131 2032; x_wconf 85' lang='lat' dir='ltr'><strong>insolitis</strong></span> <span class='ocrx_word' id='word_1_472' title='bbox 3161 1978 3424 2048; x_wconf 85' lang='lat' dir='ltr'><strong>operibus</strong></span> <span class='ocrx_word' id='word_1_473' title='bbox 3461 1977 3558 2033; x_wconf 90' lang='lat' dir='ltr'><strong>de-</strong></span> 
     </span>
    </p>
   </div>
   <div class='ocr_carea' id='block_1_64' title="bbox 1987 2066 3556 2139">
    <p class='ocr_par' dir='ltr' id='par_1_64' title="bbox 1987 2066 3556 2139">
     <span class='ocr_line' id='line_1_64' title="bbox 1987 2066 3556 2139; baseline 0.001 -19"><span class='ocrx_word' id='word_1_474' title='bbox 1987 2067 2301 2131; x_wconf 86' lang='lat' dir='ltr'><strong>trahentes,</strong></span> <span class='ocrx_word' id='word_1_475' title='bbox 2339 2081 2404 2120; x_wconf 90' lang='lat' dir='ltr'><strong>ac</strong></span> <span class='ocrx_word' id='word_1_476' title='bbox 2469 2067 2708 2122; x_wconf 87' lang='lat' dir='ltr'><strong>versutis</strong></span> <span class='ocrx_word' id='word_1_477' title='bbox 2739 2066 3087 2121; x_wconf 85' lang='lat' dir='ltr'><strong>sermonibus</strong></span> <span class='ocrx_word' id='word_1_478' title='bbox 3149 2068 3272 2137; x_wconf 84' lang='lat' dir='ltr'><strong>ejus</strong></span> <span class='ocrx_word' id='word_1_479' title='bbox 3325 2069 3556 2139; x_wconf 77' lang='lat' dir='ltr'><strong>gloriam</strong></span> 
     </span>
    </p>
   </div>
   <div class='ocr_carea' id='block_1_65' title="bbox 1983 2155 3550 2229">
    <p class='ocr_par' dir='ltr' id='par_1_65' title="bbox 1983 2155 3550 2229">
     <span class='ocr_line' id='line_1_65' title="bbox 1983 2155 3550 2229; baseline 0.001 -19"><span class='ocrx_word' id='word_1_480' title='bbox 1983 2158 2279 2221; x_wconf 88' lang='lat' dir='ltr'><strong>elevantes,</strong></span> <span class='ocrx_word' id='word_1_481' title='bbox 2317 2157 2424 2211; x_wconf 93' lang='lat' dir='ltr'><strong>huc</strong></span> <span class='ocrx_word' id='word_1_482' title='bbox 2442 2157 2679 2227; x_wconf 87' lang='lat' dir='ltr'><strong>illucque</strong></span> <span class='ocrx_word' id='word_1_483' title='bbox 2702 2155 3012 2212; x_wconf 67' lang='lat' dir='ltr'><strong>Judaaoruin</strong></span> <span class='ocrx_word' id='word_1_484' title='bbox 3041 2158 3321 2228; x_wconf 72' lang='lat' dir='ltr'><strong>regionem</strong></span> <span class='ocrx_word' id='word_1_485' title='bbox 3345 2161 3550 2229; x_wconf 87' lang='lat' dir='ltr'><strong>ipsam-</strong></span> 
     </span>
    </p>
   </div>
   <div class='ocr_carea' id='block_1_66' title="bbox 1985 2245 3553 2317">
    <p class='ocr_par' dir='ltr' id='par_1_66' title="bbox 1985 2245 3553 2317">
     <span class='ocr_line' id='line_1_66' title="bbox 1985 2245 3553 2317; baseline 0.003 -17"><span class='ocrx_word' id='word_1_486' title='bbox 1985 2263 2090 2316; x_wconf 89' lang='lat' dir='ltr'><strong>que</strong></span> <span class='ocrx_word' id='word_1_487' title='bbox 2116 2245 2420 2303; x_wconf 82' lang='lat' dir='ltr'><strong>Jerusalem</strong></span> <span class='ocrx_word' id='word_1_488' title='bbox 2463 2248 2753 2311; x_wconf 89' lang='lat' dir='ltr'><strong>obeuntes,</strong></span> <span class='ocrx_word' id='word_1_489' title='bbox 2792 2246 2954 2302; x_wconf 89' lang='lat' dir='ltr'><strong>modo</strong></span> <span class='ocrx_word' id='word_1_490' title='bbox 2986 2247 3210 2317; x_wconf 88' lang='lat' dir='ltr'><strong>quidem</strong></span> <span class='ocrx_word' id='word_1_491' title='bbox 3240 2248 3463 2304; x_wconf 82' lang='lat' dir='ltr'><strong>aiebant</strong></span> <span class='ocrx_word' id='word_1_492' title='bbox 3495 2250 3553 2304; x_wconf 85' lang='lat' dir='ltr'><strong>in</strong></span> 
     </span>
    </p>
   </div>
   <div class='ocr_carea' id='block_1_67' title="bbox 1985 2339 3555 2410">
    <p class='ocr_par' dir='ltr' id='par_1_67' title="bbox 1985 2339 3555 2410">
     <span class='ocr_line' id='line_1_67' title="bbox 1985 2339 3555 2410; baseline 0.003 -18"><span class='ocrx_word' id='word_1_493' title='bbox 1985 2339 2279 2395; x_wconf 85' lang='lat' dir='ltr'><strong>Beelzebul</strong></span> <span class='ocrx_word' id='word_1_494' title='bbox 2341 2355 2465 2394; x_wconf 91' lang='lat' dir='ltr'><strong>eum</strong></span> <span class='ocrx_word' id='word_1_495' title='bbox 2537 2340 2701 2410; x_wconf 81' lang='lat' dir='ltr'><strong>signa</strong></span> <span class='ocrx_word' id='word_1_496' title='bbox 2753 2339 2932 2395; x_wconf 88' lang='lat' dir='ltr'><strong>facere</strong></span> <span class='ocrx_word' id='word_1_497' title='bbox 2952 2340 3033 2406; x_wconf 80' lang='grc'><strong>⁸⁷;</strong></span> <span class='ocrx_word' id='word_1_498' title='bbox 3089 2339 3254 2395; x_wconf 91' lang='lat' dir='ltr'><strong>modo</strong></span> <span class='ocrx_word' id='word_1_499' title='bbox 3307 2339 3555 2396; x_wconf 72' lang='lat' dir='ltr'><strong>effrenati</strong></span> 
     </span>
    </p>
   </div>
   <div class='ocr_carea' id='block_1_68' title="bbox 1984 2428 3556 2501">
    <p class='ocr_par' dir='ltr' id='par_1_68' title="bbox 1984 2428 3556 2501">
     <span class='ocr_line' id='line_1_68' title="bbox 1984 2428 3556 2501; baseline 0.003 -18"><span class='ocrx_word' id='word_1_500' title='bbox 1984 2429 2188 2486; x_wconf 88' lang='lat' dir='ltr'><strong>furoris</strong></span> <span class='ocrx_word' id='word_1_501' title='bbox 2227 2438 2396 2486; x_wconf 74' lang='lat' dir='ltr'><strong>oestro</strong></span> <span class='ocrx_word' id='word_1_502' title='bbox 2431 2430 2622 2501; x_wconf 88' lang='lat' dir='ltr'><strong>perciti</strong></span> <span class='ocrx_word' id='word_1_503' title='bbox 2656 2428 2984 2485; x_wconf 74' lang='lat' dir='ltr'><strong>daemonium</strong></span> <span class='ocrx_word' id='word_1_504' title='bbox 3033 2430 3235 2486; x_wconf 85' lang='lat' dir='ltr'><strong>habere</strong></span> <span class='ocrx_word' id='word_1_505' title='bbox 3282 2432 3556 2500; x_wconf 84' lang='lat' dir='ltr'><strong>dicebant,</strong></span> 
     </span>
    </p>
   </div>
   <div class='ocr_carea' id='block_1_69' title="bbox 1982 2521 3555 2592">
    <p class='ocr_par' dir='ltr' id='par_1_69' title="bbox 1982 2521 3555 2592">
     <span class='ocr_line' id='line_1_69' title="bbox 1982 2521 3555 2592; baseline 0.002 -17"><span class='ocrx_word' id='word_1_506' title='bbox 1982 2529 2037 2575; x_wconf 91' lang='lat' dir='ltr'><strong>et</strong></span> <span class='ocrx_word' id='word_1_507' title='bbox 2060 2524 2270 2577; x_wconf 87' lang='lat' dir='ltr'><strong>nescire</strong></span> <span class='ocrx_word' id='word_1_508' title='bbox 2289 2537 2411 2592; x_wconf 79' lang='lat' dir='ltr'><strong>quae</strong></span> <span class='ocrx_word' id='word_1_509' title='bbox 2431 2523 2769 2591; x_wconf 82' lang='lat' dir='ltr'><strong>loqueretur.</strong></span> <span class='ocrx_word' id='word_1_510' title='bbox 2795 2521 3156 2591; x_wconf 80' lang='lat' dir='ltr'><strong>lncrepabant</strong></span> <span class='ocrx_word' id='word_1_511' title='bbox 3176 2523 3321 2577; x_wconf 84' lang='lat' dir='ltr'><strong>enim</strong></span> <span class='ocrx_word' id='word_1_512' title='bbox 3341 2522 3555 2588; x_wconf 84' lang='lat' dir='ltr'><strong>turbas,</strong></span> 
     </span>
    </p>
   </div>
   <div class='ocr_carea' id='block_1_70' title="bbox 1983 2606 3647 2683">
    <p class='ocr_par' dir='ltr' id='par_1_70' title="bbox 1983 2606 3647 2683">
     <span class='ocr_line' id='line_1_70' title="bbox 1983 2606 3647 2683; baseline 0.003 -19"><span class='ocrx_word' id='word_1_513' title='bbox 1983 2611 2274 2668; x_wconf 87' lang='lat' dir='ltr'><strong>dicentes:</strong></span> <span class='ocrx_word' id='word_1_514' title='bbox 2323 2631 2342 2664; x_wconf 76' lang='grc' dir='ltr'><strong>ι</strong></span> <span class='ocrx_word' id='word_1_515' title='bbox 2397 2612 2737 2667; x_wconf 80' lang='lat' dir='ltr'><strong>Damionium</strong></span> <span class='ocrx_word' id='word_1_516' title='bbox 2795 2611 2981 2678; x_wconf 88' lang='lat' dir='ltr'><strong>habet,</strong></span> <span class='ocrx_word' id='word_1_517' title='bbox 3031 2620 3083 2667; x_wconf 93' lang='lat' dir='ltr'><strong>et</strong></span> <span class='ocrx_word' id='word_1_518' title='bbox 3130 2613 3376 2667; x_wconf 84' lang='lat' dir='ltr'><strong>insanit:</strong></span> <span class='ocrx_word' id='word_1_519' title='bbox 3425 2613 3555 2683; x_wconf 88' lang='lat' dir='ltr'><strong>quid</strong></span> <span class='ocrx_word' id='word_1_520' title='bbox 3621 2606 3647 2621; x_wconf 74' lang='grc'>”</span> 
     </span>
    </p>
   </div>
   <div class='ocr_carea' id='block_1_71' title="bbox 1982 2703 3559 2770">
    <p class='ocr_par' dir='ltr' id='par_1_71' title="bbox 1982 2703 3559 2770">
     <span class='ocr_line' id='line_1_71' title="bbox 1982 2703 3559 2770; baseline 0.001 -13"><span class='ocrx_word' id='word_1_521' title='bbox 1982 2718 2105 2757; x_wconf 91' lang='lat' dir='ltr'><strong>eum</strong></span> <span class='ocrx_word' id='word_1_522' title='bbox 2144 2704 2349 2759; x_wconf 78' lang='lat' dir='ltr'><strong>auditis</strong></span> <span class='ocrx_word' id='word_1_523' title='bbox 2373 2704 2456 2758; x_wconf 72' lang='grc'><strong>⁸⁸7</strong></span> <span class='ocrx_word' id='word_1_524' title='bbox 2495 2723 2514 2756; x_wconf 77' lang='grc' dir='ltr'><strong>ι</strong></span> <span class='ocrx_word' id='word_1_525' title='bbox 2547 2703 2681 2770; x_wconf 70' lang='lat' dir='ltr'><strong>Quae</strong></span> <span class='ocrx_word' id='word_1_526' title='bbox 2717 2718 2847 2759; x_wconf 90' lang='lat' dir='ltr'><strong>vero</strong></span> <span class='ocrx_word' id='word_1_527' title='bbox 2899 2718 3067 2761; x_wconf 85' lang='lat' dir='ltr'><strong>causa</strong></span> <span class='ocrx_word' id='word_1_528' title='bbox 3127 2704 3405 2760; x_wconf 80' lang='lat' dir='ltr'><strong>exstiterit</strong></span> <span class='ocrx_word' id='word_1_529' title='bbox 3455 2719 3559 2760; x_wconf 91' lang='lat' dir='ltr'><strong>cur</strong></span> 
     </span>
    </p>
   </div>
   <div class='ocr_carea' id='block_1_72' title="bbox 1980 2794 3545 2865">
    <p class='ocr_par' dir='ltr' id='par_1_72' title="bbox 1980 2794 3545 2865">
     <span class='ocr_line' id='line_1_72' title="bbox 1980 2794 3545 2865; baseline 0 -16"><span class='ocrx_word' id='word_1_530' title='bbox 1980 2795 2099 2863; x_wconf 86' lang='lat' dir='ltr'><strong>ejus</strong></span> <span class='ocrx_word' id='word_1_531' title='bbox 2117 2795 2303 2865; x_wconf 79' lang='lat' dir='ltr'><strong>gloriae</strong></span> <span class='ocrx_word' id='word_1_532' title='bbox 2325 2802 2612 2865; x_wconf 83' lang='lat' dir='ltr'><strong>tantopere</strong></span> <span class='ocrx_word' id='word_1_533' title='bbox 2630 2794 2971 2860; x_wconf 87' lang='lat' dir='ltr'><strong>resisterent,</strong></span> <span class='ocrx_word' id='word_1_534' title='bbox 3004 2796 3320 2854; x_wconf 86' lang='lat' dir='ltr'><strong>necessario</strong></span> <span class='ocrx_word' id='word_1_535' title='bbox 3340 2796 3545 2851; x_wconf 82' lang='lat' dir='ltr'><strong>dicam.</strong></span> 
     </span>
    </p>
   </div>
   <div class='ocr_carea' id='block_1_73' title="bbox 1979 2884 3549 2952">
    <p class='ocr_par' dir='ltr' id='par_1_73' title="bbox 1979 2884 3549 2952">
     <span class='ocr_line' id='line_1_73' title="bbox 1979 2884 3549 2952; baseline 0.004 -14"><span class='ocrx_word' id='word_1_536' title='bbox 1979 2884 2388 2943; x_wconf 89' lang='lat' dir='ltr'><strong>Persuadebant</strong></span> <span class='ocrx_word' id='word_1_537' title='bbox 2422 2888 2616 2950; x_wconf 88' lang='lat' dir='ltr'><strong>turbis,</strong></span> <span class='ocrx_word' id='word_1_538' title='bbox 2647 2888 2810 2944; x_wconf 90' lang='lat' dir='ltr'><strong>sicuti</strong></span> <span class='ocrx_word' id='word_1_539' title='bbox 2841 2888 3006 2943; x_wconf 90' lang='lat' dir='ltr'><strong>modo</strong></span> <span class='ocrx_word' id='word_1_540' title='bbox 3022 2889 3549 2952; x_wconf 84' lang='lat' dir='ltr'><strong>demonstravimus.</strong></span> 
     </span>
    </p>
   </div>
   <div class='ocr_carea' id='block_1_74' title="bbox 1979 2964 3555 3045">
    <p class='ocr_par' dir='ltr' id='par_1_74' title="bbox 1979 2964 3555 3045">
     <span class='ocr_line' id='line_1_74' title="bbox 1979 2964 3555 3045; baseline 0.003 -14"><span class='ocrx_word' id='word_1_541' title='bbox 1979 2964 2284 3032; x_wconf 83' lang='lat' dir='ltr'><strong>doctrinam</strong></span> <span class='ocrx_word' id='word_1_542' title='bbox 2324 2977 2632 3035; x_wconf 89' lang='lat' dir='ltr'><strong>Servatoris</strong></span> <span class='ocrx_word' id='word_1_543' title='bbox 2660 2980 2835 3036; x_wconf 88' lang='lat' dir='ltr'><strong>nostri</strong></span> <span class='ocrx_word' id='word_1_544' title='bbox 2872 2995 2983 3035; x_wconf 90' lang='lat' dir='ltr'><strong>non</strong></span> <span class='ocrx_word' id='word_1_545' title='bbox 3006 2979 3325 3045; x_wconf 89' lang='lat' dir='ltr'><strong>admittere,</strong></span> <span class='ocrx_word' id='word_1_546' title='bbox 3360 2980 3458 3037; x_wconf 84' lang='lat' dir='ltr'><strong>sed</strong></span> <span class='ocrx_word' id='word_1_547' title='bbox 3483 2980 3555 3035; x_wconf 89' lang='lat' dir='ltr'><strong>ab</strong></span> 
     </span>
    </p>
   </div>
   <div class='ocr_carea' id='block_1_75' title="bbox 1983 3067 3550 3142">
    <p class='ocr_par' dir='ltr' id='par_1_75' title="bbox 1983 3067 3550 3142">
     <span class='ocr_line' id='line_1_75' title="bbox 1983 3067 3550 3142; baseline 0.003 -21"><span class='ocrx_word' id='word_1_548' title='bbox 1983 3081 2046 3121; x_wconf 90' lang='lat' dir='ltr'><strong>ea</strong></span> <span class='ocrx_word' id='word_1_549' title='bbox 2063 3114 2069 3121; x_wconf 94' lang='lat'><strong>.</strong></span> <span class='ocrx_word' id='word_1_550' title='bbox 2086 3067 2345 3123; x_wconf 88' lang='lat' dir='ltr'><strong>recedere</strong></span> <span class='ocrx_word' id='word_1_551' title='bbox 2376 3076 2437 3123; x_wconf 92' lang='lat' dir='ltr'><strong>ut</strong></span> <span class='ocrx_word' id='word_1_552' title='bbox 2457 3069 2560 3138; x_wconf 89' lang='lat' dir='ltr'><strong>legi</strong></span> <span class='ocrx_word' id='word_1_553' title='bbox 2586 3072 2890 3135; x_wconf 89' lang='lat' dir='ltr'><strong>contraria,</strong></span> <span class='ocrx_word' id='word_1_554' title='bbox 2912 3085 2977 3125; x_wconf 90' lang='lat' dir='ltr'><strong>ac</strong></span> <span class='ocrx_word' id='word_1_555' title='bbox 3000 3071 3321 3140; x_wconf 78' lang='lat' dir='ltr'><strong>longissime</strong></span> <span class='ocrx_word' id='word_1_556' title='bbox 3338 3069 3550 3142; x_wconf 87' lang='lat' dir='ltr'><strong>fugere,</strong></span> 
     </span>
    </p>
   </div>
   <div class='ocr_carea' id='block_1_76' title="bbox 1984 3159 3559 3236">
    <p class='ocr_par' dir='ltr' id='par_1_76' title="bbox 1984 3159 3559 3236">
     <span class='ocr_line' id='line_1_76' title="bbox 1984 3159 3559 3236; baseline 0.003 -24"><span class='ocrx_word' id='word_1_557' title='bbox 1984 3161 2382 3236; x_wconf 72' lang='lat' dir='ltr'><strong>praeceptisque</strong></span> <span class='ocrx_word' id='word_1_558' title='bbox 2416 3159 2673 3216; x_wconf 79' lang='lat' dir='ltr'><strong>Mosaieis</strong></span> <span class='ocrx_word' id='word_1_559' title='bbox 2714 3160 2897 3231; x_wconf 87' lang='lat' dir='ltr'><strong>potius</strong></span> <span class='ocrx_word' id='word_1_560' title='bbox 2945 3161 3247 3217; x_wconf 67' lang='lat' dir='ltr'><strong>adhaerere.</strong></span> <span class='ocrx_word' id='word_1_561' title='bbox 3286 3161 3397 3217; x_wconf 84' lang='lat' dir='ltr'><strong>Cur</strong></span> <span class='ocrx_word' id='word_1_562' title='bbox 3439 3162 3559 3216; x_wconf 69' lang='lat' dir='ltr'><strong>ita?</strong></span> 
     </span>
    </p>
   </div>
   <div class='ocr_carea' id='block_1_77' title="bbox 1984 3250 3558 3329">
    <p class='ocr_par' dir='ltr' id='par_1_77' title="bbox 1984 3250 3558 3329">
     <span class='ocr_line' id='line_1_77' title="bbox 1984 3250 3558 3329; baseline 0.003 -25"><span class='ocrx_word' id='word_1_563' title='bbox 1984 3251 2217 3306; x_wconf 85' lang='lat' dir='ltr'><strong>Aiebant</strong></span> <span class='ocrx_word' id='word_1_564' title='bbox 2261 3251 2522 3306; x_wconf 88' lang='lat' dir='ltr'><strong>nimirum</strong></span> <span class='ocrx_word' id='word_1_565' title='bbox 2554 3266 2814 3329; x_wconf 80' lang='lat' dir='ltr'><strong>magnum</strong></span> <span class='ocrx_word' id='word_1_566' title='bbox 2886 3252 3039 3305; x_wconf 91' lang='lat' dir='ltr'><strong>illum</strong></span> <span class='ocrx_word' id='word_1_567' title='bbox 3088 3250 3274 3307; x_wconf 75' lang='lat' dir='ltr'><strong>Mosen</strong></span> <span class='ocrx_word' id='word_1_568' title='bbox 3323 3252 3558 3322; x_wconf 81' lang='lat' dir='ltr'><strong>populos</strong></span> 
     </span>
    </p>
   </div>
   <div class='ocr_carea' id='block_1_78' title="bbox 1983 3341 3559 3412">
    <p class='ocr_par' dir='ltr' id='par_1_78' title="bbox 1983 3341 3559 3412">
     <span class='ocr_line' id='line_1_78' title="bbox 1983 3341 3559 3412; baseline 0.001 -16"><span class='ocrx_word' id='word_1_569' title='bbox 1983 3341 2240 3396; x_wconf 82' lang='lat' dir='ltr'><strong>eduxisse</strong></span> <span class='ocrx_word' id='word_1_570' title='bbox 2288 3341 2346 3396; x_wconf 90' lang='lat' dir='ltr'><strong>in</strong></span> <span class='ocrx_word' id='word_1_571' title='bbox 2376 3356 2668 3397; x_wconf 86' lang='lat' dir='ltr'><strong>occursum</strong></span> <span class='ocrx_word' id='word_1_572' title='bbox 2704 3341 2838 3406; x_wconf 91' lang='lat' dir='ltr'><strong>Deo,</strong></span> <span class='ocrx_word' id='word_1_573' title='bbox 2868 3351 2930 3396; x_wconf 88' lang='lat' dir='ltr'><strong>ut</strong></span> <span class='ocrx_word' id='word_1_574' title='bbox 2992 3343 3257 3412; x_wconf 87' lang='lat' dir='ltr'><strong>scriptum</strong></span> <span class='ocrx_word' id='word_1_575' title='bbox 3300 3343 3476 3411; x_wconf 82' lang='lat' dir='ltr'><strong>est&quot;,</strong></span> <span class='ocrx_word' id='word_1_576' title='bbox 3501 3352 3559 3398; x_wconf 88' lang='lat' dir='ltr'><strong>et</strong></span> 
     </span>
    </p>
   </div>
   <div class='ocr_carea' id='block_1_79' title="bbox 1984 3433 3550 3504">
    <p class='ocr_par' dir='ltr' id='par_1_79' title="bbox 1984 3433 3550 3504">
     <span class='ocr_line' id='line_1_79' title="bbox 1984 3433 3550 3504; baseline 0.002 -18"><span class='ocrx_word' id='word_1_577' title='bbox 1984 3434 2051 3488; x_wconf 90' lang='lat' dir='ltr'><strong>ad</strong></span> <span class='ocrx_word' id='word_1_578' title='bbox 2084 3443 2319 3489; x_wconf 87' lang='lat' dir='ltr'><strong>montem</strong></span> <span class='ocrx_word' id='word_1_579' title='bbox 2354 3433 2485 3488; x_wconf 86' lang='lat' dir='ltr'><strong>Sina</strong></span> <span class='ocrx_word' id='word_1_580' title='bbox 2526 3435 2812 3501; x_wconf 86' lang='lat' dir='ltr'><strong>statuisse,</strong></span> <span class='ocrx_word' id='word_1_581' title='bbox 2845 3434 3036 3504; x_wconf 87' lang='lat' dir='ltr'><strong>eisque</strong></span> <span class='ocrx_word' id='word_1_582' title='bbox 3065 3433 3238 3488; x_wconf 88' lang='lat' dir='ltr'><strong>Deum</strong></span> <span class='ocrx_word' id='word_1_583' title='bbox 3272 3433 3327 3488; x_wconf 89' lang='lat' dir='ltr'><strong>in</strong></span> <span class='ocrx_word' id='word_1_584' title='bbox 3361 3444 3550 3489; x_wconf 89' lang='lat' dir='ltr'><strong>monte</strong></span> 
     </span>
    </p>
   </div>
   <div class='ocr_carea' id='block_1_80' title="bbox 1982 3521 3554 3591">
    <p class='ocr_par' dir='ltr' id='par_1_80' title="bbox 1982 3521 3554 3591">
     <span class='ocr_line' id='line_1_80' title="bbox 1982 3521 3554 3591; baseline 0.001 -15"><span class='ocrx_word' id='word_1_585' title='bbox 1982 3521 2317 3586; x_wconf 80' lang='lat' dir='ltr'><strong>ostendisse,</strong></span> <span class='ocrx_word' id='word_1_586' title='bbox 2342 3531 2397 3577; x_wconf 93' lang='lat' dir='ltr'><strong>et</strong></span> <span class='ocrx_word' id='word_1_587' title='bbox 2417 3521 2664 3579; x_wconf 78' lang='lat' dir='ltr'><strong>effecisse</strong></span> <span class='ocrx_word' id='word_1_588' title='bbox 2717 3531 2776 3576; x_wconf 91' lang='lat' dir='ltr'><strong>ut</strong></span> <span class='ocrx_word' id='word_1_589' title='bbox 2813 3537 3092 3578; x_wconf 87' lang='lat' dir='ltr'><strong>sermones</strong></span> <span class='ocrx_word' id='word_1_590' title='bbox 3120 3522 3242 3591; x_wconf 89' lang='lat' dir='ltr'><strong>ejus</strong></span> <span class='ocrx_word' id='word_1_591' title='bbox 3276 3521 3554 3587; x_wconf 88' lang='lat' dir='ltr'><strong>audirent,</strong></span> 
     </span>
    </p>
   </div>
   <div class='ocr_carea' id='block_1_81' title="bbox 1983 3611 3555 3686">
    <p class='ocr_par' dir='ltr' id='par_1_81' title="bbox 1983 3611 3555 3686">
     <span class='ocr_line' id='line_1_81' title="bbox 1983 3611 3555 3686; baseline -0.001 -17"><span class='ocrx_word' id='word_1_592' title='bbox 1983 3617 2236 3686; x_wconf 87' lang='lat' dir='ltr'><strong>clareque</strong></span> <span class='ocrx_word' id='word_1_593' title='bbox 2256 3616 2668 3670; x_wconf 83' lang='lat' dir='ltr'><strong>demonstrasse</strong></span> <span class='ocrx_word' id='word_1_594' title='bbox 2692 3613 2785 3667; x_wconf 87' lang='lat' dir='ltr'><strong>Dei</strong></span> <span class='ocrx_word' id='word_1_595' title='bbox 2807 3629 2902 3668; x_wconf 91' lang='lat' dir='ltr'><strong>ore</strong></span> <span class='ocrx_word' id='word_1_596' title='bbox 2930 3613 3101 3683; x_wconf 84' lang='lat' dir='ltr'><strong>legem</strong></span> <span class='ocrx_word' id='word_1_597' title='bbox 3137 3611 3379 3678; x_wconf 86' lang='lat' dir='ltr'><strong>editam;</strong></span> <span class='ocrx_word' id='word_1_598' title='bbox 3403 3612 3555 3667; x_wconf 90' lang='lat' dir='ltr'><strong>hunc</strong></span> 
     </span>
    </p>
   </div>
   <div class='ocr_carea' id='block_1_82' title="bbox 1982 3696 3556 3772">
    <p class='ocr_par' dir='ltr' id='par_1_82' title="bbox 1982 3696 3556 3772">
     <span class='ocr_line' id='line_1_82' title="bbox 1982 3696 3556 3772; baseline 0 -15"><span class='ocrx_word' id='word_1_599' title='bbox 1982 3713 2163 3759; x_wconf 91' lang='lat' dir='ltr'><strong>autem</strong></span> <span class='ocrx_word' id='word_1_600' title='bbox 2206 3705 2436 3760; x_wconf 87' lang='lat' dir='ltr'><strong>istorum</strong></span> <span class='ocrx_word' id='word_1_601' title='bbox 2470 3703 2609 3757; x_wconf 87' lang='lat' dir='ltr'><strong>nihil</strong></span> <span class='ocrx_word' id='word_1_602' title='bbox 2639 3704 2800 3772; x_wconf 87' lang='lat' dir='ltr'><strong>plane</strong></span> <span class='ocrx_word' id='word_1_603' title='bbox 2830 3701 3047 3757; x_wconf 83' lang='lat' dir='ltr'><strong>fecisse.</strong></span> <span class='ocrx_word' id='word_1_604' title='bbox 3089 3696 3216 3756; x_wconf 62' lang='lat' dir='ltr'><strong>Haec</strong></span> <span class='ocrx_word' id='word_1_605' title='bbox 3250 3700 3377 3757; x_wconf 84' lang='lat' dir='ltr'><strong>illos</strong></span> <span class='ocrx_word' id='word_1_606' title='bbox 3400 3699 3556 3757; x_wconf 89' lang='lat' dir='ltr'><strong>iden-</strong></span> 
     </span>
    </p>
   </div>
   <div class='ocr_carea' id='block_1_83' title="bbox 1983 3792 3554 3863">
    <p class='ocr_par' dir='ltr' id='par_1_83' title="bbox 1983 3792 3554 3863">
     <span class='ocr_line' id='line_1_83' title="bbox 1983 3792 3554 3863; baseline 0.001 -15"><span class='ocrx_word' id='word_1_607' title='bbox 1983 3796 2153 3851; x_wconf 88' lang='lat' dir='ltr'><strong>tidem</strong></span> <span class='ocrx_word' id='word_1_608' title='bbox 2189 3795 2523 3860; x_wconf 88' lang='lat' dir='ltr'><strong>inculcasse,</strong></span> <span class='ocrx_word' id='word_1_609' title='bbox 2556 3794 2684 3849; x_wconf 92' lang='lat' dir='ltr'><strong>hine</strong></span> <span class='ocrx_word' id='word_1_610' title='bbox 2717 3793 2975 3863; x_wconf 87' lang='lat' dir='ltr'><strong>accipies.</strong></span> <span class='ocrx_word' id='word_1_611' title='bbox 3008 3792 3235 3848; x_wconf 80' lang='lat' dir='ltr'><strong>Videbis</strong></span> <span class='ocrx_word' id='word_1_612' title='bbox 3270 3793 3416 3849; x_wconf 92' lang='lat' dir='ltr'><strong>enim</strong></span> <span class='ocrx_word' id='word_1_613' title='bbox 3458 3807 3554 3849; x_wconf 88' lang='lat' dir='ltr'><strong>eos</strong></span> 
     </span>
    </p>
   </div>
   <div class='ocr_carea' id='block_1_84' title="bbox 1981 3881 3554 3956">
    <p class='ocr_par' dir='ltr' id='par_1_84' title="bbox 1981 3881 3554 3956">
     <span class='ocr_line' id='line_1_84' title="bbox 1981 3881 3554 3956; baseline -0.001 -14"><span class='ocrx_word' id='word_1_614' title='bbox 1981 3903 2185 3943; x_wconf 83' lang='lat' dir='ltr'><strong>caecum</strong></span> <span class='ocrx_word' id='word_1_615' title='bbox 2219 3889 2371 3941; x_wconf 89' lang='lat' dir='ltr'><strong>illum</strong></span> <span class='ocrx_word' id='word_1_616' title='bbox 2416 3904 2446 3941; x_wconf 89' lang='lat' dir='ltr'><strong>a</strong></span> <span class='ocrx_word' id='word_1_617' title='bbox 2505 3887 2809 3949; x_wconf 85' lang='lat' dir='ltr'><strong>nativitatc,</strong></span> <span class='ocrx_word' id='word_1_618' title='bbox 2844 3898 3006 3956; x_wconf 90' lang='lat' dir='ltr'><strong>quem</strong></span> <span class='ocrx_word' id='word_1_619' title='bbox 3049 3881 3310 3939; x_wconf 85' lang='lat' dir='ltr'><strong>Servatur</strong></span> <span class='ocrx_word' id='word_1_620' title='bbox 3360 3883 3554 3940; x_wconf 70' lang='lat' dir='ltr'><strong>ineﬂa-</strong></span> 
     </span>
    </p>
   </div>
   <div class='ocr_carea' id='block_1_85' title="bbox 1980 3974 3549 4045">
    <p class='ocr_par' dir='ltr' id='par_1_85' title="bbox 1980 3974 3549 4045">
     <span class='ocr_line' id='line_1_85' title="bbox 1980 3974 3549 4045; baseline -0.001 -11"><span class='ocrx_word' id='word_1_621' title='bbox 1980 3980 2074 4034; x_wconf 92' lang='lat' dir='ltr'><strong>bili</strong></span> <span class='ocrx_word' id='word_1_622' title='bbox 2108 3979 2306 4035; x_wconf 92' lang='lat' dir='ltr'><strong>virtute</strong></span> <span class='ocrx_word' id='word_1_623' title='bbox 2346 3980 2579 4043; x_wconf 91' lang='lat' dir='ltr'><strong>curavit,</strong></span> <span class='ocrx_word' id='word_1_624' title='bbox 2606 3980 2690 4033; x_wconf 92' lang='lat' dir='ltr'><strong>his</strong></span> <span class='ocrx_word' id='word_1_625' title='bbox 2731 3978 2911 4032; x_wconf 88' lang='lat' dir='ltr'><strong>verbis</strong></span> <span class='ocrx_word' id='word_1_626' title='bbox 2944 3976 3371 4045; x_wconf 85' lang='lat' dir='ltr'><strong>compellantes:</strong></span> <span class='ocrx_word' id='word_1_627' title='bbox 3407 3995 3426 4027; x_wconf 74' lang='grc' dir='ltr'><strong>ι</strong></span> <span class='ocrx_word' id='word_1_628' title='bbox 3462 3974 3549 4033; x_wconf 84' lang='lat' dir='ltr'><strong>Tu</strong></span> 
     </span>
    </p>
   </div>
   <div class='ocr_carea' id='block_1_86' title="bbox 1980 4063 3551 4137">
    <p class='ocr_par' dir='ltr' id='par_1_86' title="bbox 1980 4063 3551 4137">
     <span class='ocr_line' id='line_1_86' title="bbox 1980 4063 3551 4137; baseline -0.001 -15"><span class='ocrx_word' id='word_1_629' title='bbox 1980 4067 2290 4137; x_wconf 91' lang='lat' dir='ltr'><strong>discipulus</strong></span> <span class='ocrx_word' id='word_1_630' title='bbox 2347 4068 2497 4123; x_wconf 89' lang='lat' dir='ltr'><strong>illius</strong></span> <span class='ocrx_word' id='word_1_631' title='bbox 2529 4069 2649 4123; x_wconf 85' lang='lat' dir='ltr'><strong>sis:</strong></span> <span class='ocrx_word' id='word_1_632' title='bbox 2698 4083 2800 4122; x_wconf 83' lang='lat' dir='ltr'><strong>nos</strong></span> <span class='ocrx_word' id='word_1_633' title='bbox 2831 4077 3009 4120; x_wconf 89' lang='lat' dir='ltr'><strong>autem</strong></span> <span class='ocrx_word' id='word_1_634' title='bbox 3050 4063 3224 4135; x_wconf 78' lang='lat' dir='ltr'><strong>Moysi</strong></span> <span class='ocrx_word' id='word_1_635' title='bbox 3285 4065 3551 4135; x_wconf 87' lang='lat' dir='ltr'><strong>discipuli</strong></span> 
     </span>
    </p>
   </div>
   <div class='ocr_carea' id='block_1_87' title="bbox 1976 4155 3549 4227">
    <p class='ocr_par' dir='ltr' id='par_1_87' title="bbox 1976 4155 3549 4227">
     <span class='ocr_line' id='line_1_87' title="bbox 1976 4155 3549 4227; baseline -0.001 -15"><span class='ocrx_word' id='word_1_636' title='bbox 1976 4174 2186 4213; x_wconf 91' lang='lat' dir='ltr'><strong>sumus.</strong></span> <span class='ocrx_word' id='word_1_637' title='bbox 2256 4156 2367 4214; x_wconf 90' lang='lat' dir='ltr'><strong>Nos</strong></span> <span class='ocrx_word' id='word_1_638' title='bbox 2437 4160 2585 4213; x_wconf 90' lang='lat' dir='ltr'><strong>enim</strong></span> <span class='ocrx_word' id='word_1_639' title='bbox 2622 4159 2828 4213; x_wconf 91' lang='lat' dir='ltr'><strong>scimus</strong></span> <span class='ocrx_word' id='word_1_640' title='bbox 2891 4158 3019 4227; x_wconf 86' lang='lat' dir='ltr'><strong>quia</strong></span> <span class='ocrx_word' id='word_1_641' title='bbox 3081 4155 3253 4227; x_wconf 78' lang='lat' dir='ltr'><strong>Moysi</strong></span> <span class='ocrx_word' id='word_1_642' title='bbox 3329 4156 3549 4212; x_wconf 86' lang='lat' dir='ltr'><strong>loeutus</strong></span> 
     </span>
    </p>
   </div>
   <div class='ocr_carea' id='block_1_88' title="bbox 1977 4247 3551 4315">
    <p class='ocr_par' dir='ltr' id='par_1_88' title="bbox 1977 4247 3551 4315">
     <span class='ocr_line' id='line_1_88' title="bbox 1977 4247 3551 4315; baseline -0.002 -10"><span class='ocrx_word' id='word_1_643' title='bbox 1977 4259 2061 4305; x_wconf 89' lang='lat' dir='ltr'><strong>est</strong></span> <span class='ocrx_word' id='word_1_644' title='bbox 2085 4249 2245 4315; x_wconf 88' lang='lat' dir='ltr'><strong>Deus,</strong></span> <span class='ocrx_word' id='word_1_645' title='bbox 2277 4250 2423 4303; x_wconf 93' lang='lat' dir='ltr'><strong>hunc</strong></span> <span class='ocrx_word' id='word_1_646' title='bbox 2445 4266 2578 4304; x_wconf 89' lang='lat' dir='ltr'><strong>vero</strong></span> <span class='ocrx_word' id='word_1_647' title='bbox 2608 4251 2884 4305; x_wconf 89' lang='lat' dir='ltr'><strong>nescimus</strong></span> <span class='ocrx_word' id='word_1_648' title='bbox 2917 4248 3063 4303; x_wconf 85' lang='lat' dir='ltr'><strong>unde</strong></span> <span class='ocrx_word' id='word_1_649' title='bbox 3082 4248 3239 4303; x_wconf 79' lang='lat' dir='ltr'><strong>sit&quot;.</strong></span> <span class='ocrx_word' id='word_1_650' title='bbox 3266 4266 3284 4300; x_wconf 72' lang='grc' dir='ltr'><strong>ι</strong></span> <span class='ocrx_word' id='word_1_651' title='bbox 3307 4247 3551 4314; x_wconf 87' lang='lat' dir='ltr'><strong>Quicun-</strong></span> 
     </span>
    </p>
   </div>
   <div class='ocr_carea' id='block_1_89' title="bbox 1976 4337 3550 4409">
    <p class='ocr_par' dir='ltr' id='par_1_89' title="bbox 1976 4337 3550 4409">
     <span class='ocr_line' id='line_1_89' title="bbox 1976 4337 3550 4409; baseline 0.001 -18"><span class='ocrx_word' id='word_1_652' title='bbox 1976 4354 2084 4408; x_wconf 90' lang='lat' dir='ltr'><strong>que</strong></span> <span class='ocrx_word' id='word_1_653' title='bbox 2111 4354 2242 4409; x_wconf 86' lang='lat' dir='ltr'><strong>crgo</strong></span> <span class='ocrx_word' id='word_1_654' title='bbox 2271 4338 2519 4394; x_wconf 85' lang='lat' dir='ltr'><strong>Judaieis</strong></span> <span class='ocrx_word' id='word_1_655' title='bbox 2544 4339 2760 4409; x_wconf 91' lang='lat' dir='ltr'><strong>placitis</strong></span> <span class='ocrx_word' id='word_1_656' title='bbox 2793 4337 3257 4407; x_wconf 86' lang='lat' dir='ltr'><strong>astipulabantur,</strong></span> <span class='ocrx_word' id='word_1_657' title='bbox 3288 4337 3550 4393; x_wconf 86' lang='lat' dir='ltr'><strong>invictam</strong></span> 
     </span>
    </p>
   </div>
   <div class='ocr_carea' id='block_1_90' title="bbox 1977 4426 3546 4496">
    <p class='ocr_par' dir='ltr' id='par_1_90' title="bbox 1977 4426 3546 4496">
     <span class='ocr_line' id='line_1_90' title="bbox 1977 4426 3546 4496; baseline 0 -16"><span class='ocrx_word' id='word_1_658' title='bbox 1977 4435 2030 4480; x_wconf 90' lang='lat' dir='ltr'><strong>et</strong></span> <span class='ocrx_word' id='word_1_659' title='bbox 2078 4426 2557 4495; x_wconf 79' lang='lat' dir='ltr'><strong>inexpugnabilem</strong></span> <span class='ocrx_word' id='word_1_660' title='bbox 2596 4427 2740 4481; x_wconf 90' lang='lat' dir='ltr'><strong>hanc</strong></span> <span class='ocrx_word' id='word_1_661' title='bbox 2775 4427 3047 4480; x_wconf 88' lang='lat' dir='ltr'><strong>rationem</strong></span> <span class='ocrx_word' id='word_1_662' title='bbox 3089 4441 3213 4481; x_wconf 89' lang='lat' dir='ltr'><strong>esse</strong></span> <span class='ocrx_word' id='word_1_663' title='bbox 3259 4427 3546 4496; x_wconf 87' lang='lat' dir='ltr'><strong>putabant,</strong></span> 
     </span>
    </p>
   </div>
   <div class='ocr_carea' id='block_1_91' title="bbox 268 4512 1878 4600">
    <p class='ocr_par' dir='ltr' id='par_1_91' title="bbox 268 4512 1872 4594">
     <span class='ocr_line' id='line_1_91' title="bbox 268 4512 1872 4594; baseline 0.007 -27"><span class='ocrx_word' id='word_1_664' title='bbox 268 4514 600 4577; x_wconf 81' lang='grc' dir='ltr'>παντελῶς.</span> <span class='ocrx_word' id='word_1_665' title='bbox 651 4518 769 4569; x_wconf 77' lang='grc' dir='ltr'>Ὀτι</span> <span class='ocrx_word' id='word_1_666' title='bbox 817 4518 873 4570; x_wconf 81' lang='grc' dir='ltr'>δὲ</span> <span class='ocrx_word' id='word_1_667' title='bbox 907 4512 1060 4583; x_wconf 78' lang='grc' dir='ltr'>οὗτος</span> <span class='ocrx_word' id='word_1_668' title='bbox 1098 4518 1167 4591; x_wconf 83' lang='grc' dir='ltr'>ἦν</span> <span class='ocrx_word' id='word_1_669' title='bbox 1200 4523 1369 4586; x_wconf 79' lang='grc' dir='ltr'>πολὺς</span> <span class='ocrx_word' id='word_1_670' title='bbox 1411 4524 1540 4594; x_wconf 82' lang='grc' dir='ltr'>παρ’</span> <span class='ocrx_word' id='word_1_671' title='bbox 1568 4526 1799 4589; x_wconf 84' lang='grc' dir='ltr'>ἐκείνοις</span> <span class='ocrx_word' id='word_1_672' title='bbox 1844 4529 1872 4579; x_wconf 87' lang='lat'><strong>6</strong></span> 
     </span>
    </p>
   </div>
   <div class='ocr_carea' id='block_1_92' title="bbox 1982 4512 3547 4600">
    <p class='ocr_par' dir='ltr' id='par_1_92' title="bbox 1982 4517 3547 4589">
     <span class='ocr_line' id='line_1_92' title="bbox 1982 4517 3547 4589; baseline 0.001 -18"><span class='ocrx_word' id='word_1_673' title='bbox 1982 4517 2404 4587; x_wconf 84' lang='lat' dir='ltr'><strong>turbabantquc,</strong></span> <span class='ocrx_word' id='word_1_674' title='bbox 2439 4526 2498 4571; x_wconf 90' lang='lat' dir='ltr'><strong>ut</strong></span> <span class='ocrx_word' id='word_1_675' title='bbox 2550 4517 2811 4571; x_wconf 89' lang='lat' dir='ltr'><strong>credibile</strong></span> <span class='ocrx_word' id='word_1_676' title='bbox 2876 4526 2982 4582; x_wconf 89' lang='lat' dir='ltr'><strong>est,</strong></span> <span class='ocrx_word' id='word_1_677' title='bbox 3037 4517 3201 4589; x_wconf 76' lang='lat'><strong>7&#39;76</strong></span> <span class='ocrx_word' id='word_1_678' title='bbox 3246 4525 3411 4587; x_wconf 91' lang='lat' dir='ltr'><strong>atque</strong></span> <span class='ocrx_word' id='word_1_679' title='bbox 3440 4517 3547 4572; x_wconf 86' lang='lat' dir='ltr'><strong>hoc</strong></span> 
     </span>
    </p>
   </div>
   <div class='ocr_carea' id='block_1_93' title="bbox 265 4607 1872 4686">
    <p class='ocr_par' dir='ltr' id='par_1_93' title="bbox 265 4607 1872 4686">
     <span class='ocr_line' id='line_1_93' title="bbox 265 4607 1872 4686; baseline 0.006 -25"><span class='ocrx_word' id='word_1_680' title='bbox 265 4609 441 4677; x_wconf 80' lang='grc' dir='ltr'>λόγος</span> <span class='ocrx_word' id='word_1_681' title='bbox 466 4649 483 4673; x_wconf 90' lang='grc'><strong>,</strong></span> <span class='ocrx_word' id='word_1_682' title='bbox 529 4607 781 4662; x_wconf 81' lang='grc' dir='ltr'>ἐντεῦθεν</span> <span class='ocrx_word' id='word_1_683' title='bbox 831 4611 1071 4683; x_wconf 78' lang='grc' dir='ltr'>μαθήσῃ.</span> <span class='ocrx_word' id='word_1_684' title='bbox 1123 4612 1430 4684; x_wconf 81' lang='grc' dir='ltr'>Θεωρήσεις</span> <span class='ocrx_word' id='word_1_685' title='bbox 1471 4615 1579 4686; x_wconf 86' lang='grc' dir='ltr'>γὰρ</span> <span class='ocrx_word' id='word_1_686' title='bbox 1614 4616 1872 4685; x_wconf 85' lang='grc' dir='ltr'>λέγοντας</span> 
     </span>
    </p>
   </div>
   <div class='ocr_carea' id='block_1_94' title="bbox 264 4698 1868 4776">
    <p class='ocr_par' dir='ltr' id='par_1_94' title="bbox 264 4698 1868 4776">
     <span class='ocr_line' id='line_1_94' title="bbox 264 4698 1868 4776; baseline 0.006 -26"><span class='ocrx_word' id='word_1_687' title='bbox 264 4701 414 4771; x_wconf 74' lang='grc' dir='ltr'>πρὸς</span> <span class='ocrx_word' id='word_1_688' title='bbox 442 4698 542 4751; x_wconf 87' lang='grc' dir='ltr'>τὸν</span> <span class='ocrx_word' id='word_1_689' title='bbox 575 4700 639 4751; x_wconf 82' lang='grc' dir='ltr'>ἐκ</span> <span class='ocrx_word' id='word_1_690' title='bbox 674 4701 899 4771; x_wconf 81' lang='grc' dir='ltr'>γενετῆς</span> <span class='ocrx_word' id='word_1_691' title='bbox 926 4702 1155 4771; x_wconf 72' lang='grc' dir='ltr'>τυφλὸν,</span> <span class='ocrx_word' id='word_1_692' title='bbox 1189 4703 1245 4757; x_wconf 88' lang='grc' dir='ltr'><strong>ὃν</strong></span> <span class='ocrx_word' id='word_1_693' title='bbox 1272 4704 1495 4776; x_wconf 75' lang='grc' dir='ltr'>ἀρρήτῳ</span> <span class='ocrx_word' id='word_1_694' title='bbox 1525 4706 1748 4776; x_wconf 89' lang='grc' dir='ltr'>δυνάμει</span> <span class='ocrx_word' id='word_1_695' title='bbox 1782 4724 1868 4759; x_wconf 82' lang='grc' dir='ltr'>τε-</span> 
     </span>
    </p>
   </div>
   <div class='ocr_carea' id='block_1_95' title="bbox 263 4792 1862 4867">
    <p class='ocr_par' dir='ltr' id='par_1_95' title="bbox 263 4792 1862 4867">
     <span class='ocr_line' id='line_1_95' title="bbox 263 4792 1862 4867; baseline 0.003 -22"><span class='ocrx_word' id='word_1_696' title='bbox 263 4792 634 4863; x_wconf 88' lang='grc' dir='ltr'>θεράπευκεν</span> <span class='ocrx_word' id='word_1_697' title='bbox 688 4794 717 4845; x_wconf 92' lang='lat'><strong>6</strong></span> <span class='ocrx_word' id='word_1_698' title='bbox 761 4793 988 4864; x_wconf 84' lang='grc' dir='ltr'>Σωτήρ·</span> <span class='ocrx_word' id='word_1_699' title='bbox 1050 4815 1067 4847; x_wconf 72' lang='grc' dir='ltr'><strong>ι</strong></span> <span class='ocrx_word' id='word_1_700' title='bbox 1121 4795 1491 4867; x_wconf 76' lang='grc' dir='ltr'>Συμμαθητὴς</span> <span class='ocrx_word' id='word_1_701' title='bbox 1533 4794 1585 4849; x_wconf 83' lang='grc' dir='ltr'>εἷ</span> <span class='ocrx_word' id='word_1_702' title='bbox 1633 4799 1862 4861; x_wconf 77' lang='grc' dir='ltr'>ἐκείνου,</span> 
     </span>
    </p>
   </div>
   <div class='ocr_carea' id='block_1_96' title="bbox 261 4882 1928 4959">
    <p class='ocr_par' dir='ltr' id='par_1_96' title="bbox 261 4882 1928 4959">
     <span class='ocr_line' id='line_1_96' title="bbox 261 4882 1928 4959; baseline 0.004 -23"><span class='ocrx_word' id='word_1_703' title='bbox 261 4887 437 4955; x_wconf 81' lang='grc' dir='ltr'>ἡμεῖς</span> <span class='ocrx_word' id='word_1_704' title='bbox 472 4883 535 4934; x_wconf 80' lang='grc' dir='ltr'>δὲ</span> <span class='ocrx_word' id='word_1_705' title='bbox 565 4882 665 4935; x_wconf 75' lang='grc' dir='ltr'><strong>τοῦ</strong></span> <span class='ocrx_word' id='word_1_706' title='bbox 703 4884 946 4947; x_wconf 82' lang='grc' dir='ltr'>Μωσέως</span> <span class='ocrx_word' id='word_1_707' title='bbox 988 4886 1154 4956; x_wconf 80' lang='grc' dir='ltr'>ἐσμὲν</span> <span class='ocrx_word' id='word_1_708' title='bbox 1196 4887 1455 4956; x_wconf 86' lang='grc' dir='ltr'>μαθηταί.</span> <span class='ocrx_word' id='word_1_709' title='bbox 1520 4889 1710 4958; x_wconf 80' lang='grc' dir='ltr'>Ἡμεῖς</span> <span class='ocrx_word' id='word_1_710' title='bbox 1758 4890 1866 4959; x_wconf 80' lang='grc' dir='ltr'><strong>γὰρ</strong></span> <span class='ocrx_word' id='word_1_711' title='bbox 1920 4922 1928 4931; x_wconf 92' lang='grc'><strong><em>-</em></strong></span> 
     </span>
    </p>
   </div>
   <div class='ocr_carea' id='block_1_97' title="bbox 260 4974 1866 5047">
    <p class='ocr_par' dir='ltr' id='par_1_97' title="bbox 260 4974 1866 5047">
     <span class='ocr_line' id='line_1_97' title="bbox 260 4974 1866 5047; baseline 0.002 -17"><span class='ocrx_word' id='word_1_712' title='bbox 260 4977 503 5045; x_wconf 74' lang='grc' dir='ltr'>οἴδαμεν</span> <span class='ocrx_word' id='word_1_713' title='bbox 533 4974 621 5026; x_wconf 80' lang='grc' dir='ltr'><strong>ὅτι</strong></span> <span class='ocrx_word' id='word_1_714' title='bbox 654 4975 827 5044; x_wconf 80' lang='grc' dir='ltr'>Μωσῇ</span> <span class='ocrx_word' id='word_1_715' title='bbox 861 4975 1153 5047; x_wconf 85' lang='grc' dir='ltr'>λελάληκεν</span> <span class='ocrx_word' id='word_1_716' title='bbox 1187 4980 1214 5031; x_wconf 89' lang='lat'><strong>6</strong></span> <span class='ocrx_word' id='word_1_717' title='bbox 1243 4978 1374 5042; x_wconf 88' lang='grc' dir='ltr'>Θεός</span> <span class='ocrx_word' id='word_1_718' title='bbox 1398 4994 1412 5007; x_wconf 83' lang='grc'><strong><em>⁸</em></strong></span> <span class='ocrx_word' id='word_1_719' title='bbox 1461 4978 1646 5032; x_wconf 82' lang='grc' dir='ltr'>τοῦτον</span> <span class='ocrx_word' id='word_1_720' title='bbox 1684 4981 1740 5032; x_wconf 82' lang='grc' dir='ltr'>δὲ</span> <span class='ocrx_word' id='word_1_721' title='bbox 1766 4983 1866 5035; x_wconf 86' lang='grc' dir='ltr'>οὐκ</span> 
     </span>
    </p>
   </div>
   <div class='ocr_carea' id='block_1_98' title="bbox 187 5063 1865 5138">
    <p class='ocr_par' dir='ltr' id='par_1_98' title="bbox 187 5063 1865 5138">
     <span class='ocr_line' id='line_1_98' title="bbox 187 5063 1865 5138; baseline 0.002 -18"><span class='ocrx_word' id='word_1_722' title='bbox 187 5104 195 5112; x_wconf 88' lang='grc'><strong>-</strong></span> <span class='ocrx_word' id='word_1_723' title='bbox 259 5067 505 5136; x_wconf 78' lang='grc' dir='ltr'>οἴδαμεν</span> <span class='ocrx_word' id='word_1_724' title='bbox 536 5063 705 5116; x_wconf 87' lang='grc' dir='ltr'>πόθεν</span> <span class='ocrx_word' id='word_1_725' title='bbox 732 5064 899 5119; x_wconf 77' lang='grc' dir='ltr'>ἐστίν.</span> <span class='ocrx_word' id='word_1_726' title='bbox 933 5086 951 5116; x_wconf 73' lang='grc' dir='ltr'><strong>ι</strong></span> <span class='ocrx_word' id='word_1_727' title='bbox 1002 5069 1278 5138; x_wconf 78' lang='grc' dir='ltr'>Ἐνόμιζον</span> <span class='ocrx_word' id='word_1_728' title='bbox 1304 5070 1483 5122; x_wconf 83' lang='grc' dir='ltr'>τοίνυν</span> <span class='ocrx_word' id='word_1_729' title='bbox 1511 5071 1559 5122; x_wconf 89' lang='grc' dir='ltr'><strong>οί</strong></span> <span class='ocrx_word' id='word_1_730' title='bbox 1589 5073 1698 5133; x_wconf 84' lang='grc' dir='ltr'>τοῖς</span> <span class='ocrx_word' id='word_1_731' title='bbox 1742 5072 1865 5124; x_wconf 83' lang='grc' dir='ltr'>Ἰου-</span> 
     </span>
    </p>
   </div>
   <div class='ocr_carea' id='block_1_99' title="bbox 257 5157 1865 5230">
    <p class='ocr_par' dir='ltr' id='par_1_99' title="bbox 257 5157 1865 5230">
     <span class='ocr_line' id='line_1_99' title="bbox 257 5157 1865 5230; baseline 0.002 -17"><span class='ocrx_word' id='word_1_732' title='bbox 257 5160 484 5221; x_wconf 83' lang='grc' dir='ltr'>δαϊκοῖς</span> <span class='ocrx_word' id='word_1_733' title='bbox 542 5157 1006 5227; x_wconf 81' lang='grc' dir='ltr'>συναγορεύοντες</span> <span class='ocrx_word' id='word_1_734' title='bbox 1051 5161 1314 5230; x_wconf 82' lang='grc' dir='ltr'>δόγμασι,</span> <span class='ocrx_word' id='word_1_735' title='bbox 1368 5161 1865 5229; x_wconf 84' lang='grc' dir='ltr'>δυσανταγώνιστόν</span> 
     </span>
    </p>
   </div>
   <div class='ocr_carea' id='block_1_100' title="bbox 257 5246 1867 5321">
    <p class='ocr_par' dir='ltr' id='par_1_100' title="bbox 257 5246 1867 5321">
     <span class='ocr_line' id='line_1_100' title="bbox 257 5246 1867 5321; baseline 0.003 -19"><span class='ocrx_word' id='word_1_736' title='bbox 257 5267 385 5302; x_wconf 89' lang='grc' dir='ltr'>τινα</span> <span class='ocrx_word' id='word_1_737' title='bbox 420 5249 524 5300; x_wconf 76' lang='grc' dir='ltr'>τὸν</span> <span class='ocrx_word' id='word_1_738' title='bbox 551 5246 656 5298; x_wconf 76' lang='grc' dir='ltr'>ἐπὶ</span> <span class='ocrx_word' id='word_1_739' title='bbox 675 5247 883 5311; x_wconf 87' lang='grc' dir='ltr'>τούτοις</span> <span class='ocrx_word' id='word_1_740' title='bbox 909 5250 1175 5304; x_wconf 86' lang='grc' dir='ltr'>ποιεῖσθαι</span> <span class='ocrx_word' id='word_1_741' title='bbox 1212 5252 1388 5321; x_wconf 85' lang='grc' dir='ltr'>λόγον,</span> <span class='ocrx_word' id='word_1_742' title='bbox 1422 5254 1513 5307; x_wconf 73' lang='grc' dir='ltr'>καὶ</span> <span class='ocrx_word' id='word_1_743' title='bbox 1541 5253 1639 5306; x_wconf 84' lang='grc' dir='ltr'><strong>οὐκ</strong></span> <span class='ocrx_word' id='word_1_744' title='bbox 1672 5255 1867 5307; x_wconf 86' lang='grc' dir='ltr'>εὐανά-</span> 
     </span>
    </p>
   </div>
   <div class='ocr_carea' id='block_1_101' title="bbox 255 5339 1865 5414">
    <p class='ocr_par' dir='ltr' id='par_1_101' title="bbox 255 5339 1865 5414">
     <span class='ocr_line' id='line_1_101' title="bbox 255 5339 1865 5414; baseline 0.002 -19"><span class='ocrx_word' id='word_1_745' title='bbox 255 5357 512 5414; x_wconf 87' lang='grc' dir='ltr'>τρεπτον</span> <span class='ocrx_word' id='word_1_746' title='bbox 550 5340 671 5399; x_wconf 84' lang='grc' dir='ltr'>τοῖς</span> <span class='ocrx_word' id='word_1_747' title='bbox 719 5339 965 5404; x_wconf 83' lang='grc' dir='ltr'>πολλοῖς,</span> <span class='ocrx_word' id='word_1_748' title='bbox 1015 5341 1304 5411; x_wconf 75' lang='grc' dir='ltr'>ἐθορύϐουν</span> <span class='ocrx_word' id='word_1_749' title='bbox 1328 5344 1406 5409; x_wconf 85' lang='grc' dir='ltr'><strong>δὲ,</strong></span> <span class='ocrx_word' id='word_1_750' title='bbox 1433 5344 1507 5407; x_wconf 85' lang='grc' dir='ltr'><strong>ὡς</strong></span> <span class='ocrx_word' id='word_1_751' title='bbox 1557 5345 1728 5409; x_wconf 81' lang='grc' dir='ltr'>εἰκὸς,</span> <span class='ocrx_word' id='word_1_752' title='bbox 1773 5348 1865 5400; x_wconf 74' lang='grc' dir='ltr'><strong>καὶ</strong></span> 
     </span>
    </p>
   </div>
   <div class='ocr_carea' id='block_1_102' title="bbox 255 5426 1868 5497">
    <p class='ocr_par' dir='ltr' id='par_1_102' title="bbox 255 5426 1868 5497">
     <span class='ocr_line' id='line_1_102' title="bbox 255 5426 1868 5497; baseline 0.001 -11"><span class='ocrx_word' id='word_1_753' title='bbox 255 5426 648 5492; x_wconf 79' lang='grc' dir='ltr'>ὑπεσκέλιζον</span> <span class='ocrx_word' id='word_1_754' title='bbox 698 5428 783 5482; x_wconf 81' lang='grc' dir='ltr'>διὰ</span> <span class='ocrx_word' id='word_1_755' title='bbox 812 5431 1002 5483; x_wconf 84' lang='grc' dir='ltr'>τούτου</span> <span class='ocrx_word' id='word_1_756' title='bbox 1038 5432 1285 5497; x_wconf 87' lang='grc' dir='ltr'>πολλούς.</span> <span class='ocrx_word' id='word_1_757' title='bbox 1330 5434 1502 5487; x_wconf 77' lang='grc' dir='ltr'>Τοῦτο</span> <span class='ocrx_word' id='word_1_758' title='bbox 1530 5435 1648 5487; x_wconf 88' lang='grc' dir='ltr'>καθ’</span> <span class='ocrx_word' id='word_1_759' title='bbox 1674 5435 1868 5488; x_wconf 80' lang='grc' dir='ltr'>ἑαυτὸν</span> 
     </span>
    </p>
   </div>
   <div class='ocr_carea' id='block_1_103' title="bbox 254 5516 1863 5593">
    <p class='ocr_par' dir='ltr' id='par_1_103' title="bbox 254 5516 1863 5593">
     <span class='ocr_line' id='line_1_103' title="bbox 254 5516 1863 5593; baseline -0.002 -18"><span class='ocrx_word' id='word_1_760' title='bbox 254 5521 537 5591; x_wconf 72' lang='grc' dir='ltr'>ἐννοήσας</span> <span class='ocrx_word' id='word_1_761' title='bbox 589 5517 621 5568; x_wconf 84' lang='grc' dir='ltr'><strong>ὁ</strong></span> <span class='ocrx_word' id='word_1_762' title='bbox 647 5516 909 5582; x_wconf 80' lang='grc' dir='ltr'>Φίλιππος</span> <span class='ocrx_word' id='word_1_763' title='bbox 927 5561 943 5585; x_wconf 87' lang='grc'><strong>,</strong></span> <span class='ocrx_word' id='word_1_764' title='bbox 995 5521 1070 5584; x_wconf 83' lang='grc' dir='ltr'>ὡς</span> <span class='ocrx_word' id='word_1_765' title='bbox 1096 5521 1468 5593; x_wconf 82' lang='grc' dir='ltr'>λυθησομένης</span> <span class='ocrx_word' id='word_1_766' title='bbox 1520 5524 1735 5592; x_wconf 81' lang='grc' dir='ltr'>ἁπάσης</span> <span class='ocrx_word' id='word_1_767' title='bbox 1764 5523 1863 5593; x_wconf 79' lang='grc' dir='ltr'>τῆς</span> 
     </span>
    </p>
   </div>
   <div class='ocr_carea' id='block_1_104' title="bbox 252 5606 1863 5689">
    <p class='ocr_par' dir='ltr' id='par_1_104' title="bbox 252 5606 1863 5689">
     <span class='ocr_line' id='line_1_104' title="bbox 252 5606 1863 5689; baseline -0.004 -22"><span class='ocrx_word' id='word_1_768' title='bbox 252 5612 366 5667; x_wconf 83' lang='grc' dir='ltr'>τῶν</span> <span class='ocrx_word' id='word_1_769' title='bbox 422 5606 716 5689; x_wconf 79' lang='grc' dir='ltr'>Ἰουδαίων</span> <span class='ocrx_word' id='word_1_770' title='bbox 759 5607 1093 5675; x_wconf 86' lang='grc' dir='ltr'>ἀντιλογίας,</span> <span class='ocrx_word' id='word_1_771' title='bbox 1139 5611 1186 5662; x_wconf 79' lang='grc' dir='ltr'><strong>εί</strong></span> <span class='ocrx_word' id='word_1_772' title='bbox 1222 5613 1317 5663; x_wconf 77' lang='grc' dir='ltr'><strong>καὶ</strong></span> <span class='ocrx_word' id='word_1_773' title='bbox 1361 5611 1523 5672; x_wconf 79' lang='grc' dir='ltr'>αὐτὸς</span> <span class='ocrx_word' id='word_1_774' title='bbox 1560 5609 1779 5674; x_wconf 79' lang='grc' dir='ltr'>δείξειεν</span> <span class='ocrx_word' id='word_1_775' title='bbox 1836 5612 1863 5662; x_wconf 82' lang='lat'><strong>6</strong></span> 
     </span>
    </p>
   </div>
   <div class='ocr_carea' id='block_1_105' title="bbox 327 5787 1357 5855">
    <p class='ocr_par' dir='ltr' id='par_1_105' title="bbox 327 5787 1357 5855">
     <span class='ocr_line' id='line_1_105' title="bbox 327 5787 1357 5855; baseline -0.005 -7"><span class='ocrx_word' id='word_1_776' title='bbox 327 5795 374 5828; x_wconf 81' lang='grc'><strong>⁸⁷</strong></span> <span class='ocrx_word' id='word_1_777' title='bbox 420 5793 568 5847; x_wconf 89' lang='lat' dir='ltr'><strong>Luc.</strong></span> <span class='ocrx_word' id='word_1_778' title='bbox 606 5803 691 5850; x_wconf 71' lang='lat' dir='ltr'><strong>xx,</strong></span> <span class='ocrx_word' id='word_1_779' title='bbox 732 5788 819 5843; x_wconf 74' lang='grc'><strong>15.</strong></span> <span class='ocrx_word' id='word_1_780' title='bbox 899 5790 943 5822; x_wconf 81' lang='grc'><strong>⁸⁸</strong></span> <span class='ocrx_word' id='word_1_781' title='bbox 989 5787 1238 5855; x_wconf 68' lang='lat' dir='ltr'><strong>Joan-x,</strong></span> <span class='ocrx_word' id='word_1_782' title='bbox 1268 5792 1357 5845; x_wconf 64' lang='grc' dir='ltr'><strong>ΞΟ.</strong></span> 
     </span>
    </p>
   </div>
   <div class='ocr_carea' id='block_1_106' title="bbox 605 5882 1326 5945">
    <p class='ocr_par' dir='ltr' id='par_1_106' title="bbox 605 5882 1326 5945">
     <span class='ocr_line' id='line_1_106' title="bbox 605 5882 1326 5945; baseline 0.003 -1"><span class='ocrx_word' id='word_1_783' title='bbox 605 5883 882 5944; x_wconf 72' lang='lat' dir='ltr'><strong>PATROL.</strong></span> <span class='ocrx_word' id='word_1_784' title='bbox 924 5882 1039 5944; x_wconf 76' lang='lat' dir='ltr'><strong>Gn.</strong></span> <span class='ocrx_word' id='word_1_785' title='bbox 1080 5884 1326 5945; x_wconf 72' lang='lat' dir='ltr'><strong>LXXIV.</strong></span> 
     </span>
    </p>
   </div>
   <div class='ocr_carea' id='block_1_107' title="bbox 1982 4607 3543 4678">
    <p class='ocr_par' dir='ltr' id='par_1_107' title="bbox 1982 4607 3543 4678">
     <span class='ocr_line' id='line_1_107' title="bbox 1982 4607 3543 4678; baseline 0.001 -17"><span class='ocrx_word' id='word_1_786' title='bbox 1982 4608 2144 4663; x_wconf 91' lang='lat' dir='ltr'><strong>modo</strong></span> <span class='ocrx_word' id='word_1_787' title='bbox 2182 4609 2383 4663; x_wconf 83' lang='lat' dir='ltr'><strong>multos</strong></span> <span class='ocrx_word' id='word_1_788' title='bbox 2419 4607 2772 4677; x_wconf 77' lang='lat' dir='ltr'><strong>dejiciebant.</strong></span> <span class='ocrx_word' id='word_1_789' title='bbox 2812 4607 2927 4663; x_wconf 87' lang='lat' dir='ltr'><strong>Hoc</strong></span> <span class='ocrx_word' id='word_1_790' title='bbox 2968 4608 3113 4678; x_wconf 91' lang='lat' dir='ltr'><strong>apud</strong></span> <span class='ocrx_word' id='word_1_791' title='bbox 3143 4622 3202 4663; x_wconf 92' lang='lat' dir='ltr'><strong>se</strong></span> <span class='ocrx_word' id='word_1_792' title='bbox 3254 4607 3543 4676; x_wconf 80' lang='lat' dir='ltr'><strong>Philippus</strong></span> 
     </span>
    </p>
   </div>
   <div class='ocr_carea' id='block_1_108' title="bbox 1980 4694 3549 4766">
    <p class='ocr_par' dir='ltr' id='par_1_108' title="bbox 1980 4694 3549 4766">
     <span class='ocr_line' id='line_1_108' title="bbox 1980 4694 3549 4766; baseline 0.002 -19"><span class='ocrx_word' id='word_1_793' title='bbox 1980 4697 2285 4760; x_wconf 87' lang='lat' dir='ltr'><strong>revolvens,</strong></span> <span class='ocrx_word' id='word_1_794' title='bbox 2310 4696 2465 4765; x_wconf 90' lang='lat' dir='ltr'><strong>quasi</strong></span> <span class='ocrx_word' id='word_1_795' title='bbox 2493 4696 2674 4752; x_wconf 89' lang='lat' dir='ltr'><strong>omnis</strong></span> <span class='ocrx_word' id='word_1_796' title='bbox 2705 4695 2798 4750; x_wconf 90' lang='lat' dir='ltr'><strong>illa</strong></span> <span class='ocrx_word' id='word_1_797' title='bbox 2826 4695 3138 4751; x_wconf 72' lang='lat' dir='ltr'><strong>Judaeorum</strong></span> <span class='ocrx_word' id='word_1_798' title='bbox 3159 4694 3401 4766; x_wconf 90' lang='lat' dir='ltr'><strong>objectio</strong></span> <span class='ocrx_word' id='word_1_799' title='bbox 3425 4696 3549 4750; x_wconf 88' lang='lat' dir='ltr'><strong>fun-</strong></span> 
     </span>
    </p>
   </div>
   <div class='ocr_carea' id='block_1_109' title="bbox 1976 4785 3547 4857">
    <p class='ocr_par' dir='ltr' id='par_1_109' title="bbox 1976 4785 3547 4857">
     <span class='ocr_line' id='line_1_109' title="bbox 1976 4785 3547 4857; baseline 0.003 -19"><span class='ocrx_word' id='word_1_800' title='bbox 1976 4785 2126 4841; x_wconf 89' lang='lat' dir='ltr'><strong>ditus</strong></span> <span class='ocrx_word' id='word_1_801' title='bbox 2149 4788 2368 4841; x_wconf 84' lang='lat' dir='ltr'><strong>ruitura</strong></span> <span class='ocrx_word' id='word_1_802' title='bbox 2400 4796 2568 4852; x_wconf 88' lang='lat' dir='ltr'><strong>esset,</strong></span> <span class='ocrx_word' id='word_1_803' title='bbox 2610 4788 2655 4841; x_wconf 90' lang='lat' dir='ltr'><strong>si</strong></span> <span class='ocrx_word' id='word_1_804' title='bbox 2689 4796 2743 4843; x_wconf 91' lang='lat' dir='ltr'><strong>ct</strong></span> <span class='ocrx_word' id='word_1_805' title='bbox 2774 4790 2891 4857; x_wconf 87' lang='lat' dir='ltr'><strong>ipse</strong></span> <span class='ocrx_word' id='word_1_806' title='bbox 2917 4787 3173 4844; x_wconf 86' lang='lat' dir='ltr'><strong>Christus</strong></span> <span class='ocrx_word' id='word_1_807' title='bbox 3196 4786 3547 4843; x_wconf 85' lang='lat' dir='ltr'><strong>credentibus</strong></span> 
     </span>
    </p>
   </div>
   <div class='ocr_carea' id='block_1_110' title="bbox 1974 4876 3546 4953">
    <p class='ocr_par' dir='ltr' id='par_1_110' title="bbox 1974 4876 3546 4953">
     <span class='ocr_line' id='line_1_110' title="bbox 1974 4876 3546 4953; baseline 0.002 -24"><span class='ocrx_word' id='word_1_808' title='bbox 1974 4878 2029 4930; x_wconf 93' lang='lat' dir='ltr'><strong>in</strong></span> <span class='ocrx_word' id='word_1_809' title='bbox 2096 4877 2274 4946; x_wconf 86' lang='lat' dir='ltr'><strong>ipsum</strong></span> <span class='ocrx_word' id='word_1_810' title='bbox 2343 4877 2557 4931; x_wconf 82' lang='lat' dir='ltr'><strong>Patrem</strong></span> <span class='ocrx_word' id='word_1_811' title='bbox 2611 4878 2960 4944; x_wconf 87' lang='lat' dir='ltr'><strong>ostenderet,</strong></span> <span class='ocrx_word' id='word_1_812' title='bbox 3014 4878 3101 4933; x_wconf 89' lang='lat' dir='ltr'><strong>his</strong></span> <span class='ocrx_word' id='word_1_813' title='bbox 3172 4892 3295 4933; x_wconf 87' lang='lat' dir='ltr'><strong>eum</strong></span> <span class='ocrx_word' id='word_1_814' title='bbox 3361 4876 3546 4953; x_wconf 83' lang='lat' dir='ltr'><strong>verbis</strong></span> 
     </span>
    </p>
   </div>
   <div class='ocr_carea' id='block_1_111' title="bbox 1973 4969 3546 5037">
    <p class='ocr_par' dir='ltr' id='par_1_111' title="bbox 1973 4969 3546 5037">
     <span class='ocr_line' id='line_1_111' title="bbox 1973 4969 3546 5037; baseline 0 -15"><span class='ocrx_word' id='word_1_815' title='bbox 1973 4970 2304 5037; x_wconf 87' lang='lat' dir='ltr'><strong>compellat:</strong></span> <span class='ocrx_word' id='word_1_816' title='bbox 2364 4987 2381 5020; x_wconf 76' lang='grc' dir='ltr'><strong>ι</strong></span> <span class='ocrx_word' id='word_1_817' title='bbox 2426 4969 2674 5034; x_wconf 89' lang='lat' dir='ltr'><strong>Domine,</strong></span> <span class='ocrx_word' id='word_1_818' title='bbox 2716 4971 2949 5026; x_wconf 88' lang='lat' dir='ltr'><strong>ostende</strong></span> <span class='ocrx_word' id='word_1_819' title='bbox 2990 4971 3152 5027; x_wconf 90' lang='lat' dir='ltr'><strong>nobis</strong></span> <span class='ocrx_word' id='word_1_820' title='bbox 3210 4969 3448 5033; x_wconf 82' lang='lat' dir='ltr'><strong>Patrem,</strong></span> <span class='ocrx_word' id='word_1_821' title='bbox 3491 4977 3546 5023; x_wconf 90' lang='lat' dir='ltr'><strong>et</strong></span> 
     </span>
    </p>
   </div>
   <div class='ocr_carea' id='block_1_112' title="bbox 1975 5057 3542 5132">
    <p class='ocr_par' dir='ltr' id='par_1_112' title="bbox 1975 5057 3542 5132">
     <span class='ocr_line' id='line_1_112' title="bbox 1975 5057 3542 5132; baseline -0.002 -17"><span class='ocrx_word' id='word_1_822' title='bbox 1975 5060 2172 5115; x_wconf 77' lang='lat' dir='ltr'><strong>suiﬁeit</strong></span> <span class='ocrx_word' id='word_1_823' title='bbox 2206 5062 2387 5116; x_wconf 87' lang='lat' dir='ltr'><strong>nobis.</strong></span> <span class='ocrx_word' id='word_1_824' title='bbox 2412 5082 2432 5112; x_wconf 82' lang='grc'>›</span> <span class='ocrx_word' id='word_1_825' title='bbox 2454 5059 2621 5132; x_wconf 80' lang='lat' dir='ltr'><strong>Finge</strong></span> <span class='ocrx_word' id='word_1_826' title='bbox 2643 5062 2791 5116; x_wconf 89' lang='lat' dir='ltr'><strong>enim</strong></span> <span class='ocrx_word' id='word_1_827' title='bbox 2817 5064 2933 5117; x_wconf 65' lang='lat' dir='ltr'><strong>haec</strong></span> <span class='ocrx_word' id='word_1_828' title='bbox 2955 5077 3080 5117; x_wconf 90' lang='lat' dir='ltr'><strong>eum</strong></span> <span class='ocrx_word' id='word_1_829' title='bbox 3111 5060 3290 5130; x_wconf 88' lang='lat' dir='ltr'><strong>loqui:</strong></span> <span class='ocrx_word' id='word_1_830' title='bbox 3324 5057 3542 5121; x_wconf 88' lang='lat' dir='ltr'><strong>Omnia,</strong></span> 
     </span>
    </p>
   </div>
   <div class='ocr_carea' id='block_1_113' title="bbox 1973 5151 3544 5223">
    <p class='ocr_par' dir='ltr' id='par_1_113' title="bbox 1973 5151 3544 5223">
     <span class='ocr_line' id='line_1_113' title="bbox 1973 5151 3544 5223; baseline 0 -18"><span class='ocrx_word' id='word_1_831' title='bbox 1973 5154 2169 5222; x_wconf 89' lang='lat' dir='ltr'><strong>inquit,</strong></span> <span class='ocrx_word' id='word_1_832' title='bbox 2213 5168 2245 5206; x_wconf 85' lang='lat'><strong>0</strong></span> <span class='ocrx_word' id='word_1_833' title='bbox 2307 5151 2555 5217; x_wconf 89' lang='lat' dir='ltr'><strong>Domine,</strong></span> <span class='ocrx_word' id='word_1_834' title='bbox 2598 5161 2691 5206; x_wconf 88' lang='lat' dir='ltr'><strong>tua</strong></span> <span class='ocrx_word' id='word_1_835' title='bbox 2737 5161 3009 5223; x_wconf 85' lang='lat' dir='ltr'><strong>potestate</strong></span> <span class='ocrx_word' id='word_1_836' title='bbox 3045 5158 3379 5221; x_wconf 84' lang='lat' dir='ltr'><strong>peraguntur</strong></span> <span class='ocrx_word' id='word_1_837' title='bbox 3422 5166 3544 5220; x_wconf 75' lang='lat' dir='ltr'><strong>quae</strong></span> 
     </span>
    </p>
   </div>
   <div class='ocr_carea' id='block_1_114' title="bbox 1972 5239 3544 5310">
    <p class='ocr_par' dir='ltr' id='par_1_114' title="bbox 1972 5239 3544 5310">
     <span class='ocr_line' id='line_1_114' title="bbox 1972 5239 3544 5310; baseline 0.001 -14"><span class='ocrx_word' id='word_1_838' title='bbox 1972 5258 2072 5297; x_wconf 88' lang='lat' dir='ltr'><strong>nos</strong></span> <span class='ocrx_word' id='word_1_839' title='bbox 2106 5246 2173 5297; x_wconf 90' lang='lat' dir='ltr'><strong>ad</strong></span> <span class='ocrx_word' id='word_1_840' title='bbox 2232 5243 2393 5298; x_wconf 78' lang='lat' dir='ltr'><strong>[idem</strong></span> <span class='ocrx_word' id='word_1_841' title='bbox 2429 5243 2735 5310; x_wconf 87' lang='lat' dir='ltr'><strong>inducunt;</strong></span> <span class='ocrx_word' id='word_1_842' title='bbox 2768 5243 3075 5297; x_wconf 90' lang='lat' dir='ltr'><strong>innumeris</strong></span> <span class='ocrx_word' id='word_1_843' title='bbox 3134 5239 3418 5296; x_wconf 88' lang='lat' dir='ltr'><strong>miraculis</strong></span> <span class='ocrx_word' id='word_1_844' title='bbox 3442 5239 3544 5298; x_wconf 87' lang='lat' dir='ltr'><strong>Ju—</strong></span> 
     </span>
    </p>
   </div>
   <div class='ocr_carea' id='block_1_115' title="bbox 1972 5331 3542 5403">
    <p class='ocr_par' dir='ltr' id='par_1_115' title="bbox 1972 5331 3542 5403">
     <span class='ocr_line' id='line_1_115' title="bbox 1972 5331 3542 5403; baseline -0.003 -15"><span class='ocrx_word' id='word_1_845' title='bbox 1972 5335 2142 5388; x_wconf 77' lang='lat' dir='ltr'><strong>daicae</strong></span> <span class='ocrx_word' id='word_1_846' title='bbox 2207 5333 2560 5403; x_wconf 84' lang='lat' dir='ltr'><strong>procacitatis</strong></span> <span class='ocrx_word' id='word_1_847' title='bbox 2623 5333 3001 5401; x_wconf 87' lang='lat' dir='ltr'><strong>intemperiem</strong></span> <span class='ocrx_word' id='word_1_848' title='bbox 3065 5343 3322 5384; x_wconf 86' lang='lat' dir='ltr'><strong>coercere</strong></span> <span class='ocrx_word' id='word_1_849' title='bbox 3393 5331 3542 5386; x_wconf 89' lang='lat' dir='ltr'><strong>licet.</strong></span> 
     </span>
    </p>
   </div>
   <div class='ocr_carea' id='block_1_116' title="bbox 1971 5421 3546 5494">
    <p class='ocr_par' dir='ltr' id='par_1_116' title="bbox 1971 5421 3546 5494">
     <span class='ocr_line' id='line_1_116' title="bbox 1971 5421 3546 5494; baseline 0 -17"><span class='ocrx_word' id='word_1_850' title='bbox 1971 5423 2120 5478; x_wconf 86' lang='lat' dir='ltr'><strong>Nihil</strong></span> <span class='ocrx_word' id='word_1_851' title='bbox 2159 5432 2340 5479; x_wconf 90' lang='lat' dir='ltr'><strong>autem</strong></span> <span class='ocrx_word' id='word_1_852' title='bbox 2371 5425 2532 5481; x_wconf 88' lang='lat' dir='ltr'><strong>nobis</strong></span> <span class='ocrx_word' id='word_1_853' title='bbox 2567 5425 2728 5494; x_wconf 89' lang='lat' dir='ltr'><strong>plane</strong></span> <span class='ocrx_word' id='word_1_854' title='bbox 2759 5421 2998 5476; x_wconf 84' lang='lat' dir='ltr'><strong>defuerit</strong></span> <span class='ocrx_word' id='word_1_855' title='bbox 3030 5421 3075 5475; x_wconf 92' lang='lat' dir='ltr'><strong>si</strong></span> <span class='ocrx_word' id='word_1_856' title='bbox 3129 5428 3185 5476; x_wconf 92' lang='lat' dir='ltr'><strong>et</strong></span> <span class='ocrx_word' id='word_1_857' title='bbox 3215 5421 3332 5489; x_wconf 89' lang='lat' dir='ltr'><strong>ipse</strong></span> <span class='ocrx_word' id='word_1_858' title='bbox 3383 5422 3546 5477; x_wconf 85' lang='lat' dir='ltr'><strong>nobis</strong></span> 
     </span>
    </p>
   </div>
   <div class='ocr_carea' id='block_1_117' title="bbox 1970 5512 3543 5571">
    <p class='ocr_par' dir='ltr' id='par_1_117' title="bbox 1970 5512 3543 5571">
     <span class='ocr_line' id='line_1_117' title="bbox 1970 5512 3543 5571; baseline -0.001 -1"><span class='ocrx_word' id='word_1_859' title='bbox 1970 5516 2190 5571; x_wconf 88' lang='lat' dir='ltr'><strong>Patrem</strong></span> <span class='ocrx_word' id='word_1_860' title='bbox 2224 5531 2289 5571; x_wconf 89' lang='lat' dir='ltr'><strong>ac</strong></span> <span class='ocrx_word' id='word_1_861' title='bbox 2320 5516 2489 5571; x_wconf 90' lang='lat' dir='ltr'><strong>Deum</strong></span> <span class='ocrx_word' id='word_1_862' title='bbox 2540 5513 2891 5570; x_wconf 88' lang='lat' dir='ltr'><strong>ostenderis:</strong></span> <span class='ocrx_word' id='word_1_863' title='bbox 2941 5512 3171 5569; x_wconf 83' lang='lat' dir='ltr'><strong>suilieiet</strong></span> <span class='ocrx_word' id='word_1_864' title='bbox 3200 5514 3346 5567; x_wconf 89' lang='lat' dir='ltr'><strong>enim</strong></span> <span class='ocrx_word' id='word_1_865' title='bbox 3394 5513 3543 5569; x_wconf 89' lang='lat' dir='ltr'><strong>istud</strong></span> 
     </span>
    </p>
   </div>
   <div class='ocr_carea' id='block_1_118' title="bbox 1975 5604 3540 5676">
    <p class='ocr_par' dir='ltr' id='par_1_118' title="bbox 1975 5604 3540 5676">
     <span class='ocr_line' id='line_1_118' title="bbox 1975 5604 3540 5676; baseline -0.003 -15"><span class='ocrx_word' id='word_1_866' title='bbox 1975 5609 2087 5664; x_wconf 90' lang='lat' dir='ltr'><strong>tuis</strong></span> <span class='ocrx_word' id='word_1_867' title='bbox 2118 5608 2429 5675; x_wconf 89' lang='lat' dir='ltr'><strong>discipulis,</strong></span> <span class='ocrx_word' id='word_1_868' title='bbox 2467 5615 2526 5662; x_wconf 92' lang='lat' dir='ltr'><strong>ut</strong></span> <span class='ocrx_word' id='word_1_869' title='bbox 2557 5620 2748 5663; x_wconf 88' lang='lat' dir='ltr'><strong>eorum</strong></span> <span class='ocrx_word' id='word_1_870' title='bbox 2799 5604 2894 5675; x_wconf 89' lang='lat' dir='ltr'><strong>qui</strong></span> <span class='ocrx_word' id='word_1_871' title='bbox 2939 5604 3055 5662; x_wconf 60' lang='lat' dir='ltr'><strong>haec</strong></span> <span class='ocrx_word' id='word_1_872' title='bbox 3091 5604 3379 5676; x_wconf 83' lang='lat' dir='ltr'><strong>proferunt</strong></span> <span class='ocrx_word' id='word_1_873' title='bbox 3423 5617 3540 5660; x_wconf 85' lang='lat' dir='ltr'><strong>ser-</strong></span> 
     </span>
    </p>
   </div>
   <div class='ocr_carea' id='block_1_119' title="bbox 1464 5786 2662 5852">
    <p class='ocr_par' dir='ltr' id='par_1_119' title="bbox 1464 5786 2662 5852">
     <span class='ocr_line' id='line_1_119' title="bbox 1464 5786 2662 5852; baseline -0.006 -7"><span class='ocrx_word' id='word_1_874' title='bbox 1464 5793 1505 5824; x_wconf 72' lang='grc'><strong>⁸³</strong></span> <span class='ocrx_word' id='word_1_875' title='bbox 1542 5790 1711 5847; x_wconf 83' lang='lat' dir='ltr'><strong>Exod.</strong></span> <span class='ocrx_word' id='word_1_876' title='bbox 1762 5805 1876 5845; x_wconf 72' lang='lat' dir='ltr'><strong>xxx.</strong></span> <span class='ocrx_word' id='word_1_877' title='bbox 1913 5790 2001 5844; x_wconf 83' lang='lat' dir='ltr'><strong>l7.</strong></span> <span class='ocrx_word' id='word_1_878' title='bbox 2080 5788 2123 5819; x_wconf 71' lang='lat'><strong>9°</strong></span> <span class='ocrx_word' id='word_1_879' title='bbox 2155 5786 2314 5840; x_wconf 83' lang='lat' dir='ltr'><strong>Joau.</strong></span> <span class='ocrx_word' id='word_1_880' title='bbox 2345 5801 2419 5849; x_wconf 83' lang='lat' dir='ltr'><strong>Ix,</strong></span> <span class='ocrx_word' id='word_1_881' title='bbox 2447 5786 2540 5852; x_wconf 71' lang='lat'><strong>28,</strong></span> <span class='ocrx_word' id='word_1_882' title='bbox 2570 5786 2662 5840; x_wconf 72' lang='lat'><strong>29.</strong></span> 
     </span>
    </p>
   </div>
   <div class='ocr_carea' id='block_1_120' title="bbox 3032 5873 3066 5936">
    <p class='ocr_par' dir='ltr' id='par_1_120' title="bbox 3032 5873 3066 5936">
     <span class='ocr_line' id='line_1_120' title="bbox 3032 5873 3066 5936; baseline 0 0"><span class='ocrx_word' id='word_1_883' title='bbox 3032 5873 3066 5936; x_wconf 81' lang='grc'>7</span> 
     </span>
    </p>
   </div>
  </div>
