4076 6270
481 407 592 467 203

1448 400 1505 454 S.
1537 397 1813 469 ϐγιιιηιιιι
1854 396 2331 463 ALEXANDRINI-
2364 394 2687 452 ARCHIEP.

3655 396 3761 455 τοι

482 544 681 597 mones
708 526 1008 591 retundere
1042 521 1280 597 possint.
1328 519 1644 591 ιβιῐυειηοάί
1688 533 1914 581 sensum
1960 519 2067 583 ιρςί

2173 518 2407 589 Χριστὸς
2435 518 2549 587 τοῖς
2576 519 2654 580 εἰς
2681 515 2844 571 αὑτὸν
2871 515 3186 570 πιστεύουσι
3212 514 3303 572 τὸν
3325 515 3571 592 Πατέρα,
3596 518 3764 589 πρόσ-

483 625 650 696 hujus
678 618 995 685 aﬂ‘erentes,’
1019 632 1048 679 a
1079 626 1237 683 recta
1284 616 1501 679 ratione
1533 612 1859 684 neutiquam
1908 611 2065 675 deer-

432 766 439 781 ,
484 718 749 776 rabimus.
781 713 851 773 Ut
881 712 1026 775 enim
1061 710 1171 771 hoc
1200 709 1362 775 modo
1395 708 1797 778 intelligamus,
1812 706 1933 775 ipse
1964 719 2067 763 nos

485 809 769 879 Philippus
797 804 993 876 adigit,
1024 802 1257 863 dicens:
1288 800 1498 863 Sufﬁcit
1543 798 1713 864 nobis
1744 797 1934 861 videre
1963 795 2065 850 Pa-

437 895 445 903 ’
483 910 625 959 trem
654 907 708 956 et
735 896 929 962 Deum,
963 895 1134 967 quasi.
1155 896 1258 953 hoc
1279 893 1458 951 solum
1503 890 1859 951 credentibus
1884 887 2066 955 desit;

435 973 450 1061 ξ
483 989 602 1058 ipse
628 1000 850 1056 quoque
872 982 1130 1046 ChrislIts
1158 979 1562 1053 quodammodo
1593 979 1911 1049 Ρθτευθάθίο
1935 991 2061 1042 cum

485 1081 549 1139 in,
571 1078 943 1149 sequentibus.
964 1077 1079 1139 ait:
1119 1094 1146 1137 ι,
1179 1074 1510 1146 \lerbaqute
1529 1089 1641 1146 ego.
1662 1074 1861 1144 loquor
1884 1071 2061 1137 vobis,

483 1187 514 1225 a
542 1172 756 1235 meipso
787 1184 901 1225 non
929 1169 1157 1240 loquon:
1191 1166 1354 1231 Pater
1379 1175 1563 1227 autem
1598 1166 1663 1225 in
1687 1181 1772 1227 me
1812 1178 2064 1229 manens,

484 1263 606 1333 ipse
644 1259 779 1322 iacit
810 1274 982 1331 opera
1000 1259 1070 1315 '.‘.
1112 1277 1143 1317 ι,
1166 1255 1327 1325 Quod
1350 1255 1629 1328 quomodo
1654 1254 1727 1317 sit
1756 1252 2066 1324 intelligen-

2170 627 2281 665 εισι
2307 609 2482 677 λέγων
2508 625 2522 640 ο
2566 627 2583 659 ι
2612 608 2786 680 Κύριε
2805 645 2821 672 ,
2860 606 3034 677 δεῖξον
3060 610 3191 679 ημῖν
3228 609 3321 664 τὸν
3357 608 3585 681 Πατέρα
3604 648 3621 676 ,
3670 612 3761 671 καὶ

2170 704 2332 773 ἀρκεῖ
2360 705 2509 772 ἡμῖν.
2541 722 2559 753 ι
2623 702 2823 755 Ἐννόει
2863 700 2975 770 γὰρ
3013 701 3273 771 λέγοντα·
3315 703 3533 764 Πάντα,
3570 702 3757 772 φησὶν,

2168 789 2502 867 ὧᾉέσποτσν
2529 795 2609 858 εἰς
2634 794 2816 847 πίστιν
2842 793 3117 862 ἐπαγωγὰ
3146 794 3355 866 διὰ,τῆς
3512 793 3763 859 ἐξουσίας

2166 887 2402 953 τελεῖται
2424 927 2438 950 ,
2467 886 2563 951 διὰ,
2597 887 2810 959 μυρίων
2842 886 3142 958 θαυμάτων
3183 886 3560 957 δυσωπήάειεν
3584 889 3649 943 ἄν
3676 905 3765 950 τις

2173 979 2271 1051 τῆς
2298 979 2406 1033 τῶν
2446 978 2715 1047 Ἰουδαίων
2760 979 3141 1049 γλωσσαλγίας
3190 980 3252 1033 τὸ
3298 981 3558 1051 ἀκρατὲς.
3609 981 3764 1033 Ἐπι-

2171 1073 2329 1145 λείψῃ
2358 1073 2401 1126 δ’
2440 1073 2505 1126 ἃν
2538 1074 2672 1144 ἡμῖν
2701 1074 2781 1135 είς
2813 1072 2876 1125 τὸ
2906 1073 3170 1149 παράπαν
3196 1071 3377 1134 οὐδὲν,
3407 1073 3456 1125 εί
3483 1072 3578 1126 καὶ
3602 1070 3765 1134 αὐτὸς

2171 1166 2204 1233 ἡ
2215 1167 2307 1236 μίν
2337 1164 2626 1230 ἐπιδείξεις
2664 1165 2756 1218 τὸν
2794 1163 3019 1235 Πατέρα
3049 1164 3145 1220 καὶ
3180 1164 3314 1219 Θεόν
3338 1182 3353 1196 ο
3400 1164 3627 1235 ἀρκέσει
3655 1162 3767 1234 γὰρ

2173 1256 2331 1310 τοῦτο
2355 1258 2468 1320 τοῖς
2495 1258 2608 1320 σοῖς
2632 1257 2903 1328 μαθηταῖς
2919 1298 2934 1325 ,
2957 1259 3035 1320 εἱς
3057 1257 3118 1311 τὸ
3138 1256 3399 1312 δύνασθαι
3429 1256 3647 1329 λοιπὸν,
3671 1255 3771 1309 καὶ

483 1353 634 1417 dum.
663 1366 775 1407 non
806 1350 1330 1422 imprmsentjarum,
1372 1347 1470 1411 sed
1512 1345 1691 1418 magis
1750 1344 1947 1413 idoneo
2011 1350 2068 1399 et

2177 1347 2325 1418 μάλα
2352 1346 2686 1414 καλῶς,,τοῖς
2717 1348 2825 1407 τῶν
2855 1351 3040 1404 ἐκεῖνα
3079 1346 3475 1419 προτεινόντων
3502 1344 3767 1401 καθοπλί-

485 1444 744 1514 proximo.
761 1442 978 1501 dicetur
1001 1443 1143 1501 loco.

2176 1436 2595 1507 ζεσθαιλόγοις.
2645 1438 2917 1511 Ἥοιαὺτην
2967 1440 3092 1493 τινὰ
3123 1438 3358 1511 θεωρίαν
3398 1440 3513 1502 τοῖς
3543 1453 3768 1510 προκει-

485 1533 668 1603 μένοις
721 1532 1072 1601 ἐποίσαντες,
1116 1530 1218 1591 οὑκ
1246 1529 1347 1595 ἂν,
1401 1526 1589 1600 οἶμαι,
1656 1527 1767 1585 τοῦ,
1806 1526 2109 1599 πρέποντος
2169 1527 2332 1598 λόγου
2375 1529 2876 1602 διαμαρτήσαιμεν.
2942 1531 3116 1591 Καλεῖ
3161 1531 3270 1605 γὰρ
3315 1531 3465 1603 ἡμᾶς
3519 1530 3658 1602 πρὸς
3701 1530 3781 1584 τὸ.

481 1624 625 1687 οὕτω
651 1628 793 1681 νοεῖν
842 1626 943 1679 καὶ
986 1624 1151 1688 αὐτὸς
1197 1625 1228 1677 ὁ
1276 1622 1583 1687 Φίλιππος,
1623 1621 1798 1690 λέγων
1818 1637 1831 1651 ·
1906 1621 2090 1691 Ἀρκεῖ
2126 1622 2264 1693 ἡμῖν
2307 1622 2370 1676 τὸ
2419 1623 2545 1678 ίδεῖν
2580 1624 2672 1678 τὸν
2698 1625 2920 1696 Πατέρα
2946 1625 3042 1680 καὶ
3101 1624 3235 1679 Θεὸν
3256 1663 3274 1690 ,
3320 1625 3523 1679 ὡσανεὶ
3575 1622 3779 1677 τούτου.

483 1717 581 1770 καὶ
615 1717 777 1787 μόνου
824 1718 939 1779 τοῖς
969 1713 1396 1781 πεπιστευκόσιν
1440 1712 1843 1778 ἐλλελοιπότος,
1871 1711 2119 1767 ὑποτιθεί
2154 1713 2211 1768 δέ
2251 1732 2369 1780 πως
2389 1755 2404 1780 ,
2456 1716 2551 1771 καὶ
2577 1716 2741 1787 αὑτός
2772 1719 2813 1771 ὁ.
2831 1717 3059 1789 Σωτὴρ,
3089 1719 3290 1782 ἐντοῖς
3329 1717 3527 1788 ἐφεξῆς
3562 1714 3765 1769 εἰπών’

490 1827 511 1859 t
534 1806 623 1867 'l‘:&
657 1807 903 1878 ῥήματα,
941 1806 986 1861 ἃ.
1012 1804 1124 1874 ἐγὼ
1157 1805 1302 1874 λέγω
1352 1805 1502 1875 ὑμῖν,
1545 1805 1639 1859 ἀπ’
1670 1803 1909 1875 ἐμαυτοῦ
1934 1804 1995 1858 οὐ
2037 1804 2204 1875 λαλῶ,
2241 1808 2270 1860 ό
2299 1806 2356 1862 δὲ
2387 1808 2580 1880 Πατὴρ
2610 1810 2667 1862 ἐν
2703 1809 2830 1880 ἐμοὶ
2859 1809 3038 1879 μένων
3058 1850 3072 1874 ,
3100 1809 3341 1864 ποιεῖτά
3363 1809 3508 1881 ἔργα,
3527 1809 3709 1871 αὐτός.
3738 1823 3778 1858 ι.
3838 1802 3846 1817 ³

484 1898 561 1952 Τὸ
592 1899 661 1952 δὲ.
692 1897 841 1967 ὅπως
876 1897 1143 1970 προσήκει
1194 1896 1290 1952 καὶ
1331 1894 1490 1949 τοῦτο
1544 1899 1717 1962 νοεῖν,
1746 1895 1846 1948 οὑκ
1886 1896 1944 1948 ἐν
1987 1893 2067 1966 τῷ
2096 1897 2329 1967 παρόντι
2360 1897 2596 1970 μᾶλλον,
2647 1899 2762 1969 ἀλλ’
2792 1886 2851 1954 ἐν
2887 1898 2967 1970 τῷ
3024 1899 3463 1972 πρεπωδεστέρῳ
3507 1899 3605 1954 καὶ
3645 1899 3765 1968 γεί-

483 2009 597 2047 τονι
628 1989 902 2057 λελέξεται
928 1990 1100 2060 τόπῳ.

555 2083 698 2148 XLV,
727 2083 781 2139 9.
830 2081 977 2138 Dicit
1016 2080 1251 2137 ei'Jesus
1275 2097 1293 2134 :
1330 2079 1502 2135 Tanto
1539 2088 1767 2148 tempore
1806 2077 2068 2134 vobiscum

2246 2076 2418 2147 Λέγει
2464 2077 2626 2144 αὐτῷ
2669 2082 2702 2132 ό
2755 2079 2987 2147 Ἰησοῦς
3006 2094 3020 2110 ·
3088 2079 3364 2145 Τοσούτῳ
3397 2080 3596 2148 χρόνῳ
3636 2079 3768 2152 μεθ’

484 2195 627 2243 sum,
655 2186 839 2232 etnon
868 2174 1161 2246 cognovisti
1190 2189 1293 2240 me,
1334 2170 1624 2242 Philippe?
1654 2170 1759 2238 Qui
1790 2167 1928 2225 videt
1964 2184 2069 2233 me,

484 2271 622 2327 videt
650 2279 700 2325 et
728 2268 974 2323 Patrem.
1306 2268 1309 2269 ⁷

557 2362 1012 2420 Ιηθκοιιείιὶδὶιεηι.
1034 2373 1160 2414 esse
1195 2357 1473 2430 discipulo
1499 2356 2072 2428 ignorantiamosten-

485 2457 589 2513 dit.
617 2453 962 2509 Difﬁcillime
988 2451 1147 2504 enim.
1169 2449 1687 2520 contemplationes.
1705 2455 1765 2501 et.
1789 2445 2070 2516 quaesub-

487 2546 801 2603 tilissimam
864 2541 1072 2611 ingenii
1128 2540 1301 2593 aciem
1354 2546 1419 2592 ut
1462 2538 1842 2607 percipiantur
1889 2537 2071 2606 requi-

488 2646 638 2701 runt,
667 2634 888 2692 tametsi
928 2630 1072 2686 haud
1105 2630 1308 2700 exiguo
1362 2629 1553 2684 forsan
1586 2636 1852 2699 tempore,
1910 2628 2072 2697 longo

488 2742 668 2787 tamen
697 2726 878 2798 spatio
917 2720 1317 2794 comprehendi
1362 2727 1593 2791 queunt,
1651 2721 1697 2774 si
1733 2719 1907 2773 modo.
1952 2725 2072 2773 stu-

487 2821 638 2876 dium
667 2815 820 2872 adsit
848 2833 860 2869 :
895 2814 951 2869 in
987 2814 1197 2883 quibus
1224 2826 1358 2866 vero
1392 2810 1531 2865 nihil
1560 2816 1648 2865 cst
1680 2808 1945 2879 ambigui,
1975 2807 2071 2864 sed

486 2925 611 2981 qua
653 2915 803 2964 recta
833 2905 1154 2977 cognitione
1196 2910 1477 2969 constant,
1508 2902 1663 2957 nullo
1696 2901 1915 2972 negotio
1944 2915 2070 2971 per-

487 3001 790 3071 cipiuntur.
824 2995 968 3065 Quid
998 3011 1150 3067 ergo,
1205 2995 1407 3066 inquit,
1469 3011 1503 3049 ο
1532 2994 1803 3065 Philippe,
1835 2993 2069 3065 impedi-

487 3104 689 3162 mento.
729 3093 907 3150 fuerit
940 3093 1239 3164 quominus
1285 3090 1525 3163 perfecte
1570 3106 1656 3147 me
1702 3105 2069 3161 agnosceres,

485 3188 754 3257 edissere,
783 3200 991 3257 quaeso.
1047 3182 1199 3239 Licet
1222 3183 1390 3243 enim.
1420 3190 1528 3236 tam
1577 3182 1801 3252 longum
1853 3189 2081 3251 tempus-

484 3279 782 3346 emuxerit,
813 3291 927 3349 quo
957 3292 1079 3334 sum
1110 3276 1417 3342 vobiscum,
1475 3282 1531 3331 et
1562 3273 1630 3330 ad
1659 3282 1864 3329 certam
1908 3273 2068 3329 [idem

486 3372 737 3429 sullieiat-
776 3384 969 3427 eorum
997 3383 1120 3440 quae
1148 3375 1201 3423 te
1238 3365 1456 3424 discere
1485 3364 1796 3436 oportebat,
1847 3364 2074 3419 dubitas

485 3469 669 3518 tamen
732 3459 936 3525 adhuc,
980 3426 1092 3513 imo
1158 3468 1307 3512 vero.
1376 3456 1633 3527 ignorare
1717 3426 2145 3519 conuincerisG

483 3557 610 3627 quis
665 3570 768 3627 ego
823 3553 929 3609 sim
996 3551 1302 3609 secundum
1371 3558 1674 3615 naturam,
1754 3557 1810 3605 et
1880 3550 2066 3616 unde,

484 3647 743 3719 quamvis
764 3660 851 3701 me
881 3653 964 3699 tot
986 3644 1253 3699 miracula
1288 3642 1530 3698 edidisse
1557 3640 1891 3712 comperias.
1914 3640 2065 3708 Quo.

484 3738 650 3793 modo
679 3749 809 3790 vero
836 3749 946 3788 non
1003 3731 1300 3803 agnovisti,
1332 3732 1553 3802 inquit,
1597 3731 1745 3802 quod
1791 3731 1887 3801 qui
1931 3729 2069 3786 vidit

456 3814 459 3817 ’
486 3826 741 3891 me,vidit
766 3832 822 3879 et
849 3823 1105 3878 Patrem?
1126 3823 1423 3879 Enimvero
1452 3823 1672 3893 priscos
1695 3823 1820 3877 illos
1849 3821 2069 3877 Judaeos

484 3914 655 3987 777-
680 3921 933 3968 naturam
970 3912 1210 3967 divinam
1245 3912 1302 3966 in
1330 3919 1520 3967 monte
1546 3912 1679 3966 Sina
1713 3912 2069 3983 perspexisse

485 3993 671 4079 putus,
707 4006 943 4076 ejusque
992 4018 1181 4059 vocem
1238 4003 1461 4060 audisse
1510 4018 1636 4059 cum
1679 4018 1863 4059 rerum
1898 3994 2069 4075 agen-

486 4100 684 4152 darum
739 4096 886 4167 leges
932 4100 1185 4166 poneret.
1228 4091 1312 4149 Tu
1340 4108 1473 4150 vero
1509 4093 1756 4148 nondum
1808 4094 1905 4149 tibi
1946 4110 2071 4165 per-

489 4187 719 4245 suasisti
747 4186 965 4243 Patrem
1006 4193 1061 4242 te
1086 4185 1297 4243 vidisse
1325 4200 1425 4257 per
1451 4200 1538 4241 me
1573 4193 1629 4241 et
1662 4185 1715 4239 in
1749 4201 1856 4241 me.
1903 4205 1923 4239 ι
1963 4186 2069 4254 Qui

487 4280 635 4336 enim
678 4278 817 4334 vidit
865 4293 973 4346 me,
1023 4284 1078 4334 et
1128 4275 1272 4333 vidit
1323 4275 1561 4331 Patrem.
1605 4294 1623 4327 ι
1662 4275 1786 4330 Jam
1830 4291 1965 4333 vero
2008 4285 2069 4332 ut

488 4367 819 4428 ostendatur
862 4370 1071 4425 nullam
1123 4368 1287 4424 nobis
1322 4382 1353 4422 a
1385 4366 1608 4423 Christo
1633 4367 1901 4423 visionem
1945 4382 2070 4423 cor-

486 4478 710 4538 poream
747 4462 1075 4536 signiﬁcari,
1116 4462 1279 4533 longa
1312 4460 1571 4517 oratione
1622 4474 1732 4515 non
1780 4467 1868 4517 est
1904 4475 2062 4531 opus.

487 4558 662 4616 Nemo
701 4558 847 4637 enim
884 4570 1067 4613 sonus
1101 4553 1303 4611 dixerit
1348 4553 1446 4610 Dei
1496 4559 1751 4608 naturam
1797 4567 2066 4624 corporeo

487 4652 608 4708 visu
664 4648 902 4721 percipi,
950 4647 1047 4705 sed
1102 4661 1284 4719 neque
1336 4644 1522 4720 carnis
1577 4645 1757 4702 oculis
1819 4660 2067 4717 compre-

2173 2168 2343 2237 ὑμῶν
2368 2171 2523 2239 ειμι,
2568 2169 2669 2229 καί
2711 2171 2825 2229 οὐκ
2868 2168 3137 2239 ἔγνωκάς
3182 2187 3259 2240 με
3277 2212 3305 2239 ,⁸
3346 2171 3607 2227 Φίλιππε
3628 2189 3648 2237 ;
3709 2172 3783 2231 Ὀ-

2171 2260 2444 2330 ὲωρακὼς
2466 2261 2596 2332 ἐμὲ,
2626 2261 2854 2331 ἑώρακε
2886 2263 2999 2317 τὸν
3022 2263 3275 2332 Πατέρα.

2255 2354 2688 2426 ’Δπροφάσιστον
2704 2353 2782 2426 τῷ
2801 2354 3015 2427 μαθητῇ
3036 2356 3136 2424 τὴν
3152 2356 3392 2427 ἀμαθίαν
3409 2358 3760 2415 ἐπιδεικνυει.

2172 2444 2263 2501 Τὰη
2284 2446 2380 2516 μὲν
2396 2445 2505 2518 γὰρ
2529 2446 3084 2519 δυσεφικτότερατῷν
3111 2446 3486 2520 θεωρημάτων
3509 2451 3601 2504 καὶ
3625 2452 3764 2523 πρὸς

2171 2536 2477 2607 κατάληψιν
2501 2537 2599 2610 τὴν
2622 2530 2686 2591 ἐν
2715 2541 2999 2609 νοήσει,φη
3009 2540 3090 2609 μὶ,
3117 2538 3445 2612 λεπτοτέραν
3473 2544 3532 2594 ἐν
3551 2543 3763 2606 ἑαυτοῖς

2170 2624 2511 2689 ἐξαιτοῦνται
2532 2625 2655 2698 [γρ.
2681 2627 3035 2702 ἐξαιτοῦντα]
3060 2630 3160 2700 τὴν
3192 2629 3455 2699 βάσανον,
3487 2635 3536 2685 επὶ
3560 2636 3656 2688 καὶ
3684 2634 3765 2706 μὴ

2171 2717 2237 2775 ἐν,
2255 2716 2422 2789 ὀλίγῳ
2452 2717 2632 2789 χρόνῳ
2675 2720 2867 2789 τυχὸν,
2925 2719 3040 2773 ἀλλ’
3077 2716 3170 2777 οῦν
3213 2721 3271 2775 ἐν
3313 2725 3554 2793 μακραῖς
3581 2741 3763 2796 παραο

2169 2806 2362 2861 τάσεσι
2407 2807 2517 2861 τῶν
2547 2802 2758 2880 καιρῶν
2802 2809 2957 2865 ἔσται
2994 2810 3059 2883 δὴ
3104 2812 3324 2877 πάντως
3364 2814 3627 2886 ἁλώσιμα
3650 2819 3764 2880 τοῖς

2172 2898 2498 2969 φιλομαθέσι
2519 2938 2535 2963 ,
2584 2901 2680 2954 καὶ
2719 2905 3008 2974 καταφανῆ
3048 2905 3344 2975 γενήσεται.
3370 2922 3385 2937 -
3432 2901 3513 2971 οἷς
3550 2907 3609 2961 δέ
3659 2909 3761 2962 οὐκ

2170 2994 2348 3048 ἔνεστι
2368 2995 2783 3067 τὸπερισκελὲς
2802 3037 2817 3062 ,
2867 2997 2980 3052 ἀλλ’
3012 2998 3229 3053 εὐθεῖαν
3256 3000 3368 3072 ἔχει
3399 3002 3496 3072 τὴν
3528 3002 3753 3074 εἴδησιν,

2170 3085 2381 3148 τούτοις
2412 3084 2478 3139 ἄν
2498 3104 2581 3149 τις
2604 3088 2925 3158 προσϐάλοι,
2941 3090 3035 3143 καὶ
3066 3090 3183 3144 Λίαν
3208 3092 3439 3147 ἀκονιτί.
3469 3090 3536 3144 Ἠ
3555 3093 3755 3154 τοίνυν,

2171 3171 2357 3243 φησὶν,
2391 3165 2712 3239 (Emme,
2750 3176 2886 3247 πρὸς
2911 3178 3008 3249 τὴν
3035 3179 3126 3231 ὑπ’
3158 3180 3282 3248 ἐμοὶ
3310 3180 3526 3234 σύνεσιν
3556 3180 3769 3253 ἀκριϐῆΔ

2169 3262 2664 3334 τὸίπαραποδίσαν,
2690 3265 2830 3319 εἰπέ.
2881 3266 3073 3320 Καίτοι
3101 3267 3210 3339 γὰρ
3243 3267 3386 3322 οὕτω
3426 3271 3645 3342 μακροῦ
3675 3273 3759 3325 δι-

2171 3353 2466 3418 ελάσαντος
2492 3356 2687 3426 χρόνου
2710 3386 2730 3421 φ
2753 3356 3117 3428 καθ’ὃνείμὶο
3144 3361 3262 3430 μεθ’
3293 3362 3479 3432 ὑμῶν,
3540 3364 3633 3417 καὶ
3662 3365 3760 3435 ἀρα-

2173 3446 2401 3510 κοῦντος
2434 3451 2514 3512 είς
2545 3448 2949 3521 πληροφορίαν,
2975 3444 3049 3505 ὧν
3075 3451 3180 3506 ἔδει
3214 3471 3274 3507 σε
3306 3456 3527 3525 μαθεῖν,
3556 3457 3760 3513 ἐνδοιά-

2171 3538 2286 3603 ζεις
2301 3536 2404 3605 ἔτι,
2437 3538 2717 3610 μᾶλλον-δὲ
2744 3540 2890 3612 ἥλως
2914 3543 3222 3615 ὴγνοηκὼς,
3250 3544 3331 3610 τίς
3353 3547 3452 3617 μὲν
3477 3546 3588 3617 ἐγὼ
3618 3549 3758 3603 κατὰ

2170 3630 2332 3700 φύσιν
2360 3633 2498 3703 είμὶ,
2524 3634 2627 3687 καὶ
2650 3634 2834 3694 πόθεν.
2870 3636 3046 3690 καίτοι
3073 3638 3183 3692 τῶν
3222 3640 3303 3693 ὅτι
3339 3641 3574 3712 μάλιστα
3599 3642 3759 3715 παρὰ

2172 3726 2254 3778 σοὶ
2293 3724 2743 3799 θαυμαζομένων,
2766 3729 3036 3800 εὑρίσκων
3063 3729 3191 3785 ὅντα
3229 3732 3582 3803 δημιουργόν.
3635 3735 3758 3797 Πῶς

2170 3816 2229 3870 δὲ
2257 3818 2359 3872 οὑκ
2388 3818 2592 3888 ἔγνως,
2619 3822 2816 3890 φησὶν,
2841 3821 2923 3874 ὅτι
2954 3821 2984 3872 ό
3015 3821 3299 3895 θεωρήσας
3337 3826 3468 3896 ἐμὲ,
3504 3826 3758 3881 τεθέαται

2169 3909 2262 3962 τὸν
2294 3911 2560 3982 Πατέρας
2595 3912 2710 3965 ἀλλ’
2751 3912 3041 3977 Ἰουδαίους
3075 3915 3172 3985 μὲν
3202 3915 3302 3968 οίει
3328 3917 3453 3980 τοὺς
3469 3917 3636 3971 πάλαι
3661 3919 3760 3989 τὴν

2171 3998 2321 4053 θείαν
2345 4002 2402 4054 ἐν
2428 4001 2507 4071 τῷ
2534 4001 2652 4073 ὄρει
2681 4003 2814 4074 Σινᾷ
2840 4003 3130 4058 τεθεᾶσθαι
3157 4003 3339 4075 φύσιν.
3372 4008 3667 4079 ἀκηκοέναι
3698 4026 3759 4062 τε

2169 4089 2437 4163 λαλούσης
2471 4092 2678 4163 αὑτῆς,
2723 4094 2812 4146 ὅτε
2856 4096 2982 4158 τοὺς
3017 4096 3110 4150 ἐπὶ
3134 4099 3246 4160 τοῖς
3270 4099 3565 4168 πρακτέοις
3591 4099 3760 4153 ἐτίθει

2169 4180 2388 4251 νόμους.
2416 4183 2488 4237 Σὺ
2522 4183 2580 4237 δὲ
2605 4182 2758 4238 οὔπω
2791 4185 3038 4256 διετέθης
3056 4229 3069 4251 ,
3099 4188 3180 4242 ὃτι
3206 4188 3296 4242 τὸν
3320 4190 3541 4261 Πατέρα
3567 4189 3759 4245 τεθέα-

2171 4290 2280 4335 σαι,
2321 4272 2389 4326 δι’
2424 4275 2559 4345 ἐμοῦ
2590 4294 2649 4330 τε
2680 4278 2773 4331 καὶ
2802 4280 2861 4331 ἐν
2884 4279 3025 4350 ἐμοί.
3070 4300 3089 4333 t
3129 4281 3185 4333 Ὀ
3212 4281 3321 4351 γὰρ
3349 4281 3610 4353 ἑωρακὼς
3631 4285 3755 4354 ἐμὲ,

2170 4363 2384 4436 ἑώρακε
2438 4367 2529 4421 τὸν
2573 4368 2813 4439 Πατέρα.
2847 4388 2865 4421 ι
2922 4370 3034 4423 Kal
3070 4370 3152 4424 ὅτι
3200 4370 3299 4441 μὲν
3333 4371 3395 4424 οὐ
3431 4374 3755 4444 σωματικήν

2168 4477 2290 4514 τινα
2322 4460 2555 4533 θεωρίαν
2594 4463 2726 4533 ἡμῖν
2749 4463 3415 4534 κατασημαίνειΧριστδς,
3440 4464 3500 4517 οὑ
3527 4464 3755 4535 μακρῶν

2167 4546 2324 4622 οἶμαι
2370 4551 2650 4624 δεδεῆσθαι
2686 4551 2859 4620 λόγων
2898 4554 3026 4617 τοὺς
3066 4553 3471 4625 ἀκροωμένους.
3526 4555 3600 4606 Οὐ
3643 4553 3756 4627 7&9

2168 4645 2233 4699 ἄν
2264 4662 2351 4709 τις
2379 4645 2523 4699 εἴποι
2554 4644 2664 4699 τῶν
2694 4644 2820 4700 νοῦν
2840 4647 3078 4717 ἐχόντων
3098 4689 3113 4712 ,
3148 4646 3249 4719 τὴν
3289 4646 3383 4701 τοῦ
3419 4646 3554 4700 Θεοῦ
3584 4646 3751 4717 φύσιν

485 4739 673 4804 bendi,
711 4737 860 4810 quod
910 4746 1170 4807 tanquam
1225 4734 1284 4789 in
1335 4734 1568 4805 speculo
1598 4750 1663 4789 ac
1714 4751 1783 4792 ne
1836 4735 2062 4808 quidem

2171 4737 2428 4809 θεωρίαις
2454 4737 2776 4794 ὑποκεῖσθαι
2809 4743 3146 4810 σωματικαῖς
3167 4780 3181 4804 ,
3216 4740 3332 4794 ἀλλ’
3354 4740 3477 4794 οὑδὲ
3506 4743 3617 4805 τοῖς
3641 4726 3745 4811 τῆς

483 4829 784 4900 percipitur
813 4847 829 4883 :
862 4826 1112 4882 videmus
1144 4824 1290 4885 enim
1326 4831 1588 4895 tanquam
1636 4827 1693 4881 in
1748 4829 1973 4897 speculo
2009 4836 2063 4884 et

2173 4828 2375 4900 σαρκὸς
2407 4829 2708 4900 ὀφθαλμοῖς
2736 4830 2944 4884 κατίδοι
2977 4848 3063 4894 τις
3091 4830 3157 4885 ἂν
3180 4832 3253 4901 ίτὸ
3278 4831 3355 4896 ὡς
3384 4832 3479 4886 καλ¹
3509 4832 3661 4902 μόλις
3692 4835 3755 4886 ἐν

481 4922 538 4976 in
573 4921 865 4995 aenigmate
888 4919 972 4987 “;
993 4924 1048 4972 et
1084 4916 1275 4987 jejune
1306 4915 1599 4971 admodum
1636 4932 1830 4989 sapere
1854 4920 1921 4976 de
1950 4918 2064 4977 Deo

2169 4921 2420 4992 ἐσόπτρῳ
2463 4921 2837 4993 καταληπτόν·
2878 4921 3149 4993 βλέτ-ιμεν
3195 4923 3337 4995 7&9,
3369 4923 3445 4988 ὼς
3473 4925 3532 4977 ἐν
3577 4924 3755 4993 αίνίγ-

484 5014 727 5070 arbitror
768 5028 893 5069 eum
948 5011 1042 5089 qui
1076 5010 1164 5065 vel
1218 5024 1473 5082 magnam
1525 5010 1631 5064 sibi
1685 5012 2058 5082 cognitionem

2172 5030 2303 5085 ματι
2328 5029 2342 5044 ’
2373 5014 2470 5067 καὶ
2515 5012 2688 5085 μικρὰ
2732 5015 2948 5084 φρονεῖν
2977 5010 3131 5085 οἶμαι
3178 5016 3307 5087 περ).
3348 5014 3484 5070 Θεοῦ
3534 5016 3752 5072 καὶτὸν

484 5106 633 5163 illius
666 5104 935 5160 venditett
963 5102 1105 5157 illud
1155 5110 1340 5157 tamen
1368 5102 1624 5158 veritatis
1674 5102 1931 5160 hostibus
1965 5105 2060 5176 qui

2169 5106 2288 5159 λίαν
2317 5105 2529 5176 μεγάλῃ
2554 5104 2911 5176 ἐπαυχοῦνταν
2935 5105 3155 5175 γνώσει.
3186 5107 3332 5179 Πλὴν
3358 5107 3535 5162 ἐκεῖνο
3558 5110 3620 5182 δὴ
3652 5110 3752 5163 πά·

483 5197 728 5269 linguam
781 5208 936 5250 suam
984 5194 1059 5248 in,
1086 5208 1212 5258 nos,
1254 5193 1371 5248 imo
1395 5209 1527 5249 vero
1574 5192 1841 5252 adversus
1882 5194 2058 5266 ipsam

485 5285 769 5358 Uuigeniti
824 5285 1192 5343 substantiam
1249 5293 1475 5351 acuunt,
1506 5300 1708 5341 rursus
1757 5282 1959 5342 dicam.
2001 5286 2059 5343 Si

482 5394 593 5433 non
619 5384 704 5432 est
725 5392 793 5433 ex
822 5376 941 5448 ipsa
975 5376 1070 5433 Dei
1099 5392 1165 5432 ac
1196 5375 1377 5432 Patris
1410 5376 1721 5433 substantia
1752 5376 2063 5453 Filius.p_er

483 5467 888 5542 generationem
917 5471 1193 5526 exsistens
1217 5468 1270 5524 id
1293 5468 1442 5540 quod
1471 5477 1578 5534 est,
1607 5468 1749 5526 Deus
1774 5456 2058 5535 nimirum,

482 5570 538 5618 et
581 5561 886 5617 secundum
921 5568 1175 5616 naturam
1219 5576 1284 5617 ac
1338 5576 1488 5627 vere,
1519 5562 1617 5617 sed
1666 5570 1893 5619 externa
1931 5571 2056 5633 tan-

484 5652 766 5711 tummodo
825 5652 1013 5722 specie
1060 5667 1384 5715 coruscans,
1427 5660 1482 5708 et
1512 5652 1812 5709 adventitia
1852 5655 2054 5727 gloria,

555 5833 598 5868 "
622 5828 794 5888 Joau.
830 5846 945 5897 xw,
977 5830 1063 5886 t0.
1139 5832 1184 5864 "
1216 5829 1238 5886 ι
1276 5832 1406 5889 Cor.
1443 5846 1576 5896 xm,
1616 5831 1707 5886 12.
1796 5894 1801 5899 ί

2167 5193 2250 5248 λιν
2279 5197 2392 5259 τοῖς
2419 5196 2517 5263 τῆς
2554 5194 2810 5266 ἀληθείας
2850 5194 3083 5266 ἐροῦμεν
3112 5196 3324 5268 ἐχθροῖς
3344 5238 3358 5262 ,
3406 5199 3456 5252 οἳ
3488 5199 3751 5254 πλατεῖαν

2164 5285 2348 5357 ἔχουσι
2371 5285 2493 5340 καθ’
2528 5284 2686 5356 ἡμῶν
2721 5284 2819 5356 τὴν
2851 5284 3096 5353 γλῶτταν
3116 5328 3130 5353 ,
3183 5289 3382 5359 μᾶλλον
3411 5290 3467 5342 δὲ
3499 5290 3620 5343 κατ’
3649 5292 3749 5343 αὑ-

2161 5379 2264 5449 τῆς
2290 5378 2389 5448 τῆς
2412 5378 2597 5441 οὐσίας
2624 5377 2719 5431 τοῦ
2747 5379 3105 5448 Μονογενοῦς.
3160 5379 3222 5432 Ei
3251 5380 3360 5453 7&9
3393 5381 3468 5453 μὴ
3491 5383 3548 5449 ἐξ
3577 5382 3749 5453 αὐτῆς

2162 5472 2263 5542 τῆς
2299 5471 2486 5535 οὐσίας
2515 5470 2610 5524 τοῦ
2640 5470 2776 5524 Θεοῦ
2807 5473 2903 5525 καὶ
2927 5472 3141 5543 Πατρός
3179 5474 3326 5526 ἐστιν
3364 5477 3392 5527 ό
3418 5474 3576 5539 Υἱὸς,
3620 5490 3747 5544 τεν-ι

2165 5563 2343 5636 νητῶς
2374 5565 2634 5636 ὑπάρχων
2664 5563 2812 5618 τοῦθ’
2840 5566 2978 5636 ὅπερ
3003 5566 3149 5630 ἐστὶ,
3182 5565 3313 5629 Θεὸς
3349 5566 3614 5637 δηλονότι,
3641 5568 3739 5623 καὶ

2174 5657 2315 5711 κατὰ
2362 5656 2553 5726 φύσιν,
2604 5657 2697 5711 καὶ
2745 5656 2990 5725 ἀληθῶς,
3054 5656 3233 5728 μόνοις
3275 5657 3330 5711 δὲ
3384 5663 3492 5723 τοῖς
3541 5659 3747 5723 ἔξωθεν
