4076 6270
419 381 526 442 ωδ

1448 389 1515 445 IN
1544 386 1832 449 )OKNNIS
1871 382 2323 449 EVANGELIUM
2366 392 2495 450 LIB.
2524 391 2614 448 IX'.

3583 394 3696 464 εῠσ

424 506 825 578 ἀγλαῖζόμενος
856 509 1123 579 σχήμασι,
1162 509 1258 563 καὶ
1284 511 1405 576 ταῖς
1431 515 1779 582 ἐπεισάκτοις
1802 517 2001 589 λελαμ-

2108 524 2216 569 n0n
2250 525 2429 570 autem
2464 517 2816 576 naturalibus
2869 519 3289 594 dignationibus
3332 527 3688 600 conspicuus,

422 598 733 670 πρυσμένος
759 598 1063 667 εὐκλείαις,
1098 602 1159 655 ού
1201 605 1452 671 φυσικοῖς
1498 605 1816 678 διαπρέπων
1844 608 2006 676 άξιώ-

425 705 617 762 μασιν,
651 690 709 743 ἐν
751 690 930 761 ἑαυτῷ
955 690 1013 744 δὲ
1049 696 1251 762 μορφοί
1280 695 1371 747 τὸν
1403 686 1627 769 Πατέρα
1649 737 1663 761 ,
1715 700 1812 753 καὶ
1840 699 2007 754 εἰκών

419 783 566 835 ἐστιν
598 770 1015 854 ἀπαράλλακτος
1043 784 1137 838 τοῦ
1190 784 1327 840 Θεοῦ
1347 827 1362 850 ,
1394 788 1615 859 πρῶτον
1657 792 1757 860 μὲν
1792 792 1896 846 οὐκ
1938 790 2005 846 ἂν

418 874 505 943 εἴη
531 873 678 927 κατά
710 873 874 943 φύσιν
907 873 1069 940 Υἱὸς,
1105 876 1222 930 ἀλλ’
1269 880 1392 933 οὐδὲ
1434 881 1687 954 γέννημα
1725 886 1845 936 κατ’
1871 883 2005 954 ἀλή-

418 966 603 1031 θειαν,
635 966 852 1039 ποίημα
877 966 935 1023 δὲ
963 968 1087 1024 καθ’
1119 964 1357 1044 ἡμᾶς,ἧ
1390 991 1445 1027 τι
1477 975 2005 1039 τῶντοιούτων-’ἐτε-

421 1076 534 1131 ρον.
557 1055 633 1115 Ob
660 1061 1114 1133 παραδεχθέντος,
1137 1065 1281 1121 οὕτω
1302 1084 1363 1122 τε
1380 1068 1526 1139 ἔχειν
1544 1070 1807 1125 πεπιστευ
1817 1069 1999 1141 μένου,

420 1151 699 1216 παντελῶς
734 1153 906 1226 δήπου
949 1157 1176 1211 κάκεῖνο
1221 1160 1475 1231 φήσομεν
1510 1148 1759 1233 άληθῶς,
1798 1163 1872 1227 ὡς
1905 1164 2005 1219 οὐκ

419 1243 489 1299 ἂν
518 1245 601 1314 εἴη
631 1245 820 1318 Πατῆρ
849 1247 880 1299 ὁ
913 1248 1106 1320 Πατὴρ
1150 1251 1404 1323 ἐνεργείᾳ
1436 1254 1532 1307 xui.
1568 1252 1756 1323 φύσει,
1785 1254 2003 1329 θελήσει

418 1335 474 1390 δὲ
511 1337 720 1407 μᾶλλον
739 1339 843 1392 καὶ
861 1339 1084 1410 δοκήσει
1114 1343 1298 1413 τυχὸν,
1325 1342 1577 1416 καθάπερ
1609 1340 1823 1402 οὖνκαὶ
1847 1348 2005 1420 ήμῶν

417 1428 729 1499 ὠνόμασται
757 1429 965 1504 But-rip;
981 1429 1128 1513 ,Εἶτα
1151 1435 1203 1488 τί
1226 1435 1286 1488 τὸ
1306 1435 1556 1492 ἐντεῦθεν
1581 1454 1596 1505 ;
1632 1428 2003 1513 Συνομολογή-

418 1518 664 1591 θήσεται,
699 1522 795 1574 καὶ
826 1520 902 1586 ὡς
927 1508 987 1589 ἐξ
1018 1523 1267 1595 ἀνάγκης
1289 1522 1539 1581 ἄνα-εελεῖ
1563 1530 1724 1601 τριάς
1744 1508 1885 1585 ὀὒκ
1914 1508 2002 1585 Et:

418 1612 528 1683 γάρ
560 1614 692 1684 ἡμῖν
722 1616 756 1685 ἠ
800 1614 929 1683 ἁγία
975 1616 1294 1671 πιστεύεται
1336 1619 1480 1674 κατά
1524 1637 1647 1675 τινα
1690 1621 1754 1694 δὴ
1780 1624 2000 1696 τρόπον,

420 1706 570 1775 τρεῖς
597 1706 653 1759 δὲ
690 1707 921 1777 μᾶλλον,
951 1707 1026 1773 ὡς
1054 1711 1114 1763 ὲν
1142 1709 1415 1783 ἀλλήλοις,
1474 1713 1576 1767 οὐκ
1603 1715 2004 1788 ἐνυπάρχοντος

418 1797 729 1863 οὐσιωδῶς,
761 1799 990 1853 ἑκάστου
1031 1817 1095 1855 τε
1122 1800 1311 1873 ὥσπερ
1333 1803 1453 1857 τῶν·
1476 1803 1758 1877 ὀνομάτων
1800 1810 1881 1872 είς
1909 1810 2013 1863 τὸν

416 1890 617 1943 οἰκεῖον
658 1891 761 1960 τῆς
793 1892 926 1955 ιδίας
964 1892 1183 1962 φύσεως
1226 1895 1669 1969 ἀναχωροῦντος,
1711 1900 2003 1973 διακεκομ-

419 1980 582 2051 μένον
610 1988 670 2034 τε
699 1982 794 2036 τοῦ
825 1983 1011 2055 ἑτέρου
1038 1986 1315 2052 παντελῶς
1333 2004 1347 2018 ο
1391 1987 1707 2054 ἐκϐιάζεται
1740 1992 1850 2064 γάρ
1883 1994 2001 2058 πως

413 2075 565 2145 ἡμᾶς
591 2077 622 2145 ἡ
646 2073 743 2127 τοῦ
769 2074 1126 2148 θεωρήματος
1147 2076 1399 2150 δύναμις,
1423 2080 1517 2133 καὶ
1536 2080 1843 2153 παχύτερον
1874 2085 2002 2156 περὶ

416 2165 618 2219 τούτων
655 2169 851 2221 εἰπεῖν.
906 2168 1015 2246 Καὶ
1042 2171 1093 2222 εἰ
1116 2169 1276 2223 τοῦτο
1305 2169 1553 2242 δώσομεν
1579 2172 1847 2246 ὑπάρχειν
1869 2174 2002 2247 ἀλη-

420 2255 530 2323 θὲς,
555 2256 725 2322 οὕτως
747 2261 809 2312 τε
834 2250 979 2330 ἔχειν
1000 2259 1257 2332 ἐροῦμεν,
1278 2262 1375 2315 καὶ
1400 2265 1498 2334 τῆς
1523 2262 1711 2329 οὐσίας
1741 2256 1999 2321 τοῦθϐεοῦ

424 2350 518 2401 καὶ
544 2347 754 2421 Πατρὸς
794 2350 1072 2422 ἀλλότριον
1121 2353 1400 2417 παντελῶς
1446 2357 1866 2429 παραδεξόμεθα
1911 2361 2000 2414 τόν

425 2439 584 2503 Υἰδν·,
636 2440 753 2505 πῶς
792 2438 853 2496 οὔ
895 2441 1248 2512 διαψεύσεται
1271 2486 1285 2510 ,
1333 2436 1508 2515 λέγων
1534 2465 1547 2479 ·
1590 2468 1609 2501 ι
1649 2450 1705 2504 Ὀ
1739 2452 2000 2523 ἑωρακὼς

425 2530 764 2603 ἐμὲ-,ἑώρακε
788 2532 879 2588 τδν
896 2530 1116 2606 Πατέρα
1136 2552 1181 2601 ;›
1211 2534 1346 2590 Θεοῦ
1368 2539 1478 2611 γὰρ
1495 2540 1831 2612 ὑπάρχοντος
1857 2545 2002 2600 κατὰ

424 2623 586 2693 φύσιν
616 2626 707 2679 τοῦ
747 2624 993 2700 Πατρδς,
1043 2630 1163 2695 πῶς·
1188 2630 1255 2684 ἃν
1279 2622 1469 2703 ήμῗνό
1502 2622 1629 2699 Υἱός
1650 2678 1664 2700 ,
1712 2638 1891 2692 καίτοι
1924 2640 1998 2712 μὴ

420 2717 679 2789 ὑπάρχων
711 2718 843 2783 Θεὸς
872 2720 1016 2775 κατὰ
1056 2724 1219 2790 φύσιν
1258 2723 1399 2777 κατὰ
1438 2724 1996 2797 τδν³ὲκείνων’λόγον,

414 2809 575 2877 δείξει
605 2813 663 2863 ὲν
693 2810 874 2884 ἐαυτῷ
914 2813 1006 2866 τὸν
1035 2806 1262 2886 Πατέρα
1291 2832 1306 2880 ;
1336 2815 1480 2880 -Πῶς
1509 2816 1618 2889 γὰρ
1645 2819 1704 2872 ἐν
1735 2819 1813 2891 τῷ
1842 2837 2001 2889 γεγοο

414 2899 527 2953 νότι
556 2900 617 2952 τὸ
649 2900 725 2972 μὴ
766 2901 988 2969 γεγονὸς
1027 2902 1414 2975 θεωρήσομεν,
1456 2906 1519 2958 ὲν
1560 2907 1618 2960 δὲ
1647 2907 1725 2978 τῷ
1770 2909 1845 2980 μὴ
1884 2909 1998 2963 ὄντι

354 3020 363 3029 κ
414 2992 567 3059 ποτε,
599 2994 740 3047 κατά
771 3010 835 3062 γε
866 2994 956 3047 τὸν
978 2992 1073 3047 τοῦ
1106 2995 1438 3066 πεποιῆσθαι
1471 2997 1650 3067 λόγον,
1680 2999 1798 3065 πῶς
1826 3001 1890 3055 ἄν
1915 3019 2000 3065 τις

416 3083 516 3137 ίδοι
555 3085 645 3136 τὸν
686 3084 816 3139 ὄντα
846 3085 935 3137 διὰ
967 3086 1210 3151 παντός;
1260 3079 1353 3158 Μὴ
1389 3088 1499 3161 γάρ
1546 3106 1637 3159 μοι
1677 3089 1882 3158 λεγέτω
1915 3109 1999 3156 τις

2108 606 2203 683 sed
2261 609 2317 662 in
2361 610 2548 680 scipso
2601 603 2819 685 Patrem
2859 616 3138 687 exprimit,
3171 622 3228 675 et
3285 616 3689 691 perfectissima

2105 707 2191 754 est
2226 696 2333 756 Dei
2357 701 2539 772 imago
2565 702 2632 767 “,
2666 705 2903 774 primum
2939 710 3169 778 quidem
3198 715 3307 769 non
3355 713 3462 769 erit
3490 714 3691 771 secun-

2106 786 2236 844 dum
2297 788 2557 883 naturam
2610 780 2809 861 Filius,
2858 792 3037 870 nequ’e
3074 802 3204 883 vere
3264 800 3541 877 g’eni'tura,
3576 804 3687 883 sed

2106 882 2360 936 creatm‘a
2395 877 2601 953 potius,
2628 885 2794 940 sicuti
2826 890 2949 953 nos,
2972 877 3078 945 aut
3100 882 3481 963 aliq‘uid'aiiud
3503 880 3695 953 istius-

2106 972 2276 1028 modi.
2326 969 2449 1041 Quo
2484 970 2735 1033 admisso
2763 986 2928 1050 atque
2956 970 3191 1053 credite.
3215 986 3351 1041 v‘ei‘e'
3374 982 3691 1046 a’ss’erémus

2104 1062 2325 1120 Patrem
2370 1062 2485 1121 non
2530 1080 2654 1124 esse
2692 1060 2911 1127 Patrem
2947 1078 3073 1129 actu
3109 1068 3163 1132 et
3210 1076 3429 1145 natura,
3466 1073 3573 1139 sed'
3594 1076 3692 1138 vo-

2106 1155 2317 1212 luntate
2351 1156 2538 1227 potius
2567 1168 2621 1215 et
2647 1162 2932 1232 opinione,
2958 1165 3127 1222 sicuti
3145 1167 3312 1249 Pater
3332 1181 3521 1230 noster
3548 1191 3692 1231 nun-

2105 1246 2341 1319 cupatus
2359 1254 2462 1307 est.
2482 1252 2625 1325 Quid
2645 1266 2775 1310 vero
2802 1255 2931 1313 inde
2954 1261 3206 1331 sequitur
3221 1246 3583 1321 ?Necessario
3602 1259 3691 1321 ad-

2106 1336 2412 1395 ntitlendus
2436 1341 2544 1397 erit
2568 1334 2805 1400 deorum
2834 1349 3015 1404 ternio
3041 1352 3284 1427 :quippe‘
3309 1352 3427 1409 non'
3449 1344 3689 1429 amplius

2105 1425 2433 1487 Trinitatem
2469 1433 2847 1505 crederemus,
2871 1454 2996 1495 cum
3023 1440 3169 1498 alios
3199 1445 3254 1498 in
3288 1446 3398 1501 alio
3426 1425 3691 1505 substan-

2106 1522 2315 1578 tialiter
2343 1536 2450 1581 non
2482 1526 2633 1593 insit,
2667 1528 2763 1584 sed
2805 1533 3193 1606 unusquisque
3229 1540 3293 1590 ut'
3329 1536 3578 1606 nomine,
3608 1534 3693 1595 ita

2107 1616 2403 1682 peculiaris
2426 1622 2557 1673 natu
2570 1618 2643 1674 me
2674 1621 2885 1678 ratidne
2909 1625 2978 1679 ab
3007 1626 3118 1681 alio
3149 1624 3389 1697 prorsus
3403 1614 3691 1701 seiunctus

2105 1705 2175 1759 sit
2209 1725 2221 1759 :
2252 1708 2403 1778 cogit
2452 1710 2597 1765 enim
2641 1720 2743 1769 no‘s
2776 1714 2859 1771 vis
2907 1710 2967 1772 et
3006 1719 3150 1774 ratio
3202 1716 3688 1795 coritemplatiOnis

2063 1848 2074 1876 ί
2105 1802 2352 1857 crassius
2382 1801 2450 1858 de
2489 1805 2579 1861 his
2609 1804 2908 1865 disserere.
2947 1807 3105 1876 Quod
3135 1810 3183 1868 si
3215 1805 3405 1868 verum
3441 1802 3569 1871 esse
3606 1804 3691 1871 at-

2034 1864 2075 1919 B
2106 1900 2213 1957 que
2244 1890 2331 1945 ita'
2351 1902 2411 1949 se
2443 1892 2651 1952 habere
2682 1864 3074 1967 c‘oncedenids,
3109 1898 3164 1959 et
3204 1896 3237 1958 a
3267 1896 3371 1960 Dei
3409 1896 3483 1961 ac.
3507 1888 3707 1966 Patris‘

2105 1978 2421 2034 substantia
2449 1982 2691 2038 alienum
2727 1990 2851 2041 esse
2878 1990 3111 2057 prorsus
3141 1970 3340 2044 Filium
3371 1970 3687 2060 fatebimur",

2103 2068 2393 2139 quomodo
2420 2084 2533 2127 non
2573 2077 2877 2132 mentietur
2900 2080 3131 2134 cum'ait
3165 2098 3178 2136 :
3221 2084 3245 2134 ι’
3270 2068 3544 2149 Qui‘vidit
3577 2080 3687 2154 me',

2103 2156 2246 2212 vidit’
2265 2160 2327 2216 et
2352 2155 2566 2218 Patrem
2586 2156 2619 2216 Ὺ
2650 2180 2675 2215 ι·
2702 2164 2845 2220 Nam‘
2883 2166 3015 2222 cum
3048 2164 3211 2225 Pater
3240 2168 3543 2230 secundum
3588 2172 3690 2232 na-

2105 2258 2287 2305 turam
2324 2250 2482 2309 Deus‘
2495 2252 2587 2319 sit,
2613 2256 2895 2326 quomodo
2920 2244 3118 2325 Fili'us',
3142 2250 3271 2317 licet
3301 2266 3412 2317 non
3441 2258 3514 2321 sit
3541 2248 3699 2323 Deus‘

2103 2342 2404 2398 secundum
2439 2346 2795 2416 naturam,ut
2817 2348 2894 2404 illi
2933 2350 3231 2417 docén't',in
3259 2340 3704 2426 seipso‘Patr‘em"

2102 2434 2398 2491 ostendet?
2434 2435 2723 2502 Quomodo
2752 2439 2901 2495 enim
2935 2442 2989 2496 in
3024 2448 3091 2498 eo
3120 2445 3265 2514 quod
3297 2451 3544 2503 creatum
3575 2440 3705 2505 non"

2102 2526 2260 2581 estid
2290 2526 2436 2597 quod
2473 2536 2718 2585 creatum
2752 2538 2837 2587 est
2872 2532 3393 2603 spectabimusmut‘
3413 2532 3471 2595 in
3493 2544 3561 2596 eo
3590 2533 3703 2613 qui

2103 2616 2401 2687 aliquando
2430 2633 2537 2673 non
2555 2629 2696 2687 erat,
2711 2630 2986 2691 quatenus
3002 2618 3087 2678 est
3105 2618 3349 2691 ere'a‘tu's‘,
3367 2627 3413 2683 is
3430 2628 3523 2700 qui
3541 2630 3704 2686 s‘erii'o"

2102 2722 2199 2777 per
2226 2716 2310 2762 est
2339 2706 2506 2782 773'
2546 2704 2868 2767 videbitur?
2898 2713 2976 2770 Ne
3020 2715 3174 2769 mihi
3205 2712 3509 2790 quisquam
3536 2714 3695 2778 euim‘

2101 2813 2292 2852 eorum
2330 2802 2425 2869 qui
2450 2802 2553 2857 ista
2584 2798 3063 2860 deblaterant'vim
3088 2800 3336 2865 veritatis
3364 2798 3703 2871 adultel‘aris“

2102 2891 2270 2953 dicat,
2309 2891 2518 2947 idcirco
2566 2908 2689 2949 esse
2742 2895 2863 2965 ejus
2909 2897 3226 2971 imaginem,
3278 2902 3421 2973 (ιιιὶξ⁸
3453 2905 3686 2977 gloriam

2102 2982 2197 3038 Dei
2231 2996 2296 3038 ac
2327 2982 2523 3041 Patris'
2565 2985 2747 3053 habet,
2795 2986 2860 3043 ac
2917 2989 3205 3058 uirtutem,
3249 2988 3305 3051 et
3357 2982 3703 3069 sapientiam

2101 3076 2244 3146 ejus,
2295 3078 2464 3147 atque
2518 3078 2847 3145 bouitatem,
2885 3089 2942 3135 et
2983 3078 3473 3155 omnipotentiam,
3522 3085 3587 3146 et'
3621 3084 3705 3148 ea“

416 3176 525 3230 τῶν
546 3179 728 3231 ἐκεῖνα
752 3177 1270 3249 δεδυσφημηκότων,
1300 3179 1399 3252 τὴν
1421 3182 1520 3251 τῆς
1549 3180 1808 3253 ἀληθείας
1830 3199 2000 3236 κατα-

2104 3176 2231 3240 qua!
2258 3184 2531 3240 nusquam
2558 3179 2690 3225 sunt
2716 3171 2783 3224 in'
2803 3176 2984 3227 ortum
3016 3176 3684 3250 educendi‘pOteStatem':

421 3268 774 3339 σιφιζόμενος
794 3270 1050 3342 δύναμιν,
1079 3272 1155 3336 ὡς
1183 3272 1416 3345 ἐπείπερ
1442 3272 1556 3344 ἔχει
1583 3275 1682 3344 τὴν
1718 3275 1880 3342 δόξαν
1903 3275 1997 3330 τοῦ

412 3358 566 3422 Θεοῦ,
599 3362 695 3415 καὶ
729 3358 973 3432 Πατρὸς,
1015 3363 1117 3434 τήν
1151 3380 1212 3416 τε
1241 3363 1505 3436 δύναμιν,
1539 3366 1637 3420 καὶ
1668 3369 1766 3439 τὴν
1805 3368 2000 3437 σοφίαν

412 3454 599 3517 αὐτοῦ,
627 3456 722 3508 καὶ
744 3454 842 3525 τὴν
874 3454 1188 3526 ἀγαθότητα
1207 3498 1222 3523 ,
1244 3458 1340 3511 καὶ
1360 3458 1422 3511 τὸ
1448 3461 1867 3531 παντουργικὸν,
1905 3461 2000 3515 καὶ

411 3545 474 3599 τὸ
501 3544 763 3598 δύνασθαι
796 3547 1067 3616 παράγειν
1104 3546 1175 3599 τὰ
1207 3549 1307 3602 οὐκ
1341 3547 1471 3602 ὄντα
1499 3551 1628 3603 ποτὲ
1647 3591 1662 3614 ,
1707 3551 1795 3604 διὰ
1818 3552 1997 3616 τοῦτο,

414 3638 512 3689 xui.
544 3635 705 3687 εἰκών
728 3637 875 3688 ἐστιν
904 3636 1067 3689 αὑτοῦ
1094 3653 1107 3668 ·
1145 3638 1285 3691 ἀλλὰ
1303 3638 1568 3693 δεικνύτω
1592 3641 1883 3713 πρότερον,
1912 3644 1999 3696 εύ-

417 3726 558 3790 Θέως
588 3728 730 3780 κατὰ
756 3728 917 3797 φύσιν
938 3729 1207 3797 φαίνεται,
1228 3731 1323 3784 xui.
1344 3731 1517 3795 οὕτως
1541 3733 1995 3806 ἀπαραλλάκτως,

335 3825 338 3828 ’
417 3818 494 3881 ὼς
528 3819 690 3888 μηδὲν
718 3814 858 3872 εἶναι
883 3819 944 3872 τὸ
983 3821 1201 3876 ἀδικοῦν
1230 3822 1331 3894 τὴν
1360 3823 1594 3878 εἰσάπαν
1621 3826 1716 3878 καὶ
1743 3826 1998 3895 ὁλοτελῶς

420 3909 719 3981 ἐμφέρειάν
749 3912 848 3981 τῆς
876 3911 1083 3976 εικόνος
1112 3912 1247 3984 πρὸς
1288 3913 1349 3967 τδ
1372 3913 1703 3986 ἀρχέτυπον.
1761 3917 1997 3991 Ἀπορή-

419 4018 588 4057 σαντα
621 4004 678 4057 δὲ
716 4004 808 4059 καὶ
862 4004 1035 4058 τοῦτο
1057 4004 1323 4061 δεικνύειν
1350 4007 1449 4078 οὐχ
1493 4008 1714 4075 ἑκόντα,
1745 4010 2000 4084 δεύτερον

414 4098 711 4169 αἰτήσομεν
742 4099 950 4162 εἰπεῖν,
1000 4100 1151 4162 ποῖος
1192 4099 1267 4153 ἂν·
1294 4100 1559 4173 ἐπιτρέψῃ
1590 4101 1781 4172 λόγος,
1820 4105 1999 4159 καίτοι

413 4188 554 4242 κατὰ
580 4188 742 4257 φύσιν
779 4189 881 4242 οὐκ
922 4188 1052 4242 ὄντα
1080 4188 1235 4256 Θεὸν,
1267 4191 1410 4245 κατά
1436 4207 1498 4260 γε
1530 4192 1628 4263 τὴν
1649 4192 2000 4249 ἐνοῦσανεαύ-

412 4284 523 4346 τοῖς
583 4282 900 4354 βδελυρίαν,
953 4283 1035 4337 τὰ’
1067 4286 1166 4354 τῆς
1235 4283 1489 4356 θεότητος
1545 4284 1685 4357 ἔργα
1736 4287 1998 4341 δύνασθαι

413 4372 676 4443 πληροῦν.
726 4373 897 4427 Τοῦτο
926 4375 1033 4446 γάρ
1063 4376 1212 4427 ἐστιν
1241 4373 1303 4426 τὸ
1333 4375 1522 4445 φέρειν
1554 4374 1653 4444 τὴν
1682 4375 1870 4429 εἰκόνα
1902 4375 1996 4429 τοῦ

414 4452 650 4534 Πατρός.
687 4466 751 4517 Εἰ
780 4465 880 4535 μὲν
906 4464 1016 4535 γὰρ
1052 4465 1263 4519 οἴκοθεν
1291 4464 1391 4520 ούκ
1424 4465 1564 4537 ἔχων
1590 4466 1690 4537 τὴν
1720 4466 1996 4539 ἀρκοῦσαν

418 4557 499 4620 εἰς
525 4532 684 4610 τοῦτο
701 4532 928 4627 δύναμιν
949 4532 1123 4620 tirio;
1145 4532 1568 4630 δανείζεται-τὴν
1589 4532 1741 4629 παρὰ
1761 4532 1991 4630 Πατρὸς,
2029 4532 2075 4587 D

417 4644 515 4700 καὶ
549 4649 862 4718 χορηγεῖται
910 4647 1039 4718 παρ’
1072 4648 1239 4701 αὑτοῦ
1286 4650 1381 4703 καὶ
1416 4649 1642 4720 σοφίαν,
1679 4651 1774 4703 καὶ⁹
1816 4652 1992 4721 ἰσχὺν,

418 4737 507 4791 ἵνα
537 4737 757 4808 δύνηται
790 4737 1090 4809 κατορθοῦν
1133 4738 1169 4791 ἀ
1205 4739 1299 4792 καὶ
1334 4738 1469 4811 μόνῃ
1497 4741 1729 4811 πρέπειν
1759 4740 1996 4812 ἐροῦμεν

414 4830 482 4898 τῇ
504 4827 596 4880 τοῦ
627 4827 1056 4900 Πατρὸςιρύσει,
1106 4827 1454 4894 διαψεύσεται
1478 4829 1621 4883 οὕτω
1665 4831 1758 4884 καὶ
1786 4830 1882 4902 τήν
1914 4834 1993 4885 εἰ·

414 4918 549 4972 κόνα
577 4919 671 4971 καὶ
704 4920 805 4988 τὴν
835 4918 1119 4990 ὁμοίωσιν.
1172 4920 1236 4973 Εἰ
1267 4918 1323 4972 δὲ
1359 4919 1648 4989 ψεύδεσθαι
1686 4922 1783 4993 μὲν
1808 4924 1869 4976 ού
1896 4923 1998 4975 δώ-

418 5023 584 5077 σομεν
610 5007 805 5071 αὐτὸν,
846 5006 1021 5071 οὕτως
1058 5008 1249 5079 ἔχοντα
1281 5008 1891 5082 καθάπερεὶρήκαμεν,
1921 5014 1997 5076 ὡς

414 5100 473 5152 δὲ
496 5097 811 5167 ἀληθεύοντι
834 5099 1240 5169 συναινέσομεν,
1259 5099 1428 5171 αὐτὴν
1451 5101 1775 5182 ἀλωσὸμεθα
1798 5103 1895 5173 τὴν
1914 5104 2001 5157 δό-

414 5191 512 5255 ξαν
541 5191 856 5256 ἀδικοῦντες
879 5191 974 5246 τοῦ
998 5191 1135 5245 Θεοῦ
1160 5193 1255 5245 καὶ
1278 5192 1514 5265 Πατρὸς,
1547 5194 1643 5246 καὶ
1670 5195 1839 5259 ὅπως,
1865 5195 1995 5266 ἐρῶ.

417 5282 492 5335 ’Ἡ
511 5283 619 5353 γάρ
654 5283 872 5354 ἀνάγκη
905 5284 1108 5352 λέγειν,
1143 5285 1226 5339 ὅτι
1268 5284 1524 5355 ψεύδεται
1559 5284 1656 5355 τὴν
1684 5287 1870 5341 εἰκόνα
1901 5286 1997 5340 τοῦ

415 5375 552 5429 Θεοῦ
574 5378 667 5430 καὶ
686 5378 931 5450 Πατρὸς,
956 5377 1168 5433 οἴκοθεν
1209 5379 1307 5449 μὲν
1339 5378 1439 5433 οὐκ
1471 5379 1610 5450 ἔχων
1640 5379 1740 5449 τὴν
1763 5382 1875 5444 τοῖς
1909 5380 1999 5451 ἕρ-

416 5484 537 5537 γοις
562 5467 899 5540 ἐξαρκοῦσαν
928 5470 1082 5540 ἰσχὺν
1100 5510 1116 5536 ,
1142 5471 1269 5542 παρ’
1301 5471 1488 5542 ἐτέρου
1523 5471 1580 5525 δὲ
1610 5470 1816 5541 ταύτην
1839 5489 2000 5545 χορη-

415 5560 683 5632 γούμενος
701 5577 714 5591 ·
745 5562 806 5614 οὐ
837 5560 945 5633 γὰρ
974 5560 1117 5615 οὕτω
1143 5562 1205 5616 τὸ
1228 5563 1536 5634 ἀρχέτυπον
1555 5580 1567 5593 ·
1605 5564 1639 5635 ἢ
1670 5563 1830 5635 εἴπερ
1856 5566 2000 5618 ἐστὶν

408 5653 621 5726 ἀληθὴς
664 5657 725 5708 ὲν
766 5653 947 5723 ἑαυτῷ
987 5653 1159 5721 λέγων
1205 5656 1433 5726 ὁρᾶσθαι
1485 5655 1577 5711 τὸν
1614 5655 1864 5725 Πατέρα,
1910 5656 2002 5708 καὶ

480 5836 543 5911 ⁸³1
570 5834 611 5890 ΙΙ
641 5835 773 5892 Cor.
806 5851 883 5902 tv,
921 5835 974 5891 4.

2105 3263 2199 3317 se‘d
2250 3262 2406 3333 prius
2445 3261 2703 3318 ostendat
2734 3264 2921 3319 utrum
2964 3262 3269 3323 secundum
3316 3281 3568 3328 naturam
3604 3274 3684 3331 vi-

2103 3353 2318 3418 deatur,
2346 3362 2608 3423 tantaque
2649 3370 2748 3426 per
2781 3357 2981 3417 omnia’
3017 3348 3403 3427 similitudine,
3445 3360 3506 3420 ut
3547 3358 3696 3423 nihil

2101 3445 2569 3516 perfectissimam
2630 3447 2779 3502 illam
2843 3444 3101 3519 imaginis
3142 3440 3480 3511 labefactare
3506 3454 3701 3527 possit

2102 3536 2171 3590 ad
2218 3536 2585 3607 archetypum
2627 3537 3071 3596 similitudinem.
3124 3538 3281 3608 Q‘ubd
3328 3538 3454 3601 cum
3507 3540 3687 3606 osten-

2103 3627 2257 3693 dere’,
2285 3628 2371 3681 vel
2401 3628 2446 3683 si
2477 3627 2715 3683 maxime
2750 3629 2904 3694 velit,
2933 3634 3192 3701 nequeat,
3219 3635 3422 3690 iterum
3461 3640 3687 3710 rogabi-

2104 3735 2227 3775 mus
2262 3728 2322 3774 ut
2365 3719 2512 3774 dicat
2541 3734 2649 3788 qua
2701 3721 2937 3785 ratione,
2973 3736 3097 3776 cum
3140 3722 3285 3780 Deus
3329 3742 3440 3783 non
3484 3730 3559 3787 sit
3599 3746 3687 3789 se-

2102 3810 2345 3867 cundum
2420 3818 2712 3878 naturam,
2770 3818 2832 3865 ut
2903 3812 3095 3867 eorum
3174 3814 3499 3875 detestanda
3580 3820 3691 3879 fert
3775 3824 3787 3841 ‘

2102 3903 2417 3967 sententia”,
2460 3902 2685 3984 deitatls
2740 3902 2922 3959 tamen
2967 3906 3134 3976 o‘pe‘r’a
3194 3908 3383 3978 possit
3435 3902 3686 3984 e'xse‘qui.

2103 3995 2218 4052 Hoc
2255 3996 2399 4052 enim
2446 4004 2531 4051 est
2581 3982 2725 4051 ferre
2761 3995 2941 4053 Patris
2973 3998 3295 4070 imaginem.
3329 4000 3467 4059 Nam
3516 3982 3688 4077 si

2101 4097 2352 4145 testatem
2397 4088 2461 4142 ad
2495 4088 2599 4143 hoc
2634 4088 2997 4144 sufﬁcientem
3038 4103 3069 4144 a
3104 4093 3292 4163 se’i‘pso
3315 4109 3425 4149 non
3473 4096 3687 4155 habens

2101 4181 2274 4237 Filius
2299 4196 2417 4236 eam
2452 4196 2482 4235 a
2519 4179 2684 4237 Patre
2715 4190 3019 4247 mutuatur,
3049 4180 3118 4238 ab
3151 4200 3326 4257 eoque
3358 4187 3687 4259 sapientiam

2099 4283 2156 4329 et
2183 4274 2352 4328 robur
2386 4273 2611 4342 accipit,
2662 4280 2721 4327 ut
2768 4276 3032 4343 peragere
3089 4276 3266 4347 possit
3311 4294 3434 4349 qua:
3483 4289 3538 4335 et
3581 4281 3689 4337 soli

2100 4365 2396 4421 convenire
2443 4364 2624 4418 Patris
2666 4373 2879 4420 natura:
2928 4366 3201 4433 dicemus,
3247 4369 3539 4443 imaginem
3580 4372 3689 4429 hoc
3786 4416 3791 4423 .

2102 4467 2262 4528 pacto
2305 4466 2359 4512 et
2396 4455 2811 4510 similitudinem
2857 4459 3174 4512 mentietur.
3208 4459 3306 4516 Sin
3345 4472 3526 4518 autem
3558 4478 3685 4520 eum

2104 4561 2453 4620 nequaquam
2488 4546 2708 4601 mentiri
2731 4546 3119 4613 concedemus,
3145 4551 3237 4620 qui
3273 4551 3348 4606 ita
3371 4568 3431 4608 se
3462 4553 3682 4622 habeat,

2105 4647 2167 4695 ut
2200 4639 2460 4701 diximus,
2488 4636 2582 4692 sed
2624 4644 2884 4707 tanquam
2938 4654 3067 4695 vera
3102 4641 3305 4697 dicenti
3352 4643 3685 4715 astipulabi-

2104 4748 2251 4796 mur,
2280 4731 2457 4801 ipsam
2493 4727 2586 4784 Dei
2641 4744 2704 4784 ac
2742 4728 2925 4786 Patris
2974 4732 3207 4802 gloriam
3246 4733 3453 4790 violare
3486 4730 3686 4808 depre-

2104 4825 2411 4881 hendemur
2447 4840 2459 4876 :
2493 4837 2604 4893 quo
2641 4830 2821 4893 pacto,
2855 4823 3058 4880 dicam.
3101 4825 3209 4880 A'ut
3260 4827 3406 4881 enim
3459 4844 3689 4889 necesse

2103 4924 2203 4973 est‘
2224 4916 2412 4972 dicere
2443 4929 2569 4970 eum
2621 4913 2717 4970 Dei
2746 4930 2811 4971 ac
2851 4916 3030 4974 Patris
3065 4918 3319 4974 ementiri
3360 4919 3686 4993 imaginem,

2101 5025 2233 5066 cum
2274 5023 2307 5073 a_
2335 5008 2520 5077 seipso
2574 5005 2933 5063 sufﬁcientem
2979 5009 3240 5080 operibus
3275 5010 3384 5065 vim
3436 5028 3547 5069 non
3589 5015 3686 5070 ha-

2101 5102 2250 5164 beat,
2282 5101 2378 5156 sed
2413 5100 2685 5155 ab-altero
2716 5100 2865 5155 illam
2903 5102 3139 5171 accipiat
3168 5118 3181 5154 :
3208 5116 3312 5156 nec
3356 5103 3504 5158 enim
3536 5104 3590 5160 id
3620 5107 3690 5162 de

2104 5194 2403 5264 archetypo
2451 5191 2562 5246 dici
2609 5192 2814 5262 potest.
2863 5191 2973 5245 Aut
3001 5191 3051 5246 si
3088 5207 3219 5247 vere
3267 5192 3515 5263 loquitur
3562 5212 3687 5252 cum

2105 5287 2184 5341 ait
2240 5286 2295 5340 in
2335 5284 2519 5354 ‘seipso
2546 5282 2727 5339 videri
2779 5281 3019 5348 Patrem,
3063 5283 3314 5353 nihilque
3353 5285 3521 5357 plane
3567 5305 3691 5344 esse

2107 5377 2256 5449 quod
2286 5392 2411 5433 eum
2447 5385 2693 5446 separet,
2736 5375 2824 5430 vel
2859 5373 3214 5444 interiectum
3247 5376 3340 5443 sit,
3377 5378 3465 5437 vel
3504 5380 3688 5434 omni-

2109 5469 2325 5525 modam
2355 5466 2778 5524 similitudinem
2815 5464 3111 5529 adulteret,
3145 5481 3378 5527 necesse
3406 5478 3491 5527 est
3521 5477 3582 5524 ut
3606 5469 3689 5524 vel

2110 5564 2305 5619 nolens
2336 5561 2482 5615 dicat
2527 5558 2965 5627 ipsum‘quoque
2988 5554 3206 5612 Patrem
3245 5558 3599 5616 adventitiam
3635 5566 3686 5613 et

2109 5657 2176 5709 ab
2240 5655 2412 5708 altero
2467 5657 2747 5717 acceptam
2802 5646 3005 5705 habere
3052 5649 3334 5705 virtutem.
3389 5649 3482 5704 Sic
3543 5647 3692 5703 enim
