4076 6270
370 371 474 428 297

1341 356 1398 427 s'.
1422 370 1697 424 (IYItILlJ
1733 371 2201 429 ALEXANDRINI
2243 374 2562 431 ARCIIIEP.

3527 375 3638 432 9.08

370 489 612 558 seirsum
643 485 809 541 nobis
841 485 896 538 in
929 485 1166 554 imagine
1207 499 1318 539 sua:
1351 492 1561 572 naturae
1608 487 1723 541 sive
1757 487 1945 558 gloria:

2051 490 2202 545 οὐδὲν
2229 491 2364 554 ὅλως
2385 487 2527 544 εἶναι
2555 491 2616 544 τὸ
2637 489 2950 544 διαλλάττον
2977 491 3033 543 ἐν
3057 489 3133 562 τῷ
3159 490 3438 563 μεταξὺ,ἢ
3469 510 3642 564 παρα-

369 582 541 636 voluit
595 580 904 635 ostendere.
963 577 1216 648 Nunquid
1275 592 1407 648 ergo
1459 579 1680 643 videtis,
1736 579 1951 650 inquiet

368 675 436 728 ad
483 674 608 729 illos
650 673 879 742 aliquis,
912 685 1151 742 quonam
1183 685 1213 724 a
1251 680 1400 725 recta
1432 671 1522 725 via
1569 687 1755 727 sermo
1787 672 1952 728 delle-

367 773 502 830 ctat,
546 773 601 820 et
631 773 898 836 quantum
959 763 1015 817 in
1071 763 1393 819 barathrum
1445 763 1579 818 talia
1645 764 1950 822 sentientes

370 855 715 927 praecipitet?
754 855 1074 920 Enimvero,
1109 855 1392 926 inquiunt,
1454 864 1660 927 potest,
1701 858 1952 928 quamvis

368 955 588 1004 creatus
619 947 692 1002 sit
723 945 1151 1012 Filius,naturae
1173 946 1376 1003 divinae
1398 961 1570 1019 opera
1597 947 1797 1013 facere,
1825 963 1949 1004 cum

367 1036 478 1091 Deo
511 1049 576 1090 ac
611 1033 763 1094 Patri
801 1034 878 1090 ita
912 1035 1094 1091 visum
1131 1035 1314 1090 sit.At
1344 1037 1475 1106 quid
1509 1037 1614 1092 hoc
1643 1037 1822 1106 magis
1857 1038 1950 1092 im-

366 1129 517 1199 pium
549 1127 662 1182 dici
711 1126 934 1198 potest?
956 1125 1104 1181 Nihil
1139 1126 1288 1182 enim
1329 1127 1511 1197 majus
1549 1127 1664 1184 sive
1698 1129 1820 1198 plus
1846 1129 1952 1183 erit

365 1221 424 1275 in
453 1218 566 1275 Deo
596 1218 860 1290 deinceps
919 1233 1088 1290 quam
1146 1226 1424 1284 creatura,
1457 1218 1588 1274 licet
1643 1222 1694 1276 ei
1749 1219 1954 1276 divini-

365 1312 496 1368 tatis
531 1310 762 1382 gloriam
799 1323 866 1365 ac
906 1311 1175 1366 virtutem
1207 1311 1540 1367 tribuamus.
1575 1311 1753 1368 Nemo
1803 1313 1950 1369 enim

373 1404 478 1460 sibi
513 1404 716 1460 mentis
757 1403 944 1474 inopia
980 1405 1311 1474 persuadeat
1333 1401 1663 1459 admirabile
1693 1419 1754 1460 se
1793 1405 1953 1476 quid-

374 1496 499 1551 dam
555 1485 609 1550 ét
686 1509 943 1564 magnum
1005 1493 1074 1549 de
1134 1493 1276 1550 Filio
1355 1495 1583 1560 sentire,
1641 1510 1706 1550 ac
1767 1496 1953 1552 dicere

377 1585 528 1658 quod
598 1593 852 1641 creatura
922 1584 1145 1655 quidem
1221 1585 1319 1650 sit,
1385 1585 1481 1640 sed
1540 1600 1650 1640 non
1726 1594 1787 1640 ut
1845 1602 1952 1642 una

379 1685 797 1741 creaturarum,
855 1676 951 1732 sed
1014 1675 1136 1744 ejus
1201 1675 1434 1745 gloriam
1491 1690 1602 1732 non
1663 1677 1956 1732 mediocri-

2054 583 2322 654 χαράττον
2358 584 2458 654 τὴν
2504 584 2583 646 είς
2625 582 2771 636 ἅπαν
2802 581 3133 654 ἐμφέρειαν,
3183 581 3397 651 ἀνάγκη
3427 583 3637 648 λοιπὸν,

2054 677 2148 728 καὶ
2167 677 2262 746 οὐχ
2281 677 2480 729 ἑκόντα
2502 678 2699 740 εἰπεῖν,
2718 677 2801 728 ὅτι
2821 675 2917 729 καὶ
2944 675 3105 738 αὐτὸς
3125 677 3154 728 ὁ
3178 675 3369 746 Πατὴρ
3395 677 3640 748 ἐπακτὴν

2053 768 2197 838 ἔχειν
2229 766 2341 839 [ἷοδ.
2390 767 2529 840 ἔχει]
2574 769 2668 822 καὶ
2697 767 2826 840 παρ’
2851 767 3042 838 ἐτέρου
3080 767 3179 837 τὴν
3207 767 3458 837 δύναμιν.
3482 768 3639 822 Οὕτω

2052 859 2161 930 γάρ
2188 862 2320 932 ἡμῖν
2344 862 2536 914 ἐαυτὸν
2565 863 2622 914 ἐν
2651 863 2720 930 τῇ
2757 859 2925 913 εἰκόνι
2951 861 3050 929 τῆς
3086 859 3222 922 ἰδίας
3253 858 3492 928 φύσεως,
3519 860 3637 929 ἦτοι

2051 951 2150 1021 τῆς
2190 950 2348 1022 δόξης
2368 991 2382 1016 ,
2414 950 2692 1022 ἠϐουλήθη
2718 949 3004 1004 δεικνύειν.
3057 945 3184 1020 Ἆρ’
3210 944 3304 1002 οὖν
3328 949 3426 1018 οὐχ
3451 950 3642 1019 ὁρᾶτε,

2053 1045 2275 1114 φήσειεν
2297 1043 2363 1097 ἄν
2405 1059 2489 1107 τις
2515 1043 2652 1114 πρὸς
2684 1041 2924 1104 ἐκείνους
2953 1039 3174 1105 λοιπὸν,
3223 1041 3346 1093 ὅποι
3378 1039 3510 1093 ποτὲ
3542 1039 3640 1110 βα·

2051 1135 2246 1188 διεῖται
2282 1133 2385 1205 τῆς
2407 1133 2622 1197 εὐθείας
2652 1132 2774 1187 ὀδοῦ
2807 1131 3140 1186 διεκπίπτων
3167 1132 3195 1184 ὁ
3225 1129 3406 1198 λόγος,
3435 1129 3530 1182 ml.
3559 1130 3640 1192 είς

2051 1222 2164 1282 οἷον
2213 1225 2540 1296 ἀποκομίζει
2589 1223 2860 1295 βάραθρον
2905 1222 3031 1284 τοὺς
3069 1222 3257 1274 ἐκεῖνα
3295 1218 3638 1290 πεφρονηκό-

2052 1329 2178 1376 τας;
2224 1311 2383 1366 Ἀλλά
2408 1312 2499 1366 ναὶ
2521 1352 2534 1375 ,
2567 1310 2792 1364 δύναται
2811 1350 2826 1375 ,
2868 1309 3007 1380 φησὶ
3027 1348 3040 1373 ,
3074 1308 3253 1363 καίτοι
3283 1309 3507 1379 γενητὸς
3534 1309 3639 1360 ὑπ-

2053 1404 2237 1475 άρχων
2268 1406 2297 1457 ὁ
2331 1402 2458 1466 Υἱὸς
2481 1444 2494 1467 ,
2533 1403 2602 1456 τά
2629 1403 2728 1472 τῆς
2755 1401 2972 1471 φύσεως
3003 1399 3141 1470 ἔργα
3175 1397 3414 1472 πληροῦν
3433 1440 3450 1466 ,
3482 1398 3643 1464 δόξαν

2053 1494 2195 1548 οὕτω
2228 1495 2305 1566 τῷ
2345 1493 2463 1564 Θεῷ
2500 1493 2596 1548 καὶ
2635 1492 2830 1565 Πατρί.
2893 1489 3024 1546 Εἶτα
3058 1492 3112 1544 τί
3145 1491 3338 1545 τούτου
3391 1492 3641 1560 φανεῖται

2051 1588 2114 1640 τὸ
2139 1588 2593 1659 δυσσεϐέστερον;
2633 1587 2798 1640 Ούδέν
2829 1586 2938 1658 γάρ
2965 1586 3046 1640 ἔτι
3071 1586 3132 1640 τὸ
3165 1585 3348 1656 μεῖζον
3368 1627 3382 1651 ,
3429 1586 3548 1657 ἦτοι
3577 1584 3640 1638 τὸ

2055 1679 2216 1733 πλέον
2245 1682 2301 1733 ἐν
2323 1679 2441 1750 Θεῷ
2463 1679 2614 1751 παρὰ
2636 1677 2734 1749 τὴν
2759 1678 2955 1746 κτίσιν,
2990 1679 3040 1731 εί
3066 1678 3158 1732 καὶ
3184 1679 3280 1749 τὴν
3307 1677 3409 1748 τῆς
3447 1679 3638 1747 θεότη-

378 1779 464 1825 ter
502 1783 564 1826 se
606 1767 813 1822 violare
865 1765 1163 1838 intelligat.
1215 1764 1328 1822 Nec
1390 1766 1538 1821 enim
1596 1769 1945 1837 quaerendum

2055 1790 2146 1838 τος
2187 1773 2344 1839 δόξαν
2391 1790 2450 1827 τε
2494 1774 2585 1827 καὶ
2631 1772 2858 1844 δύναμιν
2907 1773 3047 1845 αὐτῇ
3099 1772 3492 1844 περιθήσομεν.
3545 1773 3644 1845 Μὴ

370 1855 536 1931 779
563 1863 749 1913 utrum
775 1855 1032 1912 eximiam
1057 1835 1176 1926 prae
1208 1856 1424 1911 ueteris
1452 1835 1723 1912 creaturis
1753 1857 1945 1914 habeat

2054 1835 2161 1935 γάρ
2188 1835 2275 1926 τίς
2299 1864 2363 1916 ἐκ
2387 1835 2814 1934 φρενοϐλαϐείας
2835 1835 3046 1917 οἰέσθω.
3063 1835 3263 1934 πολλῆς
3288 1835 3639 1933 -ἀέιάγαστόν

367 1960 626 2008 naturam
650 1988 665 2014 ,
697 1947 794 2004 sed
821 1955 1008 2003 utrum
1035 1947 1266 2002 omnino
1293 1957 1512 2003 creatus
1541 1947 1632 2004 sit.
1659 1947 1945 2014 Quomodo

2050 1974 2103 2011 τι
2147 1956 2241 2012 καὶ
2277 1956 2422 2028 μέγα
2479 1956 2610 2026 περὶ
2655 1955 2785 2009 Υίοῦ
2826 1957 3045 2028 φρονεῖν
3081 1973 3141 2009 τε
3175 1957 3270 2010 ml.
3305 1955 3522 2025 λέγειν,
3555 1956 3640 2009 ὅτι

363 2043 510 2102 enim
545 2051 803 2099 creatura
841 2055 950 2095 non
980 2041 1122 2106 erit,
1161 2039 1207 2095 si
1253 2047 1641 2095 creaturarum
1693 2042 1766 2096 sit
1809 2056 1952 2111 pm-

366 2134 713 2192 stantissima
738 2132 764 2188 ?
797 2134 867 2188 At
895 2129 1257 2187 violataxFilii
1286 2130 1585 2202 majestate
1615 2131 1669 2186 in
1704 2147 1772 2189 eo
1800 2132 1950 2204 quod

364 2229 546 2300 ipsum
581 2225 790 2282 factum
827 2240 954 2282 esse
986 2223 1216 2288 dicunt,
1251 2222 1383 2293 quid
1431 2222 1639 2280 frustra
1684 2225 1734 2280 ei
1776 2239 1950 2302 reme:

365 2321 520 2378 dium
559 2321 730 2376 veluti
791 2317 1070 2390 quoddam
1131 2314 1436 2381 adhibent,
1484 2316 1631 2386 quod
1685 2316 1947 2372 nimirum

360 2414 543 2472 locum
601 2421 787 2467 teneat
843 2410 1183 2480 reliquorum
1239 2411 1491 2466 omnium
1549 2409 1945 2481 praestantissi-

362 2501 858 2571 mum‘ilnjuriam
891 2500 1080 2571 itaque
1130 2500 1226 2556 Dei
1272 2516 1337 2556 ac
1388 2500 1572 2556 Patris
1622 2502 1947 2558 substantiae

362 2596 669 2660 faciemus,
704 2601 802 2647 aut
835 2592 1036 2647 horum
1070 2591 1410 2662 agendorum
1444 2602 1772 2666 potestatem
1806 2591 1947 2647 Filio

362 2689 684 2760 alﬁngemus
707 2727 724 2753 ,
757 2685 853 2757 qui
883 2694 938 2741 et
966 2685 1087 2756 ipse
1116 2693 1338 2742 creatus
1378 2693 1498 2754 est,
1550 2694 1612 2740 ut
1656 2688 1820 2741 stulte
1868 2687 1946 2741 illi

360 2777 848 2851 philosophantur.
902 2773 1010 2830 Sed
1066 2789 1178 2830 non
1243 2773 1484 2832 feremus
1550 2789 1646 2832 eos
1701 2776 1948 2830 dii-entes

361 2869 594 2934 Filium,
618 2883 745 2923 cum
783 2865 1091 2922 secundum
1122 2872 1377 2920 naturam
1413 2874 1671 2922 creatura
1703 2869 1799 2932 sit,
1833 2867 1947 2921 dei-

360 2961 498 3016 tatis
547 2967 739 3014 tamen
790 2972 957 3028 opera
1005 2956 1222 3020 facere,
1269 2970 1396 3010 cum
1440 2957 1521 3011 ita
1567 2958 1828 3027 placitum
1872 2958 1946 3013 sit

361 3048 476 3106 Deo
507 3063 572 3104 ac
601 3046 776 3102 Patri.
818 3044 953 3100 Nam
990 3046 1036 3100 si
1080 3033 1155 3101 ex.
1193 3045 1479 3116 Scriptura
1527 3045 1710 3101 divina
1754 3057 1943 3104 osten-

362 3141 496 3196 dere
542 3137 599 3194 id
631 3143 898 3210 possunt,
931 3135 1080 3206 quod
1129 3146 1364 3207 possunt
1404 3135 1723 3207 proferant,
1759 3146 1812 3192 et
1860 3138 1943 3192 in-

362 3238 652 3302 corruptas
682 3229 840 3285 nobis
871 3235 1196 3285 sanctorum
1225 3241 1390 3282 voces
1433 3235 1790 3282 conservent.
1842 3225 1939 3281 Sin

361 3332 541 3380 autem
599 3337 666 3378 ex
724 3335 828 3377 suo
879 3335 1050 3376 sensu
1109 3319 1359 3374 rationes
1415 3319 1938 3386 comminiscuntur,

361 3415 500 3471 scite
567 3412 856 3469 dicemus:
890 3431 908 3463 ‹
945 3410 1039 3466 Vae.
1098 3411 1196 3482 qui
1253 3411 1592 3482 prophetant
1655 3412 1724 3467 de
1781 3413 1946 3468 corde

361 3520 464 3561 suo
491 3505 562 3559 ".
593 3523 614 3556 ›
645 3504 742 3558 illa
775 3503 923 3559 enim
956 3501 1180 3558 Patrem
1231 3517 1450 3574 semper
1496 3502 1637 3558 velle
1675 3504 1942 3560 concede-

359 3612 514 3661 mus,
549 3612 672 3668 quae
697 3595 945 3651 divinam
971 3596 1093 3666 ejus
1121 3595 1353 3667 gloriam
1385 3595 1662 3652 sinceram
1695 3605 1748 3652 et
1775 3596 1947 3651 invio«

358 3690 526 3744 latam
556 3703 779 3745 servare
809 3698 1056 3758 queunt,
1113 3698 1170 3742 et
1228 3688 1545 3758 dogmatnm
1595 3703 1719 3757 qum
1771 3687 1838 3743 de
1881 3703 1945 3744 eo

307 3823 324 3843 .
359 3790 489 3837 sunt
518 3789 726 3836 rectam
763 3781 1038 3834 rationem
1085 3789 1333 3834 tuentur.
1386 3778 1685 3844 Quocirca,
1723 3779 1944 3835 illorum

358 3873 578 3929 insania
613 3872 799 3924 valere
842 3869 1036 3938 jussa,
1083 3869 1152 3924 ad
1183 3879 1396 3926 rectam
1431 3869 1499 3926 de
1535 3885 1602 3926 eo
1629 3870 1944 3925 doctrinam

358 3970 769 4027 convertamur,
799 3961 1096 4014 credentes
1126 3975 1194 4015 ex
1238 3962 1554 4017 substantia
1599 3961 1694 4016 Dei
1737 3977 1801 4018 ac
1840 3961 1950 4016 Pa-

359 4057 461 4112 tris
495 4054 742 4125 genitum
773 4066 898 4109 esse
927 4049 1135 4106 Filium
1166 4068 1294 4109 vere
1316 4093 1331 4119 ,
1382 4061 1437 4108 et
1487 4054 1657 4109 Deum
1715 4055 1784 4110 de
1837 4055 1948 4111 Deo

360 4145 665 4204 secundum
698 4139 978 4198 naturam.
1009 4143 1149 4198 Cum
1179 4144 1252 4199 sit
1288 4145 1436 4199 enim
1469 4145 1759 4200 character
1787 4156 1842 4202 et
1882 4148 1949 4203 si-

360 4237 616 4292 militudo
645 4234 740 4290 Dei
771 4249 835 4290 ac
865 4233 1081 4299 Patris,
1134 4238 1263 4290 vere
1312 4235 1583 4305 loquitur,
1642 4251 1768 4291 cum
1823 4239 1944 4292 ait:

365 4347 383 4380 ι
408 4327 515 4394 Qui
545 4327 686 4380 vidit
717 4339 801 4379 me
825 4364 839 4387 ,
894 4324 1036 4380 vidit
1088 4334 1142 4378 et
1190 4323 1408 4379 Patrem
1440 4341 1454 4378 :
1489 4326 1768 4395 quomodo
1813 4343 1947 4400 ergo

361 4420 502 4475 dicis
529 4437 542 4473 :
577 4415 817 4472 Ostende
844 4416 1004 4471 nobis
1036 4415 1256 4470 Patrem
1283 4415 1306 4470 ί
1339 4435 1356 4468 ι
1389 4415 1543 4471 Licet
1575 4417 1780 4489 quippe
1809 4421 1945 4482 tibi,

1969 3190 2016 3252 C

2049 2047 2256 2118 κτίσμα
2286 2047 2384 2118 μέν
2408 2047 2576 2109 ἐστιν,
2593 2046 2690 2117 οὐχ
2716 2047 2792 2110 ὡς
2824 2045 2881 2099 ἓν
2910 2047 2968 2100 δὲ
2992 2064 3099 2099 των
3129 2045 3444 2116 κτισμάτων
3469 2063 3482 2075 ·
3508 2047 3640 2100 ῖστω

2048 2138 2107 2192 δὲ
2131 2139 2191 2192 ού
2226 2138 2438 2211 μικρῶς
2460 2137 2663 2192 ἀδικῶν
2692 2136 2790 2208 τὴν
2819 2137 2976 2204 δόξαν
3006 2138 3192 2192 αὐτοῦ.
3235 2139 3310 2192 ὒύ
3336 2137 3446 2207 γάρ
3471 2139 3519 2190 εἰ
3546 2136 3634 2202 ἐξι

2049 2230 2265 2303 αίρετον
2288 2231 2400 2301 ἔχει
2430 2230 2527 2302 τὴν
2557 2228 2719 2300 φύσιν
2741 2229 2894 2301 παρά
2915 2230 2984 2284 τά
3007 2229 3145 2284 ἄλλα
3174 2229 3452 2300 κτίσματα
3473 2228 3638 2300 ζητη-

2047 2320 2189 2386 τέον,
2221 2319 2337 2373 ἀλλ’
2361 2320 2409 2372 εί
2431 2319 2654 2389 γέγονεν
2679 2318 2834 2382 ὅλως.
2869 2319 2944 2371 Τὸ
2973 2319 3081 2391 γὰρ
3107 2311 3246 2372 εἶναι
3283 2318 3494 2388 κτίσμα
3517 2317 3638 2380 πῶς

2049 2411 2116 2465 ἂν
2147 2409 2432 2480 διαφύγοι,
2469 2411 2518 2462 εί
2557 2410 2650 2463 καὶ
2686 2408 2905 2463 πάντων
2935 2409 3055 2462 ἐστὶ
3088 2407 3196 2463 τῶν
3232 2407 3548 2478 κτισμάτων
3575 2407 3639 2460 τὸ

2046 2502 2366 2570 κάλλιστον;
2411 2501 2803 2573 Ἀδικουμένης
2827 2502 2882 2555 δὲ
2901 2501 3003 2571 τῆς
3031 2501 3189 2572 δόξης
3199 2500 3294 2554 τοῦ
3317 2500 3446 2554 Υἱοῦ
3469 2501 3528 2554 ἐν
3555 2499 3638 2570 τῷ

2047 2594 2499 2662 γενέσθαιλέγειν
2521 2593 2771 2661 αύτὸν,τί
2793 2593 2970 2663 μάτην
2989 2592 3272 2662 ἐπάγουσι,
3302 2591 3555 2662 καθάπερ
3581 2609 3636 2644 τι

2048 2687 2338 2757 φάρμακον
2370 2685 2520 2756 αύτῷ
2541 2727 2556 2751 ,
2602 2684 2662 2738 τὸ
2689 2686 2745 2737 ἐν
2773 2685 2850 2756 τῷ
2875 2683 3143 2753 καλλίστῳ
3176 2683 3285 2738 τῶν
3310 2683 3486 2737 ἄλλων
3532 2684 3636 2736 ὑπ-

2049 2778 2236 2848 άρχειν
2264 2778 2456 2848 τόπῳς
2521 2775 2847 2848 ’Υὸριοῦμεν
2891 2774 3184 2846 τοιγαροῦν
3227 2774 3327 2845 τὴν
3372 2775 3466 2828 τοῦ
3498 2774 3634 2828 Θεοῦ

2049 2869 2142 2922 καὶ
2184 2869 2398 2940 Πατρὺς
2446 2867 2666 2931 οὐσίαν,
2717 2867 2750 2938 ἣ
2797 2865 2972 2922 ταῦτα
3013 2867 3279 2920 δύνασθαι
3333 2865 3635 2936 κατορθοῦν

2048 2958 2422 3030 περιθήσομεν
2454 2957 2532 3029 τῷ
2561 2959 2697 3029 Υίῷ,
2722 2958 2934 3028 γενητῷ
2967 2958 3061 3010 καὶ
3110 2956 3259 3028 αὐτῷ
3289 2958 3633 3028 τυγχάνοντι,

2047 3049 2188 3103 κατὰ
2216 3049 2307 3103 τὸν
2331 3051 2556 3105 ἐκείνων
2582 3050 2770 3122 ἀμαθῆ
2800 3051 2894 3104 καὶ
2927 3049 3185 3104 ἀσύνετον
3209 3050 3489 3120 λογισμόν.
3517 3050 3634 3102 Οὐκ

2046 3142 2348 3212 ἀνεξόμεθα
2385 3143 2440 3196 δὲ
2479 3143 2747 3210 λεγόντων
2783 3142 2992 3206 αὐτῶν,
3045 3143 3126 3195 ὅτι
3157 3142 3225 3196 τὰ
3249 3143 3347 3211 τῆς
3383 3141 3638 3213 θεότητος

2046 3234 2182 3307 ἔργα
2209 3236 2481 3306 κατορθοῖ,
2514 3236 2719 3307 κτίσμα
2748 3235 2890 3289 κατά
2931 3236 3092 3304 φύσιν
3137 3234 3401 3305 ὑπάρχων
3430 3237 3457 3288 ὁ
3484 3234 3635 3296 Υἱὸς,

2045 3327 2188 3382 οὕτω
2215 3327 2372 3393 δόξαν
2416 3327 2494 3397 τῷ
2542 3328 2662 3397 Θεῷ
2712 3327 2806 3380 καὶ
2831 3327 3026 3398 Πατρί.
3078 3328 3141 3380 Εἰ
3167 3327 3266 3398 μὲν
3309 3326 3417 3397 γὰρ
3451 3325 3637 3396 ἔχουσι

2044 3420 2309 3474 δεικνύειν
2346 3420 2504 3472 τοῦτο
2536 3420 2644 3473 ἀπὸ
2683 3419 2782 3489 τῆς
2832 3418 2982 3482 θείας
3008 3418 3268 3490 Γραφῆς,
3318 3435 3632 3489 παρακομι-

2047 3513 2247 3578 ζόντων
2297 3513 2332 3568 ἃ
2359 3513 2658 3584 βούλονται,
2683 3513 2777 3565 καλ⁹
2797 3511 3211 3582 ἀκαπηλεύτους
3235 3513 3365 3583 ἡμῖν
3394 3511 3491 3575 τάς
3526 3510 3636 3564 τῶν

2049 3604 2217 3673 ἁγίων
2263 3603 2574 3675 τηρούντων
2617 3602 2821 3672 φωνάς.
2877 3602 2941 3656 Ei
2974 3601 3028 3655 δέ
3057 3602 3282 3672 γνώμης
3316 3600 3449 3665 ἰδίας
3480 3601 3636 3672 εὑρή-
3733 3657 3737 3660 ,

2052 3713 2218 3766 ματα,
2253 3696 2346 3748 ml.
2373 3696 2498 3759 τοὺς
2526 3695 2619 3747 ἐπὶ
2648 3694 2822 3764 τούτῳ
2848 3693 3172 3764 πεποίηνται
3194 3692 3512 3764 λογισμοὺς,
3537 3711 3634 3762 χα-

2051 3787 2272 3858 ριέντως
2317 3787 2581 3858 ἐροῦμεν
2640 3806 2658 3836 ι
2704 3788 2838 3840 Οὐαὶ
2871 3789 2983 3848 τοῖς
3046 3785 3480 3856 προφητεύουσιν
3527 3786 3638 3840 ἀπὸ

2049 3875 2276 3948 καρδίας
2299 3876 2476 3929 αὐτῶν
2497 3879 2509 3930 !
2539 3897 2555 3926 ›
2581 3877 2790 3929 Ἐκεῖνα
2812 3876 2922 3947 γὰρ
2938 3875 3179 3946 δώσομεν
3201 3873 3404 3929 ἐθέλειν
3429 3876 3515 3928 ἀεὶ
3543 3875 3637 3928 τὸν

2049 3967 2305 4038 Πατέρα,
2346 3967 2382 4022 ἃ
2413 3969 2510 4038 τὴν
2561 3967 2711 4021 θείαν
2759 3967 2923 4020 αὑτοῦ
2967 3966 3124 4034 δόξαν
3166 3967 3634 4040 ἀπαραχάρακτον

2049 4053 2158 4112 οἶδε
2189 4062 2374 4131 τηρεῖν
2395 4100 2408 4122 ,
2437 4061 2533 4113 καὶ
2561 4060 2666 4113 τῶν
2693 4061 2841 4130 περὶ.
2859 4058 3025 4113 αὑτοῦ
3056 4060 3346 4132 δογμάτων
3377 4059 3636 4124 διασώζει

2047 4153 2145 4221 τὴν
2177 4149 2463 4221 ὀρθότητα.
2487 4146 2696 4202 Ούκοῦν
2719 4149 2839 4211 ταῖς
2861 4146 3084 4201 ἐκείνων
3110 4147 3424 4210 ἀσυνεσίαις
3453 4146 3514 4200 τὸ
3544 4148 3633 4217 ἐρ-

2050 4243 2256 4316 ρῶσθαι
2289 4242 2616 4314 φράσαντες,
2649 4240 2742 4294 ἐπὶ⁵
2771 4239 2860 4293 τὸν
2895 4238 3071 4309 ἀληθῆ
3099 4239 3228 4308 περὶ
3263 4236 3427 4290 αὐτοῦ
3455 4239 3634 4308 χωρήι

2049 4353 2230 4406 σωμεν
2252 4334 2407 4403 λόγον
2427 4375 2441 4398 ,
2488 4335 2550 4386 ἐκ
2577 4332 2678 4402 τῆς
2717 4331 2902 4396 οὐσίας
2927 4331 3250 4400 γεννηθῆναι
3285 4327 3658 4390 πιστεύοντες

2050 4425 2142 4478 τοῦ
2171 4423 2306 4478 Θεοῦ
2335 4424 2429 4478 ml.
2457 4421 2668 4494 Πατρδς
2700 4423 2827 4476 Υίὸν
2857 4421 3094 4492 ἀληθῶς,
3125 4421 3219 4474 καὶ
3246 4420 3376 4473 Θεὸν
3405 4421 3468 4473 ἐκ
3494 4417 3630 4473 Θεοῦ

359 4510 577 4580 inquit,
603 4506 852 4577 Philippe
874 4547 890 4571 ,
933 4503 1122 4560 Patris
1168 4507 1221 4560 in
1251 4520 1346 4561 me
1365 4507 1736 4578 contemplari
1782 4518 1945 4565 uatu-

2053 4518 2193 4572 κατά
2226 4516 2404 4586 φύσιν.
2468 4514 2747 4585 Ἀληθεύει
2793 4515 2902 4585 γὰρ
2930 4512 3102 4577 οὕτως
3131 4512 3394 4583 ὑπάρχων
3428 4512 3521 4564 καὶ
3543 4527 3637 4582 χα-

359 4617 476 4656 ram
499 4641 513 4664 ,
547 4608 602 4656 et
635 4616 700 4654 ex
735 4613 802 4653 eo
830 4597 978 4668 quod
1022 4613 1143 4651 sum
1191 4599 1311 4668 ipse
1333 4637 1347 4658 .
1400 4600 1706 4669 genitorem
1760 4604 1943 4672 perci-

228 4713 237 4723 -
331 4692 507 4762 lpere.
566 4691 764 4745 Exstiti
813 4688 960 4744 enim
1006 4697 1060 4743 et
1093 4704 1216 4743 smn
1257 4705 1391 4745 vere
1439 4691 1768 4748 substantiae
1817 4695 1941 4763 ejus

359 4786 667 4844 character,
701 4797 796 4854 per
830 4781 1016 4835 omnia
1059 4780 1262 4836 similis
1291 4789 1344 4836 et
1377 4782 1560 4852 imago
1596 4783 1944 4852 perfectissi-

358 4891 444 4928 ma
474 4875 549 4936 °',
586 4882 756 4929 totam
783 4873 840 4926 in
872 4873 1082 4943 meipso
1114 4871 1209 4927 Dei
1243 4887 1308 4927 ac
1339 4871 1520 4928 Patris
1552 4883 1812 4931 naturam
1843 4894 1942 4933 ex-

357 4966 619 5032 primens.
676 4962 849 5029 Quem
901 4962 1122 5017 demum
1181 4962 1416 5018 visionis
1459 4965 1664 5022 divinae
1711 4969 1932 5023 modum

358 5055 524 5107 alium
550 5052 866 5122 quaesieris,
892 5053 939 5105 si
968 5052 1068 5107 tibi
1096 5067 1233 5107 sana
1260 5067 1418 5109 mens
1446 5069 1570 5110 esse
1597 5037 1816 5126 potest,
1841 5068 1938 5116 aut

357 5143 537 5213 quod,
601 5156 824 5212 quaeso,
881 5138 1114 5197 visionis
1165 5157 1340 5212 genus
1411 5145 1630 5215 rogas?
1663 5145 1935 5218 Nunquid

358 5232 796 5302 praestantiorem
831 5239 889 5286 et
928 5231 1104 5302 magis
1136 5231 1474 5302 exquisitam
1512 5237 1797 5293 veteribus
1835 5237 1937 5292 da-

357 5337 466 5379 tam
484 5339 611 5380 esse
639 5324 950 5391 existimas,
974 5339 1101 5380 cum
1134 5325 1190 5381 in
1221 5337 1467 5384 montem
1505 5328 1636 5386 Sina
1661 5333 1715 5387 in
1751 5335 1938 5404 specie

358 5417 500 5488 ignis
531 5415 790 5472 descendi
824 5415 917 5470 "‘l
942 5415 1023 5472 0b
1063 5417 1168 5475 hoc
1193 5420 1338 5477 enim
1369 5419 1545 5478 Judaei
1583 5425 1934 5494 potissimum

359 5507 582 5579 gloriari
611 5506 809 5561 solent.
843 5506 969 5565 Haec
1011 5524 1040 5564 a
1079 5510 1306 5569 Christo
1369 5513 1562 5571 forsan
1609 5517 1758 5572 dicta
1805 5518 1930 5589 qui-

359 5601 478 5655 dem
521 5613 644 5654 esse
689 5598 1044 5668 putabimus:
1081 5613 1339 5661 caeterum
1377 5609 1447 5664 ad
1497 5607 1590 5664 Dei
1637 5619 1692 5665 et
1746 5609 1928 5666 Patris

430 5767 476 5800 ⁸⁵
499 5777 696 5839 Ezech.
730 5792 825 5838 xm
851 5819 867 5848 ,
903 5781 954 5836 5.
1030 5781 1076 5813 "
1107 5781 1148 5837 ll
1180 5782 1308 5839 Cor.
1364 5799 1437 5851 tv,
1478 5783 1748 5855 4;]lebr.
1778 5807 1830 5856 ι,
1875 5793 1926 5846 '5.

2053 4607 2284 4677 ρακτὴρ,
2318 4606 2415 4658 καὶ
2445 4604 2701 4674 ὁμοίωσις
2725 4602 2819 4655 τοῦ
2855 4601 2990 4655 Θεοῦ
3023 4603 3112 4655 καὶ
3147 4602 3384 4672 Πατρὸς,
3416 4601 3591 4668 λέγων
3614 4616 3630 4631 ⁸

2051 4722 2071 4754 ι
2095 4703 2152 4755 Ὀ
2181 4700 2443 4774 ἑωρακὼς
2471 4700 2600 4769 ἐμὲ,
2636 4698 2848 4770 ἑώρακε
2875 4698 2965 4752 τὸν
2995 4699 3215 4770 Πατέρα
3239 4716 3252 4729 °
3278 4699 3396 4762 πῶς
3421 4695 3513 4753 οῦν
3544 4699 3634 4752 λέ-

2045 4812 2161 4864 γεις
2187 4811 2201 4824 ο
2236 4789 2417 4856 Δεῖξον
2456 4792 2588 4860 ἡμῖν
2619 4790 2712 4843 τὸν
2748 4790 3006 4859 Πατέρα;
3041 4809 3059 4841 ι
3109 4791 3258 4858 Ἐξὸν
3286 4791 3395 4860 γάρ
3431 4791 3495 4861 δή
3526 4807 3630 4853 σοι,

2045 4887 2240 4958 φησὶν,
2268 4879 2313 4938 ὦ
2337 4884 2598 4948 Φίλιππε,
2629 4885 2728 4955 τὴν
2753 4883 2846 4936 τοῦ
2877 4883 3092 4954 Πατρδς
3124 4885 3181 4936 ἐν
3210 4884 3334 4954 ἐμοὶ
3362 4883 3632 4937 καταθεά-

2047 4979 2244 5034 σασθαι
2274 4978 2469 5046 φύσιν,
2524 4977 2619 5031 καὶ
2652 4975 2712 5040 ἐξ
2749 4968 2824 5029 ὧν
2859 4976 3019 5039 αὐτός
3049 4977 3164 5047 εἰμι
3207 4975 3632 5030 διασκέπτεσθαι

2043 5068 2132 5122 τὸν
2147 5069 2465 5138 γεννήτορα.
2492 5066 2718 5137 Πέφηνά
2741 5083 2800 5119 τε
2829 5065 2935 5137 γὰρ
2961 5067 3055 5119 ml.
3074 5066 3188 5137 εἰμὶ
3208 5067 3328 5120 κατ’
3347 5066 3629 5139 ἀλήθειαν,

2044 5160 2139 5214 ml.
2163 5159 2263 5230 τῆς
2291 5159 2478 5223 οὐσίας
2526 5157 2692 5214 αὑτοῦ
2723 5157 3008 5230 χαρακτὴρ
3059 5158 3498 5230 ἀπαράλλακτος,
3535 5159 3633 5211 ml.

2045 5252 2207 5308 εἰκὼν
2237 5253 2485 5325 ἐμφερὴς
2507 5293 2522 5316 ,
2552 5253 2678 5322 ὅλην
2711 5253 2769 5305 ἐν
2813 5250 3038 5323 ἐμαυτῷ
3079 5251 3180 5322 τὴν
3213 5251 3308 5304 τοῦ
3348 5251 3484 5305 Θεοῦ
3535 5251 3630 5304 καὶ

2045 5343 2256 5414 Πατρδς
2286 5345 2638 5416 ἐγχαράττων
2675 5344 2856 5412 φύσιν.
2904 5344 3063 5397 Ποῖον
3101 5342 3180 5396 ἔτι
3226 5345 3325 5412 τῆς
3374 5345 3627 5408 θεοπτίας

2044 5435 2403 5505 ἐπιζητήσαις
2429 5435 2494 5489 ἂν
2522 5434 2722 5506 τρόπον
2747 5434 2958 5505 ἕτερον.
2976 5434 3029 5488 εῐ
3050 5434 3114 5504 γέ
3139 5451 3219 5486 σοι
3239 5435 3440 5506 προσὸν
3458 5434 3620 5504 ὁρῷτς

2040 5527 2100 5579 τὸ
2130 5525 2199 5580 τά
2244 5526 2428 5581 εἰκότα
2465 5525 2722 5580 δύνασθαι
2761 5529 3014 5599 φρονεῖν,
3069 5524 3320 5596 ἥποίαν,
3363 5525 3484 5577 είπέ
3513 5542 3641 5591 por,-

2040 5615 2273 5686 θεωρίαν
2297 5619 2472 5680 αἰτεῖς
2497 5612 2680 5688 ;τΑρα
2708 5615 2784 5688 μὴ
2806 5617 3088 5690 κρείττονα
3119 5615 3210 5668 καὶ
3230 5612 3627 5684 ἁκριὸεστέραν

2009 5796 2052 5825 9³
2091 5793 2266 5849 Exod.
2310 5810 2424 5860 nx,
2466 5795 2552 5847 ~18.
