4076 6270
430 399 540 460 eos

1466 393 1533 452 IN
1571 362 1855 452 JdANNlS
1882 387 2335 451 EVANGELIUM
2373 394 2502 452 ue.
2545 394 2635 452 ιχ.

3555 354 3676 450 fm

432 528 538 580 οἴει
565 521 807 577 δεδόσθαι
828 521 940 584 τοῖς
968 517 1344 591 ἀρχαιοτέροις
1361 561 1375 584 ,
1401 517 1489 572 ὅτε
1521 517 1758 589 κατέϐην
1790 517 1848 569 ὲν
1873 515 2007 569 είδει

2113 519 2485 590 cognitionem
2521 520 2737 592 potiora
2772 535 2893 577 esse
2920 517 3128 577 Christi
3154 517 3473 575 Servaturis
3496 517 3672 573 nostri
3750 526 3755 531 '

432 613 604 686 πυρός
646 613 739 665 ἐπὶ
773 611 839 665 τὸ
879 611 1004 681 ὅρος
1045 609 1105 662 τὸ
1143 609 1309 672 Σινᾶς
1366 607 1507 661 Πολὺ
1544 607 1654 678 γὰρ
1696 607 1880 676 αὐχεῖν
1910 604 2003 656 ἐπὶ

431 704 603 774 τούτῳ
623 702 688 775 δὴ
715 702 951 775 μάλιστα
974 702 1087 765 τοῖς
1123 698 1396 762 Ἰουδαίοις
1438 701 1496 752 ὲν
1519 696 1649 752 ἔθει.
1694 695 1863 750 Ταυτὶ
1902 694 2003 765 μὲν

430 796 560 857 τσως
589 794 990 865 ύπονοήσαιμεν
1017 792 1085 845 ἂν
1115 791 1273 862 τυχὸν
1308 788 1601 859 διειλέχθαι
1624 787 1857 860 Χριστόν
1879 802 1892 816 ’
1919 786 2003 839 ὅτι

425 886 475 940 6‘
500 881 594 939 οὖν
618 885 860 956 ἀμείνων
887 886 967 948 εἰς
999 882 1201 951 γνῶσιν
1226 881 1325 953 τὴν
1348 879 1442 935 τοῦ
1471 878 1606 933 Θεοῦ
1644 879 1738 932 καὶ
1766 876 2000 948 Πατρὸς,

427 977 466 1047 ἡ
491 976 599 1029 τῶν
631 974 949 1047 παραδόξων
993 971 1249 1038 ἐπίδειξις
1273 972 1369 1027 τοῦ
1401 972 1649 1041 Σωτῆρος
1687 968 1844 1040 ἡμῶν
1870 968 2003 1038 Χρι-

431 1066 585 1132 στοῦ,
607 1066 707 1139 τῆς
744 1068 804 1120 ὲν
832 1065 912 1136 τῷ
927 1063 1049 1135 θρει
1079 1065 1237 1135 Σινᾷ,
1285 1062 1482 1134 χρῆναι
1504 1062 1614 1114 δεῖν
1638 1056 2003 1129 ὑπολαμϐάνω

428 1158 527 1212 καὶ
553 1156 646 1212 νῦν
667 1158 815 1229 ἡμᾶς
847 1156 1150 1211 ἀοκνότατα
1179 1154 1377 1226 λέγειν..
1408 1153 1568 1225 Ὅψει
1606 1148 1715 1221 γὰρ
1743 1148 1886 1203 οὕτω
1911 1148 2003 1201 τὸν

425 1246 726 1313 ¹Φίλιππον,
752 1243 1170 1317 παρακειμένης
1212 1242 1361 1314 αὐτῷ
1393 1242 1493 1313 τῆς
1521 1238 1753 1312 ἀληθοῦς
1773 1237 2000 1302 εἰκόνος,

400 1335 530 1390 ὀὐκ
559 1334 876 1405 ἀναγκαίως
904 1334 1206 1405 αἰτήσαντα
1242 1333 1342 1403 τὴν
1383 1331 1739 1403 ἑτερότροπον
1765 1328 2004 1401 θεωρίαν

423 1425 523 1481 τοῦ
547 1426 682 1481 Θεοῦ
714 1426 809 1481 καὶ
834 1426 1067 1497 Πατρὸς,
1097 1426 1133 1496 ἠ
1162 1424 1257 1478 καὶ
1289 1425 1401 1486 τοῖς
1434 1422 1816 1494 ἀρχαιοτέροις
1843 1419 2002 1490 ἐδόθη

422 1517 649 1573 κατὰτὸ
685 1518 810 1590 όρος
837 1518 987 1572 Σινᾶ.
1036 1515 1259 1585 Κατέϐη
1291 1516 1389 1586 μὲν
1411 1515 1521 1585 γὰρ
1562 1515 1676 1567 ἐκεῖ
1697 1512 1902 1585 Κύριος
1943 1514 2003 1565 ὲν

426 1611 563 1666 εῖδει
597 1612 801 1683 πυρὸς,
832 1610 977 1664 καθὰ
1006 1609 1350 1680 γέγραπται,
1382 1606 1733 1677 θεωρούντων
1759 1604 2002 1676 δηλονότι

423 1703 539 1756 τῶν
567 1702 628 1767 ἐξ
665 1701 898 1774 Ἰσραήλ,
938 1700 1076 1755 Ἀλλ’
1099 1701 1199 1754 οὐκ
1229 1699 1325 1762 ἀν,
1359 1696 1514 1769 οἶμαι
1534 1737 1547 1763 ,
1580 1698 1665 1761 τὶς
1693 1697 1782 1751 διὰ
1807 1695 2000 1750 τούτου

424 1796 510 1855 εἰς
534 1792 990 1864 ἐννοίαςσάληθεϊς
1008 1792 1191 1848 ἐλάσαι
1220 1792 1351 1845 ποτὲ
1378 1791 1476 1854 τὰς
1506 1791 1633 1861 περὶ
1650 1787 1810 1851 Θεοῦ,
1834 1788 2001 1858 ἤγουν

2106 609 2398 676 miracula,
2425 625 2592 682 quam
2625 625 2747 682 quae
2788 610 2845 666 in
2879 618 3063 666 monte
3097 608 3227 664 Sina
3255 605 3399 664 edita
3429 605 3674 670 fuerunt,

2103 701 2335 771 impigre
2388 717 2607 772 quoque
2662 718 2810 757 nunc
2866 701 3025 759 nobis
3083 698 3468 772 exponendum
3528 699 3678 755 arbi-

2104 803 2245 849 tror.
2297 790 2377 847 Ita
2432 808 2672 864 namque
2724 792 2938 849 videbis
3014 807 3126 848 non
3194 804 3425 847 necesse
3462 780 3467 784 ’
3503 789 3676 846 fuisse

2106 886 2355 958 Philippo
2382 895 2462 951 ut,
2492 901 2619 942 cum
2648 886 2698 942 ei
2731 901 2859 943 vera
2891 886 3113 943 adesset
3152 886 3333 957 imago
3355 926 3370 952 ,
3399 883 3673 939 diversam

2106 980 2374 1036 visionem
2421 977 2587 1049 730
2628 975 2724 1033 Dei
2761 992 2826 1032 ac
2858 975 3040 1033 Patris
3072 982 3316 1047 peteret,
3350 988 3474 1044 qum
3503 981 3558 1029 et
3583 987 3675 1028 ve-

2103 1073 2315 1128 teribus
2346 1071 2473 1127 data
2508 1078 2595 1126 est
2625 1069 2692 1124 ad
2726 1076 2967 1125 montem
2996 1068 3151 1124 Sina.
3201 1066 3494 1124 Descendit
3523 1065 3674 1122 enim

2103 1164 2234 1219 illuc
2281 1162 2550 1218 Dominus
2594 1162 2652 1216 in
2686 1161 2870 1232 specie
2903 1161 3084 1231 ignis,
3135 1167 3199 1214 ut
3244 1158 3511 1229 scriptum
3554 1163 3675 1222 est,

2106 1251 2486 1323 spectantibus
2547 1250 2810 1305 nimirum
2868 1248 3163 1305 lsraelitis.
3200 1246 3309 1304 Sed
3365 1261 3565 1311 nemo,
3618 1253 3680 1299 ut

2106 1357 2251 1405 reor,
2288 1356 2384 1410 per
2414 1341 2516 1395 hoc
2546 1339 2613 1395 ad
2642 1353 2802 1395 veras
2822 1338 2891 1394 de
2913 1338 3025 1394 Deo
3044 1340 3303 1395 notiones
3330 1335 3672 1419 pervenerit,

2106 1440 2198 1484 aut
2225 1429 2291 1483 ad
2325 1428 2645 1500 opinionem
2674 1427 2863 1482 deitati
2894 1436 3297 1498 congruentem
3330 1424 3671 1482 ascenderit:

2104 1521 2382 1593 quomodo
2412 1521 2557 1575 enim
2583 1562 2598 1586 ,
2633 1534 2823 1590 quaaso
2844 1560 2858 1584 ,
2889 1533 2989 1589 per
3019 1519 3200 1589 ignem
3231 1517 3379 1574 velut
3424 1517 3493 1571 ab
3535 1517 3676 1571 ima.-

2102 1617 2227 1687 gine
2274 1613 2510 1684 quadam
2562 1612 2851 1667 veniemus
2915 1610 2984 1666 ad
3035 1610 3434 1682 archetypum,
3489 1608 3545 1665 id
3591 1617 3676 1664 est

2107 1706 2321 1761 Patrem
2356 1718 2421 1759 ac
2448 1701 2666 1758 Deum?
2697 1692 2884 1757 Bonus
2930 1700 3208 1772 siquidem
3257 1701 3400 1756 Deus
3448 1708 3534 1756 est
3574 1713 3676 1753 na-

2105 1807 2227 1853 tura
2251 1837 2265 1860 ,
2299 1810 2364 1851 ac
2394 1801 2657 1865 praeterea
2684 1793 2866 1864 opifex
2884 1834 2899 1860 ,
2924 1792 3018 1863 qui
3051 1792 3105 1845 in
3131 1799 3315 1846 ortum
3344 1790 3528 1847 educit
3555 1804 3676 1861 qua:

421 1885 508 1947 εἰς
531 1883 632 1955 τὴν
656 1886 723 1954 τῇ
746 1859 963 1955 θεότητι
988 1883 1301 1955 πρέπουσαν
1335 1859 1684 1951 ἀναπηδῆσαι
1714 1876 1997 1967 ξιάληψινο

2113 1859 2411 1960 aliquando
2446 1902 2555 1943 non
2592 1859 2778 1950 erant,
2826 1859 3005 1956 eaque
3039 1884 3094 1939 in
3146 1898 3272 1941 esse
3306 1859 3588 1939 continen
3622 1889 3678 1936 et

421 1972 543 2035 πῶς
570 1972 681 2042 γὰρ
709 1970 845 2039 ὅλως
871 1971 958 2025 διὰ
983 1972 1172 2044 πυρὸς,
1200 1972 1451 2043 καθάπερ
1474 1970 1581 2024 ἀπό
1608 1986 1752 2033 τινος
1775 1971 2000 2032 εἰκόνος,

2113 1980 2376 2042 vivillcat,
2410 1977 2641 2046 ipsemet
2673 1974 2945 2045 sapientia
2991 1980 3047 2030 et
3102 1972 3304 2037 virtus,
3338 1972 3540 2036 bonus,
3567 1970 3678 2026 cle-

423 2064 598 2135 τοιμεν
626 2063 693 2118 ἂν
726 2063 819 2117 ἐπὶ
847 2064 910 2117 τὸ
933 2063 1271 2134 ἀρχέτυπον,
1301 2061 1445 2115 τοῦτ’
1475 2060 1619 2124 ἐστι,
1671 2059 1763 2111 τὸν
1788 2059 2005 2128 Πατέρα

2113 2085 2262 2126 mens
2296 2077 2352 2123 et
2410 2065 2753 2121 misericors.
2791 2062 2997 2119 Horum
3025 2071 3210 2119 autem
3239 2062 3381 2117 nihil
3412 2070 3495 2117 est
3521 2073 3678 2131 pror-

423 2157 518 2209 καὶ
546 2155 720 2220 Θεόν;
769 2155 1001 2224 Ἀγαθὸς
1033 2156 1131 2226 μὲν
1174 2155 1285 2227 γὰρ
1325 2157 1355 2209 6
1382 2154 1515 2218 Θεὸς
1551 2155 1619 2224 τῇ
1665 2150 1857 2221 φύσει,
1911 2149 2005 2203 καὶ

426 2245 565 2317 πρός
589 2262 652 2314 γε
678 2245 852 2317 τούτῳ
879 2247 1211 2317 δημιουργὸς
1228 2287 1242 2311 ,
1276 2248 1344 2300 τὰ
1370 2246 1469 2300 ούκ
1499 2246 1628 2299 ὄντα
1661 2240 2005 2296 ποτὲνκαλῶν

431 2332 513 2395 εἰς
537 2332 743 2401 γένεσιν
762 2373 778 2398 ,
825 2335 921 2387 καὶ
955 2335 1197 2406 συνέχων
1227 2336 1306 2399 είς
1333 2334 1395 2389 τὸ
1437 2328 1579 2389 εῖναι
1612 2332 1682 2386 τὰ
1710 2333 1888 2386 πάντα
1912 2330 2006 2384 καὶ

433 2423 740 2492 ζωογονεῖν
792 2425 953 2488 αὐτὸς
977 2426 1170 2495 σοφία,
1198 2428 1293 2479 καὶ
1319 2425 1583 2494 δύναμις,
1612 2423 1849 2495 χρηστὸς
1870 2461 1886 2486 ,
1913 2422 2007 2474 καὶ

434 2516 746 2587 οἰκτίρμων,
775 2518 871 2571 καὶ
901 2517 1168 2589 ἐλεήμων.
1218 2517 1437 2571 Τούτων
1461 2516 1519 2570 δὲ
1541 2515 1603 2569 τὸ
1628 2515 1887 2586 παράπαν
1916 2514 2006 2569 ού-

434 2608 525 2661 δὲν
553 2609 610 2661 ὲν
635 2609 782 2681 πυρί.
852 2610 928 2664 Ού
955 2609 1065 2681 γὰρ
1119 2610 1186 2664 ἂν
1218 2607 1383 2663 οίοιτό
1409 2624 1510 2674 τις,
1547 2606 1601 2659 εί
1627 2622 1692 2674 γε
1717 2604 1842 2658 νοῦν
1871 2604 2004 2675 ἔχει,

430 2701 697 2772 χρηστὸν,
744 2702 838 2755 καὶ
877 2701 1258 2773 φιλάνθρωπον
1300 2695 1440 2753 εἶναι
1463 2698 1527 2753 τὸ
1558 2697 1700 2769 πῦρ,
1741 2695 1861 2751 οὐδὲ
1892 2696 2010 2766 ἐρεῖ

429 2808 512 2855 τις
537 2793 857 2866 σωφρονῶν,
907 2794 985 2858 ὡς
1014 2793 1100 2864 είη
1148 2793 1248 2863 μὲν
1284 2790 1677 2863 δημιουργικὸν
1695 2828 1712 2856 ,
1760 2788 1924 2858 σοφόν
1946 2805 2008 2842 τε

430 2883 525 2935 καὶ
552 2882 834 2950 ζωογόνον.
867 2880 1001 2938 Εἶτα
1031 2884 1151 2948 πῶς
1182 2884 1248 2938 ἄν
1274 2901 1390 2950 τις,
1422 2882 1546 2935 είπὲ
1579 2898 1699 2951 μοι,
1729 2881 1816 2935 διὰ
1838 2879 2010 2950 πυρὸς

427 2973 530 3037 τὰς
559 2975 688 3045 περὶ
718 2974 821 3044 τῆς
857 2975 1095 3045 ἀληθοῦς
1129 2973 1385 3045 θεότητος
1420 2972 1631 3036 ἑννοίας
1674 2970 2007 3037 συ)λὲξειεν;

427 3065 466 3133 ἢ
507 3064 625 3130 πῶς
657 3065 725 3120 ἂν
773 3068 833 3120 ὲν
879 3066 1128 3138 ἐσόπτρῳ
1170 3067 1265 3119 καὶ
1308 3065 1591 3135 αἰνίγματι
1635 3062 1930 3133 θεωρήσειέ
1960 3079 2012 3115 τι

2108 2176 2203 2217 sus
2236 2160 2290 2214 in
2325 2160 2470 2229 igne.
2507 2156 2674 2212 Nemo
2695 2155 2842 2211 enim
2880 2170 3049 2211 sanus
3068 2156 3251 2227 ignem
3277 2154 3479 2209 bonum
3502 2159 3557 2207 et
3577 2150 3681 2206 mi-

2108 2252 2443 2308 sericordem
2470 2264 2593 2305 esse
2622 2247 2727 2304 sibi
2771 2248 3148 2318 persuaserit,
3199 2254 3304 2303 nec
3352 2243 3573 2301 creandi
3627 2243 3678 2297 vi

2109 2343 2346 2414 pollere,
2386 2338 2829 2410 sapientiamque
2858 2345 2911 2393 et
2940 2339 3110 2393 vitam
3141 2335 3356 2408 largiri.
3393 2332 3681 2400 Quomodo

2109 2437 2296 2509 igitur,
2326 2448 2515 2505 quaeso
2534 2473 2548 2497 ,
2579 2447 2678 2503 per
2708 2433 2890 2504 ignem
2919 2430 2987 2487 de
3015 2444 3142 2485 vera
3193 2426 3487 2513 divinitate
3530 2424 3679 2479 noti-

2109 2529 2242 2584 tiam
2273 2525 2608 2597 collegeris‘.’
2633 2532 2731 2579 aut
2758 2521 3037 2593 quomodo
3065 2520 3122 2576 in
3165 2518 3393 2591 speculo
3438 2524 3492 2572 ct
3540 2516 3681 2571 teni-

2108 2629 2290 2692 gmate
2317 2619 2364 2650 "
2395 2614 2605 2687 aliquid
2640 2630 2833 2671 eorum
2887 2630 3010 2686 quae
3063 2613 3141 2668 illi
3202 2621 3403 2668 natura
3452 2610 3679 2675 insunt,

2070 2744 2079 2759 ι
2111 2708 2451 2780 spectaveris
2475 2708 2499 2762 ἰ
2522 2706 2785 2774 Quaenam
2816 2720 2948 2779 ergo
2973 2704 3148 2768 ratio,
3183 2703 3364 2775 inquit
3384 2743 3400 2767 ,
3434 2708 3533 2756 aut
3562 2715 3684 2771 quae

2109 2813 2279 2854 causa
2327 2796 2496 2852 Deum
2546 2795 2799 2865 impulit,
2832 2802 2892 2851 ut
2938 2794 2995 2851 in
3046 2802 3230 2849 monte
3276 2793 3410 2848 Sina
3450 2790 3682 2845 formam

2113 2890 2255 2961 ignis
2288 2887 2690 2956 assumpseritf!
2711 2883 3127 2957 Respondemus
3152 2883 3321 2955 quod,
3353 2897 3478 2938 cum
3509 2880 3685 2937 Israe-

2112 2982 2223 3058 litae
2248 2995 2315 3036 eo
2349 2981 2586 3035 maxime
2617 2988 2865 3049 tempore
2910 2978 2976 3032 ad
3025 2979 3283 3048 pietatem
3317 2975 3539 3032 institui
3573 2987 3686 3028 εω-

2115 3073 2357 3143 pissent,
2387 3070 2623 3140 vitaeque
2660 3084 2779 3126 sua?
2805 3069 3054 3140 regulam
3085 3069 3258 3140 legem
3291 3083 3321 3122 a
3352 3083 3458 3138 qua
3490 3065 3687 3136 dirige-

429 3155 539 3210 τῶν
566 3158 964 3227 ὲμπεφυκότων
989 3159 1160 3230 αύτῇ;
1182 3157 1280 3221 Τίς
1303 3153 1400 3244 οῦν
1422 3157 1548 3229 ἄρα,
1575 3158 1759 3227 φησὶν,
1786 3154 2007 3223 ὀλόγος,

2116 3170 2307 3219 rentur
2354 3160 2692 3231 assumpturi
2727 3168 2953 3226 essent,
2991 3159 3224 3215 decebat
3270 3165 3403 3214 tunc
3447 3155 3687 3211 maxime

429 3246 625 3317 ﬁrmata
657 3247 850 3317 γέγονε
894 3247 1165 3319 πρόφασις
1209 3247 1288 3310 εἰς
1335 3243 1446 3317 πῦρ
1484 3243 1852 3301 ἀναπείθουσα
1883 3258 2012 3311 χρη-

432 3342 755 3414 ματίζεσθαι
778 3342 903 3415 (rp.
931 3339 1395 3413 σχηματίζεσθαι]
1420 3340 1512 3392 τὸν
1526 3338 1669 3392 Θεὸν
1709 3338 1768 3390 ὲν
1793 3334 1873 3406 τῷ
1894 3335 2010 3405 ὖρει

431 3435 603 3506 Σινᾷς
646 3433 912 3506 Ἐροῦμεν
944 3435 1027 3488 ὅτι
1051 3432 1369 3505 ἀρχομένων
1391 3431 1497 3485 τῶν
1526 3429 1587 3494 ἐξ
1618 3426 1856 3501 Ἰσραὴλ,
1889 3424 2010 3479 κατ’

431 3527 610 3580 ἐκεῖνο
654 3526 719 3599 δὴ
763 3526 996 3596 μάλιστα
1036 3524 1262 3594 καιροῦ,
1303 3523 1403 3593 τῆς
1433 3524 1512 3585 εἰς
1545 3519 1827 3574 εὐσέϐειαν
1861 3516 2015 3570 παιδ-

432 3617 684 3687 αγωγίας
703 3657 718 3681 ,
757 3616 851 3669 καὶ
879 3616 1070 3686 ὥσπερ
1099 3614 1220 3668 τινά
1254 3612 1455 3667 κανόνα
1486 3610 1757 3666 ποιεῖσθαι
1793 3606 2013 3679 μελλόν-

433 3724 549 3761 των
598 3707 697 3775 τῆς
742 3706 948 3769 οἰκείας
994 3704 1139 3776 ζωῆς
1177 3704 1270 3759 τὸν
1319 3701 1705 3775 διορθώσεσθαι
1758 3698 2015 3771 μέλλοντα

440 3800 629 3869 νόμον,
646 3797 755 3851 ἔδει
775 3797 898 3851 τότε
925 3797 992 3868 δὴ
1006 3796 1243 3868 μάλιστα
1258 3794 1525 3865 κολαστήν
1538 3810 1659 3846 τινα
1676 3792 1770 3845 καὶ
1789 3790 2016 3863 φοϐερὸν

442 3892 627 3953 αὐτοῖς
646 3889 930 3959 φαίνεσθαι
956 3889 1045 3942 τὸν
1064 3887 1217 3951 Θεὸν,
1245 3886 1335 3941 ἵνα
1350 3887 1544 3940 εἰδέναι
1568 3886 1743 3956 ἔχοιεν
1771 3884 1820 3937 οἱ.
1845 3899 2018 3954 παρα-

437 3983 735 4048 ϐαίνοντες,
767 3984 848 4036 ὅτι
882 3980 1018 4052 πρὸς
1047 3979 1158 4050 πῦρ
1191 3980 1220 4033 6
1250 3979 1406 4047 λόγος
1434 3978 1641 4040 αὐτοῖς.
1678 3975 1776 4030 Διά
1798 3974 1906 4047 γάρ
1933 3993 2015 4029 τοι

437 4073 597 4128 τοῦτο
625 4074 719 4127 καὶ
745 4074 775 4127 6
824 4071 999 4142 μέγας
1025 4070 1232 4141 Μωσῆς
1260 4072 1372 4133 τοῖς
1397 4069 1455 4136 ἐξ
1492 4067 1709 4139 Ἰσραὴλ
1731 4065 2015 4139 προσεφὼ-

435 4184 516 4221 νει
546 4165 721 4235 λέγων
740 4182 755 4197 ο
784 4183 803 4216 ι
824 4164 885 4219 '0
907 4163 1040 4226 Θεὸς
1068 4161 1228 4235 ἡμῶν
1268 4159 1380 4231 πῦρ
1409 4157 1803 4213 καταναλίσκον
1830 4157 1962 4210 ἐστί.
1992 4176 2011 4207 ι

436 4257 545 4310 Καὶ
574 4257 638 4311 ού
674 4255 740 4326 δή
772 4272 875 4309 που
900 4254 1140 4326 φαίημεν
1179 4252 1244 4307 ἂν
1289 4253 1392 4315 ὅτι,
1436 4249 1533 4321 τὴν
1561 4249 1656 4303 τοῦ
1690 4248 1827 4302 Θεοῦ
1857 4249 2018 4317 φύσιν

437 4349 828 4421 ἐξηγούμενος,
869 4348 1006 4419 πυρὶ
1056 4345 1387 4418 παρείκαζεν
1412 4343 1573 4397 αὐτὸν
1620 4343 1649 4396 6
1675 4341 1818 4395 οὕτω
1845 4339 2019 4408 σοφώ-

439 4458 622 4504 τατος,
669 4439 917 4512 ὠνόμαζε
959 4439 1017 4492 δὲ
1059 4438 1203 4492 οὕτω
1248 4437 1339 4490 τὸν
1378 4435 1542 4500 Θεὸν,
1588 4433 1663 4497 ὼς
1713 4434 1779 4486 ἐκ
1817 4431 2017 4502 πολλῆς

2114 3248 2282 3309 De'um
2313 3268 2564 3308 severum
2590 3252 2864 3309 vindicem
2894 3266 2959 3307 ac
2985 3251 3284 3307 terribilem
3317 3250 3387 3306 iis
3412 3247 3597 3314 cerni,
3629 3256 3687 3302 ut

2113 3346 2271 3402 scire
2294 3352 2521 3416 possent
2552 3345 3010 3414 pravaricatores
3045 3342 3152 3399 sibi
3184 3357 3311 3398 cum
3340 3339 3470 3412 igne
3514 3341 3686 3395 ratio-

2114 3452 2240 3494 nem
2271 3451 2416 3492 esse.
2446 3434 2660 3490 Idcirco
2687 3435 2834 3490 enim
2866 3447 3101 3506 magnus
3137 3433 3230 3490 ille
3274 3447 3494 3503 quoque
3535 3430 3687 3503 Moy-

2116 3545 2207 3587 ses
2238 3527 2516 3585 lsraelitas
2544 3525 2952 3596 alloquebatur,
2977 3525 3175 3581 dicens
3201 3545 3214 3581 :
3244 3543 3264 3577 ι
3296 3524 3441 3579 Deus
3471 3529 3686 3589 noster,

2116 3623 2258 3695 ignis
2305 3633 2640 3676 consumens
2685 3626 2773 3674 est
2805 3618 2873 3671 ”.
2910 3637 2926 3667 ι
2955 3616 3148 3689 Neque
3200 3624 3332 3673 vero
3380 3616 3689 3672 dixerimus

2116 3713 2395 3769 hominem
2432 3717 2584 3764 tanta
2613 3707 2889 3779 sapientia
2924 3709 3216 3779 praeditum
3251 3707 3419 3765 Deum
3467 3707 3581 3777 igni
3612 3706 3690 3762 si-

2117 3792 2303 3859 milein
2336 3801 2517 3873 facere
2540 3843 2554 3865 ,
2584 3799 2742 3871 quasi
2773 3814 2871 3871 per
2901 3800 3080 3871 ignem
3102 3800 3205 3873 ‘Dei
3238 3807 3489 3855 naturam
3521 3796 3689 3853 intel-

2119 3896 2285 3968 ligat,
2321 3868 2416 3951 sed
2454 3894 2528 3948 ita
2558 3868 2730 3948 Deum
2774 3868 3174 3962 nuncupasse,
3228 3892 3374 3962 quod
3425 3905 3537 3962 prae
3580 3890 3691 3944 im-

2120 4001 2313 4042 menso
2344 3985 2469 4039 mali
2500 3983 2833 4040 odio-instar
2859 3984 3003 4056 ignis
3041 3984 3315 4038 omnivori
3363 3995 3693 4045 consumere

2119 4088 2172 4135 et
2203 4079 2434 4149 perdere
2467 4091 2588 4132 non
2612 4087 2871 4131 vereatur
2904 4076 2989 4131 sui
3037 4083 3467 4145 contemptores.
3518 4072 3697 4145 Igitur

2120 4188 2227 4227 non
2254 4186 2328 4227 ex:
2353 4187 2419 4226 eo
2449 4170 2597 4242 quod
2640 4180 2726 4227 est
2767 4178 2968 4225 natura
2991 4208 3005 4230 ,
3048 4183 3116 4224 ex
3158 4168 3285 4238 igne
3317 4166 3461 4223 Deus
3487 4180 3692 4237 cogno-

2120 4263 2316 4325 scitur,
2351 4262 2447 4317 sed
2485 4262 2631 4332 quod
2666 4264 2740 4316 ita
2789 4267 3146 4332 nuncupatus
3191 4274 3256 4314 ac
3289 4259 3445 4315 visus
3472 4258 3583 4322 sit,
3623 4256 3691 4310 ad

2122 4356 2412 4415 utilitatem
2444 4354 2755 4408 auditorum
2783 4358 3127 4421 assumptum
3155 4359 3259 4406 cst.
3294 4349 3495 4404 Eamus
3528 4350 3699 4419 igitur

2121 4449 2185 4501 ad
2230 4460 2411 4501 veram
2450 4452 2504 4499 et
2537 4444 3018 4498 accuratissimam
3063 4442 3244 4497 Patris
3278 4439 3695 4508 contemplatio.

443 4532 583 4601 ἄγαν
612 4532 1036 4602 μισοπονηρίας,
1072 4529 1242 4601 πυρὸς
1285 4527 1440 4597 δίκην
1471 4524 1563 4579 τοῦ
1599 4523 1901 4594 παμφάγου
1924 4524 2010 4577 δα-

2124 4552 2247 4591 nem
2268 4577 2282 4600 ,
2319 4536 2370 4588 id
2397 4543 2481 4589 est
2510 4534 2732 4588 Filium.
2766 4533 2903 4587 Eum
2933 4534 3078 4589 enim
3108 4533 3375 4604 genitoris
3401 4531 3691 4598 imaginem

442 4627 618 4697 πανᾷν
633 4641 692 4678 τε
716 4625 810 4679 καὶ
832 4623 1140 4678 ἀναλίσκειν
1161 4623 1222 4674 ού
1252 4618 1689 4691 παραιτουμένου
1709 4617 1836 4680 τοὺς
1858 4634 2018 4670 κατα·

441 4714 768 4788 φρονοῦντας
810 4713 998 4768 αὑτοῦ.
1051 4713 1164 4767 Ούκ
1190 4710 1249 4775 ἐξ
1274 4702 1349 4763 ὧν
1373 4709 1490 4762 ἐστὶ
1514 4709 1655 4763 κατά
1679 4708 1863 4777 φύσιν,
1883 4708 2017 4772 Θεὸς

439 4809 526 4863 διὰ
553 4808 728 4880 πυρὸς
759 4806 1085 4878 γνωρίζεται
1113 4820 1126 4833 ⁸
1174 4804 1236 4857 τὸ
1261 4804 1323 4858 δὲ
1342 4800 1514 4863 οὓτως
1551 4798 1867 4870 ὠνομάσθαι
1921 4800 2016 4852 καὶ

440 4896 619 4969 ὦφθαι
649 4899 769 4953 τότε
797 4898 935 4969 πρὸς
974 4898 1035 4951 τὸ
1071 4898 1186 4961 τοῖς
1215 4893 1585 4966 ἀκροωμένοις
1631 4892 1836 4962 ἐλήφθη
1865 4893 2015 4945 λυσι-

444 4991 616 5054 τελές.
670 4992 871 5061 Ἴωμεν
914 4989 978 5059 δὴ
1006 4988 1191 5042 λοιπὸν
1218 4986 1310 5039 ἐπὶ
1341 4986 1441 5056 τὴν
1468 4983 1640 5054 ἀληθῆ
1670 4985 1764 5036 καὶ
1792 4984 2016 5053 ἀκριϐε-

444 5081 646 5152 στάτην
677 5080 770 5134 τοῦ
811 5081 1024 5151 Πατρὸς
1066 5079 1298 5149 θεωρίαν
1319 5117 1333 5140 ,
1388 5076 1535 5130 τοῦτ’
1573 5075 1719 5139 ἔστι,
1748 5076 1837 5128 τὸν
1864 5075 2013 5128 Υἱόν.

440 5173 639 5228 Είκόνα
660 5172 772 5244 γὰρ
797 5173 959 5226 αὐτὸν
990 5171 1235 5242 ὀψόμεθα
1264 5170 1358 5223 τοῦ
1381 5168 1739 5239 γεννήσαντος
1755 5206 1769 5229 ,
1797 5170 1908 5230 τοῖς
1932 5168 2018 5219 ἐν-

440 5265 590 5319 οῦσιν
624 5264 777 5337 αὐτῷ
809 5262 1245 5332 πλεονεκτήμασι
1288 5261 1379 5313 τὸν
1411 5259 1511 5328 τῆς
1556 5257 1794 5320 διανοίας
1821 5258 2020 5325 ἐνερεί-

445 5375 636 5422 σαντες
678 5358 977 5428 ὀφθαλμόν.
1056 5354 1281 5424 ’Δγαοὸς
1329 5351 1619 5422 τοιγαροῦν
1671 5350 1701 5402 6
1750 5349 1881 5412 Θεὸς
1924 5353 2017 5404 καὶ

445 5449 635 5520 Πατὴρ
663 5449 805 5503 κατά
832 5449 994 5519 φύσιν
1013 5467 1026 5481 ·
1057 5447 1299 5501 τοιοῦτον
1323 5446 1453 5499 ὄντα
1479 5444 1684 5497 καὶτὸν
1708 5444 1833 5496 Υίὸν
1858 5446 2018 5515 εύρή-

442 5556 630 5610 σδμεν.
684 5539 812 5604 Πῶς
837 5539 948 5611 γὰρ
975 5541 1074 5595 οὐκ
1112 5537 1351 5608 ἀγαθὸς,
1390 5540 1418 5590 6
1461 5535 1731 5603 τοσαύτην
1779 5534 1844 5588 δι’
1876 5537 2021 5605 ἡμᾶς

443 5631 741 5701 ὑπομείνας
761 5632 1107 5696 ταπείνωσιν,
1125 5631 1217 5686 καὶ
1236 5628 1404 5683 ἐλθὼν
1420 5629 1499 5690 εἰς
1518 5627 1608 5680 τὸν
1626 5626 1827 5697 κόσμον
1852 5628 2021 5697 ἁμαρ-

2121 4642 2247 4683 esse
2294 4626 2638 4687 videbimus,
2672 4625 2719 4679 si
2766 4625 2833 4678 ad
2880 4624 3003 4694 ejus
3048 4621 3446 4693 praerogativas
3494 4617 3693 4670 mentis

2122 4718 2341 4773 oculum
2378 4715 2757 4771 intendamus.
2805 4714 2991 4769 Bonus
3032 4714 3222 4783 itaque
3268 4710 3407 4766 Deus
3440 4723 3503 4763 ac
3536 4707 3711 4762 Pater

2122 4809 2426 4864 secundum
2464 4814 2720 4862 naturam
2788 4806 2950 4861 talem
2985 4820 3110 4861 esse
3149 4812 3204 4860 et
3246 4802 3443 4856 Filium
3474 4813 3690 4869 compe-

2122 4903 2349 4956 riemus.
2377 4898 2482 4966 Qui
2518 4899 2661 4955 enim
2709 4899 2887 4954 bonus
2932 4913 3041 4953 non
3077 4898 3149 4951 sit
3175 4936 3189 4960 ,
3223 4896 3314 4966 qui
3349 4902 3562 4947 tantum
3598 4907 3693 4961 pro

2123 4996 2286 5051 nobis
2302 5010 2362 5051 se
2389 4993 2778 5060 demisit,et-in
2804 4990 3067 5046 mundum
3088 4990 3256 5051 venit,
3291 4994 3351 5040 ut
3376 4991 3693 5054 peccatores

2124 5089 2307 5143 salvos
2336 5086 2561 5149 faceret,
2587 5099 2857 5152 suamque
2888 5083 3129 5137 animam
3156 5093 3254 5149 pro
3276 5078 3343 5134 iis
3373 5081 3597 5146 poneret
3616 5073 3695 5124 "2

2128 5179 2288 5249 781
2324 5177 2523 5233 Potens
2554 5184 2639 5232 est
2694 5174 2899 5229 Pater:
2955 5172 3210 5228 similiter
3239 5177 3293 5223 et
3322 5167 3512 5221 Filius.
3553 5164 3693 5230 Quid
3729 5210 3739 5253 ι

2126 5271 2271 5325 enim
2306 5284 2426 5325 esse
2459 5276 2638 5339 potest
2676 5281 2744 5321 eo
2774 5265 3053 5334 potentius
3092 5261 3188 5330 qui
3233 5256 3521 5315 elementis
3564 5257 3694 5326 ipsis

2126 5363 2391 5430 imperat,
2427 5361 2521 5429 qui
2565 5372 2716 5412 mare
2757 5371 2821 5409 ac
2854 5361 3044 5408 ventos
3075 5352 3348 5421 increpat,
3384 5350 3475 5421 qui
3513 5364 3694 5403 rerum

2126 5462 2352 5505 naturas
2384 5450 2438 5504 in
2470 5448 2839 5520 quodcunque
2871 5444 3002 5498 velit
3028 5441 3385 5520 transformat
3414 5482 3427 5503 ,
3472 5440 3565 5510 qui
3619 5441 3694 5492 le-

2130 5557 2296 5610 proso
2328 5549 2384 5597 ut
2416 5540 2712 5595 mundetur
2738 5535 2924 5605 jubet,
2958 5552 3020 5591 ac
3049 5543 3319 5606 potestate
3355 5535 3466 5589 Deo
3492 5547 3692 5588 conveo

2131 5631 2299 5686 nienti
2331 5631 2490 5685 caecis
2521 5628 2755 5684 ollicinm
2791 5626 3010 5682 videndi
3043 5626 3279 5682 restituit
3300 5626 3469 5679 ‘H’ita
3496 5632 3689 5676 secun-

516 5813 565 5847 θ’
595 5811 615 5868 1
649 5812 780 5871 Cor.
814 5829 936 5881 xui,
974 5813 1059 5866 1'2.
1140 5814 1181 5843 οδ
1215 5812 1368 5868 Deut.
1413 5827 1487 5876 tv,
1514 5811 1600 5866 8M.
1683 5812 1723 5842 ⁹⁹
1763 5808 1965 5865 lJoan.
2006 5828 2010 5864 1

2136 5813 2197 5867 16
2228 5831 2242 5879 ;
2278 5810 2291 5863 Ι
2330 5809 2467 5862 Tim.
2508 5826 2555 5874 ι,
2598 5808 2678 5861 l5.
