4076 6270
488 320 551 377 31
562 320 595 376 5

489 530 772 604 eﬂulgeat,
811 530 1277 601 quemadmodum
1318 538 1373 587 et
1410 530 1465 585 in
1499 531 1662 587 nobis
1693 533 1899 588 videre
1916 534 2066 590 licet.

491 622 605 680 Nec
630 623 774 680 enim
805 622 898 677 alii
944 637 1138 678 sumus
1173 629 1374 678 natura
1416 638 1446 678 a
1477 625 1687 681 nostris
1733 626 1946 690 liberis,
1969 640 2070 681 nec

490 715 814 774 diversitate
846 714 1085 771 naturali
1135 716 1206 771 ab
1248 717 1317 772 iis
1362 716 1756 789 disjungimur,
1780 719 1911 775 licet
1963 720 2069 774 alia

492 805 619 862 aliis
646 806 759 861 sint
779 821 846 861 ac
874 806 1093 863 diversa
1119 821 1353 878 corpora
1383 827 1396 863 :
1424 809 1571 863 unde
1594 808 1657 863 ﬁt
1681 816 1741 862 ut
1767 809 1861 878 qui
1895 809 2070 864 Abra-

490 897 640 953 ltami
694 898 868 954 [ilium
920 899 1141 962 viderit,
1191 899 1412 955 beatum
1468 901 1648 972 ipsum
1697 900 2068 957 Abrahamum

488 995 696 1052 videat.
729 992 1058 1065 Quanquam
1098 993 1153 1048 in
1190 993 1514 1050 hominibus
1552 992 1775 1064 quidem
1813 1009 2069 1065 magnum

492 1078 632 1143 forte
658 1092 748 1142 est
775 1085 1102 1150 discrimen,
1129 1101 1255 1142 cum
1284 1086 1672 1156 unusquisque
1706 1085 2071 1140 contrahatur

488 1178 898 1251 quodammodo
924 1187 980 1234 et
1012 1177 1082 1232 ad
1111 1179 1550 1248 singularitatem
1585 1193 1646 1234 se
1676 1177 1928 1249 recipiat,
1968 1193 2071 1234 nec

489 1271 633 1327 alius
662 1272 717 1326 in
745 1270 857 1325 alio
884 1279 1175 1336 cernatur,
1210 1285 1312 1325 nec
1339 1272 1479 1327 alter
1507 1271 1667 1326 alteri
1703 1270 1837 1326 insit
1872 1286 2070 1341 corpo—

492 1365 707 1432 raliter,
760 1364 890 1421 licet
945 1364 1260 1420 communis
1298 1364 1558 1419 omnibus
1614 1371 1875 1420 cernatur
1929 1364 2071 1417 ratio

490 1458 836 1515 substantiae.
875 1458 946 1512 At
979 1457 1047 1513 de
1075 1457 1189 1514 Deo
1216 1456 1527 1515 secundum
1570 1465 1823 1512 naturam
1866 1472 2072 1526 nequa-

488 1566 655 1621 quam
680 1550 756 1607 ita
790 1551 1098 1607 censueris.
1146 1549 1375 1620 Proprie
1417 1550 1562 1605 enim
1606 1565 1671 1603 ae
1716 1550 2071 1620 peculiariter

490 1640 656 1698 Pater
692 1649 779 1700 est
801 1642 987 1707 Pater,
1026 1657 1091 1697 ac
1120 1659 1230 1698 non
1258 1642 1435 1698 Filius
1470 1662 1484 1697 :
1518 1643 1695 1698 Filius
1722 1644 1850 1699 item
1888 1643 1979 1712 qui
2004 1660 2070 1698 ex

488 1748 556 1789 eo
585 1743 696 1799 est,
743 1734 943 1799 Filius,
983 1744 1039 1791 et
1085 1751 1197 1791 non
1250 1735 1457 1792 Pater:
1490 1735 1657 1809 784
1708 1745 1764 1791 et
1829 1737 2069 1808 Spiritus

489 1826 712 1894 proprie
749 1824 1014 1896 Spiritus.
1066 1827 1172 1882 Sed
1224 1828 1281 1882 in
1321 1842 1491 1882 unam
1542 1828 1766 1898 deitatis
1815 1837 2067 1884 naturam

488 1925 768 1972 contracta
818 1926 873 1973 et
914 1919 1150 1974 collecta
1193 1930 1386 1975 saneta
1418 1919 1713 1987 Trinitate,
1745 1938 1888 1977 unus
1925 1921 2069 1979 Deus

490 2009 654 2065 nobis
678 2016 784 2074 est,
816 2026 921 2066 nec
956 2011 1194 2067 alterum
1228 2013 1298 2068 ab
1341 2013 1514 2070 altero
1553 2014 1609 2069 in
1646 2022 1822 2069 totum
1871 2015 1952 2070 sic
1984 2031 2067 2071 re-

489 2097 683 2152 cedere
709 2098 856 2154 ullus
883 2099 1109 2167 dixerit,
1135 2110 1197 2157 ut
1244 2103 1483 2172 separati
1519 2104 1632 2159 sint
1680 2104 1751 2159 ab
1792 2105 2065 2172 invicem;

454 2262 461 2263 ί
489 2187 587 2244 sed
617 2204 1065 2262 unumquemque
1092 2207 1214 2249 esse
1243 2193 1297 2248 id
1327 2195 1475 2264 quod
1519 2204 1604 2251 est
1627 2211 1692 2251 ac
1744 2196 2072 2268 indigitatur

488 2275 839 2350 hypostaticc
890 2284 1191 2341 credimus.
1225 2287 1302 2339 Ex
1339 2285 1505 2342 Patre
1536 2304 1662 2344 vero
1691 2305 1816 2345 esse
1843 2290 2069 2356 Filium,

488 2370 543 2425 id
576 2380 756 2428 estex
813 2374 937 2444 ejus
981 2376 1317 2444 substantia,
1369 2394 1435 2435 ex
1488 2368 1691 2452 quuc“
1719 2383 2070 2438 inetfabiliter

487 2463 830 2538 procedere,
874 2473 930 2520 et
983 2466 1040 2520 in
1088 2483 1156 2524 eo
1212 2484 1437 2526 manere
1493 2486 1807 2529 censemus.
1867 2473 2068 2530 Eodem

486 2552 656 2608 modo
689 2561 747 2610 et
784 2555 855 2610 de
887 2553 1096 2626 Spiritu
1145 2570 1362 2615 saneto.
1396 2561 1491 2618 Est
1536 2566 1682 2619 enim
1729 2580 1794 2621 ex
1830 2565 1940 2622 Deo
1982 2582 2071 2622 se-

488 2645 734 2701 cundum
791 2654 1052 2703 naturam
1104 2664 1255 2715 vere,
1300 2651 1399 2707 sed
1452 2654 1769 2710 nullatenus
1823 2657 1894 2711 ab
1948 2658 2071 2727 ejus

490 2736 804 2794 substantia
854 2739 1167 2810 sejunctus,
1195 2742 1307 2797 imo
1350 2760 1481 2800 vero
1517 2761 1582 2801 ex
1626 2762 1692 2803 eo
1740 2750 2068 2818 procedens,

485 2836 545 2885 et
594 2829 653 2884 in
702 2845 770 2884 eo
821 2846 1042 2902 semper
1088 2848 1342 2900 manens,
1389 2838 1593 2909 quique
1640 2854 1738 2909 per
1789 2841 2068 2898 Christum

489 2920 702 2976 sanctis
729 2922 987 2976 traditur.
1012 2921 1211 2980 Omnia
1244 2925 1450 2999 quippe
1489 2945 1587 2999 per
1619 2929 1817 2985 Filium
1854 2931 1910 2988 in
1949 2934 2071 3005 Spi-

486 3011 599 3066 ritu
641 3021 859 3067 sancto.
893 3013 1047 3070 Hanc
1070 3032 1176 3072 nos
1206 3017 1524 3089 dogmatum
1560 3030 1768 3078 rectam
1802 3026 2068 3083 rationem

1463 319 1520 377 S.
1549 319 1828 377 CYRILLI
1859 319 2329 379 ALEXANDRINI
2361 327 2684 385 ARCHIEP.

491 437 778 497 Genitoris
825 436 1134 494 substantia
1184 447 1379 493 natura
1425 437 1550 494 Filii
1582 448 1866 506 cernatur,
1903 448 2064 510 atque

2174 442 2471 515 ἑτερότητα
2546 450 2781 516 φυσικὴν
2812 492 2826 515 ,

3647 332 3749 390 εκ

2914 450 3144 522 θατέρου
3220 452 3280 504 τὸ
3370 452 3574 521 ἕτερον.
3658 450 3751 517 Εἷς

2172 536 2281 607 γάρ
2329 538 2444 591 ἑστι
2496 540 2632 611 πρὸς
2663 541 2844 604 αὑτὸν,
2878 542 2952 606 ὡς
2989 544 3047 596 ἐν
3082 546 3149 614 τῇ
3179 542 3272 598 τοῦ
3321 543 3570 607 τεκόντος
3597 546 3753 615 οὐσία

2171 628 2271 699 τὴν
2310 630 2407 684 τοῦ
2469 631 2601 685 Υἰοῦ
2653 632 3028 703 διαφαίνεσθαι
3060 636 3243 704 φύσιν,
3285 635 3379 689 καὶ
3434 637 3492 688 ἑν
3536 639 3602 707 τῇ
3660 637 3750 690 τοῦ

2172 723 2510 793 γεννήματος
2565 724 2723 798 οὐσίᾳ
2760 726 2857 797 τὴν
2902 726 2997 780 τοῦ
3028 725 3164 780 Θεοῦ
3198 728 3292 781 καὶ
3352 727 3567 798 Πατρὸς
3625 729 3752 797 ὁρᾶ-

2172 816 2297 869 σθαί
2335 833 2395 870 τε
2450 818 2547 871 καὶ
2605 818 2952 891 διαπρέπειν,
3032 821 3224 892 ὥσπερ
3279 820 3474 891 ἀμέλει
3537 821 3633 873 καὶ
3694 821 3753 874 ἐν

2170 909 2283 971 τοῖς
2315 909 2433 961 καθ’
2470 910 2617 981 ἡμᾶς
2649 892 3027 984 θεωρήσαιτις
3064 912 3150 966 ἄν.
3176 913 3249 965 Ού
3277 912 3387 981 γὰρ
3407 912 3586 983 ἕτεροι
3613 911 3753 965 κατά

2172 997 2336 1067 φύσιν
2368 998 2535 1070 ἑσμὲν
2566 1000 2703 1071 προς
2733 1000 2798 1054 τὰ
2832 1001 2891 1067 ἐξ
2920 1001 3099 1054 αὐτῶν
3126 1002 3464 1073 γεννήματα,
3499 1000 3620 1054 οὔτε
3645 1002 3771 1072 μὴν·

2172 1090 2251 1153 εἰς
2265 1090 2655 1164 ἀλλοτριότητα
2689 1091 3026 1163 μεριζόμεοα
3052 1093 3308 1163 φυσικὴν,
3341 1092 3391 1145 εί
3416 1093 3512 1145 καὶ
3547 1096 3612 1164 τῇ
3643 1093 3752 1146 τῶν

2175 1182 2445 1251 σωμάτων
2465 1183 2744 1254 ἑτερότητι
2775 1184 3145 1255 διεστήκαμεν
3170 1199 3184 1213 ⁸
3222 1185 3412 1256 διόπερ
3447 1185 3546 1238 ἴδοι
3563 1202 3651 1249 τις
3686 1186 3752 1240 ἂν

2171 1274 2263 1326 τὸν
2291 1274 2559 1346 μακάριον
2594 1276 2846 1348 ’Δϐραάμ
2901 1281 2930 1330 6
2992 1277 3086 1330 τὸν
3126 1277 3185 1343 ἐξ
3226 1278 3391 1331 αὐτοῦ
3422 1279 3753 1351 γεννηθέντα

2173 1369 2286 1419 υἱὸν
2319 1368 2603 1440 ἑωρακώς.
2643 1370 2909 1424 Ἀλλ’-ἐπὶ
2940 1371 3040 1442 μὲν
3062 1371 3369 1442 ἀνθρώπων
3397 1371 3557 1441 τυχὸν
3581 1371 3749 1440 πολλή

2172 1461 2257 1524 τίς
2289 1462 2434 1515 ἑστιν
2480 1465 2514 1532 ἡ
2569 1463 2823 1534 διακοπὴ,
2888 1465 3314 1535 συστελλομένου
3372 1465 3578 1536 τρόπον
3634 1465 3753 1519 τινὰ

2173 1554 2267 1607 καὶ
2290 1555 2697 1627 ἀναχωροῦντος
2739 1557 3190 1629 μεμορφωμένως
3252 1557 3483 1610 ἑκάστου
3518 1557 3653 1627 πρὸς
3692 1557 3791 1629 τὸ⁵

2177 1647 2321 1711 ἰδίως
2353 1645 2517 1717 ἔχειν,
2548 1650 2641 1702 καὶ
2667 1648 2973 1718 φαίνεσθαι,
3000 1650 3094 1703 καὶ
3136 1650 3238 1702 οὐκ
3276 1649 3656 1718 ἐμπεφυκότος
3678 1649 3753 1719 τῷ

2108 1779 2148 1833 Β
2174 1744 2344 1814 ἑτέρῳ
2373 1742 2719 1813 σωματικῶς,
2743 1746 2793 1798 εἰ
2819 1745 2913 1798 καὶ
2935 1746 3112 1809 κοινὸς
3146 1745 3349 1798 ἅπασιν
3373 1746 3401 1799 6
3431 1745 3529 1815 τῆς
3567 1745 3754 1811 οὐσίας

2172 1835 2345 1908 ὁρῷτο
2367 1837 2544 1905 λόγος.
2588 1837 2710 1890 Ἐπὶ
2739 1836 2795 1889 δὲ
2824 1836 2960 1890 Θεοῦ
2988 1837 3081 1890 τοῦ
3113 1838 3258 1892 κατὰ
3292 1838 3455 1907 φύσιν
3478 1839 3752 1909 ἐννοήσεις

2173 1929 2270 1999 οὐχ
2299 1927 2495 1993 οὕτως.
2538 1929 2873 2005 Ἱδιαζόντως
2924 1930 3024 2000 μὲν
3049 1929 3159 1999 γὰρ
3194 1930 3383 2000 Πατήρ
3407 1931 3555 1982 ἐστιν
3582 1930 3611 1981 6
3645 1931 3756 1983 Πα-

2171 2021 2295 2092 τὴρ,
2329 2021 2421 2075 καὶ
2453 2021 2550 2091 οὐχ
2576 2021 2705 2083 Υἱός
2728 2040 2741 2053 ·
2778 2022 2872 2084 καὶ
2920 2022 3081 2077 πάλιν
3110 2022 3315 2090 ὁμοίως
3353 2022 3483 2084 Υἱὸς
3504 2023 3533 2073 6
3571 2021 3629 2089 ἐξ
3658 2024 3757 2075 αύ-

2170 2112 2287 2175 τοῦ,
2318 2113 2408 2165 καὶ
2446 2113 2507 2165 ού
2572 2111 2781 2182 Πατὴρ.
2831 2112 2925 2165 καὶ
2963 2111 3185 2180 Πνεῦμα
3222 2112 3281 2165 τὸ
3316 2111 3542 2183 Πνεῦμα
3589 2112 3752 2176 ἰδίως.

2183 2204 2323 2259 Ἀλλ’
2364 2208 2443 2263 εἰς
2471 2206 2599 2276 μίαν
2665 2205 2921 2274 θεότητος
2978 2205 3140 2273 φύσιν
3194 2203 3483 2270 συνιούσης
3546 2221 3605 2256 τε
3660 2204 3757 2257 καὶ

2173 2298 2592 2369 συνειλεγμένης
2670 2297 2770 2367 τῆς
2827 2296 2984 2365 ἁγίας
3039 2298 3286 2367 Τριάδος,
3354 2292 3437 2360 εἷς
3504 2297 3637 2360 Θεὸς
3697 2298 3757 2347 ἐν

2172 2392 2323 2462 ἡμῖν,
2347 2391 2442 2443 καὶ
2463 2389 2562 2461 οὐχ
2585 2388 2877 2458 ὀλόκληρον
2919 2390 3136 2457 ἑκάστῳ
3186 2389 3295 2441 τῶν
3338 2389 3758 2459 σημαινομένων

2169 2480 2285 2549 δοίη
2314 2496 2399 2542 τις
2426 2478 2493 2533 ἂν
2536 2477 2635 2549 τὴν
2683 2480 2748 2532 ἑκ
2798 2476 2891 2532 τοῦ
2953 2478 3142 2550 ἑτέρου
3181 2478 3342 2547 τυχὸν
3373 2477 3755 2549 ἀποφοίτησιν,

2169 2572 2278 2625 οὐδ’
2304 2572 2650 2643 ἀναχωρήσει
2693 2570 2993 2635 παντελῶς,
3022 2572 3101 2632 εἰς
3149 2569 3208 2622 τὺ
3233 2567 3370 2623 εἶναι
3414 2570 3758 2640 μεμερισμέ-

2170 2680 2307 2726 νως·
2341 2661 2454 2714 ἀλλ’
2515 2656 2653 2713 εἶναι
2715 2660 2815 2730 μὲν
2861 2660 3096 2713 ἑκαστον
3132 2659 3279 2713 τοῦθ’
3335 2660 3473 2730 ὅπερ
3517 2658 3759 2711 ἐστικαὶ

2171 2754 2592 2824 κατωνόμασται
2617 2755 2748 2824 παρ’
2788 2755 2920 2824 ἡμῖν
2986 2753 3369 2816 ίδιοσυστὰτως
3401 2750 3755 2821 πιστεύομεν.

2182 2848 2277 2900 Ἐκ
2303 2847 2360 2900 δὲ
2382 2846 2477 2899 τοῦ
2499 2845 2711 2915 Πατρδς
2744 2844 2871 2898 ὄντα
2899 2846 2990 2899 τὸν
3016 2846 3161 2910 Υίόν,
3197 2844 3342 2899 τοῦτ’
3359 2845 3526 2906 ἔστιν,
3565 2845 3630 2896 ὲκ
3661 2843 3758 2910 τῆς

2168 2938 2354 3002 οὐσίας
2381 2938 2568 3001 αὐτοῦ,
2619 2937 2678 3003 ἑξ
2723 2933 2888 2990 αὐτοῦ
2930 2954 2991 2990 τε
3034 2937 3320 3006 προελθεῖν
3363 2936 3641 3007 ἀρρήτως,
3700 2937 3760 2987 ἑν

2169 3031 2317 3101 αὐτῷ
2337 3048 2396 3084 τε
2424 3030 2607 3101 μένειν
2646 3026 2954 3098 ἐννοοῦμεν.
3012 3028 3116 3082 Τὸν
3160 3027 3218 3081 δὲ
3247 3027 3409 3081 αὐτὸν
3433 3027 3636 3098 τρόπον
3664 3027 3759 3079 καὶ

487 3117 555 3159 ac
585 3105 874 3160 veritatem
919 3105 1110 3161 docuit
1143 3119 1470 3165 sanctorum
1507 3114 1736 3169 Patrum
1774 3117 2064 3186 sapientia,

2174 3121 2423 3194 περὶτοῦ
2455 3121 2615 3189 ἁγίου
2671 3120 3010 3190 Πνεύματος.
3049 3120 3205 3173 Ἐστι
3239 3121 3338 3191 μὲν
3368 3120 3477 3191 γὰρ
3517 3121 3582 3172 ἑκ
3619 3118 3759 3172 θεοῦ

487 3208 696 3265 perque
727 3209 919 3253 sacras
954 3197 1275 3268 Scripturas
1302 3200 1483 3256 edocti
1514 3218 1707 3261 sumus
1738 3206 1813 3260 ita
1858 3208 2066 3265 sentire

485 3291 543 3340 et
576 3285 748 3356 loqui.
786 3286 944 3354 Quod
985 3296 1169 3344 autem
1204 3290 1274 3345 ad
1326 3290 1664 3364 inculpatam
1711 3297 1853 3354 hanc
1904 3298 2065 3357 tidem

485 3386 638 3434 recte
678 3380 1051 3448 procedimus,
1088 3381 1347 3438 ﬁduciam
1393 3394 1448 3441 et
1493 3386 1740 3442 animum
1802 3390 2066 3450 Dominus

487 3469 663 3535 addit,
712 3471 1016 3543 inquiens:
1060 3492 1080 3526 ι
1128 3474 1351 3532 Credite
1385 3477 1511 3548 quia
1556 3493 1656 3551 ego
1692 3480 1746 3536 in
1784 3481 1968 3553 Patre,
2012 3494 2066 3543 et

483 3562 650 3620 Pater
674 3563 729 3619 in
761 3580 868 3622 me.
911 3586 931 3619 ι

2167 3213 2264 3268 τοῦ
2292 3212 2433 3268 κατά
2454 3216 2617 3283 φύσιν
2646 3211 2883 3282 ἀληθῶς,
2942 3212 3057 3265 ἀλλ’
3087 3211 3385 3282 οὐδαμόθεν
3418 3210 3759 3283 μεμερισμὲ-

2168 3324 2259 3361 νον
2301 3306 2404 3374 τῆς
2448 3306 2637 3369 οὐσίας
2682 3304 2871 3368 αὐτοῦ,
2902 3303 3091 3375 προϊὸν
3135 3304 3193 3357 δὲ
3226 3305 3429 3374 μᾶλλον
3468 3303 3529 3369 ἑξ
3564 3301 3759 3366 αὑτοῦ,

2170 3396 2264 3450 καὶ
2287 3397 2344 3449 ἐν
2367 3394 2516 3462 αὐτῷ
2551 3393 2712 3464 μένον
2745 3394 2856 3459 ἀεὶ,
2893 3395 3303 3465 χορηγούμενον
3328 3395 3388 3449 δὲ
3427 3398 3539 3458 τοῖς
3582 3395 3759 3463 ἁγίοις
3842 3468 3847 3473 Α

2172 3487 2538 3560 διάΧριστοῦ·
2573 3486 2893 3559 πάντακγάρ
2927 3487 2993 3541 δι’
3024 3488 3156 3542 Υίοῦ
3188 3489 3246 3541 ἑν
3271 3488 3556 3559 Πνεύματι
3594 3489 3757 3559 ἁγίῳ.

2181 3583 2400 3653 Ταύτην
2427 3581 2573 3651 ἡμᾶς
2594 3580 2691 3649 τὴν
2719 3579 2830 3632 τῶν
2878 3579 3169 3651 δογμάτων
3209 3581 3478 3651 ὀρθότητα
3509 3582 3604 3635 καὶ
3628 3581 3758 3652 ἀλή-

484 3659 638 3715 θειαν
678 3658 919 3728 ἐδίδαξεν
1020 3662 1131 3716 τῶν
1169 3662 1342 3734 ἀγίων
1381 3664 1646 3738 Πατέρων
1692 3671 1905 3741 σύνεσις
1929 3696 1941 3708 ·
1979 3678 2125 3735 οὕτω
2159 3674 2582 3746 πεπαιδεύμεθα
2628 3672 2815 3727 λαλεῖν
2856 3691 2916 3727 τε
2951 3675 3043 3727 καὶ
3088 3676 3305 3746 φρονεῖν
3334 3674 3431 3727 καὶ
3467 3674 3534 3727 δι’
3577 3673 3758 3727 αὐτῶν

482 3750 592 3805 τῶν
639 3752 800 3825 ἱερῶν
838 3753 1214 3825 Γραμμάτων.
1245 3756 1370 3811 Ὅτι
1399 3757 1455 3811 δὲ
1498 3759 1622 3814 λίαν
1669 3763 1847 3835 ὀρθῶς
1884 3770 1979 3822 ἐπὶ
2012 3771 2220 3841 ταύτην
2263 3772 2388 3840 ἴμεν
2431 3767 2529 3838 τὴν
2570 3765 2919 3837 ἀλοιδόρητον
2960 3765 3168 3829 πίστιν,
3204 3764 3623 3836 παραθαρσύνει
3663 3760 3758 3814 λέ-

479 3864 598 3937 ,γων
707 3847 912 3919 Κύριος
936 3864 949 3877 ⁶
990 3869 1009 3900 ι
1045 3850 1358 3917 Πιστεύετε,
1389 3854 1473 3907 ὅτι
1521 3855 1633 3925 ἑγὼ
1673 3861 1732 3912 ἐν
1762 3862 1839 3932 τῷ
1871 3864 2074 3937 Πατρὶ,
2101 3869 2197 3922 καὶ
2218 3870 2246 3920 ὁ
2268 3863 2460 3935 Πατὴρ
2494 3864 2552 3915 ἑν
2587 3863 2730 3933 ἐμοί.
2768 3881 2787 3913 ι
2808 3861 2833 3882 ⁸

554 3933 697 4002 XIV,
732 3937 823 3995 11.
861 3939 1097 4012 Alioqui,
1138 3955 1352 4012 propter
1397 3963 1559 4016 opera
1606 3949 1720 4018 ipsa
1777 3954 1908 4007 mihi
1957 3933 2061 4009 cre-

481 4032 613 4089 dite.

552 4126 754 4197 Aperte
794 4126 883 4185 his
916 4130 1105 4185 verbis
1135 4129 1211 4184 ait
1251 4147 1359 4186 non
1398 4147 1460 4188 se
1500 4132 2058 4209 facturumunquam

481 4220 656 4278 fuisse
685 4235 809 4292 qum
830 4229 1040 4277 natura;
1061 4220 1263 4278 diVinae
1292 4226 1679 4281 tantummodo
1701 4232 2061 4298 conveniunt,

480 4314 588 4371 nisi
641 4312 948 4370 secundum
999 4320 1257 4370 naturam
1306 4314 1453 4372 Deus
1498 4327 1668 4383 esset,
1699 4327 1757 4374 et
1797 4337 1864 4377 ex
1918 4324 2057 4394 ipsa.

2246 3959 2315 4011 El
2341 3954 2526 4022 δὲμὴ,
2559 3953 2657 4008 διὰ
2678 3954 2754 4023 τὰ
2774 3954 2915 4024 ἔργα
2942 3952 3093 4007 αὐτὰ
3122 3952 3436 4006 πιστεύετέ
3465 3968 3588 4020 μοι.

2247 4142 2555 4212 Διαρῥὴδην
2587 4137 2695 4208 γὰρ
2725 4138 2783 4188 ἐν
2799 4133 3011 4196 τούτοις
3045 4132 3231 4200 φησὶν,
3259 4130 3333 4192 ὡς
3354 4126 3463 4181 οὐδ’
3489 4126 3556 4180 ἂν
3590 4125 3759 4195 ὲργά-

2176 4253 2346 4299 σαιτο,
2367 4232 2474 4287 οὐδ’
2536 4230 2603 4284 ἂν
2665 4226 2921 4293 ἐξανύσαι
2978 4223 3199 4278 πώποτε
3254 4221 3322 4276 τὰ
3355 4221 3493 4293 μόνῃ
3524 4222 3590 4291 τῇ
3637 4217 3759 4290 θείᾳ

2174 4327 2456 4401 πρέποντα
2506 4321 2686 4391 φύσει,
2718 4318 2793 4391 μὴ
2828 4317 2947 4388 οὐχὶ
2974 4315 3116 4371 κατὰ
3149 4314 3311 4385 φύσιν
3349 4313 3631 4384 ὑπάρχων,
3663 4310 3759 4363 καὶ

481 4405 620 4463 Vide
640 4423 810 4478 porro
834 4414 1043 4479 quanta
1075 4423 1200 4464 cum
1235 4410 1572 4466 certitudine
1598 4421 1653 4466 et
1684 4414 1913 4470 veritate
1948 4416 2063 4472 haec

2168 4420 2223 4487 ἑξ
2251 4417 2440 4488 αὐτῆς.
2465 4413 2580 4468 Καὶ
2602 4414 2702 4483 ὅρα
2733 4409 2851 4481 μεθ’
2898 4410 3029 4480 ὅσης
3067 4405 3369 4476 ἀσφαλείας
3398 4421 3457 4488 τε
3501 4402 3639 4473 ὁμοῦ
3662 4401 3757 4454 καὶ

480 4498 652 4555 dicat.
684 4496 795 4554 Nec
824 4499 970 4555 enim
997 4513 1068 4556 ex
1100 4498 1331 4575 iisquae
1360 4497 1497 4555 dicit
1542 4510 1759 4557 tantum
1800 4504 1905 4560 sibi
1937 4506 2063 4563 lidei

2168 4481 2425 4581 ἀληθείας
2456 4504 2525 4559 τὰ
2550 4481 2778 4557 τοιαῦτά
2826 4518 3010 4571 φησιν.
3041 4500 3116 4553 Οὐ
3151 4498 3258 4569 γὰρ
3288 4495 3347 4562 ἐξ
3396 4481 3472 4550 ὧν
3511 4495 3575 4548 ἂν
3606 4493 3758 4562 λέγοι

481 4592 674 4648 haberi
720 4591 856 4658 vult,
887 4591 1017 4647 licet
1044 4591 1267 4647 mentiri
1315 4592 1551 4658 nesciat,
1593 4604 1862 4664 quantum
1891 4614 1958 4654 ex
1994 4600 2062 4656 iis

2168 4601 2419 4656 τοσοῦτον
2476 4597 2619 4662 ἀξιοῖ
2658 4592 3051 4659 πιστεύεσθαι,
3105 4592 3281 4644 καίτοι
3340 4588 3635 4659 ψεύδεσθαι
3682 4587 3758 4658 μὴ

480 4700 601 4755 quae
646 4683 798 4740 facit.
828 4683 1007 4751 Quam
1044 4684 1117 4740 ob
1161 4697 1410 4750 causam,
1453 4685 1655 4741 dicam.
1696 4687 2060 4749 Sermonibus

476 4777 623 4834 enim
664 4792 731 4832 ac
763 4777 945 4831 verbis
975 4776 1084 4833 Deo
1126 4776 1592 4836 convenientibus
1635 4781 1738 4849 uti,
1763 4797 1828 4839 ac
1854 4794 2059 4842 temere

476 4869 746 4927 nonnulla
783 4867 1089 4931 eliundere,
1117 4867 1352 4935 furioso,
1375 4871 1611 4942 exempli
1643 4875 1842 4943 gratia,
1871 4891 1934 4931 ac
1963 4877 2057 4931 de-

476 4962 646 5019 menti
703 4977 816 5017 non
863 4968 951 5017 est
998 4958 1223 5015 diﬂicile
1255 4980 1269 5015 :
1300 4975 1467 5032 opere
1506 4978 1641 5019 vero
1677 4980 1742 5020 ac
1782 4975 2057 5037 potestate

474 5053 588 5111 Deo
618 5051 969 5111 convenienti
1016 5052 1145 5123 quis
1183 5060 1369 5108 utetur
1403 5058 1803 5125 unquam?aut
1831 5059 2055 5114 cuinam

472 5154 739 5202 creatura:
791 5158 951 5205 suam
997 5144 1226 5214 gloriam
1255 5142 1420 5200 Pater
1481 5147 1729 5203 tribuet?
1776 5149 2053 5221 Numquid

472 5239 620 5294 enim
655 5236 751 5293 Dei
807 5235 1043 5308 gloriam
1096 5252 1222 5293 esse
1282 5236 1522 5293 dicimus
1564 5248 1766 5294 cuncta
1816 5241 2051 5299 faciendi

472 5328 776 5401 potentiam
804 5343 872 5384 ac
901 5328 1184 5394 virtutem,
1203 5346 1328 5402 quae
1359 5331 1414 5385 in
1449 5331 1600 5386 nulla
1633 5334 1867 5387 omnino
1898 5350 2056 5391 erea-

469 5430 597 5476 tura
624 5420 734 5478 sit?
777 5419 1272 5490 Quocirca,volens
1304 5422 1563 5479 Christus
1592 5427 1930 5481 necessariis
1990 5436 2046 5484 et

470 5513 694 5570 invictis
722 5515 1067 5585 argumentis
1114 5530 1179 5570 ac
1208 5515 1788 5575 demonstrationibus
1831 5535 1891 5574 se
1922 5536 2056 5589 pro-

469 5605 613 5672 bari,
643 5620 713 5662 ex
744 5606 1007 5680 operibus
1048 5606 1187 5677 ipsis
1215 5606 1365 5663 credi
1411 5608 1573 5676 jubet
1604 5611 1784 5681 ipsum
1826 5612 2050 5682 quidem

469 5712 595 5754 esse
622 5697 680 5753 in
707 5695 894 5764 Patre,
919 5706 975 5755 et
1004 5713 1205 5754 rursus
1247 5700 1303 5753 in
1351 5700 1538 5769 seipso
1571 5701 1773 5759 habere
1803 5702 2048 5771 Patrem,
2078 5694 2083 5699 ’

470 5788 579 5847 hoc
625 5798 715 5847 est
740 5786 920 5846 Patris
950 5797 1208 5845 naturam
1239 5787 1295 5843 in
1330 5788 1553 5859 propria
1590 5788 1733 5846 ferre
1774 5793 2047 5850 exsisten-

2168 4694 2343 4756 εἰδὼς,
2373 4692 2497 4744 ὅσον
2549 4688 2610 4752 ἐξ
2660 4680 2735 4740 ὧν
2800 4689 3021 4756 ἐνεργῇ.
3068 4684 3178 4737 Καὶ
3216 4683 3304 4736 διὰ
3354 4682 3511 4735 ποίαν
3550 4680 3753 4742 αἰτίαν,

2168 4786 2299 4856 ἐρῶ.
2337 4783 2531 4851 Λόγοις
2589 4781 2689 4852 μὲν
2727 4779 2835 4850 γὰρ
2860 4779 2956 4832 καὶ
3000 4778 3207 4848 ῥήμασι
3245 4776 3359 4838 τοῖς
3395 4772 3756 4844 θεοπρεπέσιν

2168 4874 2580 4946 ἁποκεχρῆσθαι
2609 4873 2794 4943 τυχὸν,
2818 4871 2909 4924 καί
2934 4888 2986 4923 τι
3005 4868 3113 4923 τῶν
3139 4866 3529 4940 ῥιψοκινδύνων
3555 4867 3752 4930 εἰπεῖν,

2166 4968 2320 5039 ἀνδρὶ
2351 4965 2665 5036 μαινομένῳ
2708 4964 2803 5016 καὶ
2864 4961 3236 5032 παραπαίοντι
3280 4957 3521 5029 χαλεπὸν
3560 4956 3714 5010 οὐδέν
3741 4975 3755 4989 ο

2165 5059 2311 5130 ἔργῳ
2337 5076 2399 5126 γε
2439 5057 2544 5129 μὴν
2570 5057 2663 5110 καὶ
2690 5054 2919 5124 δυνάμει
2943 5056 3009 5124 τῇ
3059 5053 3378 5124 θεοπρεπεῖ,
3409 5050 3495 5113 τίς
3522 5048 3590 5103 ἂν
3626 5050 3756 5121 χρή-

2166 5151 2317 5203 σαιτό
2334 5167 2462 5204 ποτε
2490 5168 2504 5217 ;
2530 5151 2801 5220 χαριεῖται
2834 5147 2890 5199 δὲ
2911 5146 3136 5199 τινιτῶν
3178 5145 3454 5217 γεννητῶν
3479 5144 3581 5215 τὴν
3617 5142 3755 5197 ἰδίαν

2161 5242 2319 5308 δόξαν
2350 5245 2378 5296 6
2401 5242 2619 5312 Πατήρ;
2649 5241 2719 5292 Ἢ
2750 5238 2860 5308 γὰρ
2891 5239 3010 5309 οὐχὶ
3039 5238 3174 5291 Θεοῦ
3200 5238 3358 5303 δόξαν
3403 5234 3543 5290 εἷναί
3571 5253 3751 5306 φαμεν

2162 5335 2225 5387 τὸ
2278 5336 2458 5388 πάντα
2510 5332 2769 5387 δύνασθαι
2801 5331 2952 5402 δρᾷν,
3000 5330 3095 5383 καὶ
3151 5329 3558 5400 παντουργικὴν
3607 5328 3750 5397 ἔχειν

2167 5428 2343 5496 ἰσχὺν,
2390 5426 2565 5479 οὐδενί
2610 5442 2674 5492 γε
2733 5423 2838 5494 μὴν
2869 5422 3041 5493 ἑτέρῳ
3068 5424 3375 5492 προσεῖναι,
3399 5421 3476 5491 τῷ
3504 5438 3561 5474 τε
3612 5419 3749 5481 ὅλως

2160 5517 2612 5589 ἐναριθμουμένῳ
2633 5520 2748 5580 τοῖς
2769 5517 3094 5586 κτίσμασινς
3121 5513 3331 5567 Οὐκοῦν
3355 5514 3414 5576 ἑξ
3430 5512 3747 5579 ἀναγκαίων

2163 5626 2224 5664 τε
2250 5609 2386 5679 ὁμοῦ
2417 5610 2510 5664 καὶ
2541 5610 2955 5687 ἀναντιρῤἡτων
3004 5604 3333 5695 ἀποδείξεων
3360 5605 3430 5656 τὰ
3464 5604 3586 5657 καθ’
3618 5606 3747 5657 ἐαυ-

2159 5701 2251 5755 τὸν
2277 5700 2668 5771 δοκιμάζεσθαι
2723 5701 3047 5772 βουλόμενος
3085 5694 3123 5751 ὀί
3163 5697 3415 5770 Χριστὸς,
3470 5694 3529 5759 ἑξ
3563 5696 3745 5750 αὐτῶν

2161 5794 2371 5849 κελεύει
2403 5794 2749 5848 πιστεύεσθαι
2786 5795 2891 5849 τῶν
2926 5794 3119 5866 ἔργων,
3154 5791 3224 5856 ὡς
3252 5788 3331 5859 εἴη
3365 5787 3461 5858 μὲν
3494 5787 3555 5840 αὖ
3570 5787 3655 5851 τὸς
3686 5790 3742 5843 ἐν
