4076 6270
340 325 451 383 217

1401 329 1467 384 ΙΝ
1506 327 1794 386 JOANNIS
1827 325 2286 405 ενΑΝςΕιιιιιι
2318 326 2447 384 LIB.
2480 326 2571 387 IX.

3518 323 3626 380 918

339 440 544 512 Πατρὶ,
581 440 697 512 ἔχει
720 440 777 495 δὲ
810 434 878 496 αὖ
903 441 1064 496 πάλιν
1095 444 1154 497 ἐν
1172 443 1349 527 ἐαυτῷ
1372 446 1466 499 τὸν
1506 446 1751 518 Πατέρα,
1787 444 1922 499 τοῦτ’

2039 428 2136 511 tia,
2185 454 2246 501 ut
2278 447 2372 517 qui
2410 445 2482 501 sit
2512 458 2641 500 vera
2681 458 2745 499 ac
2799 440 3045 515 legitima
3076 440 3278 512 proles,
3312 448 3373 494 ut
3408 438 3625 495 fruetus

340 532 480 597 ἔστι,
509 532 609 603 τὴν
631 534 724 588 τοῦ
761 534 972 607 Πατρδς
990 534 1152 605 φύσιν
1173 539 1231 590 ἐν
1257 538 1494 611 ὑπάρξει
1523 542 1588 610 τῇ
1616 539 1723 611 ἰδίᾳ
1754 540 1929 610 φορεῖ,

339 625 419 689 ὡς
454 626 675 695 γνήσιον
719 625 986 698 γέννημα,
1041 627 1119 692 ᾡς
1169 630 1379 700 καρπὸς
1409 629 1647 701 ἀληθῶς,
1694 630 1770 694 ὡς
1804 631 1933 694 Υἱὸς

340 717 405 769 ὲκ
432 718 641 789 Πατρὺς
671 718 931 789 πεφηνὼς
974 721 1242 790 φυσικῶς.
1306 722 1514 795 Ἀλλ’ὴ
1558 723 1658 794 μὲν
1700 723 1930 794 Ἐκκλη-

341 810 431 862 σία
481 810 577 863 τοῦ
633 811 904 881 Χριστοῦ,
954 813 1137 867 καίτοι
1180 814 1301 869 λίαν
1335 816 1656 886 ἐπαυχοῦσα
1705 819 1773 888 τῇ
1824 816 1932 869 τῶν

335 894 623 967 δογμάτων
676 898 954 970 ὀρθότητι,
1011 899 1269 973 τοιαύτην
1322 902 1437 973 ἔχει
1484 904 1582 974 τὴν
1611 904 1768 972 δόξαν
1802 904 1933 975 περὶ

334 988 430 1041 τοῦ
484 990 825 1058 Μονογενοῦς
851 1009 864 1022 °
918 994 1031 1057 τοῖς
1055 1010 1120 1063 γε
1154 993 1262 1065 μὴν
1317 993 1609 1067 θεομάχοις
1635 997 1931 1066 αἰρετικοῖς

336 1081 551 1150 ἑτεροῖα
586 1081 834 1153 παρέστη
892 1086 1130 1154 φρονεῖν,
1168 1083 1485 1138 ἀναπείθειν
1530 1085 1657 1148 τοὺς
1679 1085 1790 1148 τοῖς
1812 1082 1929 1137 ὀλε-

336 1167 510 1240 θρίοις
532 1169 713 1223 αὐτῶν
744 1170 1073 1242 προσιόντας
1103 1190 1160 1226 τε
1190 1174 1284 1226 καὶ
1336 1174 1705 1246 προσέχοντας
1726 1174 1924 1243 λόγοις,

348 1260 777 1327 Ἐπιλυττῶντες
805 1263 914 1335 γὰρ
963 1267 1083 1328 ταῖς
1136 1266 1279 1319 κατὰ
1324 1266 1559 1337 Χριστοῦ
1616 1265 1927 1338 λοιδορίαις,

336 1352 736 1419 φιλονεικοῦσιν
766 1356 816 1408 οἱ
843 1353 1085 1418 δείλαιοι,
1121 1356 1216 1409 καὶ
1241 1356 1596 1411 κατανοοῦσιν
1621 1356 1731 1429 [ἷσ.
1759 1373 1932 1410 κατα-

336 1445 591 1519 κονῶσιν]
642 1447 927 1518 ἀλλήλους,
959 1448 1060 1502 οὐκ
1103 1451 1180 1514 είς
1239 1448 1587 1522 παροξυσμὸν
1620 1450 1925 1513 εὐσεϐείας,

334 1536 454 1591 ἀλλ’
480 1538 928 1610 ἶν’ἀσεϐέστερος
976 1542 1166 1613 ἑτέρου
1213 1542 1387 1614 ὁρῷτο
1419 1542 1529 1595 δεῖν
1582 1542 1794 1615 ἔτερος,
1841 1545 1930 1597 διαὶ

334 1627 635 1696 φθέγξαιτό
682 1648 733 1683 τι
793 1631 902 1685 τῶν
949 1634 1363 1705 ἀπηχεστέρων.
1414 1634 1635 1706 Ἐπειδὴ
1679 1635 1789 1706 γὰρ
1836 1635 1927 1689 τὸν

331 1722 401 1772 ἐκ
436 1722 688 1792 Σοδόμων
715 1724 957 1778 πίνουσιν
990 1722 1150 1788 οἶνον,
1184 1726 1275 1781 καὶ
1304 1727 1506 1800 πικρὰν
1536 1729 1601 1781 ἐκ
1638 1729 1927 1802 Γομόρρας

330 1815 582 1886 τρυγῶσι
617 1818 897 1890 σταφυλὴν
927 1820 1009 1889 (οὐ
1037 1820 1143 1891 γὰρ
1194 1822 1259 1874 ἐκ
1307 1821 1452 1874 θείου
1477 1821 1724 1893 δέχονται
1751 1825 1925 1877 Πνεύ-

336 1925 508 1977 ματος
538 1909 607 1963 τά
664 1912 752 1963 ἐπ’
793 1911 942 1983 αὐτῷ
992 1911 1343 1984 θεωρήματα,
1382 1916 1505 1969 οὐδὲ
1550 1917 1608 1982 ἐξ
1648 1917 1926 1972 ἀποκαλύ-

331 1998 480 2067 ψεως
519 2000 621 2069 τῆς
655 2000 751 2054 τοῦ
800 2004 1039 2073 Πατρὸς,
1096 2004 1210 2057 ἀλλ’
1252 2006 1317 2058 ἐκ
1344 2006 1446 2075 τῆς
1493 2004 1586 2059 τοῦ
1628 2006 1922 2075 δράκοντος

333 2090 619 2167 κεφαλῆς),
670 2092 823 2145 οὐδὲν
890 2094 990 2164 μὲν
1038 2095 1297 2165 φρονοῦσι
1336 2094 1445 2148 τῶν
1472 2096 1702 2167 ἐχόντων
1729 2097 1918 2166 ὑγιῶς,

334 2181 520 2235 ἐκεῖνα
552 2182 609 2235 δέ
639 2182 910 2252 λέγουσιν,
953 2186 989 2239 ἃ
1037 2187 1136 2249 τὰς
1190 2187 1301 2241 τῶν
1332 2189 1702 2259 ἀκροωμένων
1732 2189 1921 2243 ταλαι-

339 2272 558 2347 πώρους
609 2275 892 2345 ἀποφαίνει
929 2277 1130 2350 ψυχὰς,
1171 2281 1307 2351 πρὸς
1341 2280 1475 2351 ᾅδην
1527 2283 1696 2346 αὐτὰς
1752 2300 1919 2336 κατα-

342 2364 671 2436 κομίζοντα,
738 2370 832 2422 καὶ
867 2372 946 2434 εἰς
1006 2372 1086 2423 τί·
1137 2371 1291 2425 κάτω
1357 2372 1658 2445 βάραθρον.
1732 2374 1919 2428 Ταῦτα

343 2455 441 2509 καὶ
467 2455 691 2525 βιϐλίοις
738 2459 966 2515 ἐνθεῖναι
1011 2464 1402 2535 τολμήσαντες,
1427 2465 1695 2519 ἀθάνατον
1729 2466 1920 2538 ὥσπερ

343 2546 443 2619 τὴν
483 2550 704 2603 ἐνοῦσαν
756 2553 935 2617 αὐτοῖς
987 2557 1371 2627 ἀνεστήλωσαν
1429 2559 1713 2630 πονηρίαν.
1770 2560 1921 2614 Ἔδει

341 2640 443 2710 μὲν
466 2638 559 2694 οὖν
591 2644 737 2713 ἡμᾶς
788 2644 1028 2716 διαρκῶς
1071 2649 1368 2718 εἰρηκότας
1404 2652 1479 2713 εἰς
1509 2650 1568 2702 τὸ
1623 2650 1922 2722 προκείμε-

311 2732 443 2796 νον,
496 2732 639 2804 ἆπερ
690 2731 757 2806 ἦν
779 2738 927 2802 εἰκὸς
948 2738 1177 2808 ὠφελεῖν
1217 2740 1477 2795 δύνασθαι
1518 2742 1643 2805 τοὺς
1671 2743 1920 2808 ἐντευξο-

335 2823 549 2893 μένους,
576 2827 873 2899 ὀρθοτάτην
896 2831 1089 2901 ἔχοντα
1117 2834 1213 2902 τὴν
1253 2833 1348 2886 ἐπὶ
1376 2832 1453 2904 τῷ
1490 2832 1604 2904 Υίῷ
1642 2834 1915 2906 διάληψιν,

334 2917 607 2987 μηδεμίαν
645 2921 753 2973 τῶν
804 2924 938 2995 παρ’
985 2925 1214 2987 ἐκείνοις
1270 2926 1606 2996 ποιήσασθαι
1671 2929 1916 3000 μνήμην.

341 3008 560 3082 Ἐπειδὴ
587 3010 643 3064 δὲ
676 3014 906 3078 ἀπεικὸς
937 3016 1088 3070 οὐδὲν
1111 3021 1225 3081 τοῖς
1265 3012 1468 3084 ἀθλίοις
1506 3021 1729 3074 ἐκείνων
1765 3038 1920 3092 περι-

2037 553 2187 604 vere,
2232 544 2293 592 ιιι
2346 536 2519 592 Filius
2562 551 2631 593 ex
2681 535 2842 591 Patre
2903 534 3228 590 naturaliter
3278 531 3484 586 editus.
3517 529 3621 587 Sed

2035 630 2240 687 Christi
2271 630 2498 702 quidem
2534 629 2788 684 Ecclesia
2820 643 2944 699 qua:
2983 626 3300 698 dogmatum
3333 622 3498 695 785
3538 639 3621 677 re-

2034 724 2310 779 ctitudine
2358 722 2633 793 imprimis
2683 720 2976 790 gloriatur.
3009 720 3171 774 talem
3217 718 3285 773 de
3330 714 3625 787 Unigenito

2035 814 2364 870 sententiam
2402 813 2567 869 habet
2601 831 2614 867 :
2645 811 2739 868 Dei
2768 819 2951 867 autem
2986 811 3173 891 hostes
3207 808 3454 864 lia-retiei
3486 822 3621 861 con—

2032 907 2206 963 traria
2256 906 2506 963 sentiunt
2559 915 2614 961 et
2665 904 2940 960 instillant
2994 904 3321 974 perniciosa:
3370 915 3487 954 sua:
3524 899 3625 975 d_o-

2032 1002 2227 1058 ctrina:
2274 999 2588 1070 discipulis.
2632 997 2918 1053 Conviciis
2944 997 3094 1053 enim
3153 996 3425 1051 adversus
3464 994 3622 1048 (lbri-

2032 1103 2177 1151 stum
2211 1093 2508 1163 in,rabiem
2534 1092 2643 1148 acti
2673 1105 2870 1162 magno
2897 1087 3083 1144 studio
3115 1087 3172 1141 in
3206 1087 3260 1143 id
3293 1086 3621 1142 incumbunt

2031 1186 2247 1252 miseri,
2280 1185 2533 1254 aliusque
2568 1183 2740 1238 alium
2778 1181 2949 1245 acuit,
2985 1196 3096 1234 non
3145 1186 3203 1233 ιιι
3255 1177 3322 1232 ad
3356 1178 3617 1247 pietatem

2031 1295 2091 1337 se
2124 1285 2454 1350 provocent,
2484 1276 2581 1333 sed
2621 1284 2685 1330 ut
2727 1276 2868 1331 alter
2910 1275 3145 1328 alterum
3199 1271 3484 1341 impietate
3524 1284 3620 1324 su-

2030 1386 2228 1442 perare
2284 1378 2338 1425 et
2402 1368 2614 1439 aliquid
2672 1366 2926 1439 proferre
2987 1362 3245 1420 videatur
3296 1358 3616 1442 absurdius.

2031 1438 2169 1515 Nam
2213 1476 2339 1516 cum
2368 1438 2557 1515 vinum
2601 1438 2972 1514 Sodomorum
3029 1456 3132 1526 ipsi
3183 1453 3399 1519 bibant,
3450 1438 3618 1519 atque

2031 1551 2286 1607 acerbam
2318 1566 2479 1605 uvam
2521 1549 2849 1606 Gomorrha:
2879 1547 3225 1603 vindemient
3258 1544 3280 1577 ’⁵
3307 1544 3432 1615 (nec
3469 1541 3613 1596 enim

2030 1657 2096 1699 ex
2130 1642 2319 1698 divino
2352 1641 2558 1713 Spiritu
2589 1642 2871 1713 accipiunt
2898 1657 3020 1715 qua:
3050 1640 3121 1696 de
3153 1655 3218 1693 eo
3251 1638 3473 1698 docent,
3513 1649 3617 1689 nec

1998 1778 2003 1804 τ
2032 1746 2099 1788 ex
2128 1733 2463 1790 revelatione
2480 1733 2682 1799 Patris,
2714 1734 2811 1790 sed
2836 1750 2902 1789 ex
2935 1733 3117 1804 capite
3152 1725 3614 1794 draconis),nibil

2030 1825 2254 1896 quidem
2289 1826 2409 1882 sani
2444 1826 2716 1889 sentiunt,
2757 1827 2853 1882 sed
2902 1840 2966 1881 ea
3001 1825 3265 1894 loquntur
3294 1835 3419 1891 qua:
3449 1818 3615 1873 mise-

2029 1918 2235 1974 rabiles
2266 1918 2578 1973 auditorum
2626 1918 2843 1973 animas
2883 1916 3149 1981 reddunt,
3181 1930 3274 1970 eas
3309 1912 3377 1967 ad
3407 1908 3613 1965 inferos

2029 2024 2084 2069 et
2138 2012 2385 2066 intimum
2422 2010 2743 2065 barathrum
2777 2008 3151 2064 detrudentia.
3191 2006 3324 2073 Qua:
3358 2012 3414 2059 et
3452 2001 3611 2057 libris

2031 2104 2296 2160 mandare
2321 2104 2439 2158 ausi
2479 2111 2632 2163 sunt.
2658 2109 2713 2155 et
2741 2098 3044 2169 nequitiam
3079 2113 3236 2153 suam
3265 2106 3528 2164 tanquam
3554 2092 3608 2145 in

2026 2196 2192 2267 cippo
2233 2195 2300 2251 ad
2344 2194 2814 2249 immortalitatem
2868 2192 3247 2260 sculpserunt.
3284 2187 3349 2242 Et
3380 2183 3611 2241 decebat

2025 2288 2249 2360 quidem
2287 2301 2391 2342 nos
2429 2283 2696 2356 expositis
2744 2283 2798 2336 in
2851 2282 2998 2337 hunc
3032 2283 3212 2337 locum
3265 2289 3612 2349 quaecunque

2024 2381 2327 2437 lectoribus
2358 2378 2425 2433 ad
2454 2386 2607 2433 recte
2629 2377 2981 2435 sentiendum
3017 2374 3085 2429 de
3126 2371 3266 2427 Filio
3292 2369 3608 2425 conducere

2024 2473 2375 2533 videbantur,
2409 2471 2619 2526 nullam
2652 2468 3038 2525 haereticorum
3072 2464 3391 2536 dogmatum
3433 2460 3611 2514 facere

2026 2565 2386 2621 mentionem.
2420 2563 2525 2618 Sed
2578 2578 2704 2617 cum
2753 2561 2973 2617 miseris
3021 2573 3214 2615 eorum
3257 2553 3611 2611 sermonibus
3678 2576 3689 2583 ο

2026 2658 2395 2729 simpliciores
2426 2656 2676 2712 nonnulli
2694 2648 3444 2727 abripiantur,neccssarium
3477 2645 3609 2700 duxi

2026 2748 2275 2805 veritatis
2311 2746 2585 2818 dogmatis
2610 2746 2808 2801 noxias
2858 2745 3080 2800 illorum
3109 2755 3285 2811 nugas
3317 2736 3607 2806 repellere,
3654 2794 3665 2813 ἱ

2006 2846 2081 2895 ιοι
2120 2838 2428 2895 calumnias
2489 2854 2630 2910 quas
2664 2837 2921 2909 aﬂingere
2964 2836 3158 2892 volunt
3192 2832 3352 2898 Filio,
3393 2831 3525 2890 imo,
3549 2833 3613 2883 ut

2025 2930 2213 2986 verius
2241 2929 2445 2995 dicam,
2473 2930 2573 2985 toti
2607 2936 2819 2985 natura:
2841 2928 3065 2993 divinae,
3094 2926 3290 2982 inanes
3325 2938 3392 2977 ac
3423 2920 3609 2977 futiles

2027 3025 2320 3079 ostendere

324 3102 591 3173 ‘tuxdv'ra;
650 3106 857 3177 ῥήμασι
919 3111 1335 3184 συναρπαιγῆναι
1381 3112 1489 3165 τῶν
1532 3114 1919 3186 ἁπλουστέρων
1954 3117 2034 3178 εἰς
2055 3117 2273 3172 σύνεσίν
2305 3135 2481 3183 τινας,
2512 3118 2812 3186 ἀναγκαῖον
2842 3113 3032 3186 ᾠήθην
3061 3114 3177 3176 τοῖς
3230 3108 3292 3175 ἐξ
3350 3105 3610 3178 ἀληθείας

331 3195 564 3265 δόγμασι
593 3195 661 3248 τά
703 3196 766 3249 ἐκ
790 3199 891 3267 τῆς
924 3199 1148 3255 ἐκείνων
1177 3202 1445 3271 φλυαρίας
1493 3203 1923 3275 διακρούσασθαι
1963 3204 2162 3278 βλάϐη,
2216 3206 2623 3279 εὖανὰτρεπτόν
2668 3223 2729 3260 τε
2791 3202 3056 3269 ἐπιδεῖξαι
3087 3202 3184 3274 τὴν
3222 3197 3609 3267 συκοφαντίαν,

331 3285 397 3355 ἢν
413 3285 765 3357 ἐπιτειχίζειν
799 3288 1081 3359 βούλονται
1128 3290 1208 3361 τῷ
1243 3291 1379 3362 Υἱῷ,
1416 3292 1615 3362 μᾶλλον
1653 3293 1709 3347 δὲ
1739 3293 1835 3365 ὅλῃ
1866 3296 1930 3365 τῇ
1968 3294 2088 3373 θεία
2119 3296 2314 3365 φύσειε
2338 3297 2497 3351 τοῦτο
2527 3299 2638 3369 γὰρ
2679 3299 2857 3352 εἰπεῖν
2900 3295 3282 3366 ἀληθέστερον.

400 3380 703 3453 Τοιγαροῦν
742 3383 993 3456 ἐνέτυχον
1024 3384 1212 3455 βιϐλίῳ
1240 3386 1348 3440 τῶν
1386 3387 1453 3441 δι’
1488 3388 1760 3452 ἐναντίαςο
1796 3384 1917 3443 εἶτα
1945 3397 1988 3455 C

329 3471 396 3525 τὰ
422 3473 482 3527 ἐν
502 3473 583 3542 τῷ
611 3475 962 3546 προκειμένῳ
990 3475 1138 3547 ῥητῷ
1170 3475 1595 3548 διερευνώμενος
1619 3520 1635 3544 ,
1664 3478 1921 3549 εὕρισκον

327 3564 424 3618 ἐπὶ
472 3565 672 3629 λέξεως
718 3568 913 3637 αὐτῆς,
946 3568 1089 3621 οὕτω
1121 3568 1351 3636 λέγοντα
1381 3570 1500 3640 μεθ’
1545 3571 1708 3644 ’ἐτερά
1759 3587 1917 3624 τινα·

341 3654 402 3706 '0
444 3654 626 3707 τοίνυν
651 3655 782 3718 Υἱὸς
807 3658 1079 3721 οὑσιωδῶς
1123 3661 1508 3733 περιεχόμενος
1544 3662 1647 3715 ὑπὸ
1679 3662 1774 3714 τοῦ
1809 3664 1919 3716 [Ια-

330 3746 481 3815 τρδς,
512 3746 602 3800 τὸν
639 3749 862 3821 Πατέρα
888 3750 945 3802 ἐν
975 3750 1153 3821 ἐαυτῷ
1178 3751 1395 3822 ἔχει,τά
1428 3757 1648 3828 ῥήματα
1689 3761 1920 3833 φθεγγό-

338 3853 499 3904 μενον
544 3840 639 3892 καὶ
669 3840 736 3892 τά
774 3844 976 3911 σημεῖα
1017 3842 1369 3898 ἐπιτελοῦντα
1392 3863 1406 3877 ⁸
1438 3848 1574 3920 ὅπερ
1607 3852 1915 3925 έρμηνεύει,

333 3928 509 3996 λέγων
536 3948 549 3959 ·
590 3950 609 3982 ι
653 3933 717 3985 ’Ἀ
748 3931 861 4000 ἐγὼ
908 3932 1052 3987 λαλῶ
1087 3934 1237 4005 ὑμῖν,
1271 3938 1366 3991 ἀπ’
1388 3940 1630 4011 ἐμαυτοῦ
1659 3945 1719 3998 οὐ
1751 3946 1917 4013 λαλῶ,

327 4024 359 4076 ό
393 4022 450 4076 δὲ
502 4024 691 4096 Πατὴρ
740 4028 799 4081 ἐν
827 4027 951 4098 ἐμοὶ
981 4028 1163 4097 μένων
1190 4033 1336 4084 ποιεῖ
1374 4033 1463 4087 τέο
1489 4033 1625 4107 ἔργα
1662 4038 1843 4104 αὐτός.
1893 4060 1912 4094 ι

325 4115 497 4171 Ταυτὶ
529 4118 627 4189 τῆς
664 4121 877 4174 ἐκείνου
915 4121 1206 4194 τερθρείας
1237 4124 1305 4178 τά
1341 4128 1568 4198 ῥήματα
1590 4146 1603 4160 ⁸
1634 4132 1825 4202 ἐπειδὴ
1860 4134 1918 4187 δὲ

324 4210 432 4281 χρὴ
465 4212 559 4266 καὶ
589 4214 736 4285 ἡμᾶς
764 4214 942 4267 εἰπεῖν
973 4213 1034 4267 τὸ
1058 4218 1170 4280 τοῖς
1204 4219 1517 4289 εἰρημένοις
1537 4222 1915 4292 ἀντιστᾳτοῦν,

325 4301 423 4355 καὶ
466 4302 723 4374 ἀδόκιμον
769 4303 899 4357 ὄντα
945 4305 1035 4359 τὸν
1079 4306 1203 4360 νοῦν
1250 4309 1549 4383 διελέγχειν
1596 4314 1914 4387 δυνάμενον,

326 4392 505 4446 ἐκεῖνό
539 4411 681 4464 φημι
707 4410 720 4424 ’
761 4395 835 4448 Τὸ
863 4395 963 4466 μὲν
1014 4393 1107 4451 οὖν
1139 4400 1413 4467 οὑσιωδῶς
1449 4406 1805 4478 περιέχεσθαι
1832 4411 1918 4464 λέ-

325 4500 447 4550 γειν
469 4485 561 4537 τὸν
577 4485 706 4540 Υἱὸν
735 4487 842 4541 ὑπὸ
874 4487 968 4541 τοῦ
998 4485 1234 4562 Πατρὸςζ
1260 4493 1288 4545 ὃ
1317 4495 1369 4547 τί
1386 4514 1515 4550 ποτε
1543 4498 1654 4568 ἄρα
1682 4501 1850 4568 ἐστὶν,
1881 4501 1915 4573 ἢ

326 4575 382 4627 τί
406 4575 514 4646 ἄρα
559 4575 730 4646 δηλοῖ,
758 4578 819 4630 οὐ
852 4579 1061 4651 σφόδρα
1096 4583 1319 4653 συνίημι
1341 4602 1354 4614 ·
1386 4587 1584 4657 χρῆναι
1617 4591 1726 4662 γὰρ
1762 4587 1916 4661 οἶμαι

321 4666 386 4719 τὸ
434 4666 632 4737 ἀληθὲς
691 4673 867 4726 εἰπεῖν
914 4692 929 4705 ’
964 4675 1235 4745 τοσαύτην
1305 4676 1418 4746 ἔχει
1478 4680 1575 4751 τὴν
1620 4682 1913 4755 ἀσάφειαν.

337 4760 596 4832 Ἐρυοριᾷ
622 4764 732 4835 γὰρ
767 4764 977 4836 ὥσπερ,
1009 4770 1103 4821 καὶ
1144 4771 1490 4826 συστέλλεταί
1532 4792 1650 4837 πως
1692 4776 1830 4846 πρὸς
1857 4777 1916 4829 τὸ
1947 4764 1991 4818 Ῑ)

322 4851 692 4925 ἀφανέστερον
724 4859 1040 4930 παρρησίαν
1079 4861 1179 4915 οὐκ
1212 4861 1335 4932 ἕχον
1369 4864 1431 4917 τὸ
1469 4864 1753 4938 θεώρημα.
1786 4869 1912 4938 ΪΩσ-

326 4961 431 5013 περ
459 4944 569 5015 γὰρ
606 4948 634 4998 ό
677 4947 748 5001 τὰ
777 4950 957 5018 φαῦλα
985 4953 1247 5023 πράσσων
1283 4959 1434 5027 μισεῖ
1460 4957 1520 5010 τὸ
1692 4934 1913 5014 καὶαοὺκ

324 5036 546 5105 ἔρχεται
594 5039 729 5108 πρὸς
760 5042 821 5094 τὸ
845 5044 983 5111 φῶς,
1019 5044 1106 5098 ἵνα
1137 5048 1213 5117 μὴ
1249 5048 1505 5121 ἐλεγχθῇ,
1536 5052 1674 5105 κατά
1697 5052 1793 5124 τὴν
1820 5052 1911 5107 τοῦ

324 5128 582 5198 Σωτῆρος
607 5136 789 5205 φωνήν
811 5151 823 5164 ·
849 5135 993 5192 οὕτω
1014 5140 1121 5202 πᾶς
1148 5140 1329 5209 λόγος,
1356 5145 1384 5196 ό
1420 5143 1490 5196 τά
1515 5145 1696 5215 φαῦλα
1715 5146 1912 5218 δηλῶν,

321 5219 413 5273 ’ὃιά
448 5225 740 5278 σκοτεινῶν
781 5228 1000 5283 ἐννοιῶν
1039 5231 1293 5302 ἔρχεσθαι
1342 5235 1506 5304 φιλεῖ,
1556 5237 1650 5290 καὶ
1689 5240 1824 5311 πρὸς
1853 5241 1915 5293 τὸ

328 5315 660 5412 σαφηνείας*
681 5318 791 5412 οὐχ,
843 5320 962 5390 ἥξει
994 5322 1130 5390 φῶς,
1189 5324 1275 5378 ἵνα
1302 5326 1376 5397 μὴ
1408 5328 1639 5400 ἐλεγχθῇ
1673 5331 1773 5401 τῆς
1823 5335 1911 5385 ἐν·

323 5406 495 5472 οὐσης
522 5406 669 5478 αὐτῷ
702 5410 1091 5485 σαθρότητοςή
1119 5415 1384 5471 εὐτέλεια.
1428 5419 1493 5472 Τί
1531 5416 1623 5474 οὖν
1653 5422 1760 5494 ἄρα
1798 5423 1914 5475 ἐστὶ

320 5494 387 5546 τὸ
417 5495 691 5562 οὐσιωδῶς
731 5502 1084 5574 περιέχεσθαι
1113 5505 1204 5557 τὸν
1229 5506 1356 5561 Υἱὸν
1388 5508 1494 5562 ὑπὸ
1524 5511 1618 5565 τοῦ
1660 5513 1911 5579 Πατρός;

325 5585 479 5659 Ἰημι
505 5588 617 5662 γὰρ
648 5591 711 5663 δὴ
742 5593 809 5648 δι’
832 5596 1044 5659 ἐννοίας
1079 5597 1318 5671 ἁπάσης,
1354 5595 1549 5675 οἷσπερ
1577 5603 1643 5659 ἂν
1668 5603 1914 5677 δύνωμαι

395 5758 413 5788 ⁸
453 5766 610 5823 Deut.
666 5788 836 5838 xxx",
871 5773 959 5826 52.
1067 5777 1084 5805 ⁵
1121 5777 1281 5832 .loan.
1321 5795 1414 5847 In,
1452 5781 1538 5835 ρο.

2094 3393 2153 3447 In
2192 3409 2390 3452 manus
2440 3394 2628 3465 itaque
2672 3394 2806 3448 mihi
2854 3393 3007 3448 venit
3058 3388 3500 3446 adversariorum
3539 3388 3610 3442 li-

2024 3486 2155 3553 ber;
2202 3502 2443 3558 cumque
2483 3488 2591 3543 loci
2624 3486 2896 3558 propositi
2924 3498 3150 3542 sensum
3201 3487 3606 3553 perscrutarcr,

2025 3564 2205 3632 inveni
2243 3586 2368 3649 post
2402 3578 2513 3633 alia
2540 3578 2792 3649 quaedam
2815 3561 2899 3631 ita
2936 3576 3207 3646 scriptum
3243 3574 3309 3629 ad
3342 3572 3604 3626 verbum:

2024 3667 2196 3725 Filius
2226 3684 2358 3740 ergo
2397 3670 2842 3727 substantialiter
2879 3675 3181 3729 contentus
3214 3679 3245 3720 a
3284 3663 3472 3725 Patre,
3502 3661 3606 3716 Pa-

2025 3771 2159 3816 trem
2195 3761 2250 3817 in
2285 3763 2472 3835 seipso
2498 3763 2769 3828 continet,
2801 3763 2968 3818 verba
3009 3761 3328 3831 loquentem
3364 3767 3418 3811 et
3448 3757 3606 3827 signa

2022 3863 2373 3924 peragentem
2401 3873 2415 3909 :
2442 3854 2591 3925 quod
2622 3854 3024 3925 interpretatur
3049 3851 3277 3906 dicens:
3302 3866 3318 3899 ι
3352 3847 3484 3923 Qua:
3505 3861 3608 3917 ego

2023 3944 2219 4013 loquor
2244 3946 2423 4011 vobis,
2471 3960 2501 3999 a
2536 3946 2750 4016 meipso
2783 3960 2892 4001 non
2939 3945 3159 4014 loquor,
3194 3941 3288 3998 sed
3340 3940 3505 4003 Pater
3550 3940 3604 3994 in

2021 4051 2109 4090 me
2140 4052 2390 4113 manens,
2421 4038 2536 4109 ipse
2565 4038 2697 4093 facit
2727 4053 2915 4109 opera.
2955 4058 2975 4090 ι
3021 4038 3149 4092 Haec
3177 4036 3256 4091 illi
3289 4041 3604 4105 nugantur;

2020 4144 2212 4185 verum
2248 4132 2379 4201 quia
2402 4148 2631 4189 necesse
2663 4142 2747 4188 est
2776 4147 2878 4187 nos
2911 4131 3019 4187 illis
3058 4134 3344 4192 resistere,
3379 4142 3480 4181 nec
3509 4140 3602 4180 vc-

2019 4237 2142 4275 rum
2197 4236 2262 4278 ac
2295 4238 2616 4294 germanum
2666 4238 2792 4280 esse
2840 4223 2994 4278 illum
3027 4236 3252 4278 sensum
3285 4218 3603 4279 ostendere,

2018 4313 2257 4384 primum
2296 4314 2422 4387 dico
2458 4332 2567 4381 me,
2620 4323 2682 4369 ut
2722 4331 2851 4370 vere
2883 4315 3102 4385 loquar,
3155 4311 3300 4367 haud
3330 4309 3471 4366 satis
3509 4323 3604 4363 ca-

2018 4421 2149 4475 pere
2180 4406 2312 4477 quid
2356 4407 2464 4463 sibi
2511 4407 2643 4462 velit
2672 4408 2819 4478 quod
2862 4407 3017 4461 aiunt
3049 4405 3323 4461 contineri
3359 4418 3388 4457 a
3442 4401 3607 4457 Patre

2019 4496 2258 4563 Filium,
2298 4507 2513 4555 tantum
2556 4501 2610 4554 in
2645 4517 2705 4556 se
2748 4499 3108 4557 obscuritatis
3157 4499 3343 4553 habet.
3390 4494 3606 4550 Erube-

2019 4592 2124 4647 scit
2154 4592 2325 4656 enim,
2351 4608 2415 4648 ac
2443 4594 2693 4649 tenebris
2714 4593 3122 4663 quodammodo
3148 4590 3459 4646 otl'unditur
3483 4604 3609 4658 pro-

2018 4685 2220 4755 positio
2267 4686 2520 4742 libertate
2558 4702 2747 4742 vacua.
2800 4686 3273 4753 Quemadmodum
3308 4683 3458 4738 enim
3513 4681 3606 4749 qui

2021 4781 2162 4835 male
2193 4780 2325 4849 agit,
2344 4780 2462 4834 odit
2489 4781 2690 4846 lucem,
2717 4781 2884 4853 786
2902 4797 3005 4836 nec
3031 4780 3183 4836 venit
3212 4779 3280 4833 ad
3307 4777 3508 4839 lucem,
3539 4790 3608 4827 ne

2021 4874 2409 4944 redarguatur,
2435 4874 2594 4945 juxta
2630 4874 2944 4931 Servatoris
2974 4890 3162 4930 vocem
3204 4873 3224 4904 '
3252 4891 3265 4927 :
3310 4871 3392 4926 sic
3421 4869 3606 4923 omnis

2020 4967 2199 5022 oratio
2245 4982 2368 5036 qua:
2425 4968 2566 5020 mala
2620 4967 2893 5038 designat,
2927 4983 3022 5037 per
3056 4965 3385 5020 tenebrosos
3434 4960 3603 5013 animi

2021 5069 2322 5130 conceptus
2374 5060 2456 5115 ire
2509 5060 2667 5126 solet,
2704 5077 2806 5115 nec
2853 5061 2919 5115 ad
2974 5055 3385 5130 explanationis
3420 5054 3603 5131 lucem

2022 5152 2284 5223 prodibit,
2341 5167 2411 5206 ne
2466 5151 2615 5207 illius
2660 5151 2840 5207 caries
2890 5166 2954 5204 ac
3003 5147 3264 5203 debilitas
3316 5152 3601 5214 arguatur.

2023 5246 2165 5312 Quid
2192 5261 2325 5316 ergo
2350 5253 2435 5301 est
2466 5245 2916 5302 substantialiter
2947 5239 3221 5296 contineri
3261 5253 3291 5291 a
3326 5237 3488 5290 Patre
3516 5235 3607 5287 Fi-

2023 5338 2198 5391 lium?
2239 5336 2449 5391 Cuncta
2499 5338 2646 5391 enim
2701 5333 3043 5405 perscrutari
3071 5332 3250 5400 juvat,
3302 5337 3358 5385 et
3399 5328 3606 5396 quibus

2025 5445 2245 5499 possum
2277 5428 2590 5482 rationibus
2630 5427 2910 5495 explicare
2951 5424 3099 5494 quod
3131 5423 3370 5479 obscure
3394 5423 3604 5478 dictum

2023 5528 2130 5580 est,
2160 5515 2418 5586 quodque
2454 5515 2641 5568 forsan
2662 5512 2956 5567 erubescit
3001 5528 3070 5568 ne
3121 5512 3308 5567 animo
3352 5506 3603 5579 compre-

2023 5608 2275 5673 hensum,
2314 5608 2433 5678 ejus
2483 5621 2511 5658 a
2558 5619 2667 5674 quo
2699 5603 2910 5659 editum
2934 5613 3027 5662 est‘
3053 5605 3324 5661 insaniam
3373 5605 3601 5669 relegat.
