4076 6270
528 347 633 404 219

1523 358 1582 415 S.
1623 358 1906 415 CYRl‘LLl
1938 360 2404 421 ALEXANDRINI
2444 369 2765 428 ARCHIEP.

3686 385 3792 439 9.20
3842 366 3849 373 ’

527 466 586 523 Si
615 482 747 540 ergo
776 470 1053 540 signiﬁcat
1075 469 1273 529 Filium
1306 474 1368 529 iu'
1390 477 1567 533 Patris
1595 479 1928 548 substantia,
1968 491 2087 538 tan-

2193 482 2541 542 διαπτύσσων
2561 489 2742 560 λόγοις
2765 493 2825 545 τὸ
2857 490 3114 563 ἀμυδρῶς
3144 495 3455 567 εἰρημένον,
3512 498 3606 552 καὶ
3662 492 3788 555 δυσ-

526 576 691 629 quam
743 564 794 618 ei
851 565 1407 634 consubstantialem,
1459 570 1665 629 habere
1716 582 1774 630 et
1816 576 1870 630 in
1916 580 2100 650 seipse

526 652 743 709 Patrem
770 654 830 709 in
860 653 982 710 Filii
1014 668 1212 717 natura
1257 661 1701 734 praefulgentem,
1737 682 1838 724 nos
1876 670 1923 724 ei
1963 687 2102 745 quo-

524 760 636 814 que
662 745 987 815 expositioni
1030 749 1489 820 astipulabimur:
1532 758 1674 825 quod
1705 766 1890 815 tamen
1918 764 2099 817 conti-

520 835 645 888 neri
673 833 846 891 Filius
880 836 1110 903 dicitur,
1140 855 1252 896 non
1280 842 1637 903 mediocriter
1662 847 1850 906 forsan
1882 868 1985 909 nos
2024 852 2103 911 οΐ-

522 923 776 985 fcnderit.
829 926 926 982 Sin
974 937 1160 986 autem
1201 933 1349 989 istud
1394 950 1505 991 non
1552 939 1628 994 ait
1688 944 1811 1010 (nec
1839 946 1984 999 enim
2033 958 2100 1002 ex

521 1013 684 1070 Patre
711 1018 959 1087 genitum
994 1036 1120 1078 esse
1158 1023 1363 1080 lFilium
1400 1044 1641 1099 unquam
1679 1029 1956 1100 admittet,
2001 1036 2098 1107 qui

520 1112 730 1159 tantam
786 1108 839 1161 in
878 1124 1004 1164 eum
1055 1113 1454 1184 blasphemiam
1507 1123 1773 1190 evomuit,
1826 1126 1921 1181 sed
1974 1122 2099 1183 Filii

519 1202 775 1251 naturam
816 1200 983 1256 veluti
1019 1218 1224 1274 corpus
1271 1209 1548 1278 quoddam
1594 1212 1806 1270 ﬁnitum
1838 1233 1869 1272 a
1919 1218 2099 1276 Patris

518 1295 715 1341 natura
742 1305 866 1344 esse
888 1294 1374 1363 comprehensam,
1410 1301 1654 1374 asserit),
1679 1306 1953 1373 quomodo
1990 1325 2099 1366 non

519 1386 706 1445 aperta
740 1385 816 1433 uti
866 1382 1209 1454 blasphemia
1251 1403 1592 1461 summeque
1640 1394 1928 1453 dementiae
1975 1399 2098 1470 ple-

521 1485 626 1526 nus
647 1487 773 1526 esse
799 1477 1098 1546 urguetur?
1122 1477 1256 1533 Nam
1284 1494 1408 1534 cum
1441 1482 1604 1538 iidem
1637 1484 1745 1555 ipsi
1777 1485 1943 1542 Deum
1972 1506 2099 1546 esse

520 1560 946 1630 dicantFilium,
970 1570 1335 1639 proprietates
1360 1580 1544 1629 tamen
1571 1591 1861 1647 corporum
1890 1580 1938 1634 ei
1968 1595 2099 1650 prae-

516 1662 601 1708 ter
634 1656 902 1713 rationem
934 1660 1193 1732 aliingere
1222 1672 1501 1719 conantur
1532 1683 1544 1719 :
1582 1669 1730 1737 quod
1761 1670 1906 1724 enim
1941 1686 2098 1728 meu-

517 1759 649 1798 sura
696 1755 794 1800 aut
840 1751 1027 1819 spatio
1059 1761 1114 1806 et
1163 1754 1452 1811 intervallo
1498 1758 1993 1830 circumscribitur,
2021 1765 2095 1819 ita

517 1844 579 1888 ut
611 1850 642 1890 a
684 1838 958 1911 principio
981 1845 1218 1912 quodam
1264 1847 1577 1904 inchoatum
1621 1852 1822 1908 alicubi
1857 1826 2094 1921 desinat,
2126 1826 2170 1881 Β

519 1927 711 1998 utique
752 1938 808 1987 et
846 1948 973 1989 esse
1007 1935 1057 1989 in
1101 1936 1244 2002 loco,
1278 1946 1334 1993 et
1370 1941 1692 2009 quantitate,
1725 1953 1774 1999 et
1814 1943 2011 2012 forma,
2043 1956 2098 2004 et

518 2020 691 2091 figura
721 2027 1012 2096 suscipiet.
1047 2032 1116 2083 At
1146 2033 1429 2100 quomodo
1461 2032 1696 2091 istanou
1734 2046 1865 2094 sunt
1899 2055 2096 2111 corpo-

510 2128 632 2167 rum
661 2117 918 2187 propria?
943 2113 1219 2190 quo'modo
1243 2140 1350 2180 non
1376 2128 1687 2196 nobiscum,
1706 2137 1895 2200 utpote
1919 2135 2091 2190 nostri

509 2207 732 2274 similis,
764 2211 857 2279 qui
907 2228 1074 2285 supra
1125 2232 1226 2274 nos
1257 2227 1365 2280 est.
1396 2220 1761 2277 censebitur?
1810 2232 1906 2279 aut
1955 2242 2095 2296 quo-

509 2298 675 2355 modo
720 2304 877 2359 alteri
927 2316 1198 2365 creaturae
1240 2325 1538 2381 germanus
1584 2330 1699 2370 non
1730 2317 1856 2382 erit,
1884 2318 1976 2386 qui
2010 2319 2095 2374 ni-

508 2389 624 2446 hilo
668 2395 794 2463 plus
844 2397 1006 2453 habet
1054 2417 1218 2469 quam
1263 2403 1377 2468 illa,
1410 2412 1686 2476 quatenus
1716 2410 1975 2465 nimirum
2007 2422 2093 2468 est

509 2480 705 2538 finita?
744 2487 881 2541 Cum
914 2501 1097 2546 autem
1139 2494 1215 2547 ita
1250 2510 1309 2551 se
1344 2494 1566 2563 habeat,
1609 2508 1670 2554 ut
1698 2500 1866 2558 stulte
1896 2504 2090 2559 adver-

509 2571 643 2626 sarii
678 2574 783 2629 sibi
825 2580 1182 2645 persuadent,
1216 2597 1318 2637 cur
1344 2585 1549 2641 frustra
1592 2603 1695 2644 nos
1738 2593 2087 2648 terrebatdi-

508 2680 676 2721 cens:
721 2686 741 2720 ι
786 2667 895 2725 Vos
944 2672 1012 2726 de
1059 2672 1324 2730 deorsum
1381 2678 1539 2744 estis,
1575 2694 1678 2750 ego
1719 2697 1785 2736 ex
1827 2684 2089 2754 supernis

2205 579 2530 651 ωπούμενον
2557 584 2701 654 τάχα
2734 585 2812 654 μὴ
2852 586 2946 639 καὶ
2978 585 3084 657 ἄρα
3108 588 3298 658 νοηθὲν
3327 590 3652 665 ἀποκαλύψῃ
3686 596 3788 667 τὴν

2202 670 2299 724 τοῦ
2326 673 2574 738 τεκόντος
2600 675 2731 729 αὐτὸ
2764 675 3105 732 δυσϐουλίαν.
3129 677 3193 731 Εἰ
3220 672 3319 750 μὲν
3348 667 3441 735 οὖν
3474 682 3632 736 τοῦτο
3663 684 3787 755 βού-

2201 761 2350 815 λεται
2386 762 2688 835 δηλοῦν,ὼς
2727 768 2784 821 ἐν
2806 771 2871 840 τῇ
2908 768 3002 823 τοῦ
3030 768 3243 842 Πατρδς
3273 772 3430 845 οὐσίᾳ
3462 776 3785 847 φαινόμενος

2200 854 2229 907 ὁ
2269 854 2396 918 Υἱὸς
2414 894 2429 917 ,
2453 854 2527 920 ὡς
2566 858 2847 929 ὀμοούσιος
2875 861 3054 931 αὐτῷ,
3083 860 3194 933 ἔχει
3216 863 3310 917 καὶ
3331 864 3494 929 αὐτὸς
3522 867 3580 919 ἐν
3606 862 3785 940 ἑαυτῷ

2200 944 2292 999 τὸν
2325 942 2545 1018 Πατέρα
2581 950 2638 1003 έν
2670 951 2733 1021 τῇ
2760 951 2854 1004 τοῦ
2885 953 3228 1023 γεννήματος
3258 953 3419 1024 φύσει
3452 955 3630 1020 καλῶς
3668 958 3782 1012 δια-

2199 1038 2504 1108 λάμποντα,
2538 1041 2923 1113 συναινέσομεν
2956 1044 3051 1098 καὶ
3081 1044 3241 1115 ἡμεῖς
3288 1047 3367 1110 είς
3397 1046 3492 1117 τὴν
3526 1047 3618 1101 τοῦ
3643 1048 3780 1102 θεω-

2203 1131 2269 1201 ρή
2280 1144 2446 1199 ματος
2477 1131 2703 1203 δύναμιν
2730 1151 2745 1165 ο
2769 1134 2830 1187 οὐ
2876 1135 3110 1206 μετρίως
3135 1137 3179 1201 δῖ
3205 1136 3271 1190 ἂν
3316 1130 3571 1208 ἀδικῆσαι
3613 1138 3777 1211 τυχὸν

2199 1220 2260 1275 τὸ
2286 1222 2383 1292 τῆς
2402 1224 2666 1295 περιοχῆς
2697 1224 2868 1296 ὄνομα
2892 1226 3145 1297 κείμενον
3170 1229 3252 1297 ἐφ’
3276 1228 3410 1299 Υἱῷ.
3438 1221 3501 1282 Ei
3531 1229 3589 1284 δὲ
3622 1232 3779 1286 τοῦτο

2204 1311 2305 1382 μὲν
2331 1310 2392 1365 οὐ
2438 1331 2602 1385 φησιν
2648 1313 2731 1387 (οὐ
2758 1316 2865 1388 γὰρ
2896 1317 2960 1369 ὲκ
2985 1317 3084 1388 τῆς
3108 1314 3293 1380 οὐσίας
3313 1316 3407 1372 τοῦ
3442 1314 3653 1392 Πατρὸς
3685 1341 3773 1390 γε·

2199 1403 2491 1473 γεννῆσθαί
2546 1422 2676 1458 ποτε
2732 1408 3089 1477 παραδέξεται
3128 1409 3221 1464 τὸν
3274 1404 3401 1464 Υἱὸν
3449 1413 3478 1464 ὁ
3526 1415 3778 1484 τοιαύτην

2198 1495 2405 1566 ἒμέσας
2460 1496 2580 1549 κατ’
2616 1496 2779 1550 αὑτοῦ
2822 1498 3151 1570 δυσφημίαν,
3196 1500 3385 1573 ὥσπερ
3428 1502 3583 1579 δέᾷτι
3618 1504 3775 1574 σῶμα

2199 1587 2617 1655 πεπερασμένον
2654 1586 2751 1657 τὴν
2794 1586 2889 1641 τοῦ
2946 1586 3076 1642 Υἱοῦ
3117 1589 3278 1659 φύσιν
3317 1590 3773 1663 ὲμπεριειλῆφθαι

2197 1677 2263 1748 τῇ
2300 1676 2395 1731 τοῦ
2432 1677 2644 1747 Πατρὺς
2676 1678 3110 1750 διῖσχυρίζεται),
3148 1681 3269 1746 πῶς
3298 1684 3398 1736 οὐκ
3427 1684 3492 1737 ἂν
3543 1683 3782 1753 ἀναφαν-

2196 1767 2285 1820 δὸν
2328 1756 2609 1839 δυσφήσας
2651 1768 3055 1845 [δυσφημήσας]
3089 1769 3376 1837 ἁλώσεται,
3413 1773 3507 1825 καὶ
3558 1775 3658 1845 τῆς
3702 1773 3781 1836 είς

2207 1863 2375 1933 ἄκρον
2427 1864 2666 1937 ἡκούσης
2715 1863 3137 1935 φρενοϐλαϐείας
3187 1863 3470 1927 ἀνάπλεως
3512 1862 3783 1931 ῶνςίΚαὶ

2206 1956 2360 2010 αὐτοὶ
2401 1957 2509 2030 γὰρ
2543 1957 2674 2011 Θεὸν
2713 1954 2852 2012 εἶναι
2881 1957 3131 2025 λέγοντες
3162 1955 3252 2010 τὸν
3293 1957 3442 2021 Υίὸν,
3483 1957 3551 2011 τὰ
3596 1960 3784 2029 σωμάο

2201 2067 2309 2102 των
2329 2049 2436 2103 [δια
2466 2049 2802 2121 προσάπτειν
2853 2047 3001 2118 αὐτῷ
3047 2046 3376 2117 παραλόγως
3408 2048 3779 2121 ἐπιχειροῦσι·

2200 2137 2261 2190 τὸ
2290 2137 2397 2209 γὰρ
2425 2138 2560 2201 ὅλως
2596 2135 2938 2209 περιορισμῷ
2970 2153 3078 2190 τινι
3110 2139 3202 2191 καὶ
3233 2137 3418 2209 μέτρῳ
3449 2140 3781 2210 περισχοινί-

2201 2228 2389 2292 ζεσθαι
2415 2226 2492 2300 τῷ
2518 2229 2794 2301 νοουμένῳ
2821 2230 2962 2283 κατὰ
2990 2229 3291 2293 διάστασιν,
3313 2229 3389 2294 ὡς
3432 2232 3524 2284 καὶ
3556 2231 3665 2284 ἀπό
3692 2249 3779 2285 τι-

2199 2337 2290 2384 νος
2312 2320 2487 2391 ἀρχῆς
2510 2320 2843 2391 καταλήγειν
2885 2321 2965 2383 εἰς
2997 2321 3190 2390 πέρας,
3232 2321 3450 2385 πάντως
3476 2321 3782 2388 ἐπιδέξαιτο

2198 2411 2293 2464 καὶ
2319 2410 2380 2464 τὸ
2408 2407 2546 2464 εἶναι
2574 2410 2732 2480 τυχὸν
2769 2413 2828 2463 ὲν
2856 2409 3023 2480 τόπῳ,
3049 2411 3144 2464 καὶ
3171 2409 3345 2482 ποσῷ,
3379 2412 3472 2464 καὶ
3501 2410 3649 2475 εῖδει,
3686 2412 3783 2467 καὶ

2199 2501 2598 2575 σχήματι.Είτα
2628 2504 2744 2569 πῶς
2757 2506 2820 2558 οὐ
2850 2503 3118 2575 σωμάτων
3142 2503 3250 2558 ἴδια
3277 2505 3436 2558 ταυτί
3457 2522 3471 2571 ;
3491 2505 3608 2569 πῶς
3637 2506 3697 2561 δὲ
3714 2504 3778 2560 οὐ

2200 2594 2318 2663 μεθ’
2356 2595 2535 2664 ἡμῶν,
2570 2595 2644 2658 ὡς
2669 2594 2799 2649 καθ’,
2827 2596 3038 2665 quam
3068 2595 3207 2665 ὑπὲρ
3223 2596 3371 2666 ἡμᾶς
3404 2597 3730 2667 νοηθήσεται
3761 2614 3781 2663 ;

2194 2683 2227 2754 ἢ
2263 2682 2380 2748 πῶς
2437 2686 2537 2738 οὐκ
2571 2684 2799 2754 ἀδελφὸς
2829 2687 2895 2757 τῇ
2949 2685 3113 2755 ἑτέρᾳ
3151 2685 3370 2751 κτίσει,
3407 2685 3594 2740 λοιπὸν
3627 2686 3783 2740 οὐδὲν

507 2772 669 2828 sum;
702 2777 725 2812 ι
756 2769 810 2815 et
835 2778 1071 2820 rursus:
1104 2782 1124 2816 ι
1162 2763 1274 2822 Vos
1299 2767 1368 2823 de
1397 2768 1500 2824 hoc
1540 2769 1748 2827 mundo
1778 2774 1958 2830 estis:
1986 2786 2087 2846 ego

2194 2775 2333 2847 ἔχων
2373 2777 2504 2848 παρ’
2538 2777 2707 2847 αὐτὴν
2751 2777 2814 2830 τὸ
2848 2776 3033 2841 πλέον,
3083 2778 3207 2831 ὅσον
3242 2772 3379 2850 ἧκεν
3409 2777 3584 2830 εἰπεῖν
3610 2780 3690 2841 εἰς
3715 2773 3781 2831 τὸ

506 2865 618 2905 non
653 2866 775 2908 sum
809 2853 877 2909 de
907 2855 1012 2911 hoc
1044 2858 1250 2913 mundo
1286 2859 1343 2912 σῖ
1381 2878 1400 2913 ι
1442 2861 1578 2917 Nam
1625 2879 1750 2919 cum
1781 2881 1845 2922 ex
1896 2878 2087 2938 supern-

2191 2859 2332 2919 εἶναι
2384 2864 2844 2938 πεπερασμένως;
2874 2866 3055 2937 Ἕχων
3102 2864 3159 2919 δὲ
3204 2864 3348 2921 οὕτω
3395 2867 3540 2921 κατά
3578 2880 3643 2938 γε
3681 2867 3780 2941 τὴν

508 2939 596 2996 nis
627 2941 871 3012 seipsum
909 2960 1032 3002 esse
1053 2940 1288 3015 diceret,
1318 2966 1427 3006 non
1457 2951 1782 3025 simpliciter
1808 2956 2087 3027 significa-

2191 2955 2381 3026 ἀμαθῆ
2413 2955 2524 3010 τῶν
2571 2956 2638 3010 δι’
2669 2957 2919 3022 ἐναντίας
2973 2957 3248 3023 ὑπόνοιαν,
3293 2958 3347 3012 τί
3396 2959 3576 3031 μάτην
3628 2939 3780 3032 ἡμᾶς

506 3032 604 3087 bat
626 3048 693 3090 ex
719 3036 912 3093 caelis:
946 3040 1075 3108 quid
1111 3042 1255 3096 enim
1290 3048 1666 3116 pnerogativze
1708 3050 1830 3118 plus
1860 3051 2086 3109 haberet

2189 3048 2561 3121 ,προσεκτύπει
2619 3048 2793 3119 λέγων
2818 3067 2832 3082 ο
2864 3069 2882 3103 ι
2939 3048 3129 3121 Ὑμεῖς
3169 3052 3234 3105 ὲκ
3265 3050 3375 3105 τῶν
3422 3052 3577 3106 κάτω
3625 3054 3775 3143 tot},

504 3140 672 3196 quam
709 3133 885 3199 sancti
917 3133 1120 3203 angeli,
1149 3135 1424 3205 siquidem
1456 3145 1510 3194 et
1539 3155 1601 3195 ex
1651 3145 1911 3212 supernis
1957 3146 2082 3203 illos

2191 3142 2303 3213 ἐγὼ
2330 3142 2394 3197 ὲκ
2432 3143 2539 3209 τῶν
2572 3144 2685 3199 ἄνω
2719 3144 2865 3215 sitsi;
2910 3163 2929 3197 ›
2963 3144 3073 3198 Καὶ
3103 3138 3286 3198 πάλιν·
3322 3144 3554 3217 «Ὑμεῖς
3582 3148 3648 3200 ὲκ
3681 3138 3776 3202 τόδ

502 3233 627 3275 esse
650 3223 1043 3291 comperimus,
1072 3226 1119 3279 si
1154 3228 1366 3282 ratione
1392 3228 1497 3285 loci
1534 3231 1585 3287 id
1618 3234 1960 3304 accipiatur?
1986 3239 2083 3293 sed

2189 3237 2392 3307 κόσμου
2441 3236 2632 3291 τούτου
2665 3235 2789 3290 ἐστέ
2822 3253 2836 3268 ο
2875 3233 2988 3305 ἐγὼ
3033 3236 3130 3291 οὐκ
3163 3237 3279 3308 εἰμὶ
3311 3239 3377 3292 ὲκ
3414 3238 3508 3292 τοῦ
3565 3240 3777 3311 κόσμου

503 3308 781 3378 signiﬁcat
809 3328 874 3368 ex
909 3328 1165 3385 superna,
1186 3325 1241 3372 et
1271 3334 1392 3388 quae
1418 3336 1586 3391 supra
1613 3325 1870 3381 universa
1893 3336 2083 3384 evecta

2189 3330 2393 3385 τούτου.
2446 3349 2465 3383 ι
2534 3329 2773 3384 Ἀνωθεν
2837 3330 2947 3401 γὰρ
2998 3329 3192 3413 έαυτδν
3242 3325 3385 3385 εῖναι
3431 3330 3607 3401 λέγων
3630 3372 3644 3394 ,
3674 3308 3774 3404 οὐχ

500 3410 608 3469 est,
640 3402 951 3459 substantia
987 3408 1258 3478 genitum.
1302 3409 1595 3475 Quomodo
1640 3428 1774 3484 ergo
1819 3430 1950 3472 vere
1983 3417 2081 3473 de-

2189 3422 2373 3487 ἁπλῶς
2415 3422 2601 3492 ἐδήλου
2660 3422 2722 3477 τὸ
2758 3421 2820 3488 ἐξ
2850 3408 3096 3495 οὐρανῶν
3121 3437 3135 3455 ⁸
3174 3422 3227 3476 τί
3277 3422 3390 3496 γὰρ
3437 3422 3503 3478 ἂν
3557 3423 3671 3495 ἔχοι
3709 3402 3773 3477 eo

503 3509 650 3549 mum
691 3494 838 3567 loqui
869 3497 1108 3562 videtur,
1136 3502 1183 3557 si
1216 3503 1582 3577 prpprietates
1620 3518 1918 3577 corporum
1955 3524 2080 3565 cum

2189 3515 2369 3570 πλεῖον
2419 3516 2573 3588 παρὰ
2617 3502 2747 3580 τοὺς
2795 3515 2987 3584 ἁγίους
3034 3515 3321 3585 ἀγγέλους,
3354 3494 3514 3587 εἴπερ
3562 3494 3773 3570 ἄνωθεν

501 3586 770 3643 creaturis
811 3588 935 3644 aliis
980 3604 1304 3648 communes
1335 3591 1523 3663 habet,
1557 3601 1614 3652 et
1657 3599 1887 3669 perinde
1915 3617 1982 3659 ac
2016 3617 2083 3659 ea

2189 3607 2473 3672 κάκείνους
2503 3586 2685 3671 Ῠὸντας
2738 3607 3081 3679 εὑρήσομεν,
3115 3605 3357 3672 τοπικῶς
3402 3586 3771 3677 ὲκληφθέντος

500 3693 623 3749 quae
652 3697 684 3737 ε
712 3681 888 3737 nihilo
916 3683 1189 3753 producta
1225 3696 1356 3742 sunt
1388 3687 1441 3743 in
1471 3698 1654 3745 ortum
1687 3704 1715 3744 a
1755 3691 1916 3750 Patre
1946 3710 2082 3752 con-

499 3769 750 3824 tinetur?
791 3769 1078 3842 Siquidem
1108 3783 1261 3830 extra
1297 3790 1424 3831 eum
1465 3778 1604 3833 nihil
1634 3780 1799 3851 787
1842 3797 1968 3840 esse
1997 3783 2081 3839 fa-

500 3861 761 3918 tebimur.
814 3863 882 3917 Et
938 3864 1056 3933 ipse
1117 3866 1340 3937 quidem
1400 3867 1617 3926 Psaltes
1678 3871 1899 3931 divinus
1951 3891 2081 3932 vera

500 3955 727 4011 omnino
782 3965 838 4012 et
898 3959 1158 4016 abstrusa
1213 3965 1475 4033 mysteria
1534 3966 1771 4035 loquens
1839 3969 1894 4024 in
1952 3969 2078 4040 Spi-

498 4048 635 4111 ritu,
681 4046 881 4103 Filium
918 4051 1053 4105 nulli
1088 4052 1212 4107 loco
1249 4053 1446 4110 deesse
1486 4057 1583 4122 ait,
1619 4072 1718 4127 per
1743 4058 1848 4114 hoc
1883 4062 2081 4117 testiﬁ-

499 4155 636 4197 cans
673 4141 1060 4211 incorporeum
1087 4152 1142 4199 et
1184 4144 1732 4218 incircumscriptum
1774 4165 1900 4207 eum
1931 4169 2077 4221 esse,

496 4246 598 4287 nec
639 4232 763 4287 loco
803 4235 1219 4305 comprehendi,
1257 4246 1448 4303 utpote
1490 4238 1687 4295 Deum.
1727 4260 1746 4294 ι
1783 4242 1905 4310 Quo
1929 4248 2079 4302 enim

495 4323 587 4378 ibo
611 4340 643 4379 a
676 4322 887 4395 Spiritu
925 4327 1066 4381 tuo?
1104 4336 1159 4383 et
1192 4342 1304 4399 quo
1334 4342 1363 4383 a
1409 4329 1550 4386 facie
1583 4339 1679 4387 tua
1726 4332 1974 4407 fugiam?
2018 4336 2077 4396 Si

2181 3699 2275 3752 τοῦ
2308 3692 2710 3771 σημαινομένου
2738 3712 2754 3764 ;
2798 3698 3054 3769 σημαίνει
3091 3694 3148 3750 δὲ
3187 3697 3269 3751 ὅτι
3303 3697 3405 3770 τῆς
3437 3696 3647 3753 ἄνωθεν
3674 3694 3770 3750 καὶ

2180 3792 2282 3862 τῆς
2330 3792 2443 3855 τοῖς
2472 3788 2614 3854 ὅλοις
2643 3787 3019 3860 ὲποχουμένης
3066 3786 3260 3851 οὐσίας
3281 3782 3464 3857 ἐξέφυ.
3495 3781 3624 3851 Πῶς
3673 3779 3769 3841 οὖν

2183 3881 2387 3954 ἀληθὴς
2411 3880 2768 3951 ἀναφαίνεται
2794 3879 3002 3944 λοιπὸν,
3022 3876 3071 3934 εί
3095 3879 3249 3933 κοινὰ
3282 3879 3420 3948 πρὸς
3450 3878 3551 3950 τὴν
3576 3877 3772 3950 ἑτέραν

2182 3973 2295 4044 εχει
2335 3974 2512 4030 κτίσιν
2547 3974 2617 4027 τὰ
2668 3972 2937 4044 σωμάτων
2969 3970 3097 4036 ἴδια,
3129 3971 3225 4026 καὶ
3245 3970 3384 4043 ὁμοῦ
3410 3973 3524 4034 τοῖς
3560 3964 3620 4036 ἐξ
3669 3970 3771 4025 οὐκ

2180 4065 2349 4119 ὄντων
2384 4065 2465 4129 εἰς
2487 4064 2549 4118 τὸ
2589 4064 2728 4120 εἶναι
2763 4063 3146 4136 παρενεχθεῖσι
3186 4061 3575 4136 περιεχόμενός
3618 4063 3769 4115 ἐστιν

2182 4157 2289 4213 ὐπὸ
2332 4157 2426 4213 τοῦ
2466 4156 2716 4229 Πατρός;
2754 4155 2914 4228 εἴπερ
2952 4154 3106 4210 οὐδὲν
3139 4153 3246 4220 ἔξω
3271 4155 3487 4208 κεῖσθαι
3517 4153 3768 4224 δώσομεν

2180 4248 2369 4308 αὐτοῦ.
2396 4250 2507 4306 Καὶ
2538 4248 2566 4305 ὁ
2616 4250 2715 4322 μὲν
2773 4248 3060 4313 θεσπέσιος
3109 4246 3399 4319 Μελῳδὺς,
3432 4245 3607 4317 ἀληθῆ
3661 4258 3769 4300 που

2179 4342 2400 4406 πάντως
2433 4341 2530 4405 καὶ
2576 4340 2937 4412 κεκρυμμένα
2980 4338 3254 4411 μυστήρια
3280 4338 3459 4392 λαλῶν
3489 4339 3547 4392 ὲν
3590 4338 3765 4392 Ilvati-

494 4415 798 4472 uscendero
833 4417 889 4472 in
922 4420 1143 4485 ctelum,
1186 4427 1242 4475 tu
1279 4421 1394 4477 illic
1423 4438 1484 4479 es
1513 4440 1527 4491 ;
1572 4424 1620 4479 si
1649 4425 1989 4486 descendero
2020 4433 2076 4488 in

2189 4447 2333 4502 ματι,
2361 4429 2576 4494 οὐδενὸς
2611 4429 2710 4500 μὲν
2763 4427 3043 4492 παντελῶς
3090 4427 3563 4499 ἀπολιμπάνεσθαι
3593 4428 3765 4483 τόπου

493 4507 794 4573 infernum,
821 4510 986 4577 ades;
1014 4512 1059 4567 si
1084 4527 1375 4583 sumpsero
1396 4530 1608 4586 pennas
1632 4534 1783 4576 meas
1806 4521 2069 4591 diluculo,

2189 4522 2309 4592 ρησὶ
2326 4522 2417 4576 τὸν
2433 4520 2660 4586 rem?»
2686 4519 2977 4590 ἀσώματόν
2999 4535 3058 4572 τε
3078 4520 3173 4573 καὶ
3198 4519 3304 4573 ἀπε
3313 4521 3583 4591 ριόριστον
3612 4516 3765 4592 αὐτῷ

490 4608 547 4653 et
587 4600 909 4657 habitavere
932 4601 986 4655 in
1008 4603 1272 4660 extremis
1310 4607 1515 4662 maris:
1540 4623 1666 4662 nam
1695 4616 1749 4665 et
1772 4610 1847 4666 ibi
1873 4628 2073 4674 manus

2189 4614 2264 4669 Βιὰ
2311 4614 2502 4669 τούτου
2556 4612 3018 4684 προσμαρτυρῶν,
3052 4612 3148 4666 καὶ
3194 4611 3277 4666 δτι
3309 4612 3384 4682 μὴ
3428 4613 3577 4684 τόπῳ
3606 4628 3762 4684 περι-

495 4700 587 4746 tua
615 4691 853 4748 deducet
885 4706 994 4758 me,
1023 4702 1079 4750 et
1101 4696 1309 4752 tenebit
1348 4710 1435 4753 me
1468 4696 1697 4755 dextera
1726 4708 1820 4757 tua
1845 4703 1889 4759 '.
1935 4723 1956 4757 ι
2005 4704 2076 4762 Hi

493 4792 673 4841 autem
709 4787 957 4859 proiecta
990 4788 1226 4844 audacia
1253 4802 1411 4845 suam
1455 4794 1789 4849 sententiam
1832 4795 2074 4868 Spiritus

491 4879 725 4936 vocibus
758 4889 1124 4951 opponentes,
1162 4880 1515 4954 Unigenitum
1540 4886 1662 4943 loco
1687 4889 2073 4948 circumscribi

489 4987 556 5028 ac
587 4974 880 5029 terminari
921 4975 1135 5041 volunt,
1181 4990 1309 5031 cum
1346 4976 1475 5033 hinc
1509 4980 1693 5048 potius
1750 4987 2075 5041 necessario

487 5076 676 5118 secum
712 5074 972 5135 reputare
1003 5064 1292 5133 deberent,
1332 5068 1480 5137 quod
1514 5070 1566 5124 si
1604 5072 1775 5127 cmlos
1817 5081 1871 5129 et
1910 5083 2073 5132 terrm

484 5161 730 5209 extrema
778 5154 1012 5225 repleat,
1041 5156 1150 5225 hoc
1193 5167 1278 5213 est
1307 5158 1538 5226 inferos,
1582 5164 1676 5232 qui
1722 5180 1832 5220 non
1868 5165 2069 5222 absur-

483 5246 777 5302 dissimum
803 5249 876 5303 sit
900 5249 1418 5320 comprehensionis
1447 5266 1644 5310 nomen
1691 5257 1743 5311 ei
1789 5258 2066 5332 amngere,

475 5351 611 5397 cum
641 5353 818 5407 neque
848 5340 995 5409 apud
1014 5356 1076 5398 se
1106 5343 1372 5413 cogitent,
1403 5344 1559 5414 quod
1608 5347 1659 5402 si
1695 5346 1865 5407 facies
1917 5352 2064 5422 ejus,

484 5426 653 5483 idest
681 5426 925 5499 Spiritus
953 5432 1170 5504 (faciem
1222 5437 1430 5508 quippe
1465 5436 1588 5492 Filii
1638 5439 1907 5511 Spiritum
1962 5462 2061 5502 vo-

483 5519 617 5587 cat),
661 5518 850 5589 implet
893 5525 1119 5591 omnia,
1169 5527 1445 5597 quomodo
1501 5529 1619 5600 ipse
1665 5533 2061 5604 continebitur,

484 5607 613 5665 licet
646 5609 839 5668 ωορδ
875 5623 933 5668 et
966 5614 1129 5675 Patre
1164 5621 1440 5675 contineri
1472 5621 1738 5679 dicatur?
1767 5624 1879 5683 Nec
1916 5631 2062 5688 enim

558 5788 576 5816 ‘
632 5790 791 5848 Joan.
831 5808 925 5849 rm
952 5834 967 5853 .
1012 5797 1102 5852 25.
1178 5799 1195 5827 ⁷
1228 5795 1371 5854 Psal.
1398 5814 1659 5867 cxxxvm,
1698 5803 1843 5861 7-10.

534 5880 574 5893 ...-

2176 4706 2398 4779 ληπτδς,
2439 4707 2514 4770 ὡς
2569 4705 2725 4772 Θεός.
2763 4725 2785 4758 ‹
2818 4705 2929 4761 Ποῦ
2974 4704 3085 4776 γὰρ
3124 4703 3398 4777 πορευθῶ,
3432 4704 3617 4776 φησὶν,
3651 4704 3761 4759 ἀπὸ

2176 4800 2271 4853 τοῦ
2294 4798 2615 4870 Πνεύματὸς
2649 4814 2767 4865 σου;
2791 4798 2888 4852 καὶ
2931 4796 3041 4850 ἀπὸ
3068 4794 3165 4850 τοῦ
3193 4793 3491 4868 προσώπου
3523 4811 3618 4848 σου
3652 4791 3760 4849 ποῦ

2176 4893 2373 4963 (parte;
2420 4892 2553 4945 Ἐὰν.
2578 4890 2766 4947 ἀνασῶ
2803 4890 2886 4951 εἰς
2912 4888 3002 4942 τὸν
3043 4887 3293 4959 οὐρανὸν,
3319 4886 3383 4939 σύ
3416 4883 3469 4940 si
3499 4886 3636 4950 ἐκεῖ,
3661 4885 3760 4939 ἐὰν

2176 4983 2498 5048 καταὸῶείς
2522 4982 2614 5037 τὸν
2642 4981 2796 5053 ᾅδην,
2812 4979 2977 5050 πάρει
2995 4995 3009 5011 σ
3031 4978 3126 5033 ἐὰν
3149 4976 3407 5033 ἀναλάϐω
3428 4977 3529 5041 τὰς
3557 4976 3760 5048 πτέρυ-

2172 5078 2277 5146 γάς
2318 5091 2421 5147 μου
2466 5077 2588 5129 κατ’
2618 5073 2836 5145 δρθρον,
2869 5070 2963 5125 καὶ
3009 5068 3262 5142 πορευθῶ
3310 5070 3392 5131 εἰς
3442 5067 3515 5121 τὰ
3554 5066 3759 5138 ἔσχατα

2171 5169 2270 5241 τῆς
2301 5167 2599 5238 θαλάσσης,
2623 5166 2719 5220 καὶ
2750 5165 2859 5236 γὰρ
2882 5165 2999 5217 ἐκεῖ
3029 5164 3061 5233 ἡ
3097 5162 3219 5234 χείρ
3248 5176 3340 5214 σου
3363 5160 3625 5232 ὁδηγήσει
3666 5178 3758 5232 με,

2171 5262 2266 5314 καὶ
2315 5259 2533 5325 καθέξει
2591 5276 2657 5330 με
2704 5259 2741 5330 ἠ
2794 5255 2946 5324 δεξιά
2991 5271 3106 5309 σου.
3152 5274 3173 5308 ι
3222 5251 3639 5323 Ῥιψοκινδύνως
3702 5253 3758 5305 δὲ

2172 5348 2338 5419 οὗτοι,
2377 5355 2472 5409 καὶ
2516 5355 2637 5417 ταῖς
2673 5352 2767 5406 τοῦ
2803 5350 3118 5422 Πνεύματος
3153 5350 3357 5419 φωναῖς
3411 5348 3510 5417 τὴν
3545 5345 3755 5399 ἑαυτῶι

2174 5446 2556 5515 ἀντεξάγοντες
2585 5443 2832 5513 γνώμην,
2861 5439 3074 5512 ὁρισμῷ
3102 5441 3195 5493 καὶ
3225 5436 3595 5511 περιγραφαῖς
3618 5435 3758 5488 ὐπο-

2175 5537 2432 5593 6άλλουσι
2466 5535 2559 5588 τὸν
2586 5533 2891 5604 Μονογενῆ,
2927 5531 3105 5586 καίτοι
3142 5529 3403 5598 λογισμὸν
3444 5525 3761 5594 ὀφείλοντες

2174 5630 2265 5682 ἐπὶ
2293 5629 2467 5699 τούτῳ
2492 5626 2675 5682 λαϐεῖν
2705 5625 2998 5695 ἀναγκαῖόν
3031 5641 3087 5677 τε
3116 5622 3210 5677 καὶ
3234 5623 3522 5693 χρήσιμον.
3558 5617 3622 5672 Et
3646 5616 3758 5691 γὰρ
