4076 6270
270 321 377 383 221
1377 326 1446 383 ΙΝ
1473 325 1763 384 ,ιοΑΝΝιε
1796 325 1861 381 El

1963 326 2251 388 lGELlUM
2285 333 2417 387 LIB.
2454 332 2548 387 IX.
3441 336 3552 395 2'22

276 440 616 513 πεπλήρωκε
664 439 764 511 μὲν
803 439 1083 510 οὐρανοὺς,
1115 439 1209 494 καὶ
1247 439 1316 494 τὰ
1361 440 1567 513 ἔσχατα
1612 441 1713 511 τῆς
1740 439 1861 510 γῆς,

1970 442 2154 501 minus
2178 445 2286 500 erit
2316 441 2652 501 incommodi
2679 443 2727 499 si
2756 442 2905 498 dicat
2944 444 3326 501 circumscribi
3364 449 3553 505 incor-

282 530 425 587 τοῦτ’
463 530 598 596 ἔστι,
632 529 701 584 τὰ
727 531 809 595 είς
842 530 933 584 τὸν
951 529 1087 603 ᾅδην
1106 548 1120 563 ’
1143 530 1262 595 πῶς
1293 534 1359 588 οὐ
1389 534 1599 604 σφόδρα
1620 533 1861 605 παραλο-

1971 550 2223 604 porcum,
2245 546 2299 592 et
2320 550 2594 592 mensura:
2619 534 2881 605 subjiciat
2915 536 3062 606 quod
3096 547 3249 592 caret
3278 541 3545 595 termino.

277 621 521 693 γώτατον
545 621 605 674 τὸ
643 624 908 693 περιοχῆς
936 620 1115 693 ὄνομα
1155 622 1492 694 προσάπτειν
1531 622 1702 695 αὐτῷ,
1726 622 1866 693 μηδὲ

276 717 456 769 ἐκεῖνο
486 714 899 789 λογισαμένους,
921 715 1004 769 ὅτι
1026 716 1083 768 εί·
1100 715 1164 769 τὸ
1194 716 1485 787 πρόσωπον
1505 715 1696 780 αὑτοῦ,
1718 715 1868 770 τοῦτ’

275 806 415 873 ἐστι,
451 808 511 861 τὸ
546 806 774 879 Πνεῦμα
817 807 1136 879 (πρόσωπον
1164 808 1274 879 γὰρ
1318 808 1413 869 τοῦ
1451 808 1582 866 Υίοῦ
1617 807 1776 863 καλεῖ
1803 808 1866 862 τὸ

273 898 526 971 Πνεῦμα)
558 900 627 959 τά
673 900 855 965 πάντα
898 900 1120 972 πληροῖ,
1142 900 1267 966 πῶς
1300 901 1366 963 ἂν
1416 900 1581 964 αὐτὸς
1614 902 1745 959 εἴσω
1771 900 1867 968 γὲ-

274 1009 423 1046 νοιτο
460 993 744 1063 περιοχῆς,
769 992 874 1051 κᾶν
906 991 1060 1067 λέγῃ,
1094 992 1178 1051 ὅτι
1208 993 1471 1063 περιοχῆς
1488 992 1584 1047 τοῦ
1607 991 1746 1046 Θεοῦ
1773 991 1866 1045 καὶ

273 1083 531 1155 Πατρός;
575 1085 712 1139 ’Δλλ’
751 1086 904 1139 οὐδὲν
966 1079 1130 1156 ἦττον
1184 1084 1364 1155 ὑϐριεῖ
1416 1084 1759 1156 περιγράψας
1804 1083 1867 1136 τὸ

267 1175 592 1246 ἀσώματον.
622 1177 714 1230 καὶ
732 1180 937 1247 -μέτρῳ
989 1175 1296 1247 περιτιθεὶς
1326 1176 1386 1229 τὸ
1417 1176 1517 1228 οὐκ
1547 1175 1605 1228 ὃν
1634 1191 1867 1247 πεπερα-

271 1266 515 1337 σμένως.
541 1266 615 1318 τὸ
661 1265 773 1337 γὰρ
804 1265 1079 1329 οὐσιωδῶς
1106 1263 1268 1324 αὑτὸν
1297 1264 1648 1335 περιέχεσθαι
1684 1263 1863 1332 λέγειν

267 1355 384 1419 ὑπὸ
424 1356 517 1410 τοῦ
547 1356 680 1409 Θεοῦ
717 1357 810 1410 καὶ
844 1356 1081 1429 Πατρός,
1108 1356 1162 1409 τί
1206 1355 1394 1426 ἕτερόν
1421 1357 1536 1408 ἐστι
1578 1354 1772 1424 δηλοῦν
1791 1393 1807 1419 ,
1826 1356 1861 1424 ἢ

264 1449 359 1513 ὅτι
404 1449 830 1520 πεπερασμένην
863 1448 976 1520 ἔχει
1020 1448 1118 1519 τὴν
1146 1448 1361 1511 οὐσίαν,
1386 1446 1575 1517 ὥσπερ
1599 1442 1695 1501 οῦν
1723 1447 1864 1517 ἀμέ-

263 1541 359 1594 λει
388 1540 483 1594 καὶ
513 1540 571 1594 ἓν
599 1542 830 1597 ἕκαστον
855 1541 963 1597 τῶν
994 1543 1125 1614 παρ’
1160 1541 1323 1599 αὐτοῦ
1356 1540 1673 1611 γεγονότων,
1701 1539 1737 1593 ἃ
1769 1540 1865 1593 καὶ

264 1632 581 1695 ἀκινδύνως
616 1651 680 1687 τε
706 1636 798 1695 καί
828 1634 1048 1706 άληθῶς
1076 1636 1424 1706 περιέχεσθαι
1451 1633 1717 1705 δώσομεν.
1749 1632 1865 1689 Σώ-

269 1740 425 1794 ματα
453 1722 585 1794 γάρ,
618 1725 668 1783 εἰ
716 1724 805 1785 καλ
840 1725 915 1794 μὴ
944 1724 1169 1781 τοιαῦτα
1197 1724 1380 1795 τυχὸν,
1409 1727 1571 1779 ὁποῖα
1611 1724 1681 1777 τὰ
1721 1724 1861 1794 ἠμέ-

1967 626 2163 703 Dicere
2194 628 2341 684 enim
2373 627 2821 683 substantialiter
2851 627 3032 697 ipsum
3067 643 3097 683 a
3142 627 3254 683 Deo
3286 637 3341 685 et
3390 628 3553 686 Patre

1968 720 2265 786 contineri,
2302 720 2437 790 quid
2481 720 2587 775 sibi
2630 719 2746 774 vult
2781 717 2952 785 aliud,
2983 732 3148 790 quam
3197 722 3548 777 terminatam

1967 812 2172 868 habere
2217 811 2605 876 substantiam,
2652 826 2765 866 non
2814 827 2977 868 secus
3009 828 3074 869 ac
3116 814 3551 884 unumquodque

1966 915 2159 958 eorum
2206 917 2332 971 quae
2371 901 2516 956 facta
2567 909 2697 956 sunt
2727 901 2796 956 ab
2843 902 2983 970 ipso,
3024 918 3149 973 qua:
3178 912 3299 957 tuto
3326 919 3392 957 ac
3424 919 3551 959 vere

1967 994 2238 1048 contineri
2272 992 2608 1048 fatebimur?
2638 994 2888 1063 Corpora
2914 995 3063 1047 enim
3093 1003 3245 1057 sunt,
3281 996 3408 1049 licet
3438 1010 3547 1049 non

1966 1084 2096 1139 talia
2133 1083 2319 1159 forsan
2346 1083 2535 1153 qualia
2585 1092 2778 1138 nostra
2820 1091 2971 1139 sunt.
3006 1081 3118 1139 Sed
3147 1092 3200 1138 et
3241 1085 3375 1139 illud
3413 1085 3549 1139 mihi

1967 1184 2234 1246 praeterea
2265 1173 2432 1228 subit.
2470 1172 2627 1239 Quod
2671 1174 2716 1229 si
2760 1189 2988 1230 necesse
3014 1168 3270 1231 dicamus
3307 1186 3368 1230 ut
3398 1175 3549 1245 quod

1967 1265 2038 1320 ab
2073 1265 2259 1334 aliquo
2283 1263 2619 1327 continetur,
2653 1266 2880 1320 omnino
2911 1267 3055 1320 intra
3089 1265 3223 1321 illud
3258 1268 3329 1322 sit
3372 1282 3403 1320 a
3437 1284 3550 1337 quo

1966 1354 2241 1409 contineri
2264 1353 2491 1420 dicitur,
2524 1357 2803 1424 quomodo
2828 1370 2938 1410 non
2965 1356 3261 1412 manifeste
3283 1366 3551 1426 sequetur

1967 1453 2028 1500 ut
2054 1447 2347 1502 continens
2376 1445 2563 1502 minus
2582 1462 2705 1503 esse
2739 1455 3001 1503 contento
3031 1458 3307 1519 putemus,
3337 1452 3549 1521 ipsum-

1965 1553 2072 1610 que
2110 1538 2461 1593 terminatum
2514 1554 2639 1594 esse
2687 1539 2916 1608 majoris
2949 1539 3359 1608 quodammodo
3390 1558 3548 1596 com-

1965 1627 2218 1696 plexione
2243 1626 2494 1683 dicamus
2512 1628 2534 1678 ?
2555 1627 2698 1693 Quid
2728 1644 2862 1699 ergo
2889 1644 3085 1685 rursus
3115 1631 3292 1695 dices,
3325 1647 3360 1685 ο
3382 1631 3551 1685 bone?

1966 1716 2107 1773 Ecce
2133 1717 2303 1782 enim,
2335 1734 2465 1774 cum
2516 1734 2576 1774 se
2624 1717 2718 1774 Dei
2764 1734 2829 1774 ac
2862 1720 3043 1778 Patris
3068 1720 3328 1776 exhibeat
3353 1723 3551 1792 imagi-

266 1834 426 1889 τερα.
462 1818 683 1879 Ἔπεισι
712 1817 770 1877 δέ
821 1834 911 1887 μοι
939 1819 1157 1873 κάκεῖνο
1207 1819 1345 1890 πρὸς
1389 1819 1603 1881 τούτοις
1637 1818 1859 1874 ἐννοεῖν.

1967 1827 2109 1879 nem,
2133 1822 2189 1868 et
2222 1824 2411 1884 aperte
2440 1814 2591 1869 dicat
2620 1831 2633 1867 :
2674 1833 2691 1865 ι
2721 1813 2827 1881 Qui
2862 1815 3016 1871 videt
3048 1830 3154 1881 me,
3194 1817 3341 1871 videt
3364 1823 3422 1871 et
3444 1816 3550 1870 Pa-

269 1907 334 1961 Εί
382 1906 492 1978 γὰρ
540 1908 838 1975 ἀναγκαῖον
874 1902 1014 1960 εἷναί
1059 1925 1238 1980 φαμεν
1282 1910 1344 1962 τὸ
1395 1909 1502 1962 ὑπό
1532 1926 1626 1962 του
1665 1925 1867 1979 περιει-

268 1998 576 2070 λημμένον,
604 1998 738 2051 εἴσω
794 1998 860 2069 δὴ
918 1998 1135 2057 κεῖσθαι
1186 2000 1406 2065 πάντως
1448 2000 1543 2055 τοῦ
1589 2000 1865 2071 περιέχειν

272 2086 407 2141 αὐτὸ
430 2085 744 2157 λεγομένου,
771 2085 891 2151 πῶς
919 2089 1020 2145 οὐκ
1062 2088 1455 2161 ἀναμφιλόγως
1499 2087 1691 2158 ἕψεται
1719 2088 1780 2141 τὸ
1806 2089 1865 2141 ἐν

275 2177 554 2241 ἐλάττοσιν
572 2174 709 2232 εἶναι
727 2181 866 2233 νοεῖν
886 2178 982 2232 τοῦ
1004 2179 1351 2251 περιέχοντος
1371 2182 1431 2235 τὸ
1453 2181 1859 2252 περιεχόμενον,

280 2270 375 2327 καὶ
404 2269 818 2340 πεπερᾳτῶσθαι
848 2270 1029 2344 λέγειν
1062 2273 1217 2338 αὐτὸ,
1252 2273 1715 2343 κατακλειόμενον
1751 2272 1863 2325 ὦσι,-

282 2376 391 2431 περ
416 2363 483 2431 τῇ
512 2360 603 2417 τοῦ
652 2363 893 2439 μείζονος
951 2367 1217 2436 περιοχῇ;
1248 2364 1313 2420 Τί
1362 2363 1476 2426 οὖν,
1505 2359 1550 2418 ὦ
1596 2365 1858 2434 βέλτιστε,

280 2453 444 2507 πάλιν
482 2456 659 2525 ὲρεῖ;;
713 2456 841 2511 Ἰδοὺ
870 2438 979 2528 γὰρ
1007 2457 1194 2511 εἰκόνα
1227 2438 1322 2512 τοῦ
1352 2458 1489 2511 Θεοῦ
1522 2459 1615 2511 καὶ
1648 2458 1863 2528 Πατρδς

273 2545 468 2607 ἑαυτὸν
502 2546 786 2616 παραθεὶς,
821 2551 916 2607 καὶ
960 2550 1258 2624 διαρρήδην
1285 2548 1457 2604 εἰπών
1484 2567 1499 2582 ο
1537 2570 1557 2602 ι
1601 2552 1660 2605 '0
1688 2552 1862 2621 ém91~

271 2635 384 2703 κὼς
409 2639 531 2708 ἐμὲ.
561 2636 772 2708 ἑώρακε
799 2641 890 2699 τὸν
924 2643 1168 2713 Πατέρα,
1189 2663 1207 2697 ι
1241 2643 1336 2701 καὶ
1368 2642 1529 2701 πάλιν
1556 2645 1860 2715 ἐπήνεγκεν

267 2725 459 2795 εὐθύς
491 2746 508 2779 ι
561 2728 700 2797 Ἐγὼ
723 2732 781 2791 ὲν
818 2731 897 2802 τῷ
924 2732 1121 2805 “arpi,
1150 2735 1246 2791 καὶ
1276 2736 1306 2789 6
1332 2734 1526 2806 Πατὴρ
1546 2735 1604 2788 δὲ
1631 2737 1690 2788 ὲν
1736 2735 1861 2805 ἐμοί

266 2821 435 2876 ἐστιν.
474 2841 494 2877 r
527 2822 588 2884 Et
631 2823 742 2894 γᾲρ
793 2824 955 2885 τοῦτό
1005 2842 1140 2895 φησι
1194 2825 1316 2883 καθ’
1348 2828 1514 2898 ὑμᾶς,
1548 2828 1631 2883 ὅτι
1664 2828 1859 2881 Καίτοι

264 2915 553 2985 χαρακτὴρ
587 2916 683 2979 καὶ
718 2915 883 2977 εἰκὼν
912 2917 1174 2988 ὑπάρχων
1194 2918 1300 2972 ιτοῦ
1329 2920 1739 2991 γεγεννηκότος,
1779 2920 1863 2972 οὗ·

268 3003 475 3067 σωδῶς
520 3005 611 3057 ὑπ’
643 3005 809 3067 αὑτοῦ
868 3008 1219 3080 περιέχομαι,
1256 3008 1376 3074 πῶς
1401 3013 1499 3081 οὐχ
1523 3010 1726 3064 ἅπασιν
1766 3011 1859 3063 άν-

1967 1911 2131 1968 trem,
2166 1924 2186 1959 θ
2220 1906 2411 1960 statim
2450 1922 2665 1963 rursus.
2683 1908 2969 1977 subiungit
2992 1921 3011 1960 :
3049 1925 3067 1959 ι
3118 1906 3229 1978 Ego
3271 1908 3325 1961 iu
3354 1906 3545 1973 Patre,

1964 2001 2020 2050 et
2057 1994 2220 2053 Pater
2255 1997 2311 2050 in
2358 2013 2444 2052 me
2489 2007 2595 2052 est.
2648 2017 2667 2049 ι
2711 1996 2848 2051 Nam
2895 1998 2965 2063 si,
3007 2006 3067 2052 ut
3089 1999 3276 2061 vultis,
3324 2000 3403 2053 ait
3450 2013 3538 2064 se,

1965 2087 2218 2156 quamvis
2269 2087 2559 2143 character
2598 2096 2651 2142 et
2692 2088 2876 2158 imago
2914 2088 2988 2143 sit
3039 2085 3245 2154 Patris,
3283 2089 3549 2144 substan-

1966 2178 2171 2234 tialiter
2215 2191 2399 2235 tamen
2443 2179 2513 2234 ab
2559 2194 2626 2234 eo
2680 2180 2976 2244 contineri,
3003 2180 3255 2250 nunquid
3318 2178 3551 2233 manife-

1965 2281 2111 2326 stum
2143 2282 2197 2327 et
2226 2272 2599 2327 indubitatum
2630 2279 2716 2327 est
2745 2272 3028 2337 omnibus,
3064 2272 3208 2328 velle
3249 2278 3310 2326 ut
3343 2271 3450 2325 alia
3481 2268 3551 2323 de

1964 2363 2126 2419 Patro
2151 2367 2338 2435 qualia
2362 2373 2416 2421 et
2451 2364 2520 2420 de
2558 2365 2681 2434 ipso
2710 2363 3065 2419 sentiamus?
3096 2361 3337 2416 Fiuitum
3380 2361 3551 2430 igitur

1963 2474 2086 2517 esse
2116 2472 2338 2530 quoque
2387 2455 2556 2525 ’188
2596 2453 2816 2509 Patrem
2855 2462 3119 2524 oportet:
3159 2462 3247 2507 est
3292 2451 3462 2507 enim-
3492 2451 3547 2503 in

1964 2550 2123 2605 Filio.
2155 2548 2377 2615 Quaerat
2406 2547 2588 2614 itaque
2617 2544 2841 2599 domum
2870 2545 3167 2600 barreticus
3201 2544 3329 2614 quis
3371 2541 3551 2611 major

1961 2657 2027 2697 eo
2064 2642 2170 2696 sit:
2207 2656 2317 2693 non
2353 2638 2499 2692 enim
2530 2636 2775 2707 cogitare
2801 2645 2898 2690 aut
2921 2635 3109 2691 dicere
3159 2635 3243 2691 fas
3270 2635 3405 2688 mihi
3439 2644 3548 2696 est,

1964 2750 2063 2787 nec
2100 2733 2244 2787 cuitu
2282 2729 2483 2800 partim
2521 2728 2744 2798 quidem
2791 2726 2973 2783 Patris
3003 2729 3111 2782 erit
3140 2728 3322 2798 imago
3350 2725 3548 2789 Filius,

1964 2826 2161 2897 partim
2197 2839 2332 2879 vero
2360 2836 2474 2878 non
2510 2823 2657 2877 erit:
2681 2819 2819 2876 Nam
2871 2821 2919 2876 si
2963 2821 3191 2877 omnino
3243 2820 3409 2875 habet
3448 2818 3552 2875 ali-

1961 2916 2091 2987 quid
2124 2916 2272 2987 quod
2322 2912 2777 2985 perfectissimam
2825 2912 3254 2967 similitudinem
3301 2911 3548 2975 dirimat,

1961 3026 2071 3066 non
2119 3010 2224 3065 erit
2268 3008 2515 3077 perfecta
2554 3014 2610 3061 et
2658 3003 2838 3060 solida
2871 3005 3075 3076 imago.
3110 3008 3182 3058 At
3231 3003 3457 3059 ubinam
3493 3003 3550 3057 id

264 3095 598 3166 αμφίλογον,
627 3099 711 3159 ὅτι
751 3084 1004 3164 τοιαύτας
1034 3103 1183 3171 ἡμᾶς
1209 3103 1419 3167 ἐννοίας
1439 3103 1585 3174 ἔχειν
1614 3106 1742 3176 περὶ
1762 3104 1856 3158 τοῦ

1963 3103 2017 3158 in
2050 3100 2228 3158 sacris
2256 3099 2484 3154 Litteris
2510 3097 2798 3168 reperies?
2829 3111 2932 3151 nec
2953 3098 3102 3152 enim
3135 3097 3244 3152 tuis
3275 3096 3551 3152 sermoni-

264 3186 481 3257 Πατρός
513 3187 802 3259 βούλεται,
836 3193 1140 3264 ὁποίανπερ
1187 3195 1253 3249 ἂν
1314 3195 1573 3267 λάϐοιμεν
1631 3200 1724 3252 καὶ
1772 3199 1858 3250 ἐπ’

261 3280 412 3352 αὐτῷ
438 3300 453 3349 ;
489 3283 923 3354 Πεπερατῶσθαι
947 3288 1238 3358 τοιγαροῦν
1262 3289 1477 3360 ἀνάγκη
1510 3292 1604 3344 καὶ
1632 3290 1721 3343 τὸν
1748 3292 1859 3344 Πα-

192 3442 220 3461 ῤ
260 3371 398 3444 τέρα
421 3394 434 3405 ο
462 3373 581 3428 ἐστι
618 3376 731 3448 γὰρ
760 3377 818 3430 ὲν
850 3376 987 3448 Tit}.
1017 3379 1128 3437 Καὶ
1156 3380 1388 3450 ζητείτω
1441 3379 1627 3435 λοιπὸν
1653 3382 1683 3435 6
1709 3382 1861 3450 αίρεη

259 3465 436 3531 τικὸς,
460 3466 593 3532 τίςό
633 3468 834 3538 μείζων
867 3469 1064 3531 αὐτοῦ’
1105 3472 1230 3539 ἐμοὶ
1255 3470 1364 3541 γὰρ
1389 3472 1452 3525 οὐ
1496 3472 1652 3545 θέμις
1688 3476 1863 3526 εἰπεῖν

258 3556 296 3628 ἢ
321 3558 491 3611 νοεῖν.
511 3558 587 3609 ϋὺ
624 3559 735 3629 γὰρ
773 3559 879 3619 ἀνὰ
913 3560 1079 3631 μέρος
1127 3562 1226 3629 μὲν
1256 3562 1422 3617 εἰκὼν
1451 3562 1599 3617 ἔσται
1622 3564 1718 3617 τοῦ
1745 3566 1862 3627 Πα-

258 3645 394 3718 τρδς
431 3646 465 3699 6
497 3644 647 3713 Υἱὸς,
676 3645 782 3711 ἀνὰ
809 3648 976 3720 μέρος
1016 3649 1073 3711 δὲ
1102 3649 1309 3707 οὐκέτι.
1342 3651 1406 3704 Et
1430 3652 1540 3723 γὰρ
1579 3653 1716 3717 ὅλως
1749 3654 1862 3725 ἔχει

260 3753 319 3799 τι
373 3735 449 3795 ,τὸ
509 3735 886 3808 παραλλάττον
940 3738 1035 3802 καὶ
1091 3738 1430 3810 μεσολαϐοῦν
1479 3741 1581 3814 τὴν
1632 3743 1864 3800 εἰσάπαν

260 3827 552 3899 ὁμοίωσιν.
584 3828 749 3900 μέρος
781 3829 847 3884 ἂν
881 3830 965 3902 εἴη
996 3831 1205 3899 λοιπὸν,
1237 3833 1336 3904 οὐχ
1359 3832 1649 3907 ὁλόκληρος
1676 3836 1860 3893 simitu.

272 3919 443 3979 Ἀλλά
477 3918 580 3973 ποῦ
610 3920 769 3975 τοῦτο
787 3922 989 3989 δείξαις
1015 3924 1082 3989 ᾂν
1113 3924 1216 3996 τὴν
1239 3925 1401 3994 ᾀγίαν
1424 3926 1689 3997 λέγουσαν
1720 3931 1862 4002 Γρα-

258 4013 405 4085 φήν;
441 4012 505 4065 οὐ
530 4011 638 4085 γάρ
662 4013 832 4084 δήπου
858 4018 971 4081 τοῖς
1003 4019 1114 4079 σοῖς
1154 4018 1621 4092 ἀναπεπεισμένοι
1654 4022 1857 4092 λόγοις,

256 4102 358 4173 τὴν
379 4101 492 4157 τῶν
520 4101 682 4173 ἱερῶν
697 4103 984 4174 δογμάτων
1009 4106 1280 4180 ὀρθότητα
1312 4112 1703 4183 παραιτησόμεθα.
1719 4115 1862 4171 Θαυ-

263 4194 422 4263 μάζω
485 4194 546 4248 δὲ
592 4195 743 4259 ὅπως
783 4198 845 4251 ού
890 4199 1207 4253 κατέδεισαν
1246 4202 1342 4255 ἐπὶ
1397 4204 1606 4270 τούτοις
1647 4209 1857 4263 είπεῖν·

260 4285 532 4357 Καθάπερ
560 4287 590 4339 6
624 4287 838 4352 Παῦλος
883 4288 973 4342 τὸν
1007 4290 1245 4361 Χριστὸν
1288 4289 1435 4365 εἶχεν
1468 4297 1527 4350 ὲν
1549 4297 1729 4369 ἐαυτῷ
1758 4298 1857 4353 λα-

259 4375 459 4435 λοῦντα
519 4379 615 4433 καὶ
644 4380 972 4449 ἐνεργοῦντα
1000 4383 1098 4447 τὰς
1130 4384 1421 4456 δυνάμεις,
1450 4388 1543 4443 τὸν
1592 4391 1756 4449 αὑτὸν
1791 4391 1855 4463 δὴ

1966 3195 2068 3249 bus
2100 3191 2350 3261 persuasi
2384 3198 2595 3245 rectam
2617 3203 2909 3245 sacrorum
2930 3188 3255 3259 dogmatum
3272 3189 3547 3243 rationem

1962 3284 2300 3353 rejiciemus.
2332 3281 2472 3335 lllud
2517 3280 2707 3338 mirari
2750 3279 2923 3345 subit,
2952 3278 3233 3348 quomodo
3272 3277 3551 3344 subjicere

1962 3378 2083 3432 ausi
2113 3377 2264 3431 sint:
2300 3371 2775 3441 Quemadmodum
2799 3370 3008 3426 Paulus
3044 3371 3330 3425 Christum
3379 3368 3550 3423 babe-

1961 3470 2055 3525 bat
2106 3470 2161 3523 in
2211 3468 2400 3537 seipse
2448 3468 2764 3533 loquentem
2814 3471 2869 3517 et
2913 3463 3153 3517 virtutes
3198 3470 3549 3531 cperantem,

1959 3560 2152 3621 eodem
2182 3559 2345 3616 modo
2378 3566 2433 3613 et
2462 3556 2639 3611 Filius
2671 3553 2890 3610 Patrem
2926 3556 3241 3624 loquentem
3289 3561 3346 3607 et
3388 3553 3549 3620 signa

1961 3654 2214 3710 edentem
2264 3650 2506 3705 habebat
2540 3648 2597 3702 in
2643 3648 2849 3718 seipse.
2902 3646 3062 3702 Unde
3099 3647 3219 3700 ait:
3246 3663 3286 3697 Vr
3325 3644 3550 3700 Credite

1961 3746 2091 3818 quia
2113 3761 2215 3817 ego
2245 3746 2300 3800 in
2336 3742 2518 3809 Patre,
2552 3754 2606 3798 et
2631 3741 2793 3795 Pater
2823 3742 2879 3795 in
2915 3756 3004 3796 me
3035 3748 3141 3804 est,
3173 3738 3379 3806 alioqui
3408 3752 3539 3806 prec

1964 3847 2087 3909 pter
2122 3852 2291 3909 opera
2334 3837 2454 3907 ipsa
2499 3834 2731 3890 credite.
2788 3853 2807 3885 ι
2840 3831 3043 3888 Verani
3095 3832 3222 3902 quis
3272 3828 3549 3885 Christia-

1962 3949 2095 3989 num
2136 3930 2482 4002 nuncupabit
2513 3929 2667 3983 illum
2727 3927 2823 3998 qui
2860 3927 2992 3981 talia
3030 3927 3098 3981 de
3148 3924 3381 3980 Christo
3414 3940 3546 3980 sen-

1963 4026 2064 4079 tiat
2095 4039 2162 4078 ac
2206 4024 2466 4094 loquatur
2493 4022 2517 4075 ?
2547 4020 2688 4076 Ecce
2717 4020 2886 4083 enim,
2913 4035 3045 4074 ecce
3081 4033 3191 4072 non
3218 4018 3333 4087 jam
3366 4018 3546 4086 ipsum

1963 4133 2089 4172 vere
2122 4116 2293 4171 Deum
2333 4115 2492 4180 dicit,
2536 4114 2634 4170 sed
2670 4112 2946 4184 praecipiti
3001 4112 3232 4166 audacia
3285 4110 3544 4180 aﬂingens

1960 4208 2011 4264 ei
2051 4207 2201 4278 quod
2244 4208 2522 4263 creaturis
2576 4206 2839 4261 convenit
2865 4246 2878 4264 ,
2932 4203 3202 4259 deiferum
3245 4202 3547 4273 quemdam

1963 4300 2175 4370 Deique
2208 4299 2558 4369 participem,
2582 4298 2698 4353 sive
2728 4313 2796 4352 ex
2834 4296 2951 4351 Deo
2989 4305 3344 4366 procreatum
3376 4294 3545 4349 Deum

1965 4392 2245 4463 praedicat.
2287 4390 2349 4445 Ei
2378 4392 2586 4461 quippe
2617 4390 2969 4459 prepositum
3006 4398 3091 4444 est
3138 4389 3288 4442 omni
3330 4389 3549 4442 ratione

257 4468 464 4538 τρόπον
492 4470 588 4533 καὶ
627 4472 655 4524 ό
691 4471 817 4536 Υἱὸς
860 4473 951 4526 τὸν
980 4475 1203 4544 Πατέρα
1225 4476 1495 4540 λαλοῦντα
1518 4521 1533 4544 ,
1552 4482 1739 4539 καὶτὰ
1768 4500 1861 4553 ση-

1969 4501 2034 4541 ac
2067 4483 2234 4539 modo
2275 4499 2307 4537 a
2358 4482 2452 4539 Dei
2493 4498 2556 4537 ac
2589 4481 2768 4537 Patris
2797 4481 3113 4536 substantia
3154 4496 3385 4551 prorsus
3420 4496 3545 4534 cum

263 4562 389 4628 μεῖα
414 4560 677 4617 ποιοῦντα
706 4560 853 4635 εἶχεν
876 4568 933 4620 ὲν
961 4567 1161 4639 ἐαυτῷ.
1180 4568 1272 4623 Διό
1293 4587 1425 4640 φησι
1442 4588 1455 4601 '
1490 4590 1508 4625 ι
1540 4573 1852 4640 Πιστεύετε,

257 4650 338 4703 ὅτι
361 4649 477 4719 ἐγὼ
502 4654 561 4706 ὲν
592 4653 675 4725 τῷ
708 4656 903 4726 Πατρὶ,
941 4658 1036 4711 καὶ
1061 4661 1090 4711 6
1119 4659 1309 4731 Πατὴρ
1342 4660 1398 4721 δὲ
1435 4663 1493 4716 ὲν
1525 4665 1670 4734 ἐμοί.
1706 4666 1769 4722 Ei
1797 4666 1854 4719 δὲ

264 4743 463 4815 mare
491 4744 564 4799 τὰ
602 4744 746 4818 ἔργα
785 4749 927 4803 αὑτά
966 4749 1255 4804 πιστεύετέ
1287 4769 1397 4822 μοι.
1432 4771 1452 4804 ι
1500 4751 1631 4808 Εἶτα
1663 4755 1745 4820 τίς
1774 4757 1854 4809 ἔτι

260 4835 586 4901 Χριστιανὸν
611 4843 876 4912 προσερεῖ
904 4842 997 4895 τὸν
1019 4841 1161 4896 οὕτω
1192 4843 1588 4915 διεσκεμμένον
1626 4848 1722 4907 καὶ
1758 4865 1883 4901 πε-’

261 4928 574 4998 φρονηκὸτα
632 4932 768 5002 περὶ
825 4933 1117 5003 Χριστοῦ;
1180 4935 1322 4989 Ἰδοὺ
1377 4937 1523 5009 γὰρ,
1568 4938 1715 5003 ἰδοὺ,
1761 4941 1855 4994 καί⁵

265 5019 412 5086 μάλα
438 5021 650 5093 σαφῶς,
678 5023 813 5077 Θεὸν
848 5025 949 5095 μὲν
978 5027 1140 5082 αὑτὸν
1179 5029 1364 5082 οὐκέτι
1406 5033 1570 5102 φησὶν
1602 5033 1817 5103 άληθῶς
1836 5050 1851 5066 ο

263 5111 657 5185 ῥιψοκινδύνως
685 5116 744 5169 δὲ
787 5118 1033 5188 περιθεὶς
1076 5121 1144 5174 τὸ
1191 5123 1423 5193 πρέπον,
1445 5127 1558 5187 τοῖς
1592 5125 1853 5194 κτίσμασι

265 5201 460 5271 μέτρον
481 5204 929 5278 αύτῷ,οεοφόρον
961 5212 1083 5273 τινὰ
1121 5212 1217 5271 καὶ
1242 5213 1377 5267 Θεοῦ
1406 5213 1652 5285 μέτοχον,
1685 5217 1855 5287 ἤγουν

263 5294 328 5347 ἐκ
364 5295 500 5349 Θεοῦ
531 5298 861 5369 γεννηθέντα
913 5303 1046 5357 Θεὸν
1078 5307 1357 5378 κηρύττει.
1390 5309 1600 5373 Σκοπὸς
1627 5310 1735 5382 γὰρ
1755 5311 1864 5364 ubi

262 5384 339 5454 τῷ
375 5384 466 5451 διά
494 5391 801 5455 παντὸς,ὠς
834 5393 964 5459 ἔπος
990 5398 1184 5465 εἰπεῖν,
1217 5400 1423 5470 τρόπου
1450 5401 1544 5454 καὶ
1571 5401 1732 5470 λόγου
1758 5402 1858 5473 τῆς

264 5477 453 5543 οὐσίας
508 5479 608 5533 τοῦ
647 5482 786 5536 Θεοῦ
835 5488 930 5540 καὶ
977 5489 1188 5560 Πατρός
1231 5492 1515 5557 παντελῶς
1568 5495 1857 5566 ἀπείργειν

266 5570 423 5624 αὑτὸν
454 5611 469 5637 ,
508 5572 604 5628 καὶ
642 5576 876 5633 εἰσάπαν
906 5580 1200 5654 ἀποτεμεῖν
1232 5586 1335 5657 τῆς
1382 5587 1620 5660 φυσικῆς
1645 5589 1740 5643 καὶ
1762 5590 1853 5643 ού-

339 5761 359 5792 8
387 5756 588 5829 Jeretu.
620 5781 694 5834 Ix,
730 5766 784 5822 ί.
830 5779 853 5787 "

1963 4578 2282 4643 excludere,
2323 4586 2377 4629 et
2426 4590 2457 4629 a
2513 4574 2759 4627 naturali
2805 4582 2973 4642 atque
3019 4572 3373 4629 substantiali
3420 4587 3548 4640 pio-

1963 4674 2198 4744 prietate
2228 4684 2395 4740 quam
2436 4683 2560 4722 cum
2598 4682 2703 4722 suo
2730 4666 2897 4722 Patre
2924 4683 2992 4721 ac
3026 4666 3135 4721 Deo
3172 4667 3357 4728 habet,
3392 4680 3550 4733 pror—

1962 4780 2058 4820 sus
2103 4776 2378 4819 resecare.
2420 4761 2491 4813 At
2547 4758 2701 4825 quid,
2732 4774 2946 4829 quaeso,
2974 4759 3062 4812 his
3103 4756 3384 4826 stupidius
3420 4770 3546 4808 esse

1959 4853 2188 4928 potest?
2229 4861 2324 4908 aut
2363 4851 2647 4922 quomodo
2687 4865 2796 4904 non
2831 4851 2982 4904 velut
3033 4848 3268 4903 mortuis
3314 4849 3426 4916 jam
3481 4859 3546 4899 ac

1959 4947 2190 5020 perditis
2228 4943 2691 5016 illacrymaveris,
2718 4942 2813 5013 qui
2850 4949 2960 4996 tam
2996 4940 3261 4996 cﬂ‘renato
3290 4953 3457 4993 cursu
3490 4938 3545 4991 in

1956 5040 2294 5110 impietatem
2344 5036 2720 5107 prmcipitant,
2778 5043 2833 5089 et
2887 5041 3197 5102 opportune
3244 5031 3544 5084 admodum

1957 5133 2146 5187 dices:
2190 5148 2211 5182 ι
2247 5129 2382 5195 Quis
2436 5127 2597 5182 dabit
2634 5126 2801 5196 capiti
2837 5140 2960 5180 meo
2993 5138 3218 5192 aquam,
3269 5129 3323 5175 et
3362 5122 3546 5177 oculis

1962 5224 2098 5278 meis
2141 5222 2347 5276 fontem
2391 5220 2786 5291 lacrymarum,
2836 5224 2892 5271 et
2929 5214 3165 5284 plorabo.
3196 5213 3286 5267 die
3325 5228 3391 5267 ac
3441 5228 3546 5267 no-

1963 5324 2050 5370 cte
2071 5315 2132 5367 εἳ
2165 5333 2181 5365 ι
2214 5313 2294 5369 0b
2324 5312 2522 5366 horum
2553 5310 2701 5365 enim
2734 5305 3153 5362 contumaciam
3194 5321 3305 5359 non
3347 5306 3545 5360 inunc-

1965 5406 2071 5460 rito
2090 5404 2219 5475 quis
2242 5417 2495 5473 magnam
2524 5401 2896 5470 lacrymarum
2930 5396 3041 5450 vim
3068 5396 3397 5464 profuderit.
3436 5393 3543 5451 Sed

1964 5502 2227 5569 quoniam
2288 5495 2545 5551 veritatis
2608 5488 2885 5560 dogmatis
2945 5490 3176 5544 illorum
3208 5491 3540 5554 calumnias,

1965 5603 2190 5662 propter
2220 5588 2628 5657 simplicicrum
2662 5582 2983 5650 utilitatem,
3018 5583 3403 5640 retundendus
3450 5597 3544 5636 ar-
