4076 6270
522 378 632 434 2ἳό
1532 375 1590 431 S.
1619 373 1890 432 CYRHLI
1930 373 2399 434 ALEXANDRINI
2439 380 2756 438 ARCIIIEP.
3703 382 3806 446 2‘24

527 499 725 563 bitror,
759 513 880 570 age,
912 513 1110 554 rursus
1149 495 1282 552 illud
1303 497 1385 553 eis
1417 496 1668 553 dicamus
1719 512 1823 553 nos
1863 497 1982 552 zelo
2016 513 2107 553 ze-

2236 500 2438 566 τιώδους
2460 503 2792 574 οἰκειότητος
2825 501 3016 577 ἦςέχει
3061 506 3196 578 πρὸς
3225 507 3315 560 τὸν
3351 506 3547 561 ἑαυτοῦ
3585 510 3806 577 Πατέρα

526 592 672 648 lasse
703 590 956 648 Domino.
1175 619 1179 624 ν

2236 595 2300 647 ιαὶ
2332 593 2484 648 Θεόν.
2520 591 2650 649 Εἶτα
2681 596 2736 648 τί
2761 597 2826 651 ἂν
2863 598 3073 666 γένοιτο
3106 598 3213 650 τῶν
3246 599 3504 652 τοιούτων
3534 599 3593 652 τὸ
3638 599 3802 666 ὑπερ·

531 683 719 755 τεροῦν
755 687 834 748 είς
861 684 1232 755 ἀποπληξίαν;
1263 683 1295 754 ἢ
1327 682 1443 746 πῶς
1475 683 1575 736 οὑκ
1609 684 1672 738 ἄν
1695 701 1797 748 τις,
1819 685 1950 738 ὡσεὶ
1973 687 2186 755 νεκροῖς
2223 685 2324 756 ἤδη
2353 687 2446 739 καὶ
2478 688 2817 756 ἀπολωλόσι,
2861 689 2921 742 τὸ
2973 691 3037 743 ἐκ
3063 690 3162 760 τῆς
3231 692 3456 762 ἀγάπης
3505 691 3807 755 ἀποστάξαι

525 777 779 849 δάκρυον,
827 779 1097 849 ἀχαλίνως
1125 777 1268 832 οὑτω
1302 777 1701 849 τετραμμένοις
1726 781 1806 843 εἰς
1833 780 2110 843 ἀσέϐειαν,
2147 783 2262 852 ἐρεῖ
2288 781 2346 834 δὲ
2368 782 2464 835 καὶ
2501 783 2622 837 λίαν
2653 784 2926 856 εὐκαίρως
2951 802 2964 816 ·
2997 805 3014 836 ‹
3039 787 3135 850 Τίς
3164 785 3326 841 δώσει
3363 791 3428 860 τῇ
3463 788 3674 858 κεφαλῇ
3705 805 3807 856 μου

527 867 694 940 ὕδωρ,
721 870 813 922 καὶ
865 873 977 934 τοῖς
1009 869 1309 939 ὀφθαλμοῖς
1379 886 1482 939 μου
1539 869 1722 940 πηγὴν
1781 870 2055 942 δακρύων,
2091 871 2187 924 καὶ
2218 871 2524 944 κλαύσομαι
2563 874 2656 928 τὸν
2720 875 2848 929 λαὸν
2877 876 3066 930 τοῦτον
3106 878 3319 949 ἡμέρας
3366 880 3463 934 καὶ
3511 878 3740 944 νυκτός;
3787 899 3802 930 ι

537 961 661 1014 Ἐπὶ
687 961 793 1032 γὰρ
823 964 934 1024 τοῖς
961 963 1030 1016 τὰ
1053 959 1275 1014 τοιαῦτα
1309 961 1524 1031 φρονεῖν
1555 959 1828 1030 ἑλομένοις
1867 960 2112 1032 ἀκρατὲς
2147 959 2214 1013 ἄν
2268 980 2356 1028 τις
2393 967 2620 1032 εἰκότως
2667 969 2957 1034 ἐπιστάξαι
3009 969 3264 1040 δάκρυον.
3322 971 3540 1043 Ἐπειδὴ
3581 971 3639 1024 δὲ
3693 974 3811 1035 τοῖς

526 1049 587 1115 ἐξ
623 1050 878 1120 ἀληθείας
926 1051 1192 1123 δόγμασιν
1245 1049 1650 1120 ἀποκρούεσθαι
1708 1051 1817 1104 δεῖν
1855 1052 1952 1115 τὰς
2007 1053 2139 1122 παρ’
2193 1053 2418 1110 ἐκείνων
2465 1061 2834 1128 συκοφαντίας
2885 1061 3190 1131 προσήκειν
3242 1060 3656 1132 ὑπολαμϐάνω,
3719 1059 3810 1112 διά

527 1143 588 1195 τὸ
639 1145 751 1207 τοῖς
799 1143 1191 1215 ἁπλουστέροις
1253 1141 1564 1206 λυσιτελὲς,
1619 1141 1752 1213 φέρε
1814 1143 1977 1198 πάλιν
2020 1143 2205 1206 αὑτοῖς
2251 1147 2430 1202 ἐκεῖνο
2475 1150 2768 1222 λέγωμεν,
2830 1153 2913 1206 ὅτι
2973 1152 3264 1223 ζηλοῦντες
3328 1151 3687 1224 ἐξηλὼκαμεν
3733 1151 3809 1223 τῷ

526 1233 739 1305 Κυρίῳ.

599 1327 829 1382 Divinus
851 1324 997 1379 enim
1033 1323 1262 1389 Paulus,
1290 1335 1343 1379 et
1374 1325 1559 1396 quivis
1593 1333 1916 1381 sanctorum
1941 1325 2113 1387 alius,

525 1435 654 1477 cum
682 1417 966 1473 Christum
1004 1417 1058 1470 in
1096 1416 1214 1472 suis
1257 1419 1536 1472 mentibus
1584 1417 1990 1472 inhabitantem
2020 1417 2120 1470 ha-

529 1517 728 1572 berent
755 1526 853 1582 per
890 1509 1189 1579 Spiritum,
1225 1507 1504 1564 faciebant
1536 1525 1661 1580 qua:
1685 1509 1907 1566 Christo
1936 1509 2120 1578 place-

530 1615 676 1674 rent,
698 1614 754 1662 et
782 1603 1052 1659 miracula
1070 1601 1328 1658 edebant.
1354 1602 1423 1656 At
1447 1609 1692 1664 constat,
1716 1602 1802 1656 vel
1829 1612 1920 1656 tua
1943 1601 2120 1672 ipsius

2305 1319 2363 1371 '0
2392 1321 2500 1392 γάρ
2529 1339 2608 1375 τοι
2643 1322 2929 1390 θεσπέσιος
2963 1323 3194 1391 Παῦλος,
3237 1318 3284 1377 ὧ
3315 1319 3483 1392 οὗτοι,
3520 1329 3552 1399 ἢ
3602 1333 3698 1385 καί
3725 1349 3813 1396 τις

2219 1412 2408 1483 ἕτερος
2437 1413 2545 1466 τῶν
2578 1415 2769 1483 ἁγίων,
2803 1417 2895 1470 τὸν
2927 1417 3162 1488 Χριστὸν
3194 1419 3412 1490 ἔχοντες
3453 1426 3575 1487 ταῖς
3600 1425 3812 1480 ἑαυτῶν

2221 1506 2485 1570 διανοίαις
2531 1509 2904 1564 ἐνοικισθέντα
2939 1510 3029 1564 διὰ
3083 1511 3181 1566 τοῦ
3239 1512 3596 1584 Πνεὺματος,
3639 1517 3814 1588 ἔδρων

2225 1595 2284 1653 εῦ
2321 1599 2466 1669 μάλα
2494 1601 2562 1653 τὰ
2584 1601 2843 1655 δοκοῦντα
2867 1602 3112 1674 Θεῷ,καὶ
3140 1604 3466 1676 δημιουργοὶ
3494 1607 3604 1660 τῶν
3635 1627 3812 1682 παρα-

527 1697 908 1757 eonfessione,
944 1693 1092 1764 quod
1125 1709 1252 1748 cum
1286 1693 1544 1751 homines
1580 1703 1770 1749 essent
1807 1703 2035 1758 natura,
2066 1701 2122 1747 et

2236 1687 2390 1752 δόξων
2439 1689 2740 1758 ἐφαίνοντο.
2773 1691 2984 1744 Οὑκοῦν
3034 1692 3239 1764 ἄραρεν
3263 1733 3278 1756 ,
3310 1696 3339 1747 ὃ
3379 1713 3432 1749 τι
3457 1697 3628 1768 ιδοίης
3667 1700 3712 1752 δ’
3747 1702 3813 1758 ἂν

529 1789 681 1846 aliud
724 1785 991 1858 quiddam
1033 1785 1345 1841 substantia
1409 1801 1576 1855 quam
1623 1794 1852 1841 sanctus
1903 1785 2116 1840 Christi

531 1882 778 1952 Spiritus
821 1878 916 1948 qui
957 1877 1016 1932 in
1059 1878 1140 1932 eis
1175 1877 1486 1942 habitabat,
1535 1877 1787 1948 religiosi
1839 1885 2025 1932 tamen
2067 1888 2120 1931 et

530 1950 1042 2047 pietate‘conspicui
1064 1978 1226 2026 erant
1247 1970 1415 2041 789
1431 1987 1528 2042 per
1543 1971 1728 2025 datam
1743 1971 1825 2024 eis
1844 1985 1874 2024 a
1897 1969 2122 2025 Christo

531 2067 792 2138 gratiam.
823 2063 930 2119 Sed
967 2063 1260 2118 nobiscum
1287 2063 1478 2133 utique
1508 2062 1794 2130 fateberis,
1819 2062 2121 2132 aliquando

530 2160 710 2232 gratia
744 2159 923 2213 fuisse
953 2157 1279 2222 destitutos,
1312 2163 1694 2211 verumtamen
1725 2170 1791 2210 eo
1822 2154 1998 2210 fuisse
2030 2169 2119 2209 vo-

529 2259 710 2312 catos,
745 2264 870 2304 cum
900 2247 976 2301 ita
1008 2247 1189 2302 visum
1216 2253 1364 2301 esset
1391 2245 1578 2300 omnia
1613 2253 1766 2301 recte
1793 2244 2120 2315 gubernanti

531 2343 665 2397 Deo.
716 2339 863 2395 Fieri
891 2353 1032 2409 ergo
1053 2345 1273 2408 poterat
1304 2346 1364 2390 ut
1393 2337 1531 2390 vitio
1563 2335 1753 2406 aliquo
1783 2336 1869 2390 vel
1894 2343 2122 2406 peccato

531 2435 728 2489 beatus
750 2431 979 2494 Paulus,
995 2438 1094 2484 aut
1115 2429 1259 2484 alter
1282 2428 1332 2483 ei
1365 2427 1589 2493 similis,
1607 2428 1778 2482 Deum
1815 2426 2120 2493 offendens,

531 2524 660 2578 data
699 2522 806 2577 sibi
839 2522 1017 2592 gratia
1045 2519 1384 2589 privaretur,
1417 2524 1471 2571 et
1497 2517 1554 2571 in
1583 2531 1703 2572 eam
1729 2516 2122 2573 demissionem

533 2613 682 2670 unde
715 2619 1024 2668 emerserat
1058 2611 1240 2666 denuo
1271 2609 1666 2664 detruderetur
1690 2617 1857 2678 atque
1891 2608 2122 2664 rediret.

535 2705 694 2774 Quod
746 2704 906 2774 enim
959 2701 1186 2757 aliunde
1233 2701 1533 2756 asciscitur
1583 2708 1639 2756 et
1699 2699 1930 2766 accidit,
1965 2698 2126 2754 facile

535 2773 714 2855 amitti
744 2773 930 2870 potest
967 2803 1134 2866 atque
1162 2793 1393 2855 auferri,
1430 2800 1621 2863 utpote
1664 2791 1876 2847 datum.
1907 2793 1991 2845 An
2026 2791 2128 2861 lgi-

537 2902 654 2954 tur,
691 2907 722 2946 o
754 2892 898 2946 bone
923 2888 1117 2958 (juvat
1151 2887 1299 2943 enim
1336 2886 1536 2940 iterum
1577 2891 1631 2938 te
1665 2883 2046 2954 compellare),
2077 2881 2124 2938 si

535 2983 1009 3056 quemadmodum
1038 2989 1162 3036 erat
1206 2980 1262 3034 in
1302 2977 1474 3032 Paulo
1511 2976 1771 3033 Christus
1813 2977 2046 3048 loquens
2072 2988 2126 3032 et

2226 1778 2322 1830 καὶ
2371 1778 2533 1844 αὑτὸς
2567 1781 2835 1852 ὑπάρχειν
2892 1781 3132 1854 ἀληθὲς,
3183 1784 3260 1847 ὡς
3309 1785 3591 1858 ἄνθρωποί
3623 1807 3682 1842 τε
3717 1790 3813 1860 τὴν

2228 1869 2390 1939 φύσιν
2428 1872 2797 1942 ὑπάρχοντες,
2851 1873 2946 1926 καὶ
2985 1875 3182 1945 ,ἕτερόν
3219 1894 3270 1930 τι
3309 1878 3452 1931 κατά
3496 1880 3595 1950 τὴν
3626 1881 3812 1936 οὐσίαν

2227 1961 2379 2033 παρὰ
2421 1962 2482 2014 τὸ
2525 1962 2771 2016 ἐνοικοῦν
2826 1965 3012 2029 αὑτοῖς
3060 1967 3216 2034 ἅγιον
3267 1967 3498 2040 Πνεῦμα
3547 1971 3811 2041 Χριστοῦ,

2228 2053 2476 2124 θεοφόϐοι
2525 2055 2669 2118 τινὲς
2697 2050 2840 2126 ἦσαν
2881 2058 2974 2111 καὶ
3024 2058 3269 2130 λαμπροὶ
3308 2059 3398 2116 διά
3436 2061 3538 2131 τῆς
3565 2063 3824 2134 δοθείσης

2228 2147 2409 2209 αὑτοῖς
2458 2147 2609 2218 παρά
2642 2148 2880 2217 Χριστοῦ
2916 2150 3160 2220 χάριτος.
3196 2152 3454 2224 Συνερεῖς
3493 2152 3552 2205 δὲ
3597 2155 3822 2218 πάντως

2229 2239 2391 2308 ἡμῖν,
2432 2237 2508 2302 ὡς
2547 2237 2744 2310 ἔρημοι
2800 2239 2899 2310 μὲν
2953 2238 3048 2292 τοῦ
3079 2242 3424 2312 χαρίσματος
3469 2237 3612 2314 ἦσάν
3661 2263 3815 2309 ποτε,

2230 2330 2522 2403 κέκληνταί
2560 2349 2624 2401 γε
2657 2331 2764 2402 μὴν
2797 2333 2878 2395 εἰς
2905 2333 3060 2397 αὑτὸ,
3097 2334 3256 2400 δόξαν
3294 2334 3441 2389 οὑτω
3463 2336 3647 2401 καλῶς
3673 2337 3820 2408 ἔχειν

2228 2421 2307 2494 τῷ
2337 2423 2515 2477 πάντα
2563 2425 2744 2488 καλῶς
2793 2424 3080 2478 διῖθύνοντι
3127 2425 3249 2497 Θεῷ
3273 2441 3285 2454 °
3316 2422 3386 2498 ἦν
3416 2422 3510 2482 οῦν
3541 2429 3650 2500 ἄρα
3705 2430 3816 2482 τῶν

2229 2514 2594 2586 ἐνδεχομένων
2623 2518 2716 2569 καὶ
2736 2516 2827 2569 διά
2865 2534 3011 2580 τινος
3044 2516 3152 2571 τῶν
3175 2517 3396 2570 ἀτόπων
3443 2519 3477 2590 ἦ
3515 2519 3609 2572 καὶ
3636 2519 3816 2591 ὀρθῶς

2230 2606 2330 2659 οὐκ
2359 2607 2738 2677 εἰργασμένων
2787 2608 3275 2679 προσκεκρουκότα
3313 2607 3392 2679 τῷ
3435 2609 3556 2679 Θεῷ
3583 2609 3675 2662 τὸν
3711 2628 3819 2680 μα-

2232 2699 2422 2770 κάριον
2458 2699 2692 2765 Παῦλον,
2722 2701 2889 2771 ἤγουν
2921 2701 3044 2754 τινὰ
3078 2699 3190 2754 τῶν
3227 2702 3350 2755 κατ’
3389 2703 3598 2755 ἐκεῖνον
3631 2703 3820 2772 ἕτερον

2233 2793 2440 2865 ἔρημον
2472 2793 2572 2864 μὲν
2600 2793 2702 2864 τῆς
2729 2793 2979 2866 δοθείσης
3020 2793 3170 2866 αὑτῷ
3195 2794 3420 2866 χάριτος
3461 2794 3698 2865 ὀφθῆναι
3728 2795 3821 2848 δύο

2232 2885 2448 2950 νασθαι,
2480 2885 2920 2940 κατωθεῖσθαιδέ
2952 2880 3108 2950 αὖθις
3139 2885 3232 2940 καὶ
3257 2887 3578 2940 ὑπονοστεῖν
3611 2889 3694 2951 είς
3722 2889 3830 2957 τὴν

2232 2975 2356 3031 ὅθεν
2405 2977 2572 3046 ἀνέϐη
2621 2977 2971 3031 ταπείνωσιν.
3022 2977 3096 3030 Τὸ
3128 2977 3237 3049 γὰρ
3283 2977 3422 3042 ὅλως
3476 2978 3678 3045 ἔξωθεν
3728 2979 3825 3033 καὶ

537 3077 808 3134 miracula
829 3075 1065 3136 faciens.
1083 3074 1240 3144 juxta
1260 3081 1411 3127 tuam
1432 3072 1658 3128 stultam
1678 3080 1733 3127 et
1757 3072 1984 3142 impiam
2001 3086 2128 3126 sen-

2236 3072 2474 3124 ἐπακτὸν
2529 3070 2731 3141 ῥᾳδίως
2781 3070 2850 3123 ἂν
2911 3069 3249 3124 ἀποπτύοιτο
3308 3070 3402 3124 καὶ
3454 3071 3826 3143 ἀναφαίρετόν

542 3166 798 3230 tentiam,
838 3166 914 3219 ita
945 3162 1162 3218 Patrem
1192 3163 1246 3217 in
1275 3160 1417 3216 Filio
1449 3161 1576 3232 quis
1605 3176 1732 3216 esse
1767 3160 2127 3223 concesserit,

539 3257 793 3330 nunquid
831 3257 1048 3313 clarum
1096 3263 1153 3310 et
1183 3254 1560 3310 indubitatum
1593 3259 1680 3308 est
1715 3250 1887 3307 Deum
1923 3265 2130 3321 nequa-

538 3367 702 3422 quam
737 3350 854 3407 fore
887 3348 1194 3407 secundum
1227 3356 1510 3412 naturam,
1547 3346 1644 3402 sed
1683 3344 1834 3400 aliud
1865 3345 2129 3414 quiddam

539 3445 612 3500 ab
641 3445 993 3500 inhabitante
1020 3441 1206 3507 Patre,
1234 3442 1331 3512 qui
1354 3456 1482 3496 vere
1507 3439 1691 3494 Deus?
1721 3437 1814 3492 Sic
1834 3437 1983 3492 enim
2010 3443 2131 3491 erat

538 3538 596 3592 in
627 3535 798 3592 Paulo
820 3537 1105 3593 Christus.
1130 3535 1572 3590 lnstrumentum
1600 3531 1772 3602 igitur
1795 3544 1859 3584 ac
1888 3545 1987 3584 vas
2019 3528 2135 3583 vel-

540 3630 620 3683 uti
667 3629 947 3700 quoddam
981 3637 1068 3685 est
1112 3627 1442 3698 Unigenitus
1492 3624 1546 3678 in
1580 3623 1814 3694 gloriam
1855 3635 2135 3693 praepara-

539 3731 676 3786 tum,
707 3737 812 3777 nec
843 3737 874 3776 a
901 3722 1038 3777 tibia
1081 3720 1266 3776 forsan
1295 3725 1393 3771 aut
1428 3717 1545 3788 lyra
1579 3714 1836 3778 dismbit,
1872 3715 2010 3770 illud
2047 3729 2134 3768 re-

539 3828 749 3868 sonans
783 3811 932 3882 quod
975 3810 1250 3880 inspiratu
1303 3809 1568 3862 nimirum
1612 3815 1711 3861 aut
1756 3808 1969 3876 plectro
2011 3809 2135 3876 jus-

457 3919 460 3922 ’
542 3919 664 3959 sum
692 3904 802 3956 erit
832 3922 845 3957 ε
877 3908 932 3957 et
975 3903 1043 3956 ad
1080 3902 1350 3957 miracula
1383 3900 1596 3956 edenda
1631 3900 1800 3954 Pater
1830 3914 1896 3954 eo
1925 3908 2133 3966 utetur,
2181 3897 2186 3902 ’

541 4009 652 4064 quo
685 4001 852 4065 pacto
903 3993 1048 4049 fabri
1087 3993 1312 4064 lignarii
1357 4008 1512 4048 serra
1559 3993 1644 4047 vel
1683 3993 1854 4047 ascia.
1891 3993 1960 4045 At
2002 3991 2133 4062 quid

543 4087 649 4141 hoc
693 4084 1035 4140 absurdius?
1070 4082 1207 4138 Nam
1252 4098 1381 4138 cum
1420 4083 1543 4151 ejus
1578 4081 1649 4136 sit
1690 4089 1929 4149 naturas,
1961 4089 2020 4136 ut
2058 4081 2135 4135 illi

543 4177 762 4244 dicunt,
794 4193 825 4232 a
849 4176 962 4233 Deo
991 4192 1058 4232 ac
1089 4176 1252 4231 Patre
1280 4189 1512 4246 prorsus
1545 4175 1762 4229 alienus
1798 4175 1929 4239 erit,
1953 4189 2016 4230 ea
2047 4189 2138 4228 τοο

543 4269 694 4324 tione
729 4283 836 4339 qua
865 4279 1066 4323 natura
1096 4268 1241 4325 Deus
1274 4276 1361 4324 est
1403 4268 1460 4322 in
1493 4267 1681 4332 nobis,
1721 4273 1778 4320 et
1802 4281 1967 4320 nemo
1995 4265 2137 4320 alius

543 4362 615 4417 ab
669 4363 812 4432 ipso.
859 4359 1018 4428 Quod
1071 4363 1119 4417 si
1165 4378 1196 4416 a
1238 4363 1418 4418 Patris
1472 4359 1784 4416 subs1antia
1830 4359 1906 4412 ita
1958 4357 2136 4414 Filius

2233 3159 2358 3232 [τσ.
2389 3161 2781 3234 ἐναφαίρετόν]
2810 3165 2980 3227 ἐστιν,
3009 3163 3084 3226 ὡς
3117 3162 3288 3219 δοτόν.
3318 3158 3446 3236 Ἆρ’
3473 3158 3590 3228 οῦν,
3625 3159 3672 3218 ὧ
3702 3164 3822 3235 βέλη

2229 3269 2379 3306 τιστε
2417 3253 2776 3324 (τετράψεται
2825 3256 2932 3324 γὰρ
2978 3254 3114 3324 πρὸς
3163 3254 3224 3307 σὲ
3255 3257 3282 3308 ό
3310 3253 3469 3323 λόγος
3500 3255 3727 3325 πάλιν),
3765 3257 3828 3308 εί-

2233 3345 2376 3399 κατά
2421 3345 2521 3416 τὴν
2574 3347 2712 3418 πρὸς
2759 3345 2820 3398 σὲ
2873 3346 3238 3400 ἀπαιδευσίαν
3294 3347 3393 3399 καὶ
3446 3347 3828 3418 ἀσεϐεστάτην

2237 3437 2527 3508 ὑπόληψιν,
2555 3437 2808 3511 καθάπερ
2841 3433 2912 3509 ἦν
2933 3439 2990 3492 ἐν
3013 3438 3092 3510 τῷ
3124 3438 3325 3510 Παύλῳ
3358 3439 3601 3511 Χριστὸς
3639 3439 3826 3494 λαλῶν
3895 3495 3900 3498 _

2236 3531 2332 3584 καὶ
2363 3531 2779 3603 τερατουργῶν,
2829 3530 3004 3596 οὑτως
3053 3531 3192 3588 εἶναι
3231 3532 3350 3604 δοίη
3403 3550 3488 3595 τις
3533 3534 3600 3588 ἂν
3646 3536 3706 3589 ἐν
3748 3536 3829 3605 τῷ

2236 3621 2351 3692 Υίῷ
2389 3621 2480 3676 τὸν
2511 3619 2754 3694 Πατέρα,
2796 3621 2918 3686 πῶς
2959 3623 3061 3677 οὐκ
3099 3624 3408 3694 ἀμφίλογον
3445 3626 3522 3690 ὡς
3555 3627 3692 3690 Θεὸς
3726 3628 3831 3698 μὲν

2235 3715 2389 3769 ἐσται
2425 3714 2566 3768 κατὰ
2588 3713 2751 3784 φύσιν
2789 3714 3064 3785 οὐδαμῶς,
3095 3715 3210 3769 ἀλλ’
3236 3717 3428 3789 ’ἐτερόν
3470 3737 3523 3772 τι
3555 3720 3711 3791 παρὰ
3734 3722 3832 3775 τὶν

2236 3806 2547 3863 ἐνοικοῦντα
2570 3807 2810 3878 Πατέρα,
2841 3807 2974 3862 Θεὸν
3003 3808 3132 3863 ὄντα
3161 3809 3306 3864 κατά
3336 3811 3599 3882 ἀλήθειαν
3625 3830 3640 3878 ;
3671 3813 3830 3868 Οῦτω

2236 3902 2344 3974 γὰρ
2373 3897 2442 3972 ἦν
2467 3902 2525 3954 ἐν
2552 3900 2630 3970 τῷ
2659 3900 2858 3972 Παύλῳ
2883 3901 3140 3973 Χριστός.
3171 3903 3444 3974 Ὄργανον
3473 3900 3567 3960 οὖν
3598 3905 3709 3976 ἄρα
3735 3909 3832 3961 καὶ

2238 3993 2428 4066 ὥσπερ
2457 4011 2511 4046 τι
2543 3991 2736 4056 σκεῦός
2781 3995 2963 4059 ἐστιν,
3015 3994 3098 4055 είς
3131 3993 3289 4059 δόξαν
3321 3999 3768 4080 κατηρτισμένον
3801 4003 3832 4054 ὀ

2185 4128 2202 4140 .
2238 4085 2582 4155 Μονογενὴς,
2625 4085 2720 4138 καὶ
2751 4084 2940 4138 διοίσει
2983 4087 3084 4157 μὲν
3114 4086 3268 4140 οὐδὲν
3307 4089 3470 4143 αὑλοῦ
3506 4090 3603 4143 καὶ
3633 4090 3831 4162 λύρας,

2239 4181 2415 4234 ἐκεῖνο
2441 4179 2651 4250 φωνῶν,
2670 4179 2806 4250 ὅπερ
2828 4179 2894 4234 ἂν
2919 4179 3226 4250 ἐμπνέηται
3247 4181 3429 4252 τυχὸν,
3450 4183 3618 4252 ἤγουν
3633 4184 3834 4254 εὐρύθ-

2244 4289 2360 4343 μως
2381 4270 2779 4342 ,ἀναμελῳδεῖν
2817 4271 2895 4342 τῷ
2929 4271 3191 4342 πλήκτρῳ
3234 4273 3525 4344 κελεύηται
3551 4291 3564 4304 ·
3593 4276 3748 4329 ἔσται
3775 4277 3832 4330 δέ

2241 4364 2384 4418 οὑτω
2409 4365 2750 4436 παράδεκτος
2777 4367 2856 4430 εἰς
2889 4365 3342 4437 θαυματουργίαν
3371 4365 3449 4436 τῷ
3495 4369 3674 4438 Πατρὶ
3701 4409 3717 4434 ,
3755 4369 3833 4432 ὡς

543 4453 864 4508 exclmlitur
902 4461 962 4508 ut
1003 4469 1115 4510 non
1149 4454 1223 4509 sit
1264 4463 1462 4510 natura
1503 4452 1669 4514 Deus,
1710 4451 1988 4521 quomodo
2025 4467 2131 4506 non

2243 4457 2309 4511 ἂν
2339 4458 2514 4510 νοοῖτο
2557 4456 2721 4527 τυχὸν
2754 4457 2954 4528 πρίων,
2985 4456 3018 4524 ἢ
3059 4455 3369 4526 σκέπαρνον
3400 4459 3518 4520 τοῖς
3562 4437 3728 4512 εἰδόσι
3772 4458 3834 4511 τὸ

542 4561 672 4602 vere
711 4545 950 4604 dicimus
986 4561 1112 4602 eum
1149 4547 1292 4602 inter
1322 4554 1612 4602 creaturas
1640 4543 1973 4598 collocatum
2004 4558 2138 4598 con-

542 4647 894 4694 numeratum
945 4655 1092 4706 esse,
1144 4647 1310 4710 atque
1359 4625 1714 4693 instrumenti
1765 4636 1885 4690 loco
1924 4650 2140 4691 assum-

545 4739 720 4801 ptum,
770 4741 826 4787 et
875 4748 976 4803 pro
1033 4731 1267 4788 Domino
1318 4732 1635 4787 ministrum
1685 4728 1906 4784 tandem
1962 4728 2136 4783 videri

545 4823 770 4889 Filium,
800 4825 894 4893 qui
933 4824 1058 4878 Deo
1080 4839 1145 4878 ac
1175 4822 1326 4878 Patri
1357 4823 1586 4884 assidet,
1616 4823 1724 4876 imo
1758 4838 1826 4876 ne
1859 4837 1986 4877 vere
2015 4821 2141 4892 qui-

543 4916 668 4970 dem
693 4930 817 4972 esse
842 4914 1086 4968 Filium?
1119 4913 1232 4970 Nec
1263 4915 1412 4970 enim
1443 4913 1593 4984 quod
1628 4913 1985 4968 instrumenti
2021 4915 2143 4967 loco

546 5009 773 5076 pottilltl'
807 5024 907 5077 pro
943 5005 1088 5061 Filio
1119 5009 1249 5078 quis
1282 5008 1538 5078 accipiet.
1574 5007 2004 5063 lnstrumentum
2037 5008 2144 5061 ita-

544 5118 654 5170 que
687 5117 808 5156 sua:
841 5102 981 5155 artis
1014 5111 1110 5156 aut
1154 5103 1442 5173 sapientia:
1480 5101 1643 5158 Pater
1685 5103 1900 5173 genuit,
1934 5112 1991 5156 et
2041 5102 2145 5156 ali-

547 5193 679 5260 quid
728 5193 878 5246 aliud
918 5209 1085 5263 quam
1127 5194 1276 5264 quod
1320 5195 1438 5266 ipse
1469 5196 1544 5250 sit
1593 5195 1856 5266 genuisse
1900 5195 2142 5249 videtur.

549 5283 619 5335 At
649 5283 930 5351 quomodo
957 5282 1072 5338 fieri
1106 5284 1240 5339 illud
1269 5293 1473 5356 potest,
1506 5292 1603 5339 aut
1641 5283 1924 5355 quomodo
1951 5284 2146 5340 istius-

551 5375 700 5431 modi
736 5377 1000 5445 quiddam
1043 5379 1098 5433 in
1145 5379 1394 5435 animum
1431 5380 1539 5434 sibi
1577 5378 1867 5444 reducere,
1905 5395 2016 5433 non
2057 5386 2144 5434 est

553 5467 978 5524 stultissimum?
1007 5470 1126 5527 Nisi
1162 5489 1294 5544 ergo
1335 5473 1532 5529 Filium
1569 5474 2002 5530 instrumentum
2049 5481 2142 5526 aut

553 5557 876 5614 ministrum
930 5563 1251 5620 existimare
1293 5564 1622 5629 cessaveris,
1671 5580 1907 5634 cumque
1955 5578 2138 5618 veram

557 5647 872 5716 genituram
923 5667 1047 5710 esse
1092 5670 1201 5710 non
1261 5655 1581 5721 admittens,
1630 5654 1963 5709 ineffabilem
2021 5654 2144 5724 ejus

559 5743 996 5811 generationem,
1020 5763 1084 5802 cx
1104 5748 1414 5804 substantia
1443 5749 1536 5803 Dei
1561 5764 1624 5801 ac
1651 5747 1833 5801 Patris
1863 5747 2142 5810 nimirum,

561 5837 872 5908 negaveris,
922 5839 976 5896 iu
1021 5839 1204 5912 ipsum
1244 5841 1524 5895 Genitoris
1579 5840 1806 5908 gloriam
1862 5845 2142 5893 contume-

2245 4547 2582 4619 ξυλουργεῖν.
2621 4541 2759 4600 Εἶτα
2796 4548 2848 4601 τί
2889 4547 3081 4600 τούτου
3129 4547 3623 4618 παραλογώτερον;
3674 4549 3834 4603 Οῦτω

2244 4640 2352 4711 γὰρ
2382 4639 2522 4710 ἔχων
2555 4639 2791 4708 φύσεως,
2823 4639 3073 4711 καθάπερ
3100 4639 3300 4692 ἐκεῖνοί
3325 4656 3510 4709 φασιν,
3549 4640 3834 4710 ἀλλότριος

2245 4733 2398 4787 ἔσται
2431 4730 2839 4794 παντελῶςετοῦ
2883 4731 3018 4785 Θεοῦ
3058 4732 3153 4784 καὶ
3185 4732 3423 4798 Πατρὸς,
3462 4733 3586 4784 ὅσον
3625 4734 3744 4785 ἐστὶ
3775 4734 3837 4786 τὸ

2247 4822 2385 4879 εἶναι
2416 4825 2576 4893 φύσει
2604 4823 2738 4887 Θεὸς
2778 4823 2836 4876 ἐν
2879 4824 3047 4892 ἡμῖν,
3098 4823 3193 4874 καὶ
3237 4823 3425 4891 ἕτερος
3483 4823 3615 4893 παρ’
3670 4825 3836 4877 αὑτὸν

2246 4918 2439 4981 οὐδείς.
2483 4919 2545 4970 Εἰ
2588 4917 2644 4970 δὲ
2693 4917 2793 4986 τῆς
2838 4915 2932 4968 τοῦ
2975 4915 3190 4986 Πατρὸς
3230 4915 3418 4978 οὑσίας
3461 4918 3489 4969 ό
3521 4916 3653 4979 Υίὸς
3700 4918 3837 4970 ἀπο-

2250 5008 2598 5081 σχοινίζεται,
2629 5008 2770 5062 κατά
2807 5025 2870 5077 γε
2921 5007 2982 5060 τὸ
3023 5003 3162 5061 εἶναι
3199 5007 3361 5076 φύσει
3398 5007 3553 5071 Θεὸς,
3590 5008 3706 5072 πῶς
3735 5011 3839 5062 οὑκ

2248 5100 2464 5172 ἀληθῶς
2493 5099 2592 5171 ἥδη
2637 5097 2839 5168 φαμὲν,
2885 5097 3065 5166 ὅτιτῇ
3117 5097 3293 5150 κτίσει
3346 5095 3710 5151 συντέτακται
3741 5100 3839 5151 καὶ

2252 5192 2651 5263 συνηρίθμηται
2695 5191 2808 5252 τοῖς
2838 5188 3144 5258 ποιήμασι,
3181 5189 3277 5241 καὶ
3321 5189 3381 5241 ἐν
3413 5187 3650 5259 ὀργάνου
3692 5207 3840 5262 παρ-

2250 5283 2459 5354 ελήφθη
2507 5282 2707 5354 χρείᾳ,
2748 5279 2843 5333 καὶ
2887 5279 3162 5350 ὑπουργὸς
3211 5280 3345 5348 ἡμῖν
3391 5281 3512 5333 ἀντὶ
3569 5279 3838 5334 δεσπότου

2254 5374 2492 5442 πέφηνεν
2517 5371 2616 5442 ἤδη
2648 5367 2831 5422 λοιπὸν
2856 5369 2884 5420 ὀ
2911 5365 2990 5437 τῷ
3017 5365 3136 5436 Θεῷ
3169 5365 3263 5418 καὶ
3295 5367 3470 5437 Πατρὶ
3501 5365 3840 5437 συνεδρεύων

2252 5465 2378 5528 Υἱὸς
2403 5504 2416 5528 ,
2452 5462 2654 5534 μᾶλλον
2692 5459 2749 5514 δέ
2780 5457 2904 5512 οὑδέ
2946 5457 3072 5520 Υἱός
3097 5457 3215 5509 ἐστι
3258 5457 3400 5509 κατά
3427 5457 3722 5527 ἀλήθειαν;
3760 5457 3839 5509 Οὑ

2249 5559 2358 5630 γὰρ
2398 5557 2459 5610 τὸ
2502 5559 2559 5610 ἐν
2607 5554 2839 5626 ὀργάνου
2873 5550 3025 5614 τάξει
3061 5548 3218 5601 τεθὲν
3247 5550 3328 5611 είς
3356 5549 3484 5602 Υἱόν
3513 5567 3599 5612 τις
3639 5549 3838 5618 νοήσαι

2255 5653 2350 5705 καὶ
2392 5647 2770 5720 παραδέξαιτο.
2823 5642 3136 5713 Ἐργαλεῖον
3181 5635 3276 5693 οῦν
3317 5640 3425 5711 ἄρα
3459 5641 3558 5710 τῆς
3605 5641 3839 5711 ἐνούσης

2257 5741 2404 5811 αύτῴ
2445 5739 2640 5808 τέχνης
2671 5736 2787 5804 ἦτοι
2825 5734 3018 5803 σοφίας
3046 5732 3232 5785 ἔτεκεν
3262 5734 3290 5787 ὁ
3336 5734 3547 5806 Πατὴρ,
3588 5736 3684 5786 καὶ
3717 5735 3843 5790 ἐτιτ-

2255 5835 2346 5905 ρόν
2388 5850 2438 5884 τι
2490 5830 2615 5900 παρ’
2662 5830 2796 5896 ὅπερ
2849 5826 2993 5879 ἐστίν
3043 5825 3203 5888 αὑτὸς
3255 5825 3572 5898 ἀποκυήσας
3615 5827 3840 5897 δρᾶται.
