4076 6270
225 378 331 434 325

1323 371 1386 424 IN
1422 365 1709 424 JOANNIS
1730 362 2183 421 EVANGELIUM
2226 365 2350 422 LIB.
2389 365 2479 420 IX.

3381 369 3485 425 226

227 490 340 547 Καὶ
372 490 490 552 πῶς
519 489 584 544 ἂν
616 487 912 558 ὲνδέχοιτο;
947 485 1062 548 πῶς
1089 485 1145 536 δὲ
1175 485 1275 537 οὐκ
1297 483 1491 552 εὔηθες
1520 480 1800 542 παντελῶς

1906 477 2082 536 liosus
2112 486 2244 536 eris.
2280 481 2389 536 Nec
2419 479 2569 536 enim
2601 479 2740 535 ultra
2772 481 2932 536 Pater
2971 481 3134 552 790
3163 496 3285 536 vere
3325 482 3488 540 Pater

225 584 288 636 τὸ
315 585 457 636 νοεῖν
486 598 539 634 τι
586 578 856 642 τοιοῦτον;
902 579 1017 631 Οὐκ
1067 575 1384 641 ἀπαλλάξας
1423 575 1604 628 τοίνυν
1637 573 1796 643 ὀργα-

227 672 387 742 νικῆς
415 689 473 724 τε
505 671 596 723 καὶ
621 667 898 738 οἰκετικῆς
929 665 1248 737 ὑπολήψεως
1273 665 1364 718 τὸν
1389 664 1537 728 Υίὸν,
1561 662 1806 732 γέννημα

226 765 286 817 δὲ
314 762 455 816 κατὰ
485 759 740 832 ἀλήθειαν
774 758 1054 828 ὁμολογῶν
1098 757 1259 810 αὑτὸν
1289 755 1540 824 οὐδαμῶς
1561 794 1576 818 ,
1607 752 1806 824 ἀρνού-

234 873 393 928 μενος
423 854 479 907 δὲ
508 855 606 922 τὴν
637 851 878 923 άρρητον
923 849 1176 918 γέννησιν
1202 890 1218 914 ,
1265 847 1363 918 τὴν
1393 849 1457 900 ἐκ
1493 846 1596 916 τῆς
1623 843 1808 907 οὐσίας

226 947 323 1001 τοῦ
361 945 495 999 Θεοῦ
541 943 636 998 καὶ
692 942 912 1013 Πατρός
967 957 1145 1010 φημι,
1201 940 1374 1010 αὐτὴν
1405 936 1805 1007 ἀδικήσειςτοῦ

226 1040 476 1101 τεκόντος
502 1038 600 1108 τὴν
636 1035 816 1099 δόξαν.
849 1035 965 1087 Οὐκ
1007 1033 1090 1086 ἔτι
1131 1032 1242 1102 γὰρ
1271 1032 1424 1085 ἔσται
1456 1031 1648 1103 Πατὴρ
1687 1030 1806 1082 κατ’

228 1129 488 1199 ἀλήθειαν
535 1131 564 1180 6
605 1128 818 1198 Πατήρ.
881 1126 939 1179 Ὀ
987 1125 1096 1196 γάρ
1140 1124 1218 1194 μὴ
1265 1124 1532 1193 γεννήσας
1571 1121 1704 1183 ὅλως
1749 1120 1808 1185 ἐξ

227 1219 448 1285 ἑαυτοῦ,
483 1220 625 1282 τίνος
679 1218 747 1272 ἂν
803 1216 890 1287 εἴη
941 1220 1085 1270 κατὰ
1140 1215 1304 1284 φύσιν
1357 1215 1574 1285 πατήρ;
1627 1210 1806 1264 Ψευδ-

227 1307 444 1379 ώνυμος
476 1305 567 1362 οῦν
590 1309 697 1378 ἄρα
741 1306 1020 1370 παντελῶς
1049 1307 1083 1375 ἡ
1121 1305 1253 1374 ἀγία
1293 1305 1496 1376 Τριὰς,
1535 1304 1671 1373 μήτε
1711 1301 1806 1354 τοῦ

226 1401 445 1472 Πατρός
469 1400 624 1463 ὄντος
651 1399 794 1454 κατά
823 1397 1085 1468 ἀλήθειαν
1115 1397 1351 1466 Πατρδς,
1386 1397 1522 1466 μήτε
1546 1397 1652 1465 μὴν
1674 1393 1807 1447 Υἱοῦ

225 1491 376 1545 κατὰ
404 1491 565 1560 φύσιν
598 1490 692 1544 τοῦ
728 1489 886 1543 Υίοῦ·
922 1489 1284 1560 ἀκολουθήσει
1315 1488 1372 1541 δὲ
1403 1486 1683 1554 ἀναλόγως
1727 1485 1808 1556 τῷ

225 1585 554 1656 θεωρήματι
592 1583 687 1637 καὶ
729 1585 762 1654 ἡ
809 1582 953 1636 κατά
997 1581 1094 1635 τοῦ
1148 1581 1461 1651 Πνεύματος
1505 1578 1806 1649 δυσφημία.

223 1675 445 1731 Οὐκοῦν
499 1673 852 1746 ἠπατήμεθα,
900 1675 994 1727 καὶ
1038 1672 1350 1743 διέψευσται
1390 1671 1488 1742 μὲν
1513 1673 1546 1740 ὴ
1584 1670 1805 1730 πίστις·

221 1765 565 1836 ψευδομυθεῖ
595 1765 652 1817 δὲ
681 1767 713 1834 ἡ
748 1765 879 1832 ἁγία
921 1763 1112 1834 Γραφὴ
1133 1802 1148 1826 ,
1195 1761 1413 1833 Πατέρα
1442 1759 1686 1814 καλοῦσα
1716 1759 1808 1812 τὸν

225 1857 394 1911 Θεόν·
426 1857 519 1909 καὶ
547 1857 594 1908 εί
629 1857 705 1926 μή
734 1857 849 1908 ἐστι
885 1854 1022 1908 κατά
1051 1854 1212 1923 φύσιν
1247 1853 1380 1916 Θεὸς
1405 1855 1432 1905 ὁ
1462 1851 1609 1915 Υἱὸς,
1644 1851 1718 1915 ὼς
1745 1852 1810 1905 ὲκ

227 1946 367 1999 Θεοῦ
391 1945 483 1998 καὶ
507 1944 723 2014 Πατρὸς
750 1943 1051 2014 γεννηθεὶς,
1079 1941 1476 2012 πεπλανήμεθα
1504 1941 1603 2011 μὲν
1628 1941 1808 2011 ήμεῖς,

233 2036 690 2107 συμπεπλάνηται
722 2035 780 2088 δὲ
809 2037 921 2096 τοῖς
945 2033 1037 2087 ἐπὶ
1059 2035 1156 2104 τῆς
1193 2033 1299 2103 γῆς
1321 2033 1416 2086 καὶ
1439 2034 1473 2104 ή
1497 2032 1609 2086 ἀνω
1634 2032 1810 2100 πόλις,

231 2127 330 2181 καὶ
358 2129 392 2197 ἡ
421 2126 529 2180 τῶν
554 2127 619 2195 ἀγ
632 2127 727 2180 ίων
757 2127 1007 2195 ἀγγέλων
1052 2127 1416 2197 καθαρωτάτη
1464 2124 1696 2196 πληθὺς,
1729 2123 1811 2195 τῷ

235 2219 381 2272 κατά
426 2219 584 2286 φύσιν
614 2217 732 2290 Θεῷ
776 2217 1176 2283 συνδοξάζουσά
1217 2235 1277 2271 τε
1326 2218 1424 2272 καὶ
1463 2233 1810 2288 συμπροσκυ-

238 2307 426 2371 νοῦσα,
460 2309 554 2362 καὶ
591 2310 691 2362 οὐκ
717 2305 814 2363 οἶδ’
841 2309 990 2374 ὅπως
1018 2309 1320 2378 δοξολογεῖν
1361 2307 1808 2376 ἀναπεπεισμένη

242 2397 498 2470 θεοφόρον
536 2417 590 2452 τι
623 2399 831 2463 σκεῦος,
861 2401 957 2454 καὶ
985 2399 1096 2453 τῶν
1118 2400 1440 2470 ποιημάτων
1461 2398 1540 2464 ἒν,
1572 2397 1715 2450 κατά
1744 2413 1809 2466 γε

242 2488 342 2558 τὴν
378 2487 599 2541 ἐκείνων
631 2487 977 2560 ἀϐελτηρίαν,
1011 2487 1176 2559 φημί.
1209 2489 1270 2541 El
1314 2487 1370 2540 δὲ
1403 2486 1642 2556 βούλοιτό
1680 2501 1810 2538 ποτε

239 2579 340 2647 τῆς
372 2578 450 2638 είς
486 2577 573 2630 τὸν
604 2577 728 2630 Υίὸν
768 2579 1004 2648 σχέσεως
1042 2579 1135 2630 καὶ
1172 2579 1272 2648 τῆς
1314 2577 1640 2647 ἐνοικήσεως
1683 2576 1810 2628 ἀναν

233 2670 437 2738 χωρεῖν
470 2667 499 2719 ὁ
544 2668 727 2739 Πατὴρ
753 2711 768 2736 ,
797 2670 946 2723 οὐδὲν
982 2667 1172 2721 διοίσει
1203 2669 1342 2738 τάχα
1376 2669 1485 2720 τῶν
1517 2665 1809 2738 διωλισθη-

231 2756 406 2808 κότων
434 2757 532 2826 τῆς
563 2756 694 2822 ιδίας
719 2761 894 2830 ἀρχῆς
918 2799 934 2823 ,
981 2759 1111 2812 ἴδιον
1153 2755 1252 2829 μὲν
1279 2759 1417 2828 ἔχων
1448 2757 1601 2811 οὐδὲν
1623 2799 1638 2823 ,
1683 2756 1807 2810 οῦτε

231 2848 341 2918 μὴν
370 2849 427 2900 ἐν
459 2849 562 2919 ἰδίᾳ
599 2849 758 2919 φύσει
803 2840 896 2905 τδν
925 2853 1265 2922 γεννήσαντα
1308 2851 1512 2922 φέρων,
1545 2851 1722 2903 πάντα
1753 2849 1809 2902 δὲ

229 2938 434 3007 μᾶλλον
466 2939 728 3011 ὑπάρχων
761 2942 830 2996 τὰ
875 2941 998 2995 καθ’
1028 2945 1212 3012 ἡμᾶς,
1255 2943 1349 2994 κα)⁸
1395 2943 1534 3012 μόνῃ
1580 2943 1646 3010 τῇ
1691 2939 1810 3010 θεία

224 3027 592 3099 νευρούμενος
633 3031 854 3100 χάριτι,
883 3031 1020 3110 ἀλλὰ
1053 3032 1147 3084 κα)⁸
1184 3030 1263 3101 τῷ
1291 3033 1390 3102 τῆς
1425 3032 1666 3101 υἱότητος
1697 3030 1811 3082 ὀνό-

225 3135 362 3187 ματι
399 3119 520 3189 μεθ’
558 3121 714 3190 ἡμῶν
743 3123 1128 3193 τετιμημένος.
1167 3121 1232 3174 Τί
1257 3116 1349 3175 οὖν
1371 3161 1385 3187 ,
1417 3121 1539 3173 εἰπέ
1578 3138 1701 3190 μοι,
1736 3121 1810 3191 μὴ

220 3214 318 3266 καὶ
371 3213 538 3277 αὐτὸς
589 3213 693 3267 σὺν
727 3217 858 3285 ήμῖν
899 3215 999 3285 τὴν
1051 3214 1259 3268 οἰκείαν
1306 3214 1559 3284 ὁμολογεῖ
1608 3214 1807 3282 φύσιν;

217 3302 368 3356 διατι
413 3304 470 3356 δὲ
514 3306 676 3375 ἡμεῖς
707 3305 1072 3376 ἀπολλύμενοι
1115 3304 1207 3358 τὸν
1242 3305 1450 3369 αἰῶνα,
1503 3305 1597 3357 καὶ
1648 3304 1809 3367 αὐτὸς

215 3392 540 3463 καθήμενος
578 3393 670 3446 τὸν
699 3393 903 3462 αἰῶνα;
934 3395 1028 3448 τοῦ
1079 3395 1136 3447 δὲ
1183 3395 1247 3465 δὴ
1297 3395 1457 3465 χάριν
1498 3397 1663 3464 ἡμεῖς
1711 3394 1809 3465 μὲν

210 3483 458 3551 οἰκέται,
497 3484 689 3554 κύριος
729 3485 786 3537 δὲ
827 3487 1024 3551 αὐτός;
1073 3485 1142 3538 El.
1176 3484 1284 3555 γὰρ
1328 3486 1421 3538 καὶ⁴
1455 3486 1562 3538 υἱοὶ
1608 3485 1807 3556 κεκλή-

213 3575 368 3646 μεθα
403 3576 578 3639 θεοῦ,
618 3575 718 3647 τὴν
775 3577 910 3632 ίδίαν
961 3579 1124 3648 φύσιν
1171 3580 1321 3632 οὐδὲν
1363 3575 1524 3651 ἧττον
1556 3578 1811 3646 ἐπιγινώ-

209 3684 479 3730 σκοντες,
504 3668 605 3719 οῦκ
636 3669 999 3738 αἰσχυνόμεθα
1036 3668 1134 3739 τὴν
1167 3668 1322 3734 δόξαν
1347 3685 1359 3698 ·
1391 3670 1553 3730 αὐτὸς
1581 3667 1660 3732 δὲ,
1690 3669 1811 3720 εἰπέ

211 3773 336 3824 μοι,
366 3756 465 3807 διὰ
488 3756 650 3808 ποίαν
674 3757 867 3822 αἰτίαν,
895 3757 1050 3826 εἴπερ
1081 3757 1198 3809 ἐστὶ
1227 3757 1346 3810 καθ’
1371 3759 1539 3827 ἡμᾶς,
1570 3757 1662 3810 καὶ
1690 3757 1809 3810 κατ’

204 3850 382 3903 οὐδὲν
432 3849 541 3902 τῶν
575 3853 888 3922 κτισμάτων
937 3855 994 3905 ἐν
1034 3852 1310 3921 ἀμείνοσι,
1359 3850 1500 3905 κατά
1533 3868 1595 3919 γε
1628 3851 1688 3903 τὸ
1735 3851 1809 3922 μὴ

206 3937 368 3995 εἶναι
403 3941 548 3993 κατά
577 3939 737 4009 φύσιν
775 3941 906 4005 Θεὸς
952 3941 1143 4012 (τοῦτο
1183 3943 1291 4012 γὰρ
1321 3944 1433 4004 τοῖς
1463 3941 1807 4006 ἀπαιδεύτοις

199 4033 432 4101 δοκεῖ),
463 4031 515 4083 τί
541 4033 616 4102 μὴ
662 4032 780 4102 μεθ’
805 4035 836 4104 ή
847 4033 962 4103 μῶν
987 4034 1238 4104 ὁμολογεῖ
1263 4033 1359 4104 τὴν
1387 4033 1664 4100 δουλείαν;
1696 4033 1807 4106 Τήν

199 4126 263 4178 δὲ
289 4124 631 4196 πρέπουσαν
658 4125 752 4176 καὶ
789 4125 1152 4197 ἀνακειμένην
1194 4125 1374 4188 ίδικῶς
1398 4127 1465 4196 τῇ
1491 4125 1614 4197 θεία
1644 4125 1805 4196 φύσει

198 4218 381 4286 τιμήν
419 4231 484 4267 τε
525 4215 621 4268 καὶ
646 4214 804 4281 δόξαν
837 4216 1011 4287 ἐαυτῷ
1037 4216 1282 4286 περιθεὶς
1305 4257 1321 4282 ,
1351 4220 1463 4280 τοῖς
1493 4219 1668 4286 ἁγίοις
1699 4235 1806 4288 μα-

199 4308 406 4378 θηταῖς
450 4307 768 4377 εὐρίσκεται
817 4307 989 4377 λέγων
1021 4323 1036 4338 ·
1079 4328 1097 4360 t
1159 4310 1348 4380 Ὑμεῖς
1392 4312 1606 4364 καλεῖτὲ
1641 4328 1729 4382 με,
1775 4313 1805 4365 6

196 4397 423 4468 Κύριος
467 4398 568 4449 καὶ
600 4398 629 4448 ὁ
665 4397 1025 4466 Διδάσκαλος,
1073 4401 1167 4455 καὶ
1197 4401 1379 4464 καλῶς
1424 4402 1611 4470 λέγετε
1638 4419 1651 4433 ο
1687 4403 1805 4473 εἰμὶ

1907 570 2130 627 futurus
2157 584 2262 628 est.
2289 572 2424 628 Nam
2447 574 2539 643 qui
2574 574 2800 630 omnino
2822 590 2888 629 ex
2921 576 3104 645 seipso
3127 590 3236 630 non
3277 577 3487 645 genuit,

1907 664 2197 734 cujusnam
2236 667 2541 721 secundum
2572 677 2827 722 naturam
2854 675 3010 738 pater
3034 668 3180 723 erit?
3205 667 3366 723 Falso
3386 669 3489 722 ita-

1906 773 2015 826 que
2047 766 2241 813 sancta
2277 751 2524 814 Trinitas
2567 774 2796 829 prorsus
2835 759 3177 824 nominatur,
3215 761 3261 815 si
3310 777 3489 830 neque

1907 849 2068 904 Pater
2099 849 2172 905 sit
2195 865 2264 904 ex
2294 850 2374 904 rei
2410 851 2646 905 veritate
2680 849 2866 914 Pater,
2900 865 3078 919 neque
3117 865 3282 919 porro
3317 849 3490 906 Filius

1909 941 1980 996 sit
2009 944 2312 998 secundum
2341 950 2598 998 naturam
2627 941 2798 998 Filius
2825 961 2839 996 :
2867 951 2923 998 et
2950 951 3356 1012 consequenter
3375 945 3490 1014 pia-

1908 1036 2095 1089 culum
2127 1034 2272 1089 istud
2306 1035 2413 1090 erit
2453 1051 2674 1106 quoque
2712 1035 2981 1091 adversus
3024 1035 3309 1106 Spiritum.
3345 1033 3524 1100 Quo?

1908 1128 2061 1181 circa
2102 1126 2312 1196 decepti
2353 1142 2570 1188 sumus,
2603 1135 2658 1182 et
2689 1125 2896 1181 lrustra
2935 1135 3020 1181 est
3055 1126 3188 1181 ﬁdes
3221 1145 3234 1180 :
3273 1129 3403 1197 quin
3439 1137 3492 1180 et

1911 1216 2194 1286 Scriptura
2257 1227 2448 1274 sancta
2511 1219 2810 1282 mentitur,
2875 1233 2996 1288 qua;
3059 1217 3276 1273 Patrem
3331 1226 3490 1272 vorat

1909 1307 2079 1363 Deum
2112 1325 2124 1360 :
2157 1318 2230 1370 ct,
2252 1309 2300 1363 si
2327 1324 2435 1363 non
2476 1318 2561 1364 est
2590 1309 2894 1364 secundum
2929 1319 3182 1363 naturam
3224 1308 3368 1364 Deus
3400 1309 3491 1365 Fi-

1909 1402 2038 1466 lius,
2070 1409 2128 1455 ut
2151 1417 2218 1456 ex
2247 1399 2359 1456 Deo
2394 1409 2450 1456 et
2486 1399 2648 1455 Patre
2673 1401 2918 1471 genitus,
2950 1417 3051 1456 nos
3090 1402 3310 1471 quidem
3349 1401 3489 1455 falli-

1910 1508 2050 1558 mur,
2077 1501 2132 1547 et
2164 1507 2271 1546 una
2301 1507 2428 1547 cum
2454 1492 2773 1548 hominibus
2805 1507 3046 1562 superna
3077 1491 3173 1546 illa
3214 1493 3410 1548 civitas
3436 1502 3492 1547 ct

1910 1593 2231 1639 sanctorum
2260 1583 2581 1654 angelorum
2626 1582 2930 1653 purissima
2962 1583 3164 1637 cohors
3194 1582 3488 1652 decipitur,

1911 1689 2031 1742 qua:
2067 1672 2235 1728 Deum
2265 1674 2574 1730 secundum
2609 1681 2864 1726 naturam
2899 1671 3182 1727 nobiscum
3218 1671 3492 1741 gloriﬁcat

1912 1773 1965 1820 et
1995 1764 2210 1829 adorat,
2239 1778 2304 1817 ac
2343 1764 2536 1819 nescio
2577 1761 2854 1832 quomodo
2903 1759 3128 1814 inducta
3172 1767 3256 1814 est
3285 1768 3344 1814 ut
3377 1761 3493 1814 dei-

1843 1823 1884 1876 B
1913 1854 2088 1910 ferum
2129 1855 2401 1925 quoddam
2443 1869 2538 1908 vas
2581 1823 2638 1908 et
2672 1860 3056 1907 creaturarum
3105 1865 3297 1914 unam,
3333 1851 3493 1919 juxta

1911 1946 2134 1999 stultam
2176 1945 2562 2000 haereticorum
2605 1943 2969 2004 sententiam,
3010 1941 3302 2011 gloriﬁcet.
3333 1941 3493 2006 Quod

1910 2037 1956 2091 si
1997 2033 2155 2090 Pater
2195 2048 2441 2104 unquam
2477 2033 2546 2086 ab
2580 2033 2672 2086 illa
2703 2031 3099 2101 conjunctione
3135 2038 3189 2084 et
3219 2031 3493 2084 inhabita-

1910 2129 2062 2182 tione
2095 2142 2219 2182 cum
2251 2125 2394 2180 Filio
2418 2125 2676 2181 recedere
2700 2124 2852 2188 velit,
2879 2123 3018 2177 nihil
3045 2123 3237 2192 utique
3264 2121 3492 2176 distabit

1908 2219 1976 2274 ab
2020 2219 2089 2273 iis
2127 2217 2220 2288 qui
2267 2217 2592 2272 exciderunt
2633 2230 2740 2270 suo
2778 2215 3097 2285 principatu
3121 2252 3136 2277 ,
3175 2212 3314 2266 nihil
3361 2227 3494 2283 pro-

1905 2313 2082 2382 prium
2112 2310 2342 2372 habens,
2371 2323 2474 2364 nec
2505 2308 2562 2362 in
2584 2321 2686 2363 sua
2712 2317 2913 2361 natura
2936 2304 3252 2361 Genitorem
3281 2303 3493 2369 ferens,

1909 2401 2002 2456 sed
2028 2399 2084 2454 in
2107 2399 2366 2455 omnibus
2399 2398 2578 2454 nostri
2613 2397 2816 2452 similis
2852 2397 3155 2460 exsistens,
3179 2405 3233 2450 et
3257 2395 3373 2450 sola
3399 2394 3491 2449 di-

1906 2491 2033 2546 vina
2077 2491 2372 2546 roboratus
2409 2490 2624 2560 gratia,
2663 2488 2801 2543 adde
2840 2497 2893 2542 et
2939 2487 3226 2543 ﬁliationis
3267 2485 3490 2540 nomine

1908 2585 2198 2640 nobiscum
2235 2591 2484 2640 ornatus.
2513 2581 2715 2648 Quidni
2763 2581 2951 2651 igitur,
2987 2596 3206 2651 quat-so,
3246 2580 3416 2635 etiam
3445 2581 3497 2634 is

1907 2677 2197 2731 nobiscum
2230 2689 2389 2732 suam
2413 2673 2710 2729 conﬁtetur
2737 2672 3037 2726 naturam?
3061 2680 3155 2726 aut
3181 2687 3283 2726 cur
3304 2686 3406 2727 nos
3432 2672 3494 2726 in

1910 2767 2112 2822 saeculo
2155 2766 2423 2836 perimus,
2454 2765 2572 2835 ipse
2623 2779 2756 2819 vero
2791 2764 3000 2818 saeculo
3044 2763 3285 2819 insidet?
3323 2778 3492 2832 quam

1909 2859 1980 2913 ob
2022 2873 2248 2913 causam
2281 2873 2385 2913 nos
2435 2856 2655 2921 famuli,
2701 2856 2817 2925 ipsc
2848 2869 2980 2908 vero
3025 2853 3339 2908 Dominus?
3369 2852 3491 2907 Etsi

1910 2952 2057 3007 enim
2102 2950 2197 3005 ﬁlii
2229 2965 2616 3018 nuncupemur
2651 2948 2780 3013 Dei,
2812 2947 3178 3002 nihilominus
3235 2953 3490 2999 naturam

1910 3050 2158 3096 nostram
2211 3047 2602 3111 agnoscentes,
2627 3039 2861 3109 gloriam
2900 3053 3008 3091 non
3039 3037 3425 3091 erubescimus
3444 3039 3493 3089 9.

1838 3171 1880 3225 Ο
1913 3129 2035 3201 lpse
2063 3146 2192 3186 vero
2215 3131 2262 3186 si
2282 3131 2444 3186 nobis
2472 3138 2556 3186 est
2589 3130 2819 3194 similis,
2862 3144 2964 3184 nee
2995 3130 3115 3184 ullo
3135 3129 3303 3185 modo
3333 3145 3492 3185 crea-

1915 3221 2056 3275 turis
2077 3222 2356 3289 superior,
2387 3220 2441 3273 in
2462 3229 2730 3289 quantum
2752 3227 2961 3273 nonest
2982 3227 3178 3271 natura
3201 3217 3345 3272 Deus
3365 3219 3495 3288 (hoc.

1912 3312 2058 3367 enim
2106 3311 2349 3380 imperiti
2393 3310 2688 3381 sentiunt),
2719 3309 2919 3379 quidni
2959 3309 3281 3364 servitutem
3312 3307 3496 3360 nobis-

1912 3417 2036 3457 cum
2072 3402 2394 3471 proﬁtetur?
2419 3402 2528 3458 Sed
2565 3402 2988 3456 convenientem
3031 3399 3252 3468 proprie
3280 3405 3498 3453 natura}

1913 3493 2110 3549 divinae
2159 3493 2425 3548 honorem
2471 3500 2525 3548 et
2569 3493 2799 3563 gloriam
2853 3491 2958 3545 sibi
3015 3489 3329 3552 vindicans,
3376 3490 3499 3544 'suis

1911 3585 2198 3655 discipulis
2227 3585 2414 3640 dicere
2441 3585 2720 3654 reperitur
2747 3603 2763 3637 :
2799 3601 2816 3634 ι
2848 3581 2961 3637 Vos
2990 3583 3204 3636 vocatis
3235 3597 3340 3643 me,
3378 3580 3493 3634 Ma-

1911 3678 2084 3746 gister
2109 3685 2164 3730 et
2190 3673 2418 3730 Domine
2444 3694 2460 3742 ;
2489 3683 2543 3729 et
2571 3675 2711 3730 bene
2733 3674 2921 3728 dicitis
2952 3691 2967 3727 :
3001 3689 3120 3728 sum
3144 3674 3349 3727 etenim
3375 3673 3438 3724 ¹⁰.
3465 3691 3490 3723 ι

1911 3766 2089 3836 Atque
2119 3766 2237 3820 haec
2267 3765 2486 3835 quidem
2515 3764 2769 3820 Salvator
2809 3783 2826 3818 :
2857 3763 2951 3819 sed
2986 3761 3118 3816 boni
3151 3762 3227 3815 illi
3263 3762 3498 3832 dogma-

1911 3864 2027 3912 tum
2058 3859 2443 3914 haereticorum
2481 3857 2816 3926 interpretes
2861 3854 3087 3909 laudant
3118 3853 3337 3924 quidem
3364 3870 3494 3908 eum

1910 3956 2248 4004 asserentem
2274 3965 2337 4003 ac
2363 3949 2641 4003 dicentem
2678 3963 2736 4002 se
2760 3963 2888 4002 vere
2911 3961 3144 4016 prorsus
3166 3945 3354 4000 vocari
3384 3943 3493 4000 Do-

1909 4039 2143 4106 minum,
2177 4039 2272 4094 sed
2300 4053 2330 4092 a
2363 4039 2601 4093 naturali
2630 4038 3005 4093 dominatione
3041 4053 3166 4092 eum
3191 4037 3491 4091 excluden-

1910 4135 1992 4183 tes
2022 4143 2091 4183 ex
2115 4144 2182 4184 eo
2208 4127 2354 4199 quod
2378 4129 2580 4184 nolunt
2597 4143 2722 4184 eum
2755 4127 2924 4182 Deum
2952 4127 3020 4181 de
3042 4125 3153 4181 Deo
3180 4126 3489 4182 secundum

1907 4224 2162 4272 naturam
2200 4217 2484 4282 conﬁteri,
2513 4233 2622 4273 non
2653 4225 2837 4271 tamen
2882 4223 3177 4285 propterea
3225 4214 3330 4270 sibi
3365 4232 3490 4285 per-

1908 4308 2142 4363 suadent
2189 4325 2248 4365 se
2297 4310 2498 4378 piaculi
2549 4308 2637 4363 sui
2689 4307 2926 4377 prodere
2975 4306 3308 4361 fmditatem.
3348 4306 3488 4360 Nam

1907 4401 2051 4470 quod
2115 4416 2217 4456 nec
2273 4402 2327 4454 in
2388 4400 2721 4454 famulorum
2780 4397 3014 4464 ordine,
3063 4412 3165 4453 nec
3223 4397 3277 4451 in
3335 4412 3489 4452 crea-

194 4488 335 4560 γάρ.
379 4507 399 4538 ι
439 4487 559 4541 Καὶ
586 4489 759 4543 ταῦτα
792 4489 890 4559 μὲν
918 4492 946 4542 6
972 4491 1162 4562 Σωτήρ
1186 4507 1201 4522 ο
1237 4494 1288 4545 οἱ
1320 4492 1375 4545 δὲ
1423 4493 1578 4547 καλοί
1617 4510 1674 4547 τε
1706 4495 1801 4546 καὶ

1908 4501 2153 4547 turarum
2207 4507 2436 4547 numero
2482 4491 2742 4545 collocari
2801 4490 2952 4553 velit,
3006 4489 3100 4545 sed
3155 4490 3223 4543 ad
3262 4489 3488 4544 liberta~

194 4580 408 4649 ἀγαθοὶ
448 4578 568 4630 τῶν
609 4579 727 4630 κατ’
775 4579 943 4633 αὐτοῦ
991 4581 1275 4650 δογμάτων
1308 4584 1598 4655 εἰσηγηταὶ
1641 4587 1803 4638 ἐπαι-

192 4671 355 4723 νοῦσι
400 4669 513 4740 μὲν
552 4668 778 4736 λέγοντα
814 4671 910 4726 καὶ
940 4671 1339 4741 διατεινόμενον
1362 4715 1378 4739 ,
1413 4675 1487 4738 ὼς
1513 4676 1600 4745 εῐη
1663 4693 1801 4731 παν-

191 4763 424 4833 αληθῶς
458 4761 806 4831 καλούμενος
838 4759 1065 4833 Κύριος,
1094 4762 1193 4833 τῆς
1234 4762 1290 4815 δὲ
1328 4765 1469 4817 κατὰ
1499 4765 1661 4834 φύσιν
1706 4784 1804 4819 κυ-

193 4858 461 4928 ριότητος
519 4853 856 4920 ἐξωθοῦντες
907 4854 1069 4908 αὐτὸν
1117 4855 1203 4907 διὰ
1257 4855 1349 4908 τοῦ
1395 4857 1468 4927 μὴ
1519 4857 1804 4928 βούλεσθαι

189 4952 329 5004 Θεὸν
356 4952 426 5002 ὲκ
463 4946 611 5002 Θεοῦ
644 4946 786 5000 κατὰ
814 4946 976 5017 φύσιν
1000 4947 1305 5018 ὁμολογεῖν,
1337 4950 1432 5002 καὶ¹
1470 4951 1566 5022 τῆς
1595 4953 1803 5004 ἑαυτῶν

189 5039 502 5111 βδελυρίας
523 5037 598 5090 τὰ
627 5037 843 5090 πάντων
864 5035 1119 5106 αἴσχιστα
1141 5039 1469 5106 κατηγορεῖν
1496 5039 1555 5089 οὺ
1581 5039 1803 5092 πιστεύ-

186 5150 369 5186 ουσιν.
417 5131 555 5184 Ὅτι
602 5127 714 5199 γάρ
757 5129 856 5182 οῦκ
905 5129 963 5182 ἐν
997 5130 1108 5191 τοῖς
1153 5127 1252 5198 τὴν
1308 5128 1562 5200 δουλικὴν
1617 5130 1802 5199 ἔχουσι

187 5223 350 5286 τάξιν
377 5265 392 5287 ,
449 5219 586 5274 οὐδὲ
642 5221 756 5283 τοῖς
809 5220 916 5273 τῶν
979 5219 1282 5287 γεγονότων
1343 5220 1668 5288 κσταλόγοις
1720 5223 1803 5274 ὲν-

187 5315 466 5385 αρίθμιος
522 5308 671 5363 εἶναι
729 5310 1012 5381 βούλεται,
1085 5310 1273 5380 βλέπει
1339 5311 1396 5365 δὲ
1471 5313 1670 5381 μᾶλλον
1723 5317 1803 5378 είς

185 5411 288 5479 τὴν
356 5405 610 5460 ἐνοῦσαν
670 5403 820 5474 αὐτῷ
873 5402 1016 5456 κατὰ
1073 5403 1234 5472 φύσιν
1290 5402 1645 5474 ἐλευθερίαν,
1707 5407 1805 5458 καὶ

185 5504 276 5556 ὅτε
359 5500 610 5570 γέγονεν
676 5498 734 5548 ὲν
806 5497 872 5566 τῇ
953 5494 1047 5548 τοῦ
1122 5495 1308 5548 δούλου
1406 5498 1627 5567 μορφῇ,
1707 5497 1800 5548 καὶ

188 5597 275 5649 διὰ
319 5592 530 5646 τούτου
582 5587 856 5648 συνήσεις.
907 5586 1154 5655 Ἀφίκετο
1190 5585 1288 5655 μὲν
1333 5585 1442 5656 γὰρ
1486 5588 1542 5637 ἐν
1586 5587 1806 5655 Καφαρ-

259 5777 282 5808 ’
318 5775 334 5828 ι
367 5773 544 5827 Jonn.
595 5782 697 5834 ιιι,
734 5767 784 5819 l.
866 5765 908 5797 ’θ
953 5763 1106 5820 Joan.
1147 5763 1379 5826 x1tt,l'5.

1459 5765 1499 5795 ’⁸
1536 5761 1772 5830 Philipp.
1803 5777 1878 5823 tt,
1905 5761 2014 5814 6-8.
2093 5761 2134 5790 ¹²
2170 5758 2360 5811 Matth.
2391 5771 2519 5817 xvtt,
2547 5756 2637 5808 €25.

1911 4594 2016 4637 tem
2067 4582 2250 4652 potius
2299 4589 2510 4650 spectet
2565 4579 2672 4634 sibi
2710 4593 2739 4631 a
2797 4591 2992 4633 natura
3037 4577 3287 4643 insitam,
3319 4578 3486 4632 etiam

1909 4688 2035 4727 cum
2088 4671 2263 4726 factus
2307 4678 2391 4726 est
2430 4671 2485 4723 in
2529 4669 2706 4724 forma
2749 4669 2992 4736 servi“,
3028 4667 3184 4738 791
3236 4669 3323 4722 vel
3360 4668 3487 4720 hinc

1909 4762 2201 4833 intelliges.
2229 4759 2517 4814 Profectus
2545 4769 2630 4815 est
2671 4759 2728 4813 in
2771 4759 3193 4829 Capharnaum,
3228 4758 3377 4812 sicut
3431 4757 3488 4810 in

1909 4853 2220 4924 Evangeliis
2263 4851 2499 4921 legimus
2555 4871 2567 4906 :
2617 4858 2911 4906 exactores
2951 4858 3133 4904 autem
3179 4846 3489 4901 didrachmi

1911 4945 2136 5000 Petrum
2171 4943 2444 4999 adeuntes
2485 4943 2566 4997 sic
2603 4957 2729 4997 eum
2780 4941 3189 5012 compellarunt
3223 4957 3236 4991 :
3273 4955 3290 4988 ι
3318 4936 3485 5007 Magi-

1911 5047 2024 5093 ster
2064 5047 2245 5093 vester
2297 5050 2406 5089 non
2467 5035 2633 5088 solvit
2684 5033 3016 5089 didrachma
3046 5032 3175 5084 l’?»
3226 5027 3344 5082 Hoc
3391 5029 3482 5082 ubi

1910 5129 2165 5184 Christus
2201 5128 2450 5190 rescivit,
2484 5125 2616 5195 quid
2643 5126 2712 5179 ad
2745 5126 2967 5180 Petrum
3000 5120 3370 5191 responderit,
3405 5120 3476 5174 vi-

1910 5218 2041 5272 dere
2078 5225 2165 5272 est
2197 5231 2378 5286 opera:
2420 5216 2659 5285 pretium
2697 5233 2710 5270 :
2749 5234 2766 5266 ι
2793 5214 2971 5284 Reges
3002 5221 3181 5276 terrae,
3216 5225 3244 5262 a
3278 5210 3485 5278 quibus

1904 5308 2186 5378 accipiunt
2218 5322 2466 5370 censum,
2501 5313 2595 5359 aut
2632 5303 2878 5358 tributa?
2908 5316 2937 5355 a
2977 5297 3106 5354 ﬁliis
3140 5287 3278 5360 suis,
3315 5313 3384 5351 an
3413 5297 3482 5350 ab

1904 5399 2098 5453 alienis
2126 5398 2250 5451 "17»
2299 5395 2462 5452 Petro
2509 5405 2692 5449 autem
2756 5393 3036 5462 sapienter
3078 5397 3134 5444 et
3184 5388 3484 5458 prudenter

1907 5490 2206 5546 conﬁtente
2248 5489 2463 5559 legibus
2498 5502 2563 5540 ac
2595 5485 2820 5540 tributis
2850 5499 2974 5538 eum
3017 5484 3317 5537 obnoxium
3359 5496 3484 5537 esse

1911 5587 2133 5649 debere,
2167 5586 2260 5654 qui
2307 5599 2476 5655 regno
2508 5597 2608 5635 nec
2660 5594 2859 5650 genere
2911 5594 3012 5631 nec
3066 5577 3174 5629 alio
3221 5575 3380 5630 modo
3408 5573 3480 5635 sit

2719 5755 2761 5785 ¹³
2795 5752 2926 5807 ibid.
2961 5755 3048 5807 ΕΜ.
