4076 6270
559 373 665 430 I27

1586 375 1645 431 S.
1684 369 1965 431 CYRILLI
2003 372 2478 431 ALEXANDRIM
2524 368 2850 457 ΑΠΟΡῌΕΡ.

3740 370 3852 428 228

563 482 876 555 proximus,
911 485 1094 542 statim
1138 484 1429 555 subiunxit
1469 484 1750 550 Christus,
1790 485 1903 541 Deo
1939 497 2143 539 conve-

2260 485 2442 556 ναοὺμ,
2473 486 2727 557 καθάπερ
2767 489 2829 540 ἐν
2863 486 2977 551 τοῖς
3017 484 3374 555 Εὐαγγελίοις
3403 484 3757 556 ἀνέγνωμεν·
3796 485 3848 541 oi

566 577 733 632 triens
776 577 1153 633 testimonium
1206 577 1313 632 sibi
1359 577 1617 632 tribuens
1660 593 1676 630 :
1732 596 1756 629 ι
1790 575 1941 648 ΕΙ·εο
1984 575 2145 631 liberi

565 676 697 723 sunt
734 668 927 724 lilii“.
972 687 999 720 ν
1034 667 1193 734 Quod
1224 669 1271 724 si
1307 684 1615 726 conservus
1649 677 1756 736 est,
1787 684 1853 725 ac
1899 684 2021 724 non
2055 667 2146 723 Fi-

565 762 674 816 lius
708 777 835 818 vene
866 777 937 815 ex
963 760 1153 817 Patris
1191 762 1508 817 substantia
1542 745 1795 833 génitus,
1831 776 2012 833 neque
2048 774 2137 815 na

563 851 801 905 turalem
853 850 1066 907 balteus
1106 869 1232 908 cum
1289 851 1453 908 Patre
1508 852 1993 924 coniunctionem,
2046 867 2148 908 cur

562 944 707 999 alios
782 960 989 1001 omnes
1080 946 1317 1001 tributis
1361 946 1633 1001 obnoxios
1679 945 1914 1012 iaciens,
1946 952 2011 1000 ut
2050 945 2145 1016 qui

562 1036 731 1091 alieni
782 1050 893 1091 non
941 1038 1056 1091 sint
1104 1047 1300 1092 natura
1352 1038 1423 1092 ab
1460 1037 1967 1111 exactoretributi
2005 1038 2143 1092 etin

562 1144 851 1185 servor-um
889 1130 1009 1184 loco
1051 1116 1383 1200 positi,'sibi
1415 1130 1510 1185 uni
1543 1130 1852 1185 libertatem
1896 1129 2147 1185 vindica-

563 1221 677 1276 vit?
708 1221 954 1277 Abusive
990 1223 1201 1277 etenim
1248 1223 1321 1277 de
1356 1223 1524 1278 nobis
1554 1223 1817 1277 dicuntur
1860 1237 1982 1291 qua:
2023 1239 2149 1293 pro-

560 1310 683 1381 prie
712 1325 779 1365 ac
802 1326 930 1367 vere
950 1310 1145 1366 deitati
1175 1319 1489 1382 congruunt
1519 1313 1681 1382 eique
1706 1327 1898 1367 [ονομα
1933 1313 2148 1378 insunt,

564 1403 644 1458 ita
668 1412 729 1458 ut
758 1403 805 1459 si
834 1404 966 1474 quis
995 1413 1385 1459 creaturarum
1424 1413 1679 1458 nauta-am
1727 1417 1986 1461 accurate
2017 1421 2150 1460 con-

565 1495 798 1562 sideret,
833 1496 1119 1553 servitutis
1160 1497 1349 1567 utique
1392 1513 1601 1553 nomen
1648 1512 1714 1553 ae
1755 1513 1871 1553 rem
1918 1499 1975 1554 ei
2014 1513 2151 1552 con-

563 1589 758 1644 venire
814 1588 1098 1659 imprimis
1144 1590 1470 1660 comperiat.
1517 1588 1616 1645 Sin
1662 1598 1859 1645 autem-
1895 1598 2147 1647 nostrum

564 1680 738 1751 aliqui
773 1679 1049 1736 libertatis
1091 1681 1265 1750 gloria
1309 1682 1556 1738 decenti
1589 1689 1742 1748 sunt,
1776 1682 2005 1738 abusive
2051 1680 2150 1734 ha-

565 1772 699 1828 bent
741 1771 888 1841 quod
930 1772 1056 1827 Deo-
1076 1773 1180 1828 soli
1222 1774 1473 1830 debetur;
1505 1774 1682 1831 Purro
1734 1776 1970 1831 libenter
2003 1775 2149 1829 id'ex

2245 577 2305 631 δέ
2350 577 2445 632 τοῦ
2498 579 2642 634 κατὰ
2694 577 2859 648 νόμον
2905 577 3201 648 διδράχμου
3256 576 3589 648 πράκτορες,
3650 574 3851 649 Πέτρῳ

2246 669 2565 741 προσιόντες
2604 668 2873 738 ἔφασκονο
2904 686 2923 721 ι
2973 671 3035 722 ’Θ
3063 668 3383 732 διδάσκαλος
3421 667 3578 740 ὑμῶν
3604 670 3665 721 οὐ
3699 671 3851 724 τελεῖ

2246 758 2308 812 τὸ
2331 758 2659 831 δίδραχμον;
2688 782 2706 813 ι
2730 762 2838 815 Καὶ
2852 761 3040 833 ἐπειδὴ
3067 761 3226 815 τοῦτο
3272 760 3509 831 Χριστὸς
3538 759 3846 826 διεπύθετο,

2246 849 2300 902 τί
2316 850 2454 921 πρὸς
2474 851 2565 905 τὸν
2590 852 2799 922 Πέτρον
2819 852 3177 923 ἀπεκρίνατο,
3207 851 3417 905 δίκαιον
3446 846 3540 905 οῦν
3561 850 3714 905 ίδεῖν.
3743 870 3766 902 ‹
3783 855 3849 905 Οἱ

2250 941 2498 1012 βασιλεῖς.
2541 944 2644 1015 τῆς
2675 945 2800 1014 γῆς.
2834 944 2942 997 ἀπὸ
2990 943 3155 997 τίνων
3208 940 3549 1014 λαμϐάνουσι
3581 943 3784 1013 κῆνσον
3812 944 3845 1015 ἢ

2248 1033 2376 1104 τέλη
2403 1051 2417 1100 ;
2451 1034 2567 1087 ἀπὸ
2584 1033 2707 1088 τῶν
2726 1033 2878 1100 υίῶν,
2909 1034 2943 1106 ἢ
2978 1035 3087 1087 ἀπὸ
3105 1033 3215 1087 τῶν
3240 1033 3540 1104 ἀλλοτρίων
3565 1052 3614 1100 ς»
3650 1032 3758 1086 Τοῦ
3791 1033 3850 1085 δὲ

2249 1125 2355 1177 Illi-5'.
2366 1141 2459 1196 ρου
2489 1125 2667 1194 σοφῶς
2694 1143 2753 1180 τε
2776 1126 2871 1179 καὶ
2897 1125 3166 1196 νουνεχῶς
3196 1126 3289 1180 τὸν
3319 1127 3419 1196 τῆς
3444 1124 3723 1195 βασιλείας
3750 1124 3849 1177 άλ-

2250 1204 2493 1289 λότριονν
2511 1218 2743 1282 ὅσον-εἰς
2771 1218 2928 1287 γένος
2960 1219 3054 1273 καὶ
3082 1219 3190 1289 τὴν
3206 1217 3339 1298 ,καθ’
3362 1218 3511 1288 ἡμᾶς
3541 1217 3846 1287 νοουμένην

2250 1310 2613 1379 ἀγχιστείαν,
2671 1309 2996 1364 ὑποκεῖσθαι
3044 1310 3163 1363 δεῖν·
3206 1312 3320 1372 τοῖς
3381 1310 3606 1381 θεσμοῖς
3652 1310 3684 1381 ἢ
3732 1312 3848 1373 τοῖς

2250 1402 2459 1457 τέλεσιν
2491 1401 2951 1474 ὁμολογήσαντος,
2997 1400 3161 1467 εὐθὺς
3211 1404 3493 1475 ἐπήγαγεν
3532 1403 3562 1455 6
3589 1401 3844 1473 Χριστὸς,

2251 1494 2427 1566 ἐαυτῷ
2464 1495 2563 1566 τὴν
2591 1495 2870 1567 θεοπρεπῆ
2910 1496 3216 1567 μαρτυρίαν
3245 1496 3322 1559 ὡς
3362 1494 3582 1566 ἀληθῶς
3619 1494 3847 1547 ἐνοῦσαν

2251 1586 2597 1656 προσνέμων·
2631 1586 2817 1655 «Ἄρα
2844 1600 2910 1653 γε
2948 1583 3226 1655 ἐλεύθεροί
3255 1585 3393 1637 εἰσιν
3410 1585 3458 1637 οἱ
3489 1582 3617 1635 υίοί.
3653 1601 3671 1631 ι
3702 1583 3764 1636 Εἰ
3787 1582 3845 1635 δὲ

2249 1666 2319 1743 ἦν
2335 1670 2640 1741 ὀμόδουλος,
2666 1674 2762 1725 καὶ
2774 1672 2874 1743 οὐχ
2905 1672 3030 1736 Υἱὸς
3050 1672 3265 1743 ἀληθῶς
3294 1672 3360 1724 ἐκ
3382 1672 3485 1742 τῆς
3514 1671 3608 1725 τοῦ
3633 1671 3845 1742 Πατρὸς

2252 1763 2440 1826 οὐσίας
2478 1763 2897 1834 γεγεννημένος,
2924 1764 3046 1816 οὐδὲ
3094 1763 3327 1834 φυσικὴν
3377 1764 3518 1835 ἔχων
3573 1762 3712 1833 πρὸς
3754 1762 3846 1814 τὸν

566 1862 650 1919 eis
684 1862 961 1918 sciscitari
993 1864 1183 1930 velint,
1211 1881 1344 1921 num
1375 1866 1648 1922 deiferum
1678 1866 1911 1922 Paulum
1947 1866 2149 1922 dicturi

2260 1855 2477 1908 τεκόντα
2506 1855 2606 1927 τὴν
2637 1856 2964 1926 οἰκειότητα,
2989 1855 3042 1909 τί
3080 1855 3208 1918 τοὺς
3245 1855 3437 1918 ἄλλους
3462 1856 3710 1917 ἅπαντας
3736 1854 3845 1916 τοῖς

570 1954 705 2018 sint,
729 1956 876 2024 quod
911 1955 1175 2013 Christus
1202 1957 1475 2015 inhabitet
1507 1960 1563 2015 in
1592 1974 1660 2016 eo
1699 1975 1799 2030 per
1820 1975 1980 2016 suum
2026 1955 2165 2030 Spi-‘

569 2046 741 2100 ritum
779 2064 793 2101 :
825 2060 894 2100 an
919 2056 975 2101 et
1004 2048 1108 2103 hoc
1143 2057 1422 2119 negantes
1453 2050 1750 2106 inliciaturi
1786 2051 1919 2106 sint.
1943 2048 2079 2105 Nam
2106 2051 2153 2106 si

567 2151 760 2193 revera
810 2138 1082 2194 deil‘erum
1143 2154 1255 2196 non
1297 2156 1422 2198 esse
1471 2143 1699 2209 dicent,
1759 2144 1967 2216 utique'
2002 2143 2154 2200 istud

568 2228 806 2285 sufficiet
867 2240 941 2285 ut.
973 2233 1243 2289 omnibus
1276 2235 1656 2304 persuadeant
1689 2238 2023 2308 rejiciendas
2060 2254 2155 2293 eo-

567 2335 693 2375 rum
739 2337 879 2377 esse'
908 2338 1087 2394 nugas
1130 2337 1183 2380 et
1218 2340 1440 2383 summo
1471 2329 1601 2383 odio
1629 2328 1935 2397 habendas,
1969 2341 2029 2384 ut
2058 2331 2157 2401 qui

567 2410 719 2465 nibii
755 2414 996 2468 absurdi-
1027 2417 1109 2469 sit'
1144 2417 1294 2487 quod
1323 2419 1575 2489 proferre
1607 2430 1886 2477 recusent.
1922 2420 2018 2477 Sin
2051 2438 2153 2478 au-

569 2513 678 2557 tem
716 2503 820 2557 hoc
852 2504 1131 2573 fugientes
1164 2509 1230 2562 ad
1261 2524 1459 2565 verum
1496 2511 1794 2567 dicendum
1827 2524 2156 2570 convertan-

571 2599 689 2657 tur,
724 2607 790 2647 ac
840 2609 971 2649 vere
1003 2596 1281 2651 deiferum
1312 2615 1440 2653 eum
1488 2600 1826 2666 fatebuntur,
1861 2614 2157 2674 propterea

464 2712 473 2720 -
570 2682 721 2751 quod
755 2682 899 2739 Deus
943 2684 1166 2755 in-ipso-
1202 2684 1433 2751 habitet,
1461 2686 1767 2758 quomod'o’
1786 2705 1894 2745 non
1940 2706 2161 2747 summa

573 2792 698 2831 cum
741 2776 1026 2847 impietate
1075 2778 1262 2835 dicere
1301 2791 1681 2851 arguentur‘a'
1719 2784 1813 2839 Dei
1867 2799 1933 2840 ac
1966 2784 2161 2842 Patris

577 2869 892 2925 substantia
932 2871 1185 2925 alienum
1209 2887 1349 2929 esse
1386 2872 1637 2929 Filium“?
1674 2871 1794 2931 Non
1842 2877 1955 2947 jam
2011 2879 2158 2933 enim

574 2957 750 3014 deifer
781 2968 866 3015 est
906 2960 1133 3025 Paulus,
1160 2964 1205 3018 si
1238 2978 1347 3018 non
1379 2964 1523 3021 Deus
1567 2968 1872 3022 secundum
1904 2977 2157 3025 naturam

578 3052 653 3108 sit
692 3050 911 3117 Filius;
971 3053 1081 3110 sed‘
1108 3058 1502 3116 erubescentes
1543 3062 1878 3133 quandoque
1921 3069 2161 3132 (summa

2253 1948 2463 2001 τέλεσιν
2493 1948 2747 2013 ὑποθεὶςν
2768 1948 2844 2011 ὡς
2881 1949 2981 2001 οὐκ
3019 1947 3333 2020 ἀλλοτρίους
3362 1947 3524 2011 ὄντας
3563 1946 3715 2000 κατὰ
3750 1947 3844 2017 τὴν

2254 2038 2421 2108 φύσιν
2447 2038 2540 2092 τοῦ
2582 2038 2947 2109 δασμολογεῖν
2975 2036 3280 2106 ὀφείλοντος
3304 2078 3319 2101 ,
3377 2038 3472 2090 καὶ
3513 2037 3572 2089 ἐν
3620 2034 3845 2090 οἰκετῶν

2252 2130 2405 2196 τάξει
2438 2130 2746 2202 κειμένους,
2781 2131 2927 2200 μόνῳ
2974 2130 3075 2199 τὴν
3119 2127 3436 2199 ἐλευθερίαν
3488 2126 3842 2199 μεμαρτύρη-

2255 2240 2363 2276 κεν
2402 2222 2618 2293 ἐαυτῷ;
2661 2219 3134 2293 Καταχρηστικῶς
3179 2219 3279 2292 μὲν
3326 2219 3438 2291 γὰρ
3470 2219 3558 2289 ἐφ’
3600 2221 3735 2289 Ἰῑμῖν
3780 2217 3846 2271 τά

2256 2315 2461 2387 κυρίως
2506 2331 2565 2368 τε
2616 2315 2711 2367 καὶ
2766 2312 2983 2384 άληθῶς
3026 2312 3163 2385 μόνη
3201 2312 3482 2383 πρέποντα
3516 2314 3583 2383 τῇ
3634 2312 3845 2381 θεότητι

2258 2412 2506 2480 φέρεται,
2543 2407 2839 2478 ἐνυπάρχει
2894 2406 2951 2460 δέ
3002 2406 3154 2477 αὐτῷ
3201 2405 3343 2460 κατὰ
3392 2405 3674 2475 ἀλήθειαν,
3709 2403 3844 2457 ὥστε

2255 2503 2357 2573 τὴν
2390 2500 2498 2555 τῶν
2533 2500 2776 2572 γενητῶν
2804 2500 2859 2553 el.’
2881 2514 2973 2564 τις-
2999 2498 3246 2569 ἀκριϐῶς
3275 2499 3654 2552 διασκέπτοιτο
3688 2497 3848 2567 φύσιν

2260 2590 2535 2662 θεωρῆσαι
2565 2591 2782 2652 πάντως
2810 2589 2948 2660 αὐτῇ
2977 2588 3039 2641 τὸ
3060 2589 3159 2659 τῆς
3186 2586 3431 2651 δουλείας
3461 2587 3636 2657 ὄνομά
3666 2604 3729 2638 τε
3759 2586 3850 2639 καὶ

2259 2685 2493 2754 πρᾶγμα
2526 2682 2995 2755 πρεπωδέστατον.
3029 2680 3093 2735 Εἰ
3119 2681 3175 2734 δέ
3207 2696 3353 2745 τινες
3382 2679 3489 2734 τῶν
3532 2681 3591 2732 ἐν
3620 2681 3757 2750 ἡμῖν
3783 2681 3848 2749 τῇ

2259 2777 2357 2847 τῆς
2412 2775 2728 2846 ἐλευθερίας
2783 2778 3101 2847 τετίμηνται
3168 2774 3334 2845 δόξῃ,
3395 2771 3852 2844 καταχρηστικῶς

2261 2867 2445 2938 ἔχουσι
2484 2867 2546 2921 τὸ
2586 2868 2733 2938 μόνῳ
2772 2867 2891 2937 Θεῷ
2938 2866 3406 2940 χρεωστοῦμενον.
3458 2865 3664 2927 Ἡδέως
3712 2864 3759 2918 δ’
3790 2862 3853 2917 ἂν

2264 2964 2473 3036 σφόδρα
2503 2963 2725 3016 κάκεῖνο
2767 2963 2901 3034 πρὸς
2944 2961 3155 3024 τούτοις
3202 2960 3433 3031 ἐροίμην
3476 2957 3710 3021 αὐτούς·
3748 2951 3855 3037 ἄρα

2264 3057 2519 3127 θεοφόρον
2559 3055 2744 3126 ἐροῦσι
2792 3058 2882 3108 τὸν
2921 3053 3155 3120 Παῦλον,
3184 3051 3423 3126 Χριστοῦ
3473 3048 3857 3110 κατοικοῦντος

576 3145 778 3201 etenim
809 3145 1063 3203 valrities
1086 3156 1142 3204 et
1166 3150 1487 3221 malignitas
1506 3152 1561 3207 in
1586 3153 1653 3209 iis
1681 3157 1810 3226 est),
1838 3153 2005 3211 Deum
2038 3157 2156 3226 qni-

2262 3149 2349 3203 διὰ
2411 3147 2506 3202 τοῦ
2556 3149 2687 3202 ἰδίου
2735 3144 3083 3227 Πνεῦματοςο
3116 3148 3151 3218 ἢ
3210 3146 3305 3200 καὶ
3353 3142 3510 3199 τοῦτο
3561 3142 3857 3236 ληροῦντες

576 3235 704 3291 dem
734 3251 865 3292 vere
894 3238 1083 3295 dicent
1114 3239 1337 3307 Filium,
1367 3258 1474 3298 non
1510 3253 1691 3300 tamen
1719 3261 1785 3302 ex
1816 3246 1925 3302 Deo
1957 3263 2159 3303 secun-

574 3329 707 3383 dum
745 3339 1006 3386 naturam
1045 3348 1171 3389 esse
1198 3336 1467 3405 genitum,
1499 3350 1603 3394 nec
1635 3339 1866 3393 dubium
1906 3349 1991 3396 est
2023 3343 2160 3413 quin

574 3420 660 3474 vel
688 3419 778 3475 hic
810 3422 865 3475 in
897 3436 993 3478 eos
1022 3423 1210 3493 quivis
1256 3424 1534 3497 insurgat.
1571 3428 1865 3494 Quomodo
1893 3430 2040 3485 enim
2072 3448 2160 3487 es-

576 3519 660 3567 set
687 3509 837 3567 Deus
869 3512 936 3578 is,
973 3514 1066 3584 qui
1093 3529 1203 3570 non
1223 3524 1310 3573 est
1336 3533 1399 3572 ex
1428 3518 1540 3574 Deo
1574 3522 1880 3576 secundum
1900 3532 2160 3578 naturam

576 3604 844 3673 genitus?
878 3603 1274 3664 Verumtamen
1308 3609 1442 3665 illud
1479 3611 1717 3669 dicimus
1752 3612 1951 3686 :792
1994 3614 2161 3671 Deum

577 3708 702 3749 esse
726 3695 810 3750 ais
832 3697 1135 3752 secundum
1174 3710 1428 3756 naturam
1455 3700 1677 3759 Filium.
1717 3704 2010 3772 Quomodo
2033 3722 2164 3778 ergo

577 3784 757 3841 deifer
789 3789 917 3853 erit,
940 3798 1036 3843 aut
1068 3804 1219 3848 certe
1249 3792 1343 3848 Dei
1385 3796 1687 3868 particeps,
1726 3800 1818 3867 qui
1859 3800 2164 3855 secundum

580 3887 847 3932 naturam
887 3889 975 3934 est
1015 3882 1195 3938 Deus?
1227 3901 1327 3939 nec
1359 3888 1504 3941 enim
1541 3890 1625 3942 sui
1676 3891 1852 3958 ipsius
1889 3892 2166 3963 particeps

578 3963 751 4021 fuerit
783 3984 1054 4038 ,unquam
1094 3990 1108 4025 :
1145 3976 1211 4027 ad
1249 3977 1380 4044 quid
1425 3978 1574 4031 enim
1622 3979 1887 4034 habitabit
1934 3981 2079 4038 Deus
2111 3985 2164 4038 in

581 4055 718 4121 Deo,
751 4067 811 4113 ut
857 4060 998 4115 alter
1033 4062 1085 4115 in
1122 4065 1339 4119 altero?
1375 4067 1432 4120 Si
1461 4068 1607 4122 cnim
1655 4068 1798 4123 idem
1837 4080 1922 4125 est
1971 4081 2168 4128 natura

582 4150 735 4220 quod
766 4152 1004 4223 suscipit
1034 4169 1158 4209 cum
1186 4173 1254 4212 eo
1284 4158 1429 4228 quod
1459 4160 1754 4229 inhabitat,
1784 4164 1914 4233 quid
1946 4152 2165 4220 demum

582 4244 1008 4315 participatione
1036 4263 1175 4318 opus
1199 4251 1464 4306 crit?‘Sin
1495 4261 1678 4308 autem
1704 4257 2165 4324 quemadmodum

582 4335 706 4406 ipse
757 4337 1088 4395 inhabitavit
1124 4341 1176 4395 in
1212 4341 1407 4410 Paulo;
1447 4345 1521 4399 ita
1569 4358 1622 4400 et
1653 4345 1815 4402 Pater
1848 4360 1932 4403 est
1983 4349 2036 4403 in
2078 4366 2165 4417 eo,

2267 3243 2613 3313 ἀρνήσονται.
2646 3239 2710 3293 Εἰ
2756 3240 2854 3311 μὲν
2893 3224 3001 3311 γάρ
3039 3238 3225 3310 ἐροῦσι
3268 3236 3525 3309 θεοφόρον
3571 3235 3674 3290 οὐκ
3720 3230 3859 3289 εἶναι

2269 3335 2388 3391 κατ’
2426 3333 2706 3404 ἀλήθειαν,
2755 3332 2980 3405 ἀρκέσει
3024 3330 3089 3404 δὴ
3140 3330 3300 3384 τοῦτο
3346 3330 3484 3402 πρὸς
3524 3332 3586 3382 τὸ
3649 3328 3860 3392 πάντας

2268 3427 2559 3481 ἀναπεῖσαι
2592 3425 2779 3479 λοιπὸν
2827 3422 2957 3495 παρ’
2991 3420 3168 3477 αὐτῶν
3212 3421 3564 3476 ἀποσείεσθαι
3590 3418 3860 3492 φλυαρίας

2270 3523 2365 3575 καὶ
2397 3523 2577 3593 μισεῖν
2618 3522 2698 3583 εἰς
2735 3518 2925 3588 ἄκρον,
2973 3516 3048 3582 ὡς
3092 3512 3245 3570 οὐδὲν
3283 3517 3457 3569 εἰπεῖν
3493 3514 3602 3571 τῶν
3640 3514 3862 3567 ἀτόπων

2274 3613 2761 3689 παραιτουμένους.
2799 3608 2862 3665 Εἰ
2895 3611 2953 3665 δέ
2991 3627 3054 3679 γε
3093 3602 3251 3663 τοῦτο
3287 3608 3581 3680 φεύγοντες
3625 3606 3765 3678 πρός
3795 3621 3860 3673 γε

2269 3710 2332 3763 τὸ
2359 3708 2558 3780 χρῆναι
2588 3706 2767 3775 λέγειν
2788 3704 3160 3777 τραπήσονται
3194 3702 3449 3774 τάληθὲς,
3476 3702 3572 3755 καὶ
3603 3698 3861 3769 θεοφόρον

2271 3799 2487 3869 ἀληθῶς
2516 3797 2943 3869 ὁμολογήσουσιν
2974 3796 3160 3858 αὐτὸν,
3190 3794 3278 3849 διὰ
3313 3795 3375 3848 τὸ
3414 3796 3507 3850 τὸν
3538 3794 3777 3866 Χριστὸν
3804 3793 3864 3845 ἐν

2274 3890 2421 3961 αὑτῷ
2458 3890 2752 3953 κατοικεῖν,
2784 3886 2901 3951 πῶς
2928 3887 2987 3940 οὐ
3023 3886 3228 3958 σφόδρα
3253 3886 3528 3950 δυσσεϐῶς
3562 3884 3866 3940 ἁλώσονται

2272 3984 2371 4055 τῆς
2400 3980 2492 4035 τοῦ
2517 3979 2651 4034 Θεοῦ
2684 3981 2778 4033 καὶ
2819 3979 3033 4051 Πατρὸς
3073 3980 3261 4042 οὐσίας
3285 3979 3563 4048 ἀλλότριον
3591 3974 3733 4031 εἶναι
3776 3976 3864 4030 λέ-

2273 4090 2461 4145 γοντες
2492 4075 2583 4127 τὸν
2613 4074 2775 4139 Υίόν;
2818 4074 3016 4126 Οὐκέτι
3044 4072 3153 4144 γὰρ
3194 4072 3452 4144 θεοφόρος
3484 4074 3513 4125 6
3545 4071 3780 4136 Παῦλος,
3814 4071 3864 4123 εί

2278 4168 2351 4240 μὴ
2378 4168 2509 4231 Θεὸς
2543 4166 2687 4220 κατὰ
2720 4165 2881 4235 φύσιν
2924 4165 3072 4218 ἐστὶν
3118 4168 3146 4218 6
3174 4165 3322 4229 Υἱός·
3356 4164 3471 4218 ἀλλ’
3502 4163 3867 4237 ἐρυθριῶντες

2276 4258 2388 4311 ἔσθ’
2424 4260 2511 4311 ὅτε
2542 4258 2822 4331 (πρόσεστι
2855 4255 2963 4327 γάρ
2992 4257 3085 4309 καὶ
3124 4256 3185 4309 τὸ
3229 4255 3533 4327 πανοῦργον
3562 4250 3746 4319 αὐτοῖς
3773 4254 3869 4309 καὶ

2275 4348 2545 4417 κακόηθες
2583 4348 2663 4411 εἰς
2707 4346 2940 4415 λόγους),
2969 4345 3100 4398 Θεὸν
3142 4347 3240 4417 μὲν
3282 4347 3499 4416 ἐροῦσιν
3532 4345 3750 4415 ἀληθῶς
3777 4344 3866 4396 τὸν

583 4429 869 4498 quomodo
892 4446 1001 4486 non
1026 4433 1201 4490 deil‘er
1222 4437 1451 4505 perinde
1482 4453 1548 4492 ac
1574 4436 1782 4495 Paulus
1813 4439 1943 4504 crit,
1966 4442 2156 4513 quippt

2276 4440 2427 4502 Υἱὸν,
2465 4438 2538 4509 μὴ
2586 4438 2689 4507 μὴν
2736 4439 2800 4490 ἐκ
2827 4435 2960 4489 Θεοῦ
3000 4438 3359 4509 γεγεννῆσθαι
3389 4438 3531 4493 κατὰ
3558 4437 3744 4507 φύσινο
3776 4434 3869 4488 καὶ

585 4519 683 4591 qui
724 4522 873 4576 nulla
925 4540 989 4579 ex
1042 4535 1202 4598 parte
1252 4529 1367 4598 jam
1422 4529 1622 4585 habeat
1657 4539 1717 4585 ut
1758 4532 1829 4588 sit
1863 4535 2156 4590 secundum

2276 4532 2359 4583 ὅτι
2386 4531 2485 4601 μὲν
2511 4528 2849 4583 ἁπαστισοῦν
2884 4530 3063 4585 αὐτῶν
3111 4532 3212 4584 κᾶν
3238 4531 3415 4603 τούτῳ
3453 4530 3865 4601 καταϐοήσειεν,

584 4619 842 4668 naturam
882 4613 1061 4702 Deus,
1099 4634 1226 4674 cum
1261 4621 1481 4691 potiore
1513 4622 1608 4693 qui
1643 4622 1913 4682 inhabitet
1959 4628 2069 4683 Deo
2115 4627 2156 4684 ei

2273 4625 2373 4702 οὐκ
2403 4623 2726 4694 ἀμφίλογον.
2757 4624 2883 4689 Πῶς
2910 4625 3019 4697 γὰρ
3047 4625 3113 4679 ἂν
3141 4627 3227 4697 εἴη
3256 4626 3409 4691 Θεὸς,
3440 4628 3468 4680 6
3504 4624 3582 4696 μὴ
3630 4626 3695 4677 ἐκ
3734 4619 3867 4676 Θεοῦ

584 4717 727 4775 opus
753 4706 863 4761 Si”
999 4700 1006 4707 ί
1312 4752 1315 4755 -
2275 4700 2418 4770 κατὰ
2470 4716 2629 4785 φύσιν
2683 4719 3119 4789 γεγεννημένος;
3174 4718 3319 4789 Πλὴν
3369 4721 3547 4773 ἐκεῖνο
3599 4717 3867 4787 λέγομεν·

585 4796 720 4851 Θεὸν
766 4795 908 4854 εἶναι
956 4800 1062 4874 φὴς
1102 4802 1247 4855 κατὰ
1290 4803 1452 4871 φύσιν
1491 4805 1581 4859 τὸν
1623 4806 1787 4873 Υἱόν;
1824 4809 1948 4874 Πῶς
1982 4805 2074 4864 οῦν
2140 4811 2207 4865 ἂν
2280 4813 2365 4883 εἴη
2406 4810 2664 4880 θεοφόρος
2713 4812 2880 4882 ἤγουν
2930 4811 3064 4866 Θεοῦ
3118 4813 3374 4885 μέτοχος,
3433 4816 3462 4867 6
3513 4814 3656 4867 κατὰ
3710 4809 3888 4879 φύσιν.

586 4889 718 4954 Θεός
743 4912 758 4959 ἰ
788 4891 915 4947 οὖδὲ
952 4895 1061 4966 γὰρ
1101 4893 1167 4949 ἂν
1212 4897 1409 4951 ἑαυτοῦ
1455 4900 1714 4971 μετάσχοι
1753 4904 1915 4956 ποτέ·
1948 4906 2027 4968 εἰς
2058 4905 2114 4958 τί
2139 4904 2251 4974 γὰρ
2289 4904 2503 4976 οἰκήσει
2538 4903 2670 4968 Θεὸς
2711 4905 2769 4957 ἐν
2799 4904 2939 4975 Θεῷ,
2982 4904 3059 4967 ὡς
3099 4905 3284 4975 ἕτερος
3313 4907 3371 4959 ἐν
3403 4904 3616 4977 ἐτέρῳς
3657 4902 3723 4955 Εἰ
3760 4898 3871 4968 γὰρ

582 4981 739 5037 τοῦτ’
767 4985 884 5039 ἐστι
936 4988 1078 5041 κατὰ
1110 4988 1271 5055 φύσιν
1303 4990 1365 5043 τὸ
1396 4990 1684 5065 δεχόμενον
1731 4996 1868 5067 ὅπερ
1918 4996 1984 5050 ἂν
2012 4998 2185 5049 νοοῖτο
2222 4997 2317 5050 καὶ
2346 4997 2405 5050 τὸ
2430 4997 2692 5062 ἐνοικοῦν,
2738 4997 2869 5050 ποία
2945 4992 3037 5051 οῦν
3061 4996 3247 5053 λοιπὸν
3284 5002 3317 5069 ὴ
3367 4997 3467 5066 τῆς
3513 4996 3749 5067 μετοχῆς
3772 4994 3867 5061 γέ-

585 5087 733 5125 νοιτο
770 5076 964 5144 χρεία;
1000 5075 1064 5129 Εἰ
1101 5076 1158 5130 δὲ
1198 5076 1386 5149 ῶσπερ
1425 5082 1589 5146 αὐτὸς
1634 5083 1878 5157 ἐνῴκησε
1916 5084 1993 5156 τῷ
2038 5083 2260 5148 Παύλω,
2291 5086 2383 5138 τὸν
2413 5087 2575 5140 αὐτὸν
2604 5086 2668 5158 δὴ
2707 5088 2907 5159 τρόπον
2943 5088 3038 5140 καλ⁸
3099 5088 3127 5140 ὁ
3163 5087 3355 5159 Πατὴρ
3417 5088 3474 5141 ἐν
3515 5085 3686 5154 αὐτῷ,
3755 5087 3872 5148 πιῖδς

585 5164 647 5227 οὗ
682 5166 943 5237 οεοφόρος
979 5167 1128 5223 ἔσται
1175 5172 1315 5225 κατὰ
1359 5172 1451 5226 τὸν
1483 5176 1719 5245 Παῦλον,
1773 5180 1835 5232 τὸ
1863 5173 2004 5232 εἶναι
2046 5178 2180 5242 Θεὸς
2219 5179 2360 5233 κατὰ
2396 5178 2559 5249 φύσιν
2600 5180 2900 5253 οὐδαμόθεν
2939 5180 3080 5252 ἔχων
3139 5180 3240 5247 ἔτι,
3289 5180 3391 5234 διὰι
3455 5180 3516 5234 τὸ
3562 5178 3874 5251 κρείττονος

586 5257 845 5327 δεηθῆναι
879 5259 972 5313 τοῦ
998 5260 1337 5328 ἐνοικοῦντος
1379 5266 1547 5336 Θεοῦ;

656 5345 833 5405 Porro
880 5357 1145 5409 strenuus
1194 5354 1286 5409 hie
1324 5353 1417 5411 Dei
1466 5356 1645 5415 hostis
1687 5360 1897 5432 aliquid
1943 5362 2172 5432 insuper

586 5442 884 5511 excogitat,
912 5452 967 5499 et
998 5461 1095 5516 per
1131 5449 1358 5513 multas.
1386 5462 1447 5505 ut
1474 5452 1584 5507 sibi
1625 5454 1801 5525 lingit,
1825 5456 2171 5512 demonstra-

586 5533 765 5586 tiones
814 5547 972 5589 suam
1012 5534 1320 5596 (lectrinam
1355 5543 1407 5597 in
1450 5544 1649 5615 vulgus
1692 5562 1956 5617 spargere
1995 5564 2172 5604 cona-

608 5638 697 5678 ur.
748 5620 944 5692 Opera:
1007 5630 1244 5696 pretium
1305 5633 1453 5689 enim
1507 5636 1751 5692 arbitror
1807 5639 1993 5693 omnia
2049 5639 2170 5708 ejus

2351 5352 2485 5411 Εἶτα
2539 5358 2700 5412 πάλιν
2741 5358 2833 5411 ἐπὶ
2871 5358 3082 5423 τούτοις
3130 5361 3157 5413 6
3210 5359 3471 5429 γεννάδας
3527 5360 3660 5430 ἡμῖν
3695 5362 3879 5415 οὑτοσὶ

2279 5454 2648 5520 προσεπινοεῖ,
2699 5452 2793 5503 καὶ
2840 5452 2926 5504 διὰ
2963 5451 3171 5504 πολλῶν
3224 5451 3574 5517 ἀποδείξεων,
3605 5452 3683 5516 ὡς
3723 5455 3876 5506 ὑπειλ-

2279 5541 2448 5612 ληφεν
2495 5542 2676 5605 αὐτὸς.
2722 5541 2813 5594 τὸν
2845 5544 3044 5597 οἰκεῖον
3083 5542 3345 5615 θρυλλοῦν
3391 5545 3655 5615 πειρᾶται
3698 5543 3876 5613 λόγον.

2284 5636 2467 5702 ’Ἄξιον
2502 5636 2611 5705 γὰρ
2649 5631 2803 5706 οἶμαι
2844 5635 2934 5689 διά
2977 5635 3192 5689 πάντων
3234 5634 3402 5688 αὑτοῦ
3446 5634 3555 5689 τῶν
3609 5637 3880 5710 ῥημάτων

686 5777 732 5872 ’ξ
763 5793 955 5854 κιαι..
997 5815 1130 5868 xvn,
1160 5801 1255 5859 25..
1690 5794 1715 5824 ⁸
