4076 6270
330 386 439 445 229

1391 372 1489 440 ἰΝ
1519 381 1809 442 JOANNIS
1836 380 2297 441 EVANGELIUM
2330 384 2462 443 LIB.
2498 386 2594 443 lx.

3505 392 3617 448 250

331 495 512 550 ἐλθεῖν
537 533 555 561 ,
615 495 709 549 καὶ
754 494 855 566 τῆς
904 493 1132 565 ἐνούσης
1191 492 1342 564 αὐτῷ
1399 493 1667 566 θεομάχου
1727 494 1907 565 βουλῆς

2029 496 2193 551 verba
2227 512 2577 567 percurrere,
2613 506 2667 554 et
2688 498 2810 571 ejus
2838 497 3062 570 impiam
3090 513 3156 556 ac
3184 499 3294 557 Deo
3329 501 3613 560 inimicam

332 585 590 643 ἁπλῶσαι
637 584 735 656 τὴν
787 582 1001 651 πεῦσιν,
1040 585 1130 641 ἵνα
1197 584 1543 657 διελέγχηται
1601 585 1788 654 σαφῶς
1843 587 1925 640 ὅτι

330 682 447 744 τοῖς
498 678 798 749 ποιήμασιν
858 678 1174 750 ἐναρίθμιον
1231 676 1440 731 τίθεται
1477 678 1568 732 τὸν
1620 679 1922 751 Μονογενῆ,

334 772 429 826 καὶ
460 767 937 840 κεκομψευμέναις
968 771 1207 833 ἀπάταις
1234 769 1333 841 τὴν
1371 772 1455 839 εἰς,
1479 770 1642 825 αὐτὸν
1670 770 1924 825 ἀσέϐειαν

331 860 657 932 καταχώσας
695 861 725 913 6
758 860 1011 924 δείλαῖος,
1057 860 1189 915 Θεὸν
1221 861 1320 933 μὲν
1367 857 1507 916 εἶναι
1552 862 1920 933 συνομολογεῖ,

326 953 429 1023 τῆς
463 970 528 1023 γε
559 953 667 1025 μὴν
693 953 910 1023 άληθῶς
945 954 1039 1007 καὶ
1070 954 1210 1008 κατὰ
1240 953 1400 1024 φύσιν
1426 954 1678 1022 θεότητος
1717 955 1923 1026 ἐκπέμ-

328 1064 451 1101 πων
487 1047 651 1101 αὑτὸν
677 1087 693 1113 ,
741 1046 916 1101 οἴεταί
955 1064 1075 1110 πως
1112 1047 1370 1101 δύνασθαι
1419 1047 1604 1100 λαθεῖν
1650 1048 1777 1113 τοὺς
1841 1049 1922 1111 είς

329 1140 502 1210 αὐτὴν
531 1138 826 1210 βλέποντας
855 1137 954 1209 τὴν
991 1136 1296 1208 άλήθειαν.·
1321 1138 1528 1209 Γράφει
1575 1137 1752 1190 τοίνυν
1789 1137 1916 1190 ὡδί·

341 1231 484 1284 Ἀλλ’
526 1231 715 1301 ὥσπερ
742 1231 903 1301 ἡμεῖς
948 1231 1006 1283 ὲν
1057 1228 1208 1300 αὑτῷ
1236 1225 1370 1283 εἶναι
1403 1229 1705 1301 λεγόμενοι,
1730 1230 1916 1300 φησὶν,

327 1323 507 1395 ἀμιγῆ
537 1322 675 1395 πρὸς
706 1323 871 1377 αὑτὸν
906 1320 1105 1393 ἔχομεν
1150 1321 1250 1392 τὴν
1282 1322 1576 1376 ὑπόστασιν
1595 1338 1609 1352 θ
1640 1321 1730 1375 τὸν
1755 1321 1918 1375 αὐτὸν

327 1414 532 1484 τρόπον
561 1413 660 1467 καὶ
683 1413 713 1465 6
746 1412 873 1475 Υἱὸς
911 1412 969 1464 ὲν
1001 1409 1080 1482 τῷ
1108 1410 1281 1481 Ila-cpi
1327 1411 1611 1482 τυγχάνων
1639 1410 1915 1482 διακεκριο

332 1492 503 1577 μένην
545 1505 641 1561 τοῦ
692 1505 990 1575 άγεννήτου
1033 1503 1146 1576 ἔχει
1206 1504 1304 1576 τὴν
1350 1503 1529 1575 χάριν.
1568 1503 1674 1557 Φεῦ
1712 1521 1776 1574 γε
1824 1503 1916 1559 τοῦ

326 1590 709 1669 τολμήματοςνι
761 1596 837 1658 ὡς
888 1595 1060 1660 δεινὸς
1111 1599 1140 1650 6
1186 1596 1361 1665 λόγος,
1403 1597 1499 1650 καὶ
1545 1596 1742 1667 μεστὸς
1782 1598 1918 1651 ἁπο-

325 1689 501 1755 νοίας,
545 1689 745 1760 μᾶλλον
780 1689 850 1743 ’δὲ
899 1688 1215 1753 δυσϐουλίας
1262 1689 1481 1760 ἁπάσης
1523 1688 1616 1741 καὶ
1666 1689 1918 1762 ἀποπλη-

326 1782 484 1849 ξίαςι
529 1764 962 1853 Ἐμωρὰνθησαν
998 1783 1165 1846 ὅντως
1210 1781 1511 1850 φάσκοντες
1563 1777 1700 1835 εἶναι
1759 1783 1913 1851 σοφοὶ

324 1872 417 1926 καὶ
448 1871 780 1945 φρονοῦντες
799 1870 942 1926 οὕτω
969 1872 1095 1943 περὶ
1118 1871 1212 1925 τοῦ
1251 1871 1591 1939 Μονογενοῦς
1608 1888 1623 1903 ⁶
1652 1871 1744 1927 τὸν
1782 1873 1910 1942 ἁγο-

324 1962 567 2035 ράσαντα
601 1962 801 2027 αὐτοὺς
850 1964 1126 2035 Δεσπότην
1160 1964 1491 2034 ἠρνήσαντο,
1535 1962 1677 2018 κατὰ
1720 1962 1782 2017 τὸ
1813 1980 1909 2034 γε-

320 2053 661 2125 γραμμένον.
705 2054 769 2109 Ei
819 2055 919 2124 μὲν
955 2054 1065 2126 γάρ
1109 2054 1396 2124 ἄνθρωπον
1447 2049 1589 2108 εἷναί
1631 2073 1764 2125 φασι
1811 2057 1917 2110 καὶ

318 2149 412 2202 ἕνα
439 2147 548 2204 τῶν
582 2149 708 2202 καθ’
728 2150 874 2220 ἡμᾶς
896 2149 986 2202 τὸν
1016 2149 1110 2203 τοῦ
1155 2149 1290 2203 Θεοῦ
1335 2151 1529 2219 Λόγον,
1552 2151 1704 2205 οὐδὲν
1736 2151 1815 2205 ἔτι
1844 2151 1906 2206 τὸ

322 2237 526 2291 κωλύον
553 2239 726 2291 εἰπεῖν
749 2237 922 2301 οὑτως
945 2237 1213 2311 ὑπάρχειν
1234 2238 1399 2293 αὑτὸν
1424 2244 1483 2293 ὲν
1506 2240 1624 2311 Θεῷ
1652 2240 1904 2314 καθάπερ

323 2330 515 2398 ἡμεῖς’
549 2330 598 2382 εἰ
643 2329 699 2382 δὲ
747 2328 877 2383 Θεὸν
927 2323 1069 2383 εἶναι
1119 2330 1457 2395 πιστεύουσι,
1501 2334 1595 2387 καὶ
1634 2334 1711 2398 ὡς
1747 2334 1917 2388 τοῦτο.

327 2419 469 2473 κατὰ
513 2420 675 2490 φύσιν
715 2420 1009 2493 ὑπάρχοντι
1052 2425 1382 2495 προσκυνεῖν
1424 2423 1718 2491 ἐγνώκασι,
1748 2426 1800 2479 τί
1833 2427 1907 2498 μὴ

329 2510 530 2585 μᾶλλον
550 2512 908 2583 ἀπονέμουσιν
950 2514 1101 2586 αὑτῷ
1130 2515 1191 2571 τὸ
1220 2514 1542 2588 θεοπρεπῶς
1583 2517 1911 2588 ἐνυπάρχειν.

322 2603 401 2673 τῷ
434 2602 549 2675 ίδίῳ
584 2604 889 2677 Γεννήτορι,
930 2607 1077 2678 ἔχειν
1122 2624 1181 2662 τε
1208 2607 1373 2661 αὑτὸν
1402 2609 1460 2661 ὲν
1496 2608 1711 2680 ὲαυτῷς
1751 2609 1909 2663 τοῦτο

321 2693 431 2769 γάρ
470 2688 623 2766 οἶμαι
665 2698 879 2766 φρονεῖν
914 2714 973 2749 τε
1025 2697 1120 2751 καὶ
1161 2697 1340 2767 λέγειν
1380 2701 1493 2763 τοῖς
1522 2698 1690 2763 ὅντως
1728 2699 1908 2771 θεοφι-

316 2783 432 2846 λέσι
477 2787 947 2860 πρεπωδέστερον.
972 2790 1036 2843 Ei
1075 2791 1155 2855 δὲ,
1197 2791 1501 2862 ἄθραυστον
1548 2793 1680 2864 ἡμῖν
1714 2795 1906 2865 ἐπιτη-

314 2877 683 2953 δεύοντείτὴν
726 2883 1142 2955 ἀναισχυντίαν,
1179 2883 1506 2955 ἐμμένουσιν
1548 2880 1630 2948 οἷς
1677 2886 1906 2957 είρήκαα

235 3034 249 3046 .
316 2988 401 3025 σιν
423 3010 441 3039 ,
471 2971 615 3033 οὕτω
652 2973 712 3027 τέ
743 2992 907 3043 φασιν
941 2977 998 3030 ἐν
1024 2976 1198 3047 Πατρὶ
1227 2976 1317 3029 τὸν
1344 2975 1473 3028 Υίὸν
1495 2975 1687 3048 ὥσπερ
1724 2976 1790 3030 ἂν
1818 2977 1901 3047 εἴη

312 3065 473 3137 τυχὸν
512 3066 605 3119 καὶ
628 3069 661 3138 ἡ
673 3067 789 3137 μῶν
824 3068 1056 3132 ἕκαστος
1093 3068 1200 3121 τῶν
1244 3066 1302 3133 ἐξ
1340 3068 1439 3121 οὑκ
1471 3068 1639 3122 ὄντων
1670 3069 1764 3121 καὶ
1796 3069 1904 3122 ἀπὸ

313 3155 417 3226 γῆς
446 3156 511 3208 δι’
534 3157 699 3217 αὑτοῦ
724 3159 1049 3227 γεγονότων,
1080 3160 1132 3213 τί
1165 3160 1239 3230 μὴ
1278 3161 1391 3223 τοῖς
1438 3159 1717 3215 ἐθέλουσιν
1755 3163 1899 3229 ὲφεῖο
1935 3186 1980 3247 C

312 3262 401 3299 ται
443 3246 628 3305 λοιπὸν
680 3249 979 3315 ἀκινδύνως
1029 3252 1232 3305 εἰπεῖν·
1265 3269 1284 3302 t
1327 3251 1386 3303 '0
1432 3250 1694 3320 ἑωρακὼς
1750 3253 1851 3323 ἐμὲ
1891 3293 1904 3315 .
1938 3303 1955 3310 -

313 3333 524 3407 ἑώρακε
565 3336 656 3391 τὸν
680 3338 922 3411 Πατέρα,
944 3339 1099 3408 κάγὼ
1135 3341 1195 3395 ὲν
1236 3338 1315 3410 τῷ
1352 3340 1550 3410 Πατρὶ,
1591 3332 1753 3394 κα).τό
1795 3343 1911 3395 Han

309 3424 427 3499 τὴρ
445 3427 503 3480 ἐν
525 3426 647 3498 ἐμοί
679 3429 848 3495 tactv;
877 3448 899 3481 ι
932 3429 1096 3493 Ἀλλ’,
1118 3425 1293 3500 οἶμαι,
1322 3429 1532 3500 μωρίας
1553 3430 1652 3500 τῆς
1677 3431 1906 3486 ἀπασῶν

310 3513 549 3588 ἐσχάτης
576 3516 729 3589 ἁλοίη
777 3535 862 3581 τις
918 3519 989 3572 ἂν
1027 3519 1118 3572 ἐπὶ
1162 3518 1336 3588 τούτῳ
1383 3522 1588 3590 γραφῇ,
1628 3520 1719 3573 καὶ
1760 3521 1905 3591 μάλα

309 3606 558 3670 εἰκότως.
594 3607 831 3677 Ἀπηχές
850 3626 909 3661 τε
943 3609 1085 3679 γὰρ,
1103 3611 1198 3663 καὶ⁵
1225 3611 1344 3663 κατ’
1370 3611 1582 3674 οὐδενὸς
1604 3610 1711 3664 τῶν
1735 3611 1905 3680 ἁγίων

310 3696 519 3768 ἠνέχθη
567 3697 698 3750 ποτε
753 3699 979 3770 τοιαύτη
1033 3700 1185 3771 φωνὴ
1236 3701 1387 3772 παρὰ
1439 3705 1511 3774 τῇ
1564 3701 1907 3776 θεοπνεύστῳ

313 3789 511 3860 Γραφῇ
532 3804 546 3818 ·
579 3790 970 3862 παραχωροῦσι
1001 3791 1058 3845 δὲ
1089 3793 1305 3856 πάντως
1325 3792 1402 3865 τῷ
1431 3794 1573 3847 κατὰ
1607 3794 1769 3863 φύσιν
1796 3798 1903 3848 Κυ-

318 3880 422 3950 ρίῳ
448 3879 545 3933 καὶ·
570 3880 689 3951 Θεῷ
719 3883 796 3954 τῷ
826 3887 1126 3954 μονογενεῖ,
1156 3884 1254 3957 τὴν
1301 3888 1385 3956 ἐφ’
1416 3886 1585 3941 ἅπασι
1620 3889 1731 3951 τοῖς
1764 3889 1900 3958 ἀγα-

313 3972 429 4036 θοῖς
475 3974 820 4046 ἀσυγκρίτως
861 3977 1166 4049 ὑπεροχὴν,
1211 3979 1305 4033 καὶ
1344 3980 1406 4052 δὴ
1451 3980 1546 4033 καὶ
1596 3981 1900 4052 κεκράγασι

309 4062 595 4131 λέγοντες·
641 4083 659 4115 ε
701 4065 796 4127 Τίς
848 4067 1243 4137 ὁμοιωθήσεται
1292 4068 1369 4140 τῷ
1424 4070 1614 4141 Κυρίῳ
1663 4072 1720 4123 ὲν
1762 4072 1897 4135 υίοῖς

308 4153 446 4207 Θεοῦ
472 4173 487 4221 ;
525 4174 543 4206 ι
590 4154 713 4218 Πῶς
741 4152 835 4209 οὖν
862 4156 944 4209 ἔτι
989 4158 1111 4211 καθ’
1142 4161 1290 4229 ἡμᾶς
1318 4163 1345 4214 6
1369 4162 1700 4231 Μονογενὴς,
1740 4161 1897 4235 εἴπερ

307 4245 486 4308 οὐδεὶς
521 4246 634 4301 ἴσος
662 4264 722 4299 τε
755 4247 847 4300 καὶ
881 4248 1061 4317 ὅμοιος
1091 4250 1257 4320 αὐτῷ,
1277 4252 1430 4322 ,κατὰ
1460 4251 1560 4321 τὴν
1588 4241 1701 4304 τῶν
1728 4252 1896 4321 ἁγίων

308 4337 528 4407 φωνήνς
564 4337 625 4390 El
667 4337 724 4390 δὲ
757 4337 1114 4415 οὖτωςὲστὶν
1163 4343 1222 4395 ἐν
1262 4341 1379 4412 Θεῷ
1432 4343 1685 4417 καθάπερ
1710 4345 1892 4416 ἡμεῖς,

308 4427 428 4490 πῶς
472 4428 572 4481 οὐκ
620 4430 832 4501 ἀνάγκη
884 4430 1068 4484 λοιπὸν
1108 4432 1514 4505 ψευδομυθῆσαι
1572 4435 1672 4506 μὲν
1716 4435 1895 4504 λέγειν

2029 598 2275 643 mentem
2311 591 2671 660 perscrutari,
2701 599 2759 646 ut
2788 592 2941 646 clare
2988 600 3257 663 arguatur
3300 593 3354 648 in
3392 603 3616 650 creatu-

2026 694 2212 734 rarum
2263 698 2501 737 nnmero
2553 681 2911 754 Unigenitum
2943 683 3238 748 collocare,
3270 695 3327 741 et
3373 687 3615 755 eleganti

2028 767 2221 825 fraude
2261 785 2420 826 suam
2470 758 2527 826 in
2561 787 2690 827 eum
2738 772 3081 842 impietatem
3131 775 3386 841 celando,
3438 776 3611 830 Deum

2025 861 2244 929 quidem
2281 877 2406 917 esse
2430 861 2726 917 nobiscum
2756 859 2942 924 fateri.
2974 861 3042 917 de
3067 878 3193 918 vera
3224 872 3408 921 tamen
3436 874 3492 920 et
3520 880 3610 919 ua-

1990 968 1999 977 ·
2025 950 2189 1004 turali
2223 949 2430 1006 deitate
2460 967 2583 1007 eum
2611 952 2686 1006 ita
2716 949 3033 1019 excludere,
3066 962 3127 1007 ut
3156 953 3329 1010 latere
3355 970 3413 1010 se
3444 971 3612 1027 posse

2024 1050 2181 1111 putet
2226 1058 2324 1098 eos
2355 1044 2449 1113 qui
2493 1044 2548 1098 in
2589 1043 2766 1113 ipsam
2816 1045 3106 1100 veritatem
3148 1046 3471 1117 respiciunt.
3518 1049 3612 1102 Sic

2023 1148 2156 1201 ergo
2195 1134 2391 1189 scribit
2418 1154 2432 1190 :
2464 1133 2669 1190 Verum
2699 1136 3164 1209 quemadmodum
3193 1153 3294 1195 nos
3328 1140 3421 1210 qui
3458 1142 3514 1195 in
3540 1157 3610 1196 eo

2022 1236 2146 1276 esse
2191 1222 2451 1285 dicimur.
2486 1224 2701 1295 inquit,
2739 1225 3058 1282 nullatenus
3100 1242 3225 1282 cum
3275 1243 3342 1285 eo
3384 1231 3608 1288 mistam

2022 1313 2361 1384 hypostasim
2410 1315 2726 1373 habemus:
2757 1320 2828 1397 ita
2855 1327 2909 1375 et
2941 1318 3116 1383 Filius
3149 1335 3277 1376 cum
3307 1322 3385 1377 sit
3408 1322 3463 1377 in
3501 1321 3611 1378 Pa-

2022 1412 2122 1469 tre,
2161 1406 2478 1462 distinctam
2536 1408 2694 1466 habet
2735 1410 2804 1466 ab
2854 1410 3104 1482 ingenito
3156 1413 3414 1484 gratiam.
3459 1413 3614 1471 Proh

2020 1492 2241 1550 facinus
2297 1496 2511 1552 audax!
2564 1512 2597 1552 o
2653 1514 2814 1554 voces
2874 1498 3117 1557 nefarias
3172 1511 3227 1557 et
3278 1503 3610 1573 impietatis,

2021 1586 2271 1642 stultitia:
2295 1602 2359 1642 ac
2393 1589 2641 1659 stuporis
2677 1590 3071 1659 plenissimas!
3112 1590 3280 1646 Stulti
3310 1592 3442 1647 facti
3474 1602 3608 1650 sunt

2018 1677 2268 1749 profecto
2317 1680 2570 1737 dicentes
2620 1698 2680 1738 se
2732 1684 3016 1754 sapientes
3075 1686 3151 1749 ¹⁸,
3198 1694 3365 1756 atque
3423 1688 3498 1742 ita
3534 1688 3609 1745 de

2020 1766 2319 1839 Unigenito
2364 1771 2667 1826 sentientes
2710 1788 2725 1826 :
2766 1773 3056 1827 Dominum
3090 1775 3184 1843 qui
3230 1776 3462 1831 redemit
3505 1793 3613 1839 eos-

1946 1840 1988 1895 Β
2016 1859 2377 1929 abnegarunt,
2405 1862 2551 1918 sicut
2575 1864 2846 1933 scriptum
2881 1873 2966 1920 est
2989 1866 3054 1923 ¹⁶.
3082 1840 3218 1919 Nam
3253 1865 3297 1920 si
3325 1867 3605 1926 hominem

2014 1966 2137 2007 esse
2169 1953 2365 2008 dicunt
2407 1962 2462 2010 et
2507 1971 2678 2010 unum
2725 1971 2758 2012 e
2802 1957 2967 2013 nobis
3013 1956 3110 2014 Dei
3159 1956 3424 2026 Verbum,
3467 1961 3607 2016 nihil

2014 2042 2127 2114 jam
2177 2045 2445 2117 prohibet
2485 2049 2672 2106 dicere
2712 2065 2839 2106 eum
2882 2039 2959 2106 ita
3003 2052 3061 2106 in
3114 2053 3223 2109 Deo
3266 2071 3390 2110 esse
3435 2056 3607 2112 sicuti

2021 2150 2158 2203 nos;
2207 2137 2355 2206 quod
2413 2139 2471 2193 si‘
2504 2139 2675 2194 Deum
2725 2156 2852 2197 esse
2889 2142 3148 2211 credunt,
3202 2126 3440 2217 eumq’ue
3479 2156 3609 2206 tan-

2021 2243 2185 2298 quam
2214 2236 2412 2283 natura
2446 2231 2498 2285 id
2540 2231 2903 2288 exsistentem
2939 2234 3286 2290 adorandum
3319 2246 3612 2307 statuuntﬁ

2019 2319 2209 2388 quidni
2235 2321 2421 2390 potius
2458 2324 2777 2379 concedunt
2809 2340 2934 2379 eum
2973 2324 3085 2381 Deo
3121 2329 3518 2384 convenienter
3542 2330 3610 2385 in.

2014 2424 2121 2464 suo
2145 2408 2310 2465 Patre
2337 2411 2633 2477 exsistere,
2662 2426 2903 2484 equue
2938 2415 2992 2469 in
3039 2416 3225 2486 seipso
3266 2416 3513 2473 habere?
3543 2419 3599 2473 id

2011 2499 2158 2555 enim
2215 2501 2428 2556 sentire
2479 2515 2545 2556 ac
2603 2502 2787 2559 dicere
2839 2520 2999 2559 veros
3055 2504 3148 2560 Dei
3204 2508 3450 2563 cultores
3498 2508 3598 2563 de-

2010 2603 2136 2643 cere
2186 2590 2361 2662 magis
2406 2592 2672 2648 arbitror.
2702 2593 2799 2647 Sin
2846 2603 3029 2650 autem
3080 2595 3373 2667 praefracta
3410 2600 3595 2671 impu-

2010 2679 2194 2735 dentia
2226 2689 2478 2750 perstant
2520 2683 2576 2737 in
2633 2683 2704 2738 iis
2736 2700 2860 2755 qua:
2913 2686 3207 2754 dixerunt,
3235 2697 3401 2759 atque
3436 2689 3509 2744 ita
3537 2690 3610 2746 in.

2012 2769 2173 2826 Patre
2220 2770 2419 2827 Filium
2455 2788 2583 2829 esse
2632 2774 2828 2831 dicunt
2863 2776 3027 2832 sicuti
3074 2780 3462 2852 unusquisque
3489 2797 3595 2836 no-

2013 2870 2193 2918 strum
2239 2864 2336 2934 qui
2390 2880 2455 2920 ex
2500 2867 2674 2923 nihilo
2721 2879 2775 2923 et
2825 2869 2893 2924 dc
2947 2879 3097 2924 terra
3147 2887 3243 2941 per
3286 2887 3410 2927 eum
3464 2872 3611 2929 facti.

2015 2967 2207 3008 sumus
2243 2973 2258 3009 :
2294 2955 2490 3024 quidni
2536 2956 2725 3012 licebit
2760 2958 3058 3029 unicuique
3102 2970 3355 3015 nostrum
3397 2977 3601 3018 securo

2011 3044 2199 3100 dicere
2236 3065 2248 3101 :
2294 3048 2439 3114 tQui
2494 3048 2645 3104 videt
2689 3065 2775 3105 me
2829 3051 2978 3109 videt
3024 3059 3077 3104 et
3127 3050 3431 3119 Patremp
3486 3063 3593 3109 et:

1990 3136 2161 3206 «Ego
2191 3138 2243 3191 in
2270 3137 2456 3204 Patre,
2489 3148 2543 3194 et
2567 3139 2729 3195 Pater
2753 3141 2808 3195 in
2844 3158 2932 3196 me
2962 3142 3090 3197 est?
3119 3162 3137 3195 ι
3168 3142 3273 3198 Sed
3308 3152 3594 3210 extremae,

2010 3235 2227 3302 opinor,
2268 3237 2570 3293 dementias
2626 3253 2793 3292 nemo
2842 3254 2952 3293 non
2999 3238 3055 3293 id
3106 3255 3230 3295 esse
3267 3240 3394 3307 jure
3436 3240 3595 3297 dixe-

2008 3328 2100 3381 rit.
2139 3328 2299 3399 793
2335 3329 2652 3384 Absurdum
2682 3338 2767 3383 est
2798 3331 3018 3401 quippe,
3053 3346 3153 3386 nec
3179 3332 3246 3386 de
3268 3340 3592 3389 sanctorum

2008 3418 2118 3472 ullo
2141 3419 2195 3472 in
2215 3421 2391 3473 sacris
2405 3419 2631 3475 Litteris
2645 3420 2918 3489 ejusmodi
2935 3435 3041 3474 vox
3059 3423 3234 3491 reperi
3246 3421 3456 3484 tur,sed
3472 3437 3593 3477 on»-

2007 3509 2141 3565 nino
2175 3512 2410 3565 naturali
2446 3511 2678 3566 Domino
2707 3520 2762 3567 et
2797 3511 2907 3565 Deo
2939 3511 3269 3581 Uuigenito,
3305 3514 3594 3584 incompa-

2005 3603 2238 3658 rabilem
2281 3619 2445 3674 supra
2478 3618 2671 3659 omnes
2706 3603 2882 3658 bonos
2923 3602 3274 3674 eminentiam
3317 3604 3590 3673 tribuunt,

2004 3696 2251 3765 adeoque
2283 3696 2626 3750 exclamant:
2663 3713 2681 3746 ι
2712 3694 2849 3761 Quis
2878 3695 3080 3750 similis
3107 3696 3213 3749 erit
3244 3694 3477 3751 Domino
3502 3698 3592 3752 in-

2003 3794 2086 3841 ter
2115 3787 2255 3842 ﬁlios
2294 3785 2386 3841 Dei
2418 3786 2504 3838 ‘7?
2535 3806 2553 3838 ι
2586 3785 2875 3851 Quomodo
2904 3802 3037 3857 ergo
3069 3786 3270 3843 similis
3299 3788 3461 3843 nobis
3503 3796 3592 3847 est

2006 3878 2356 3949 Unigcnitus,
2419 3877 2464 3933 si
2517 3879 2705 3934 nullus
2748 3878 2796 3933 ei
2855 3879 3087 3948 aequalis
3122 3886 3207 3935 est
3245 3891 3339 3935 aut
3362 3880 3588 3949 similis,

1996 3970 2150 4040 juxta
2184 3979 2509 4024 sanctorum
2542 3969 2775 4024 vocem?
2812 3969 2972 4037 Quod
3004 3973 3050 4026 si
3088 3986 3155 4027 eo
3206 3972 3375 4026 modo
3412 3982 3497 4029 est
3530 3973 3588 4029 in

2001 4060 2113 4117 Deo
2174 4072 2283 4130 quo
2352 4076 2477 4125 nos,
2528 4062 2795 4132 numquid
2830 4078 3058 4119 necesse
3102 4070 3187 4119 est
3226 4073 3300 4125 ,ut
3333 4064 3590 4119 dicamus

2000 4162 2316 4209 sanctorum
2341 4153 2574 4206 chorum
2630 4154 2875 4219 mentiri,
2908 4155 3228 4225 nullamque
3262 4155 3589 4226 praerogati-

1998 4262 2121 4301 vam
2161 4247 2393 4300 naturali
2448 4247 2588 4302 Filio
2646 4249 2909 4311 tribuere,
2946 4263 3045 4317 per
3097 4262 3263 4318 quam
3321 4250 3589 4317 praestare

1999 4339 2270 4408 adoptivis
2302 4339 2787 4411 videatur?Apage
2824 4339 3342 4393 tamdetcstandum
3377 4341 3586 4401 scelus,

1998 4446 2030 4487 ο
2053 4431 2233 4497 bone;
2289 4446 2635 4501 nequaquam
2695 4446 2798 4485 nos
2828 4431 2902 4484 ita
2949 4432 3239 4494 sentimus,
3275 4431 3455 4486 absit!
3490 4434 3588 4488 sed

306 4519 400 4569 τὸν
432 4517 540 4570 τῶν
572 4518 737 4586 ἁγίων
783 4519 960 4590 χορὸν,
1006 4509 1157 4575 οὐδέν
1186 4522 1243 4574 δὲ
1273 4522 1334 4575 τὸ
1381 4524 1563 4578 πλεῖον
1602 4527 1894 4596 ἀπονεῖμαι

2007 4534 2317 4579 sanctorum
2361 4521 2587 4575 Patrum
2619 4522 2935 4591 opinionem
2987 4531 3302 4592 sequentes,
3351 4524 3583 4593 gloriam

306 4607 386 4679 τῷ
412 4609 552 4662 κατὰ
584 4609 743 4678 φύσιν
777 4610 912 4681 Υίῷ,
947 4611 1013 4664 δι’
1042 4607 1212 4682 οὗπερ
1242 4613 1306 4666 ἂν
1340 4615 1581 4683 φαίνοιτο
1609 4619 1721 4680 τοῖς
1752 4619 1893 4672 κατὰ

306 4701 458 4755 θέσιν
512 4703 613 4755 οὑκ
661 4703 998 4768 ίσοστατῶν;
1043 4706 1259 4774 ΙἌπαγε
1305 4707 1401 4777 τῆς
1454 4700 1757 4780 βδελυρίας,
1801 4711 1893 4765 ἄν·

307 4793 521 4864 θρωπεί
557 4796 901 4865 φρονήσομεν
936 4794 1044 4866 γὰρ
1087 4797 1184 4866 οὑχ
1239 4796 1409 4862 οὕτως
1453 4802 1637 4870 ἡμεῖς,
1670 4802 1743 4872 μὴ
1794 4802 1891 4870 γέ-

196 4868 205 4875 ’
257 4870 271 4901 ἶ
305 4902 469 4950 νοιτο,
497 4889 610 4950 ταῖς
650 4886 706 4939 δὲ
744 4887 851 4940 τῶν
895 4888 1064 4956 ἁγίων
1093 4889 1352 4959 Πατέρων
1396 4891 1650 4959 ἑπόμενοι
1688 4892 1888 4959 δόξαις,

303 4973 681 5044 εὐδοκιμήσειν
717 4978 867 5047 παρὰ
910 4977 1028 5047 Θεῷ
1074 4978 1427 5048 πιστεύομεν.
1469 4981 1685 5053 Ἐπειδὴ
1721 4982 1776 5034 δὲ
1812 4985 1891 5047 είς

301 5064 578 5130 ἀπόδειξιν
604 5061 677 5120 ὧν
712 5068 966 5136 φρονοῦσι
996 5071 1091 5124 καὶ
1134 5070 1380 5138 λέγουσιν
1412 5073 1588 5125 ἐκεῖνο
1631 5074 1889 5145 παρήγαο

302 5171 399 5222 γον
428 5153 488 5206 τὸ
518 5155 807 5226 εἰρημένον
854 5156 943 5210 διὰ
966 5158 1059 5211 τοῦ
1094 5159 1330 5223 Παύλου,
1367 5161 1448 5213 ὄτι
1480 5180 1499 5211 ι
1521 5162 1608 5213 Ἐν
1642 5161 1759 5232 Θεῷ
1785 5163 1890 5226 ζῶ-

307 5262 429 5314 μεν,
460 5246 554 5299 καὶ
585 5248 902 5317 κινούμεθα,
937 5250 1033 5303 καὶ
1061 5250 1249 5319 ἐσμὲν,
1278 5270 1297 5301 ι
1334 5250 1395 5303 τὸ
1425 5253 1481 5304 ἐν
1522 5253 1696 5323 Πατρὶ
1736 5254 1889 5322 λέγε⁶

306 5335 430 5388 σθαι
464 5337 555 5390 τὸν
579 5330 713 5391 Υἱὺν
746 5339 1050 5404 δεικνύντες
1096 5343 1300 5396 εἰκαῖον
1327 5346 1389 5396 ἐκ
1413 5343 1522 5397 τῶν
1559 5345 1681 5399 καθ’
1717 5347 1885 5417 ἡμᾶς,

300 5430 439 5501 φέρε
471 5434 592 5495 ταῖς
635 5431 1004 5503 καθηκούσαις
1049 5432 1297 5505 ἐρεύναις
1340 5435 1399 5487 τὸ
1451 5434 1612 5507 ῥηθὲν
1648 5436 1884 5491 ὑποϐάλ-

297 5520 488 5585 λοντες
516 5523 877 5592 διελέγχωμεν
911 5524 1108 5587 αὐτοὺς
1140 5525 1232 5577 καὶ
1267 5525 1379 5578 τὸψ
1396 5524 1505 5577 τῶν
1542 5525 1710 5595 ἁγίων
1747 5528 1882 5580 ἀπο-

301 5612 507 5668 στόλων
538 5618 890 5686 συκοφαντεῖν
939 5617 1191 5671 ὲθέλοντα
1233 5617 1346 5689 [γρ.
1396 5616 1705 5691 ἐθέλοντας]
1737 5620 1881 5686 νοῦν,

390 5802 438 5835 ³⁸
471 5800 630 5858 Rom.
658 5818 710 5869 ι,
738 5802 811 5857 22
896 5804 939 5836 ¹⁶
966 5802 1088 5859 Act.
1118 5819 1216 5874 ιιι,
1257 5805 1342 5871 1⁸5,
1382 5804 1464 5858 lt.

2001 4615 2143 4685 apud
2192 4613 2359 4667 Deum
2396 4629 2499 4668 nos
2548 4620 2951 4669 consecuturos
2977 4616 3275 4687 credimus.
3310 4615 3416 4670 Sed
3446 4631 3585 4686 quo-

2000 4707 2145 4758 niam
2182 4703 2250 4757 ad
2304 4702 2833 4757 demonstrationem
2887 4719 3075 4758 eorum
3126 4719 3248 4774 quae
3288 4703 3479 4757 dicunt
3517 4715 3586 4756 ac

1998 4798 2243 4852 sentiunt
2294 4796 2428 4851 illud
2465 4795 2622 4850 Pauli
2673 4796 2879 4851 dictum
2917 4798 3219 4851 attulerunt
3256 4814 3269 4850 :
3309 4815 3328 4846 ι
3372 4795 3428 4849 In
3472 4794 3585 4852 Deo

1998 4888 2254 4951 vivimus,
2297 4902 2582 4942 movemur
2635 4894 2691 4942 et
2720 4903 2912 4943 sumus
2938 4888 3001 4954 ’⁸,
3039 4907 3057 4939 ι
3096 4888 3228 4942 illud
3263 4886 3409 4957 quod
3441 4887 3581 4942 dici-

1997 4988 2109 5045 tur,
2162 4977 2357 5034 Filium
2387 4980 2443 5034 in
2500 4978 2688 5045 Patre,
2723 4979 3072 5036 Jstendentes
3110 4995 3311 5033 vanum
3360 4995 3580 5035 esseea

1997 5073 2178 5134 nobis,
2204 5085 2303 5142 age
2325 5072 2534 5126 dictum
2560 5070 2693 5126 illud
2716 5073 3107 5127 convenienter
3130 5080 3462 5136 scrutantes,
3481 5070 3579 5128 de-

1996 5173 2367 5218 monstremus
2398 5178 2493 5218 €03
2508 5174 2560 5218 ει
2589 5171 2907 5219 sanctorum
2942 5163 3317 5232 apostolorum
3342 5172 3577 5218 mentem

1994 5255 2342 5320 calumniari,
2362 5262 2418 5309 et
2452 5255 2505 5309 in
2524 5258 2852 5312 sententiam
2881 5271 3035 5312 suam
3054 5270 3176 5324 quae
3202 5264 3351 5309 recte
3384 5255 3569 5308 admo-

1994 5346 2122 5399 dum
2162 5348 2308 5402 dicta
2342 5355 2471 5401 sunt
2500 5349 2828 5403 stultissime
2869 5347 3222 5412 detorquere.
3272 5345 3403 5399 Nam
3450 5362 3576 5399 cum

1994 5438 2225 5493 Athenis
2257 5449 2402 5494 esset
2444 5440 2641 5494 beatus
2669 5439 2872 5494 Paulus
2921 5436 3295 5506 populumque
3334 5436 3577 5498 videret,

1992 5530 2245 5596 quamvis
2275 5530 2553 5598 sapientia:
2576 5528 2797 5581 nomine
2812 5526 3105 5588 celebrem,
3136 5526 3360 5580 deorum
3394 5534 3578 5578 tamen

1994 5618 2129 5673 falsa
2165 5621 2428 5689 religione
2468 5622 2665 5686 teneri,
2719 5619 2825 5689 piis
2867 5616 3179 5674 rationibus
3206 5634 3303 5673 eos
3338 5632 3370 5670 a
3406 5615 3575 5668 veteri

1548 5804 1586 5835 ¹⁷
1618 5802 2029 5861 Psal.uxmn
2057 5844 2069 5867 ,
2108 5804 2157 5856 8.
2243 5804 2281 5833 ¹⁸
2337 5805 2454 5855 Art.
2496 5817 2625 5860 xw,
2662 5804 2747 5857 ‘13.
