4076 6270
492 406 589 463 εὸι

1490 408 1546 464 S.
1590 407 1867 467 CYRILLI
1904 411 2375 473 ALEXANDRINI
2418 419 2737 477 ARCIIIEP.

3657 432 3765 469 9".)

3660 458 3767 485 2-):

492 520 683 575 fraude
725 519 794 575 ad
842 522 1008 577 unius
1043 538 1106 577 ac
1138 522 1252 577 veri
1302 522 1396 579 Dei
1427 526 1762 594 agnitionem
1813 542 2067 586 revocare

2175 537 2269 591 καὶ
2302 537 2381 599 είς
2414 535 2475 588 τὸ
2512 536 2702 591 δοκοῦν
2727 537 2911 599 αὐτοῖς
2938 536 3269 590 ἀϐουλότατα
3304 538 3653 610 παρατρέποπι
3667 558 3763 604 τας

487 614 814 678 conabatur,
848 613 939 683 qui
962 614 1235 667 creaturis
1260 614 1378 669 suis
1400 616 1567 670 vitam
1593 628 1791 674 etesse
1823 620 2072 690 largitur.

488 708 702 763 Cuncta
728 708 933 777 quippe
960 706 1224 773 viviﬁcat,
1247 708 1358 761 vita
1385 724 1510 763 cum
1541 711 1615 766 sit
1648 713 1951 780 secundum
1985 730 2077 769 na-

491 814 699 859 turam.
737 799 1123 855 universorum
1170 799 1377 883 opifex,
1406 818 1522 856 suae
1564 805 1918 874 proprietatis
1967 807 2074 861 vim

487 898 571 951 eis
603 892 953 949 ineffabiliter
997 892 1317 948 infundens.
1341 892 1452 950 Nec
1485 897 1630 950 enim
1656 896 1817 952 aliter
1852 913 2076 955 conser-
2098 965 2115 978 ο

489 987 607 1042 vari
642 994 865 1058 possent
902 987 955 1039 in
1006 1000 1131 1041 esse
1156 999 1261 1041 suo
1289 1003 1410 1057 quae
1444 998 1628 1044 ortum
1675 990 1896 1046 enihilo
1918 1006 2076 1063 cepe-

489 1088 621 1135 runt
654 1097 666 1134 :
702 1078 909 1147 alioqui
942 1081 1087 1133 enim
1120 1080 1190 1134 ad
1221 1095 1376 1137 suam
1427 1092 1683 1136 naturam
1717 1081 1981 1145 redirent,
2019 1083 2072 1138 id

487 1172 655 1227 estin
706 1170 962 1236 nihilum,
1005 1172 1112 1228 nisi
1167 1172 1564 1244 conjunctione
1606 1182 1662 1229 et
1708 1176 1976 1231 relatione
2005 1177 2071 1230 ad

485 1280 614 1321 eum
662 1264 776 1336 ‘qui
823 1274 906 1322 est
947 1266 1031 1322 sui
1086 1277 1243 1323 ortus
1297 1267 1668 1322 inﬁrmitatem
1726 1278 2070 1339 superarent.

485 1352 659 1411 Recte
713 1355 898 1427 itaque
961 1357 1184 1412 divinus
1232 1356 1441 1413 Paulus
1503 1359 1708 1425 aiebat,
1746 1360 2073 1443 -'ostendens

486 1443 659 1502 Deum
720 1446 1108 1502 universorum
1149 1449 1318 1503 vitam
1348 1464 1492 1513 esse,
1528 1464 1631 1505 nos
1682 1448 1737 1503 in
1768 1466 1833 1505 eo
1867 1452 2069 1518 vivere,

484 1547 540 1594 et
580 1539 812 1598 moveri.
840 1545 1051 1595 etesse
1109 1558 1122 1595 :
1157 1556 1269 1596 non
1300 1542 1491 1612 utique
1546 1540 1869 1612 signiﬁcans
1913 1542 2068 1610 illud,

485 1627 633 1700 quod
659 1628 763 1698 ipsi
788 1628 881 1698 qui
912 1643 1195 1683 sacrarum
1213 1628 1546 1685 Litterarum
1575 1638 1780 1686 rectam
1805 1632 2070 1687 rationem

486 1728 911 1790 corrumpentes
941 1718 1008 1772 ad
1037 1735 1201 1774 suum
1224 1735 1458 1792 scopum
1481 1722 1782 1788 ﬁnxerunt,
1802 1724 1899 1779 sed
1923 1726 2068 1795 quod

486 1826 678 1865 verum
709 1816 828 1863 erat
855 1817 910 1864 et
946 1809 1039 1866 Det
1068 1811 1385 1882 cognitione
1423 1828 1601 1881 nuper
1634 1814 1859 1881 imbutis
1896 1817 2067 1872 utilis-

2184 627 2251 681 τά
2281 628 2400 682 λίαν
2433 628 2609 700 ὀρθῶς
2642 628 2925 701 εἰρημένα.
2969 628 3228 701 Ἀθήνῃσι
3259 630 3357 701 μὲν
3389 632 3497 703 γὰρ
3522 632 3766 701 γεγοιὼς

2182 722 2210 773 6
2254 721 2522 792 μακάριος
2567 719 2796 784 Παῦλος,
2843 717 2965 774 εἶτα
3014 721 3148 774 πολὺ
3200 721 3323 775 λίαν
3370 722 3449 784 είς
3505 722 3767 777 πολύθεον

2183 810 2391 881 πλάνην
2438 812 2875 882 ἀνεπτοημένους
2925 811 3101 881 ὁρῶν,
3152 810 3328 865 καίτοι
3380 810 3575 879 σοφοὺς
3623 806 3767 865 εἶναι

2183 903 2643 974 πεπιστευμένους
2699 904 2825 966 τοὺς
2881 903 3059 956 ἐκεῖσε
3109 902 3308 968 λαοὺς,
3360 901 3767 974 παρακομίζειν

2181 996 2379 1058 αὐτοὺς
2408 996 2666 1066 ἐπειρᾶτο
2696 997 2793 1066 τῆς
2819 995 3052 1065 ἀρχαίας
3086 994 3324 1064 ἀπάτης,
3357 997 3468 1057 τοῖς
3502 996 3583 1058 είς
3610 997 3768 1048 εύσέ-

2182 1085 2336 1139 δειαν
2364 1086 2642 1157 λογισμοῖς
2678 1086 2934 1156 μεταθεὶς
2965 1086 3181 1155 εὐφυῶς
3210 1088 3289 1151 είς
3333 1087 3392 1141 τὸ
3425 1091 3624 1160 χρῆναι
3654 1089 3757 1142 λοι-

2183 1179 2281 1231 πὸν
2308 1179 2402 1231 ἕνα
2426 1195 2485 1230 τε
2529 1181 2622 1233 καὶ
2666 1179 2826 1250 μόνον
2857 1178 3055 1232 εἰδέναι
3091 1178 3245 1243 Θεὸν,
3286 1182 3398 1244 τοῖς
3431 1179 3562 1251 παρ’
3596 1182 3763 1236 αὐτοῦ

2181 1271 2430 1339 γεγονόσι
2459 1271 2551 1323 καὶ
2590 1270 2651 1323 τὸ
2690 1271 2954 1325 κινεῖσθαι
2991 1272 3086 1325 καὶ
3122 1270 3220 1342 ζῇν
3264 1273 3356 1325 καὶ
3392 1267 3532 1326 εἶναι
3561 1262 3765 1345 δωρού-

2184 1379 2362 1433 μενον.
2420 1363 2686 1431 Ζωογονεῖ
2741 1362 2850 1434 γὰρ
2898 1362 2968 1416 τά
3022 1365 3221 1430 πάντα,
3274 1364 3388 1436 ζωὴ
3431 1366 3572 1420 κατὰ
3603 1366 3764 1435 φύσιν

2181 1452 2442 1523 ὑπάρχων
2472 1452 2501 1504 6
2532 1451 2749 1505 πάντων
2782 1454 3144 1525 Δημιουργὸς,
3168 1455 3267 1525 τῆς
3319 1455 3454 1519 ἰδίας
3503 1456 3762 1527 ἰδιότητος

2182 1544 2409 1607 ἐντιθεὶς
2434 1544 2688 1616 ἀρρήτως
2712 1546 2894 1609 αὐτοῖς
2921 1545 3020 1617 τὴν
3045 1545 3294 1617 δύναμιν.
3319 1547 3393 1600 Οὐ
3416 1549 3530 1619 ,γὰρ
3552 1544 3619 1619 ἦν
3645 1550 3764 1604 ἑτέ-

2184 1654 2291 1708 ρως
2313 1634 2670 1702 διασώζεσθαι
2704 1638 2840 1710 πρὸς
2868 1640 2929 1692 τὸ
2966 1635 3102 1694 εἶναι
3142 1640 3578 1713 διακρατούμενα
3603 1643 3670 1695 τά
3697 1644 3761 1696 ἐκ

2177 1728 2272 1782 τοῦ
2302 1728 2377 1801 μὴ
2403 1728 2571 1792 ὅντως
2601 1727 2712 1801 [γρ.
2742 1729 2916 1801 ὄντος]
2942 1730 3173 1802 λαχόντα
3194 1731 3292 1803 τὴν
3315 1731 3529 1800 γένεσιν
3547 1750 3559 1764 ·
3592 1731 3627 1802 ἢ
3652 1733 3759 1803 γάρ

2180 1820 2247 1874 ἂν
2274 1820 2435 1885 εὐθὺς
2467 1823 2547 1885 είς
2573 1819 2672 1893 τὴν
2705 1824 2910 1877 οἰκείαν
2956 1823 3287 1894 ύπενόστησε
3321 1825 3502 1892 φύσιν,
3532 1825 3673 1896 φημὶ
3706 1826 3760 1878 δὲ
3864 1882 3871 1887 ,

486 1901 714 1956 simum.
755 1901 958 1971 Atque,
991 1908 1051 1956 ut
1077 1903 1322 1973 apertius
1354 1905 1665 1975 loquamur,
1703 1922 1812 1961 non
1840 1907 1954 1977 jam
1998 1907 2067 1962 si-

2175 1911 2313 1983 πρὸς
2352 1912 2414 1966 τὸ
2455 1911 2530 1984 μὴ
2568 1909 2708 1967 εἶναι
2754 1914 2938 1978 πάλιν,
2984 1916 3032 1967 εί
3085 1915 3160 1987 μὴ
3207 1918 3273 1987 τῇ
3318 1915 3455 1986 πρὸς
3502 1918 3595 1969 τὸν
3633 1917 3760 1970 ὄντα

484 1991 758 2064 gniﬁcare
793 1993 967 2047 voluit
992 2008 1117 2058 nos,
1146 2008 1269 2049 cum
1289 2003 1487 2050 natura
1509 1998 1760 2055 homines
1789 2000 1984 2063 simus,
2018 2001 2073 2053 in

485 2082 798 2140 substantia
823 2082 1005 2141 Patris
1034 2100 1159 2142 esse
1178 2087 1393 2156 positos
1424 2096 1478 2143 et
1511 2088 1677 2162 794Ι
1695 2091 1853 2161 quasi
1879 2092 1932 2145 in
1953 2091 2073 2161 ipso

486 2175 796 2242 exsistere,
857 2178 952 2232 sed
992 2191 1093 2233 nos
1149 2179 1358 2246 vivere,
1407 2191 1462 2237 et
1510 2182 1566 2236 in
1616 2181 1728 2238 Deo
1766 2199 1912 2248 esse,
1959 2183 2075 2239 sive

484 2265 813 2324 subsistere.
849 2266 1098 2323 Observa
1134 2268 1280 2324 enim
1317 2286 1428 2325 non
1457 2273 1784 2343 simpliciter
1812 2282 1868 2330 ct
1906 2275 2074 2330 abso-

484 2354 599 2409 lute
621 2355 825 2427 dicere,
858 2372 959 2412 nos
985 2358 1162 2412 solum
1189 2357 1246 2412 in
1266 2357 1377 2413 Deo
1396 2376 1538 2426 esse,
1570 2371 1791 2434 pr0pter
1815 2374 1990 2428 tuam,
2016 2374 2073 2420 ut

484 2446 746 2502 credibile
767 2455 871 2514 est,
898 2448 1257 2518 imperitiam,
1298 2466 1332 2503 ο
1371 2451 1553 2517 bone;
1611 2454 1705 2509 sed
1736 2456 1890 2509 vario
1911 2456 2074 2512 modo

481 2538 630 2607 quod
658 2536 846 2592 dicere
873 2539 1050 2593 voluit
1083 2541 1437 2611 explicando,
1466 2546 1758 2612 praemisso
1789 2547 1905 2612 illo,
1942 2549 2072 2603 vivi-

484 2643 623 2690 mus,
656 2627 855 2685 deinde
896 2628 1105 2696 addito,
1136 2648 1427 2694 moremur,
1467 2634 1535 2688 ad
1585 2642 1895 2692 extremum
1922 2639 2072 2693 intu-

483 2717 637 2781 lisse,
676 2734 882 2785 sumus,
911 2730 970 2774 ut
1003 2723 1432 2789 praecedentium
1465 2739 1691 2781 sensum
1716 2729 2068 2798 esprimeret.

482 2809 751 2882 Equidem
814 2813 1075 2869 existimo
1128 2812 1224 2869 Dei
1290 2815 1507 2872 hostem
1559 2819 1711 2876 hisce
1762 2822 2072 2880 rationibus

483 2907 672 2962 forsan
692 2905 991 2962 confusum
1022 2907 1129 2975 iri;
1160 2908 1258 2964 sed
1281 2910 1327 2965 si
1350 2928 1547 2969 rursus
1566 2913 1813 2982 insultet,
1841 2926 1895 2972 et
1913 2917 2069 2982 illud,

483 2998 539 3051 in
571 2996 701 3062 Deo,
736 2996 803 3051 ad
846 2997 1065 3053 libitum
1100 3015 1261 3055 suum
1309 3002 1658 3075 detorqueat,
1685 3007 1955 3066 divinitus
1983 3009 2072 3066 in-

483 3090 707 3159 spirata:
736 3089 1006 3145 doctrina:
1030 3093 1490 3151 consuetudinem
1522 3099 1895 3159 ostendemus.
1922 3101 2072 3158 Solet

481 3183 630 3236 enim
676 3180 766 3235 illa
799 3182 1135 3251 quandoque
1175 3199 1276 3254 pro
1309 3201 1375 3240 eo
1403 3188 1546 3257 quod
1603 3199 1709 3257 est,
1738 3208 1831 3261 per
1875 3194 2067 3260 Deum,

481 3273 688 3339 dicere,
743 3274 799 3327 in
850 3272 982 3328 Deo.
1037 3274 1257 3347 Alioqui
1310 3281 1645 3351 respondeat
1699 3285 1974 3354 quomodo
2015 3287 2068 3341 in

482 3363 720 3419 Psalmis
751 3365 1073 3422 clamaverit
1102 3366 1271 3424 David
1311 3388 1325 3424 :
1368 3389 1387 3421 ι
1427 3371 1486 3426 In
1520 3372 1631 3430 Deo
1658 3375 1922 3439 faciemus
1957 3379 2072 3433 vir-

483 3461 658 3509 tutem
689 3456 773 3520 ¹⁹;
840 3475 859 3508 ι
902 3457 1028 3513 item
1064 3460 1129 3514 ad
1166 3460 1343 3530 ipsum
1381 3460 1550 3518 Deum
1618 3482 1878 3524 sermone
1939 3484 2072 3526 con-

482 3561 647 3602 verso
680 3565 693 3601 :
728 3567 746 3599 ι
778 3549 836 3602 In
861 3557 911 3605 te
946 3550 1205 3609 inimicos
1252 3564 1473 3611 nostros
1512 3558 1906 3616 ventilabimus
1947 3576 2070 3617 cor-

482 3653 554 3692 nu
586 3639 657 3694 ¹⁹.
691 3657 710 3692 ι
744 3637 859 3697 Nec
885 3644 1029 3699 enim
1055 3643 1109 3698 id
1139 3645 1209 3700 ab
1241 3661 1306 3701 eo
1335 3647 1444 3703 dici
1474 3649 1761 3721 quisquam
1790 3653 2072 3710 existima-

483 3732 636 3797 verit,
680 3734 841 3802 quasi
863 3734 918 3789 in
951 3737 1261 3792 substantia
1284 3738 1378 3794 Dei
1404 3740 1662 3798 virtutem
1688 3745 1983 3813 quamdam
2009 3762 2069 3802 se

482 3819 756 3875 facturum
813 3824 1071 3895 recipiat,
1109 3843 1210 3883 nec
1239 3829 1297 3884 in
1344 3831 1461 3901 ipsa
1500 3835 1592 3903 qui
1645 3850 1776 3893 suos
1811 3837 2068 3894 inimicos

479 3908 814 3965 offenderint
849 3929 945 3970 eos
969 3918 1339 3977 ventilaturos
1368 3937 1541 3978 cornu
1567 3924 1865 3985 Psalmista
1896 3930 2066 3996 dicat,

478 4001 574 4055 sed
599 4002 655 4055 in
697 4000 807 4057 Deo
841 4005 936 4071 ait,
964 4023 1063 4077 pro
1097 4025 1163 4065 co
1199 4012 1346 4082 quod
1375 4023 1481 4080 est,
1509 4034 1601 4086 per
1628 4017 1812 4087 Deum,
1842 4031 1895 4076 et
1934 4022 2066 4079 illud

478 4098 534 4150 in
570 4105 639 4165 te,
680 4111 901 4164 rursus,
949 4115 1049 4170 pro
1070 4118 1153 4177 ‘eo
1201 4108 1347 4174 quod
1393 4117 1500 4177 est,
1539 4123 1726 4181 perte.
1767 4113 1887 4170 Jam
1937 4134 2066 4174 vero

477 4201 579 4243 cur
634 4188 827 4247 beatus
893 4188 1097 4249 Paulus
1155 4195 1458 4255 Corinthiis
1514 4203 1763 4261 scribens
1841 4209 2060 4266 aiebat:

482 4296 502 4330 ι
541 4274 758 4335 Gratias
786 4295 888 4352 ago
909 4281 1017 4339 Deo
1039 4301 1162 4342 meo
1193 4303 1293 4357 pro
1323 4291 1584 4350 omnibus
1617 4296 1772 4352 vobis
1793 4298 1846 4353 in
1884 4303 2062 4371 gratia

476 4369 571 4426 Dei
602 4387 726 4442 qua:
748 4373 874 4429 data
903 4384 987 4431 est
1028 4378 1184 4455 vobis
1217 4381 1268 4434 in
1302 4381 1524 4440 Christo
1557 4385 1806 4444 Jesu“?»
1836 4369 1907 4448 Et
1934 4410 2059 4450 rur-

474 4478 621 4518 sus:
666 4482 685 4515 ι
750 4463 827 4520 Ex
875 4467 996 4539 ipso
1027 4480 1207 4527 autem
1250 4489 1346 4531 vos
1388 4477 1524 4533 estis
1554 4479 1610 4535 in
1645 4480 1868 4540 Christo
1907 4485 2057 4554 Jesu,

2178 2002 2359 2073 σχέσει
2390 2004 2490 2075 τῆς
2529 2007 2737 2071 οἰκείας
2774 2007 3044 2076 γενέσεως
3077 2006 3298 2077 ἐνίκησε
3324 2008 3422 2081 τὴν
3453 2008 3756 2067 ἀσθένειαν.

2179 2096 2324 2166 Ἔφη
2368 2098 2660 2169 τοιγαροῦν
2694 2100 2723 2152 6
2769 2099 3058 2165 θεσπέσιος
3101 2099 3311 2164 Παῦλος
3354 2100 3529 2170 ὀρθῶς
3573 2120 3632 2155 τε
3669 2104 3761 2156 καὶ

2178 2187 2323 2258 μάλα
2351 2188 2550 2254 καλῶς,
2578 2188 2723 2262 ζωὴν
2744 2190 2853 2245 τῶν
2874 2191 3010 2245 ὅλων
3041 2192 3351 2257 ἐπιδεικνὺς
3378 2191 3471 2246 τὸν
3494 2193 3651 2259 Θεὸν,
3686 2194 3763 2255 ὡς

2174 2282 2233 2335 ὲν
2281 2281 2429 2353 αὐτῷ
2473 2280 2681 2355 ζῶμεν,
2728 2284 2823 2338 καὶ
2878 2284 3210 2357 κινούμεθα,
3266 2284 3359 2339 καὶ
3408 2285 3610 2357 ἐσμέν·
3663 2287 3763 2339 οὐκ

2175 2375 2351 2429 ἐκεῖνο
2397 2374 2615 2439 πάντως
2667 2374 2864 2448 δηλῶν,
2927 2377 3065 2449 ὅπερ
3112 2378 3266 2431 αὐτοὶ
3301 2378 3400 2448 τὴν
3450 2377 3562 2431 τῶν
3600 2379 3765 2451 ἱερῶν

2175 2469 2525 2542 Γραμμάτων
2573 2469 2841 2544 ὀρθότητα
2882 2470 3369 2545 παραφθείροντες
3401 2472 3763 2527 διεπλάσαντο

2174 2562 2295 2615 κατ’
2329 2563 2528 2616 οἰκεῖον
2569 2564 2790 2630 σκοπὸν,
2834 2564 2951 2619 ἀλλ’
2997 2565 3133 2636 ὅπερ
3162 2560 3229 2636 ἦν
3277 2564 3476 2635 ἀληθὲς
3522 2567 3616 2619 καὶ
3649 2567 3763 2626 τοῖς

2174 2653 2298 2725 ἄρτι
2350 2654 2889 2728 παιδαγωγουμένοις
2922 2659 3001 2722 είς
3035 2658 3364 2727 θεογνωσίαν
3414 2656 3764 2728 ὠφελιμώτα-
3812 2675 3829 2693 ’

2172 2761 2286 2801 τον.
2330 2746 2441 2799 Καὶ
2474 2746 2523 2798 εἰ
2556 2745 2640 2799 δεῖ
2668 2748 2999 2819 σαφέστερον
3031 2750 3225 2814 εἰπεῖν,
3254 2749 3355 2803 οὐκ
3400 2748 3481 2802 ἔτι
3522 2744 3763 2822 σημῆναι

2176 2836 2498 2908 βεϐούληται
2533 2838 2616 2891 ὄτι
2650 2837 2927 2910 ἄνθρωποι
2967 2841 3066 2912 τὴν
3103 2840 3264 2911 φύσιν
3292 2841 3673 2913 τυγχάνοντες,
3701 2842 3765 2897 ὲν

2171 2931 2239 3001 τῇ
2267 2928 2425 3000 οὐσίᾳ
2471 2927 2566 2982 τοῦ
2616 2930 2826 3003 Πατρὸς
2877 2931 3109 3003 κείμεθά
3158 2949 3219 2986 τε
3271 2933 3364 2987 καὶ
3399 2933 3477 2997 ὡς
3517 2932 3671 2998 ὄντες
3702 2935 3763 2988 ὲν

2173 3021 2322 3093 αὐτῷ
2370 3023 2694 3094 φαινόμεθα,
2738 3023 2854 3078 ἀλλ’
2896 3025 2978 3079 ὅτι
3033 3024 3130 3079 καὶ
3181 3024 3531 3099 ζῶμενηκαὶ
3582 3025 3765 3081 κινού-

2177 3111 2336 3184 μεθα,
2377 3113 2470 3167 καὶ
2514 3114 2681 3183 ἐσμὲν
2708 3116 2772 3167 ὲν
2803 3112 2942 3184 Θεῷ,
2978 3115 3095 3185 ἦτοι
3130 3116 3560 3186 συνεστήκαμεν.
3595 3112 3763 3180 Σύνες

2174 3205 2281 3276 γάρ
2303 3205 2378 3269 ὡς
2404 3205 2501 3276 οὐχ
2538 3204 2724 3269 ἁπλῶς
2759 3223 2819 3259 τε
2858 3206 2953 3259 καὶ
2981 3205 3283 3277 ἀνειμένως
3304 3204 3409 3278 ἔφη
3440 3205 3520 3272 τὸ,
3554 3206 3637 3260 ὅτι
3671 3205 3764 3277 μόο

2173 3315 2261 3351 νον
2296 3298 2462 3368 ὲσμὲν
2491 3298 2549 3351 ἐν
2578 3297 2717 3368 Θεῷ,
2749 3297 2836 3351 διά
2885 3297 2981 3369 τὴν
3015 3297 3135 3368 σὴν,
3165 3297 3241 3361 ὡς
3282 3296 3450 3362 εἰκὸς,
3470 3294 3756 3368 ,άμαθίαν,

2172 3379 2217 3440 ὦ
2246 3388 2364 3451 τᾶν,
2400 3385 2535 3439 ἀλλὰ
2566 3386 2860 3458 διαφόρως,
2893 3387 3031 3457 ὅπερ
3072 3386 3337 3457 ἠθέλησεν
3376 3388 3552 3439 εἰπεῖν
3582 3387 3760 3459 ἑρμη-

2171 3478 2363 3542 νεύων,
2388 3478 2483 3531 καὶ
2513 3477 2574 3530 τὸ
2609 3476 2794 3547 ζῶμεν
2821 3477 3116 3550 προτάξας,
3158 3477 3454 3552 ἐπαγαγὼν
3495 3478 3551 3532 δὲ
3585 3479 3761 3551 τούτῳ

2155 3572 2264 3625 ’καὶ
2290 3571 2350 3624 τὸ
2386 3570 2726 3640 κινούμεθα,
2753 3571 2934 3642 τρίτον
2966 3572 3215 3643 ἐπήγαγε
3240 3571 3301 3626 τὸ
3328 3572 3537 3642 ἐσμὲν,
3559 3575 3625 3645 τῇ
3649 3573 3759 3628 τῶν

2171 3663 2551 3735 προλαϐόντων
2577 3662 2783 3734 διανοίᾳ
2822 3663 2918 3717 καὶ
2963 3663 3094 3717 αὐτὸ
3131 3664 3507 3736 χαριζόμενος.
3541 3666 3652 3719 Καὶ
3681 3662 3759 3719 οῖ-

2175 3777 2273 3828 μαι
2310 3758 2409 3827 μὲν
2452 3760 2534 3813 ὅτι
2579 3758 2893 3830 δυσωπήσει
2937 3759 3078 3829 τάχα
3111 3776 3216 3813 που
3250 3759 3343 3813 τὸν
3371 3760 3637 3831 θεομάχον
3666 3763 3759 3828 ὁρ-

2171 3850 2276 3915 Οῶς
2309 3852 2449 3922 ἔχων
2485 3853 2616 3922 ἡμῖν
2652 3853 2681 3905 6
2713 3850 2842 3922 περὶ
2883 3849 3074 3905 τούτου
3103 3851 3292 3920 λόγος’
3335 3852 3672 3923 ὲνισταμένῳ
3698 3852 3758 3905 δὲ

2169 3944 2352 4010 πάλιν,
2382 3944 2475 3999 καὶ
2505 3944 2564 3998 τὸ
2607 3944 2678 3998 ἐν
2706 3943 2788 4009 τῷ
2822 3944 2944 4008 Θεῷ
2975 3944 3354 4015 περιέλκοντες
3397 3943 3508 4016 [γρ.
3539 3945 3759 4016 περιέ).-

2168 4036 2336 4110 κοντι]
2380 4038 2517 4109 πρὸς
2542 4037 2603 4091 τὸ
2628 4036 2776 4107 αὐτῷ
2820 4036 2913 4090 καὶ
2945 4038 3090 4107 μόνῳ
3129 4036 3340 4103 δοκοῦν,
3371 4036 3469 4105 τῆς
3502 4036 3756 4090 θεοπνεύ-
3828 4064 3835 4069 ·

2169 4144 2293 4181 στου
2323 4128 2549 4198 Γραφῆς
2583 4129 2684 4199 τὴν
2732 4129 3017 4197 συνήθειαν
3065 4127 3421 4197 ἐπιδείξομεν.
3455 4127 3615 4190 Ἕθος
3643 4126 3753 4197 γάρ

2166 4219 2302 4290 αὐτῇ
2334 4218 2513 4287 λέγειν
2542 4218 2653 4272 ἐσθ’
2681 4219 2768 4272 ὅτε
2803 4218 2923 4272 ἀντὶ
2952 4217 3046 4272 τοῦ
3086 4218 3183 4272 διὰ
3215 4218 3381 4280 Θεοῦ,
3415 4216 3475 4270 τὸ
3506 4217 3577 4270 ἐν
3606 4216 3748 4282 Θεῷ.

2178 4309 2336 4363 Ἐπεὶ
2356 4309 2562 4378 λεγέτω
2582 4309 2691 4380 γὰρ
2713 4311 2917 4372 ἐκεῖνος
2940 4312 3094 4380 ἡμῖν,
3118 4309 3235 4373 πῶς
3267 4311 3325 4363 ἐν
3358 4308 3606 4379 Ψαλμοῖς
3628 4308 3751 4360 άνα-

2163 4403 2404 4471 κέκραγε
2432 4400 2606 4470 λέγων
2643 4418 2760 4463 τις·
2796 4421 2813 4452 ι
2863 4401 2951 4454 Ἐν
2975 4400 3053 4471 τῷ
3089 4399 3209 4470 Θεῷ
3256 4400 3554 4471 ποιήσομεν
3591 4398 3750 4452 δύνα-

2166 4510 2290 4564 μινο
2327 4511 2346 4545 ι
2379 4493 2475 4547 καὶ
2528 4491 2689 4545 πάλιν
2734 4491 2810 4555 ὡς
2863 4492 3000 4564 πρὸς
3052 4492 3244 4545 αὐτόν*
3282 4509 3301 4542 ι
3347 4491 3436 4545 Ἐν
3492 4491 3574 4543 σοὶ
3622 4490 3747 4553 τοὺς

472 4556 571 4625 qui
606 4554 785 4613 factus
815 4567 900 4615 est
946 4563 1107 4620 nobis
1138 4568 1408 4636 sapientia
1437 4587 1467 4624 a
1494 4570 1630 4641 Deo,
1652 4584 1706 4630 et
1737 4578 1974 4647 justitia,
2003 4592 2057 4637 et

2171 4554 2392 4652 ἶἐχθροὺς
2440 4580 2596 4651 ήμῶν
2634 4554 3016 4653 κερατιοῦμεν.
3057 4601 3077 4633 ι
3104 4582 3181 4638 Οὐ
3215 4582 3323 4652 γάρ
3358 4581 3423 4651 δή
3461 4598 3543 4643 τις
3576 4582 3750 4651 οἰήσε-

473 4649 860 4719 sanctiﬁcatio,
910 4663 965 4709 et
998 4654 1310 4728 redemptio
1354 4662 1453 4715 “.3
1487 4661 1747 4736 Nunquid
1769 4670 1939 4737 enim,
1969 4673 2055 4726 in-

470 4741 625 4811 quiet
678 4743 980 4814 prudenter
1022 4746 1210 4804 forsan
1245 4752 1470 4823 aliquis,
1531 4758 1784 4815 traditam
1831 4738 2053 4821 caelitus

470 4833 775 4891 Corinthiis
795 4838 1027 4907 gratiam
1056 4840 1108 4894 in
1144 4842 1261 4911 ipsa
1285 4842 1488 4904 Christi
1525 4851 1836 4909 substantia
1867 4856 2049 4913 datam

468 4925 546 4978 ait
571 4923 890 4995 Apostolus,
929 4938 1025 4985 aut
1055 4931 1262 5004 aliquid
1289 4938 1436 4994 aliud
1468 4940 1596 4996 huic
1633 4944 1817 5002 simile
1852 4948 2053 5004 intelli-

468 5016 547 5084 git
572 5018 596 5070 ἲ
630 5017 698 5072 At
728 5021 1006 5089 quomodo
1035 5037 1148 5083 non
1182 5025 1327 5083 istud
1363 5035 1558 5103 nugari
1587 5037 1657 5091 sit
1679 5037 1701 5090 ?
1721 5037 1833 5092 Cur
1864 5040 2053 5112 itaque

467 5120 753 5163 sacrarum
796 5110 1130 5170 Litterarum
1177 5126 1635 5182 consuetudinem
1682 5141 1937 5187 evertens
1971 5110 2050 5188 iet

464 5383 553 5439 nis
591 5386 978 5455 praedicantem
1017 5412 1030 5451 :
1091 5414 1110 5449 ι
1146 5396 1286 5467 Quia
1348 5401 1404 5456 in
1456 5403 1577 5474 ipso
1618 5407 1878 5473 vivimus,
1930 5424 2049 5465 mo.

2158 4691 2251 4726 ται
2294 4670 2453 4726 τοῦτο
2495 4673 2674 4741 λέγειν
2721 4673 2903 4739 αὑτὸν,
2951 4674 3027 4738 ὡς
3073 4676 3131 4727 ὲν
3169 4677 3236 4746 τῇ
3281 4674 3440 4745 οὐσίᾳ
3481 4674 3574 4728 τοῦ
3611 4672 3746 4727 Θεοῦ

2158 4764 2387 4834 δύναμίν
2424 4781 2539 4817 τινα
2570 4764 2994 4837 δημιουργήσειν
3038 4765 3453 4834 ἐπαγγέλλεται,
3483 4765 3599 4819 ἀλλ’
3626 4765 3747 4818 οὐδὲ

2158 4860 2216 4910 ὲν
2249 4858 2389 4927 αὐτῇ
2432 4857 2559 4921 τοὺς
2604 4858 2764 4922 ἰδίους
2807 4859 3035 4930 ἐχθροὺς
3079 4859 3430 4926 εὑρίσκοντας
3472 4860 3746 4929 κερατιεῖν

2159 4949 2356 5012 αὐτοὺς
2405 4949 2432 5001 6
2474 4947 2691 5017 ψάλλων
2732 4951 2915 5020 φησὶν,
2964 4950 3078 5004 ἀλλ’
3120 4950 3190 5003 ἐν
3229 4948 3350 5015 Θεῷ
3385 4966 3568 5019 φησιν,
3626 4948 3747 5001 ἀντὶ

2157 5036 2251 5091 τοῦ
2298 5037 2395 5091 διὰ
2444 5039 2591 5094 Θεοῦ
2612 5057 2625 5069 ·
2660 5041 2753 5093 καὶ
2780 5040 2841 5093 τὸ
2872 5041 2941 5094 ἐν
2970 5042 3068 5095 σοί
3119 5040 3302 5108 πάλιν,
3336 5040 3457 5094 ἀντὶ
3505 5038 3598 5092 τοῦ
3644 5038 3742 5094 διὰ

2158 5129 2293 5183 σοῦ.
2336 5131 2400 5183 Τί
2439 5131 2497 5185 δὲ
2533 5133 2628 5188 καὶ
2671 5135 2699 5186 6
2741 5133 3007 5205 μακάριος
3049 5133 3260 5196 Παῦλος
3295 5133 3601 5205 Κορινθίοις
3629 5133 3748 5184 ἐπι-

2161 5220 2391 5274 στέλλων
2425 5222 2648 5291 ἕλεγεν;
2680 5243 2698 5276 t
2736 5225 3057 5297 Εὑχαριστῶ
3079 5226 3156 5296 τῷ
3185 5224 3303 5295 Θεῷ
3334 5243 3434 5297 μου
3460 5226 3585 5294 περὶ
3609 5225 3746 5277 πάν-

2156 5330 2261 5365 των
2294 5313 2448 5385 ὑμῶν
2501 5316 2591 5369 ἐπὶ
2642 5319 2707 5387 τῇ
2761 5317 2978 5389 δοθείσῃ
3022 5319 3150 5388 ὑμῖν
3197 5319 3256 5371 ὲν
3302 5317 3523 5388 Χριστῷ
3568 5316 3746 5387 Ἰησοῦ

2154 5406 2357 5474 χάριτι.
2397 5425 2414 5457 ι
2450 5408 2557 5460 Καὶ
2598 5408 2794 5461 πάλιν·
2834 5429 2851 5460 ι
2904 5408 2993 5476 Ἐξ
3025 5409 3189 5464 αὐτοῦ
3228 5409 3285 5463 δὲ
3337 5409 3493 5478 ὑμεῖς
3532 5408 3656 5459 ἐστε
3682 5407 3744 5460 ἐν

465 5488 660 5573 ventur
709 5487 762 5532 et
790 5484 1026 5539 sumus?
1062 5503 1081 5537 ι
1119 5486 1363 5554 Atenim,
1394 5491 1569 5561 inquit
1606 5499 2044 5565 perniciosorutn

2171 5497 2374 5567 (ριστῷ
2415 5499 2609 5569 Ἰησοῦ,
2658 5501 2715 5564 ὃς
2761 5501 2990 5573 ἐγενήθη
3041 5504 3170 5573 ἡμῖν
3213 5501 3372 5570 σοφία
3425 5499 3532 5553 άπὸ
3577 5497 3739 5561 Θεοῦ,

460 5560 775 5665 dogma-tum
834 5572 1114 5642 magister,
1171 5560 1623 5649 quandoquidem
1671 5584 1769 5638 tibi
1827 5574 2067 5641 videtur

2171 5560 2556 5662 ῑικαιοσύνησε
2586 5560 2995 5665 καὶ-ἁγιασμὸς,
3022 5560 3115 5647 κᾶι
3142 5560 3515 5664 ἀπολύτρωσις
3562 5585 3741 5662 »Ἄρα

461 5654 627 5723 illud,
650 5658 704 5713 in
728 5656 839 5715 Deo
883 5678 1014 5733 esse,
1050 5676 1199 5724 recte
1246 5670 1479 5745 intelligi
1526 5688 1627 5744 pro
1650 5690 1716 5730 eo
1746 5677 1892 5747 quod
1937 5688 2044 5744 est,

2153 5678 2284 5751 γὰρ,
2312 5682 2428 5753 ἐρεῖ
2455 5700 2539 5747 τις
2567 5685 2853 5757 νουνεχῶς,
2880 5686 2962 5741 ὅτι
2989 5686 3088 5758 τὴν
3122 5684 3555 5756 άπονεμηθεῖσάν
3591 5682 3739 5738 ἄνω-

535 5825 579 5860 ¹⁹
608 5825 753 5888 Psal.
780 5848 897 5906 ιιι,
925 5838 1008 5894 Ν.
1088 5843 1133 5875 ²⁰
1165 5841 1313 5899 Psal.
1355 5862 1489 5902 xuu
1514 5889 1528 5918 ,
1559 5848 1611 5905 6.
1695 5852 1735 5883 ¹¹
1770 5852 1789 5905 l
1828 5852 1959 5910 Cor.
1986 5873 2023 5926 ι,
2052 5859 2067 5911 Α

2187 5861 2229 5891 ²²
2267 5859 2405 5915 ibid.
2434 5861 2521 5916 50.
