4076 6270
303 359 415 419 ⁸233

1385 359 1454 414 ΙΝ
1491 358 1777 417 JOANNIS
1815 359 2266 418 EVANGELIUM
2305 360 2434 415 LIB.
2479 357 2571 415 IX.

3459 364 3568 423 234

304 476 399 529 θεν
430 475 546 538 τοῖς
582 471 885 545 Κορινθίοις
909 470 1067 544 χάριν
1105 473 1161 526 ἐν
1195 472 1330 545 αὐτῇ
1354 476 1420 545 τῇ
1444 475 1602 546 οὐσία
1634 475 1727 529 τοῦ
1757 477 1886 547 Χρι-

1990 491 2082 544 per
2108 475 2296 541 Deum,
2334 473 2464 543 quid
2506 472 2711 529 frustra
2748 471 2995 542 nugaris,
3033 481 3127 526 aut
3176 487 3277 528 cur
3309 474 3571 545 blasphe-

306 565 438 620 στοῦ
481 564 723 620 δεδόσθαι
772 563 934 633 φησὶν
973 564 1002 617 ὁ
1048 565 1510 636 πνευματοφόρος,
1555 566 1723 635 ἤγουν
1760 566 1888 618 ἀκο·

306 658 515 721 λούθως
560 655 732 723 τούτῳ
775 653 836 706 τὸ
881 654 1070 725 ἕτερον
1101 654 1433 725 ἐπιλήψεως
1480 655 1590 707 Καὶ
1632 655 1748 720 πῶς
1787 658 1888 708 οὐκ

307 753 376 806 ἂν
403 749 573 821 ὁρῷτο
614 745 794 818 ληρῶν
820 764 834 810 ;
865 746 932 797 Τί
964 745 1140 799 τοίνυν
1174 747 1268 799 καὶ
1296 746 1429 799 αὐτὸ
1472 746 1534 800 τδ
1576 746 1685 800 τῶν
1730 747 1891 818 ἱερῶν

306 841 347 891 Γ
353 838 651 910 ραμμάτων
691 834 988 906 παραλύων
1021 833 1160 899 ἔθος,
1205 837 1297 889 καὶ
1345 836 1441 906 τὴν
1487 835 1580 889 τοῦ
1617 836 1889 907 μακαρίου

306 929 518 982 Παύλου
577 926 775 999 βουλὴν
832 927 1281 998 συκοφαντήσας,
1330 927 1594 998 ὑπάρχειν
1635 930 1784 997 ἡμᾶς
1833 929 1892 981 ὲν

302 1021 443 1093 Θεῷ,
476 1020 624 1075 τοῦτ’
667 1021 816 1075 ἔστιν
871 1021 929 1073 ὲν
962 1023 1027 1091 τῇ
1081 1020 1240 1091 οὐσία
1286 1020 1379 1074 τοῦ
1424 1022 1656 1093 Πατρδς,
1690 1021 1888 1090 λέγεις,

303 1115 431 1167 ὅταν
458 1111 697 1184 ἀκούσῃς
735 1115 846 1175 τοῖς
883 1113 941 1163 ὲν
983 1112 1240 1185 Ἀθήνῃσι
1270 1113 1592 1176 διειπόντοςο
1628 1131 1647 1163 ε
1686 1114 1804 1166 ’Ότι
1833 1114 1891 1166 ὲν

305 1204 456 1274 αὖτῴ
486 1203 688 1273 ζῶμεν,
741 1202 835 1255 καὶ
877 1202 1213 1271 κινούμεθα,
1265 1203 1361 1256 καὶ
1412 1204 1613 1272 ἐσμένς
1671 1221 1689 1254 ι
1732 1202 1891 1255 Ἀλλά

306 1295 416 1356 ναὶ,
464 1292 628 1363 φησὶν
669 1293 697 1343 ὁ
739 1292 846 1344 τῶν
895 1291 1156 1362 ὀλεθρίων
1204 1292 1487 1361 δογμάτων
1516 1290 1888 1362 προεστηκὼς,

302 1385 425 1438 ὲπεί
456 1402 537 1438 σοι
575 1385 724 1438 δοκεῖ
762 1385 855 1437 καὶ
889 1383 1065 1455 ὀρθῶς
1099 1383 1243 1454 ἔχειν
1288 1383 1621 1453 φαίνεταιτὸ
1664 1382 1733 1436 ἐν
1770 1382 1892 1448 Θεῷ

300 1475 479 1543 εἶναι,
526 1477 621 1530 καὶ
669 1475 903 1529 νοεῖσθαι
945 1476 1043 1529 διὰ
1090 1476 1262 1541 Θεοῦ,
1294 1476 1344 1528 τί
1376 1477 1549 1546 μάτην
1588 1473 1893 1543 καταφλυα-

305 1569 464 1637 ρεῖς;
516 1566 676 1619 τί-δὲ
721 1567 831 1629 τοῖς
870 1565 1181 1637 δυσφημίας
1231 1566 1567 1635 ἐγκλήμασιν
1607 1565 1888 1634 ὑποτίθης,

299 1660 433 1710 ὅταν
463 1657 793 1728 πεποιῆσθαι
833 1658 920 1712 διὰ
966 1657 1060 1711 τοῦ
1107 1657 1320 1728 Παξρδς
1364 1654 1758 1725 διατεινώμεθα
1799 1655 1891 1708 τὸν

303 1750 476 1814 Υἰὸνς
517 1750 648 1804 Ἰδοὺ
695 1750 802 1821 γὰρ
845 1750 1004 1813 αὐτός
1056 1766 1255 1820 φησιν’
1305 1766 1324 1799 ι
1370 1747 1493 1801 Ὀτι
1542 1746 1654 1814 ἐγὼ
1691 1746 1763 1800 ἐν
1811 1743 1892 1811 τῷ

301 1843 509 1911 Harp},
549 1863 567 1895 ι
603 1845 725 1897 ἀντὶ
746 1842 841 1896 τοῦ
866 1843 961 1897 διὰ
986 1844 1091 1897 τοῦ
1121 1842 1369 1910 Πατρός.
1403 1843 1544 1895 κατά
1565 1859 1628 1910 γε
1654 1840 1745 1893 τὸν
1775 1839 1886 1904 σὸν,

301 1928 349 1987 ὧ
375 1931 550 1997 οὗτος,
594 1933 752 2001 λόγον
796 1935 889 1988 καὶ
928 1935 1024 2004 τὴν
1065 1933 1264 2004 ἀρτίως
1307 1935 1439 2003 ἡμῖν
1484 1934 1547 1986 ὲκ
1589 1932 1696 1985 τῶν
1729 1931 1889 2003 ἱερῶν

303 2023 652 2094 Γραμματων
680 2023 1103 2095 παρενεχθεῖσαν
1129 2025 1434 2096 συνήθειαν.
1487 2021 1629 2091 Ἐγὼ
1668 2022 1725 2076 δὲ
1756 2022 1890 2093 πρὸς

305 2113 463 2166 τοῦτό
528 2129 671 2184 φημι
722 2113 835 2166 δεῖν
899 2114 1347 2185 ἀπολογήσασθαι
1396 2113 1597 2177 πάλιν,
1642 2113 1737 2166 καὶ
1792 2112 1889 2175 τὰς

309 2203 529 2256 ἐκείνων
579 2202 916 2275 κακουργίας
960 2203 1358 2275 ἀπογυμνῶσαι
1391 2205 1486 2257 καὶ
1521 2203 1716 2274 βλάϐη.
1749 2203 1890 2255 Θαυ-

315 2290 473 2360 μάζω
517 2291 623 2362 γὰρ
671 2292 815 2357 ὅπως
850 2292 1105 2363 ἀσμένως
1158 2293 1497 2356 ἀκούσαντες
1528 2294 1609 2347 ὅτι
1640 2294 1710 2346 ἐν
1742 2292 1885 2357 Θεῷ,

314 2382 413 2436 διὰ
443 2383 589 2437 Θεοῦ
625 2383 798 2451 λέγειν
833 2384 953 2448 ἔθος
984 2387 1049 2456 τῇ
1083 2385 1206 2457 θείᾳ
1245 2387 1461 2457 Γραφῇ,
1491 2386 1582 2439 καὶ
1610 2385 1700 2439 διὰ
1725 2385 1883 2455 μόνον

314 2473 376 2527 τὸ
400 2475 660 2529 δύνασθαι
691 2479 965 2530 κατειπεῖν
999 2495 1051 2530 τι
1076 2478 1172 2547 τῆς
1205 2477 1365 2549 δόξης
1396 2478 1488 2531 τοῦ
1523 2476 1882 2546 Μονογενοῦς,

317 2567 729 2631 συναινέσαντές
754 2586 813 2643 τε
844 2570 938 2623 καὶ
970 2570 1069 2638 τὴν
1114 2569 1260 2635 λέξιν
1296 2568 1755 2642 παραδεξάμενοι,
1786 2570 1885 2640 λη-

316 2658 538 2727 ροῦντες
575 2660 654 2713 ὅτι
707 2659 870 2713 πάλιν
924 2660 1078 2713 οὐδὲν
1114 2656 1280 2733 ἦττον
1327 2659 1627 2715 ἁλώσονται
1665 2659 1888 2730 διεγνώ-

309 2766 469 2803 κασιν
502 2750 769 2821 οὐδαμῶς,
802 2752 978 2807 καίτοι
1008 2754 1308 2822 φάσκοντες
1337 2749 1477 2809 εἶναι
1516 2756 1669 2825 σοφοί
1695 2774 1753 2810 τε
1793 2756 1889 2811 καὶ

306 2841 540 2911 δριμεῖς.
569 2838 633 2895 Εἰ
666 2841 765 2912 μὲν
793 2843 1116 2913 γὰρ’μόνοις
1145 2846 1355 2914 ἐφεῖται
1385 2846 1498 2908 τοῖς
1533 2845 1600 2899 δι’
1639 2844 1889 2909 ἐναντίας

307 2931 369 2984 τὸ
413 2932 512 3002 τῆς
544 2932 906 2987 θεοπνεύστου
948 2935 1173 3006 Γραφῆς
1213 2937 1301 2990 ἀεὶ
1346 2934 1606 3007 τειχίζειν
1647 2936 1769 3000 ἔθος
1820 2937 1885 3007 τῇ

307 3024 467 3097 οὐσίᾳ
499 3024 593 3079 τοῦ
641 3027 1012 3095 Μονογενοῦς,
1061 3028 1156 3083 καὶ
1210 3029 1298 3084 διὰ
1344 3029 1503 3083 τοῦτο
1554 3030 1886 3099 πεποιῆσθαι

1994 567 2115 621 mia!
2173 583 2275 622 nos
2328 577 2580 630 accusas,
2623 579 2747 619 cum
2796 562 3000 618 factum
3055 579 3182 619 csse
3208 580 3305 634 per
3350 564 3568 620 Patrem

1993 656 2190 710 Filium
2225 654 2651 712 contendimus?
2701 652 2843 709 Ecce
2897 655 3043 707 enim
3096 655 3213 724 ipse
3248 656 3377 711 ait:
3430 656 3571 722 Quia

1989 764 2090 819 ego
2148 750 2201 802 in
2248 747 2431 813 Patre,
2487 746 2541 801 id
2589 754 2674 803 est
2723 761 2815 813 per
2869 744 3132 810 Patrem,
3191 746 3352 816 juxta
3421 757 3568 805 tuam

1993 839 2325 894 sententiam
2396 846 2450 892 ct
2515 838 2679 892 modo
2766 838 2927 892 nobis
3000 840 3223 895 allatam
3285 857 3568 897 sacrarum

1994 928 2407 998 Scripturarum
2475 928 2949 984 consuetudinem.
3008 929 3119 1000 Ego
3192 947 3319 986 vero
3387 934 3572 986 denuo

1994 1020 2080 1074 his
2126 1020 2571 1091 respondendum
2624 1021 2884 1086 arbitror,
2933 1037 3233 1091 eorumque
3260 1024 3421 1094 795
3459 1044 3544 1079 ma

1994 1112 2165 1167 litiam
2201 1111 2575 1181 retegendam.
2621 1111 2786 1166 Miror
2828 1111 2972 1166 enim
3003 1114 3302 1182 quomodo,
3342 1123 3550 1167 tamcts
3586 1112 3591 1119 ’

1993 1202 2270 1257 audierint
2301 1203 2502 1256 divina:
2530 1200 2831 1271 Scriptura:
2880 1217 3085 1256 morem
3129 1217 3253 1256 esse
3286 1212 3344 1255 ut
3375 1204 3428 1255 in
3468 1203 3571 1255 Deo

1993 1293 2144 1347 dicat
2178 1308 2278 1363 pro
2316 1307 2383 1346 eo
2408 1292 2557 1362 quod
2589 1302 2674 1347 est
2705 1308 2797 1360 per
2831 1292 3019 1354 Deum,
3052 1300 3217 1361 atque
3255 1292 3324 1345 ad
3369 1293 3573 1361 Unigc-

1994 1385 2096 1439 niti
2127 1385 2356 1455 gloriam
2378 1384 2770 1439 tantummodo
2803 1384 3170 1438 cavillaudam
3204 1385 3570 1446 assenserint,

1991 1490 2056 1529 ac
2093 1476 2390 1530 dictionem
2424 1475 2575 1528 illam
2606 1475 2967 1544 arripuerint,
3004 1490 3114 1528 non
3146 1482 3329 1529 tamen
3378 1491 3439 1530 se
3473 1490 3569 1528 va-

1992 1582 2096 1622 nos
2144 1573 2199 1622 et
2262 1567 2455 1622 inanes
2505 1581 2631 1621 esse
2680 1566 3156 1629 animadvertant,
3217 1568 3572 1637 quantumvis

1994 1656 2270 1725 sapientes
2303 1669 2363 1709 se
2395 1664 2448 1710 et
2490 1662 2686 1708 acutos
2718 1654 3019 1708 venditem.
3053 1653 3187 1709 Nam
3227 1656 3272 1709 si
3308 1655 3443 1710 solis
3475 1658 3572 1709 ad-

1993 1747 2257 1802 versariis
2295 1746 2634 1817 permittitur
2670 1760 2845 1801 sacra:
2879 1744 3181 1815 Scriptura:
3219 1748 3576 1802 consuetudi-

1992 1853 2117 1892 nem
2174 1837 2389 1892 ﬁrmare
2444 1851 2664 1907 semper
2706 1834 2988 1906 Unigeniti
3031 1838 3366 1902 substantia,
3404 1845 3572 1907 atque

1992 1929 2200 1984 idcirco
2247 1943 2371 1982 eum
2421 1942 2451 1980 a
2499 1926 2664 1982 Patre
2714 1926 2917 1982 factum
2948 1944 3072 1982 csse
3102 1929 3311 1992 dicere,
3348 1930 3476 1999 quia
3515 1930 3572 1983 in

1992 2018 2104 2073 Deo
2148 2033 2207 2073 se
2254 2016 2478 2086 quidem
2514 2031 2638 2071 esse
2671 2017 2825 2080 dicit,
2865 2018 2918 2070 in
2954 2017 3063 2073 Deo
3092 2034 3222 2073 vero
3254 2019 3573 2089 signiﬁcare

1989 2126 2080 2177 per
2113 2108 2283 2162 Deum
2313 2107 2722 2172 concessimus,
2759 2109 2975 2163 ratione
3014 2110 3195 2179 aliqua
3238 2110 3338 2164 niti
3378 2125 3571 2165 eorum

1990 2200 2171 2255 scelus
2218 2197 2363 2253 forte
2396 2198 2696 2253 videretur.
2754 2197 2849 2253 Sin
2891 2208 3075 2255 autem
3127 2200 3264 2254 nihil
3320 2202 3573 2270 prohibet

1989 2291 2152 2346 etiam
2199 2305 2301 2345 nos
2335 2289 2536 2359 quibus
2581 2290 2927 2360 propositum
2981 2299 3065 2347 est
3116 2292 3451 2347 deductione
3500 2292 3571 2346 ad

1992 2383 2255 2453 majorem
2289 2381 2683 2439 absurditatem
2714 2383 2904 2453 putida
2929 2399 3120 2439 eorum
3150 2384 3406 2455 dogmata
3434 2400 3569 2440 con-

1990 2474 2211 2537 vellere,
2247 2474 2313 2528 ad
2343 2474 2525 2543 ipsum
2560 2487 2780 2544 quoque
2809 2473 3022 2529 Patrem
3052 2475 3159 2529 vim
3193 2485 3245 2531 et
3296 2476 3569 2532 rationem

1987 2568 2109 2638 ejus
2143 2568 2289 2638 quod
2320 2567 2666 2638 signiﬁcatur
2688 2575 3028 2633 convertere,
3060 2568 3319 2639 clareque
3349 2571 3564 2635 dicere,

1988 2658 2158 2732 quod,
2192 2674 2317 2713 cum
2349 2658 2447 2723 ait,
2486 2677 2505 2710 ι
2544 2658 2709 2714 Pater
2737 2659 2791 2713 in
2825 2674 2909 2713 me
2942 2672 3047 2725 est,
3092 2678 3110 2710 ι
3154 2661 3571 2732 intelligendum

1988 2751 2061 2807 sit
2095 2750 2252 2820 quasi
2283 2747 2546 2817 dicatper
2577 2765 2678 2810 me,
2713 2757 2772 2802 ut
2804 2757 2857 2804 et
2900 2749 3021 2819 ipse
3053 2750 3271 2805 demum
3309 2750 3466 2807 Pater
3497 2753 3569 2808 sit

1987 2852 2229 2905 creatus,
2255 2840 2534 2911 quomodo
2556 2840 2744 2895 stultis
2775 2840 3067 2894 admodum
3100 2843 3411 2903 rationibus
3443 2859 3569 2899 con-

1988 2934 2093 3000 ﬁsi,
2129 2948 2238 2988 non
2271 2947 2499 2988 summae
2538 2931 2950 2987 damnabuntur
2984 2932 3262 2989 insaniae?
3290 2934 3567 3007 Quemad-

1987 3026 2208 3082 modum
2247 3025 2421 3080 Filius
2454 3025 2699 3095 seipsum
2738 3025 2791 3079 in
2828 3023 2992 3080 Patre
3036 3041 3161 3081 esse
3212 3027 3368 3095 dicit,
3408 3028 3489 3083 sic
3516 3038 3570 3083 et

308 3117 489 3185 λέγειν
522 3118 682 3172 αὐτὸν
715 3119 868 3190 παρά
912 3119 1005 3172 τοῦ
1034 3121 1298 3190 ηίιατρὸς,
1340 3123 1570 3193 ἐπείπερ
1604 3118 1745 3176 εἶναι
1784 3119 1882 3191 μὲν

1994 3118 2205 3172 Patrem
2240 3118 2293 3170 in
2323 3116 2503 3186 seipso
2532 3131 2654 3171 esse
2684 3116 2824 3170 dixit
2855 3134 2868 3171 :
2906 3118 3054 3188 quod
3089 3117 3133 3172 si
3170 3116 3328 3184 illud,
3369 3121 3424 3173 in
3457 3118 3571 3173 Pa-

310 3212 369 3262 ἐν
397 3209 520 3280 Θεῷ
554 3228 751 3281 φησιν,
786 3212 847 3265 τὸ
894 3213 951 3265 δὲ
995 3213 1065 3266 ἐν
1101 3212 1255 3278 Θεῷ,
1311 3211 1411 3266 διὰ
1457 3214 1606 3267 Θεοῦ
1650 3212 1885 3269 νοεῖσθαι

307 3300 642 3371 δεδώκαμεν,
678 3300 859 3367 ἔδοξεν
888 3302 975 3368 ἂν,
1012 3303 1155 3356 κατά
1183 3294 1330 3372 γετὸ
1360 3304 1530 3370 εἰκὸς,
1557 3304 1715 3373 λόγον
1743 3305 1889 3375 ἔχειν

307 3391 491 3455 αὐτοῖς
521 3391 643 3462 οὐχὶ
691 3392 811 3445 λίαν
862 3392 1047 3463 ἀμαθῆ
1094 3394 1155 3447 τὸ
1202 3394 1587 3466 κακούργημα.
1634 3397 1695 3449 Εἰ
1738 3397 1797 3449 δὲ
1828 3397 1889 3449 τὸ

309 3481 526 3536 κωλύον
570 3482 721 3534 οὐδὲν
770 3482 864 3533 καὶ¹
913 3484 1062 3552 ἡμᾶς
1108 3483 1303 3546 αὐτοὺς
1346 3483 1437 3536 διὰ
1490 3485 1589 3554 τῆς
1642 3484 1888 3555 μείζονος

302 3571 539 3635 ἀτοπίας
566 3571 892 3639 ἀνατρέπειν
923 3571 1209 3636 ἐθέλοντας
1246 3573 1344 3644 τὴν
1392 3575 1499 3626 τῶν
1528 3575 1655 3658 17.an
1704 3578 1889 3640 αὐτοῖς

305 3661 598 3729 δογμάτων
632 3659 941 3730 σαθρότητα
961 3702 977 3725 ,
1011 3664 1103 3715 καὶ
1143 3666 1230 3715 ἐπ’
1263 3664 1425 3717 αὑτὸν
1458 3666 1750 3736 ἀναφέρειν
1797 3667 1888 3721 τὸν

312 3751 538 3820 Πατέρα
570 3750 664 3802 τοῦ
697 3752 1097 3822 σημαινομένου
1151 3755 1248 3824 τὴν
1300 3754 1531 3825 δύναμιν
1554 3795 1569 3820 ,
1623 3758 1795 3811 εἰπεῖν
1829 3776 1888 3811 τε

315 3840 525 3909 σαφῶς,
556 3839 631 3903 ὡς
660 3841 892 3912 ἐπείπερ
918 3842 1012 3895 καὶ
1036 3843 1194 3895 τοῦτό
1230 3862 1396 3915 φησιν
1429 3846 1510 3899 ὃτι
1547 3867 1564 3898 ι
1612 3849 1666 3900 Ὀ
1698 3847 1887 3919 Πατὴρ

311 3932 374 3983 ἐν
408 3930 532 3999 ὲμοί
560 3931 707 3994 ἐστι,
752 3948 770 3979 ι
818 3932 1083 4002 προσήκει
1118 3935 1259 3987 νοεῖν
1288 3975 1301 3997 ,
1336 3936 1455 3988 ἀντὶ
1486 3934 1577 3989 τοῦ
1616 3936 1692 3991 δι’
1715 3936 1882 4008 ἐμοῦ,

313 4023 402 4076 ἵνα
432 4024 617 4077 λοιπὸν
647 4023 876 4093 γενητὸς
898 4022 1122 4093 γένηται
1157 4025 1249 4077 καὶ
1279 4026 1440 4090 αὐτὸς
1467 4026 1495 4078 ὁ
1520 4028 1729 4099 Πατὴρ,
1766 4029 1884 4095 πῶς

306 4115 371 4167 ού
417 4115 535 4168 λίαν
586 4113 868 4177 ἀσυνέτοις
908 4113 1378 4186 ὲπιθαρσήσαντες
1430 4117 1744 4190 λογισμοῖς,
1786 4121 1885 4191 τὴν

307 4206 396 4257 ἐπ’
434 4203 656 4275 ἀκράτῳ
699 4202 879 4273 μωρία
915 4203 1093 4273 ψῆφον
1132 4207 1490 4274 ἀποίσονται;
1530 4210 1740 4281 Ὠσπερ
1773 4210 1884 4281 γὰρ

305 4300 334 4350 ὁ
369 4298 494 4360 Υἱὸς
520 4296 708 4348 ἑαυτὸν
742 4292 880 4348 εἷναί
915 4314 1079 4369 φησιν
1121 4298 1176 4349 ὲν
1217 4297 1295 4368 τῷ
1327 4299 1527 4369 Πατρὶ,
1567 4299 1741 4364 οὓτως
1777 4301 1880 4371 ἔφη

307 4385 402 4437 καὶ
433 4384 521 4436 τὸν
560 4383 779 4453 Πατέρα
812 4378 952 4438 εἶναι
976 4387 1045 4449 ἐν
1080 4386 1259 4457 ἑαυτῷ
1281 4404 1295 4417 ·
1325 4389 1373 4441 εί
1403 4387 1459 4440 δὲ
1492 4387 1569 4458 τῷ
1616 4388 1746 4460 [γρ.
1782 4390 1881 4463 τὸ]

1993 3218 2091 3271 (re,
2132 3224 2224 3277 per
2286 3206 2505 3261 Patrem
2558 3206 2852 3277 signiﬁcat,
2908 3209 3037 3277 quid
3092 3209 3342 3278 prohibet
3389 3210 3572 3265 dicere

1991 3300 2144 3362 illud,
2184 3299 2239 3351 in
2273 3297 2440 3361 Filio,
2492 3314 2615 3354 esse
2670 3298 3091 3369 intelligendum
3141 3301 3298 3369 quasi
3347 3317 3438 3370 per
3474 3300 3571 3352 Fi-

1992 3393 2120 3444 lium
2163 3388 2477 3459 signiﬁcet?
2525 3388 2632 3445 Sed
2677 3390 2820 3444 absit
2857 3396 2914 3442 ut
2950 3390 3002 3442 in
3035 3396 3242 3443 tantam
3281 3406 3389 3443 una
3440 3406 3565 3445 cum

1988 3483 2056 3536 iis
2097 3481 2450 3551 prolabamur
2515 3481 2823 3535 insaniam!
2866 3479 2977 3534 Nec
3017 3481 3160 3533 enim
3215 3495 3314 3551 per
3353 3478 3566 3534 Patrem

1992 3574 2193 3629 factum
2228 3590 2353 3629 esse
2394 3572 2588 3627 Filium
2618 3573 2886 3636 dicemus,
2935 3587 3111 3641 neque
3160 3575 3294 3627 adeo
3335 3588 3431 3641 per
3475 3572 3567 3626 Fi-

1990 3666 2122 3719 lium
2156 3664 2365 3718 factum
2394 3680 2517 3719 esse
2548 3680 2670 3719 cum
2704 3679 2769 3718 ex
2796 3679 2905 3733 quo
2944 3674 3072 3718 sunt
3108 3664 3315 3730 omnia,
3351 3664 3566 3719 Patrem

1989 3770 2052 3809 ac
2087 3754 2256 3845 Deum
2295 3774 2313 3831 εν
2354 3755 2447 3809 sed
2481 3754 2752 3809 divinitus
2792 3754 3078 3824 inspirata:
3111 3752 3413 3824 Scriptura!
3448 3771 3569 3810 mo-

1988 3859 2101 3899 rem
2134 3842 2439 3914 unicuique
2501 3843 2773 3914 tempori,
2837 3857 3109 3913 personae,
3153 3858 3217 3897 ac
3259 3844 3337 3899 rei
3383 3846 3567 3913 potius

1989 3943 2263 4004 aptantes,
2303 3950 2498 4007 purum
2526 3943 2578 3989 et
2620 3934 2963 4004 inculpatum
3003 3933 3070 3990 de
3112 3934 3371 3990 omnibus
3403 3936 3570 3991 rebus

1988 4027 2321 4083 necessariis
2349 4042 2655 4081 sermonem
2693 4034 2961 4081 texemus.
3009 4024 3194 4082 Rebus
3241 4026 3385 4081 enim
3411 4041 3441 4081 e
3478 4027 3568 4081 ui-

1989 4119 2099 4173 hilo
2121 4119 2402 4188 productis
2439 4135 2501 4173 ac
2546 4134 2643 4189 per
2681 4118 2850 4173 Deum
2903 4117 3088 4183 factis,
3122 4118 3398 4188 quomodo
3458 4134 3565 4172 non

1989 4210 2225 4264 maxime
2257 4210 2549 4264 conveniet
2583 4208 2691 4262 dici
2722 4223 2750 4261 a
2772 4208 2934 4263 nobis
2966 4223 3030 4261 ac
3058 4208 3271 4262 censeri
3313 4223 3436 4262 csse
3473 4224 3568 4263 eas

1987 4303 2039 4354 in
2074 4302 2203 4364 Deo,
2236 4301 2287 4354 id
2315 4310 2400 4355 est
2426 4316 2516 4367 per
2546 4299 2711 4354 Deum
2739 4302 2763 4355 ?
2795 4301 2857 4353 In
2890 4299 3131 4353 naturali
3170 4314 3301 4353 vero
3342 4299 3564 4359 Filium.

1988 4390 2277 4444 Dominum
2304 4404 2368 4443 ac
2400 4389 2593 4454 Deum,
2627 4397 2679 4444 et
2706 4388 3086 4443 universorum
3111 4388 3385 4458 opiﬁcem,
3431 4405 3566 4444 neu-

304 4477 377 4529 ἐν
400 4475 605 4541 Harp),
629 4475 726 4528 διὰ
760 4477 866 4529 τοῦ
891 4477 1121 4543 Πατρός
1150 4478 1390 4531 νοεῖσθαι
1427 4479 1699 4548 βούλεται,
1742 4483 1794 4535 τί
1822 4484 1881 4535 τὸ

1990 4482 2195 4552 liquam
2229 4483 2396 4545 istud,
2432 4483 2653 4551 opinor,
2689 4483 2909 4552 proprie
2930 4495 2994 4536 ac
3023 4496 3153 4536 vere
3181 4480 3563 4551 quadraverit,

306 4567 569 4636 ἁπ;ῖργον
601 4568 795 4629 εἰπεῖν,
828 4567 909 4619 ὅτι
943 4566 1037 4618 καὶ¹
1068 4569 1126 4620 τὸ
1155 4568 1223 4621 ἐν
1251 4567 1382 4634 Υίῷ,
1410 4569 1486 4622 δι’
1527 4572 1662 4626 Υίοῦ
1684 4574 1881 4644 νοηθή-

309 4673 493 4721 astat;
564 4655 703 4709 Ἀλλ’
745 4657 846 4709 οὐκ
898 4659 977 4720 εἰς
1022 4658 1179 4711 τοῦτο
1237 4659 1449 4730 μωρίας
1504 4664 1600 4715 σὺν
1652 4665 1884 4723 ἐκείνοις

307 4746 644 4799 κατολισθεῖν
692 4746 995 4817 ἀνεξόμεθα
1053 4749 1246 4801 πάλιν·
1314 4750 1434 4803 οὔτε
1489 4752 1596 4825 γὰρ
1648 4755 1737 4808 διά
1786 4755 1881 4809 τοῦ

306 4836 520 4904 Πατρὸς
550 4837 784 4907 ἐροῦμεν
820 4839 1147 4908 πεποιῆσθαι
1177 4839 1267 4893 τὸν
1312 4841 1436 4895 Υίὸν
1458 4882 1474 4908 ,
1517 4842 1639 4897 οὔτε
1676 4846 1782 4916 μὴν
1815 4847 1881 4902 δι’

309 4925 439 4978 Υἱοῦ
480 4929 735 4994 γενέσθαι
778 4930 869 4982 τὸν
920 4931 980 4995 ἐξ
1020 4925 1081 4985 οὗ
1128 4932 1196 4984 τά
1252 4933 1459 4998 πάντα,
1514 4936 1735 5007 Πατέρα
1788 4941 1884 4993 καὶ⁴

1990 4574 2087 4629 sed
2146 4588 2268 4628 esse
2325 4574 2727 4628 naturaliterin
2758 4573 2938 4638 Patre,
2974 4574 3027 4628 in
3068 4589 3245 4644 eoque
3271 4576 3562 4632 exsistere.

1990 4681 2225 4736 eumque
2272 4669 2339 4721 .in
2393 4667 2577 4737 seipso
2634 4667 2860 4731 habere,
2930 4677 3157 4739 propter
3214 4668 3562 4722 identitatcm

1990 4759 2353 4824 substantia,
2401 4759 2650 4828 nihilque
2686 4760 2887 4815 habere
2930 4776 3161 4830 prorsus
3214 4760 3565 4828 interjectum

1990 4858 2085 4904 aut
2115 4850 2261 4920 quod
2290 4866 2414 4906 eum
2468 4866 2496 4904 a
2535 4850 2700 4907 Patre
2727 4852 2964 4906 naturali
3004 4852 3329 4907 diversitate
3361 4849 3561 4904 distiu-

1989 4951 2142 5013 guaL

302 5014 474 5072 Θεόνο
518 5019 636 5083 ἔθος
671 5021 729 5073 δὲ
767 5023 966 5092 μᾶλλον
1007 5023 1067 5076 τδ
1099 5024 1199 5092 τῆς
1243 5024 1602 5081 θεοπνεύστου
1648 5029 1873 5103 Γριφῆς
1912 5036 2130 5107 ἑκάστῳ
2163 5038 2482 5108 πρεπόντως
2510 5036 2964 5108 ἐπιρῤιπτοῦντες
2998 5036 3192 5107 καιρῷ,
3260 5034 3354 5088 καὶ
3392 5049 3564 5103 προσ-

300 5110 481 5182 ὡπῳ,
512 5114 604 5165 καί⁸
670 5113 995 5184 πράγματι,
1039 5115 1278 5187 καθαρόν
1324 5136 1385 5171 τε
1436 5120 1529 5172 καὶ
1598 5121 1924 5178 ἁνυπαίτιον
1965 5128 2057 5181 τὸν
2090 5129 2177 5197 ἐφ’
2214 5130 2386 5182 ἆπασι
2425 5132 2537 5192 τοῖς
2583 5131 2904 5198 ἀναγκαίοις
2954 5128 3329 5197 ἐξυφανοῦμεν
3384 5125 3559 5193 λόγον.

302 5207 431 5271 Τοῖς
466 5208 565 5277 μὲν
587 5207 696 5278 γάρ
723 5207 782 5272 ἐξ
806 5210 906 5262 ούκ
939 5209 1106 5263 ὄντων
1130 5213 1209 5275 είς
1232 5213 1291 5265 τὸ
1319 5208 1456 5267 εἶναι
1494 5218 1875 5287 παρενεχθεῖσι
1917 5224 2013 5275 καὶ
2040 5224 2289 5291 γεγονόσι
2319 5224 2406 5277 διὰ
2445 5223 2599 5287 Θεοῦ,
2638 5224 2755 5287 πῶς
2782 5225 2882 5277 οὐκ
2947 5222 3012 5275 ἂν
3059 5222 3295 5291 μάλιστα
3364 5216 3566 5287 πρέποι

302 5297 366 5350 τὸ
396 5297 630 5350 νοεῖσθαί
674 5316 732 5352 τε
806 5301 903 5353 καὶ
949 5301 1202 5368 λέγεσθαι
1255 5304 1386 5375 παρ’
1439 5306 1596 5375 ἡμῶν
1641 5308 1715 5371 ὡς
1770 5312 1907 5364 εἰσὶν
1945 5313 2013 5365 ἐν
2042 5314 2198 5380 Θεῷ,
2255 5316 2401 5368 τοῦτ’
2470 5316 2583 5368 ἔστι
2635 5316 2731 5369 διὰ
2766 5316 2958 5377 Θεοῦ;
3017 5314 3106 5383 Τῷ
3148 5329 3210 5380 γε
3273 5310 3378 5380 μὴν
3426 5308 3568 5361 κατὰ

304 5390 476 5459 φύσιν
506 5390 621 5460 Υἱῷ
647 5392 741 5444 καὶ
784 5394 969 5464 Κυρίῳ
996 5397 1088 5447 καὶ
1116 5396 1255 5466 θεῷ,
1296 5398 1391 5451 καὶ
1418 5398 1735 5473 δημιουργῷ
1765 5405 1872 5457 τῶν
1910 5406 2047 5460 ὅλων
2072 5449 2086 5470 ,
2129 5412 2228 5463 οὐκ
2258 5410 2324 5463 ἂν
2351 5453 2363 5474 ,
2409 5406 2560 5481 οἶμαι
2584 5452 2597 5474 ,
2633 5412 2791 5463 τοῦτο
2858 5410 3062 5479 κυρίως
3097 5425 3156 5459 τε
3195 5406 3287 5459 καὶ
3352 5402 3568 5472 ἀληθῶς

302 5481 635 5551 ξιρμόσειεν,
714 5480 849 5536 εἷναι
903 5485 958 5537 δὲ
1015 5487 1255 5554 φυσικῶς
1311 5490 1369 5540 ὲν
1421 5491 1625 5561 Πατρὶ,
1676 5494 1768 5545 καὶ
1850 5498 2179 5568 ἐνυπάρχειν
2221 5501 2372 5570 αὐτῷ
2403 5543 2414 5564 ,
2462 5501 2605 5569 ἔχειν
2654 5516 2711 5550 τε
2778 5498 2938 5550 αὑτὸν
2985 5499 3041 5547 ὲν
3118 5494 3338 5566 ἑαυτῷ,
3384 5493 3471 5544 διὰ
3511 5492 3570 5540 τὸ

304 5578 362 5627 ὲν
419 5573 610 5634 οὐσίας
664 5576 953 5647 ταυτότητι
999 5578 1313 5645 φαίνεσθαι,
1369 5582 1462 5634 καὶ
1516 5583 1679 5653 μηδὲν
1734 5585 1878 5656 ἔχειν
1919 5592 2200 5654 παντελῶς
2226 5592 2286 5643 τὸ
2313 5592 2649 5661 μεσοὶαϐοὖν
2682 5590 3080 5659 καὶδιατέμνον
3139 5593 3217 5652 εἰς
3271 5584 3567 5654 ἑτερότητι

307 5668 561 5737 φυσικήν.

372 5764 483 5817 Καὶ
517 5764 600 5816 ὅτι
632 5762 732 5831 μὲν
773 5762 904 5826 ἴσως
945 5769 1064 5828 τοῖς
1095 5768 1512 5845 εὐμαθεστέροις
1540 5814 1553 5840 ,
1584 5776 1658 5840 ὥς
1688 5778 1750 5845 γέ
1784 5795 1874 5848 μοι

2058 5773 2181 5828 llaec
2220 5780 2367 5826 recte
2426 5771 2645 5839 quidem
2676 5786 2704 5823 a
2736 5788 2821 5828 me
2859 5775 3004 5829 dicta
3053 5788 3175 5827 esse
3221 5767 3476 5824 studiesi,
3511 5769 3567 5814 ut

593 5856 869 5917 PATROL.
916 5860 1029 5918 Gn.
1080 5863 1333 5925 LXXIV.

3168 5863 3200 5918 8
