4076 6270
521 322 628 378 235

1547 318 1605 374 S.
1647 317 1918 375 CYRILLI
1949 316 2419 376 ALEXANDRINI
2454 316 2775 374 AliClllEP.

3670 317 3779 374 9.36

521 453 667 500 reor,
719 436 1063 507 putaverint,
1129 449 1472 506 nequaquam
1529 443 1707 489 tamen
1760 435 2094 490 assentietur

2204 434 2476 503 φαίνεται,
2510 435 2690 498 καλῶς
2728 435 2994 505 διείρηται
3023 432 3223 499 δόξειεν
3257 431 3343 496 ἀν,
3383 429 3690 484 συναινέσει
3719 448 3781 498 γε

521 528 896 591 adversarius,
943 528 1038 583 sed
1092 528 1344 597 repetitis
1379 528 1446 582 iis
1468 539 1592 597 qua:
1633 526 1905 597 principio
1934 527 2099 598 793

522 620 727 685 attulit,
771 620 915 674 dicet
940 622 1011 673 ita
1048 617 1265 673 Patrem
1314 633 1439 673 esse
1500 618 1556 672 in
1586 615 1744 680 Filio,
1794 618 1962 673 sicuti
1994 634 2096 674 nos

522 711 577 764 in
610 712 752 780 ipso.
805 710 945 776 Quid
978 724 1108 779 ergo
1146 710 1251 778 (sic
1282 711 1427 764 enim
1458 720 1509 765 te
1554 710 1646 779 qui
1688 718 1798 763 tam
1831 710 2018 779 putida
2044 716 2099 765 et

516 803 781 873 juvenilia
812 803 981 857 sentis
1012 816 1076 855 ae
1102 801 1242 856 dicis
1268 803 1603 872 compellare
1629 801 1844 871 juvat)?
1869 809 1980 855 tum
2014 802 2098 857 sic

521 910 645 949 esse
664 892 860 947 Filium
886 893 939 946 in
998 890 1161 947 Patre
1191 891 1352 958 dicis,
1403 892 1861 961 quemadmodum
1903 906 2004 946 nos
2042 892 2098 947 in

520 987 685 1057 ipso?
710 985 997 1040 Praeclare.
1032 984 1099 1038 At
1124 983 1319 1053 quidni
1345 982 1552 1039 eisdem
1597 997 1698 1037 nos
1727 982 1953 1053 gloriari
1980 998 2098 1039 scr-

519 1078 797 1140 monibus,
819 1076 1020 1145 quibus
1052 1084 1107 1128 ct
1148 1074 1268 1144 ipse
1297 1072 1576 1136 Christus,
1624 1081 1837 1127 natura:
1896 1081 2099 1127 nostrae

518 1169 660 1220 ratio
700 1166 947 1236 patitur?
974 1167 1095 1235 Ipse
1124 1164 1271 1219 enim
1316 1164 1448 1233 quia
1482 1171 1566 1218 est
1595 1164 1647 1217 in
1676 1163 1854 1226 Patre,
1900 1172 1953 1217 et
2001 1162 2099 1216 ha-

516 1257 608 1312 bet
639 1258 693 1310 in
727 1257 909 1327 seipso
941 1256 1188 1319 Patrem,
1243 1258 1450 1327 quippe
1501 1255 1597 1324 qui
1640 1255 1761 1323 ejus
1814 1255 2000 1323 imago
2046 1263 2099 1308 ct

517 1348 808 1402 character
833 1349 906 1401 sit
936 1364 1030 1418 per
1063 1348 1250 1402 omnia
1275 1348 1484 1401 idrirco
1509 1346 1746 1402 similis:
1783 1364 1800 1397 ι
1825 1345 1928 1411 Qui
1960 1344 2100 1400 vidit

517 1452 625 1501 me,
663 1438 865 1507 inquit,
892 1437 1025 1491 vidit
1056 1446 1108 1489 ct
1155 1436 1396 1491 Patrem.
1451 1437 1563 1507 Ego
1622 1445 1678 1492 et
1723 1436 1889 1490 Pater
1928 1452 2096 1489 unum

508 1538 730 1581 ‘sumus.
777 1547 793 1579 ι
825 1524 934 1581 Nos
958 1535 1163 1590 autem,
1202 1527 1399 1581 amabo
1418 1537 1491 1589 te,
1528 1527 1576 1581 si
1605 1526 1687 1580 sic
1720 1517 1916 1580 sumus
1954 1526 2007 1579 in
2034 1540 2099 1579 eo

514 1627 571 1671 et
601 1619 721 1689 ipse
768 1619 821 1671 in
854 1616 1044 1672 ’nobis
1072 1625 1178 1681 est,
1214 1624 1275 1671 ut
1315 1618 1433 1687 ipse
1456 1618 1715 1672 nimirum
1758 1619 1813 1673 in
1847 1618 2008 1673 Patre
2043 1627 2100 1671 ct

514 1712 679 1768 Pater
709 1713 764 1766 in
799 1713 942 1781 ipso,
992 1709 1184 1781 quidni
1221 1717 1404 1765 erecta
1436 1711 1649 1767 cervice
1687 1725 1751 1766 ac
1785 1713 1961 1777 vultu,
2000 1725 2097 1781 pa-

2205 526 2311 597 μὴν
2337 528 2365 579 6
2396 526 2462 579 δι’
2496 527 2747 589 ἐναντίας
2782 527 3066 596 οὐδαμῶς·
3100 527 3219 597 ἐρεῖ
3248 525 3305 578 δὲ
3338 523 3403 593 δὴ
3441 523 3606 578 πάλιν
3627 564 3643 590 ,
3691 524 3782 578 τὸν

2201 619 2259 671 ἐν
2294 619 2490 688 ἀρχαῖς
2517 618 3005 689 είσκεκομισμένον
3045 616 3481 688 ἀναμασώμενος
3507 615 3667 683 λόγον
3697 616 3779 670 ὅτι

2200 710 2373 775 οὕτως
2402 712 2550 765 ἐστὶν
2589 713 2616 762 6
2645 710 2835 780 Πατὴρ
2879 711 2936 763 ὲν
2987 708 3065 778 τῷ
3112 707 3261 777 Υίῷ,
3312 706 3504 775 ὥσπερ
3534 707 3697 777 ἡμεῖς
3726 707 3782 757 ἐν

2199 801 2367 872 αὐτῷ.
2397 801 2462 854 Τί
2491 796 2583 855 οὖν
2615 801 2755 871 ἄρα;
2786 800 3084 870 (φήσαιμεν
3108 797 3174 853 ἂν
3195 798 3295 850 οὑκ
3326 798 3603 859 ἀσυνέτως
3630 795 3783 865 ἐλέγ-

2200 907 2410 963 χοντες,
2452 891 2632 962 σαθρά
2660 908 2719 944 τε
2763 891 2857 945 καὶ
2888 888 3225 963 μειρακιώδη
3262 887 3567 959 φρονοῦντά
3599 905 3658 942 τε
3689 890 3785 943 καὶ

2200 982 2451 1053 λέγοντα)
2480 982 2655 1045 οὕτως
2680 978 2821 1036 εἶναι
2848 984 2954 1053 φὴς
2997 981 3089 1036 τὸν
3121 981 3250 1034 Υίὸν
3282 981 3340 1033 ἐν
3381 980 3578 1051 Πατρὶ,
3610 979 3784 1033 καθάο

2200 1092 2308 1145 περ
2336 1075 2486 1145 ἡμᾶς
2511 1076 2569 1127 ὲν
2595 1074 2743 1144 αὐτῷ
2768 1093 2783 1142 ;
2826 1074 3043 1137 Καλῶς.
3076 1070 3211 1127 Εἶτα
3240 1070 3292 1126 τί
3325 1072 3412 1143 δὴ,
3458 1071 3598 1142 πρὸς
3622 1071 3784 1125 τοῦτο

2200 1164 2581 1235 ἐροῦμεν,ιμὴ
2613 1167 2725 1228 τοῖς
2760 1164 2894 1229 ῐσοις
2924 1166 3072 1236 ἡμᾶς
3101 1162 3563 1235 ἐπισεμνύνεσθαι
3600 1162 3781 1230 λόγοις

2198 1256 2259 1308 τὸ
2291 1258 2390 1326 τῆς
2422 1257 2696 1326 ἡμετέρας
2742 1257 2956 1327 φύσεως
2987 1257 3174 1328 ἐφίησι
3223 1256 3423 1327 μέτρον
3443 1295 3457 1320 ,
3490 1250 3687 1326 οἷσπερ
3715 1255 3781 1308 ἂν

2200 1349 2375 1420 ὁρῷτο
2406 1350 2501 1402 καὶ
2530 1350 2691 1413 αὐτὸς
2726 1352 2753 1403 6
2779 1350 3050 1420 Χριστός;
3082 1347 3253 1412 Αὐτὸς
3281 1348 3380 1417 μὲν
3402 1347 3511 1416 γὰρ
3545 1347 3777 1416 ἐπείπερ

2201 1441 2350 1494 ἐστὶν
2384 1442 2440 1493 ἐν
2471 1441 2678 1511 Πατρῖ,
2714 1441 2827 1511 ἔχει
2859 1440 2916 1494 δὲ
2957 1440 3014 1492 ὲν
3062 1439 3238 1509 ἐαυτῷ
3269 1438 3360 1491 τὸν
3392 1437 3614 1508 Πατέρα
3635 1477 3651 1499 ,
3684 1438 3779 1491 ᾶτε

2199 1531 2262 1603 δὴ
2287 1532 2382 1585 καὶ
2412 1531 2575 1585 εἰκὼν
2598 1531 2764 1585 αὑτοῦ
2804 1532 2900 1587 καὶ
2926 1531 3214 1603 χαρακτὴρ
3247 1530 3668 1602 ἀπαράλλακτος
3690 1530 3779 1584 διὰ

2199 1622 2357 1675 τοῦτο
2388 1621 2650 1693 ὑπάρχων
2675 1638 2688 1652 ⁸
2726 1640 2745 1674 ι
2791 1621 2850 1676 '0
2885 1620 3147 1692 ἑωρακὼς
3178 1621 3300 1692 ἐμὲ,
3345 1621 3534 1690 φησιν,
3567 1618 3777 1690 ἑώρακε

2197 1712 2289 1765 τὸν
2328 1712 2547 1784 Πατέρα
2580 1729 2592 1745 ο
2631 1711 2740 1781 ἐγὼ
2783 1714 2876 1767 καὶ
2902 1716 2931 1767 6
2983 1713 3168 1784 Πατὴρ
3196 1712 3255 1765 ἓν
3289 1713 3478 1781 ἐσμεν.
3517 1729 3536 1762 ι
3589 1710 3776 1780 Ἡμεῖς

514 1807 625 1860 lant
649 1820 714 1859 ac
738 1820 933 1860 seettre
961 1803 1197 1858 dicimus
1223 1819 1237 1854 :
1264 1802 1390 1872 Ego‘
1411 1803 1465 1855 in
1492 1800 1736 1867 Christo,
1764 1812 1817 1857 et
1846 1802 2094 1858 Christus

2199 1803 2290 1871 δὲ,
2318 1805 2440 1858 είπέ
2476 1813 2605 1875 μω,
2649 1807 2697 1857 εί
2732 1804 2905 1869 οὕτως
2948 1806 3115 1875 ἐσμὲν
3151 1806 3209 1857 ἐν
3248 1803 3397 1875 αὐτῷ
3422 1845 3437 1869 ,
3484 1802 3679 1874 ἔχομέν
3717 1817 3777 1855 τι

516 1898 575 1951 in
607 1912 690 1951 me
716 1894 838 1951 est?
871 1893 973 1960 Qui
1009 1892 1145 1948 vidit
1176 1906 1282 1957 me,
1316 1891 1456 1946 vidit
1483 1899 1535 1946 et
1565 1891 1871 1947 Christum.
1910 1892 2022 1956 Ego
2043 1904 2098 1948 et

516 1987 770 2043 Christus
794 1999 962 2039 unum
993 1986 1223 2053 sumus.
1260 1976 1401 2048 Quid
1433 1996 1601 2052 porro
1638 1982 1766 2037 hinc
1796 1984 2099 2053 sequetur?

514 2077 709 2145 Nemo,
743 2084 803 2131 ut
833 2076 1049 2147 Opinor,
1085 2074 1324 2144 idipsum
1365 2073 1433 2128 de
1462 2081 1616 2143 patre
1668 2073 1852 2129 dicere
1889 2076 2099 2130 verebi-

514 2179 627 2233 tur,
669 2188 687 2222 ι
729 2168 841 2241 Ego
871 2176 925 2222 et
957 2175 1113 2238 pater
1148 2181 1315 2220 unum
1349 2181 1561 2221 sumus.
1597 2185 1615 2218 ι
1663 2164 1797 2220 Nam
1841 2166 1886 2222 si
1925 2182 2094 2221 unum

514 2274 600 2319 est
631 2272 785 2334 pater
808 2278 932 2318 cum
968 2260 1100 2327 tilio,
1136 2258 1416 2331 quomodo
1446 2273 1555 2312 non
1592 2257 1821 2326 aequalis
1850 2258 1959 2312 erit
1992 2258 2094 2328 ipsi

514 2356 685 2423 Patri,
738 2370 861 2410 cum
911 2369 1008 2425 per
1056 2354 1239 2407 omnia
1294 2340 1495 2406 Similis
1522 2350 1704 2419 imago
1745 2350 1818 2405 sit
1848 2350 1996 2403 nulla
2030 2364 2092 2404 ex

514 2456 665 2521 parte
689 2446 988 2503 evariantis
1051 2443 1331 2513 imaginis,
1372 2441 1423 2495 id
1453 2448 1537 2497 est
1562 2438 1726 2494 Filii?
1788 2439 1926 2506 Quis
1961 2455 2093 2512 ergo

514 2555 580 2594 eo
610 2536 883 2593 vecordire
927 2535 1144 2588 labetur
1207 2546 1473 2602 unquam,
1519 2541 1579 2586 ut
1626 2531 1810 2588 dicere
1849 2532 2094 2587 audeat:

515 2630 618 2697 Qui
649 2628 849 2684 viderit
887 2641 971 2682 me
992 2666 1006 2689 ,
1039 2625 1239 2680 viderit
1271 2633 1327 2680 et.
1357 2624 1674 2681 Christum?
1713 2625 1825 2696 Ego
1854 2631 1908 2679 ct
1934 2625 2095 2679 Chri-

516 2730 637 2777 stus
667 2734 836 2775 unum
866 2717 1097 2774 sumus?
1127 2714 1262 2770 Nam
1293 2716 1337 2771 si
1362 2731 1457 2786 per
1487 2715 1863 2771 habitudinem
1892 2731 1955 2770 ac
1984 2732 2093 2770 non

516 2827 615 2884 per
640 2821 894 2867 naturam
947 2807 1146 2862 Filium
1175 2822 1297 2863 esse
1329 2809 1384 2862 in
1434 2806 1594 2861 Patre
1632 2797 1918 2874 concedis,
1955 2816 2007 2863 et
2038 2808 2093 2862 in

514 2903 698 2971 seipso
718 2900 922 2955 habere
941 2897 1178 2962 Patrem,
1206 2897 1485 2968 similique
1524 2896 1686 2952 modo
1711 2912 1813 2954 nos
1841 2898 1896 2953 in
1934 2899 2096 2954 Chri-

514 3000 624 3054 sto,
678 2989 1034 3045 et‘tlhristus
1096 2986 1150 3041 in
1195 2987 1359 3041 nobis
1420 2995 1505 3041 cst
1538 3003 1549 3039 :
1588 2985 1822 3056 primum
1870 2987 2092 3057 quidem

526 3081 716 3137 eodem
747 3095 857 3151 quo
895 3094 997 3135 nos
1047 3079 1246 3133 ordine
1293 3076 1467 3133 Filius
1507 3078 1859 3143 censebitur;
1898 3078 2096 3134 deinde

514 3173 652 3229 nihil
684 3171 888 3227 vetabit
923 3170 1219 3240 quominus
1256 3169 1421 3224 etiam
1456 3169 1679 3238 ipsum,
1733 3168 1779 3221 si
1814 3167 2050 3225 velimus
2074 3211 2090 3237 ,

511 3271 886 3335 prmtergrcssr
930 3261 1163 3328 Filium,
1212 3269 1273 3314 ut
1322 3261 1415 3330 qui
1480 3259 1808 3328 interiectus
1855 3259 1961 3323 sit,
2023 3260 2093 3316 ad

512 3359 689 3427 ipsum
718 3355 930 3410 Patrem
962 3361 1111 3409 recta
1136 3349 1548 3423 quodammodo
1575 3349 1889 3415 tendamus,
1932 3351 2093 3421 eique

511 3464 615 3503 nos
643 3457 748 3503 tatu
798 3445 1041 3519 perfecte
1078 3454 1131 3500 et
1188 3452 1383 3499 exacte
1416 3442 1754 3498 assimilatos
1781 3458 1905 3499 esse
1942 3443 2093 3499 dica-

512 3555 655 3604 mus,
692 3547 749 3592 ut
776 3538 910 3591 nihil
934 3537 1078 3591 inter
1109 3549 1210 3589 nos
1248 3544 1300 3587 et
1328 3532 1484 3587 illunt
1508 3542 1769 3604 appareat
1813 3534 2094 3591 discrimi-

510 3618 617 3687 nis.
648 3632 828 3688 Unum
859 3630 1065 3701 quippe
1095 3642 1218 3681 esse
1252 3625 1512 3696 quiddam
1554 3641 1678 3682 cum
1716 3628 1925 3700 aliquo,
1951 3629 2095 3685 hanc

510 3726 618 3778 vim
648 3732 702 3779 et
730 3722 1190 3793 significationem
1233 3717 1418 3775 habet.
1450 3717 1729 3791 Numquid
1763 3737 1894 3792 ergo
1937 3723 2092 3778 vide-

510 3818 582 3871 tis
616 3823 877 3885 quantam
939 3813 994 3867 in
1048 3811 1337 3865 stultitiam
1404 3817 1459 3866 et
1519 3811 1853 3882 impietatem
1900 3827 2091 3869 eorum

511 3912 726 3960 mentes
761 3902 1083 3966 ceciderint,
1116 3907 1168 3956 et
1204 3908 1411 3971 quanta
1443 3916 1502 3956 se
1536 3902 1694 3956 nobis
1725 3902 2091 3957 absurdarum

510 3995 791 4049 rationum
841 3992 1001 4047 turba
1029 3991 1654 4062 ingesserit?Qumnam
1703 3991 1871 4063 igitur
1924 4007 2091 4047 causa

511 4086 587 4142 sit
619 4102 719 4141 cur
750 4085 865 4139 haec
893 4082 1077 4138 dicant
1128 4090 1297 4153 atque
1336 4081 1697 4147 contendant,
1733 4092 1955 4152 tamque
1996 4082 2096 4137 fri-

510 4176 653 4232 volis
682 4175 1028 4230 sermonibus
1058 4174 1340 4241 innatent,
1378 4188 1649 4244 exponam
1685 4189 1901 4229 rursus.

2200 1897 2363 1951 αὐτὸν
2393 1899 2449 1951 ἐν
2488 1899 2732 1961 ἑαυτοῖς,
2782 1897 2972 1969 ὥσπερ
3016 1893 3109 1951 οὖν
3152 1897 3348 1967 ἀμέλει
3385 1897 3481 1950 καῖ⁵
3508 1896 3673 1958 αὐτὸς
3719 1895 3777 1947 ἐν

2201 1991 2377 2062 Πατρὶ
2411 1990 2505 2043 καὶ
2544 1989 2570 2040 6
2599 1990 2789 2060 Πατὴρ
2826 1989 2885 2042 ἐν
2916 1988 3086 2058 αὐτῷ,
3115 1987 3259 2041 διατί
3293 1988 3367 2058 μὴ
3396 1988 3607 2058 μακρὸν
3644 1989 3777 2042 ἀνα-

2198 2082 2466 2146 τείνοντες
2499 2081 2590 2135 τὸν
2621 2081 2826 2151 αὐχένα
2855 2081 2950 2134 καὶ
2980 2079 3183 2151 ὑψηλὸν
3215 2080 3326 2142 τοῖς
3367 2078 3647 2132 ὑπαντῶσι
3670 2078 3777 2131 δει-

2199 2175 2421 2239 κνύντες
2491 2174 2552 2227 τὸ
2614 2173 2942 2244 πρόσωπον,
3008 2169 3149 2241 μετὰ
3197 2169 3513 2240 παρρησίας
3565 2168 3772 2238 φαμέν·

2210 2267 2350 2336 Ἐγὼ
2379 2269 2437 2320 ὲν
2469 2265 2546 2336 τῷ
2574 2263 2820 2336 Χριστῷ,
2858 2262 2953 2317 καὶ
2978 2265 3006 2315 ὁ
3040 2261 3275 2333 Χριστὸς
3304 2263 3362 2314 ἐν
3398 2260 3550 2331 ἐμοί’
3588 2260 3647 2312 '0
3678 2260 3778 2313 ἐωο

2199 2357 2383 2430 ρκικὼς
2416 2357 2516 2428 ἐμὲ
2541 2396 2556 2421 ,
2600 2355 2810 2427 ἑώρακε
2852 2354 2943 2408 τὸν
2990 2353 3246 2424 Χριστόν
3290 2350 3432 2421 Ἐγὼ
3462 2352 3557 2406 καὶ
3585 2352 3614 2404 6
3644 2351 3778 2422 Χρι-

2199 2449 2319 2513 στὸς
2349 2449 2409 2501 ἐν
2438 2450 2641 2516 ἐσμεν;
2670 2443 2804 2500 Εἶτα
2832 2445 2885 2498 τί
2910 2445 2970 2498 τὸ
3005 2443 3294 2512 ἐντεῦθεν;
3337 2445 3450 2497 Οὐκ
3480 2443 3569 2509 ἂν,
3602 2438 3777 2512 οἴμαι,

2196 2539 2279 2603 τἰς
2310 2537 2677 2591 καταδείσειεν
2702 2535 2898 2606 ὀρθῶς,
2923 2534 3033 2588 οὐδ’
3065 2535 3131 2588 ἂν
3160 2537 3495 2604 κατοκνῆσαι
3537 2534 3774 2605 πρεπόν-

2194 2644 2303 2690 τως
2349 2626 2507 2679 τοῦτο
2561 2626 2695 2678 αὐτὸ
2741 2626 2907 2693 φάναι
2956 2624 3236 2695 τολμήσας
3280 2625 3375 2676 καὶ
3424 2624 3553 2695 περὶ
3609 2622 3777 2677 αὐτοῦ

2196 2714 2381 2768 λοιπὸν
2421 2716 2598 2767 εἰπεῖν
2636 2713 2728 2766 τοῦ
2759 2714 2974 2784 Πατρός
2999 2729 3010 2741 ·
3054 2733 3071 2765 ι
3115 2712 3255 2782 Ἐγὼ
3302 2714 3395 2767 xai
3425 2715 3453 2765 6
3483 2714 3674 2784 Πατὴρ
3718 2713 3778 2765 ἐν

2197 2808 2383 2877 ἐσμεν.
2422 2824 2440 2857 ι
2475 2805 2538 2859 Ei
2574 2806 2685 2875 γὰρ
2718 2805 2778 2857 ἓν
2832 2807 2980 2858 ἐστιν
3010 2806 3037 2856 ὁ
3069 2806 3259 2876 Πατὴρ
3312 2805 3450 2875 πρὸς
3489 2805 3583 2858 τὸν
3624 2804 3775 2870 Υίὺν,

2197 2898 2315 2961 πῶς
2350 2897 2449 2950 οὐκ
2474 2896 2625 2967 αὑτῷ
2651 2896 2838 2951 λοιπὸν
2869 2898 3210 2967 ίσομοιρήσει
3256 2896 3335 2966 τῷ
3366 2897 3565 2966 Πατρὶ,
3614 2895 3780 2949 είκὼν

2197 2990 2613 3063 ἀπαράλλακτος
2645 2989 3067 3060 ἁπαραλλὰκτου
3107 2990 3348 3059 γεγονὼς
3373 2989 3603 3058 εἰκόνος,
3631 2988 3779 3043 τοῦτ’

2198 3086 2313 3139 ἔστι
2342 3084 2437 3139 τοῦ
2463 3084 2593 3138 Υἱοῦ
2622 3102 2635 3151 ;
2665 3084 2761 3148 Τίς
2790 3081 2884 3138 οὖν
2914 3086 3022 3156 ἄρα
3054 3083 3190 3156 πρὸς
3219 3083 3378 3136 τοῦτο
3410 3083 3606 3153 μανίας
3642 3100 3778 3136 κατ-

2197 3177 2479 3249 οιχήσεταί
2520 3194 2650 3230 ποτε
2676 3216 2689 3240 ,
2722 3176 2798 3240 ὡς
2839 3176 3107 3247 τολμῆσαι
3141 3176 3322 3244 λέγειν
3346 3192 3360 3206 ο
3410 3175 3467 3228 '0
3517 3174 3782 3245 ἑωρακὼς

2201 3270 2321 3340 ἐμὲ,
2366 3267 2581 3340 ἑώρακε
2626 3269 2715 3322 τὸν
2767 3269 3001 3340 Χριστόν
3026 3286 3039 3299 ·
3100 3266 3242 3337 Ἐγὼ
3270 3267 3364 3321 καὶ
3394 3270 3421 3321 6
3446 3267 3682 3338 Χριστὸς
3720 3267 3781 3320 ἓν

2200 3362 2367 3430 ἐσμεν
2390 3379 2403 3426 ;
2430 3362 2491 3413 Ei
2519 3362 2628 3432 γὰρ
2664 3362 2928 3431 σχετικῶς
2958 3362 3052 3415 καὶ
3081 3361 3141 3415 οὐ
3185 3362 3328 3414 κατά
3377 3360 3541 3431 φύσιν
3576 3360 3779 3414 ἀπονέ-

2204 3471 2325 3524 μεις
2349 3453 2426 3523 τῷ
2456 3453 2571 3524 Υἱῷ
2598 3454 2657 3506 τὸ
2678 3450 2818 3507 εἷναι
2844 3455 2901 3506 ὲν
2934 3453 3010 3524 τῷ
3036 3455 3230 3525 Πατρὶ,
3260 3454 3403 3525 ἔχειν
3432 3470 3493 3507 τε
3518 3456 3575 3507 ἐν
3600 3452 3779 3525 ἑαυτῷ

2200 3540 2292 3593 τὸν
2330 3542 2579 3611 Πατέρα,
2620 3540 2761 3594 οὕτω
2796 3541 2891 3595 καὶ
2930 3542 3089 3612 ἡμεῖς
3120 3544 3177 3596 ἐν
3204 3542 3464 3614 Χριστῷ,
3503 3544 3599 3597 καὶ
3643 3545 3780 3613 Χριο

2202 3631 2325 3693 στὸς
2357 3632 2414 3684 ἐν
2459 3632 2590 3702 ἡμῖν
2612 3647 2623 3658 ·
2652 3631 2869 3702 ,πρῶτον
2903 3632 3001 3701 μὲν
3031 3634 3089 3687 ἐν
3124 3631 3277 3697 τάξει
3304 3636 3368 3704 τῇ
3400 3631 3523 3686 καθ’
3566 3634 3712 3705 ἡμᾶς
3749 3635 3779 3686 6

2200 3721 2348 3786 Υἱὸς,
2385 3717 2502 3776 εἶτα
2531 3722 2591 3776 τὸ
2613 3723 2823 3779 κωλύον
2849 3723 3002 3778 οὐδὲν
3026 3724 3445 3796 παρελάσαντας
3471 3725 3567 3778 καὶ
3590 3725 3775 3792 αὑτὸν,

2201 3815 2248 3865 εί
2285 3813 2607 3884 βουλοίμεθα
2633 3855 2647 3880 ,
2695 3814 2785 3867 τὸν
2820 3814 2948 3868 Υίὸν
2972 3854 2986 3879 ,
3030 3814 3106 3879 ὡς
3154 3815 3240 3883 διὰ
3297 3816 3466 3884 μέσου
3502 3815 3775 3885 κείμενον,

2199 3905 2284 3957 ἐπ’
2314 3904 2473 3958 αὐτὸν
2495 3904 2685 3975 ῶσπερ
2713 3905 3066 3977 εὐθυδρομεῖν
3100 3905 3190 3959 τὸν
3218 3906 3458 3976 Πατέρα,
3490 3904 3586 3957 xai.
3626 3903 3778 3973 αὐτῷ

2200 3995 2658 4066 προσωμοιῶσοαι
2702 3996 2882 4065 λέγειν
2924 3998 3075 4068 ἡμᾶς
3127 3996 3302 4059 οὕτως
3363 3996 3647 4066 ἀκριϐῶς,
3701 3996 3779 4059 ὡς

2199 4085 2367 4157 μηδὲν
2401 4072 2633 4157 ὁρᾶσθαι
2662 4088 2723 4139 τὸ
2750 4087 3086 4141 διαλλάττον.
3117 4088 3190 4141 Τὸ
3235 4088 3342 4161 γάρ
3379 4087 3437 4140 ἓν
3466 4084 3606 4141 εἶναι
3638 4089 3778 4157 πρός

2196 4195 2247 4231 τι
2278 4178 2566 4248 λέγεσθαι,
2610 4180 2868 4252 τοιαύτην
2907 4179 2973 4233 ἂν
3024 4179 3137 4250 ἔχοι
3189 4180 3287 4250 τὴν
3341 4179 3596 4250 δύναμιν.
3646 4175 3776 4249 *Δρ*

510 4265 605 4326 οὖν
625 4268 724 4340 οὐχ
756 4268 919 4338 ὁρᾶτε
948 4269 1027 4329 είς
1077 4268 1209 4339 ὅσην
1260 4269 1443 4330 αὐτοῖς
1491 4266 1785 4320 ἁσυνεσίαν
1844 4284 1903 4320 τε
1950 4269 2086 4339 ὁμοῦ
2128 4272 2223 4325 καὶ
2269 4272 2526 4326 ἀσέϐειαν
2568 4270 2872 4325 κατώλισθε
2919 4272 2989 4325 τὰ
3031 4274 3392 4343 φρονήματα,
3463 4273 3561 4325 καὶ
3636 4272 3779 4324 ὅσων

509 4367 644 4435 ἡμῖν
693 4362 967 4434 λογισμῶν
1007 4362 1226 4417 ἀτόπων
1273 4362 1644 4434 εἰσπεπήδηκε
1677 4360 1939 4432 θόρυ6ος;
1993 4364 2089 4429 Τίς
2128 4361 2222 4420 οὖν
2260 4368 2599 4439 ἡπρόφασις
2653 4369 2747 4421 τοῦ
2787 4367 2961 4422 ταῦτα
2992 4368 3174 4437 λέγειν
3214 4369 3308 4421 καὶ
3388 4368 3775 4433 διατείνεσθαι,

510 4456 747 4518 καὶτοῖς
792 4454 965 4517 οὕτως
1009 4453 1195 4518 ἑώλοις
1235 4453 1592 4525 ἐπινήχεσοαι
1641 4452 1822 4521 λόγοις
1870 4456 2086 4522 αὐτοὺς,
2127 4459 2236 4529 ἐρῶ
2269 4460 2331 4532 δὴ
2364 4460 2544 4514 πάλιν.

583 4547 740 4604 Unus
766 4550 846 4602 eis
876 4561 1079 4617 scopus
1131 4546 1447 4616 propositus
1479 4552 1587 4610 est,
1631 4542 1828 4600 Filium
1860 4561 1890 4600 a
1914 4545 2094 4602 Patris

2271 4551 2481 4615 Σκοπὸς
2530 4545 2610 4614 εἷς
2665 4550 2888 4615 αὐτοῖς,
2940 4549 3218 4621 ἀλλότριόν
3272 4567 3331 4603 τε
3387 4551 3483 4605 καὶ
3543 4551 3777 4620 ἔκφυλον

512 4642 823 4699 substantia
868 4654 1095 4711 prorsus
1148 4638 1465 4717 excludere.
1511 4637 1636 4693 llaec
1677 4640 1824 4694 enim
1865 4655 1895 4694 a
1931 4640 2093 4695 nobis

510 4749 641 4790 vere
676 4733 807 4796 dici,
834 4748 899 4788 ex
924 4731 1283 4802 sequentibus
1310 4740 1363 4785 et
1396 4731 1463 4787 iis
1518 4746 1640 4801 quae
1665 4731 1945 4801 prioribus
1972 4731 2093 4800 ejus

512 4825 675 4897 797
731 4825 1090 4894 blaSphemiis
1152 4823 1451 4891 subiuncta
1521 4831 1651 4878 sunt
1707 4837 2089 4893 agnoscemus.

512 4919 713 4975 Subdit
740 4921 886 4974 enim
918 4938 931 4974 :
966 4916 1167 4974 Verum
1200 4914 1663 4986 quemadmodum
1695 4930 1797 4971 nos
1819 4954 1833 4980 ,
1874 4916 2091 4986 inquit,

509 5014 604 5085 qui
635 5027 830 5068 sumus
863 5012 917 5065 in
951 5012 1104 5080 ipso,
1150 5008 1552 5078 impermistam
1606 5016 1787 5062 tamen
1848 5022 1972 5061 cum
2027 5022 2093 5061 eo

510 5105 779 5161 habemus
833 5104 1220 5175 hypostasim:
1268 5102 1342 5155 ita
1394 5111 1443 5155 et
1497 5100 1705 5164 Filius,
1742 5115 1863 5153 cum
1913 5101 1985 5153 sit
2034 5099 2089 5152 in

510 5195 707 5257 Patre.
756 5195 1076 5251 distinctam
1122 5204 1305 5249 tamen
1358 5192 1522 5246 habet
1579 5192 1647 5244 ab
1699 5190 1944 5260 ingenito
1980 5189 2091 5244 Deo

510 5286 902 5343 substantiam.
965 5284 1110 5349 Quid
1170 5285 1288 5348 ais,
1354 5282 1625 5338 demens?
1684 5292 1924 5351 apertam
1988 5281 2091 5336 hoc

513 5375 675 5430 modo
709 5376 886 5429 fecisti
921 5384 1069 5429 tuam
1122 5377 1173 5430 in
1220 5374 1417 5432 Filium
1464 5374 1882 5445 blasphemiam.
1918 5372 2089 5428 Nutu-

513 5464 642 5533 quid
677 5477 809 5535 ergo
836 5464 1019 5533 quivis
1052 5467 1315 5522 fatebitur
1344 5483 1443 5522 nos
1483 5482 1591 5520 non
1639 5467 1846 5519 frustra
1885 5480 2088 5520 vanum

511 5568 576 5608 ac
629 5553 785 5609 futile
833 5555 1091 5611 cavillum
1144 5559 1198 5612 in
1255 5558 1642 5613 ltzercticorum
1690 5564 1859 5626 caput
1917 5566 2091 5610 retor-

511 5645 725 5707 quere?
759 5644 900 5701 Ecce
941 5648 1089 5702 enim
1129 5659 1276 5719 patet
1308 5666 1401 5704 eos
1436 5650 1569 5703 nihil
1627 5649 1748 5717 plus
1799 5646 1939 5702 Filio
1990 5649 2089 5701 tri-

515 5726 683 5794 buere
726 5751 889 5809 quam
944 5742 1179 5795 terrenis
1230 5741 1580 5804 hominibus,
1624 5748 1675 5792 et
1713 5738 1987 5793 creaturis
2020 5740 2086 5793 ab

2199 4642 2478 4707 παντελῶς
2500 4644 2597 4714 τῆς
2628 4642 2722 4696 τοῦ
2747 4642 2961 4714 Πατρὸς
2991 4643 3179 4705 οὐσίας
3208 4643 3484 4714 ἀποφῆναι
3508 4644 3599 4696 τὸν
3627 4644 3773 4697 Υἱὸν.

2202 4736 2324 4788 Ὅτι
2361 4735 2469 4807 γάρ
2512 4734 2871 4805 ἀληθεύοντες
2915 4734 2984 4787 τά
3020 4734 3248 4787 τοιαῦτά
3282 4751 3464 4804 φαμεν
3488 4778 3501 4802 ,
3548 4737 3614 4790 ἐκ
3667 4736 3778 4789 τῶν

2198 4826 2395 4897 ἐφεξῆς
2448 4827 2541 4880 καὶ
2581 4826 3042 4898 παρεζευγμένων
3095 4829 3217 4891 ταῖς
3265 4827 3558 4899 προτέραις
3609 4827 3777 4881 αὑτοῦ

2196 4918 2533 4989 δυσφημίαις
2583 4918 2861 4988 εἰσόμεθα.
2918 4919 3145 4987 Ἐπάγει
3193 4919 3300 4990 γὰρ
3358 4919 3565 4984 οὕτως’
3637 4922 3777 4975 Ἀλλ’

2199 5011 2389 5081 ῶσπερ
2415 5013 2607 5080 ἡμεῖς,
2642 5011 2806 5080 φησιν
2829 5051 2841 5071 ,
2891 5011 2950 5062 ἐν
2982 5010 3133 5081 αὐτῷ
3180 5011 3367 5077 ὄντες,
3410 5013 3586 5083 ἀμιγῆ
3641 5015 3778 5084 πρὸς

2201 5103 2362 5156 αὐτὸν
2394 5104 2590 5174 ἔχομεν
2623 5102 2721 5173 τὴν
2752 5102 3085 5156 ὑπόστασιν·
3124 5103 3213 5161 τὸν
3247 5105 3411 5158 αὑτὸν
3444 5105 3647 5175 τρόπον
3686 5110 3781 5160 καὶ

2200 5196 2227 5247 ό
2268 5195 2417 5258 Υἱὸς,
2448 5196 2506 5247 ὲν
2556 5193 2633 5263 τῷ
2678 5194 2855 5263 Πατρῖ
2883 5194 3190 5263 τυγχάνων,
3226 5194 3655 5266 διακεκριμένην
3684 5198 3779 5251 τοῦ

2199 5284 2494 5353 ἁγεννήτου
2521 5282 2657 5336 Θεοῦ
2682 5282 2793 5352 ἔχει
2817 5282 2913 5351 τὴν
2937 5283 3143 5336 οὐσίαν.
3171 5284 3234 5336 Τί
3260 5284 3386 5354 φὴς,
3409 5282 3781 5356 ἐμϐρόντητες

2198 5376 2410 5447 γυμνὴν
2448 5376 2591 5429 οὕτω
2628 5377 2725 5446 τὴν
2749 5376 2826 5437 εἰς
2851 5375 2941 5427 τὸν
2966 5376 3090 5428 rev
3117 5378 3411 5446 πεποίησαι
3440 5378 3779 5450 δυσφημίαν.

2198 5462 2324 5536 τΑρ’
2354 5461 2447 5518 οὖν
2481 5466 2555 5536 μὴ
2586 5465 2833 5518 διάκενον
2861 5466 2978 5534 ἐρεῖ
2999 5482 3082 5528 τις
3109 5468 3475 5534 συκοφαντίαν
3518 5473 3780 5538 καταχεῖν

2200 5559 2349 5627 ἡμᾶς
2376 5557 2692 5625 ἐπείγεσθαι
2726 5560 2825 5626 τῆς
2854 5558 2962 5609 τῶν
2993 5556 3279 5628 Οεομάχων
3318 5560 3560 5631 κεφαλῆς
3588 5578 3602 5627 ;
3647 5561 3777 5616 ἰδοξἰ

2199 5649 2307 5715 γὰρ
2336 5647 2545 5715 σαφῶς,
2574 5647 2725 5697 οὐδὲν
2759 5647 2891 5709 ὅλως
2922 5647 2981 5698 τὸ
3016 5647 3196 5699 πλεῖον
3225 5649 3594 5719 ἀπονέμουσιν
3626 5654 3780 5725 αὐτῷ

2195 5741 2302 5792 τῶν
2337 5740 2442 5792 ἀπὸ
2472 5739 2574 5808 γῆς
2598 5738 2917 5806 γεγονότων,
2956 5739 3047 5791 καὶ
3068 5738 3136 5791 δι“
3173 5740 3337 5794 αὑτοῦ
3373 5742 3509 5813 πρὸς
3543 5743 3604 5797 τὸ
3640 5741 3780 5800 εἷμαι
