4076 6270
333 364 435 425 237

1392 364 1459 437 ΙΝ
1496 363 1780 422 JOANNIS
1819 358 2276 417 EVANGELlUM
2316 361 2450 416 LIB.
2475 360 2570 416 lx.

3490 361 3599 418 235

336 479 852 553 παρενηνεγμένων.
919 479 1060 550 Ἐγὼ
1113 480 1190 547 δὲ,
1222 480 1400 535 καίτοι
1452 482 1571 537 λίαν
1624 482 1911 552 ἀφορήτως

2017 490 2084 530 eo
2119 475 2187 530 ad
2224 491 2350 531 esse
2383 473 2691 546 productis.
2748 470 2862 544 Ego
2892 487 3024 529 vero
3055 471 3309 543 quamvis
3358 472 3602 545 graviter

337 572 481 642 ἔχων
519 573 604 640 ἐφ’
629 569 711 634 οἷς
738 573 911 625 εἰπεῖν
944 573 995 627 οἰ
1023 571 1244 625 δείλαιοι
1271 572 1693 643 τετολμήκασιν,
1737 573 1915 625 έκεῖνο

334 666 509 731 δεῖξαι
559 664 912 736 πειράσομαι,
944 664 1024 735 τῷ
1074 663 1259 735 σκοπῷ
1300 665 1460 718 πάλιν
1502 665 1769 734 ἑπόμενος
1816 664 1915 734 τῆς

339 756 490 820 θείας
546 757 809 827 Γραφῆς,
869 756 946 820 ὼς
994 758 1229 828 ἐπείπερ
1276 756 1567 828 ἀρνοῦνται
1614 756 1705 810 τὸν
1761 755 1913 820 Υἰὸν,

338 848 745 919 συνηρνήσαντο
780 848 873 901 τὸν
904 848 1128 919 Πατέρα
1150 890 1165 914 ,
1216 849 1310 901 καὶ
1349 848 1536 902 λοιπόν
1567 851 1705 902 εἰσιν
1739 848 1911 914 ἄθεοι,

334 938 647 1001 καιὲλπίδα
694 939 770 1010 μὴ
808 940 1023 1010 ἔχοντες
1053 941 1111 992 ἐν
1142 940 1278 1010 τῷδε
1307 940 1387 1012 τῷ
1429 941 1649 1011 κόσμῳ,
1686 940 1827 994 κατά
1853 940 1914 993 τὸ

332 1030 741 1100 γεγραμμένον.
769 1032 879 1084 Καὶ
898 1032 979 1085 ὅτι
1019 1032 1201 1102 φαμὲν
1224 1030 1429 1095 καλῶς,
1466 1030 1672 1100 ἀληθὴς
1705 1030 1915 1101 μάρτυς

333 1123 466 1191 ἡμῖν
532 1122 849 1192 είσόήσεται
903 1124 931 1174 6
986 1122 1240 1194 θεοφιλὴς
1310 1122 1564 1192 Ἰωάννης
1621 1120 1915 1192 γεγραφὼς

330 1213 433 1266 ὡδί
451 1229 499 1264 ·‹
529 1216 588 1266 Ὁ
616 1214 948 1285 ἀρνούμενος
978 1216 1069 1266 τὸν
1100 1214 1339 1284 Πατέρα,
1371 1215 1465 1268 καὶ
1504 1213 1595 1267 τὸν
1616 1213 1766 1266 Υἰόψ
1806 1214 1916 1277 πᾶς

330 1307 363 1360 6
388 1306 724 1378 ἀρνούμενος
759 1307 852 1360 τὸν
896 1308 1023 1361 Υἰὸν
1047 1309 1225 1372 ,κούδὲ
1281 1308 1373 1363 τὸν
1416 1309 1636 1381 Πατέρα
1678 1308 1825 1380 ἔχει·
1885 1310 1915 1362 6

331 1397 613 1466 ὁμολογῶν
643 1398 735 1451 τὸν
773 1398 921 1462 Υἰὸν,
951 1399 1046 1452 καὶ
1080 1400 1169 1452 τὸν
1207 1400 1421 1471 Πατέρα
1463 1399 1595 1471 ἔχει,
1639 1419 1658 1451 ι
1706 1399 1914 1471 Ὀρθῶς

331 1489 390 1541 δέ
417 1506 471 1542 τι
498 1490 622 1544 λίαν
661 1491 691 1542 6
719 1491 1166 1562 πνευματοφὸρος
1191 1533 1206 1554 ,
1241 1493 1335 1546 καὶ
1362 1494 1461 1562 τῆς
1492 1491 1570 1562 τῷ
1599 1492 1743 1561 λόγῳ
1786 1509 1915 1563 πρε-

333 1580 543 1649 πούσης
569 1581 836 1652 ἁρμονίας
856 1582 957 1635 οὐκ
985 1581 1092 1647 ἔξω
1114 1582 1280 1645 τιθεὶς
1302 1583 1362 1636 τὸ
1380 1581 1557 1654 θεώρη
1569 1600 1661 1653 μα.
1696 1583 1912 1653 Ἐπειδὴ

330 1673 448 1744 γὰρ
479 1671 620 1727 οἶδεν
648 1675 747 1727 οὐκ
791 1674 1016 1745 ὀνόματι
1073 1677 1264 1746 μόνον,
1300 1677 1550 1747 ἐνεργείᾳ
1593 1676 1649 1729 δὲ
1689 1676 1920 1747 μᾶλλον,

329 1765 474 1837 ὅπερ
507 1761 647 1819 εἷναι
678 1768 772 1820 καὶ
809 1767 1056 1836 λέγεται,
1100 1767 1246 1821 τοῦτ’
1296 1767 1409 1821 ἐστι
1434 1807 1451 1833 ,
1503 1768 1695 1839 Πατὴρ
1720 1808 1734 1832 ,
1770 1767 1915 1822 κατὰ

2021 575 2075 621 et
2110 567 2301 637 iniquo
2331 567 2521 621 animo
2556 565 2728 621 feram
2764 581 2829 621 ea
2856 581 2979 635 qua:
3012 565 3263 637 proferre
3291 564 3416 619 ausi
3472 575 3602 620 sunt

2023 659 2237 723 miseri,
2270 660 2570 715 ostendere
2600 644 2783 713 tamen
2836 658 3082 714 conabor
3136 672 3366 729 scopum
3404 672 3601 712 rursus

2023 765 2262 821 sequens
2292 749 2493 805 divinae
2525 745 2867 819 Scripturaa,
2905 764 3001 805 eos
3043 764 3241 821 nempe
3270 748 3365 821 qui
3403 760 3605 820 negant

2022 840 2221 896 Filium
2241 886 2255 909 ,
2288 841 2456 896 simul
2482 856 2701 912 quoque
2733 856 2938 912 negare
2965 839 3186 898 Patrem
3209 881 3225 905 ,
3250 855 3459 912 eosque
3484 841 3604 896 sine

2021 935 2133 991 Deo
2191 935 2408 990 tandem
2464 950 2629 999 esse,
2678 942 2732 989 et
2778 948 2935 1004 spem
2987 948 3099 988 non
3145 932 3351 989 habere
3386 933 3454 995 jn
3499 932 3603 986 hoc

2024 1027 2265 1088 mundo,
2301 1026 2449 1080 sicut
2475 1026 2744 1095 scriptum
2778 1030 2865 1080 est
2898 1024 2987 1077 "‘l
3017 1022 3174 1090 Quod
3205 1030 3354 1079 recte
3381 1039 3411 1078 a
3444 1022 3599 1078 nobis

2021 1117 2169 1182 diei,
2208 1117 2364 1174 testis
2418 1119 2669 1188 locuples
2716 1116 2879 1172 nobis
2931 1117 3038 1171 erit
3087 1116 3212 1187 pius
3244 1116 3335 1171 ille
3358 1114 3598 1171 Joannes

2022 1209 2096 1262 ita
2125 1209 2413 1264 scribens:
2445 1227 2464 1259 ι
2488 1208 2593 1275 Qui
2627 1207 2845 1273 Patrem
2870 1218 3070 1279 negat,
3094 1217 3256 1278 negat
3276 1214 3331 1262 et
3356 1205 3559 1262 Filium
3584 1222 3599 1237 ·

2022 1300 2205 1355 omnis
2235 1300 2331 1369 qui
2368 1306 2532 1368 negat
2561 1297 2766 1353 Filium
2791 1339 2806 1363 ,
2843 1314 2946 1353 nec
2989 1297 3210 1354 Patrem
3257 1300 3423 1355 habet
3456 1319 3469 1354 :
3504 1300 3601 1370 qui

2022 1389 2315 1446 conﬁtetur
2345 1390 2584 1457 Filium,
2617 1400 2672 1446 et
2705 1390 2923 1447 Patrem
2960 1391 3124 1447 habet
3157 1393 3221 1446 ιδ.
3254 1411 3273 1444 ι
3304 1391 3469 1448 Recte
3500 1408 3603 1447 an-

2022 1491 2133 1537 tem
2166 1482 2254 1536 vir
2279 1481 2528 1547 divinus,
2579 1497 2761 1553 neque
2808 1482 2864 1537 id
2898 1492 3055 1539 extra
3088 1486 3364 1541 sermonis
3402 1488 3603 1542 seriem

2021 1580 2076 1627 et
2106 1573 2382 1629 ordinem.
2416 1572 2551 1627 Nam
2584 1589 2709 1628 cum
2745 1574 2917 1630 sciret
2961 1592 3072 1631 non
3118 1577 3293 1633 solum
3345 1579 3601 1644 nomine,

2022 1669 2119 1725 sed
2167 1684 2229 1725 re
2269 1678 2324 1724 ct
2363 1676 2487 1725 actu
2522 1670 2743 1741 potius,
2784 1670 2837 1725 id
2870 1670 3019 1741 quod
3058 1686 3183 1728 esse
3222 1671 3450 1740 dicitur,
3496 1671 3604 1727 Pa-

2022 1770 2158 1817 trem
2190 1762 2454 1816 nimirum
2485 1761 2791 1819 secundum
2843 1773 3096 1818 naturam
3150 1765 3453 1830 exsistere,
3503 1780 3604 1820 nco

332 1857 499 1925 φύσιν
545 1858 859 1930 ὑπάρχοντα
885 1899 900 1923 ,
932 1860 1244 1928 ἀναγκαίως
1272 1859 1717 1931 συνεξαρνεῖσθαί
1748 1879 1911 1931 φησιν

2024 1852 2267 1910 cessario
2314 1851 2483 1907 infert
2546 1853 2783 1909 alterum
2832 1854 3024 1925 negari
3072 1871 3180 1910 una
3224 1870 3349 1911 cum
3402 1857 3603 1913 altero.

333 1949 507 2020 ἑτέρῳ
532 1948 629 2002 τὸν
660 1950 865 2020 ἕτερον.
901 1952 1277 2023 Συνειστρέχει
1309 1952 1419 2022 γάρ
1453 1971 1570 2016 πως
1605 1954 1693 2006 ἀεὶ
1726 1955 1802 2024 τῷ
1846 1969 1914 2023 γε

331 2040 444 2093 livet
491 2040 829 2109 κατὰφύσιν
857 2043 951 2096 καὶ
978 2046 1252 2114 νοουμένῳ
1282 2044 1460 2116 Πατρὶ
1485 2044 1580 2097 τοῦ
1618 2045 1914 2115 προελθόν-

333 2147 423 2193 τος
456 2132 515 2196 ἐξ
543 2132 709 2187 αὐτοῦ
741 2135 1083 2204 γεννήματος
1118 2136 1150 2206 η
1178 2135 1382 2204 γνῶσίς
1418 2153 1477 2188 τε
1523 2136 1619 2189 καὶ
1658 2136 1910 2207 δήλωσις,

339 2223 432 2275 καὶ
467 2223 545 2292 τῷ
578 2224 889 2295 γεννηθέντι
949 2226 1092 2280 κατὰ
1143 2227 1438 2297 ἀλήθειαν,
1482 2228 1542 2282 τὸ
1583 2226 1676 2281 τοῦ
1711 2229 1913 2282 τίκτειν

339 2316 647 2384 πεφυκότος
688 2320 1078 2371 πνεπινοεῖται
1132 2320 1445 2389 πρόσωπον.
1475 2320 1627 2391 ’Ἅμα
1670 2319 1778 2392 γάρ
1828 2338 1912 2385 τις

346 2404 491 2472 ἔγνω
524 2404 753 2477 πατέρα,
786 2407 1017 2479 συνῆκεν
1054 2407 1137 2459 ὅτι
1164 2408 1484 2478 γεγέννηκε,
1522 2411 1616 2463 καὶ
1642 2412 1689 2463 εἰ
1725 2410 1910 2481 μάθει“

342 2495 404 2549 τὸ
436 2496 709 2567 γέννημα,
738 2498 1064 2553 διακείσεται
1102 2502 1320 2564 πάντως
1361 2502 1443 2554 ὅτι
1499 2502 1704 2574 πατρὸς
1748 2503 1909 2572 ἐξέφυ

339 2586 503 2650 τινός.
537 2588 742 2642 Οὐκοῦν
771 2590 839 2643 δι’
869 2591 1074 2660 ἀμφοῖν
1103 2593 1218 2654 τοῖς
1252 2586 1687 2663 ἁκροωμένοις’ἠ
1717 2594 1909 2647 ἑκατέ-

335 2695 432 2747 ρου
466 2679 667 2746 γνῶσις
706 2681 1046 2736 ὲντίκτεται·
1087 2683 1182 2736 καὶ
1230 2683 1609 2754 ἀρνησάμενος
1658 2686 1756 2755 μέν
1804 2704 1908 2752 τις,

330 2774 413 2826 ὅτι
449 2774 638 2844 Πατήρ
672 2774 820 2826 ἐστιν
849 2774 1067 2844 ἀληθῶς
1101 2776 1130 2827 6
1167 2773 1317 2839 Θεὸς,
1353 2780 1741 2848 συναναιρήσει
1775 2779 1912 2832 πάν-

329 2882 438 2928 τως
478 2866 576 2937 τὴν
607 2865 701 2918 τοῦ
736 2865 864 2919 Υἰοῦ
911 2867 1186 2938 γέννησιν.
1233 2867 1489 2940 Γέννημα
1530 2869 1588 2922 δὲ
1619 2870 1780 2925 πάλιν
1810 2872 1911 2942 οὐχ

330 2958 667 3028 ὁμολογήσας
692 2955 832 3011 εἶναι
863 2958 955 3013 τὸν
984 2959 1134 3023 Υἰὸν,
1163 2960 1261 3031 τὴν
1296 2978 1361 3013 πε
1372 2961 1426 3032 pl.
1467 2960 1559 3014 τοῦ
1589 2963 1806 3033 Πατρὸς
1834 2964 1910 3032 (1)

330 3050 531 3118 γνῶσιν
558 3050 831 3118 συνεξελεῖ
863 3050 928 3121 δὴ
975 3052 1193 3115 πάντως
1220 3052 1390 3124 αὐτῷ.
1420 3054 1549 3107 Ὅτε
1575 3054 1753 3108 τοίνυν
1797 3056 1912 3116 τοῖς

329 3143 563 3206 ἀνοσίοις
615 3144 761 3214 ἡμᾶς
814 3144 1322 3215 κατασφενδονήσας
1365 3144 1580 3214 λόγοις,
1627 3145 1911 3219 διακεκρι-

334 3234 500 3304 μένην
543 3233 638 3286 τοῦ
684 3235 983 3306 ἀγεννήτου
1019 3234 1155 3288 Θεοῦ
1202 3236 1302 3307 τὴν
1343 3237 1531 3290 οὐσίαν
1579 3237 1910 3293 διατείνεται

328 3319 471 3389 ἔχειν
502 3320 594 3374 τὸν
622 3320 786 3388 Υίὸν,
822 3322 940 3385 πῶς
971 3323 1031 3375 οὐ
1064 3324 1361 3394 διαρρήδην
1397 3326 1519 3379 οὐδὲ
1566 3327 1695 3381 Υἱὸν
1732 3329 1911 3401 ὑπάρ-

327 3427 444 3480 χειν
476 3411 641 3465 αὑτὸν
685 3414 939 3482 ὁμολογεῖ
964 3429 1003 3479 ;‘
1038 3415 1168 3468 Υἰοῦ
1217 3417 1275 3470 δὲ
1326 3419 1429 3470 οὐκ
1458 3418 1610 3483 ὄντος
1634 3459 1649 3483 ,
1697 3421 1808 3475 οὐδ’
1841 3420 1909 3475 ἂν

333 3502 497 3567 αὐτὸς
528 3504 557 3555 6
583 3499 771 3575 Πατὴρ
800 3505 1015 3576 άληθῶς
1044 3507 1124 3560 ἔτι
1158 3510 1329 3561 νοοῖτο
1362 3510 1573 3580 Πατήρ.
1611 3511 1769 3575 Τίνος
1798 3513 1911 3585 γὰρ

328 3593 483 3646 ἔσται
525 3596 726 3665 πατὴρ,
774 3599 824 3649 ει
857 3598 932 3666 μὴ
956 3599 1190 3665 τέτοκε;
1223 3603 1618 3674 Διακεκρίσθαι
1651 3606 1751 3674 μὲν
1801 3607 1911 3679 γὰρ

328 3686 455 3754 οὐχὶ
483 3686 582 3754 τῆς
612 3686 834 3750 οὐσίας,
884 3689 1021 3741 ἀλλὰ
1070 3689 1165 3742 τοῦ
1216 3693 1513 3762 προσώπου
1566 3695 1661 3749 τοῦ
1702 3698 1913 3767 Πατρδς

333 3778 430 3831 καὶ
465 3777 621 3830 αὐτοί
661 3795 840 3848 φαμεν
868 3780 958 3833 τὸν
1003 3781 1163 3846 Υἰὸν,
1212 3784 1310 3854 οὐχ
1360 3785 1435 3848 ὡς
1463 3786 1748 3858 ἀλλότριον
1782 3790 1913 3847 ὄντα,

334 3867 479 3919 κατὰ
515 3866 677 3936 φύσιν
703 3868 879 3922 αὑτοῦ
904 3911 917 3935 ,
964 3868 1213 3944 καθάπερ
1244 3876 1437 3944 ἀμέλει
1477 3880 1590 3942 τοῖς
1619 3878 1911 3953 θεομάχοις

329 3958 500 4022 δοκεῖ,
538 3957 652 4011 ἀλλ’
679 3960 755 4023 ὡς
791 3961 918 4015 ὄντα
947 3981 1006 4017 τε
1041 3966 1135 4018 καὶ
1171 3966 1463 4039 νοούμενον
1491 3972 1551 4024 ἐν
1596 3972 1709 4045 ἰδίῳ
1736 3993 1911 4047 προσ-

326 4048 491 4120 ώπῳ,
533 4052 627 4105 καὶ
661 4055 781 4105 κατ’
828 4054 966 4107 ἰδίαν
1000 4056 1235 4128 ὕπαρξιν
1278 4061 1581 4134 ἑτερότητι.
1633 4066 1763 4132 Υἰὺς
1800 4070 1912 4144 γάρ

326 4143 476 4207 ἐστι,
518 4144 614 4197 καὶ
648 4147 707 4198 ού
736 4148 923 4219 Πατήρ
947 4165 960 4179 ⁸
993 4150 1373 4224 διακεκρίσθαι
1410 4173 1475 4227 γε
1527 4160 1637 4231 μὴν
1662 4164 1791 4216 κατ’
1821 4143 1911 4217 06-

330 4235 454 4327 σίαν
482 4235 595 4327 οὔτ’
622 4238 693 4327 ἂν
722 4240 876 4295 αὐτοὶ
907 4245 1169 4316 φαίημεν,
1205 4247 1260 4300 εῐ
1278 4266 1340 4317 γε
1373 4252 1682 4324 φρονοῦμεν
1709 4256 1909 4327 ὀρθῶς,

326 4319 453 4419 οὔτε
494 4324 597 4419 τινὶ
628 4326 735 4419 τῶν
781 4329 1027 4399 ἀδελφῶν
1071 4319 1608 4412 συμϐουλεύσαιμεν.
1646 4319 1772 4408 Πῶς

328 4413 396 4464 ἂν
425 4414 519 4466 καὶ
556 4414 897 4489 διακέκριται
931 4422 1090 4491 μόνον
1114 4464 1129 4490 ,
1172 4427 1294 4480 καθ’
1325 4429 1465 4501 ὅπερ
1503 4432 1652 4488 ἐστὶν
1692 4413 1915 4502 ἰδιαζόν-

327 4519 439 4565 τως
473 4503 741 4574 ἓκαστον;
798 4511 856 4564 Ὀ
893 4514 1099 4586 Πέτρος
1140 4517 1250 4587 γὰρ
1306 4520 1512 4592 Πέτρος
1557 4525 1675 4578 ἐστὶ
1713 4528 1809 4580 καὶ
1851 4528 1912 4583 οὐ

329 4595 572 4689 Παῦλος,
605 4600 695 4652 καὶ
737 4603 764 4653 6
799 4602 1012 4667 Παῦλος
1045 4606 1107 4658 οὐ
1157 4607 1363 4679 Πέτρος
1392 4650 1406 4673 ,
1441 4612 1665 4682 μένουσί
1702 4634 1768 4685 γε
1803 4620 1911 4689 μὴν

328 4685 628 4780 ἀδιάκριτοι
658 4692 800 4745 κατὰ
829 4694 929 4765 τὴν
961 4695 1144 4764 φύσιν.
1185 4694 1283 4763 Εἷς
1311 4701 1418 4772 γάρ
1464 4705 1550 4758 ἐπ’
1581 4707 1783 4777 ἀμφοῖν
1804 4685 1913 4780 ⁷τ”ἓξς

328 4776 518 4841 οὐσίας
543 4781 570 4831 6
597 4780 776 4849 λόγος,
809 4783 906 4836 καὶ
937 4786 1059 4839 ’τῶν
1097 4787 1278 4842 αὐτῶν
1322 4776 1763 4864 ἀπαραλλάκτως
1798 4776 1910 4865 ἕξει

328 4867 399 4963 τά
449 4870 853 4963 πρὸςιὲνότητα
889 4877 1145 4963 Διρυοίκὴν
1196 4882 1551 4954 συνδούμενα.
1605 4888 1712 4942 Τοῦ
1757 4890 1813 4943 δὲ
1844 4892 1908 4963 δὴ

334 4953 493 5051 χάριν
553 4956 620 5051 τά
678 4959 908 5014 τοιαῦτά
960 4980 1183 5035 φαμεν;
1264 4953 1557 5039 Ἐπιδείξαι
1615 4977 1723 5049 γὰρ
1780 4953 1911 5051 ἡμῖν

333 5046 558 5113 σκοπὸς,
605 5049 686 5102 ὅτι
730 5053 1057 5122 φρονοῦντες
1083 5059 1282 5112 ἐκεῖνοι
1312 5061 1607 5132 δυσσεϐῶς,
1640 5046 1740 5138 τῆς
1770 5046 1912 5128 κατά

329 5138 495 5206 φύσιν
549 5140 801 5213 θεότητος
859 5145 1138 5211 ἐξέλκουσι
1192 5152 1282 5204 τὸν
1327 5154 1490 5220 Υἰὸν,
1555 5160 1710 5215 οὐδὲν
1763 5165 1912 5217 αὐτῶ

328 5228 515 5295 πλέον,
550 5234 803 5306 καθάπερ
841 5238 939 5306 ἤδη
987 5241 1321 5313 προείπομεν
1345 5286 1358 5310 ,
1424 5253 1679 5322 σχετικῆς
1708 5222 1910 5309 ἀπονέἶ-

329 5337 524 5390 μοντες
554 5325 884 5397 οἰκειότητος
922 5329 1021 5400 τῆς
1069 5332 1145 5395 ὡς
1177 5336 1316 5406 πρὸς
1362 5339 1581 5411 Πατέρα
1615 5347 1709 5398 καὶ
1755 5348 1906 5406 Θεόν.

338 5414 497 5514 Ἐπεὶ
525 5415 803 5514 διὰ-ποίαν
852 5423 1031 5476 αἰτίαν
1064 5427 1214 5495 ἡμᾶς
1262 5434 1683 5505 παραδείγματα
1723 5459 1906 5514 παρα-

327 5505 517 5567 θέντες
553 5507 645 5560 τοῦ
692 5510 883 5580 λόγου,
935 5516 1201 5590 Καθάπερ
1247 5524 1443 5592 ἡμεῖς,
1484 5530 1682 5595 φασὶν,
1729 5505 1907 5607 ἀμιγῆ

408 5662 454 5693 ³³
498 5662 693 5733 Eph-35.
734 5685 796 5733 tt,
833 5670 917 5724 12.
1003 5672 1046 5701 “
1079 5674 1096 5727 Ι
1127 5673 1285 5731 Joan.
1318 5694 1381 5743 ll,
1416 5681 1507 5738 22.

2018 1943 2319 2000 Concurrit
2352 1945 2501 2001 enim
2547 1960 2671 2000 cum
2718 1962 2786 2001 eo
2833 1946 2928 2016 qui
2970 1956 3167 2002 natura
3217 1948 3379 2003 Pater
3420 1958 3501 2005 est
3539 1964 3605 2005 ac

2019 2038 2375 2108 intelligitur,
2405 2037 2767 2108 procedentis
2810 2053 2876 2094 ex
2915 2039 3038 2110 ipso
3072 2037 3197 2094 Filii
3231 2043 3473 2112 cognitio
3521 2052 3605 2097 at-

2017 2145 2126 2202 que
2153 2130 2485 2202 signiﬁcatio
2505 2172 2521 2200 ,
2562 2138 2617 2186 et
2648 2147 2772 2186 cum
2808 2147 2873 2188 eo
2901 2133 2993 2202 qui
3030 2148 3222 2188 revera
3252 2136 3469 2204 genitus
3496 2145 3602 2201 est,

2015 2223 2287 2296 genitoris
2317 2238 2552 2293 persona
2584 2224 2751 2280 simul
2785 2226 3120 2295 concipitur.
3158 2223 3335 2279 Simul
3365 2240 3429 2280 ac
3455 2226 3601 2281 enim
3664 2241 3668 2249 '

2019 2324 2231 2386 patrem
2277 2316 2435 2370 novit
2467 2317 2701 2387 aliquis,
2739 2317 3000 2387 genuisse
3043 2317 3333 2389 intelligit;
3364 2325 3420 2373 et
3453 2319 3501 2373 si
3540 2319 3603 2372 li-

2018 2404 2152 2460 lium
2185 2405 2467 2472 audierit,
2500 2407 2695 2478 utique
2724 2407 2926 2463 sentiet
2959 2423 3026 2463 ex
3062 2408 3252 2480 aliquo
3286 2418 3441 2478 patre
3483 2408 3603 2464 edi-

1982 2544 1989 2551 .
2018 2507 2152 2554 tum.
2183 2499 2452 2566 Quocirca
2476 2517 2571 2571 per
2594 2502 2831 2557 alterum
2853 2501 3083 2557 alterius
3109 2503 3304 2557 notitia
3327 2503 3383 2556 in
3409 2504 3603 2558 menti-

1937 3187 1983 3249 C

2018 2592 2122 2648 bus
2151 2592 2466 2648 auditorum
2496 2592 2759 2663 gignitur,
2789 2601 2843 2649 et
2870 2594 2916 2648 si
2948 2594 3074 2664 quis
3107 2595 3394 2665 negaverit
3430 2594 3599 2650 Deum

2018 2698 2145 2738 vere
2173 2698 2298 2739 esse
2330 2681 2585 2748 Patrem,
2621 2682 2784 2737 simul
2822 2684 2987 2738 etiam
3019 2682 3142 2737 Filii
3186 2684 3599 2755 generationem

2016 2783 2250 2832 evertet.
2290 2774 2503 2831 Rursus
2531 2790 2699 2840 vero,
2732 2777 3054 2847 quicunque
3082 2778 3336 2847 genimen
3369 2793 3480 2833 non
3517 2776 3599 2831 fa-

2016 2865 2222 2922 tebitur
2251 2880 2377 2922 esse
2406 2864 2643 2930 Filium,
2693 2866 2921 2921 omnino
2955 2865 3138 2924 Patris
3183 2867 3440 2923 notitiam
3489 2885 3599 2924 una

2017 2973 2144 3015 cum
2176 2960 2297 3031 ipso
2326 2958 2542 3030 eripiet.
2574 2958 2710 3016 Cum
2741 2975 2874 3030 ergo
2908 2975 3010 3016 nos
3043 2960 3226 3030 impiis
3256 2969 3452 3032 petens
3480 2977 3599 3017 ser-

2018 3051 2274 3107 monibus
2295 3092 2311 3117 ,
2342 3051 2665 3106 distinctam
2695 3050 2764 3105 ab
2798 3050 3047 3123 ingenito
3074 3050 3188 3108 Deo
3224 3052 3597 3109 substantiam

2023 3144 2223 3201 habere
2239 3142 2439 3199 Filium
2465 3142 2792 3209 contendat,
2818 3143 3085 3214 numquid
3118 3152 3305 3215 aperte
3332 3131 3599 3215 praedicat

2017 3254 2088 3294 ne
2116 3238 2299 3309 ipsum
2325 3238 2549 3309 quidem
2581 3253 2705 3295 esse
2733 3237 2933 3292 Filium
2959 3238 2981 3291 ‘i
3012 3236 3169 3304 Quod
3204 3238 3249 3292 si
3277 3236 3453 3293 Filius
3484 3254 3596 3292 non

2015 3331 2121 3396 sit,
2153 3345 2222 3386 ne
2248 3331 2364 3401 ipse
2389 3330 2756 3401 quidem-jam
2781 3330 2944 3386 Pater
2969 3345 3096 3386 vere
3122 3329 3462 3385 censebitur.
3489 3330 3598 3384 Cu-

2008 3422 2102 3493 jus
2149 3423 2298 3478 enim
2344 3432 2500 3493 pater
2545 3422 2765 3479 futurus
2809 3430 2916 3489 est,
2966 3422 3012 3477 si
3063 3437 3176 3476 non
3216 3421 3598 3492 genuit?Dis—

2016 3515 2251 3569 tinctum
2293 3517 2495 3585 quippe
2529 3531 2654 3571 esse
2704 3531 2817 3570 non
2855 3530 2885 3568 a
2921 3514 3234 3570 substantia
3258 3552 3274 3579 ,
3324 3515 3420 3570 sed
3470 3530 3598 3584 per-

2014 3620 2147 3661 sona
2181 3602 2363 3659 Patris
2390 3606 2494 3676 ipsi
2522 3621 2743 3676 quoque
2769 3605 3073 3661 asserimus
3094 3645 3110 3672 ,
3142 3619 3250 3659 non
3277 3605 3435 3674 quasi
3466 3605 3599 3659 alie-

2012 3711 2123 3752 nus
2157 3695 2231 3751 sit
2265 3695 2334 3750 ab
2362 3710 2429 3750 eo
2462 3695 2770 3751 secundum
2803 3703 3095 3761 naturam,
3126 3695 3289 3749 sicuti
3331 3694 3593 3748 nimirum

2015 3786 2111 3844 Dei
2149 3786 2409 3844 hostibus
2439 3787 2683 3853 videtur,
2710 3788 2805 3843 sed
2842 3798 2900 3842 ut
2924 3787 3017 3857 qui
3047 3787 3120 3843 sit
3158 3793 3215 3843 et
3258 3787 3597 3858 intelligatur

2016 3879 2072 3933 in
2108 3878 2331 3951 propria
2364 3894 2604 3950 persona
2626 3921 2640 3945 ,
2674 3878 2840 3951 798
2869 3888 2923 3935 et
2963 3879 3253 3950 hypostast
3290 3880 3455 3935 alter.
3503 3879 3598 3935 Fi-

2015 3971 2126 4027 lius
2178 3972 2325 4027 enim
2373 3979 2487 4037 est,
2536 3986 2601 4026 ac
2637 3987 2743 4027 non
2776 3971 2976 4027 Pater:
3014 3988 3197 4044 neque
3241 3980 3428 4029 tamen
3462 3975 3596 4029 'sub-

2017 4065 2223 4121 stantia
2271 4064 2537 4136 distingui
2580 4064 2927 4141 dixerimus,
2971 4064 3019 4120 si
3066 4080 3221 4121 mens
3265 4065 3426 4121 nobis
3461 4080 3596 4120 sana

2017 4156 2123 4223 sit,
2159 4170 2339 4227 neque
2385 4156 2441 4211 id
2498 4155 2595 4211 ulli
2643 4154 2878 4211 fratrum
2930 4157 3396 4212 consuluerimus.
3449 4157 3600 4223 Quo-

2017 4248 2182 4303 modo
2210 4248 2357 4303 enim
2386 4248 2553 4303 etiam
2586 4246 3017 4318 unumquodque
3051 4247 3445 4318 singularitate
3476 4264 3598 4317 per-

2017 4356 2165 4396 sona:
2201 4349 2413 4396 tantum
2446 4340 2851 4410 distinguitur?
2876 4338 3074 4395 Petrus
3106 4339 3251 4393 enim
3282 4349 3368 4395 est
3398 4338 3597 4395 Petrus

2015 4447 2080 4487 ac
2105 4448 2220 4488 non
2257 4432 2485 4497 Paulus,
2521 4438 2576 4488 et
2606 4431 2813 4487 Paulus
2844 4439 2927 4487 est
2959 4431 3190 4499 Paulus,
3217 4448 3327 4487 non
3359 4432 3557 4490 Petrus
3580 4477 3596 4502 ,

1940 4524 2399 4585 Dvcrumtamen
2469 4524 2781 4579 indistincti
2838 4532 3124 4580 remanent
3188 4534 3409 4580 natura.
3475 4520 3599 4581 Una

2016 4618 2165 4673 enim
2209 4626 2294 4672 est
2337 4617 2393 4671 in
2431 4617 2703 4673 ambobus
2744 4617 2887 4673 ratio
2922 4618 3281 4685 substantite,
3314 4627 3369 4674 et
3403 4619 3598 4675 eadem

2016 4710 2157 4764 citra
2192 4708 2555 4762 variationem
2592 4709 2757 4764 ullam
2791 4710 2997 4767 habent
3027 4726 3152 4781 quae
3182 4711 3251 4766 ad
3286 4712 3597 4766 naturalem

2016 4801 2282 4855 unitatem
2315 4801 2668 4871 colligantur.
2693 4801 2866 4868 Quam
2892 4819 3027 4859 vero
3051 4805 3122 4859 ob
3149 4818 3369 4859 causam
3404 4803 3598 4858 istbaec

2015 4893 2295 4947 dicimus?
2329 4892 2545 4963 Quippe
2598 4896 2942 4963 propositum
2975 4904 3059 4952 est
3105 4896 3267 4951 nobis
3304 4896 3599 4950 ostendere
3686 4940 3687 4943 η

2015 4986 2188 5056 quod,
2219 5001 2341 5040 cum
2374 4987 2456 5040 illi
2484 4987 2650 5057 impie
2678 4988 2987 5055 sentiant,a
3013 4990 3256 5045 naturali
3284 4988 3486 5043 deitate
3510 4986 3600 5042 Fi-

2017 5078 2153 5132 lium
2181 5076 2517 5142 excludunt,
2550 5078 2728 5133 nihilo
2764 5081 2889 5149 plus
2922 5079 2969 5134 ei
2996 5119 3011 5145 ,
3042 5089 3102 5134 ut
3131 5090 3295 5133 antea
3319 5078 3560 5133 diximus

2016 5170 2359 5235 tribuentes,
2383 5185 2549 5240 quam
2585 5173 2871 5226 relativam
2901 5187 3025 5226 cum
3054 5171 3217 5226 Patre
3240 5181 3295 5225 et
3326 5171 3435 5224 Deo
3461 5185 3597 5225 con-

2010 5262 2377 5331 junctionem.
2408 5262 2586 5328 Quam
2615 5263 2759 5316 enim
2788 5264 2859 5317 ob
2885 5278 3105 5316 causam
3135 5262 3298 5318 nobis
3324 5263 3379 5317 in
3409 5276 3596 5316 exem-

2019 5356 2165 5425 plum
2209 5355 2331 5423 ejus
2371 5354 2518 5425 quod
2550 5355 2719 5408 aiunt
2752 5354 3049 5424 propositis
3076 5372 3091 5408 :
3118 5353 3595 5420 Quemadmodum

2019 5466 2118 5504 nos
2141 5493 2154 5513 ,
2187 5450 2478 5519 inquiunt,
2517 5450 2812 5502 immistam
2847 5462 2971 5502 cum
3007 5444 3079 5503 eo
3113 5449 3386 5504 habemus
3417 5447 3593 5515 hypo-

2019 5547 2243 5611 stasim,
2281 5562 2405 5601 cum
2440 5548 2610 5601 simus
2648 5547 2699 5599 in
2736 5547 2886 5616 ipso,
2928 5548 3000 5600 ita
3033 5556 3089 5602 et
3119 5548 3236 5617 ipse
3268 5548 3590 5604 distinctam

399 5824 487 5913 (ll
513 5824 634 5896 EtL,
667 5825 1006 5899 Πνεύματος.
1046 5832 1316 5908 interpres
1353 5847 1532 5897 tamen
1564 5843 1775 5915 [Ia-:96;
1812 5845 2034 5918 legerat.
2074 5848 2227 5902 Eutr.
