4076 6270
511 361 617 417 259

1506 355 1563 412 S.
1605 353 1881 412 CYRILLl
1932 348 2411 406 ALEXANDRINI
2452 349 2772 422 ARCIIII'ZP.

3667 350 3772 404 2ἆο

513 474 682 529 habet
712 487 743 526 a
771 468 884 527 Deo
912 469 1315 533 substantiam,
1348 467 1602 538 quamvis
1631 482 1754 523 esse
1784 465 2000 547 dicatur
2036 464 2080 517 in

2199 467 2335 536 πρὸς
2368 466 2529 519 αὑτὸν
2565 466 2757 536 ἔχομεν
2797 464 2896 535 τὴν
2940 465 3266 531 ὑπόστασιν,
3304 464 3457 530 ὄντες
3508 468 3570 521 ἑν
3601 471 3770 541 αὐτῷ.
3808 498 3817 514 ι

514 564 657 634 ipso.
683 561 957 632 Numquid
996 561 1282 615 manifesta
1315 567 1399 613 est
1429 558 1649 613 cunctis
1681 559 1772 611 illa
1807 556 2093 611 versutia?

400 711 422 734 ο
511 655 794 725 Numquid
826 654 951 724 jure
981 652 1363 722 dicet-aliquis
1412 668 1537 707 eum
1588 652 1678 722 qui
1734 662 1842 704 tam
1892 649 2091 703 fetidos

512 764 799 810 sermones
822 748 1064 803 evomuit
1094 763 1262 801 unum
1294 761 1420 801 esse
1452 761 1516 799 ex
1549 746 1618 800 iis
1648 744 1743 815 qui
1782 759 1877 813 per
1912 741 2092 811 Spiri-

512 852 632 900 tum
660 844 917 898 illusores
953 841 1369 911 prmdicantur?
1398 840 1539 906 Quid
1571 841 1719 894 enim
1755 839 1916 893 nobis
1946 837 2089 893 scri-

514 933 595 989 bit
623 931 794 989 Judas
820 932 912 986 ille
954 930 1271 986 Servatoris
1304 921 1657 999 discipulus?
1687 947 1705 979 ι
1739 927 1850 982 Vos
1884 936 2088 989 autem,

510 1023 865 1088 ‘charissimi,
901 1037 1171 1077 memores
1202 1029 1378 1078 estote
1412 1021 1705 1075 verborum
1741 1033 1865 1089 quae
1899 1018 2093 1087 praedi-

512 1127 600 1173 cta
631 1124 761 1172 sunt
795 1114 863 1168 ab
898 1114 1167 1185 apostolis
1212 1112 1427 1167 Domini
1475 1110 1651 1166 nostri
1681 1108 1810 1165 Jesu
1846 1109 2087 1175 Christi;

511 1208 604 1280 qui
648 1206 909 1263 dicebant
952 1206 1150 1260 vobis:
1187 1202 1458 1271 Quoniam
1509 1204 1564 1256 in
1622 1203 1925 1256 novissimo
1956 1210 2091 1255 tein-

511 1315 644 1370 pore
692 1300 915 1354 venient
962 1299 1249 1360 illusores,
1301 1296 1604 1350 secundum
1658 1293 1937 1347 desideria
1988 1308 2089 1346 sua

510 1392 859 1445 ambulantes
894 1391 951 1444 in
984 1388 1386 1459 impie-tatibus.
1433 1386 1498 1440 lli
1544 1394 1708 1447 sunt,
1760 1384 1856 1454 qui
1901 1400 2089 1454 segre-

507 1490 642 1553 gant
672 1482 1038 1552 seineptipsos
1064 1523 1076 1541 .
1105 1481 1403 1542 animales,
1440 1478 1703 1547 Spiritum
1741 1494 1851 1531 non
1881 1478 2089 1531 baben-

509 1583 595 1628 tcs
622 1574 688 1628 ’³.
723 1594 739 1626 i
766 1573 938 1628 Nemo
972 1574 1118 1627 enim
1157 1574 1317 1641 plane
1351 1568 1587 1641 Spiritui
1625 1577 1818 1624 sancto
1854 1568 2087 1637 loquens

508 1664 776 1721 adversus
802 1664 1085 1735 Unigcniti
1106 1665 1336 1735 gloriam
1355 1661 1653 1733 quidquam
1675 1662 1951 1730 loquetur.
1975 1660 2088 1715 lloc

509 1759 659 1813 enim
689 1774 817 1813 esse
842 1761 951 1823 aio,
972 1758 1157 1813 dicere
1187 1755 1480 1810 anathema
1506 1752 1636 1809 Jesu
1665 1755 1728 1807 “.
1760 1752 1873 1807 Viri
1906 1762 2085 1808 autem

2194 556 2367 620 οὕτως
2394 558 2489 610 καὶ
2528 558 2689 620 αὑτὸς
2718 556 3143 628 διακεκριμένην
3169 556 3281 627 ἔχει
3312 558 3411 628 τὴν
3458 558 3646 612 οὐσίαν
3678 562 3772 613 tot":

2195 649 2329 703 Θεοῦ
2350 690 2364 713 ,
2402 649 2505 703 κᾶν
2539 645 2677 702 εἶναι
2718 649 2981 720 λέγηται,
3012 651 3211 719 φησιν,
3247 653 3303 703 ἑν
3342 650 3512 722 αὐτῷ.
3542 649 3672 725 Ἀρ*
3713 654 3773 707 οὐ

2196 743 2362 794 πᾶσιν
2396 740 2730 804 εὐκάτοπτος
2766 743 2798 812 ἡ
2836 741 3179 813 πανουργία;
3217 739 3346 814 Ἆρ’
3388 746 3490 797 οὐκ
3534 746 3652 816 ἑρεῖ
3690 762 3774 809 τις

2194 831 2433 900 εὐλόγως
2477 832 2568 885 τὸν
2618 832 2760 886 οὕτω
2799 833 3202 889 δυσωδέστατον
3245 835 3586 906 ἑξεμέσαντα
3616 838 3774 908 λόγον

2194 922 2418 976 ἐκείνων
2448 923 2717 993 ὑπάρχειν
2763 923 2859 976 ’ἐνα
2890 923 2997 977 τῶν
3034 923 3121 977 διὰ
3166 925 3259 978 τοῦ
3294 926 3615 997 Πνεύματος
3649 947 3775 1001 προ-

2193 1013 2623 1085 κεκηρυγμένων
2674 1016 3034 1085 ἐμπαικτῶν;
3092 1018 3133 1068 Τ
3142 1018 3156 1068 ί
3216 1018 3324 1091 γάρ
3394 1019 3593 1084 Ἰούδας
3644 1021 3773 1093 ἡμῖν

2193 1103 2499 1156 ἐπιστέλλει
2548 1104 2642 1157 τοῦ
2685 1106 2936 1179 Σωτῆρος
2987 1108 3014 1160 ό
3062 1106 3311 1179 μαθητής
3335 1125 3357 1172 ;-
3409 1127 3428 1159 ι
3472 1110 3660 1180 Ὑμεῖς
3684 1112 3768 1179 δὲ,

2193 1196 2489 1267 ἀγαπητοὶ,
2526 1196 2802 1268 μνήσθητε
2846 1196 2954 1251 τῶν
2992 1199 3253 1268 ῥημάτων
3285 1200 3393 1251 τῶν
3436 1202 3775 1273 προειρημέ-

2192 1308 2297 1345 νων
2327 1290 2432 1343 ene
2473 1290 2580 1344 τῶν
2624 1290 2940 1343 ἀποστόλων
2981 1290 3075 1343 τοῦ
3138 1291 3342 1363 Κυρίου
3389 1290 3548 1362 ἡμῶν
3597 1292 3771 1364 Ἰησοῦ

2192 1379 2474 1451 Χριστοῦ,
2527 1382 2607 1434 ότι
2652 1381 2836 1449 ἔλεγον
2877 1382 3006 1451 ὑμῖν
3033 1399 3044 1411 ·
3091 1383 3215 1435 Ὅτι
3262 1383 3348 1435 ἐπ’
3401 1382 3631 1453 ἐσχάτου
3679 1380 3771 1437 τοῦ

2192 1473 2387 1543 χρόνου
2421 1473 2732 1525 ἐλεύσονται
2762 1474 3067 1541 ἐμπαῖκται
3105 1472 3246 1526 κατὰ
3289 1472 3387 1537 τὰς
3415 1473 3622 1528 ἑαυτῶν
3652 1474 3772 1527 ἑπι-

2193 1564 2392 1634 θυμίας
2423 1564 2786 1635 πορευόμενοι
2826 1563 2945 1619 τῶν
2996 1564 3286 1618 ἀσεϐειῶν.
3336 1559 3496 1620 Οὗτοί
3548 1566 3689 1618 είσιν
3722 1568 3770 1619 οἱ

2189 1655 2646 1727 ἀποδιορίζοντες,
2685 1656 2929 1726 ψυχικοὶ,
2959 1656 3184 1727 Πνεῦμα
3225 1657 3299 1727 μὴ
3340 1656 3576 1727 ἔχοντες.
3615 1678 3633 1709 ι
3668 1659 3773 1711 0-5-

2188 1749 2304 1812 δεῖς
2353 1750 2452 1819 μὲν
2509 1748 2617 1817 γὰρ
2659 1748 2719 1800 τὸ
2764 1748 3030 1818 παράπαν
3074 1749 3215 1818 ἁγίῳ
3271 1748 3551 1819 Πνεύματι
3595 1748 3769 1802 λαλῶν

432 1922 439 1925 _
510 1851 777 1906 animales
811 1865 874 1904 ac
907 1850 1118 1914 timidi,
1165 1857 1219 1903 et
1253 1847 1461 1921 Spiritu
1509 1855 1699 1902 sancto
1736 1860 1964 1900 vacuum
1993 1860 2080 1902 cor

2193 1841 2420 1913 κατερεῖ
2463 1856 2516 1892 τι
2565 1840 2662 1909 τῆς
2709 1838 2866 1909 δόξης
2909 1837 3004 1892 τοῦ
3052 1839 3413 1906 Μονογενοῦς.
3462 1838 3636 1892 Τοῦτο
3664 1839 3771 1909 γάρ

509 1944 809 2010 habentes,
853 1942 1051 1997 Filium
1102 1958 1132 1995 a
1164 1940 1327 1996 Patre
1358 1947 1686 2011 segregant,
1724 1939 2080 2002 substantialr

2190 1931 2329 1986 εἷναί
2366 1949 2505 2002 φημι
2556 1932 2615 1984 τὸ
2658 1932 2838 1999 λέγειν
2888 1931 3140 2000 ἀνάθεμα
3195 1930 3421 2001 Ἰησοῦς.
3463 1930 3691 2001 Ἀνδρες
3715 1932 3772 1984 δὲ

506 2032 809 2087 discrimen
846 2034 1023 2101 ipsum
1068 2030 1270 2086 habere
1295 2029 1573 2092 dicentes,
1624 2027 2091 2098 quemadmodum

2190 2023 2446 2095 ψυχικοί,
2507 2024 2600 2077 καὶ
2658 2023 2920 2089 δείλαιοι,
2967 2025 3063 2077 καὶ
3112 2024 3206 2077 τοῦ
3256 2025 3414 2093 ἁγίου
3455 2025 3773 2095 Πνεῦματος

506 2122 771 2176 nimirum
790 2127 1160 2186 ctcrcaturtc,
1195 2129 1248 2174 et
1281 2119 1713 2190 unumquodque
1744 2133 1936 2173 eorum
1974 2116 2080 2187 qua

2190 2121 2405 2189 ἐρήμην
2462 2116 2676 2186 ἔχοντες
2745 2116 2842 2187 τὴν
2893 2115 3159 2186 καρδίαν,
3216 2116 3618 2187 ἀποδιορίζουσι
3675 2116 3771 2170 τοῦ

502 2213 650 2268 facta
684 2222 817 2269 sunt
847 2213 916 2267 ab
948 2212 1102 2283 ipso,
1133 2220 1187 2267 et
1220 2227 1287 2267 eo
1319 2210 1482 2266 modo
1512 2211 1668 2265 illum
1711 2224 1838 2265 esse
1888 2211 1944 2264 in
1986 2208 2091 2263 Pa-

503 2314 585 2360 tre
615 2307 920 2360 sentientes
941 2347 954 2370 ,
994 2320 1104 2375 quo
1135 2318 1238 2359 nos
1273 2304 1326 2357 in
1359 2304 1473 2357 illo.

2192 2209 2407 2281 Πατρὸς
2450 2208 2540 2261 τὸν
2583 2207 2746 2273 Υἱὸν,
2793 2206 3026 2276 οὑσιώδη
3079 2207 3381 2277 φάσκοντες
3431 2208 3575 2279 ἔχειν
3607 2209 3771 2263 αὑτὸν

2192 2305 2291 2375 τὴν
2350 2299 2653 2372 διακοπὴν,
2706 2299 2959 2371 καθάπερ
3013 2300 3205 2371 ἀμέλει
3252 2301 3321 2355 τά
3373 2301 3618 2372 γενητὰ,
3675 2302 3772 2355 καὶ

501 2395 608 2448 τῶν
675 2394 803 2466 παρ’
855 2392 1023 2447 αὐτοῦ
1076 2393 1464 2464 πεποιημένων
1507 2394 1775 2461 ἕκαστον,
1831 2391 1969 2450 εἶναί
2028 2416 2087 2452 τε
2160 2400 2301 2455 οὑτω
2379 2394 2703 2468 φρονοῦντες
2743 2394 2902 2448 αὑτὸν
2952 2396 3009 2448 ἑν
3059 2395 3274 2466 Πατρὶ,
3332 2396 3583 2468 καθάπερ
3626 2397 3773 2466 ἡμᾶς

501 2488 559 2539 ἑν
597 2487 767 2557 αὐτῷ.

576 2578 714 2645 Quia
745 2591 873 2632 vero
901 2577 1017 2631 haec
1045 2577 1381 2643 scribentes,
1410 2594 1682 2634 summam
1712 2583 2083 2652 ignorantiam

500 2669 903 2742 prodiderunt,
952 2667 1184 2740 agedum
1220 2683 1249 2722 a
1281 2668 1569 2740 Scriptura
1604 2672 1790 2727 divina
1826 2675 2084 2730 conside-

2263 2582 2389 2633 Ὄτι
2440 2579 2496 2652 δᾴ
2541 2578 2636 2649 τῆς
2679 2579 2758 2640 εἰς
2802 2577 2973 2648 ἄκρον
3008 2575 3279 2646 άμαθείας
3322 2579 3453 2631 εἴσω
3484 2562 3773 2653 ’βεϐήκασι

2187 2670 2415 2725 τοιαῦτα
2449 2668 3109 2740 γράφεινςτολμήσαντες,
3145 2670 3278 2741 φέρε
3308 2671 3461 2742 παρὰ
3497 2673 3597 2744 τῆς
3619 2674 3773 2740 θείας

500 2778 683 2818 remus
717 2777 944 2825 rursus,
981 2761 1162 2829 quoad
1193 2763 1415 2831 assequi
1450 2762 1618 2826 licet,
1654 2772 1707 2817 et
1740 2764 2080 2821 auditoribus

2188 2764 2227 2817 Γ
2235 2764 2410 2834 ραφῆς
2446 2759 2910 2829 διασκεπτὼμεθα
2949 2760 3108 2813 πάλιν
3133 2800 3148 2825 ,
3203 2758 3279 2823 ὣς
3334 2761 3481 2814 ἐστιν
3525 2763 3770 2833 ἐφικτὸν,

501 2853 798 2909 ostendere
828 2867 1117 2919 conemur,
1156 2868 1261 2909 nos
1292 2854 1451 2909 aliter
1483 2854 1704 2924 quidem
1742 2872 1865 2913 esse
1899 2858 1953 2910 in
1988 2856 2080 2910 Fi-

2189 2853 2456 2919 ἑπιδεῖξαί
2506 2870 2564 2905 τε
2616 2855 2726 2915 τοῖς
2782 2851 3157 2924 ἀκροωμένοις
3217 2853 3646 2924 σπουδάσωμεν,
3696 2857 3773 2921 ὡς

498 2946 605 3007 lio,
644 2944 803 2999 aliter
837 2942 1037 2999 Filium
1077 2946 1133 2998 in
1169 2961 1270 3001 suo
1303 2945 1486 3001 Patre.
1530 2946 1641 3003 Nec
1686 2950 1833 3003 enim
1882 2950 2080 3004 volun-

2194 2948 2399 3018 ἑτέρως
2436 2946 2533 3017 μὲν
2581 2946 2742 3016 ἡμεῖς
2797 2945 2963 3014 ἐσμεν
3014 2945 3073 2999 ἐν
3125 2944 3200 3014 τῷ
3242 2945 3373 3017 Υίῴ,
3412 2947 3668 3017 ἑτεροίως
3706 2966 3773 3017 γε

496 3037 659 3092 tariis
696 3035 1000 3091 virtutibus
1052 3036 1119 3090 ad
1172 3038 1353 3107 ipsum
1406 3037 1712 3103 formatus,
1769 3039 1951 3110 imago
1997 3048 2080 3095 est

2193 3040 2300 3110 μὴν
2334 3040 2361 3091 ὁ
2391 3038 2518 3101 Υἱὸς
2570 3039 2628 3089 ἑν
2671 3035 2749 3107 τῷ
2788 3035 2905 3105 ἰδίῳ
2949 3037 3146 3108 Πατρί.
3182 3037 3256 3090 Ob
3306 3037 3416 3111 γάρ
3464 3041 3586 3103 ταῖς
3626 3041 3773 3093 κατά

498 3128 825 3182 substantia
881 3126 1040 3194 ejus,
1094 3137 1261 3196 atque
1316 3128 1525 3197 idcirco
1567 3129 1621 3182 in
1665 3129 1786 3198 ipso
1819 3138 1944 3185 est:
1983 3128 2078 3185 sed

2188 3131 2405 3203 θέλησιν
2435 3132 2655 3210 ἀρεταῖς
2685 3128 2821 3198 πρὸς
2845 3129 3007 3182 αὐτὸν
3038 3130 3438 3201 μορφούμενος.
3464 3132 3630 3186 εἰκών
3653 3134 3770 3186 ἑστι

495 3219 646 3274 velut
693 3219 745 3271 in
796 3215 1088 3272 identitate
1135 3216 1412 3279 naturali,
1458 3224 1512 3272 et
1560 3226 1822 3288 tanquam
1870 3218 2080 3274 habens

2186 3227 2287 3296 τῆς
2315 3204 2666 3288 ὑποστάσεως
2693 3223 2881 3289 αὑτοῦ,
2914 3224 3002 3277 διά
3026 3242 3085 3277 τε
3114 3225 3275 3279 τοῦτό
3311 3227 3459 3279 ἑστιν
3489 3228 3548 3280 ἐν
3582 3227 3731 3297 αὐτῷ
3753 3246 3766 3259 ·

496 3323 663 3364 unam
692 3324 817 3363 cum
848 3322 913 3362 eo
940 3309 1332 3363 substantiam.
1358 3310 1475 3373 Qua
1502 3309 1569 3364 de
1599 3324 1656 3365 re
1683 3309 1848 3380 799
1871 3312 2085 3379 sapien-

494 3401 742 3457 tissimus
772 3401 863 3457 ille
891 3400 1134 3457 Joannes
1165 3401 1323 3459 testis
1354 3401 1517 3456 nobis
1546 3401 1811 3471 prodeat,
1843 3401 2034 3458 dicens
2066 3422 2078 3458 :

498 3514 517 3547 ι
549 3493 615 3547 Ει
659 3495 897 3550 societas
945 3504 1140 3572 nostra
1187 3494 1259 3548 sit
1311 3509 1436 3548 cum
1487 3491 1652 3548 Patre
1684 3501 1740 3548 et
1781 3510 1906 3549 cum
1941 3493 2125 3575 Filio_

416 3638 431 3645 -
490 3587 612 3656 ejus
644 3584 773 3642 Jesu
803 3585 1028 3642 Christo
1048 3586 1118 3638 ".
1147 3604 1166 3638 ι
1192 3584 1480 3652 Quomodo
1500 3600 1629 3656 ergo
1655 3586 1828 3651 aiunt,
1854 3595 1947 3640 aut
1968 3600 2081 3657 quo

491 3687 653 3748 pacto
678 3676 1026 3733 contendunt
1050 3677 1371 3733 societatem
1402 3677 1562 3732 nobis
1583 3692 1706 3732 esse
1728 3677 1927 3733 debere
1949 3694 2075 3732 cum

489 3765 654 3821 Patre
681 3774 735 3821 et
762 3781 889 3820 cum
922 3764 1063 3820 Filio
1089 3765 1208 3836 ejus
1241 3764 1372 3821 Jesu
1406 3765 1684 3822 Christo?
1711 3764 1846 3819 Nam
1880 3767 1926 3820 si
1957 3766 2079 3821 sub-

491 3859 753 3912 stantiam
785 3865 1035 3910 nostram
1076 3849 1497 3925 quodammodo
1522 3856 1824 3911 miscentes
1865 3870 2077 3914 natura:

490 3947 718 4010 divinae,
748 3946 867 4001 sive
887 3943 1037 3999 Patri
1063 3957 1115 4001 et
1138 3945 1302 4010 Filio,
1324 3946 1379 4000 in
1398 3946 1562 4002 nobis
1588 3960 1710 4002 esse
1734 3949 2073 4018 putabimus,

490 4054 559 4095 ac
588 4052 697 4092 non
735 4036 918 4107 potius
946 4037 1040 4090 illa
1070 4052 1175 4092 vox
1208 4037 1480 4092 societatis
1510 4038 1578 4093 ad
1607 4040 1959 4094 voluntatum
1994 4043 2073 4097 si-

490 4126 859 4183 militudinem
896 4135 1148 4198 spectat,
1179 4128 1456 4198 quomodo
1488 4142 1611 4183 eam
1650 4143 1776 4189 cum
1809 4129 1972 4186 Patre
2017 4141 2074 4189 et

487 4220 630 4276 Filio
660 4220 989 4275 habebimus
1008 4259 1023 4285 ,
1052 4235 1175 4274 cum
1200 4235 1271 4274 ex
1299 4234 1493 4275 eorum
1520 4221 1793 4277 sententia
1824 4237 1935 4277 non
1964 4225 2075 4279 sint

486 4310 1180 4368 consubstantiales‘iAut
1224 4310 1373 4365 enim
1428 4326 1660 4367 necesse
1701 4321 1786 4369 est
1834 4315 2072 4373 ridicule

486 4404 669 4459 dicere
710 4418 843 4467 nos,
888 4402 1167 4474 propriam
1218 4408 1476 4456 naturam
1510 4411 1797 4471 secantes,
1833 4408 2068 4463 mediam

2187 3314 2302 3367 ἀλλ’
2353 3313 2427 3378 ὠς
2476 3317 2534 3367 ὲν
2584 3314 2876 3383 ταυτότητι
2928 3316 3168 3385 φυσικῇ.
3218 3316 3311 3368 καὶ
3342 3316 3418 3378 ὡς
3453 3315 3582 3385 μίαν
3628 3315 3771 3387 ἔχων

2185 3407 2319 3477 πρὸς
2373 3406 2535 3460 αὑτὸν
2587 3406 2684 3477 τὴν
2745 3405 2953 3460 οὐσίαν.
3008 3406 3396 3478 Εἰσκεκλήσθω
3448 3407 3505 3460 δὲ
3556 3410 3771 3479 μάρτυς

2183 3499 2313 3569 ἡμῖν
2362 3498 2453 3551 ἑπὶ
2502 3498 2712 3561 τούτοις
2753 3500 2781 3552 ό
2833 3498 3143 3567 σοφώτατος
3201 3500 3489 3573 Ἰωάννης,
3545 3502 3720 3570 λέγων
3748 3518 3765 3532 ⁸

2188 3610 2206 3642 ι
2244 3591 2354 3645 Καὶ
2398 3589 2719 3662 ἡκοινωνία
2765 3590 2822 3643 δὲ
2868 3592 2901 3661 ἡ
2950 3591 3194 3661 ἡμετέρα
3241 3591 3378 3662 μετὰ
3418 3591 3512 3646 τοῦ
3553 3594 3769 3665 Πατρὸς

2182 3683 2275 3736 καὶ
2306 3683 2445 3754 μετὰ
2468 3682 2561 3736 τοῦ
2603 3682 2733 3736 Υἱοῦ
2760 3682 2924 3736 αὐτοῦ
2970 3684 3147 3754 Ἰησοῦ
3178 3682 3436 3755 Χριστοῦ.
3471 3704 3489 3735 ι
3519 3686 3644 3749 Πῶς
3670 3682 3767 3741 οὖν

2179 3776 2286 3847 ἄρα
2312 3777 2499 3845 φασὶν,
2533 3775 2565 3847 ἢ
2609 3775 2750 3830 κατά
2790 3776 2913 3829 τίνα
2947 3776 3375 3848 διισχυρίζονται
3401 3777 3601 3848 χρῆναι
3634 3779 3766 3848 τρό-

2179 3881 2280 3917 πον
2306 3866 2404 3936 τὴν
2439 3867 2725 3920 κοινωνίαν
2755 3867 2904 3936 ἡμᾶς
2944 3867 3084 3937 μετὰ
3126 3866 3221 3920 τοῦ
3252 3868 3464 3941 Πατρὸς
3495 3870 3588 3922 καὶ
3621 3869 3768 3939 μετά

2178 3956 2273 4010 τοῦ
2291 3957 2424 4010 Υίοῦ
2452 3958 2615 4012 αὑτοῦ
2632 3958 2807 4029 Ἰησοῦ
2827 3959 3082 4031 Χριστοῦ;
3107 3961 3169 4013 Ei
3199 3960 3298 4031 μὲν
3317 3961 3426 4032 γὰρ
3453 3961 3550 4032 τὴν
3572 3961 3766 4015 οὐσίαν

2177 4044 2366 4117 ὥσπερ
2402 4047 2501 4118 τὴν
2550 4049 2760 4102 ἑαυτῶν
2811 4049 3240 4120 ἀναμιγνύοντες
3285 4053 3353 4122 τῇ
3404 4050 3527 4122 θείᾳ
3573 4052 3760 4120 φύσει,

2176 4139 2296 4210 ἦτοι
2321 4138 2400 4211 τῷ
2442 4140 2619 4211 Ila-2p!
2648 4141 2745 4196 καὶ
2774 4142 2852 4214 τῷ
2900 4142 3016 4214 Υίῷ
3038 4182 3054 4208 ,
3087 4146 3143 4197 ὲν
3184 4144 3401 4208 ἑαυτοῖς
3435 4139 3578 4198 εἶναι
3606 4145 3765 4200 νοού-

2178 4227 2317 4299 μεθα
2336 4269 2350 4295 ,
2396 4230 2490 4283 καὶ
2534 4232 2656 4302 οὐχὶ
2697 4232 2898 4302 μᾶλλον
2932 4234 3029 4304 τῆς
3059 4234 3377 4301 κοινωνίας
3396 4236 3425 4288 ὁ
3452 4234 3609 4305 λόγος
3629 4276 3646 4301 ,
3680 4237 3765 4299 είς

2171 4320 2272 4393 τὴν
2300 4322 2408 4376 τῶν
2437 4322 2760 4395 Θελημάτων
2794 4327 3086 4397 ὁμοιότητα
3119 4328 3330 4398 βλέπει,
3372 4329 3489 4392 πῶς
3520 4329 3588 4383 ἂν
3623 4329 3765 4400 Exor-

2176 4429 2275 4481 μεν
2319 4412 2491 4484 αὐτὴν
2548 4414 2685 4484 μετά
2725 4414 2819 4468 τοῦ
2868 4417 3080 4487 Πατρὺς
3123 4418 3219 4471 καὶ
3267 4416 3407 4489 μετὰ
3454 4417 3548 4472 τοῦ
3599 4418 3758 4482 Υίοῦ,

485 4493 708 4565 quidem
734 4501 945 4564 partem
972 4492 1150 4558 Patri,
1182 4494 1416 4547 alteram
1443 4493 1604 4549 nobis
1637 4504 1690 4549 et
1719 4494 1859 4551 Filio
1885 4496 2070 4555 dedis-

2182 4504 2351 4557 καίτοι
2383 4506 2502 4557 κατ’
2537 4505 2779 4570 ἐκείνους
2824 4508 2923 4560 οὐκ
2957 4507 3125 4561 ὄντων
3168 4508 3508 4578 ὁμοουσίων;
3548 4509 3622 4562 Ἦ
3649 4511 3763 4580 γάρ

486 4601 577 4651 se,
610 4595 777 4657 atque
808 4586 883 4641 ita
918 4587 972 4640 in
997 4586 1065 4641 iis
1095 4600 1222 4641 esse
1249 4599 1502 4651 censere;
1535 4593 1650 4651 aut,
1685 4588 2068 4658 stupidissima

419 4698 427 4705 -
485 4679 577 4735 illa
611 4679 828 4732 ratione
859 4676 1071 4748 reiecta
1092 4716 1107 4742 ,
1137 4675 1378 4732 dicimus
1410 4676 1741 4734 voluntariis
1769 4680 2067 4737 virtutibus

482 4780 538 4827 et
570 4786 696 4826 cum
746 4770 934 4825 divina
981 4777 1147 4840 atque
1179 4766 1444 4824 ineffabili
1482 4769 1899 4840 pulchritudine
1931 4788 2067 4828 con-

402 4892 407 4899 -
483 4862 817 4919 formatione
852 4869 1103 4918 nostram
1143 4869 1378 4916 mentem
1415 4860 1726 4917 exhilarare
1762 4874 2067 4931 conantes,

483 4954 771 5010 societatis
816 4954 1051 5025 gratiam
1097 4953 1265 5008 nobis
1305 4967 1649 5023 comparare.
1697 4954 1778 5009 An
1822 4971 1953 5026 ergo
1988 4957 2070 5012 sic

481 5046 730 5101 dicemus
760 5046 1033 5102 exsistere
1065 5046 1121 5099 in
1156 5043 1320 5100 Patre
1354 5043 1596 5110 Filium,
1637 5063 1734 5104 seu
1780 5050 2065 5105 relativam

479 5146 536 5193 et
568 5138 754 5194 studio
783 5139 1074 5208 quaesitam
1110 5137 1315 5191 habere
1348 5153 1474 5192 cum
1507 5136 1672 5195 Patre
1703 5142 2071 5197 societatem?

480 5229 548 5282 At
576 5244 675 5284 cur
706 5228 928 5282 demum
965 5243 1063 5297 per
1091 5227 1470 5297 aequalitatem
1505 5243 1734 5299 operum
1771 5246 1836 5287 ac
1870 5233 2069 5287 simili—

386 5332 396 5340 '
481 5318 724 5374 tudinem
758 5318 958 5373 deduci
995 5319 1112 5373 vult
1148 5328 1399 5374 nostram
1451 5326 1689 5375 mentem
1734 5322 1800 5377 ad
1845 5324 2069 5379 indubi-

480 5417 597 5465 tate
631 5409 967 5465 credeudum
1005 5410 1186 5481 ipsum
1237 5412 1292 5467 in
1343 5412 1507 5467 Patre
1555 5412 1777 5483 quidem
1821 5432 1979 5480 esse,
2014 5426 2069 5471 et

481 5514 681 5555 rursus
712 5499 769 5554 in
801 5498 985 5569 seipso
1020 5499 1224 5557 habere
1251 5500 1469 5555 Patrem
1497 5501 1521 5555 2
1551 5502 1748 5554 Annon
1774 5502 1921 5556 enim
1947 5517 2065 5556 ma-

479 5589 899 5647 nifeStissimum
933 5600 1018 5645 est
1062 5592 1321 5647 omnibus
1351 5606 1415 5645 ac
1448 5607 1673 5657 verum,
1712 5592 1863 5661 quod
1895 5593 2061 5647 clari-

546 5769 593 5801 ³⁸
618 5767 744 5825 Jud.
777 5784 817 5836 ι,
850 5768 1039 5826 17-19.
1116 5766 1348 5821 "lCor.
1384 5781 1479 5825 xu.
1511 5766 1567 5819 5.
1643 5765 1683 5795 ³⁷
1706 5764 1723 5818 l
1748 5764 1905 5822 Joau.
1942 5781 1979 5830 ι,
2006 5767 2057 5822 '5.

2174 4595 2388 4666 ἀνάγκη
2410 4595 2598 4648 λοιπὸν
2627 4599 2719 4650 καὶ
2741 4599 2888 4668 ἡμᾶς
2909 4598 2979 4651 τὰ
3002 4598 3236 4668 γέλωτος
3266 4598 3392 4663 ἀξια
3424 4596 3758 4671 φρονοῦντας

2174 4690 2348 4741 εἰπεῖν
2381 4688 2485 4752 ὅτι,
2517 4688 2615 4760 τὴν
2662 4691 2869 4744 οἰκείαν
2920 4692 3303 4753 διακόπτοντες
3334 4691 3517 4759 φύσιν,
3552 4691 3614 4745 τὸ
3653 4691 3759 4761 μὲν

2172 4777 2344 4847 ἣμισυ
2373 4777 2452 4849 τῷ
2502 4778 2713 4850 Πατρὶ,
2750 4780 2810 4834 τὸ
2857 4781 2914 4835 δὲ
2962 4783 3147 4853 ἕτερον
3191 4784 3324 4852 ἡμῖν
3374 4782 3469 4835 καὶ
3516 4782 3595 4853 τῷ
3640 4781 3758 4853 Υἱῷ

2170 4868 2481 4941 δεδώκαμεν
2507 4914 2522 4939 ,
2573 4872 2715 4926 οὕτω
2752 4891 2813 4927 τε
2845 4874 2902 4926 ἑν
2953 4875 3135 4939 αὐτοῖς
3182 4872 3323 4929 εἶναι
3361 4874 3671 4945 νοούμεθασ
3721 4874 3759 4946 ἢ

2170 4962 2598 5033 παραιτούμενοι
2645 4963 2742 5033 τὴν
2789 4966 3136 5037 άποπληξίαν
3189 4965 3283 5019 τοῦ
3333 4966 3528 5035 λόγου,
3572 4965 3757 5036 φαμὲν

2168 5051 2251 5103 ὅτι
2296 5053 2420 5114 ταῖς
2465 5054 2607 5107 κατά
2638 5053 2857 5122 θέλησιν
2903 5057 3129 5126 ἀρεταῖς
3181 5057 3277 5109 καὶ
3316 5059 3384 5128 τῇ
3426 5056 3757 5128 συμμορφίᾳ

2167 5145 2234 5214 τῇ
2271 5144 2407 5213 πρὸς
2450 5145 2511 5197 τὸ
2546 5145 2688 5198 θεῖόν
2743 5164 2805 5199 τε
2859 5149 2953 5201 καὶ
2995 5149 3306 5220 ἀπόρρητον
3348 5148 3545 5212 κάλλος
3578 5165 3753 5202 κατα·

2171 5235 2483 5304 φαιδρύνειν
2510 5238 2600 5291 τὸν
2631 5238 2829 5291 οἰκεῖον
2871 5240 3268 5304 σπουδάζοντες
3309 5239 3435 5292 νοῦν
3461 5280 3476 5304 ,
3519 5241 3622 5310 τὴν
3655 5241 3757 5309 τῆς

2169 5328 2454 5390 κοινωνίας
2503 5329 2717 5393 ἑαυτοῖς
2767 5331 3206 5401 περιποιούμεθα
3254 5332 3437 5401 χάριν.
3487 5327 3616 5403 Ἆρ’
3660 5329 3757 5385 οὖν

2166 5412 2337 5477 οὕτως
2372 5415 2604 5486 ἐροῦμεν
2638 5416 2906 5488 ὑπάρχειν
2940 5421 2997 5473 ἑν
3040 5422 3219 5490 Πατρὶ
3263 5421 3353 5474 τὸν
3397 5420 3550 5485 Υίδν,
3584 5421 3755 5492 ἤγουν

2167 5507 2423 5577 σχετικὴν
2450 5509 2542 5560 καὶ
2574 5510 3070 5582 ἑπιτετηδευμένην
3097 5512 3387 5565 κοινωνίαν
3430 5511 3580 5583 ἔχειν
3608 5513 3756 5587 πρὸς

2164 5594 2254 5649 τὸν
2305 5599 2678 5666 γεννήσαντας
2717 5601 2909 5654 Καίτοι
2956 5602 3007 5655 τί
3060 5602 3123 5673 δή
3173 5620 3304 5658 ποτε
3360 5603 3445 5659 διὰ
3492 5606 3595 5679 τῆς
3643 5603 3755 5659 τῶν
