  <div class='ocr_page' id='page_1' title='image "/cluster/home/n/w/nwhite01/storage/ocr_20150623/74/mdp.39015078384487/128.png"; bbox 0 0 4076 6270; ppageno 0'>
   <div class='ocr_carea' id='block_1_1' title="bbox 336 377 438 433">
    <p class='ocr_par' dir='ltr' id='par_1_1' title="bbox 336 377 438 433">
     <span class='ocr_line' id='line_1_1' title="bbox 336 377 438 433; baseline -0.01 0"><span class='ocrx_word' id='word_1_1' title='bbox 336 377 438 433; x_wconf 71' lang='grc' dir='ltr'><strong>ΞΗ</strong></span> 
     </span>
    </p>
   </div>
   <div class='ocr_carea' id='block_1_2' title="bbox 1416 369 2583 434">
    <p class='ocr_par' dir='ltr' id='par_1_2' title="bbox 1416 369 2583 434">
     <span class='ocr_line' id='line_1_2' title="bbox 1416 369 2583 434; baseline -0.006 -1"><span class='ocrx_word' id='word_1_2' title='bbox 1416 376 1483 433; x_wconf 85' lang='grc' dir='ltr'><strong>ΙΝ</strong></span> <span class='ocrx_word' id='word_1_3' title='bbox 1509 375 1797 434; x_wconf 78' lang='lat' dir='ltr'><strong>JOANNIS</strong></span> <span class='ocrx_word' id='word_1_4' title='bbox 1844 372 2287 430; x_wconf 79' lang='lat' dir='ltr'><strong>EVANGELIUM</strong></span> <span class='ocrx_word' id='word_1_5' title='bbox 2330 373 2457 428; x_wconf 73' lang='grc' dir='ltr'><strong>ΜΒ.</strong></span> <span class='ocrx_word' id='word_1_6' title='bbox 2492 369 2583 427; x_wconf 80' lang='lat' dir='ltr'><strong>1X.</strong></span> 
     </span>
    </p>
   </div>
   <div class='ocr_carea' id='block_1_3' title="bbox 3487 376 3595 431">
    <p class='ocr_par' dir='ltr' id='par_1_3' title="bbox 3487 376 3595 431">
     <span class='ocr_line' id='line_1_3' title="bbox 3487 376 3595 431; baseline -0.009 0"><span class='ocrx_word' id='word_1_7' title='bbox 3487 376 3595 431; x_wconf 69' lang='grc'><strong>249.</strong></span> 
     </span>
    </p>
   </div>
   <div class='ocr_carea' id='block_1_4' title="bbox 341 464 1933 567">
    <p class='ocr_par' dir='ltr' id='par_1_4' title="bbox 341 464 1912 567">
     <span class='ocr_line' id='line_1_4' title="bbox 341 464 1912 567; baseline -0.003 -17"><span class='ocrx_word' id='word_1_8' title='bbox 341 495 526 567; x_wconf 75' lang='grc' dir='ltr'>ἔργων</span> <span class='ocrx_word' id='word_1_9' title='bbox 560 494 797 563; x_wconf 84' lang='grc' dir='ltr'>ίσότητός</span> <span class='ocrx_word' id='word_1_10' title='bbox 828 509 887 545; x_wconf 91' lang='grc' dir='ltr'><strong>τε</strong></span> <span class='ocrx_word' id='word_1_11' title='bbox 917 464 1012 545; x_wconf 75' lang='grc' dir='ltr'><strong>καὶ</strong></span> <span class='ocrx_word' id='word_1_12' title='bbox 1053 494 1369 566; x_wconf 85' lang='grc' dir='ltr'>ὁμοιότητος</span> <span class='ocrx_word' id='word_1_13' title='bbox 1405 495 1760 566; x_wconf 85' lang='grc' dir='ltr'>ποδηγεῖσθαι</span> <span class='ocrx_word' id='word_1_14' title='bbox 1791 492 1912 564; x_wconf 84' lang='grc' dir='ltr'>βού-</span> 
     </span>
    </p>
   </div>
   <div class='ocr_carea' id='block_1_5' title="bbox 2034 464 3597 567">
    <p class='ocr_par' dir='ltr' id='par_1_5' title="bbox 2034 487 3597 560">
     <span class='ocr_line' id='line_1_5' title="bbox 2034 487 3597 560; baseline 0.004 -16"><span class='ocrx_word' id='word_1_15' title='bbox 2034 499 2180 545; x_wconf 89' lang='lat' dir='ltr'><strong>atem</strong></span> <span class='ocrx_word' id='word_1_16' title='bbox 2211 505 2439 560; x_wconf 88' lang='lat' dir='ltr'><strong>operum</strong></span> <span class='ocrx_word' id='word_1_17' title='bbox 2469 504 2501 542; x_wconf 92' lang='lat' dir='ltr'><strong>a</strong></span> <span class='ocrx_word' id='word_1_18' title='bbox 2529 488 2689 544; x_wconf 90' lang='lat' dir='ltr'><strong>nobis</strong></span> <span class='ocrx_word' id='word_1_19' title='bbox 2716 487 2922 559; x_wconf 91' lang='lat' dir='ltr'><strong>inquiri</strong></span> <span class='ocrx_word' id='word_1_20' title='bbox 2954 490 3146 544; x_wconf 81' lang='lat' dir='ltr'><strong>volens</strong></span> <span class='ocrx_word' id='word_1_21' title='bbox 3165 529 3181 555; x_wconf 90' lang='lat'><strong>,</strong></span> <span class='ocrx_word' id='word_1_22' title='bbox 3212 505 3315 546; x_wconf 91' lang='lat' dir='ltr'><strong>suo</strong></span> <span class='ocrx_word' id='word_1_23' title='bbox 3342 492 3490 548; x_wconf 87' lang='lat' dir='ltr'><strong>Patri</strong></span> <span class='ocrx_word' id='word_1_24' title='bbox 3518 511 3597 550; x_wconf 86' lang='lat' dir='ltr'><strong>se-</strong></span> 
     </span>
    </p>
   </div>
   <div class='ocr_carea' id='block_1_6' title="bbox 344 581 1913 655">
    <p class='ocr_par' dir='ltr' id='par_1_6' title="bbox 344 581 1913 655">
     <span class='ocr_line' id='line_1_6' title="bbox 344 581 1913 655; baseline -0.001 -19"><span class='ocrx_word' id='word_1_25' title='bbox 344 581 497 638; x_wconf 89' lang='grc' dir='ltr'>λεται</span> <span class='ocrx_word' id='word_1_26' title='bbox 529 583 618 637; x_wconf 72' lang='grc' dir='ltr'>τὸν</span> <span class='ocrx_word' id='word_1_27' title='bbox 649 582 912 652; x_wconf 77' lang='grc' dir='ltr'>ἡμέτερον</span> <span class='ocrx_word' id='word_1_28' title='bbox 957 581 1083 636; x_wconf 93' lang='grc' dir='ltr'>νοῦν</span> <span class='ocrx_word' id='word_1_29' title='bbox 1122 583 1325 645; x_wconf 35' lang='grc' dir='ltr'>ἐπὶητὸ</span> <span class='ocrx_word' id='word_1_30' title='bbox 1376 584 1575 655; x_wconf 83' lang='grc' dir='ltr'>χρῆναι</span> <span class='ocrx_word' id='word_1_31' title='bbox 1634 585 1913 638; x_wconf 82' lang='grc' dir='ltr'><strong>πιστεύειν</strong></span> 
     </span>
    </p>
   </div>
   <div class='ocr_carea' id='block_1_7' title="bbox 345 672 1916 747">
    <p class='ocr_par' dir='ltr' id='par_1_7' title="bbox 345 672 1916 747">
     <span class='ocr_line' id='line_1_7' title="bbox 345 672 1916 747; baseline 0 -20"><span class='ocrx_word' id='word_1_32' title='bbox 345 674 750 735; x_wconf 83' lang='grc' dir='ltr'>ἀνενδοιάστως,</span> <span class='ocrx_word' id='word_1_33' title='bbox 790 672 867 736; x_wconf 86' lang='grc' dir='ltr'>ὡς</span> <span class='ocrx_word' id='word_1_34' title='bbox 902 673 989 742; x_wconf 81' lang='grc' dir='ltr'><strong>είη</strong></span> <span class='ocrx_word' id='word_1_35' title='bbox 1035 674 1134 743; x_wconf 84' lang='grc' dir='ltr'>μὲν</span> <span class='ocrx_word' id='word_1_36' title='bbox 1164 674 1326 736; x_wconf 76' lang='grc' dir='ltr'>αὐτὸς</span> <span class='ocrx_word' id='word_1_37' title='bbox 1355 676 1413 727; x_wconf 84' lang='grc' dir='ltr'><strong>ἐν</strong></span> <span class='ocrx_word' id='word_1_38' title='bbox 1450 674 1660 747; x_wconf 72' lang='grc' dir='ltr'>Πατρὶ,</span> <span class='ocrx_word' id='word_1_39' title='bbox 1713 674 1826 744; x_wconf 74' lang='grc' dir='ltr'>ἔχει</span> <span class='ocrx_word' id='word_1_40' title='bbox 1858 674 1916 727; x_wconf 80' lang='grc' dir='ltr'>δὲ</span> 
     </span>
    </p>
   </div>
   <div class='ocr_carea' id='block_1_8' title="bbox 346 758 1915 836">
    <p class='ocr_par' dir='ltr' id='par_1_8' title="bbox 346 758 1915 836">
     <span class='ocr_line' id='line_1_8' title="bbox 346 758 1915 836; baseline 0.001 -21"><span class='ocrx_word' id='word_1_41' title='bbox 346 758 412 815; x_wconf 84' lang='grc' dir='ltr'><strong>αὖ</strong></span> <span class='ocrx_word' id='word_1_42' title='bbox 442 762 600 815; x_wconf 91' lang='grc' dir='ltr'>πάλιν</span> <span class='ocrx_word' id='word_1_43' title='bbox 629 762 688 814; x_wconf 87' lang='grc' dir='ltr'><strong>ἐν</strong></span> <span class='ocrx_word' id='word_1_44' title='bbox 726 760 904 830; x_wconf 77' lang='grc' dir='ltr'>ἑαυτῷ</span> <span class='ocrx_word' id='word_1_45' title='bbox 948 762 1042 814; x_wconf 84' lang='grc' dir='ltr'><strong>τὸν</strong></span> <span class='ocrx_word' id='word_1_46' title='bbox 1085 763 1305 835; x_wconf 84' lang='grc' dir='ltr'>Πατέρα</span> <span class='ocrx_word' id='word_1_47' title='bbox 1332 780 1347 829; x_wconf 87' lang='grc'>;</span> <span class='ocrx_word' id='word_1_48' title='bbox 1385 759 1462 818; x_wconf 85' lang='grc' dir='ltr'><strong><em>Ἦ</em></strong></span> <span class='ocrx_word' id='word_1_49' title='bbox 1492 765 1599 836; x_wconf 79' lang='grc' dir='ltr'>γὰρ</span> <span class='ocrx_word' id='word_1_50' title='bbox 1630 766 1750 834; x_wconf 72' lang='grc' dir='ltr'>οὐχὶ</span> <span class='ocrx_word' id='word_1_51' title='bbox 1783 766 1915 818; x_wconf 78' lang='grc' dir='ltr'>πᾶσι</span> 
     </span>
    </p>
   </div>
   <div class='ocr_carea' id='block_1_9' title="bbox 344 851 1915 927">
    <p class='ocr_par' dir='ltr' id='par_1_9' title="bbox 344 851 1915 927">
     <span class='ocr_line' id='line_1_9' title="bbox 344 851 1915 927; baseline 0.001 -23"><span class='ocrx_word' id='word_1_52' title='bbox 344 851 738 927; x_wconf 73' lang='grc' dir='ltr'>προδηλότατρν</span> <span class='ocrx_word' id='word_1_53' title='bbox 767 851 862 903; x_wconf 72' lang='grc' dir='ltr'><strong>καὶ</strong></span> <span class='ocrx_word' id='word_1_54' title='bbox 897 851 1099 922; x_wconf 82' lang='grc' dir='ltr'>ἀληθὲς</span> <span class='ocrx_word' id='word_1_55' title='bbox 1135 853 1378 924; x_wconf 79' lang='grc' dir='ltr'>ὑπάρχον</span> <span class='ocrx_word' id='word_1_56' title='bbox 1415 855 1609 927; x_wconf 76' lang='grc' dir='ltr'>ὁρᾶται</span> <span class='ocrx_word' id='word_1_57' title='bbox 1633 894 1647 917; x_wconf 88' lang='grc'><strong>,</strong></span> <span class='ocrx_word' id='word_1_58' title='bbox 1695 856 1778 908; x_wconf 85' lang='grc' dir='ltr'>ὅτι</span> <span class='ocrx_word' id='word_1_59' title='bbox 1816 856 1915 925; x_wconf 79' lang='grc' dir='ltr'>τὴν</span> 
     </span>
    </p>
   </div>
   <div class='ocr_carea' id='block_1_10' title="bbox 341 918 1920 1016">
    <p class='ocr_par' dir='ltr' id='par_1_10' title="bbox 341 918 1920 1016">
     <span class='ocr_line' id='line_1_10' title="bbox 341 918 1920 1016; baseline 0.004 -22"><span class='ocrx_word' id='word_1_60' title='bbox 341 918 452 996; x_wconf 67' lang='grc' dir='ltr'>τιῦν</span> <span class='ocrx_word' id='word_1_61' title='bbox 480 918 657 1012; x_wconf 65' lang='grc' dir='ltr'>ἐργων</span> <span class='ocrx_word' id='word_1_62' title='bbox 674 918 1056 1015; x_wconf 52' lang='grc' dir='ltr'>’λαμπρότητα</span> <span class='ocrx_word' id='word_1_63' title='bbox 1086 944 1219 1014; x_wconf 81' lang='grc' dir='ltr'>παρ’</span> <span class='ocrx_word' id='word_1_64' title='bbox 1253 918 1407 1016; x_wconf 69' lang='grc' dir='ltr'>ήμῶν</span> <span class='ocrx_word' id='word_1_65' title='bbox 1437 918 1786 1012; x_wconf 75' lang='grc' dir='ltr'>ἐξετάζεσθαι</span> <span class='ocrx_word' id='word_1_66' title='bbox 1836 918 1920 1000; x_wconf 51' lang='lat' dir='ltr'><strong>6e-</strong></span> 
     </span>
    </p>
   </div>
   <div class='ocr_carea' id='block_1_11' title="bbox 338 1034 1917 1108">
    <p class='ocr_par' dir='ltr' id='par_1_11' title="bbox 338 1034 1917 1108">
     <span class='ocr_line' id='line_1_11' title="bbox 338 1034 1917 1108; baseline 0.004 -24"><span class='ocrx_word' id='word_1_67' title='bbox 338 1034 471 1097; x_wconf 86' lang='grc' dir='ltr'>λων,</span> <span class='ocrx_word' id='word_1_68' title='bbox 499 1034 749 1104; x_wconf 83' lang='grc' dir='ltr'>ίσοσθενῆ</span> <span class='ocrx_word' id='word_1_69' title='bbox 781 1035 1060 1089; x_wconf 88' lang='grc' dir='ltr'>δείκνυσιν</span> <span class='ocrx_word' id='word_1_70' title='bbox 1088 1037 1283 1091; x_wconf 79' lang='grc' dir='ltr'>ἑαυτὸν</span> <span class='ocrx_word' id='word_1_71' title='bbox 1321 1037 1401 1108; x_wconf 81' lang='grc' dir='ltr'>τῷ</span> <span class='ocrx_word' id='word_1_72' title='bbox 1442 1038 1559 1108; x_wconf 84' lang='grc' dir='ltr'>ίδίῳ</span> <span class='ocrx_word' id='word_1_73' title='bbox 1602 1038 1798 1108; x_wconf 75' lang='grc' dir='ltr'>Πατρὶ,</span> <span class='ocrx_word' id='word_1_74' title='bbox 1843 1037 1917 1101; x_wconf 84' lang='grc' dir='ltr'>ὼς</span> 
     </span>
    </p>
   </div>
   <div class='ocr_carea' id='block_1_12' title="bbox 341 1121 1919 1197">
    <p class='ocr_par' dir='ltr' id='par_1_12' title="bbox 341 1121 1919 1197">
     <span class='ocr_line' id='line_1_12' title="bbox 341 1121 1919 1197; baseline 0.005 -23"><span class='ocrx_word' id='word_1_75' title='bbox 341 1121 535 1175; x_wconf 79' lang='grc' dir='ltr'><strong>οὐδένα</strong></span> <span class='ocrx_word' id='word_1_76' title='bbox 570 1122 729 1190; x_wconf 90' lang='grc' dir='ltr'>λόγον</span> <span class='ocrx_word' id='word_1_77' title='bbox 756 1123 989 1194; x_wconf 84' lang='grc' dir='ltr'>ἐχούσης</span> <span class='ocrx_word' id='word_1_78' title='bbox 1019 1124 1101 1177; x_wconf 80' lang='grc' dir='ltr'><strong>ἐτι</strong></span> <span class='ocrx_word' id='word_1_79' title='bbox 1148 1125 1247 1197; x_wconf 81' lang='grc' dir='ltr'>τῆς</span> <span class='ocrx_word' id='word_1_80' title='bbox 1280 1127 1398 1179; x_wconf 85' lang='grc' dir='ltr'>κατ’</span> <span class='ocrx_word' id='word_1_81' title='bbox 1428 1127 1617 1179; x_wconf 86' lang='grc' dir='ltr'>ούσίαν</span> <span class='ocrx_word' id='word_1_82' title='bbox 1655 1128 1919 1196; x_wconf 83' lang='grc' dir='ltr'><strong>διακοπῆς</strong></span> 
     </span>
    </p>
   </div>
   <div class='ocr_carea' id='block_1_13' title="bbox 345 1214 1918 1287">
    <p class='ocr_par' dir='ltr' id='par_1_13' title="bbox 345 1214 1918 1287">
     <span class='ocr_line' id='line_1_13' title="bbox 345 1214 1918 1287; baseline 0.002 -20"><span class='ocrx_word' id='word_1_83' title='bbox 345 1219 443 1267; x_wconf 76' lang='grc' dir='ltr'><strong>καὶ</strong></span> <span class='ocrx_word' id='word_1_84' title='bbox 488 1214 720 1284; x_wconf 83' lang='grc' dir='ltr'><strong>φυσικῆς</strong></span> <span class='ocrx_word' id='word_1_85' title='bbox 764 1214 1087 1286; x_wconf 79' lang='grc' dir='ltr'><strong>ἑτερότητος</strong></span> <span class='ocrx_word' id='word_1_86' title='bbox 1111 1253 1126 1280; x_wconf 85' lang='grc'><strong>,</strong></span> <span class='ocrx_word' id='word_1_87' title='bbox 1184 1218 1233 1269; x_wconf 87' lang='grc' dir='ltr'><strong>εί</strong></span> <span class='ocrx_word' id='word_1_88' title='bbox 1282 1218 1396 1280; x_wconf 85' lang='grc' dir='ltr'>τοῖς</span> <span class='ocrx_word' id='word_1_89' title='bbox 1446 1216 1581 1279; x_wconf 78' lang='grc' dir='ltr'>τσοις</span> <span class='ocrx_word' id='word_1_90' title='bbox 1634 1219 1918 1287; x_wconf 83' lang='grc' dir='ltr'>ἐπαυχοῖεν</span> 
     </span>
    </p>
   </div>
   <div class='ocr_carea' id='block_1_14' title="bbox 346 1302 1921 1378">
    <p class='ocr_par' dir='ltr' id='par_1_14' title="bbox 346 1302 1921 1378">
     <span class='ocr_line' id='line_1_14' title="bbox 346 1302 1921 1378; baseline 0.003 -22"><span class='ocrx_word' id='word_1_91' title='bbox 346 1302 764 1375; x_wconf 72' lang='grc' dir='ltr'><strong>κατορθώμασιν</strong></span> <span class='ocrx_word' id='word_1_92' title='bbox 796 1304 959 1368; x_wconf 80' lang='grc' dir='ltr'>αὑτός</span> <span class='ocrx_word' id='word_1_93' title='bbox 996 1321 1056 1358; x_wconf 90' lang='grc' dir='ltr'><strong>τε</strong></span> <span class='ocrx_word' id='word_1_94' title='bbox 1096 1306 1192 1360; x_wconf 76' lang='grc' dir='ltr'><strong>καὶ</strong></span> <span class='ocrx_word' id='word_1_95' title='bbox 1220 1307 1249 1359; x_wconf 86' lang='grc' dir='ltr'><strong>ό</strong></span> <span class='ocrx_word' id='word_1_96' title='bbox 1286 1307 1513 1377; x_wconf 83' lang='grc' dir='ltr'>Πατήρ;</span> <span class='ocrx_word' id='word_1_97' title='bbox 1564 1307 1762 1361; x_wconf 85' lang='grc' dir='ltr'>Ἐννόει</span> <span class='ocrx_word' id='word_1_98' title='bbox 1811 1307 1921 1378; x_wconf 82' lang='grc' dir='ltr'>γὰρ</span> 
     </span>
    </p>
   </div>
   <div class='ocr_carea' id='block_1_15' title="bbox 344 1390 1921 1471">
    <p class='ocr_par' dir='ltr' id='par_1_15' title="bbox 344 1390 1921 1471">
     <span class='ocr_line' id='line_1_15' title="bbox 344 1390 1921 1471; baseline 0.004 -27"><span class='ocrx_word' id='word_1_99' title='bbox 344 1392 494 1455; x_wconf 81' lang='grc' dir='ltr'>ὅπως</span> <span class='ocrx_word' id='word_1_100' title='bbox 550 1392 650 1445; x_wconf 78' lang='grc' dir='ltr'><strong>οὐκ</strong></span> <span class='ocrx_word' id='word_1_101' title='bbox 695 1393 754 1445; x_wconf 89' lang='grc' dir='ltr'><strong>ἐν</strong></span> <span class='ocrx_word' id='word_1_102' title='bbox 798 1390 1009 1471; x_wconf 78' lang='grc' dir='ltr'>τούτοις</span> <span class='ocrx_word' id='word_1_103' title='bbox 1060 1395 1248 1463; x_wconf 81' lang='grc' dir='ltr'>ήμεῖς,</span> <span class='ocrx_word' id='word_1_104' title='bbox 1277 1394 1393 1448; x_wconf 84' lang='grc' dir='ltr'>ἀλλ’</span> <span class='ocrx_word' id='word_1_105' title='bbox 1441 1394 1648 1467; x_wconf 76' lang='grc' dir='ltr'>ἑτέροις</span> <span class='ocrx_word' id='word_1_106' title='bbox 1678 1396 1789 1450; x_wconf 77' lang='grc' dir='ltr'>τισὶ</span> <span class='ocrx_word' id='word_1_107' title='bbox 1821 1398 1921 1470; x_wconf 81' lang='grc' dir='ltr'>τὴν</span> 
     </span>
    </p>
   </div>
   <div class='ocr_carea' id='block_1_16' title="bbox 227 1479 1923 1558">
    <p class='ocr_par' dir='ltr' id='par_1_16' title="bbox 227 1479 1923 1558">
     <span class='ocr_line' id='line_1_16' title="bbox 227 1479 1923 1558; baseline 0.03 -43"><span class='ocrx_word' id='word_1_108' title='bbox 227 1479 235 1484; x_wconf 53' lang='grc'><strong><em>⁵</em></strong></span> <span class='ocrx_word' id='word_1_109' title='bbox 348 1481 487 1552; x_wconf 71' lang='grc' dir='ltr'>πρὸς</span> <span class='ocrx_word' id='word_1_110' title='bbox 517 1481 609 1536; x_wconf 81' lang='grc' dir='ltr'><strong>τὸν</strong></span> <span class='ocrx_word' id='word_1_111' title='bbox 635 1482 768 1535; x_wconf 83' lang='grc' dir='ltr'>Θεὸν</span> <span class='ocrx_word' id='word_1_112' title='bbox 798 1483 1148 1554; x_wconf 78' lang='grc' dir='ltr'>συμμορφίαν</span> <span class='ocrx_word' id='word_1_113' title='bbox 1180 1483 1621 1555; x_wconf 66' lang='grc' dir='ltr'>ἐπιτηδεύοντες.</span> <span class='ocrx_word' id='word_1_114' title='bbox 1648 1486 1749 1557; x_wconf 72' lang='grc' dir='ltr'><strong>τῆς</strong></span> <span class='ocrx_word' id='word_1_115' title='bbox 1782 1488 1923 1558; x_wconf 63' lang='grc' dir='ltr'>πρὸς</span> 
     </span>
    </p>
   </div>
   <div class='ocr_carea' id='block_1_17' title="bbox 347 1571 1923 1651">
    <p class='ocr_par' dir='ltr' id='par_1_17' title="bbox 347 1571 1923 1651">
     <span class='ocr_line' id='line_1_17' title="bbox 347 1571 1923 1651; baseline 0.004 -26"><span class='ocrx_word' id='word_1_116' title='bbox 347 1571 514 1625; x_wconf 73' lang='grc' dir='ltr'>αὐτὸν</span> <span class='ocrx_word' id='word_1_117' title='bbox 569 1571 852 1635; x_wconf 80' lang='grc' dir='ltr'>κοινωνίας</span> <span class='ocrx_word' id='word_1_118' title='bbox 911 1573 1233 1644; x_wconf 81' lang='grc' dir='ltr'>ἀξιούμεθα.</span> <span class='ocrx_word' id='word_1_119' title='bbox 1297 1575 1760 1648; x_wconf 86' lang='grc' dir='ltr'>Ἐποικτείροντες</span> <span class='ocrx_word' id='word_1_120' title='bbox 1813 1579 1923 1651; x_wconf 82' lang='grc' dir='ltr'><strong>γάρ</strong></span> 
     </span>
    </p>
   </div>
   <div class='ocr_carea' id='block_1_18' title="bbox 350 1662 1925 1741">
    <p class='ocr_par' dir='ltr' id='par_1_18' title="bbox 350 1662 1925 1741">
     <span class='ocr_line' id='line_1_18' title="bbox 350 1662 1925 1741; baseline 0.004 -24"><span class='ocrx_word' id='word_1_121' title='bbox 350 1662 619 1735; x_wconf 82' lang='grc' dir='ltr'><strong>ἀλλήλους</strong></span> <span class='ocrx_word' id='word_1_122' title='bbox 638 1703 654 1728; x_wconf 93' lang='grc'><strong>,</strong></span> <span class='ocrx_word' id='word_1_123' title='bbox 694 1665 788 1718; x_wconf 71' lang='grc' dir='ltr'><strong>καὶ</strong></span> <span class='ocrx_word' id='word_1_124' title='bbox 831 1664 937 1719; x_wconf 82' lang='grc' dir='ltr'>τῶν</span> <span class='ocrx_word' id='word_1_125' title='bbox 964 1666 1066 1736; x_wconf 82' lang='grc' dir='ltr'><strong>τῆς</strong></span> <span class='ocrx_word' id='word_1_126' title='bbox 1096 1667 1315 1736; x_wconf 78' lang='grc' dir='ltr'><strong>ἀγάπης</strong></span> <span class='ocrx_word' id='word_1_127' title='bbox 1345 1667 1520 1738; x_wconf 69' lang='grc' dir='ltr'>ἔργων</span> <span class='ocrx_word' id='word_1_128' title='bbox 1555 1669 1728 1741; x_wconf 79' lang='grc' dir='ltr'>ἀπρὶξ</span> <span class='ocrx_word' id='word_1_129' title='bbox 1756 1669 1925 1740; x_wconf 74' lang='grc' dir='ltr'>ἐξημο</span> 
     </span>
    </p>
   </div>
   <div class='ocr_carea' id='block_1_19' title="bbox 353 1753 1923 1832">
    <p class='ocr_par' dir='ltr' id='par_1_19' title="bbox 353 1753 1923 1832">
     <span class='ocr_line' id='line_1_19' title="bbox 353 1753 1923 1832; baseline 0.006 -26"><span class='ocrx_word' id='word_1_130' title='bbox 353 1753 543 1823; x_wconf 83' lang='grc' dir='ltr'>μένοι,</span> <span class='ocrx_word' id='word_1_131' title='bbox 585 1755 682 1808; x_wconf 74' lang='grc' dir='ltr'><strong>καὶ</strong></span> <span class='ocrx_word' id='word_1_132' title='bbox 734 1757 915 1809; x_wconf 75' lang='grc' dir='ltr'>πᾶσαν</span> <span class='ocrx_word' id='word_1_133' title='bbox 964 1756 1371 1826; x_wconf 73' lang='grc' dir='ltr'>ἐπιτηδεύοντες</span> <span class='ocrx_word' id='word_1_134' title='bbox 1424 1760 1522 1830; x_wconf 80' lang='grc' dir='ltr'>τὴν</span> <span class='ocrx_word' id='word_1_135' title='bbox 1567 1762 1627 1814; x_wconf 90' lang='grc' dir='ltr'><strong>ἐν</strong></span> <span class='ocrx_word' id='word_1_136' title='bbox 1677 1759 1758 1832; x_wconf 85' lang='grc' dir='ltr'>τῷ</span> <span class='ocrx_word' id='word_1_137' title='bbox 1799 1761 1923 1816; x_wconf 86' lang='grc' dir='ltr'>καθ’</span> 
     </span>
    </p>
   </div>
   <div class='ocr_carea' id='block_1_20' title="bbox 346 1844 1926 1923">
    <p class='ocr_par' dir='ltr' id='par_1_20' title="bbox 346 1844 1926 1923">
     <span class='ocr_line' id='line_1_20' title="bbox 346 1844 1926 1923; baseline 0.008 -28"><span class='ocrx_word' id='word_1_138' title='bbox 346 1847 500 1916; x_wconf 73' lang='grc' dir='ltr'>ἡμᾶς</span> <span class='ocrx_word' id='word_1_139' title='bbox 529 1844 630 1916; x_wconf 85' lang='grc' dir='ltr'><strong>βίῳ</strong></span> <span class='ocrx_word' id='word_1_140' title='bbox 661 1847 995 1917; x_wconf 83' lang='grc' dir='ltr'>σεμνότητα,</span> <span class='ocrx_word' id='word_1_141' title='bbox 1030 1848 1149 1902; x_wconf 87' lang='grc' dir='ltr'>τότε</span> <span class='ocrx_word' id='word_1_142' title='bbox 1196 1850 1260 1921; x_wconf 79' lang='grc' dir='ltr'>δὴ</span> <span class='ocrx_word' id='word_1_143' title='bbox 1310 1851 1465 1920; x_wconf 86' lang='grc' dir='ltr'>μόλις</span> <span class='ocrx_word' id='word_1_144' title='bbox 1509 1852 1569 1906; x_wconf 90' lang='grc' dir='ltr'><strong>ἐν</strong></span> <span class='ocrx_word' id='word_1_145' title='bbox 1612 1852 1733 1923; x_wconf 87' lang='grc' dir='ltr'><strong>Θεῷ</strong></span> <span class='ocrx_word' id='word_1_146' title='bbox 1785 1849 1926 1907; x_wconf 73' lang='grc' dir='ltr'>εἶναι</span> 
     </span>
    </p>
   </div>
   <div class='ocr_carea' id='block_1_21' title="bbox 347 1934 1927 2014">
    <p class='ocr_par' dir='ltr' id='par_1_21' title="bbox 347 1934 1927 2014">
     <span class='ocr_line' id='line_1_21' title="bbox 347 1934 1927 2014; baseline 0.006 -27"><span class='ocrx_word' id='word_1_147' title='bbox 347 1934 641 2005; x_wconf 85' lang='grc' dir='ltr'>λεγόμεθα.</span> <span class='ocrx_word' id='word_1_148' title='bbox 683 1936 793 1989; x_wconf 76' lang='grc' dir='ltr'><strong>Καὶ</strong></span> <span class='ocrx_word' id='word_1_149' title='bbox 816 1935 1026 2007; x_wconf 84' lang='grc' dir='ltr'>μάρτυς</span> <span class='ocrx_word' id='word_1_150' title='bbox 1058 1937 1311 2008; x_wconf 79' lang='grc' dir='ltr'><strong>Ἰωάννης</strong></span> <span class='ocrx_word' id='word_1_151' title='bbox 1334 1941 1509 2009; x_wconf 81' lang='grc' dir='ltr'>λέγων</span> <span class='ocrx_word' id='word_1_152' title='bbox 1528 1956 1544 1973; x_wconf 76' lang='grc' dir='ltr'><strong>ο</strong></span> <span class='ocrx_word' id='word_1_153' title='bbox 1579 1962 1598 1994; x_wconf 80' lang='grc' dir='ltr'><strong>ι</strong></span> <span class='ocrx_word' id='word_1_154' title='bbox 1638 1943 1725 1996; x_wconf 87' lang='grc' dir='ltr'>Ἐν</span> <span class='ocrx_word' id='word_1_155' title='bbox 1750 1943 1927 2014; x_wconf 87' lang='grc' dir='ltr'>τούτῳ</span> 
     </span>
    </p>
   </div>
   <div class='ocr_carea' id='block_1_22' title="bbox 349 2025 1928 2105">
    <p class='ocr_par' dir='ltr' id='par_1_22' title="bbox 349 2025 1928 2105">
     <span class='ocr_line' id='line_1_22' title="bbox 349 2025 1928 2105; baseline 0.006 -26"><span class='ocrx_word' id='word_1_156' title='bbox 349 2025 691 2097; x_wconf 84' lang='grc' dir='ltr'>γινώσκομεν</span> <span class='ocrx_word' id='word_1_157' title='bbox 738 2029 822 2081; x_wconf 85' lang='grc' dir='ltr'><strong>ὅτι</strong></span> <span class='ocrx_word' id='word_1_158' title='bbox 870 2029 928 2081; x_wconf 86' lang='grc' dir='ltr'><strong>ἐν</strong></span> <span class='ocrx_word' id='word_1_159' title='bbox 974 2029 1121 2100; x_wconf 84' lang='grc' dir='ltr'>αὐτῷ</span> <span class='ocrx_word' id='word_1_160' title='bbox 1155 2031 1346 2099; x_wconf 84' lang='grc' dir='ltr'>ἐσμέν.</span> <span class='ocrx_word' id='word_1_161' title='bbox 1394 2032 1454 2086; x_wconf 83' lang='lat'><strong>&#39;0</strong></span> <span class='ocrx_word' id='word_1_162' title='bbox 1484 2033 1658 2102; x_wconf 82' lang='grc' dir='ltr'>λέγων</span> <span class='ocrx_word' id='word_1_163' title='bbox 1687 2036 1745 2087; x_wconf 85' lang='grc' dir='ltr'><strong>ἐν</strong></span> <span class='ocrx_word' id='word_1_164' title='bbox 1776 2035 1928 2105; x_wconf 85' lang='grc' dir='ltr'>αύτῷ</span> 
     </span>
    </p>
   </div>
   <div class='ocr_carea' id='block_1_23' title="bbox 355 2117 1928 2196">
    <p class='ocr_par' dir='ltr' id='par_1_23' title="bbox 355 2117 1928 2196">
     <span class='ocr_line' id='line_1_23' title="bbox 355 2117 1928 2196; baseline 0.007 -27"><span class='ocrx_word' id='word_1_165' title='bbox 355 2117 571 2187; x_wconf 81' lang='grc' dir='ltr'>μένειν,</span> <span class='ocrx_word' id='word_1_166' title='bbox 615 2118 855 2188; x_wconf 79' lang='grc' dir='ltr'>ὀφείλει,</span> <span class='ocrx_word' id='word_1_167' title='bbox 907 2119 1089 2185; x_wconf 90' lang='grc' dir='ltr'>καθὼς</span> <span class='ocrx_word' id='word_1_168' title='bbox 1126 2122 1333 2185; x_wconf 87' lang='grc' dir='ltr'>ἐκεῖνος</span> <span class='ocrx_word' id='word_1_169' title='bbox 1364 2124 1738 2196; x_wconf 86' lang='grc' dir='ltr'>περιεπάτησε</span> <span class='ocrx_word' id='word_1_170' title='bbox 1764 2167 1779 2192; x_wconf 95' lang='grc'><strong>,</strong></span> <span class='ocrx_word' id='word_1_171' title='bbox 1833 2128 1928 2180; x_wconf 79' lang='grc' dir='ltr'><strong>καὶ</strong></span> 
     </span>
    </p>
   </div>
   <div class='ocr_carea' id='block_1_24' title="bbox 355 2208 1926 2289">
    <p class='ocr_par' dir='ltr' id='par_1_24' title="bbox 355 2208 1926 2289">
     <span class='ocr_line' id='line_1_24' title="bbox 355 2208 1926 2289; baseline 0.007 -28"><span class='ocrx_word' id='word_1_172' title='bbox 355 2208 515 2272; x_wconf 76' lang='grc' dir='ltr'>αὐτὸς</span> <span class='ocrx_word' id='word_1_173' title='bbox 556 2214 900 2282; x_wconf 82' lang='grc' dir='ltr'>περιπατεῖν.</span> <span class='ocrx_word' id='word_1_174' title='bbox 951 2230 970 2262; x_wconf 82' lang='grc' dir='ltr'><strong>ι</strong></span> <span class='ocrx_word' id='word_1_175' title='bbox 1007 2213 1118 2269; x_wconf 79' lang='grc' dir='ltr'><strong>Καὶ</strong></span> <span class='ocrx_word' id='word_1_176' title='bbox 1164 2213 1361 2267; x_wconf 84' lang='grc' dir='ltr'>πάλιν·</span> <span class='ocrx_word' id='word_1_177' title='bbox 1415 2234 1435 2266; x_wconf 72' lang='grc' dir='ltr'><strong>ι</strong></span> <span class='ocrx_word' id='word_1_178' title='bbox 1488 2217 1701 2287; x_wconf 83' lang='grc' dir='ltr'>Ὑμεῖς,</span> <span class='ocrx_word' id='word_1_179' title='bbox 1738 2219 1926 2289; x_wconf 76' lang='grc' dir='ltr'>φησὶν,</span> 
     </span>
    </p>
   </div>
   <div class='ocr_carea' id='block_1_25' title="bbox 358 2298 1929 2380">
    <p class='ocr_par' dir='ltr' id='par_1_25' title="bbox 358 2298 1929 2380">
     <span class='ocr_line' id='line_1_25' title="bbox 358 2298 1929 2380; baseline 0.008 -29"><span class='ocrx_word' id='word_1_180' title='bbox 358 2298 389 2351; x_wconf 80' lang='grc' dir='ltr'><strong>ὃ</strong></span> <span class='ocrx_word' id='word_1_181' title='bbox 418 2301 510 2353; x_wconf 82' lang='grc' dir='ltr'>ἀπ’</span> <span class='ocrx_word' id='word_1_182' title='bbox 540 2301 712 2372; x_wconf 79' lang='grc' dir='ltr'>ἀρχῆς</span> <span class='ocrx_word' id='word_1_183' title='bbox 735 2302 1027 2371; x_wconf 76' lang='grc' dir='ltr'>ἠκούσατε,</span> <span class='ocrx_word' id='word_1_184' title='bbox 1055 2305 1113 2358; x_wconf 93' lang='grc' dir='ltr'><strong>ἐν</strong></span> <span class='ocrx_word' id='word_1_185' title='bbox 1147 2305 1277 2375; x_wconf 83' lang='grc' dir='ltr'>ὑμῖν</span> <span class='ocrx_word' id='word_1_186' title='bbox 1306 2306 1516 2376; x_wconf 77' lang='grc' dir='ltr'>μενέτω</span> <span class='ocrx_word' id='word_1_187' title='bbox 1534 2324 1547 2338; x_wconf 88' lang='grc'><strong>·</strong></span> <span class='ocrx_word' id='word_1_188' title='bbox 1581 2310 1676 2361; x_wconf 74' lang='grc' dir='ltr'><strong>ἐὰν</strong></span> <span class='ocrx_word' id='word_1_189' title='bbox 1716 2312 1772 2363; x_wconf 89' lang='grc' dir='ltr'><strong>ἐν</strong></span> <span class='ocrx_word' id='word_1_190' title='bbox 1799 2311 1929 2380; x_wconf 82' lang='grc' dir='ltr'>ὑμῖν</span> 
     </span>
    </p>
   </div>
   <div class='ocr_carea' id='block_1_26' title="bbox 365 2391 1930 2473">
    <p class='ocr_par' dir='ltr' id='par_1_26' title="bbox 365 2391 1930 2473">
     <span class='ocr_line' id='line_1_26' title="bbox 365 2391 1930 2473; baseline 0.008 -30"><span class='ocrx_word' id='word_1_191' title='bbox 365 2391 523 2462; x_wconf 78' lang='grc' dir='ltr'>μείνῃ</span> <span class='ocrx_word' id='word_1_192' title='bbox 549 2391 577 2444; x_wconf 84' lang='grc' dir='ltr'><strong>δ</strong></span> <span class='ocrx_word' id='word_1_193' title='bbox 607 2394 698 2446; x_wconf 82' lang='grc' dir='ltr'>ἀπ’</span> <span class='ocrx_word' id='word_1_194' title='bbox 730 2394 898 2464; x_wconf 85' lang='grc' dir='ltr'>ἀρχῆς</span> <span class='ocrx_word' id='word_1_195' title='bbox 926 2394 1200 2464; x_wconf 75' lang='grc' dir='ltr'>ἠκούσατε</span> <span class='ocrx_word' id='word_1_196' title='bbox 1225 2436 1240 2462; x_wconf 93' lang='grc'><strong>,</strong></span> <span class='ocrx_word' id='word_1_197' title='bbox 1287 2398 1383 2452; x_wconf 72' lang='grc' dir='ltr'>καὶ</span> <span class='ocrx_word' id='word_1_198' title='bbox 1419 2399 1577 2470; x_wconf 83' lang='grc' dir='ltr'>ὑμεῖς</span> <span class='ocrx_word' id='word_1_199' title='bbox 1614 2402 1671 2453; x_wconf 76' lang='grc' dir='ltr'><strong>ἐν</strong></span> <span class='ocrx_word' id='word_1_200' title='bbox 1701 2401 1779 2473; x_wconf 81' lang='grc' dir='ltr'>τῷ</span> <span class='ocrx_word' id='word_1_201' title='bbox 1816 2402 1930 2473; x_wconf 80' lang='grc' dir='ltr'><strong>Υίῷ</strong></span> 
     </span>
    </p>
   </div>
   <div class='ocr_carea' id='block_1_27' title="bbox 363 2482 1928 2565">
    <p class='ocr_par' dir='ltr' id='par_1_27' title="bbox 363 2482 1928 2565">
     <span class='ocr_line' id='line_1_27' title="bbox 363 2482 1928 2565; baseline 0.008 -29"><span class='ocrx_word' id='word_1_202' title='bbox 363 2483 458 2536; x_wconf 76' lang='grc' dir='ltr'><strong>καὶ</strong></span> <span class='ocrx_word' id='word_1_203' title='bbox 504 2483 562 2535; x_wconf 90' lang='grc' dir='ltr'><strong>ἐν</strong></span> <span class='ocrx_word' id='word_1_204' title='bbox 609 2482 686 2554; x_wconf 86' lang='grc' dir='ltr'>τῷ</span> <span class='ocrx_word' id='word_1_205' title='bbox 716 2484 885 2555; x_wconf 76' lang='grc' dir='ltr'>Πατρὶ</span> <span class='ocrx_word' id='word_1_206' title='bbox 916 2489 1152 2556; x_wconf 81' lang='grc' dir='ltr'>μενεῖτε.</span> <span class='ocrx_word' id='word_1_207' title='bbox 1189 2506 1208 2539; x_wconf 73' lang='grc' dir='ltr'><strong>ι</strong></span> <span class='ocrx_word' id='word_1_208' title='bbox 1238 2488 1350 2542; x_wconf 82' lang='grc' dir='ltr'>Καὶ</span> <span class='ocrx_word' id='word_1_209' title='bbox 1391 2491 1445 2543; x_wconf 92' lang='grc' dir='ltr'><strong>τί</strong></span> <span class='ocrx_word' id='word_1_210' title='bbox 1493 2492 1554 2543; x_wconf 84' lang='grc' dir='ltr'><strong>τὸ</strong></span> <span class='ocrx_word' id='word_1_211' title='bbox 1594 2491 1687 2544; x_wconf 85' lang='grc' dir='ltr'>ἀπ’</span> <span class='ocrx_word' id='word_1_212' title='bbox 1732 2494 1928 2565; x_wconf 83' lang='grc' dir='ltr'>ἀρχῆς,</span> 
     </span>
    </p>
   </div>
   <div class='ocr_carea' id='block_1_28' title="bbox 358 2573 1931 2654">
    <p class='ocr_par' dir='ltr' id='par_1_28' title="bbox 358 2573 1931 2654">
     <span class='ocr_line' id='line_1_28' title="bbox 358 2573 1931 2654; baseline 0.008 -28"><span class='ocrx_word' id='word_1_213' title='bbox 358 2573 498 2644; x_wconf 83' lang='grc' dir='ltr'>ὅπερ</span> <span class='ocrx_word' id='word_1_214' title='bbox 537 2575 670 2642; x_wconf 76' lang='grc' dir='ltr'>ἡμῖν</span> <span class='ocrx_word' id='word_1_215' title='bbox 714 2574 1084 2631; x_wconf 83' lang='grc' dir='ltr'>διακελεύεται</span> <span class='ocrx_word' id='word_1_216' title='bbox 1116 2578 1333 2648; x_wconf 79' lang='grc' dir='ltr'>μένειν,</span> <span class='ocrx_word' id='word_1_217' title='bbox 1380 2581 1466 2633; x_wconf 79' lang='grc' dir='ltr'><strong>ἵνα</strong></span> <span class='ocrx_word' id='word_1_218' title='bbox 1501 2582 1661 2652; x_wconf 79' lang='grc' dir='ltr'>ἡμεῖς</span> <span class='ocrx_word' id='word_1_219' title='bbox 1693 2582 1842 2654; x_wconf 79' lang='grc' dir='ltr'>ὦμεν</span> <span class='ocrx_word' id='word_1_220' title='bbox 1872 2588 1931 2639; x_wconf 86' lang='grc' dir='ltr'><strong>ἐν</strong></span> 
     </span>
    </p>
   </div>
   <div class='ocr_carea' id='block_1_29' title="bbox 356 2659 1931 2738">
    <p class='ocr_par' dir='ltr' id='par_1_29' title="bbox 356 2659 1931 2738">
     <span class='ocr_line' id='line_1_29' title="bbox 356 2659 1931 2738; baseline 0.006 -25"><span class='ocrx_word' id='word_1_221' title='bbox 356 2661 507 2731; x_wconf 85' lang='grc' dir='ltr'><strong>Θεῷ,</strong></span> <span class='ocrx_word' id='word_1_222' title='bbox 538 2661 702 2726; x_wconf 81' lang='grc' dir='ltr'>αὐτὸς</span> <span class='ocrx_word' id='word_1_223' title='bbox 733 2665 863 2733; x_wconf 80' lang='grc' dir='ltr'>ἡμῖν</span> <span class='ocrx_word' id='word_1_224' title='bbox 892 2664 1045 2717; x_wconf 77' lang='grc' dir='ltr'>οὐδὲν</span> <span class='ocrx_word' id='word_1_225' title='bbox 1078 2659 1242 2736; x_wconf 79' lang='grc' dir='ltr'>ἦττον</span> <span class='ocrx_word' id='word_1_226' title='bbox 1290 2672 1547 2738; x_wconf 90' lang='grc' dir='ltr'>σαφηνιεῖ</span> <span class='ocrx_word' id='word_1_227' title='bbox 1588 2668 1763 2736; x_wconf 77' lang='grc' dir='ltr'>λέγων</span> <span class='ocrx_word' id='word_1_228' title='bbox 1789 2711 1803 2735; x_wconf 86' lang='grc'><strong>,</strong></span> <span class='ocrx_word' id='word_1_229' title='bbox 1851 2671 1931 2724; x_wconf 86' lang='grc' dir='ltr'>ὅτι</span> 
     </span>
    </p>
   </div>
   <div class='ocr_carea' id='block_1_30' title="bbox 361 2751 1931 2832">
    <p class='ocr_par' dir='ltr' id='par_1_30' title="bbox 361 2751 1931 2832">
     <span class='ocr_line' id='line_1_30' title="bbox 361 2751 1931 2832; baseline 0.008 -29"><span class='ocrx_word' id='word_1_230' title='bbox 361 2772 380 2803; x_wconf 73' lang='grc' dir='ltr'><strong>ι</strong></span> <span class='ocrx_word' id='word_1_231' title='bbox 413 2751 562 2822; x_wconf 82' lang='grc' dir='ltr'>Δῦτη</span> <span class='ocrx_word' id='word_1_232' title='bbox 595 2752 744 2805; x_wconf 76' lang='grc' dir='ltr'>ἐστὶν</span> <span class='ocrx_word' id='word_1_233' title='bbox 778 2754 812 2823; x_wconf 85' lang='grc' dir='ltr'><strong>ἡ</strong></span> <span class='ocrx_word' id='word_1_234' title='bbox 841 2755 1143 2823; x_wconf 75' lang='grc' dir='ltr'>ἐπαγγελία</span> <span class='ocrx_word' id='word_1_235' title='bbox 1163 2798 1179 2822; x_wconf 91' lang='grc'><strong>,</strong></span> <span class='ocrx_word' id='word_1_236' title='bbox 1210 2757 1277 2828; x_wconf 83' lang='grc' dir='ltr'>ῆν</span> <span class='ocrx_word' id='word_1_237' title='bbox 1306 2758 1578 2827; x_wconf 74' lang='grc' dir='ltr'>ἠκούσατε</span> <span class='ocrx_word' id='word_1_238' title='bbox 1608 2761 1702 2812; x_wconf 86' lang='grc' dir='ltr'>ἀπ’</span> <span class='ocrx_word' id='word_1_239' title='bbox 1733 2761 1931 2832; x_wconf 82' lang='grc' dir='ltr'>ἀρχῆς,</span> 
     </span>
    </p>
   </div>
   <div class='ocr_carea' id='block_1_31' title="bbox 355 2844 1934 2921">
    <p class='ocr_par' dir='ltr' id='par_1_31' title="bbox 355 2844 1934 2921">
     <span class='ocr_line' id='line_1_31' title="bbox 355 2844 1934 2921; baseline 0.005 -23"><span class='ocrx_word' id='word_1_240' title='bbox 355 2845 445 2898; x_wconf 74' lang='grc' dir='ltr'>ἵνα</span> <span class='ocrx_word' id='word_1_241' title='bbox 487 2844 740 2914; x_wconf 80' lang='grc' dir='ltr'>ἀγαπᾶτε</span> <span class='ocrx_word' id='word_1_242' title='bbox 787 2844 1070 2916; x_wconf 86' lang='grc' dir='ltr'>ἀλλήλους.</span> <span class='ocrx_word' id='word_1_243' title='bbox 1111 2865 1129 2898; x_wconf 83' lang='grc' dir='ltr'><strong>ι</strong></span> <span class='ocrx_word' id='word_1_244' title='bbox 1177 2847 1419 2912; x_wconf 84' lang='grc' dir='ltr'>Ἀκούεις</span> <span class='ocrx_word' id='word_1_245' title='bbox 1465 2850 1612 2913; x_wconf 84' lang='grc' dir='ltr'>ὅπως</span> <span class='ocrx_word' id='word_1_246' title='bbox 1654 2851 1821 2921; x_wconf 80' lang='grc' dir='ltr'>ἐσμὲν</span> <span class='ocrx_word' id='word_1_247' title='bbox 1877 2856 1934 2906; x_wconf 91' lang='grc' dir='ltr'><strong>ἐν</strong></span> 
     </span>
    </p>
   </div>
   <div class='ocr_carea' id='block_1_32' title="bbox 353 2934 1935 3014">
    <p class='ocr_par' dir='ltr' id='par_1_32' title="bbox 353 2934 1935 3014">
     <span class='ocr_line' id='line_1_32' title="bbox 353 2934 1935 3014; baseline 0.006 -27"><span class='ocrx_word' id='word_1_248' title='bbox 353 2934 494 3005; x_wconf 83' lang='grc' dir='ltr'>Θεῷ,</span> <span class='ocrx_word' id='word_1_249' title='bbox 521 2934 625 3006; x_wconf 83' lang='grc' dir='ltr'><strong>τὴν</strong></span> <span class='ocrx_word' id='word_1_250' title='bbox 671 2934 895 3005; x_wconf 83' lang='grc' dir='ltr'>ἀγάπην</span> <span class='ocrx_word' id='word_1_251' title='bbox 938 2934 1177 3006; x_wconf 86' lang='grc' dir='ltr'>δηλονότι</span> <span class='ocrx_word' id='word_1_252' title='bbox 1206 2937 1308 3009; x_wconf 82' lang='grc' dir='ltr'>τὴν</span> <span class='ocrx_word' id='word_1_253' title='bbox 1344 2940 1422 3002; x_wconf 85' lang='grc' dir='ltr'><strong>είς</strong></span> <span class='ocrx_word' id='word_1_254' title='bbox 1451 2939 1715 3010; x_wconf 77' lang='grc' dir='ltr'>ἀλλήλους</span> <span class='ocrx_word' id='word_1_255' title='bbox 1746 2945 1935 3014; x_wconf 82' lang='grc' dir='ltr'>ἐπιτη-</span> 
     </span>
    </p>
   </div>
   <div class='ocr_carea' id='block_1_33' title="bbox 353 3027 1932 3107">
    <p class='ocr_par' dir='ltr' id='par_1_33' title="bbox 353 3027 1932 3107">
     <span class='ocr_line' id='line_1_33' title="bbox 353 3027 1932 3107; baseline 0.005 -26"><span class='ocrx_word' id='word_1_256' title='bbox 353 3027 619 3091; x_wconf 81' lang='grc' dir='ltr'>δεύοντες,</span> <span class='ocrx_word' id='word_1_257' title='bbox 670 3029 765 3081; x_wconf 77' lang='grc' dir='ltr'>καὶ</span> <span class='ocrx_word' id='word_1_258' title='bbox 793 3027 894 3100; x_wconf 83' lang='grc' dir='ltr'>τὴν</span> <span class='ocrx_word' id='word_1_259' title='bbox 932 3028 1026 3082; x_wconf 87' lang='grc' dir='ltr'><strong>τοῦ</strong></span> <span class='ocrx_word' id='word_1_260' title='bbox 1074 3030 1326 3102; x_wconf 83' lang='grc' dir='ltr'>Σωτῆρος</span> <span class='ocrx_word' id='word_1_261' title='bbox 1375 3032 1680 3103; x_wconf 83' lang='grc' dir='ltr'>ίχνηλατεῖν</span> <span class='ocrx_word' id='word_1_262' title='bbox 1710 3035 1932 3107; x_wconf 85' lang='grc' dir='ltr'>ἀρετὴν,</span> 
     </span>
    </p>
   </div>
   <div class='ocr_carea' id='block_1_34' title="bbox 355 3121 2004 3216">
    <p class='ocr_par' dir='ltr' id='par_1_34' title="bbox 355 3121 2004 3216">
     <span class='ocr_line' id='line_1_34' title="bbox 355 3121 2004 3216; baseline 0.006 -42"><span class='ocrx_word' id='word_1_263' title='bbox 355 3121 476 3174; x_wconf 78' lang='grc' dir='ltr'>καθ’</span> <span class='ocrx_word' id='word_1_264' title='bbox 507 3123 630 3177; x_wconf 80' lang='grc' dir='ltr'>ὅσον</span> <span class='ocrx_word' id='word_1_265' title='bbox 661 3122 774 3189; x_wconf 72' lang='grc' dir='ltr'>ἔνι,</span> <span class='ocrx_word' id='word_1_266' title='bbox 823 3123 1217 3190; x_wconf 75' lang='grc' dir='ltr'>σπουδάζοντες</span> <span class='ocrx_word' id='word_1_267' title='bbox 1237 3140 1253 3155; x_wconf 85' lang='lat'><strong>&#39;</strong></span> <span class='ocrx_word' id='word_1_268' title='bbox 1308 3128 1509 3200; x_wconf 78' lang='grc' dir='ltr'>ἀρετήν</span> <span class='ocrx_word' id='word_1_269' title='bbox 1542 3129 1602 3183; x_wconf 79' lang='grc' dir='ltr'>δέ</span> <span class='ocrx_word' id='word_1_270' title='bbox 1648 3147 1822 3201; x_wconf 87' lang='grc' dir='ltr'>φημι,</span> <span class='ocrx_word' id='word_1_271' title='bbox 1871 3129 1932 3182; x_wconf 87' lang='grc' dir='ltr'><strong>ού</strong></span> <span class='ocrx_word' id='word_1_272' title='bbox 1961 3156 2004 3216; x_wconf 75' lang='lat' dir='ltr'><strong><em>C</em></strong></span> 
     </span>
    </p>
   </div>
   <div class='ocr_carea' id='block_1_35' title="bbox 353 3213 1933 3292">
    <p class='ocr_par' dir='ltr' id='par_1_35' title="bbox 353 3213 1933 3292">
     <span class='ocr_line' id='line_1_35' title="bbox 353 3213 1933 3292; baseline 0.007 -27"><span class='ocrx_word' id='word_1_273' title='bbox 353 3214 455 3284; x_wconf 87' lang='grc' dir='ltr'><strong>τὴν</strong></span> <span class='ocrx_word' id='word_1_274' title='bbox 484 3214 542 3267; x_wconf 92' lang='grc' dir='ltr'><strong>ἐν</strong></span> <span class='ocrx_word' id='word_1_275' title='bbox 575 3213 651 3285; x_wconf 83' lang='grc' dir='ltr'>τῷ</span> <span class='ocrx_word' id='word_1_276' title='bbox 693 3214 951 3269; x_wconf 89' lang='grc' dir='ltr'>δύνασθαι</span> <span class='ocrx_word' id='word_1_277' title='bbox 1001 3217 1207 3282; x_wconf 80' lang='grc' dir='ltr'>κτίζειν</span> <span class='ocrx_word' id='word_1_278' title='bbox 1257 3220 1523 3290; x_wconf 82' lang='grc' dir='ltr'>οὐρανοὺς</span> <span class='ocrx_word' id='word_1_279' title='bbox 1564 3221 1599 3292; x_wconf 80' lang='grc' dir='ltr'><strong>ἢ</strong></span> <span class='ocrx_word' id='word_1_280' title='bbox 1630 3224 1805 3274; x_wconf 87' lang='grc' dir='ltr'>ποιεῖν</span> <span class='ocrx_word' id='word_1_281' title='bbox 1832 3222 1933 3289; x_wconf 88' lang='grc' dir='ltr'>ἀγ-</span> 
     </span>
    </p>
   </div>
   <div class='ocr_carea' id='block_1_36' title="bbox 353 3304 1930 3381">
    <p class='ocr_par' dir='ltr' id='par_1_36' title="bbox 353 3304 1930 3381">
     <span class='ocr_line' id='line_1_36' title="bbox 353 3304 1930 3381; baseline 0.006 -25"><span class='ocrx_word' id='word_1_282' title='bbox 353 3304 545 3372; x_wconf 85' lang='grc' dir='ltr'>γέλους</span> <span class='ocrx_word' id='word_1_283' title='bbox 572 3345 586 3368; x_wconf 93' lang='grc'><strong>,</strong></span> <span class='ocrx_word' id='word_1_284' title='bbox 638 3305 670 3375; x_wconf 82' lang='grc' dir='ltr'><strong>ἢ</strong></span> <span class='ocrx_word' id='word_1_285' title='bbox 703 3306 1025 3380; x_wconf 82' lang='grc' dir='ltr'>καθιδρῦσαι</span> <span class='ocrx_word' id='word_1_286' title='bbox 1065 3310 1169 3379; x_wconf 84' lang='grc' dir='ltr'>γῆν</span> <span class='ocrx_word' id='word_1_287' title='bbox 1192 3352 1208 3376; x_wconf 90' lang='grc'><strong>,</strong></span> <span class='ocrx_word' id='word_1_288' title='bbox 1250 3310 1284 3381; x_wconf 79' lang='grc' dir='ltr'>ἢ</span> <span class='ocrx_word' id='word_1_289' title='bbox 1327 3312 1602 3367; x_wconf 88' lang='grc' dir='ltr'>θάλασσαν</span> <span class='ocrx_word' id='word_1_290' title='bbox 1640 3312 1930 3381; x_wconf 79' lang='grc' dir='ltr'>ἐξαπλοῦν,</span> 
     </span>
    </p>
   </div>
   <div class='ocr_carea' id='block_1_37' title="bbox 355 3394 1933 3474">
    <p class='ocr_par' dir='ltr' id='par_1_37' title="bbox 355 3394 1933 3474">
     <span class='ocr_line' id='line_1_37' title="bbox 355 3394 1933 3474; baseline 0.006 -26"><span class='ocrx_word' id='word_1_291' title='bbox 355 3394 477 3449; x_wconf 76' lang='grc' dir='ltr'>οὔτε</span> <span class='ocrx_word' id='word_1_292' title='bbox 514 3396 620 3467; x_wconf 86' lang='grc' dir='ltr'>μὴν</span> <span class='ocrx_word' id='word_1_293' title='bbox 654 3396 750 3466; x_wconf 83' lang='grc' dir='ltr'><strong>τὴν</strong></span> <span class='ocrx_word' id='word_1_294' title='bbox 779 3398 838 3450; x_wconf 89' lang='grc' dir='ltr'><strong>ἐν</strong></span> <span class='ocrx_word' id='word_1_295' title='bbox 878 3398 1072 3469; x_wconf 86' lang='grc' dir='ltr'>ἐκείνῳ</span> <span class='ocrx_word' id='word_1_296' title='bbox 1096 3400 1219 3452; x_wconf 82' lang='grc' dir='ltr'>καθ’</span> <span class='ocrx_word' id='word_1_297' title='bbox 1241 3398 1270 3451; x_wconf 81' lang='grc' dir='ltr'><strong>ὃ</strong></span> <span class='ocrx_word' id='word_1_298' title='bbox 1299 3402 1524 3473; x_wconf 73' lang='grc' dir='ltr'>ἀρρήτῳ</span> <span class='ocrx_word' id='word_1_299' title='bbox 1557 3404 1648 3457; x_wconf 74' lang='grc' dir='ltr'><strong>καὶ</strong></span> <span class='ocrx_word' id='word_1_300' title='bbox 1680 3404 1933 3474; x_wconf 84' lang='grc' dir='ltr'>ἀπεριερ-</span> 
     </span>
    </p>
   </div>
   <div class='ocr_carea' id='block_1_38' title="bbox 355 3487 1932 3564">
    <p class='ocr_par' dir='ltr' id='par_1_38' title="bbox 355 3487 1932 3564">
     <span class='ocr_line' id='line_1_38' title="bbox 355 3487 1932 3564; baseline 0.003 -23"><span class='ocrx_word' id='word_1_301' title='bbox 355 3488 544 3557; x_wconf 80' lang='grc' dir='ltr'>γάστῳ</span> <span class='ocrx_word' id='word_1_302' title='bbox 566 3487 812 3553; x_wconf 83' lang='grc' dir='ltr'>δυνάμει,</span> <span class='ocrx_word' id='word_1_303' title='bbox 841 3488 987 3559; x_wconf 88' lang='grc' dir='ltr'>λόγῳ</span> <span class='ocrx_word' id='word_1_304' title='bbox 1017 3490 1138 3559; x_wconf 82' lang='grc' dir='ltr'>μὲν,</span> <span class='ocrx_word' id='word_1_305' title='bbox 1166 3493 1492 3563; x_wconf 84' lang='grc' dir='ltr'>πνευμάτων</span> <span class='ocrx_word' id='word_1_306' title='bbox 1515 3493 1763 3564; x_wconf 88' lang='grc' dir='ltr'>ἐκοίμισε</span> <span class='ocrx_word' id='word_1_307' title='bbox 1792 3494 1932 3564; x_wconf 86' lang='grc' dir='ltr'>βίας,</span> 
     </span>
    </p>
   </div>
   <div class='ocr_carea' id='block_1_39' title="bbox 354 3576 1936 3652">
    <p class='ocr_par' dir='ltr' id='par_1_39' title="bbox 354 3576 1936 3652">
     <span class='ocr_line' id='line_1_39' title="bbox 354 3576 1936 3652; baseline 0.006 -24"><span class='ocrx_word' id='word_1_308' title='bbox 354 3576 602 3647; x_wconf 82' lang='grc' dir='ltr'>διανίστη</span> <span class='ocrx_word' id='word_1_309' title='bbox 648 3578 704 3629; x_wconf 81' lang='grc' dir='ltr'><strong>δέ</strong></span> <span class='ocrx_word' id='word_1_310' title='bbox 738 3578 864 3640; x_wconf 83' lang='grc' dir='ltr'>τοὺς</span> <span class='ocrx_word' id='word_1_311' title='bbox 910 3578 1276 3649; x_wconf 84' lang='grc' dir='ltr'>τεθνηκότας,</span> <span class='ocrx_word' id='word_1_312' title='bbox 1330 3582 1499 3652; x_wconf 76' lang='grc' dir='ltr'>ἧγουν</span> <span class='ocrx_word' id='word_1_313' title='bbox 1556 3585 1667 3645; x_wconf 90' lang='grc' dir='ltr'>τοῖς</span> <span class='ocrx_word' id='word_1_314' title='bbox 1716 3583 1936 3652; x_wconf 76' lang='grc' dir='ltr'>τυφλοῖς</span> 
     </span>
    </p>
   </div>
   <div class='ocr_carea' id='block_1_40' title="bbox 358 3667 1939 3745">
    <p class='ocr_par' dir='ltr' id='par_1_40' title="bbox 358 3667 1939 3745">
     <span class='ocr_line' id='line_1_40' title="bbox 358 3667 1939 3745; baseline 0.006 -25"><span class='ocrx_word' id='word_1_315' title='bbox 358 3668 652 3739; x_wconf 75' lang='grc' dir='ltr'>ἐχαρίζετο</span> <span class='ocrx_word' id='word_1_316' title='bbox 694 3669 756 3720; x_wconf 80' lang='grc' dir='ltr'><strong>τὸ</strong></span> <span class='ocrx_word' id='word_1_317' title='bbox 800 3667 1059 3738; x_wconf 80' lang='grc' dir='ltr'>βλέπειν,</span> <span class='ocrx_word' id='word_1_318' title='bbox 1108 3670 1142 3740; x_wconf 79' lang='grc' dir='ltr'>ἢ</span> <span class='ocrx_word' id='word_1_319' title='bbox 1196 3670 1275 3741; x_wconf 84' lang='grc' dir='ltr'>τῷ</span> <span class='ocrx_word' id='word_1_320' title='bbox 1320 3671 1508 3744; x_wconf 79' lang='grc' dir='ltr'>λεπρῷ</span> <span class='ocrx_word' id='word_1_321' title='bbox 1550 3673 1939 3745; x_wconf 79' lang='grc' dir='ltr'>καθαρίζεσθαι</span> 
     </span>
    </p>
   </div>
   <div class='ocr_carea' id='block_1_41' title="bbox 366 3757 1941 3838">
    <p class='ocr_par' dir='ltr' id='par_1_41' title="bbox 366 3757 1941 3838">
     <span class='ocr_line' id='line_1_41' title="bbox 366 3757 1941 3838; baseline 0.006 -28"><span class='ocrx_word' id='word_1_322' title='bbox 366 3757 507 3828; x_wconf 81' lang='grc' dir='ltr'><strong>μετά</strong></span> <span class='ocrx_word' id='word_1_323' title='bbox 537 3757 739 3830; x_wconf 83' lang='grc' dir='ltr'>πολλῆς</span> <span class='ocrx_word' id='word_1_324' title='bbox 783 3776 929 3823; x_wconf 90' lang='grc' dir='ltr'>τινος</span> <span class='ocrx_word' id='word_1_325' title='bbox 957 3762 1058 3831; x_wconf 83' lang='grc' dir='ltr'>τῆς</span> <span class='ocrx_word' id='word_1_326' title='bbox 1084 3760 1333 3825; x_wconf 80' lang='grc' dir='ltr'>ἐξουσίας</span> <span class='ocrx_word' id='word_1_327' title='bbox 1367 3764 1658 3818; x_wconf 75' lang='grc' dir='ltr'>ἐπέταττεν</span> <span class='ocrx_word' id='word_1_328' title='bbox 1685 3782 1697 3796; x_wconf 89' lang='grc'><strong>·</strong></span> <span class='ocrx_word' id='word_1_329' title='bbox 1729 3766 1941 3838; x_wconf 80' lang='grc' dir='ltr'>ἐκείνην</span> 
     </span>
    </p>
   </div>
   <div class='ocr_carea' id='block_1_42' title="bbox 361 3849 1939 3927">
    <p class='ocr_par' dir='ltr' id='par_1_42' title="bbox 361 3849 1939 3927">
     <span class='ocr_line' id='line_1_42' title="bbox 361 3849 1939 3927; baseline 0.006 -26"><span class='ocrx_word' id='word_1_330' title='bbox 361 3849 421 3901; x_wconf 85' lang='grc' dir='ltr'><strong>δὲ</strong></span> <span class='ocrx_word' id='word_1_331' title='bbox 455 3849 656 3919; x_wconf 86' lang='grc' dir='ltr'>μᾶλλον</span> <span class='ocrx_word' id='word_1_332' title='bbox 681 3849 825 3922; x_wconf 75' lang='grc' dir='ltr'>ἥπερ</span> <span class='ocrx_word' id='word_1_333' title='bbox 853 3849 920 3903; x_wconf 84' lang='grc' dir='ltr'>ἂν</span> <span class='ocrx_word' id='word_1_334' title='bbox 947 3852 1210 3922; x_wconf 87' lang='grc' dir='ltr'>ἁρμόττοι</span> <span class='ocrx_word' id='word_1_335' title='bbox 1256 3855 1369 3917; x_wconf 90' lang='grc' dir='ltr'>τοῖς</span> <span class='ocrx_word' id='word_1_336' title='bbox 1400 3854 1498 3925; x_wconf 85' lang='grc' dir='ltr'>τῆς</span> <span class='ocrx_word' id='word_1_337' title='bbox 1526 3855 1939 3927; x_wconf 81' lang='grc' dir='ltr'>ἀνθρωπότητος</span> 
     </span>
    </p>
   </div>
   <div class='ocr_carea' id='block_1_43' title="bbox 364 3940 1938 4015">
    <p class='ocr_par' dir='ltr' id='par_1_43' title="bbox 364 3940 1938 4015">
     <span class='ocr_line' id='line_1_43' title="bbox 364 3940 1938 4015; baseline 0.006 -23"><span class='ocrx_word' id='word_1_338' title='bbox 364 3942 610 4012; x_wconf 81' lang='grc' dir='ltr'>μέτροις.</span> <span class='ocrx_word' id='word_1_339' title='bbox 655 3940 975 4015; x_wconf 84' lang='grc' dir='ltr'>Εύρήσομεν</span> <span class='ocrx_word' id='word_1_340' title='bbox 1030 3943 1227 4010; x_wconf 84' lang='grc' dir='ltr'>αὐτὸν,</span> <span class='ocrx_word' id='word_1_341' title='bbox 1278 3943 1467 4015; x_wconf 81' lang='grc' dir='ltr'>ὥσπερ</span> <span class='ocrx_word' id='word_1_342' title='bbox 1509 3941 1603 4001; x_wconf 80' lang='grc' dir='ltr'><strong>οῦν</strong></span> <span class='ocrx_word' id='word_1_343' title='bbox 1648 3948 1676 3998; x_wconf 89' lang='grc' dir='ltr'>ὁ</span> <span class='ocrx_word' id='word_1_344' title='bbox 1732 3948 1938 4013; x_wconf 86' lang='grc' dir='ltr'>Παῦλός</span> 
     </span>
    </p>
   </div>
   <div class='ocr_carea' id='block_1_44' title="bbox 359 4034 1939 4109">
    <p class='ocr_par' dir='ltr' id='par_1_44' title="bbox 359 4034 1939 4109">
     <span class='ocr_line' id='line_1_44' title="bbox 359 4034 1939 4109; baseline 0.005 -23"><span class='ocrx_word' id='word_1_345' title='bbox 359 4050 529 4102; x_wconf 87' lang='grc' dir='ltr'>φησι,</span> <span class='ocrx_word' id='word_1_346' title='bbox 574 4034 952 4106; x_wconf 80' lang='grc' dir='ltr'>λοιδορηθέντα</span> <span class='ocrx_word' id='word_1_347' title='bbox 1006 4036 1107 4106; x_wconf 81' lang='grc' dir='ltr'>μὲν</span> <span class='ocrx_word' id='word_1_348' title='bbox 1156 4037 1308 4109; x_wconf 85' lang='grc' dir='ltr'><strong>παρά</strong></span> <span class='ocrx_word' id='word_1_349' title='bbox 1359 4037 1468 4092; x_wconf 87' lang='grc' dir='ltr'><strong>τῶν</strong></span> <span class='ocrx_word' id='word_1_350' title='bbox 1510 4039 1740 4094; x_wconf 83' lang='grc' dir='ltr'>ἀνοσίων</span> <span class='ocrx_word' id='word_1_351' title='bbox 1805 4042 1939 4094; x_wconf 87' lang='grc' dir='ltr'>Ἰου-</span> 
     </span>
    </p>
   </div>
   <div class='ocr_carea' id='block_1_45' title="bbox 356 4124 1935 4203">
    <p class='ocr_par' dir='ltr' id='par_1_45' title="bbox 356 4124 1935 4203">
     <span class='ocr_line' id='line_1_45' title="bbox 356 4124 1935 4203; baseline 0.004 -26"><span class='ocrx_word' id='word_1_352' title='bbox 356 4124 526 4178; x_wconf 81' lang='grc' dir='ltr'>δαίων</span> <span class='ocrx_word' id='word_1_353' title='bbox 554 4126 654 4179; x_wconf 87' lang='grc' dir='ltr'><strong>ούκ</strong></span> <span class='ocrx_word' id='word_1_354' title='bbox 681 4126 1190 4199; x_wconf 84' lang='grc' dir='ltr'>ἀντιλοιδορήσαντα</span> <span class='ocrx_word' id='word_1_355' title='bbox 1219 4129 1298 4196; x_wconf 88' lang='grc' dir='ltr'><strong>δὲ,</strong></span> <span class='ocrx_word' id='word_1_356' title='bbox 1322 4129 1459 4184; x_wconf 87' lang='grc' dir='ltr'><strong>ἀλλά</strong></span> <span class='ocrx_word' id='word_1_357' title='bbox 1504 4131 1782 4203; x_wconf 83' lang='grc' dir='ltr'>πάσχοντα</span> <span class='ocrx_word' id='word_1_358' title='bbox 1815 4133 1935 4203; x_wconf 83' lang='grc' dir='ltr'>μὲν,</span> 
     </span>
    </p>
   </div>
   <div class='ocr_carea' id='block_1_46' title="bbox 357 4218 1944 4295">
    <p class='ocr_par' dir='ltr' id='par_1_46' title="bbox 357 4218 1944 4295">
     <span class='ocr_line' id='line_1_46' title="bbox 357 4218 1944 4295; baseline 0.005 -25"><span class='ocrx_word' id='word_1_359' title='bbox 357 4219 460 4270; x_wconf 72' lang='grc' dir='ltr'><strong>οὐκ</strong></span> <span class='ocrx_word' id='word_1_360' title='bbox 496 4218 869 4289; x_wconf 83' lang='grc' dir='ltr'>ἀπειλήσαντα</span> <span class='ocrx_word' id='word_1_361' title='bbox 912 4220 989 4286; x_wconf 85' lang='grc' dir='ltr'><strong>δέ,</strong></span> <span class='ocrx_word' id='word_1_362' title='bbox 1028 4221 1345 4293; x_wconf 88' lang='grc' dir='ltr'>παραδόντα</span> <span class='ocrx_word' id='word_1_363' title='bbox 1386 4223 1441 4276; x_wconf 84' lang='grc' dir='ltr'>δὲ</span> <span class='ocrx_word' id='word_1_364' title='bbox 1475 4223 1678 4292; x_wconf 82' lang='grc' dir='ltr'>μᾶλλον</span> <span class='ocrx_word' id='word_1_365' title='bbox 1704 4223 1784 4295; x_wconf 80' lang='grc' dir='ltr'>τῷ</span> <span class='ocrx_word' id='word_1_366' title='bbox 1823 4224 1944 4294; x_wconf 84' lang='grc' dir='ltr'>κρί-</span> 
     </span>
    </p>
   </div>
   <div class='ocr_carea' id='block_1_47' title="bbox 358 4308 1939 4382">
    <p class='ocr_par' dir='ltr' id='par_1_47' title="bbox 358 4308 1939 4382">
     <span class='ocr_line' id='line_1_47' title="bbox 358 4308 1939 4382; baseline 0.004 -19"><span class='ocrx_word' id='word_1_367' title='bbox 358 4326 505 4363; x_wconf 89' lang='grc' dir='ltr'>νοντι</span> <span class='ocrx_word' id='word_1_368' title='bbox 556 4308 803 4372; x_wconf 88' lang='grc' dir='ltr'>δικαίως.</span> <span class='ocrx_word' id='word_1_369' title='bbox 858 4311 1183 4382; x_wconf 85' lang='grc' dir='ltr'>Εὑρήσομεν</span> <span class='ocrx_word' id='word_1_370' title='bbox 1236 4313 1401 4366; x_wconf 81' lang='grc' dir='ltr'>αὐτὸν</span> <span class='ocrx_word' id='word_1_371' title='bbox 1452 4313 1685 4382; x_wconf 79' lang='grc' dir='ltr'>λέγοντα</span> <span class='ocrx_word' id='word_1_372' title='bbox 1739 4314 1939 4369; x_wconf 84' lang='grc' dir='ltr'>πάλιν·</span> 
     </span>
    </p>
   </div>
   <div class='ocr_carea' id='block_1_48' title="bbox 366 4397 1975 4475">
    <p class='ocr_par' dir='ltr' id='par_1_48' title="bbox 366 4397 1975 4475">
     <span class='ocr_line' id='line_1_48' title="bbox 366 4397 1975 4475; baseline 0.005 -27"><span class='ocrx_word' id='word_1_373' title='bbox 366 4416 386 4447; x_wconf 74' lang='grc' dir='ltr'><strong>ι</strong></span> <span class='ocrx_word' id='word_1_374' title='bbox 420 4397 635 4450; x_wconf 80' lang='grc' dir='ltr'>Μάθετε</span> <span class='ocrx_word' id='word_1_375' title='bbox 679 4400 773 4452; x_wconf 87' lang='grc' dir='ltr'>ἀπ’</span> <span class='ocrx_word' id='word_1_376' title='bbox 812 4399 948 4469; x_wconf 89' lang='grc' dir='ltr'>ἐμοῦ</span> <span class='ocrx_word' id='word_1_377' title='bbox 980 4401 1061 4453; x_wconf 80' lang='grc' dir='ltr'><strong>ὅτι</strong></span> <span class='ocrx_word' id='word_1_378' title='bbox 1099 4402 1275 4472; x_wconf 83' lang='grc' dir='ltr'>πρᾶός</span> <span class='ocrx_word' id='word_1_379' title='bbox 1309 4403 1425 4470; x_wconf 79' lang='grc' dir='ltr'>εἰμι</span> <span class='ocrx_word' id='word_1_380' title='bbox 1459 4404 1553 4456; x_wconf 78' lang='grc' dir='ltr'><strong>καὶ</strong></span> <span class='ocrx_word' id='word_1_381' title='bbox 1587 4403 1845 4466; x_wconf 78' lang='grc' dir='ltr'>ταπεινὸς</span> <span class='ocrx_word' id='word_1_382' title='bbox 1872 4406 1938 4475; x_wconf 78' lang='grc' dir='ltr'>τῇ</span> <span class='ocrx_word' id='word_1_383' title='bbox 1962 4466 1975 4475; x_wconf 25' lang='grc' dir='ltr'>ᾗ</span> 
     </span>
    </p>
   </div>
   <div class='ocr_carea' id='block_1_49' title="bbox 2014 580 3595 651">
    <p class='ocr_par' dir='ltr' id='par_1_49' title="bbox 2014 580 3595 651">
     <span class='ocr_line' id='line_1_49' title="bbox 2014 580 3595 651; baseline 0.002 -17"><span class='ocrx_word' id='word_1_384' title='bbox 2014 581 2191 651; x_wconf 85' lang='lat' dir='ltr'><strong>ipsum</strong></span> <span class='ocrx_word' id='word_1_385' title='bbox 2219 581 2488 651; x_wconf 68' lang='lat' dir='ltr'><strong>aequalem</strong></span> <span class='ocrx_word' id='word_1_386' title='bbox 2517 580 2792 645; x_wconf 89' lang='lat' dir='ltr'><strong>ostendit,</strong></span> <span class='ocrx_word' id='word_1_387' title='bbox 2830 581 2967 635; x_wconf 90' lang='lat' dir='ltr'><strong>adeo</strong></span> <span class='ocrx_word' id='word_1_388' title='bbox 2994 587 3055 634; x_wconf 88' lang='lat' dir='ltr'><strong>ut</strong></span> <span class='ocrx_word' id='word_1_389' title='bbox 3088 581 3294 636; x_wconf 85' lang='lat' dir='ltr'><strong>nullam</strong></span> <span class='ocrx_word' id='word_1_390' title='bbox 3326 582 3595 638; x_wconf 87' lang='lat' dir='ltr'><strong>rationem</strong></span> 
     </span>
    </p>
   </div>
   <div class='ocr_carea' id='block_1_50' title="bbox 2008 666 3593 737">
    <p class='ocr_par' dir='ltr' id='par_1_50' title="bbox 2008 666 3593 737">
     <span class='ocr_line' id='line_1_50' title="bbox 2008 666 3593 737; baseline 0.003 -17"><span class='ocrx_word' id='word_1_391' title='bbox 2008 666 2125 737; x_wconf 83' lang='lat' dir='ltr'><strong>jam</strong></span> <span class='ocrx_word' id='word_1_392' title='bbox 2157 666 2355 722; x_wconf 90' lang='lat' dir='ltr'><strong>habeat</strong></span> <span class='ocrx_word' id='word_1_393' title='bbox 2385 667 2477 721; x_wconf 86' lang='lat' dir='ltr'><strong>illa</strong></span> <span class='ocrx_word' id='word_1_394' title='bbox 2507 667 2894 721; x_wconf 81' lang='lat' dir='ltr'><strong>substantialis</strong></span> <span class='ocrx_word' id='word_1_395' title='bbox 2917 677 2970 723; x_wconf 92' lang='lat' dir='ltr'><strong>et</strong></span> <span class='ocrx_word' id='word_1_396' title='bbox 2994 669 3263 725; x_wconf 89' lang='lat' dir='ltr'><strong>naturalis</strong></span> <span class='ocrx_word' id='word_1_397' title='bbox 3286 671 3593 735; x_wconf 69' lang='lat' dir='ltr'><strong>distinctio,</strong></span> 
     </span>
    </p>
   </div>
   <div class='ocr_carea' id='block_1_51' title="bbox 2015 756 3594 829">
    <p class='ocr_par' dir='ltr' id='par_1_51' title="bbox 2015 756 3594 829">
     <span class='ocr_line' id='line_1_51' title="bbox 2015 756 3594 829; baseline 0.003 -18"><span class='ocrx_word' id='word_1_398' title='bbox 2015 758 2059 811; x_wconf 88' lang='lat' dir='ltr'><strong>si</strong></span> <span class='ocrx_word' id='word_1_399' title='bbox 2084 757 2389 827; x_wconf 61' lang='lat' dir='ltr'><strong>aequalibus</strong></span> <span class='ocrx_word' id='word_1_400' title='bbox 2411 756 2573 813; x_wconf 80' lang='lat' dir='ltr'><strong>factis</strong></span> <span class='ocrx_word' id='word_1_401' title='bbox 2599 757 2714 828; x_wconf 88' lang='lat' dir='ltr'><strong>ipse</strong></span> <span class='ocrx_word' id='word_1_402' title='bbox 2736 764 2793 813; x_wconf 90' lang='lat' dir='ltr'><strong>et</strong></span> <span class='ocrx_word' id='word_1_403' title='bbox 2813 756 2975 814; x_wconf 89' lang='lat' dir='ltr'><strong>Pater</strong></span> <span class='ocrx_word' id='word_1_404' title='bbox 2998 760 3330 829; x_wconf 78' lang='lat' dir='ltr'><strong>glorientur.</strong></span> <span class='ocrx_word' id='word_1_405' title='bbox 3352 760 3594 816; x_wconf 81' lang='lat' dir='ltr'><strong>Observa</strong></span> 
     </span>
    </p>
   </div>
   <div class='ocr_carea' id='block_1_52' title="bbox 2016 847 3599 920">
    <p class='ocr_par' dir='ltr' id='par_1_52' title="bbox 2016 847 3599 920">
     <span class='ocr_line' id='line_1_52' title="bbox 2016 847 3599 920; baseline 0.002 -17"><span class='ocrx_word' id='word_1_406' title='bbox 2016 847 2160 903; x_wconf 89' lang='lat' dir='ltr'><strong>enim</strong></span> <span class='ocrx_word' id='word_1_407' title='bbox 2178 858 2235 903; x_wconf 94' lang='lat' dir='ltr'><strong>ut</strong></span> <span class='ocrx_word' id='word_1_408' title='bbox 2249 863 2358 902; x_wconf 92' lang='lat' dir='ltr'><strong>non</strong></span> <span class='ocrx_word' id='word_1_409' title='bbox 2374 848 2427 902; x_wconf 91' lang='lat' dir='ltr'><strong>in</strong></span> <span class='ocrx_word' id='word_1_410' title='bbox 2441 848 2527 904; x_wconf 89' lang='lat' dir='ltr'><strong>his</strong></span> <span class='ocrx_word' id='word_1_411' title='bbox 2545 863 2666 915; x_wconf 92' lang='lat' dir='ltr'><strong>nos,</strong></span> <span class='ocrx_word' id='word_1_412' title='bbox 2688 849 2783 905; x_wconf 89' lang='lat' dir='ltr'><strong>sed</strong></span> <span class='ocrx_word' id='word_1_413' title='bbox 2800 849 2923 904; x_wconf 82' lang='lat' dir='ltr'><strong>aliis</strong></span> <span class='ocrx_word' id='word_1_414' title='bbox 2938 850 3268 920; x_wconf 76' lang='lat' dir='ltr'><strong>quibusdam</strong></span> <span class='ocrx_word' id='word_1_415' title='bbox 3284 851 3599 906; x_wconf 82' lang='lat' dir='ltr'><strong>conforma-</strong></span> 
     </span>
    </p>
   </div>
   <div class='ocr_carea' id='block_1_53' title="bbox 2014 938 3601 1012">
    <p class='ocr_par' dir='ltr' id='par_1_53' title="bbox 2014 938 3601 1012">
     <span class='ocr_line' id='line_1_53' title="bbox 2014 938 3601 1012; baseline 0.004 -20"><span class='ocrx_word' id='word_1_416' title='bbox 2014 939 2220 994; x_wconf 85' lang='lat' dir='ltr'><strong>tionem</strong></span> <span class='ocrx_word' id='word_1_417' title='bbox 2244 938 2313 994; x_wconf 92' lang='lat' dir='ltr'><strong>ad</strong></span> <span class='ocrx_word' id='word_1_418' title='bbox 2337 938 2507 995; x_wconf 89' lang='lat' dir='ltr'><strong>Deum</strong></span> <span class='ocrx_word' id='word_1_419' title='bbox 2534 939 2806 1007; x_wconf 90' lang='lat' dir='ltr'><strong>colentes,</strong></span> <span class='ocrx_word' id='word_1_420' title='bbox 2833 941 3097 998; x_wconf 82' lang='lat' dir='ltr'><strong>societate</strong></span> <span class='ocrx_word' id='word_1_421' title='bbox 3127 957 3252 997; x_wconf 90' lang='lat' dir='ltr'><strong>cum</strong></span> <span class='ocrx_word' id='word_1_422' title='bbox 3280 943 3404 1012; x_wconf 85' lang='lat' dir='ltr'><strong>ipso</strong></span> <span class='ocrx_word' id='word_1_423' title='bbox 3425 943 3601 998; x_wconf 86' lang='lat' dir='ltr'><strong>done-</strong></span> 
     </span>
    </p>
   </div>
   <div class='ocr_carea' id='block_1_54' title="bbox 2016 1029 3598 1102">
    <p class='ocr_par' dir='ltr' id='par_1_54' title="bbox 2016 1029 3598 1102">
     <span class='ocr_line' id='line_1_54' title="bbox 2016 1029 3598 1102; baseline 0.003 -19"><span class='ocrx_word' id='word_1_424' title='bbox 2016 1044 2161 1083; x_wconf 90' lang='lat' dir='ltr'><strong>mur.</strong></span> <span class='ocrx_word' id='word_1_425' title='bbox 2188 1029 2295 1083; x_wconf 84' lang='lat' dir='ltr'><strong>Alii</strong></span> <span class='ocrx_word' id='word_1_426' title='bbox 2320 1030 2464 1083; x_wconf 90' lang='lat' dir='ltr'><strong>enim</strong></span> <span class='ocrx_word' id='word_1_427' title='bbox 2488 1030 2631 1085; x_wconf 89' lang='lat' dir='ltr'><strong>alios</strong></span> <span class='ocrx_word' id='word_1_428' title='bbox 2659 1029 3022 1094; x_wconf 87' lang='lat' dir='ltr'><strong>miserantes,</strong></span> <span class='ocrx_word' id='word_1_429' title='bbox 3052 1039 3107 1086; x_wconf 89' lang='lat' dir='ltr'><strong>et</strong></span> <span class='ocrx_word' id='word_1_430' title='bbox 3135 1030 3430 1087; x_wconf 84' lang='lat' dir='ltr'><strong>charitatis</strong></span> <span class='ocrx_word' id='word_1_431' title='bbox 3466 1046 3598 1102; x_wconf 85' lang='lat' dir='ltr'><strong>ope-</strong></span> 
     </span>
    </p>
   </div>
   <div class='ocr_carea' id='block_1_55' title="bbox 2018 1120 3600 1192">
    <p class='ocr_par' dir='ltr' id='par_1_55' title="bbox 2018 1120 3600 1192">
     <span class='ocr_line' id='line_1_55' title="bbox 2018 1120 3600 1192; baseline 0.003 -19"><span class='ocrx_word' id='word_1_432' title='bbox 2018 1120 2179 1175; x_wconf 89' lang='lat' dir='ltr'><strong>ribus</strong></span> <span class='ocrx_word' id='word_1_433' title='bbox 2207 1120 2493 1175; x_wconf 81' lang='lat' dir='ltr'><strong>mordicus</strong></span> <span class='ocrx_word' id='word_1_434' title='bbox 2523 1120 2880 1187; x_wconf 75' lang='lat' dir='ltr'><strong>inhterentes,</strong></span> <span class='ocrx_word' id='word_1_435' title='bbox 2909 1136 3240 1192; x_wconf 88' lang='lat' dir='ltr'><strong>omnemque</strong></span> <span class='ocrx_word' id='word_1_436' title='bbox 3272 1123 3327 1177; x_wconf 89' lang='lat' dir='ltr'><strong>in</strong></span> <span class='ocrx_word' id='word_1_437' title='bbox 3352 1122 3458 1179; x_wconf 90' lang='lat' dir='ltr'><strong>hac</strong></span> <span class='ocrx_word' id='word_1_438' title='bbox 3482 1125 3600 1178; x_wconf 84' lang='lat' dir='ltr'><strong>vita</strong></span> 
     </span>
    </p>
   </div>
   <div class='ocr_carea' id='block_1_56' title="bbox 2018 1206 3600 1279">
    <p class='ocr_par' dir='ltr' id='par_1_56' title="bbox 2018 1206 3600 1279">
     <span class='ocr_line' id='line_1_56' title="bbox 2018 1206 3600 1279; baseline 0.005 -19"><span class='ocrx_word' id='word_1_439' title='bbox 2018 1206 2357 1262; x_wconf 85' lang='lat' dir='ltr'><strong>honestatem</strong></span> <span class='ocrx_word' id='word_1_440' title='bbox 2379 1215 2434 1262; x_wconf 93' lang='lat' dir='ltr'><strong>et</strong></span> <span class='ocrx_word' id='word_1_441' title='bbox 2453 1208 2780 1279; x_wconf 84' lang='lat' dir='ltr'><strong>gravitatem</strong></span> <span class='ocrx_word' id='word_1_442' title='bbox 2810 1209 3074 1272; x_wconf 87' lang='lat' dir='ltr'><strong>colentes,</strong></span> <span class='ocrx_word' id='word_1_443' title='bbox 3095 1219 3227 1266; x_wconf 89' lang='lat' dir='ltr'><strong>tunc</strong></span> <span class='ocrx_word' id='word_1_444' title='bbox 3248 1220 3400 1268; x_wconf 90' lang='lat' dir='ltr'><strong>certe</strong></span> <span class='ocrx_word' id='word_1_445' title='bbox 3428 1213 3518 1268; x_wconf 77' lang='lat' dir='ltr'><strong>vix</strong></span> <span class='ocrx_word' id='word_1_446' title='bbox 3543 1214 3600 1268; x_wconf 89' lang='lat' dir='ltr'><strong>in</strong></span> 
     </span>
    </p>
   </div>
   <div class='ocr_carea' id='block_1_57' title="bbox 2021 1297 3600 1372">
    <p class='ocr_par' dir='ltr' id='par_1_57' title="bbox 2021 1297 3600 1372">
     <span class='ocr_line' id='line_1_57' title="bbox 2021 1297 3600 1372; baseline 0.004 -18"><span class='ocrx_word' id='word_1_447' title='bbox 2021 1297 2133 1354; x_wconf 88' lang='lat' dir='ltr'><strong>Deo</strong></span> <span class='ocrx_word' id='word_1_448' title='bbox 2165 1314 2289 1355; x_wconf 89' lang='lat' dir='ltr'><strong>esse</strong></span> <span class='ocrx_word' id='word_1_449' title='bbox 2321 1299 2581 1355; x_wconf 84' lang='lat' dir='ltr'><strong>dicimur.</strong></span> <span class='ocrx_word' id='word_1_450' title='bbox 2620 1300 2797 1372; x_wconf 86' lang='lat' dir='ltr'><strong>Cujus</strong></span> <span class='ocrx_word' id='word_1_451' title='bbox 2831 1302 2909 1357; x_wconf 85' lang='lat' dir='ltr'><strong>rei</strong></span> <span class='ocrx_word' id='word_1_452' title='bbox 2945 1303 3106 1358; x_wconf 89' lang='lat' dir='ltr'><strong>testis</strong></span> <span class='ocrx_word' id='word_1_453' title='bbox 3132 1311 3217 1359; x_wconf 88' lang='lat' dir='ltr'><strong>est</strong></span> <span class='ocrx_word' id='word_1_454' title='bbox 3240 1302 3482 1360; x_wconf 79' lang='lat' dir='ltr'><strong>Joannes</strong></span> <span class='ocrx_word' id='word_1_455' title='bbox 3511 1305 3600 1360; x_wconf 81' lang='lat' dir='ltr'><strong>di-</strong></span> 
     </span>
    </p>
   </div>
   <div class='ocr_carea' id='block_1_58' title="bbox 2020 1389 3602 1463">
    <p class='ocr_par' dir='ltr' id='par_1_58' title="bbox 2020 1389 3602 1463">
     <span class='ocr_line' id='line_1_58' title="bbox 2020 1389 3602 1463; baseline 0.004 -19"><span class='ocrx_word' id='word_1_456' title='bbox 2020 1403 2151 1445; x_wconf 88' lang='lat' dir='ltr'><strong>cens</strong></span> <span class='ocrx_word' id='word_1_457' title='bbox 2172 1408 2186 1444; x_wconf 88' lang='lat'><strong>:</strong></span> <span class='ocrx_word' id='word_1_458' title='bbox 2207 1408 2226 1442; x_wconf 80' lang='grc' dir='ltr'><strong>ι</strong></span> <span class='ocrx_word' id='word_1_459' title='bbox 2248 1389 2306 1445; x_wconf 83' lang='grc' dir='ltr'>1η</span> <span class='ocrx_word' id='word_1_460' title='bbox 2337 1390 2439 1446; x_wconf 85' lang='lat' dir='ltr'><strong>hoc</strong></span> <span class='ocrx_word' id='word_1_461' title='bbox 2466 1392 2674 1448; x_wconf 80' lang='lat' dir='ltr'><strong>scimus</strong></span> <span class='ocrx_word' id='word_1_462' title='bbox 2700 1393 2828 1462; x_wconf 84' lang='lat' dir='ltr'><strong>quia</strong></span> <span class='ocrx_word' id='word_1_463' title='bbox 2857 1392 2913 1446; x_wconf 91' lang='lat' dir='ltr'><strong>in</strong></span> <span class='ocrx_word' id='word_1_464' title='bbox 2943 1393 3064 1463; x_wconf 91' lang='lat' dir='ltr'><strong>ipso</strong></span> <span class='ocrx_word' id='word_1_465' title='bbox 3089 1409 3305 1449; x_wconf 90' lang='lat' dir='ltr'><strong>sumus.</strong></span> <span class='ocrx_word' id='word_1_466' title='bbox 3330 1395 3434 1461; x_wconf 89' lang='lat' dir='ltr'><strong>Qui</strong></span> <span class='ocrx_word' id='word_1_467' title='bbox 3465 1395 3602 1450; x_wconf 86' lang='lat' dir='ltr'><strong>dicit</strong></span> 
     </span>
    </p>
   </div>
   <div class='ocr_carea' id='block_1_59' title="bbox 2021 1482 3604 1553">
    <p class='ocr_par' dir='ltr' id='par_1_59' title="bbox 2021 1482 3604 1553">
     <span class='ocr_line' id='line_1_59' title="bbox 2021 1482 3604 1553; baseline 0.003 -17"><span class='ocrx_word' id='word_1_468' title='bbox 2021 1496 2081 1536; x_wconf 88' lang='lat' dir='ltr'><strong>se</strong></span> <span class='ocrx_word' id='word_1_469' title='bbox 2115 1482 2168 1536; x_wconf 89' lang='lat' dir='ltr'><strong>in</strong></span> <span class='ocrx_word' id='word_1_470' title='bbox 2205 1482 2325 1552; x_wconf 89' lang='lat' dir='ltr'><strong>ipso</strong></span> <span class='ocrx_word' id='word_1_471' title='bbox 2357 1498 2577 1539; x_wconf 89' lang='lat' dir='ltr'><strong>manere</strong></span> <span class='ocrx_word' id='word_1_472' title='bbox 2601 1523 2615 1549; x_wconf 90' lang='lat'><strong>,</strong></span> <span class='ocrx_word' id='word_1_473' title='bbox 2653 1483 2849 1549; x_wconf 88' lang='lat' dir='ltr'><strong>debet,</strong></span> <span class='ocrx_word' id='word_1_474' title='bbox 2881 1485 3027 1540; x_wconf 89' lang='lat' dir='ltr'><strong>sicut</strong></span> <span class='ocrx_word' id='word_1_475' title='bbox 3055 1486 3147 1541; x_wconf 92' lang='lat' dir='ltr'><strong>ille</strong></span> <span class='ocrx_word' id='word_1_476' title='bbox 3176 1487 3518 1553; x_wconf 86' lang='lat' dir='ltr'><strong>ambulavit,</strong></span> <span class='ocrx_word' id='word_1_477' title='bbox 3547 1496 3604 1543; x_wconf 90' lang='lat' dir='ltr'><strong>et</strong></span> 
     </span>
    </p>
   </div>
   <div class='ocr_carea' id='block_1_60' title="bbox 2022 1572 3603 1650">
    <p class='ocr_par' dir='ltr' id='par_1_60' title="bbox 2022 1572 3603 1650">
     <span class='ocr_line' id='line_1_60' title="bbox 2022 1572 3603 1650; baseline 0.006 -24"><span class='ocrx_word' id='word_1_478' title='bbox 2022 1572 2136 1642; x_wconf 86' lang='lat' dir='ltr'><strong>ipse</strong></span> <span class='ocrx_word' id='word_1_479' title='bbox 2171 1573 2455 1628; x_wconf 88' lang='lat' dir='ltr'><strong>ambulare</strong></span> <span class='ocrx_word' id='word_1_480' title='bbox 2485 1575 2584 1629; x_wconf 72' lang='grc' dir='ltr'><strong>η.»</strong></span> <span class='ocrx_word' id='word_1_481' title='bbox 2629 1574 2695 1628; x_wconf 83' lang='grc' dir='ltr'>Ει</span> <span class='ocrx_word' id='word_1_482' title='bbox 2733 1591 2928 1631; x_wconf 88' lang='lat' dir='ltr'><strong>rursus</strong></span> <span class='ocrx_word' id='word_1_483' title='bbox 2954 1593 2967 1628; x_wconf 93' lang='lat'><strong>:</strong></span> <span class='ocrx_word' id='word_1_484' title='bbox 3000 1595 3020 1628; x_wconf 76' lang='grc' dir='ltr'><strong>ι</strong></span> <span class='ocrx_word' id='word_1_485' title='bbox 3050 1575 3180 1638; x_wconf 82' lang='lat' dir='ltr'><strong>Vos.</strong></span> <span class='ocrx_word' id='word_1_486' title='bbox 3209 1579 3424 1647; x_wconf 90' lang='lat' dir='ltr'><strong>inquit,</strong></span> <span class='ocrx_word' id='word_1_487' title='bbox 3452 1578 3603 1650; x_wconf 86' lang='lat' dir='ltr'><strong>quod</strong></span> 
     </span>
    </p>
   </div>
   <div class='ocr_carea' id='block_1_61' title="bbox 2023 1661 3604 1735">
    <p class='ocr_par' dir='ltr' id='par_1_61' title="bbox 2023 1661 3604 1735">
     <span class='ocr_line' id='line_1_61' title="bbox 2023 1661 3604 1735; baseline 0.005 -19"><span class='ocrx_word' id='word_1_488' title='bbox 2023 1661 2257 1717; x_wconf 85' lang='lat' dir='ltr'><strong>audistis</strong></span> <span class='ocrx_word' id='word_1_489' title='bbox 2286 1663 2356 1717; x_wconf 88' lang='lat' dir='ltr'><strong>ab</strong></span> <span class='ocrx_word' id='word_1_490' title='bbox 2383 1663 2542 1718; x_wconf 89' lang='lat' dir='ltr'><strong>initio</strong></span> <span class='ocrx_word' id='word_1_491' title='bbox 2562 1703 2577 1727; x_wconf 91' lang='lat'><strong>,</strong></span> <span class='ocrx_word' id='word_1_492' title='bbox 2614 1663 2669 1718; x_wconf 89' lang='lat' dir='ltr'><strong>in</strong></span> <span class='ocrx_word' id='word_1_493' title='bbox 2699 1665 2858 1719; x_wconf 86' lang='lat' dir='ltr'><strong>vobis</strong></span> <span class='ocrx_word' id='word_1_494' title='bbox 2888 1674 3229 1735; x_wconf 80' lang='lat' dir='ltr'><strong>permaneat.</strong></span> <span class='ocrx_word' id='word_1_495' title='bbox 3273 1666 3329 1722; x_wconf 90' lang='lat' dir='ltr'><strong>Si</strong></span> <span class='ocrx_word' id='word_1_496' title='bbox 3360 1669 3413 1722; x_wconf 91' lang='lat' dir='ltr'><strong>in</strong></span> <span class='ocrx_word' id='word_1_497' title='bbox 3448 1670 3604 1725; x_wconf 84' lang='lat' dir='ltr'><strong>vobis</strong></span> 
     </span>
    </p>
   </div>
   <div class='ocr_carea' id='block_1_62' title="bbox 2024 1754 3605 1825">
    <p class='ocr_par' dir='ltr' id='par_1_62' title="bbox 2024 1754 3605 1825">
     <span class='ocr_line' id='line_1_62' title="bbox 2024 1754 3605 1825; baseline 0.005 -20"><span class='ocrx_word' id='word_1_498' title='bbox 2024 1754 2391 1822; x_wconf 85' lang='lat' dir='ltr'><strong>permanserit</strong></span> <span class='ocrx_word' id='word_1_499' title='bbox 2423 1754 2569 1825; x_wconf 84' lang='lat' dir='ltr'><strong>quod</strong></span> <span class='ocrx_word' id='word_1_500' title='bbox 2606 1754 2844 1811; x_wconf 88' lang='lat' dir='ltr'><strong>audistis</strong></span> <span class='ocrx_word' id='word_1_501' title='bbox 2873 1756 2942 1810; x_wconf 89' lang='lat' dir='ltr'><strong>ab</strong></span> <span class='ocrx_word' id='word_1_502' title='bbox 2972 1756 3133 1811; x_wconf 83' lang='lat' dir='ltr'><strong>initio</strong></span> <span class='ocrx_word' id='word_1_503' title='bbox 3156 1798 3170 1822; x_wconf 94' lang='lat'><strong>,</strong></span> <span class='ocrx_word' id='word_1_504' title='bbox 3202 1766 3258 1814; x_wconf 92' lang='lat' dir='ltr'><strong>et</strong></span> <span class='ocrx_word' id='word_1_505' title='bbox 3285 1773 3386 1815; x_wconf 85' lang='lat' dir='ltr'><strong>vos</strong></span> <span class='ocrx_word' id='word_1_506' title='bbox 3417 1761 3474 1815; x_wconf 91' lang='lat' dir='ltr'><strong>in</strong></span> <span class='ocrx_word' id='word_1_507' title='bbox 3509 1758 3605 1813; x_wconf 84' lang='lat' dir='ltr'><strong>Fi-</strong></span> 
     </span>
    </p>
   </div>
   <div class='ocr_carea' id='block_1_63' title="bbox 1958 1828 3605 1919">
    <p class='ocr_par' dir='ltr' id='par_1_63' title="bbox 1958 1828 3605 1919">
     <span class='ocr_line' id='line_1_63' title="bbox 1958 1828 3605 1919; baseline 0.005 -22"><span class='ocrx_word' id='word_1_508' title='bbox 1958 1828 1999 1885; x_wconf 79' lang='grc' dir='ltr'><strong>Β</strong></span> <span class='ocrx_word' id='word_1_509' title='bbox 2027 1843 2100 1897; x_wconf 93' lang='lat' dir='ltr'><strong>lio</strong></span> <span class='ocrx_word' id='word_1_510' title='bbox 2130 1852 2182 1899; x_wconf 94' lang='lat' dir='ltr'><strong>et</strong></span> <span class='ocrx_word' id='word_1_511' title='bbox 2202 1843 2374 1900; x_wconf 86' lang='lat' dir='ltr'><strong>Patre</strong></span> <span class='ocrx_word' id='word_1_512' title='bbox 2400 1845 2701 1902; x_wconf 88' lang='lat' dir='ltr'><strong>manebitis</strong></span> <span class='ocrx_word' id='word_1_513' title='bbox 2729 1845 2797 1902; x_wconf 79' lang='lat'><strong>”.</strong></span> <span class='ocrx_word' id='word_1_514' title='bbox 2832 1866 2852 1899; x_wconf 81' lang='grc' dir='ltr'><strong>ι</strong></span> <span class='ocrx_word' id='word_1_515' title='bbox 2878 1846 2944 1902; x_wconf 87' lang='lat' dir='ltr'><strong>Et</strong></span> <span class='ocrx_word' id='word_1_516' title='bbox 2971 1848 3102 1919; x_wconf 92' lang='lat' dir='ltr'><strong>quid</strong></span> <span class='ocrx_word' id='word_1_517' title='bbox 3135 1850 3208 1905; x_wconf 86' lang='lat' dir='ltr'><strong>sit</strong></span> <span class='ocrx_word' id='word_1_518' title='bbox 3236 1850 3371 1906; x_wconf 89' lang='lat' dir='ltr'><strong>illud</strong></span> <span class='ocrx_word' id='word_1_519' title='bbox 3401 1851 3471 1906; x_wconf 91' lang='lat' dir='ltr'><strong>ab</strong></span> <span class='ocrx_word' id='word_1_520' title='bbox 3496 1851 3605 1906; x_wconf 90' lang='lat' dir='ltr'><strong>ini-</strong></span> 
     </span>
    </p>
   </div>
   <div class='ocr_carea' id='block_1_64' title="bbox 2028 1936 3608 2009">
    <p class='ocr_par' dir='ltr' id='par_1_64' title="bbox 2028 1936 3608 2009">
     <span class='ocr_line' id='line_1_64' title="bbox 2028 1936 3608 2009; baseline 0.007 -21"><span class='ocrx_word' id='word_1_521' title='bbox 2028 1936 2104 1991; x_wconf 91' lang='lat' dir='ltr'><strong>tio</strong></span> <span class='ocrx_word' id='word_1_522' title='bbox 2128 1976 2142 1999; x_wconf 92' lang='lat'><strong>,</strong></span> <span class='ocrx_word' id='word_1_523' title='bbox 2172 1936 2321 2006; x_wconf 90' lang='lat' dir='ltr'><strong>quod</strong></span> <span class='ocrx_word' id='word_1_524' title='bbox 2350 1936 2405 1991; x_wconf 91' lang='lat' dir='ltr'><strong>in</strong></span> <span class='ocrx_word' id='word_1_525' title='bbox 2434 1937 2596 1993; x_wconf 85' lang='lat' dir='ltr'><strong>nobis</strong></span> <span class='ocrx_word' id='word_1_526' title='bbox 2627 1953 2853 2007; x_wconf 75' lang='lat' dir='ltr'><strong>manere</strong></span> <span class='ocrx_word' id='word_1_527' title='bbox 2883 1939 3129 2009; x_wconf 76' lang='lat' dir='ltr'><strong>iubetur,</strong></span> <span class='ocrx_word' id='word_1_528' title='bbox 3177 1951 3237 1996; x_wconf 92' lang='lat' dir='ltr'><strong>ut</strong></span> <span class='ocrx_word' id='word_1_529' title='bbox 3282 1957 3386 1997; x_wconf 91' lang='lat' dir='ltr'><strong>nos</strong></span> <span class='ocrx_word' id='word_1_530' title='bbox 3430 1942 3608 1999; x_wconf 81' lang='lat' dir='ltr'><strong>simus</strong></span> 
     </span>
    </p>
   </div>
   <div class='ocr_carea' id='block_1_65' title="bbox 2028 2028 3605 2098">
    <p class='ocr_par' dir='ltr' id='par_1_65' title="bbox 2028 2028 3605 2098">
     <span class='ocr_line' id='line_1_65' title="bbox 2028 2028 3605 2098; baseline 0.005 -16"><span class='ocrx_word' id='word_1_531' title='bbox 2028 2028 2084 2082; x_wconf 92' lang='lat' dir='ltr'><strong>in</strong></span> <span class='ocrx_word' id='word_1_532' title='bbox 2122 2028 2263 2094; x_wconf 85' lang='lat' dir='ltr'><strong>Deo,</strong></span> <span class='ocrx_word' id='word_1_533' title='bbox 2298 2029 2413 2098; x_wconf 85' lang='lat' dir='ltr'><strong>ipse</strong></span> <span class='ocrx_word' id='word_1_534' title='bbox 2463 2029 2623 2086; x_wconf 89' lang='lat' dir='ltr'><strong>nobis</strong></span> <span class='ocrx_word' id='word_1_535' title='bbox 2652 2031 3013 2087; x_wconf 89' lang='lat' dir='ltr'><strong>nihilosecius</strong></span> <span class='ocrx_word' id='word_1_536' title='bbox 3043 2031 3346 2088; x_wconf 86' lang='lat' dir='ltr'><strong>declarabit</strong></span> <span class='ocrx_word' id='word_1_537' title='bbox 3373 2033 3605 2091; x_wconf 85' lang='lat' dir='ltr'><strong>dicens:</strong></span> 
     </span>
    </p>
   </div>
   <div class='ocr_carea' id='block_1_66' title="bbox 2034 2113 3607 2187">
    <p class='ocr_par' dir='ltr' id='par_1_66' title="bbox 2034 2113 3607 2187">
     <span class='ocr_line' id='line_1_66' title="bbox 2034 2113 3607 2187; baseline 0.007 -20"><span class='ocrx_word' id='word_1_538' title='bbox 2034 2134 2054 2167; x_wconf 73' lang='grc' dir='ltr'><strong>ι</strong></span> <span class='ocrx_word' id='word_1_539' title='bbox 2086 2113 2200 2170; x_wconf 88' lang='lat' dir='ltr'><strong>Hoc</strong></span> <span class='ocrx_word' id='word_1_540' title='bbox 2244 2125 2329 2171; x_wconf 90' lang='lat' dir='ltr'><strong>est</strong></span> <span class='ocrx_word' id='word_1_541' title='bbox 2380 2117 2737 2180; x_wconf 86' lang='lat' dir='ltr'><strong>mandatum,</strong></span> <span class='ocrx_word' id='word_1_542' title='bbox 2794 2118 2942 2187; x_wconf 88' lang='lat' dir='ltr'><strong>quod</strong></span> <span class='ocrx_word' id='word_1_543' title='bbox 3000 2119 3239 2176; x_wconf 88' lang='lat' dir='ltr'><strong>audistis</strong></span> <span class='ocrx_word' id='word_1_544' title='bbox 3293 2121 3362 2177; x_wconf 90' lang='lat' dir='ltr'><strong>ab</strong></span> <span class='ocrx_word' id='word_1_545' title='bbox 3413 2121 3607 2187; x_wconf 90' lang='lat' dir='ltr'><strong>initio,</strong></span> 
     </span>
    </p>
   </div>
   <div class='ocr_carea' id='block_1_67' title="bbox 2027 2206 3611 2283">
    <p class='ocr_par' dir='ltr' id='par_1_67' title="bbox 2027 2206 3611 2283">
     <span class='ocr_line' id='line_1_67' title="bbox 2027 2206 3611 2283; baseline 0.007 -25"><span class='ocrx_word' id='word_1_546' title='bbox 2027 2206 2194 2276; x_wconf 72' lang='lat'><strong>800</strong></span> <span class='ocrx_word' id='word_1_547' title='bbox 2225 2215 2285 2260; x_wconf 94' lang='lat' dir='ltr'><strong>ut</strong></span> <span class='ocrx_word' id='word_1_548' title='bbox 2311 2206 2560 2277; x_wconf 79' lang='lat' dir='ltr'><strong>diligatis</strong></span> <span class='ocrx_word' id='word_1_549' title='bbox 2591 2208 2829 2265; x_wconf 84' lang='lat' dir='ltr'><strong>invicem</strong></span> <span class='ocrx_word' id='word_1_550' title='bbox 2865 2211 2930 2264; x_wconf 80' lang='grc' dir='ltr'><strong>⁸ο.</strong></span> <span class='ocrx_word' id='word_1_551' title='bbox 2964 2230 2982 2263; x_wconf 79' lang='grc' dir='ltr'><strong>ι</strong></span> <span class='ocrx_word' id='word_1_552' title='bbox 3013 2211 3187 2268; x_wconf 89' lang='lat' dir='ltr'><strong>Audis</strong></span> <span class='ocrx_word' id='word_1_553' title='bbox 3217 2213 3500 2283; x_wconf 91' lang='lat' dir='ltr'><strong>quomodo</strong></span> <span class='ocrx_word' id='word_1_554' title='bbox 3534 2214 3611 2269; x_wconf 90' lang='lat' dir='ltr'><strong>si-</strong></span> 
     </span>
    </p>
   </div>
   <div class='ocr_carea' id='block_1_68' title="bbox 2032 2297 3612 2371">
    <p class='ocr_par' dir='ltr' id='par_1_68' title="bbox 2032 2297 3612 2371">
     <span class='ocr_line' id='line_1_68' title="bbox 2032 2297 3612 2371; baseline 0.006 -20"><span class='ocrx_word' id='word_1_555' title='bbox 2032 2313 2155 2353; x_wconf 93' lang='lat' dir='ltr'><strong>mus</strong></span> <span class='ocrx_word' id='word_1_556' title='bbox 2191 2299 2247 2352; x_wconf 89' lang='lat' dir='ltr'><strong>in</strong></span> <span class='ocrx_word' id='word_1_557' title='bbox 2289 2297 2436 2363; x_wconf 89' lang='lat' dir='ltr'><strong>Deo,</strong></span> <span class='ocrx_word' id='word_1_558' title='bbox 2470 2300 2795 2371; x_wconf 86' lang='lat' dir='ltr'><strong>charitatem</strong></span> <span class='ocrx_word' id='word_1_559' title='bbox 2837 2302 3098 2359; x_wconf 86' lang='lat' dir='ltr'><strong>videlicet</strong></span> <span class='ocrx_word' id='word_1_560' title='bbox 3141 2305 3375 2361; x_wconf 71' lang='lat' dir='ltr'><strong>invicem</strong></span> <span class='ocrx_word' id='word_1_561' title='bbox 3424 2308 3612 2362; x_wconf 84' lang='lat' dir='ltr'><strong>colen-</strong></span> 
     </span>
    </p>
   </div>
   <div class='ocr_carea' id='block_1_69' title="bbox 2033 2390 3610 2466">
    <p class='ocr_par' dir='ltr' id='par_1_69' title="bbox 2033 2390 3610 2466">
     <span class='ocr_line' id='line_1_69' title="bbox 2033 2390 3610 2466; baseline 0.005 -22"><span class='ocrx_word' id='word_1_562' title='bbox 2033 2400 2114 2444; x_wconf 89' lang='lat' dir='ltr'><strong>tes</strong></span> <span class='ocrx_word' id='word_1_563' title='bbox 2137 2431 2151 2454; x_wconf 91' lang='lat'><strong>,</strong></span> <span class='ocrx_word' id='word_1_564' title='bbox 2185 2398 2241 2445; x_wconf 87' lang='lat' dir='ltr'><strong>et</strong></span> <span class='ocrx_word' id='word_1_565' title='bbox 2273 2390 2584 2447; x_wconf 87' lang='lat' dir='ltr'><strong>Servatoris</strong></span> <span class='ocrx_word' id='word_1_566' title='bbox 2625 2392 2889 2449; x_wconf 88' lang='lat' dir='ltr'><strong>virtutem</strong></span> <span class='ocrx_word' id='word_1_567' title='bbox 2911 2432 2926 2458; x_wconf 84' lang='lat'><strong>,</strong></span> <span class='ocrx_word' id='word_1_568' title='bbox 2966 2395 3151 2466; x_wconf 88' lang='lat' dir='ltr'><strong>quoad</strong></span> <span class='ocrx_word' id='word_1_569' title='bbox 3192 2397 3356 2462; x_wconf 90' lang='lat' dir='ltr'><strong>licet,</strong></span> <span class='ocrx_word' id='word_1_570' title='bbox 3405 2400 3610 2453; x_wconf 86' lang='lat' dir='ltr'><strong>sectari</strong></span> 
     </span>
    </p>
   </div>
   <div class='ocr_carea' id='block_1_70' title="bbox 2032 2477 3614 2549">
    <p class='ocr_par' dir='ltr' id='par_1_70' title="bbox 2032 2477 3614 2549">
     <span class='ocr_line' id='line_1_70' title="bbox 2032 2477 3614 2549; baseline 0.003 -12"><span class='ocrx_word' id='word_1_571' title='bbox 2032 2490 2298 2538; x_wconf 85' lang='lat' dir='ltr'><strong>conantes</strong></span> <span class='ocrx_word' id='word_1_572' title='bbox 2321 2477 2633 2546; x_wconf 82' lang='lat' dir='ltr'><strong>,‘virtutem</strong></span> <span class='ocrx_word' id='word_1_573' title='bbox 2667 2484 2794 2539; x_wconf 90' lang='lat' dir='ltr'><strong>dico</strong></span> <span class='ocrx_word' id='word_1_574' title='bbox 2816 2523 2830 2549; x_wconf 89' lang='lat'><strong>,</strong></span> <span class='ocrx_word' id='word_1_575' title='bbox 2867 2501 2975 2539; x_wconf 84' lang='lat' dir='ltr'><strong>non</strong></span> <span class='ocrx_word' id='word_1_576' title='bbox 3019 2486 3171 2539; x_wconf 87' lang='lat' dir='ltr'><strong>illam</strong></span> <span class='ocrx_word' id='word_1_577' title='bbox 3214 2487 3484 2541; x_wconf 71' lang='lat' dir='ltr'><strong>caelorum</strong></span> <span class='ocrx_word' id='word_1_578' title='bbox 3519 2497 3614 2543; x_wconf 88' lang='lat' dir='ltr'><strong>aut</strong></span> 
     </span>
    </p>
   </div>
   <div class='ocr_carea' id='block_1_71' title="bbox 2035 2573 3609 2645">
    <p class='ocr_par' dir='ltr' id='par_1_71' title="bbox 2035 2573 3609 2645">
     <span class='ocr_line' id='line_1_71' title="bbox 2035 2573 3609 2645; baseline 0.005 -20"><span class='ocrx_word' id='word_1_579' title='bbox 2035 2573 2354 2642; x_wconf 79' lang='lat' dir='ltr'><strong>angelorum</strong></span> <span class='ocrx_word' id='word_1_580' title='bbox 2388 2575 2711 2629; x_wconf 89' lang='lat' dir='ltr'><strong>creatricem</strong></span> <span class='ocrx_word' id='word_1_581' title='bbox 2736 2613 2750 2637; x_wconf 92' lang='lat'><strong>,</strong></span> <span class='ocrx_word' id='word_1_582' title='bbox 2787 2590 2899 2630; x_wconf 89' lang='lat' dir='ltr'><strong>non</strong></span> <span class='ocrx_word' id='word_1_583' title='bbox 2933 2590 3041 2645; x_wconf 93' lang='lat' dir='ltr'><strong>qua</strong></span> <span class='ocrx_word' id='word_1_584' title='bbox 3076 2583 3281 2631; x_wconf 90' lang='lat' dir='ltr'><strong>terram</strong></span> <span class='ocrx_word' id='word_1_585' title='bbox 3320 2577 3609 2642; x_wconf 80' lang='lat' dir='ltr'><strong>fundavit,</strong></span> 
     </span>
    </p>
   </div>
   <div class='ocr_carea' id='block_1_72' title="bbox 2034 2664 3620 2737">
    <p class='ocr_par' dir='ltr' id='par_1_72' title="bbox 2034 2664 3620 2737">
     <span class='ocr_line' id='line_1_72' title="bbox 2034 2664 3620 2737; baseline 0.004 -21"><span class='ocrx_word' id='word_1_586' title='bbox 2034 2671 2131 2717; x_wconf 92' lang='lat' dir='ltr'><strong>aut</strong></span> <span class='ocrx_word' id='word_1_587' title='bbox 2164 2678 2315 2718; x_wconf 89' lang='lat' dir='ltr'><strong>mare</strong></span> <span class='ocrx_word' id='word_1_588' title='bbox 2341 2664 2622 2730; x_wconf 77' lang='lat' dir='ltr'><strong>extendit,</strong></span> <span class='ocrx_word' id='word_1_589' title='bbox 2666 2680 2767 2719; x_wconf 91' lang='lat' dir='ltr'><strong>nec</strong></span> <span class='ocrx_word' id='word_1_590' title='bbox 2799 2680 2918 2721; x_wconf 87' lang='lat' dir='ltr'><strong>eam</strong></span> <span class='ocrx_word' id='word_1_591' title='bbox 2955 2681 3063 2737; x_wconf 89' lang='lat' dir='ltr'><strong>qua</strong></span> <span class='ocrx_word' id='word_1_592' title='bbox 3110 2667 3373 2724; x_wconf 83' lang='lat' dir='ltr'><strong>iuell‘abili</strong></span> <span class='ocrx_word' id='word_1_593' title='bbox 3422 2678 3478 2726; x_wconf 90' lang='lat' dir='ltr'><strong>et</strong></span> <span class='ocrx_word' id='word_1_594' title='bbox 3526 2671 3620 2723; x_wconf 80' lang='lat' dir='ltr'><strong>in-‘</strong></span> 
     </span>
    </p>
   </div>
   <div class='ocr_carea' id='block_1_73' title="bbox 2036 2755 3612 2827">
    <p class='ocr_par' dir='ltr' id='par_1_73' title="bbox 2036 2755 3612 2827">
     <span class='ocr_line' id='line_1_73' title="bbox 2036 2755 3612 2827; baseline 0.003 -15"><span class='ocrx_word' id='word_1_595' title='bbox 2036 2755 2324 2812; x_wconf 87' lang='lat' dir='ltr'><strong>scrutabili</strong></span> <span class='ocrx_word' id='word_1_596' title='bbox 2354 2762 2642 2825; x_wconf 85' lang='lat' dir='ltr'><strong>potestate,</strong></span> <span class='ocrx_word' id='word_1_597' title='bbox 2677 2757 2844 2811; x_wconf 90' lang='lat' dir='ltr'><strong>verbo</strong></span> <span class='ocrx_word' id='word_1_598' title='bbox 2889 2758 3141 2827; x_wconf 85' lang='lat' dir='ltr'><strong>quidem,</strong></span> <span class='ocrx_word' id='word_1_599' title='bbox 3179 2767 3471 2815; x_wconf 85' lang='lat' dir='ltr'><strong>ventorum</strong></span> <span class='ocrx_word' id='word_1_600' title='bbox 3503 2761 3612 2816; x_wconf 87' lang='lat' dir='ltr'><strong>vim</strong></span> 
     </span>
    </p>
   </div>
   <div class='ocr_carea' id='block_1_74' title="bbox 2036 2844 3613 2917">
    <p class='ocr_par' dir='ltr' id='par_1_74' title="bbox 2036 2844 3613 2917">
     <span class='ocr_line' id='line_1_74' title="bbox 2036 2844 3613 2917; baseline 0.003 -18"><span class='ocrx_word' id='word_1_601' title='bbox 2036 2844 2282 2909; x_wconf 78' lang='lat' dir='ltr'><strong>sedavit,</strong></span> <span class='ocrx_word' id='word_1_602' title='bbox 2320 2851 2414 2897; x_wconf 90' lang='lat' dir='ltr'><strong>aut</strong></span> <span class='ocrx_word' id='word_1_603' title='bbox 2446 2851 2694 2900; x_wconf 90' lang='lat' dir='ltr'><strong>mortuos</strong></span> <span class='ocrx_word' id='word_1_604' title='bbox 2727 2848 3025 2914; x_wconf 83' lang='lat' dir='ltr'><strong>excitavit,</strong></span> <span class='ocrx_word' id='word_1_605' title='bbox 3078 2857 3173 2903; x_wconf 90' lang='lat' dir='ltr'><strong>aut</strong></span> <span class='ocrx_word' id='word_1_606' title='bbox 3217 2852 3381 2907; x_wconf 65' lang='lat' dir='ltr'><strong>caecis</strong></span> <span class='ocrx_word' id='word_1_607' title='bbox 3434 2851 3613 2917; x_wconf 80' lang='lat' dir='ltr'><strong>visum</strong></span> 
     </span>
    </p>
   </div>
   <div class='ocr_carea' id='block_1_75' title="bbox 2037 2933 3615 3008">
    <p class='ocr_par' dir='ltr' id='par_1_75' title="bbox 2037 2933 3615 3008">
     <span class='ocr_line' id='line_1_75' title="bbox 2037 2933 3615 3008; baseline 0.006 -21"><span class='ocrx_word' id='word_1_608' title='bbox 2037 2933 2314 2998; x_wconf 88' lang='lat' dir='ltr'><strong>restituit,</strong></span> <span class='ocrx_word' id='word_1_609' title='bbox 2353 2941 2449 2988; x_wconf 90' lang='lat' dir='ltr'><strong>aut</strong></span> <span class='ocrx_word' id='word_1_610' title='bbox 2485 2934 2763 3005; x_wconf 90' lang='lat' dir='ltr'><strong>leprosum</strong></span> <span class='ocrx_word' id='word_1_611' title='bbox 2800 2940 3053 2994; x_wconf 88' lang='lat' dir='ltr'><strong>tnundari</strong></span> <span class='ocrx_word' id='word_1_612' title='bbox 3085 2940 3297 3008; x_wconf 86' lang='lat' dir='ltr'><strong>jussit;</strong></span> <span class='ocrx_word' id='word_1_613' title='bbox 3332 2944 3427 2997; x_wconf 89' lang='lat' dir='ltr'><strong>sed</strong></span> <span class='ocrx_word' id='word_1_614' title='bbox 3465 2944 3615 2997; x_wconf 88' lang='lat' dir='ltr'><strong>illam</strong></span> 
     </span>
    </p>
   </div>
   <div class='ocr_carea' id='block_1_76' title="bbox 2038 3024 3618 3102">
    <p class='ocr_par' dir='ltr' id='par_1_76' title="bbox 2038 3024 3618 3102">
     <span class='ocr_line' id='line_1_76' title="bbox 2038 3024 3618 3102; baseline 0.005 -25"><span class='ocrx_word' id='word_1_615' title='bbox 2038 3024 2224 3092; x_wconf 89' lang='lat' dir='ltr'><strong>potius</strong></span> <span class='ocrx_word' id='word_1_616' title='bbox 2258 3040 2381 3093; x_wconf 61' lang='lat' dir='ltr'><strong>quae</strong></span> <span class='ocrx_word' id='word_1_617' title='bbox 2414 3025 2777 3083; x_wconf 79' lang='lat' dir='ltr'><strong>humanitatis</strong></span> <span class='ocrx_word' id='word_1_618' title='bbox 2811 3029 3115 3085; x_wconf 87' lang='lat' dir='ltr'><strong>conditioni</strong></span> <span class='ocrx_word' id='word_1_619' title='bbox 3148 3033 3429 3102; x_wconf 79' lang='lat' dir='ltr'><strong>congruit.</strong></span> <span class='ocrx_word' id='word_1_620' title='bbox 3464 3032 3618 3085; x_wconf 85' lang='lat' dir='ltr'><strong>Inve-</strong></span> 
     </span>
    </p>
   </div>
   <div class='ocr_carea' id='block_1_77' title="bbox 2039 3114 3617 3187">
    <p class='ocr_par' dir='ltr' id='par_1_77' title="bbox 2039 3114 3617 3187">
     <span class='ocr_line' id='line_1_77' title="bbox 2039 3114 3617 3187; baseline 0.005 -19"><span class='ocrx_word' id='word_1_621' title='bbox 2039 3114 2253 3170; x_wconf 91' lang='lat' dir='ltr'><strong>niemus</strong></span> <span class='ocrx_word' id='word_1_622' title='bbox 2282 3131 2404 3170; x_wconf 90' lang='lat' dir='ltr'><strong>eum</strong></span> <span class='ocrx_word' id='word_1_623' title='bbox 2423 3157 2436 3179; x_wconf 92' lang='lat'><strong>,</strong></span> <span class='ocrx_word' id='word_1_624' title='bbox 2467 3117 2928 3185; x_wconf 84' lang='lat' dir='ltr'><strong>quemadmodum</strong></span> <span class='ocrx_word' id='word_1_625' title='bbox 2953 3118 3158 3176; x_wconf 87' lang='lat' dir='ltr'><strong>Paulus</strong></span> <span class='ocrx_word' id='word_1_626' title='bbox 3188 3122 3263 3174; x_wconf 89' lang='lat' dir='ltr'><strong>ait</strong></span> <span class='ocrx_word' id='word_1_627' title='bbox 3287 3122 3356 3153; x_wconf 81' lang='grc' dir='ltr'><strong>³ο·</strong></span> <span class='ocrx_word' id='word_1_628' title='bbox 3378 3164 3393 3187; x_wconf 92' lang='grc'><strong>,</strong></span> <span class='ocrx_word' id='word_1_629' title='bbox 3420 3122 3489 3176; x_wconf 86' lang='lat' dir='ltr'><strong>ab</strong></span> <span class='ocrx_word' id='word_1_630' title='bbox 3515 3122 3617 3176; x_wconf 82' lang='lat' dir='ltr'><strong>im—</strong></span> 
     </span>
    </p>
   </div>
   <div class='ocr_carea' id='block_1_78' title="bbox 2045 3208 3616 3283">
    <p class='ocr_par' dir='ltr' id='par_1_78' title="bbox 2045 3208 3616 3283">
     <span class='ocr_line' id='line_1_78' title="bbox 2045 3208 3616 3283; baseline 0.006 -23"><span class='ocrx_word' id='word_1_631' title='bbox 2045 3208 2151 3277; x_wconf 92' lang='lat' dir='ltr'><strong>piis</strong></span> <span class='ocrx_word' id='word_1_632' title='bbox 2171 3209 2392 3277; x_wconf 86' lang='lat' dir='ltr'><strong>quidem</strong></span> <span class='ocrx_word' id='word_1_633' title='bbox 2427 3209 2629 3266; x_wconf 79' lang='lat' dir='ltr'><strong>Judaeis</strong></span> <span class='ocrx_word' id='word_1_634' title='bbox 2664 3213 2928 3268; x_wconf 85' lang='lat' dir='ltr'><strong>conviciis</strong></span> <span class='ocrx_word' id='word_1_635' title='bbox 2951 3214 3208 3283; x_wconf 91' lang='lat' dir='ltr'><strong>petitum,</strong></span> <span class='ocrx_word' id='word_1_636' title='bbox 3245 3216 3337 3270; x_wconf 89' lang='lat' dir='ltr'><strong>sed</strong></span> <span class='ocrx_word' id='word_1_637' title='bbox 3374 3229 3483 3269; x_wconf 90' lang='lat' dir='ltr'><strong>non</strong></span> <span class='ocrx_word' id='word_1_638' title='bbox 3522 3231 3616 3270; x_wconf 38' lang='lat' dir='ltr'><strong>rev-</strong></span> 
     </span>
    </p>
   </div>
   <div class='ocr_carea' id='block_1_79' title="bbox 2008 3301 3617 3383">
    <p class='ocr_par' dir='ltr' id='par_1_79' title="bbox 2008 3301 3617 3383">
     <span class='ocr_line' id='line_1_79' title="bbox 2008 3301 3617 3383; baseline 0.004 -30"><span class='ocrx_word' id='word_1_639' title='bbox 2008 3372 2023 3383; x_wconf 34' lang='lat'><em>~</em></span> <span class='ocrx_word' id='word_1_640' title='bbox 2046 3301 2458 3355; x_wconf 89' lang='lat' dir='ltr'><strong>maledicentem</strong></span> <span class='ocrx_word' id='word_1_641' title='bbox 2481 3341 2496 3366; x_wconf 93' lang='lat'><strong>,</strong></span> <span class='ocrx_word' id='word_1_642' title='bbox 2525 3310 2580 3357; x_wconf 91' lang='lat' dir='ltr'><strong>et</strong></span> <span class='ocrx_word' id='word_1_643' title='bbox 2607 3304 2901 3373; x_wconf 84' lang='lat' dir='ltr'><strong>patientem</strong></span> <span class='ocrx_word' id='word_1_644' title='bbox 2932 3313 2987 3358; x_wconf 88' lang='lat' dir='ltr'><strong>at</strong></span> <span class='ocrx_word' id='word_1_645' title='bbox 3015 3319 3124 3359; x_wconf 87' lang='lat' dir='ltr'><strong>non</strong></span> <span class='ocrx_word' id='word_1_646' title='bbox 3157 3306 3484 3372; x_wconf 83' lang='lat' dir='ltr'><strong>minantem,</strong></span> <span class='ocrx_word' id='word_1_647' title='bbox 3520 3307 3617 3361; x_wconf 86' lang='lat' dir='ltr'><strong>sed</strong></span> 
     </span>
    </p>
   </div>
   <div class='ocr_carea' id='block_1_80' title="bbox 2048 3391 3615 3465">
    <p class='ocr_par' dir='ltr' id='par_1_80' title="bbox 2048 3391 3615 3465">
     <span class='ocr_line' id='line_1_80' title="bbox 2048 3391 3615 3465; baseline 0.004 -21"><span class='ocrx_word' id='word_1_648' title='bbox 2048 3391 2353 3448; x_wconf 89' lang='lat' dir='ltr'><strong>tradentem</strong></span> <span class='ocrx_word' id='word_1_649' title='bbox 2389 3395 2567 3462; x_wconf 87' lang='lat' dir='ltr'><strong>potius</strong></span> <span class='ocrx_word' id='word_1_650' title='bbox 2593 3396 2745 3465; x_wconf 87' lang='lat' dir='ltr'><strong>juste</strong></span> <span class='ocrx_word' id='word_1_651' title='bbox 2791 3396 3083 3465; x_wconf 70' lang='lat' dir='ltr'><strong>iudicanti.</strong></span> <span class='ocrx_word' id='word_1_652' title='bbox 3119 3397 3467 3454; x_wconf 91' lang='lat' dir='ltr'><strong>Inveniemus</strong></span> <span class='ocrx_word' id='word_1_653' title='bbox 3492 3414 3615 3454; x_wconf 92' lang='lat' dir='ltr'><strong>eum</strong></span> 
     </span>
    </p>
   </div>
   <div class='ocr_carea' id='block_1_81' title="bbox 2047 3480 3618 3556">
    <p class='ocr_par' dir='ltr' id='par_1_81' title="bbox 2047 3480 3618 3556">
     <span class='ocr_line' id='line_1_81' title="bbox 2047 3480 3618 3556; baseline 0.006 -24"><span class='ocrx_word' id='word_1_654' title='bbox 2047 3493 2245 3535; x_wconf 92' lang='lat' dir='ltr'><strong>rursus</strong></span> <span class='ocrx_word' id='word_1_655' title='bbox 2296 3481 2610 3536; x_wconf 86' lang='lat' dir='ltr'><strong>dicentem:</strong></span> <span class='ocrx_word' id='word_1_656' title='bbox 2649 3503 2665 3533; x_wconf 75' lang='grc' dir='ltr'><strong>ι</strong></span> <span class='ocrx_word' id='word_1_657' title='bbox 2697 3483 2902 3539; x_wconf 80' lang='lat' dir='ltr'><strong>Discite</strong></span> <span class='ocrx_word' id='word_1_658' title='bbox 2936 3480 2964 3537; x_wconf 88' lang='lat' dir='ltr'><strong>a</strong></span> <span class='ocrx_word' id='word_1_659' title='bbox 3001 3500 3088 3540; x_wconf 91' lang='lat' dir='ltr'><strong>me</strong></span> <span class='ocrx_word' id='word_1_660' title='bbox 3120 3485 3251 3556; x_wconf 90' lang='lat' dir='ltr'><strong>quia</strong></span> <span class='ocrx_word' id='word_1_661' title='bbox 3296 3486 3445 3541; x_wconf 90' lang='lat' dir='ltr'><strong>mitis</strong></span> <span class='ocrx_word' id='word_1_662' title='bbox 3496 3502 3618 3542; x_wconf 91' lang='lat' dir='ltr'><strong>sum</strong></span> 
     </span>
    </p>
   </div>
   <div class='ocr_carea' id='block_1_82' title="bbox 2045 3570 3621 3644">
    <p class='ocr_par' dir='ltr' id='par_1_82' title="bbox 2045 3570 3621 3644">
     <span class='ocr_line' id='line_1_82' title="bbox 2045 3570 3621 3644; baseline 0.005 -18"><span class='ocrx_word' id='word_1_663' title='bbox 2045 3578 2099 3626; x_wconf 86' lang='lat' dir='ltr'><strong>et</strong></span> <span class='ocrx_word' id='word_1_664' title='bbox 2125 3570 2352 3625; x_wconf 89' lang='lat' dir='ltr'><strong>humilis</strong></span> <span class='ocrx_word' id='word_1_665' title='bbox 2380 3573 2576 3635; x_wconf 91' lang='lat' dir='ltr'><strong>corde,</strong></span> <span class='ocrx_word' id='word_1_666' title='bbox 2610 3585 2664 3627; x_wconf 91' lang='lat' dir='ltr'><strong>et</strong></span> <span class='ocrx_word' id='word_1_667' title='bbox 2694 3574 2989 3629; x_wconf 89' lang='lat' dir='ltr'><strong>invenietis</strong></span> <span class='ocrx_word' id='word_1_668' title='bbox 3033 3576 3280 3644; x_wconf 89' lang='lat' dir='ltr'><strong>requiem</strong></span> <span class='ocrx_word' id='word_1_669' title='bbox 3326 3577 3621 3634; x_wconf 85' lang='lat' dir='ltr'><strong>animabus</strong></span> 
     </span>
    </p>
   </div>
   <div class='ocr_carea' id='block_1_83' title="bbox 2044 3662 3621 3738">
    <p class='ocr_par' dir='ltr' id='par_1_83' title="bbox 2044 3662 3621 3738">
     <span class='ocr_line' id='line_1_83' title="bbox 2044 3662 3621 3738; baseline 0.006 -22"><span class='ocrx_word' id='word_1_670' title='bbox 2044 3664 2249 3718; x_wconf 84' lang='lat' dir='ltr'><strong>vestris</strong></span> <span class='ocrx_word' id='word_1_671' title='bbox 2278 3664 2344 3716; x_wconf 89' lang='grc'><strong>³¹.</strong></span> <span class='ocrx_word' id='word_1_672' title='bbox 2377 3683 2394 3715; x_wconf 84' lang='grc' dir='ltr'><strong>ι</strong></span> <span class='ocrx_word' id='word_1_673' title='bbox 2422 3662 2590 3734; x_wconf 81' lang='lat' dir='ltr'><strong>Igitur</strong></span> <span class='ocrx_word' id='word_1_674' title='bbox 2622 3673 2702 3717; x_wconf 89' lang='lat' dir='ltr'><strong>tot</strong></span> <span class='ocrx_word' id='word_1_675' title='bbox 2732 3667 3011 3734; x_wconf 81' lang='lat' dir='ltr'><strong>praeclaris</strong></span> <span class='ocrx_word' id='word_1_676' title='bbox 3046 3668 3307 3738; x_wconf 85' lang='lat' dir='ltr'><strong>operibus</strong></span> <span class='ocrx_word' id='word_1_677' title='bbox 3337 3669 3621 3725; x_wconf 85' lang='lat' dir='ltr'><strong>Christum</strong></span> 
     </span>
    </p>
   </div>
   <div class='ocr_carea' id='block_1_84' title="bbox 2042 3756 3622 3827">
    <p class='ocr_par' dir='ltr' id='par_1_84' title="bbox 2042 3756 3622 3827">
     <span class='ocr_line' id='line_1_84' title="bbox 2042 3756 3622 3827; baseline 0.005 -20"><span class='ocrx_word' id='word_1_678' title='bbox 2042 3756 2226 3811; x_wconf 87' lang='lat' dir='ltr'><strong>omnis</strong></span> <span class='ocrx_word' id='word_1_679' title='bbox 2253 3756 2414 3810; x_wconf 91' lang='lat' dir='ltr'><strong>nobis</strong></span> <span class='ocrx_word' id='word_1_680' title='bbox 2447 3756 2672 3812; x_wconf 84' lang='lat' dir='ltr'><strong>virtutis</strong></span> <span class='ocrx_word' id='word_1_681' title='bbox 2701 3757 2897 3812; x_wconf 90' lang='lat' dir='ltr'><strong>ducem</strong></span> <span class='ocrx_word' id='word_1_682' title='bbox 2947 3759 3149 3815; x_wconf 90' lang='lat' dir='ltr'><strong>imitari</strong></span> <span class='ocrx_word' id='word_1_683' title='bbox 3204 3761 3521 3827; x_wconf 84' lang='lat' dir='ltr'><strong>studentes,</strong></span> <span class='ocrx_word' id='word_1_684' title='bbox 3566 3769 3622 3817; x_wconf 92' lang='lat' dir='ltr'><strong>et</strong></span> 
     </span>
    </p>
   </div>
   <div class='ocr_carea' id='block_1_85' title="bbox 2043 3844 3621 3920">
    <p class='ocr_par' dir='ltr' id='par_1_85' title="bbox 2043 3844 3621 3920">
     <span class='ocr_line' id='line_1_85' title="bbox 2043 3844 3621 3920; baseline 0.003 -20"><span class='ocrx_word' id='word_1_685' title='bbox 2043 3847 2101 3900; x_wconf 91' lang='lat' dir='ltr'><strong>in</strong></span> <span class='ocrx_word' id='word_1_686' title='bbox 2129 3844 2293 3901; x_wconf 87' lang='lat' dir='ltr'><strong>Patre</strong></span> <span class='ocrx_word' id='word_1_687' title='bbox 2322 3854 2376 3899; x_wconf 90' lang='lat' dir='ltr'><strong>et</strong></span> <span class='ocrx_word' id='word_1_688' title='bbox 2403 3846 2459 3901; x_wconf 91' lang='lat' dir='ltr'><strong>in</strong></span> <span class='ocrx_word' id='word_1_689' title='bbox 2493 3847 2616 3917; x_wconf 91' lang='lat' dir='ltr'><strong>ipso</strong></span> <span class='ocrx_word' id='word_1_690' title='bbox 2645 3862 2863 3903; x_wconf 88' lang='lat' dir='ltr'><strong>manere</strong></span> <span class='ocrx_word' id='word_1_691' title='bbox 2909 3847 3169 3916; x_wconf 90' lang='lat' dir='ltr'><strong>dicimur,</strong></span> <span class='ocrx_word' id='word_1_692' title='bbox 3197 3851 3479 3920; x_wconf 72' lang='lat' dir='ltr'><strong>praemium</strong></span> <span class='ocrx_word' id='word_1_693' title='bbox 3506 3853 3621 3905; x_wconf 90' lang='lat' dir='ltr'><strong>vel-</strong></span> 
     </span>
    </p>
   </div>
   <div class='ocr_carea' id='block_1_86' title="bbox 2048 3934 3621 4004">
    <p class='ocr_par' dir='ltr' id='par_1_86' title="bbox 2048 3934 3621 4004">
     <span class='ocr_line' id='line_1_86' title="bbox 2048 3934 3621 4004; baseline 0.005 -17"><span class='ocrx_word' id='word_1_694' title='bbox 2048 3936 2128 3988; x_wconf 92' lang='lat' dir='ltr'><strong>uti</strong></span> <span class='ocrx_word' id='word_1_695' title='bbox 2158 3934 2437 4004; x_wconf 90' lang='lat' dir='ltr'><strong>quoddam</strong></span> <span class='ocrx_word' id='word_1_696' title='bbox 2468 3951 2535 3990; x_wconf 90' lang='lat' dir='ltr'><strong>ac</strong></span> <span class='ocrx_word' id='word_1_697' title='bbox 2561 3937 3332 3994; x_wconf 80' lang='lat' dir='ltr'><strong>retributionemhonestatis</strong></span> <span class='ocrx_word' id='word_1_698' title='bbox 3364 3940 3500 3995; x_wconf 90' lang='lat' dir='ltr'><strong>illud</strong></span> <span class='ocrx_word' id='word_1_699' title='bbox 3534 3955 3621 3995; x_wconf 64' lang='lat' dir='ltr'><strong>reo</strong></span> 
     </span>
    </p>
   </div>
   <div class='ocr_carea' id='block_1_87' title="bbox 2047 4025 3621 4098">
    <p class='ocr_par' dir='ltr' id='par_1_87' title="bbox 2047 4025 3621 4098">
     <span class='ocr_line' id='line_1_87' title="bbox 2047 4025 3621 4098; baseline 0.004 -21"><span class='ocrx_word' id='word_1_700' title='bbox 2047 4033 2357 4094; x_wconf 86' lang='lat' dir='ltr'><strong>portantes.</strong></span> <span class='ocrx_word' id='word_1_701' title='bbox 2396 4025 2572 4082; x_wconf 86' lang='lat' dir='ltr'><strong>Filius</strong></span> <span class='ocrx_word' id='word_1_702' title='bbox 2599 4036 2819 4094; x_wconf 89' lang='lat' dir='ltr'><strong>autem,</strong></span> <span class='ocrx_word' id='word_1_703' title='bbox 2849 4042 2960 4083; x_wconf 91' lang='lat' dir='ltr'><strong>non</strong></span> <span class='ocrx_word' id='word_1_704' title='bbox 2989 4029 3210 4098; x_wconf 90' lang='lat' dir='ltr'><strong>quidem</strong></span> <span class='ocrx_word' id='word_1_705' title='bbox 3241 4046 3307 4085; x_wconf 81' lang='lat' dir='ltr'><strong>ex</strong></span> <span class='ocrx_word' id='word_1_706' title='bbox 3342 4029 3432 4085; x_wconf 90' lang='lat' dir='ltr'><strong>his</strong></span> <span class='ocrx_word' id='word_1_707' title='bbox 3463 4045 3621 4085; x_wconf 90' lang='lat' dir='ltr'><strong>suam</strong></span> 
     </span>
    </p>
   </div>
   <div class='ocr_carea' id='block_1_88' title="bbox 2047 4117 3623 4192">
    <p class='ocr_par' dir='ltr' id='par_1_88' title="bbox 2047 4117 3623 4192">
     <span class='ocr_line' id='line_1_88' title="bbox 2047 4117 3623 4192; baseline 0.005 -24"><span class='ocrx_word' id='word_1_708' title='bbox 2047 4117 2281 4186; x_wconf 87' lang='lat' dir='ltr'><strong>probare</strong></span> <span class='ocrx_word' id='word_1_709' title='bbox 2312 4119 2431 4172; x_wconf 87' lang='lat' dir='ltr'><strong>vult</strong></span> <span class='ocrx_word' id='word_1_710' title='bbox 2461 4120 2807 4180; x_wconf 86' lang='lat' dir='ltr'><strong>claritatem,</strong></span> <span class='ocrx_word' id='word_1_711' title='bbox 2855 4120 2953 4174; x_wconf 89' lang='lat' dir='ltr'><strong>sed</strong></span> <span class='ocrx_word' id='word_1_712' title='bbox 3004 4120 3398 4174; x_wconf 77' lang='lat' dir='ltr'><strong>miraculorum</strong></span> <span class='ocrx_word' id='word_1_713' title='bbox 3450 4122 3623 4192; x_wconf 80' lang='lat' dir='ltr'><strong>maje-</strong></span> 
     </span>
    </p>
   </div>
   <div class='ocr_carea' id='block_1_89' title="bbox 2048 4210 3624 4281">
    <p class='ocr_par' dir='ltr' id='par_1_89' title="bbox 2048 4210 3624 4281">
     <span class='ocr_line' id='line_1_89' title="bbox 2048 4210 3624 4281; baseline 0.004 -20"><span class='ocrx_word' id='word_1_714' title='bbox 2048 4213 2243 4261; x_wconf 84' lang='lat' dir='ltr'><strong>statem</strong></span> <span class='ocrx_word' id='word_1_715' title='bbox 2273 4224 2379 4278; x_wconf 90' lang='lat' dir='ltr'><strong>qua</strong></span> <span class='ocrx_word' id='word_1_716' title='bbox 2410 4210 2526 4264; x_wconf 90' lang='lat' dir='ltr'><strong>lieri</strong></span> <span class='ocrx_word' id='word_1_717' title='bbox 2560 4217 2739 4281; x_wconf 86' lang='lat' dir='ltr'><strong>potest</strong></span> <span class='ocrx_word' id='word_1_718' title='bbox 2763 4210 2994 4264; x_wconf 89' lang='lat' dir='ltr'><strong>solertia</strong></span> <span class='ocrx_word' id='word_1_719' title='bbox 3034 4211 3399 4278; x_wconf 85' lang='lat' dir='ltr'><strong>attendentes,</strong></span> <span class='ocrx_word' id='word_1_720' title='bbox 3437 4214 3624 4269; x_wconf 85' lang='lat' dir='ltr'><strong>consi-</strong></span> 
     </span>
    </p>
   </div>
   <div class='ocr_carea' id='block_1_90' title="bbox 2048 4296 3622 4375">
    <p class='ocr_par' dir='ltr' id='par_1_90' title="bbox 2048 4296 3622 4375">
     <span class='ocr_line' id='line_1_90' title="bbox 2048 4296 3622 4375; baseline 0.005 -23"><span class='ocrx_word' id='word_1_721' title='bbox 2048 4296 2243 4355; x_wconf 83' lang='lat' dir='ltr'><strong>derare</strong></span> <span class='ocrx_word' id='word_1_722' title='bbox 2269 4301 2426 4370; x_wconf 89' lang='lat' dir='ltr'><strong>jubet</strong></span> <span class='ocrx_word' id='word_1_723' title='bbox 2456 4303 2608 4356; x_wconf 87' lang='lat' dir='ltr'><strong>nulla</strong></span> <span class='ocrx_word' id='word_1_724' title='bbox 2639 4320 2703 4357; x_wconf 84' lang='lat' dir='ltr'><strong>ex</strong></span> <span class='ocrx_word' id='word_1_725' title='bbox 2737 4312 2891 4372; x_wconf 89' lang='lat' dir='ltr'><strong>parte</strong></span> <span class='ocrx_word' id='word_1_726' title='bbox 2934 4303 3243 4358; x_wconf 89' lang='lat' dir='ltr'><strong>variantem</strong></span> <span class='ocrx_word' id='word_1_727' title='bbox 3285 4320 3448 4375; x_wconf 86' lang='lat' dir='ltr'><strong>quam</strong></span> <span class='ocrx_word' id='word_1_728' title='bbox 3491 4320 3622 4362; x_wconf 91' lang='lat' dir='ltr'><strong>cum</strong></span> 
     </span>
    </p>
   </div>
   <div class='ocr_carea' id='block_1_91' title="bbox 2050 4393 3626 4468">
    <p class='ocr_par' dir='ltr' id='par_1_91' title="bbox 2050 4393 3626 4468">
     <span class='ocr_line' id='line_1_91' title="bbox 2050 4393 3626 4468; baseline 0.006 -22"><span class='ocrx_word' id='word_1_729' title='bbox 2050 4407 2153 4446; x_wconf 92' lang='lat' dir='ltr'><strong>suo</strong></span> <span class='ocrx_word' id='word_1_730' title='bbox 2188 4393 2349 4448; x_wconf 89' lang='lat' dir='ltr'><strong>Patre</strong></span> <span class='ocrx_word' id='word_1_731' title='bbox 2382 4394 2548 4449; x_wconf 84' lang='lat' dir='ltr'><strong>habet</strong></span> <span class='ocrx_word' id='word_1_732' title='bbox 2577 4396 3036 4460; x_wconf 88' lang='lat' dir='ltr'><strong>similitudinem,</strong></span> <span class='ocrx_word' id='word_1_733' title='bbox 3069 4406 3232 4468; x_wconf 90' lang='lat' dir='ltr'><strong>atque</strong></span> <span class='ocrx_word' id='word_1_734' title='bbox 3276 4399 3351 4454; x_wconf 89' lang='lat' dir='ltr'><strong>ita</strong></span> <span class='ocrx_word' id='word_1_735' title='bbox 3399 4400 3626 4456; x_wconf 86' lang='lat' dir='ltr'><strong>credere</strong></span> 
     </span>
    </p>
   </div>
   <div class='ocr_carea' id='block_1_92' title="bbox 360 4484 1933 4562">
    <p class='ocr_par' dir='ltr' id='par_1_92' title="bbox 360 4486 1933 4562">
     <span class='ocr_line' id='line_1_92' title="bbox 360 4486 1933 4562; baseline 0.003 -23"><span class='ocrx_word' id='word_1_736' title='bbox 360 4486 582 4557; x_wconf 73' lang='grc' dir='ltr'>καρδίᾳ,</span> <span class='ocrx_word' id='word_1_737' title='bbox 607 4489 701 4540; x_wconf 73' lang='grc' dir='ltr'><strong>καὶ</strong></span> <span class='ocrx_word' id='word_1_738' title='bbox 724 4489 985 4561; x_wconf 84' lang='grc' dir='ltr'>εὑρήσετε</span> <span class='ocrx_word' id='word_1_739' title='bbox 1014 4491 1321 4544; x_wconf 78' lang='grc' dir='ltr'>ἀνάπαυσιν</span> <span class='ocrx_word' id='word_1_740' title='bbox 1348 4494 1467 4555; x_wconf 81' lang='grc' dir='ltr'>ταῖς</span> <span class='ocrx_word' id='word_1_741' title='bbox 1493 4491 1692 4562; x_wconf 71' lang='grc' dir='ltr'>ψυχαῖς</span> <span class='ocrx_word' id='word_1_742' title='bbox 1715 4490 1888 4562; x_wconf 83' lang='grc' dir='ltr'>ὑμῶν.</span> <span class='ocrx_word' id='word_1_743' title='bbox 1920 4511 1933 4543; x_wconf 92' lang='grc' dir='ltr'><strong>ι</strong></span> 
     </span>
    </p>
   </div>
   <div class='ocr_carea' id='block_1_93' title="bbox 2034 4484 3623 4562">
    <p class='ocr_par' dir='ltr' id='par_1_93' title="bbox 2050 4484 3623 4555">
     <span class='ocr_line' id='line_1_93' title="bbox 2050 4484 3623 4555; baseline 0.004 -17"><span class='ocrx_word' id='word_1_744' title='bbox 2050 4484 2268 4538; x_wconf 90' lang='lat' dir='ltr'><strong>denmm</strong></span> <span class='ocrx_word' id='word_1_745' title='bbox 2300 4486 2601 4555; x_wconf 80' lang='lat' dir='ltr'><strong>quodcum</strong></span> <span class='ocrx_word' id='word_1_746' title='bbox 2653 4487 2724 4540; x_wconf 91' lang='lat' dir='ltr'><strong>sit</strong></span> <span class='ocrx_word' id='word_1_747' title='bbox 2773 4488 3297 4554; x_wconf 88' lang='lat' dir='ltr'><strong>consubstantialis,</strong></span> <span class='ocrx_word' id='word_1_748' title='bbox 3357 4490 3522 4545; x_wconf 86' lang='lat' dir='ltr'><strong>habet</strong></span> <span class='ocrx_word' id='word_1_749' title='bbox 3568 4491 3623 4545; x_wconf 91' lang='lat' dir='ltr'><strong>in</strong></span> 
     </span>
    </p>
   </div>
   <div class='ocr_carea' id='block_1_94' title="bbox 361 4577 1943 4654">
    <p class='ocr_par' dir='ltr' id='par_1_94' title="bbox 361 4577 1943 4654">
     <span class='ocr_line' id='line_1_94' title="bbox 361 4577 1943 4654; baseline 0.004 -25"><span class='ocrx_word' id='word_1_750' title='bbox 361 4577 573 4630; x_wconf 81' lang='grc' dir='ltr'>Οὐκοῦν</span> <span class='ocrx_word' id='word_1_751' title='bbox 618 4578 704 4632; x_wconf 82' lang='grc' dir='ltr'><strong>διὰ</strong></span> <span class='ocrx_word' id='word_1_752' title='bbox 743 4581 842 4650; x_wconf 82' lang='grc' dir='ltr'><strong>μὲν</strong></span> <span class='ocrx_word' id='word_1_753' title='bbox 883 4581 994 4633; x_wconf 82' lang='grc' dir='ltr'>τῶν</span> <span class='ocrx_word' id='word_1_754' title='bbox 1033 4583 1306 4634; x_wconf 84' lang='grc' dir='ltr'>τοσούτων</span> <span class='ocrx_word' id='word_1_755' title='bbox 1361 4584 1805 4654; x_wconf 85' lang='grc' dir='ltr'>κατορθωμάτων</span> <span class='ocrx_word' id='word_1_756' title='bbox 1854 4602 1943 4654; x_wconf 86' lang='grc' dir='ltr'>μι-</span> 
     </span>
    </p>
   </div>
   <div class='ocr_carea' id='block_1_95' title="bbox 366 4666 1942 4745">
    <p class='ocr_par' dir='ltr' id='par_1_95' title="bbox 366 4666 1942 4745">
     <span class='ocr_line' id='line_1_95' title="bbox 366 4666 1942 4745; baseline 0.007 -28"><span class='ocrx_word' id='word_1_757' title='bbox 366 4666 584 4734; x_wconf 79' lang='grc' dir='ltr'>μεῖσθαι</span> <span class='ocrx_word' id='word_1_758' title='bbox 648 4669 1041 4733; x_wconf 77' lang='grc' dir='ltr'>σπουδάζοντες</span> <span class='ocrx_word' id='word_1_759' title='bbox 1099 4672 1191 4723; x_wconf 77' lang='grc' dir='ltr'><strong>τὸν</strong></span> <span class='ocrx_word' id='word_1_760' title='bbox 1249 4672 1469 4742; x_wconf 80' lang='grc' dir='ltr'>ἀπάσης</span> <span class='ocrx_word' id='word_1_761' title='bbox 1542 4676 1673 4743; x_wconf 79' lang='grc' dir='ltr'>ἡμῖν</span> <span class='ocrx_word' id='word_1_762' title='bbox 1740 4674 1942 4745; x_wconf 82' lang='grc' dir='ltr'>ἀρετῆς</span> 
     </span>
    </p>
   </div>
   <div class='ocr_carea' id='block_1_96' title="bbox 362 4757 1944 4834">
    <p class='ocr_par' dir='ltr' id='par_1_96' title="bbox 362 4757 1944 4834">
     <span class='ocr_line' id='line_1_96' title="bbox 362 4757 1944 4834; baseline 0.005 -25"><span class='ocrx_word' id='word_1_763' title='bbox 362 4757 611 4827; x_wconf 73' lang='grc' dir='ltr'>ἡγεμόνα</span> <span class='ocrx_word' id='word_1_764' title='bbox 646 4759 900 4830; x_wconf 82' lang='grc' dir='ltr'>Χριστὸν,</span> <span class='ocrx_word' id='word_1_765' title='bbox 935 4758 991 4812; x_wconf 77' lang='grc' dir='ltr'><strong>ἐν</strong></span> <span class='ocrx_word' id='word_1_766' title='bbox 1018 4776 1075 4812; x_wconf 87' lang='grc' dir='ltr'><strong>τε</strong></span> <span class='ocrx_word' id='word_1_767' title='bbox 1103 4759 1180 4830; x_wconf 80' lang='grc' dir='ltr'><strong>τῷ</strong></span> <span class='ocrx_word' id='word_1_768' title='bbox 1215 4762 1393 4831; x_wconf 75' lang='grc' dir='ltr'>Πατρὶ</span> <span class='ocrx_word' id='word_1_769' title='bbox 1434 4763 1528 4815; x_wconf 76' lang='grc' dir='ltr'><strong>καὶ</strong></span> <span class='ocrx_word' id='word_1_770' title='bbox 1564 4765 1621 4817; x_wconf 86' lang='grc' dir='ltr'><strong>ὲν</strong></span> <span class='ocrx_word' id='word_1_771' title='bbox 1669 4764 1819 4834; x_wconf 81' lang='grc' dir='ltr'>αὐτῷ</span> <span class='ocrx_word' id='word_1_772' title='bbox 1848 4766 1944 4834; x_wconf 83' lang='grc' dir='ltr'><strong>μέ-</strong></span> 
     </span>
    </p>
   </div>
   <div class='ocr_carea' id='block_1_97' title="bbox 362 4849 1943 4926">
    <p class='ocr_par' dir='ltr' id='par_1_97' title="bbox 362 4849 1943 4926">
     <span class='ocr_line' id='line_1_97' title="bbox 362 4849 1943 4926; baseline 0.006 -28"><span class='ocrx_word' id='word_1_773' title='bbox 362 4864 477 4899; x_wconf 88' lang='grc' dir='ltr'>νειν</span> <span class='ocrx_word' id='word_1_774' title='bbox 514 4849 805 4919; x_wconf 82' lang='grc' dir='ltr'>λεγόμεθα,</span> <span class='ocrx_word' id='word_1_775' title='bbox 836 4850 1005 4920; x_wconf 81' lang='grc' dir='ltr'>γέρας</span> <span class='ocrx_word' id='word_1_776' title='bbox 1036 4850 1227 4921; x_wconf 83' lang='grc' dir='ltr'>ὥσπερ</span> <span class='ocrx_word' id='word_1_777' title='bbox 1261 4852 1352 4904; x_wconf 76' lang='grc' dir='ltr'><strong>καὶ</strong></span> <span class='ocrx_word' id='word_1_778' title='bbox 1376 4853 1722 4922; x_wconf 82' lang='grc' dir='ltr'>ἀντιμισθίαν</span> <span class='ocrx_word' id='word_1_779' title='bbox 1751 4858 1849 4926; x_wconf 78' lang='grc' dir='ltr'>τῆς</span> <span class='ocrx_word' id='word_1_780' title='bbox 1884 4858 1943 4908; x_wconf 85' lang='grc' dir='ltr'><strong>ἐν</strong></span> 
     </span>
    </p>
   </div>
   <div class='ocr_carea' id='block_1_98' title="bbox 364 4935 1941 5012">
    <p class='ocr_par' dir='ltr' id='par_1_98' title="bbox 364 4935 1941 5012">
     <span class='ocr_line' id='line_1_98' title="bbox 364 4935 1941 5012; baseline 0.008 -27"><span class='ocrx_word' id='word_1_781' title='bbox 364 4935 469 5006; x_wconf 80' lang='grc' dir='ltr'><strong>βίῳ</strong></span> <span class='ocrx_word' id='word_1_782' title='bbox 523 4938 849 5012; x_wconf 86' lang='grc' dir='ltr'>σεμνότητος</span> <span class='ocrx_word' id='word_1_783' title='bbox 892 4939 952 4992; x_wconf 84' lang='grc' dir='ltr'><strong>τὸ</strong></span> <span class='ocrx_word' id='word_1_784' title='bbox 998 4942 1234 5010; x_wconf 84' lang='grc' dir='ltr'>πρᾶγμα</span> <span class='ocrx_word' id='word_1_785' title='bbox 1298 4941 1693 5012; x_wconf 78' lang='grc' dir='ltr'>κερδαίνοντες.</span> <span class='ocrx_word' id='word_1_786' title='bbox 1756 4945 1817 4997; x_wconf 86' lang='lat'><strong>&#39;0</strong></span> <span class='ocrx_word' id='word_1_787' title='bbox 1885 4945 1941 4999; x_wconf 84' lang='grc' dir='ltr'>δὲ</span> 
     </span>
    </p>
   </div>
   <div class='ocr_carea' id='block_1_99' title="bbox 364 5010 1944 5106">
    <p class='ocr_par' dir='ltr' id='par_1_99' title="bbox 364 5028 1944 5106">
     <span class='ocr_line' id='line_1_99' title="bbox 364 5028 1944 5106; baseline 0.005 -27"><span class='ocrx_word' id='word_1_788' title='bbox 364 5028 495 5091; x_wconf 76' lang='grc' dir='ltr'>Υἱὸς</span> <span class='ocrx_word' id='word_1_789' title='bbox 520 5029 618 5082; x_wconf 80' lang='grc' dir='ltr'><strong>οὐκ</strong></span> <span class='ocrx_word' id='word_1_790' title='bbox 649 5030 714 5083; x_wconf 87' lang='grc' dir='ltr'><strong>ἐκ</strong></span> <span class='ocrx_word' id='word_1_791' title='bbox 737 5031 945 5084; x_wconf 90' lang='grc' dir='ltr'>τούτων</span> <span class='ocrx_word' id='word_1_792' title='bbox 967 5033 1114 5101; x_wconf 75' lang='grc' dir='ltr'>ἡμᾶς</span> <span class='ocrx_word' id='word_1_793' title='bbox 1138 5032 1235 5103; x_wconf 85' lang='grc' dir='ltr'>τὴν</span> <span class='ocrx_word' id='word_1_794' title='bbox 1262 5031 1488 5085; x_wconf 83' lang='grc' dir='ltr'>ἐνοῦσαν</span> <span class='ocrx_word' id='word_1_795' title='bbox 1520 5033 1669 5103; x_wconf 86' lang='grc' dir='ltr'><strong>αύτῴ</strong></span> <span class='ocrx_word' id='word_1_796' title='bbox 1697 5034 1944 5106; x_wconf 85' lang='grc' dir='ltr'>λαμπρό-</span> 
     </span>
    </p>
   </div>
   <div class='ocr_carea' id='block_1_100' title="bbox 358 5120 1944 5197">
    <p class='ocr_par' dir='ltr' id='par_1_100' title="bbox 358 5120 1944 5197">
     <span class='ocr_line' id='line_1_100' title="bbox 358 5120 1944 5197; baseline 0.004 -24"><span class='ocrx_word' id='word_1_797' title='bbox 358 5135 502 5189; x_wconf 87' lang='grc' dir='ltr'>τητα</span> <span class='ocrx_word' id='word_1_798' title='bbox 544 5120 859 5192; x_wconf 78' lang='grc' dir='ltr'>δοκιμάζειν</span> <span class='ocrx_word' id='word_1_799' title='bbox 904 5122 1183 5192; x_wconf 81' lang='grc' dir='ltr'>βούλεται,</span> <span class='ocrx_word' id='word_1_800' title='bbox 1236 5127 1300 5194; x_wconf 85' lang='grc' dir='ltr'>τῇ</span> <span class='ocrx_word' id='word_1_801' title='bbox 1356 5125 1411 5177; x_wconf 76' lang='grc' dir='ltr'>δὲ</span> <span class='ocrx_word' id='word_1_802' title='bbox 1463 5124 1571 5177; x_wconf 82' lang='grc' dir='ltr'><strong>τῶν</strong></span> <span class='ocrx_word' id='word_1_803' title='bbox 1624 5126 1944 5197; x_wconf 80' lang='grc' dir='ltr'>παραδόξων</span> 
     </span>
    </p>
   </div>
   <div class='ocr_carea' id='block_1_101' title="bbox 364 5212 1942 5288">
    <p class='ocr_par' dir='ltr' id='par_1_101' title="bbox 364 5212 1942 5288">
     <span class='ocr_line' id='line_1_101' title="bbox 364 5212 1942 5288; baseline 0.006 -26"><span class='ocrx_word' id='word_1_804' title='bbox 364 5212 746 5282; x_wconf 85' lang='grc' dir='ltr'>μεγαλειότητι</span> <span class='ocrx_word' id='word_1_805' title='bbox 771 5215 910 5284; x_wconf 87' lang='grc' dir='ltr'><strong>μετά</strong></span> <span class='ocrx_word' id='word_1_806' title='bbox 935 5215 1031 5285; x_wconf 87' lang='grc' dir='ltr'>τῆς</span> <span class='ocrx_word' id='word_1_807' title='bbox 1066 5215 1289 5284; x_wconf 79' lang='grc' dir='ltr'>ἐνούσης</span> <span class='ocrx_word' id='word_1_808' title='bbox 1324 5215 1605 5284; x_wconf 83' lang='grc' dir='ltr'>ἀγχινοίας</span> <span class='ocrx_word' id='word_1_809' title='bbox 1636 5235 1942 5288; x_wconf 84' lang='grc' dir='ltr'>προσεσχη-</span> 
     </span>
    </p>
   </div>
   <div class='ocr_carea' id='block_1_102' title="bbox 360 5303 1944 5378">
    <p class='ocr_par' dir='ltr' id='par_1_102' title="bbox 360 5303 1944 5378">
     <span class='ocr_line' id='line_1_102' title="bbox 360 5303 1944 5378; baseline 0.006 -24"><span class='ocrx_word' id='word_1_810' title='bbox 360 5303 528 5365; x_wconf 84' lang='grc' dir='ltr'>κότας</span> <span class='ocrx_word' id='word_1_811' title='bbox 562 5305 983 5360; x_wconf 78' lang='grc' dir='ltr'>διασκέπτεσθαι</span> <span class='ocrx_word' id='word_1_812' title='bbox 1029 5306 1140 5360; x_wconf 88' lang='grc' dir='ltr'>δεῖν</span> <span class='ocrx_word' id='word_1_813' title='bbox 1171 5306 1453 5360; x_wconf 84' lang='grc' dir='ltr'>ἐπιτάττει</span> <span class='ocrx_word' id='word_1_814' title='bbox 1493 5308 1592 5378; x_wconf 83' lang='grc' dir='ltr'><strong>τὴν</strong></span> <span class='ocrx_word' id='word_1_815' title='bbox 1623 5309 1944 5376; x_wconf 81' lang='grc' dir='ltr'>ἀπαράλλα-</span> 
     </span>
    </p>
   </div>
   <div class='ocr_carea' id='block_1_103' title="bbox 359 5395 1941 5469">
    <p class='ocr_par' dir='ltr' id='par_1_103' title="bbox 359 5395 1941 5469">
     <span class='ocr_line' id='line_1_103' title="bbox 359 5395 1941 5469; baseline 0.003 -22"><span class='ocrx_word' id='word_1_816' title='bbox 359 5412 494 5448; x_wconf 89' lang='grc' dir='ltr'>κτον</span> <span class='ocrx_word' id='word_1_817' title='bbox 514 5395 810 5467; x_wconf 80' lang='grc' dir='ltr'>ἐμφέρειαν</span> <span class='ocrx_word' id='word_1_818' title='bbox 833 5397 900 5469; x_wconf 72' lang='grc' dir='ltr'>ἢν</span> <span class='ocrx_word' id='word_1_819' title='bbox 921 5396 1032 5467; x_wconf 77' lang='grc' dir='ltr'>ἔχει</span> <span class='ocrx_word' id='word_1_820' title='bbox 1060 5398 1193 5469; x_wconf 83' lang='grc' dir='ltr'>πρὸς</span> <span class='ocrx_word' id='word_1_821' title='bbox 1224 5397 1313 5449; x_wconf 83' lang='grc' dir='ltr'><strong>τὸν</strong></span> <span class='ocrx_word' id='word_1_822' title='bbox 1346 5397 1568 5469; x_wconf 80' lang='grc' dir='ltr'>Πατέρα</span> <span class='ocrx_word' id='word_1_823' title='bbox 1600 5398 1692 5452; x_wconf 80' lang='grc' dir='ltr'><strong>τὸν</strong></span> <span class='ocrx_word' id='word_1_824' title='bbox 1724 5401 1941 5465; x_wconf 82' lang='grc' dir='ltr'>ἑαυτοῦ,</span> 
     </span>
    </p>
   </div>
   <div class='ocr_carea' id='block_1_104' title="bbox 361 5472 1943 5561">
    <p class='ocr_par' dir='ltr' id='par_1_104' title="bbox 361 5472 1943 5561">
     <span class='ocr_line' id='line_1_104' title="bbox 361 5472 1943 5561; baseline 0.005 -24"><span class='ocrx_word' id='word_1_825' title='bbox 361 5486 644 5539; x_wconf 84' lang='grc' dir='ltr'>πιστεύειν</span> <span class='ocrx_word' id='word_1_826' title='bbox 678 5505 745 5542; x_wconf 82' lang='grc' dir='ltr'><strong>τε.</strong></span> <span class='ocrx_word' id='word_1_827' title='bbox 769 5488 911 5542; x_wconf 73' lang='grc' dir='ltr'>οὕτω</span> <span class='ocrx_word' id='word_1_828' title='bbox 948 5472 1134 5542; x_wconf 78' lang='grc' dir='ltr'>λοιπὸν</span> <span class='ocrx_word' id='word_1_829' title='bbox 1177 5489 1252 5552; x_wconf 85' lang='grc' dir='ltr'>ὡς</span> <span class='ocrx_word' id='word_1_830' title='bbox 1279 5490 1514 5560; x_wconf 89' lang='grc' dir='ltr'>ἐπείπερ</span> <span class='ocrx_word' id='word_1_831' title='bbox 1557 5491 1706 5544; x_wconf 74' lang='grc' dir='ltr'>ἐστὶν</span> <span class='ocrx_word' id='word_1_832' title='bbox 1748 5493 1943 5561; x_wconf 82' lang='grc' dir='ltr'>όμοού-</span> 
     </span>
    </p>
   </div>
   <div class='ocr_carea' id='block_1_105' title="bbox 363 5574 1943 5653">
    <p class='ocr_par' dir='ltr' id='par_1_105' title="bbox 363 5574 1943 5653">
     <span class='ocr_line' id='line_1_105' title="bbox 363 5574 1943 5653; baseline 0.004 -25"><span class='ocrx_word' id='word_1_833' title='bbox 363 5591 504 5638; x_wconf 86' lang='grc' dir='ltr'>σιος,</span> <span class='ocrx_word' id='word_1_834' title='bbox 549 5574 662 5645; x_wconf 78' lang='grc' dir='ltr'>ἔχει</span> <span class='ocrx_word' id='word_1_835' title='bbox 695 5576 795 5646; x_wconf 90' lang='grc' dir='ltr'><strong>μέν</strong></span> <span class='ocrx_word' id='word_1_836' title='bbox 831 5580 889 5631; x_wconf 88' lang='grc' dir='ltr'><strong>ἐν</strong></span> <span class='ocrx_word' id='word_1_837' title='bbox 916 5577 1092 5647; x_wconf 86' lang='grc' dir='ltr'>ἐαυτῷ</span> <span class='ocrx_word' id='word_1_838' title='bbox 1128 5578 1217 5632; x_wconf 76' lang='grc' dir='ltr'>τὸν</span> <span class='ocrx_word' id='word_1_839' title='bbox 1247 5581 1608 5652; x_wconf 82' lang='grc' dir='ltr'>γεννήσαντα,</span> <span class='ocrx_word' id='word_1_840' title='bbox 1649 5583 1943 5653; x_wconf 83' lang='grc' dir='ltr'>ἐνυπάρχει</span> 
     </span>
    </p>
   </div>
   <div class='ocr_carea' id='block_1_106' title="bbox 444 5754 998 5825">
    <p class='ocr_par' dir='ltr' id='par_1_106' title="bbox 444 5754 998 5825">
     <span class='ocr_line' id='line_1_106' title="bbox 444 5754 998 5825; baseline 0.011 -17"><span class='ocrx_word' id='word_1_841' title='bbox 444 5756 488 5789; x_wconf 76' lang='grc'><strong><em>³³</em></strong></span> <span class='ocrx_word' id='word_1_842' title='bbox 526 5754 729 5813; x_wconf 82' lang='lat' dir='ltr'><strong>lJoatt.</strong></span> <span class='ocrx_word' id='word_1_843' title='bbox 767 5775 826 5825; x_wconf 87' lang='lat' dir='ltr'><strong>tt,</strong></span> <span class='ocrx_word' id='word_1_844' title='bbox 862 5760 914 5824; x_wconf 76' lang='grc' dir='ltr'>ὅ,</span> <span class='ocrx_word' id='word_1_845' title='bbox 948 5759 998 5814; x_wconf 86' lang='grc'>6.</span> 
     </span>
    </p>
   </div>
   <div class='ocr_carea' id='block_1_107' title="bbox 1078 5761 2050 5827">
    <p class='ocr_par' dir='ltr' id='par_1_107' title="bbox 1078 5761 2050 5827">
     <span class='ocr_line' id='line_1_107' title="bbox 1078 5761 2050 5827; baseline 0 -12"><span class='ocrx_word' id='word_1_846' title='bbox 1078 5763 1121 5792; x_wconf 75' lang='grc'><strong>’³</strong></span> <span class='ocrx_word' id='word_1_847' title='bbox 1165 5761 1298 5816; x_wconf 86' lang='lat' dir='ltr'><strong>ibid.</strong></span> <span class='ocrx_word' id='word_1_848' title='bbox 1330 5762 1418 5815; x_wconf 67' lang='grc' dir='ltr'>Ἡ.</span> <span class='ocrx_word' id='word_1_849' title='bbox 1501 5764 1544 5794; x_wconf 83' lang='grc' dir='ltr'><strong>³ο</strong></span> <span class='ocrx_word' id='word_1_850' title='bbox 1588 5761 1604 5814; x_wconf 93' lang='lat' dir='ltr'><strong>l</strong></span> <span class='ocrx_word' id='word_1_851' title='bbox 1644 5762 1799 5817; x_wconf 77' lang='lat' dir='ltr'><strong>Joan.</strong></span> <span class='ocrx_word' id='word_1_852' title='bbox 1844 5778 1923 5827; x_wconf 91' lang='grc' dir='ltr'>ιιι,</span> <span class='ocrx_word' id='word_1_853' title='bbox 1968 5763 2050 5816; x_wconf 89' lang='grc' dir='ltr'><strong>ιι.</strong></span> 
     </span>
    </p>
   </div>
   <div class='ocr_carea' id='block_1_108' title="bbox 2052 4576 3619 4652">
    <p class='ocr_par' dir='ltr' id='par_1_108' title="bbox 2052 4576 3619 4652">
     <span class='ocr_line' id='line_1_108' title="bbox 2052 4576 3619 4652; baseline 0.004 -22"><span class='ocrx_word' id='word_1_854' title='bbox 2052 4577 2234 4645; x_wconf 88' lang='lat' dir='ltr'><strong>scipso</strong></span> <span class='ocrx_word' id='word_1_855' title='bbox 2260 4576 2594 4641; x_wconf 85' lang='lat' dir='ltr'><strong>Genitorem,</strong></span> <span class='ocrx_word' id='word_1_856' title='bbox 2628 4586 2681 4632; x_wconf 91' lang='lat' dir='ltr'><strong>et</strong></span> <span class='ocrx_word' id='word_1_857' title='bbox 2714 4580 2830 4648; x_wconf 89' lang='lat' dir='ltr'><strong>ipse</strong></span> <span class='ocrx_word' id='word_1_858' title='bbox 2873 4581 2927 4634; x_wconf 90' lang='lat' dir='ltr'><strong>in</strong></span> <span class='ocrx_word' id='word_1_859' title='bbox 2979 4596 3043 4636; x_wconf 93' lang='lat' dir='ltr'><strong>eo</strong></span> <span class='ocrx_word' id='word_1_860' title='bbox 3090 4591 3194 4637; x_wconf 92' lang='lat' dir='ltr'><strong>est.</strong></span> <span class='ocrx_word' id='word_1_861' title='bbox 3250 4583 3470 4652; x_wconf 85' lang='lat' dir='ltr'><strong>Alioqui</strong></span> <span class='ocrx_word' id='word_1_862' title='bbox 3517 4585 3619 4637; x_wconf 90' lang='lat' dir='ltr'><strong>do-</strong></span> 
     </span>
    </p>
   </div>
   <div class='ocr_carea' id='block_1_109' title="bbox 2051 4667 3623 4741">
    <p class='ocr_par' dir='ltr' id='par_1_109' title="bbox 2051 4667 3623 4741">
     <span class='ocr_line' id='line_1_109' title="bbox 2051 4667 3623 4741; baseline 0.004 -21"><span class='ocrx_word' id='word_1_863' title='bbox 2051 4679 2211 4720; x_wconf 82' lang='lat' dir='ltr'><strong>ceant</strong></span> <span class='ocrx_word' id='word_1_864' title='bbox 2239 4667 2421 4721; x_wconf 87' lang='lat' dir='ltr'><strong>obiter</strong></span> <span class='ocrx_word' id='word_1_865' title='bbox 2453 4668 2752 4723; x_wconf 79' lang='lat' dir='ltr'><strong>adversarii</strong></span> <span class='ocrx_word' id='word_1_866' title='bbox 2792 4672 3000 4740; x_wconf 75' lang='lat' dir='ltr'><strong>praemii</strong></span> <span class='ocrx_word' id='word_1_867' title='bbox 3032 4673 3185 4737; x_wconf 90' lang='lat' dir='ltr'><strong>loco,</strong></span> <span class='ocrx_word' id='word_1_868' title='bbox 3221 4673 3385 4727; x_wconf 89' lang='lat' dir='ltr'><strong>sicuti</strong></span> <span class='ocrx_word' id='word_1_869' title='bbox 3428 4673 3585 4727; x_wconf 89' lang='lat' dir='ltr'><strong>nobis</strong></span> <span class='ocrx_word' id='word_1_870' title='bbox 3606 4716 3623 4741; x_wconf 87' lang='lat'><strong>,</strong></span> 
     </span>
    </p>
   </div>
   <div class='ocr_carea' id='block_1_110' title="bbox 2053 4759 3625 4835">
    <p class='ocr_par' dir='ltr' id='par_1_110' title="bbox 2053 4759 3625 4835">
     <span class='ocr_line' id='line_1_110' title="bbox 2053 4759 3625 4835; baseline 0.004 -23"><span class='ocrx_word' id='word_1_871' title='bbox 2053 4759 2103 4812; x_wconf 90' lang='lat' dir='ltr'><strong>id</strong></span> <span class='ocrx_word' id='word_1_872' title='bbox 2138 4759 2187 4812; x_wconf 90' lang='lat' dir='ltr'><strong>ci</strong></span> <span class='ocrx_word' id='word_1_873' title='bbox 2220 4775 2440 4828; x_wconf 85' lang='lat' dir='ltr'><strong>quoque</strong></span> <span class='ocrx_word' id='word_1_874' title='bbox 2471 4775 2629 4823; x_wconf 87' lang='lat' dir='ltr'><strong>esse,</strong></span> <span class='ocrx_word' id='word_1_875' title='bbox 2675 4770 2729 4817; x_wconf 92' lang='lat' dir='ltr'><strong>et</strong></span> <span class='ocrx_word' id='word_1_876' title='bbox 2782 4764 3163 4821; x_wconf 85' lang='lat' dir='ltr'><strong>retributionis</strong></span> <span class='ocrx_word' id='word_1_877' title='bbox 3215 4767 3341 4820; x_wconf 68' lang='lat' dir='ltr'><strong>vitae</strong></span> <span class='ocrx_word' id='word_1_878' title='bbox 3387 4781 3625 4835; x_wconf 83' lang='lat' dir='ltr'><strong>evange-</strong></span> 
     </span>
    </p>
   </div>
   <div class='ocr_carea' id='block_1_111' title="bbox 2053 4849 3627 4924">
    <p class='ocr_par' dir='ltr' id='par_1_111' title="bbox 2053 4849 3627 4924">
     <span class='ocr_line' id='line_1_111' title="bbox 2053 4849 3627 4924; baseline 0.008 -23"><span class='ocrx_word' id='word_1_879' title='bbox 2053 4849 2204 4909; x_wconf 71' lang='grc' dir='ltr'>Ιίριε.</span> <span class='ocrx_word' id='word_1_880' title='bbox 2242 4849 2387 4917; x_wconf 91' lang='lat' dir='ltr'><strong>quod</strong></span> <span class='ocrx_word' id='word_1_881' title='bbox 2440 4850 2496 4904; x_wconf 87' lang='lat' dir='ltr'><strong>in</strong></span> <span class='ocrx_word' id='word_1_882' title='bbox 2542 4849 2707 4905; x_wconf 87' lang='lat' dir='ltr'><strong>Patre</strong></span> <span class='ocrx_word' id='word_1_883' title='bbox 2749 4852 3094 4922; x_wconf 83' lang='lat' dir='ltr'><strong>intelligitur.</strong></span> <span class='ocrx_word' id='word_1_884' title='bbox 3142 4853 3249 4909; x_wconf 90' lang='lat' dir='ltr'><strong>Sed</strong></span> <span class='ocrx_word' id='word_1_885' title='bbox 3302 4855 3627 4924; x_wconf 76' lang='lat' dir='ltr'><strong>neutiquam.</strong></span> 
     </span>
    </p>
   </div>
   <div class='ocr_carea' id='block_1_112' title="bbox 2051 4924 3638 5015">
    <p class='ocr_par' dir='ltr' id='par_1_112' title="bbox 2051 4924 3638 5015">
     <span class='ocr_line' id='line_1_112' title="bbox 2051 4924 3638 5015; baseline 0.004 -23"><span class='ocrx_word' id='word_1_886' title='bbox 2051 4939 2197 4993; x_wconf 86' lang='lat' dir='ltr'><strong>istud</strong></span> <span class='ocrx_word' id='word_1_887' title='bbox 2228 4941 2309 4994; x_wconf 90' lang='lat' dir='ltr'><strong>eis</strong></span> <span class='ocrx_word' id='word_1_888' title='bbox 2340 4924 2508 5010; x_wconf 73' lang='lat' dir='ltr'><strong>grave</strong></span> <span class='ocrx_word' id='word_1_889' title='bbox 2534 4942 2668 5005; x_wconf 89' lang='lat' dir='ltr'><strong>erit,</strong></span> <span class='ocrx_word' id='word_1_890' title='bbox 2702 4947 2923 5013; x_wconf 80' lang='lat' dir='ltr'><strong>opinor.</strong></span> <span class='ocrx_word' id='word_1_891' title='bbox 2956 4944 3169 5011; x_wconf 82' lang='lat' dir='ltr'><strong>Quibus</strong></span> <span class='ocrx_word' id='word_1_892' title='bbox 3200 4944 3344 4999; x_wconf 88' lang='lat' dir='ltr'><strong>enint</strong></span> <span class='ocrx_word' id='word_1_893' title='bbox 3378 4946 3638 5015; x_wconf 83' lang='lat' dir='ltr'><strong>petulan-</strong></span> 
     </span>
    </p>
   </div>
   <div class='ocr_carea' id='block_1_113' title="bbox 2050 5034 3626 5106">
    <p class='ocr_par' dir='ltr' id='par_1_113' title="bbox 2050 5034 3626 5106">
     <span class='ocr_line' id='line_1_113' title="bbox 2050 5034 3626 5106; baseline 0.004 -22"><span class='ocrx_word' id='word_1_894' title='bbox 2050 5034 2142 5086; x_wconf 77' lang='lat' dir='ltr'><strong>tiae</strong></span> <span class='ocrx_word' id='word_1_895' title='bbox 2168 5034 2381 5087; x_wconf 88' lang='lat' dir='ltr'><strong>nullum</strong></span> <span class='ocrx_word' id='word_1_896' title='bbox 2410 5050 2580 5103; x_wconf 83' lang='lat' dir='ltr'><strong>genus</strong></span> <span class='ocrx_word' id='word_1_897' title='bbox 2610 5044 2692 5089; x_wconf 88' lang='lat' dir='ltr'><strong>est</strong></span> <span class='ocrx_word' id='word_1_898' title='bbox 2724 5035 3052 5090; x_wconf 87' lang='lat' dir='ltr'><strong>intentatum</strong></span> <span class='ocrx_word' id='word_1_899' title='bbox 3076 5080 3088 5102; x_wconf 94' lang='lat'><strong>,</strong></span> <span class='ocrx_word' id='word_1_900' title='bbox 3115 5035 3373 5106; x_wconf 87' lang='lat' dir='ltr'><strong>quidnam</strong></span> <span class='ocrx_word' id='word_1_901' title='bbox 3402 5036 3626 5091; x_wconf 90' lang='lat' dir='ltr'><strong>absurdi</strong></span> 
     </span>
    </p>
   </div>
   <div class='ocr_carea' id='block_1_114' title="bbox 2051 5126 3626 5200">
    <p class='ocr_par' dir='ltr' id='par_1_114' title="bbox 2051 5126 3626 5200">
     <span class='ocr_line' id='line_1_114' title="bbox 2051 5126 3626 5200; baseline 0.004 -22"><span class='ocrx_word' id='word_1_902' title='bbox 2051 5126 2320 5180; x_wconf 86' lang='lat' dir='ltr'><strong>intactum</strong></span> <span class='ocrx_word' id='word_1_903' title='bbox 2364 5128 2733 5197; x_wconf 88' lang='lat' dir='ltr'><strong>reliquerint?</strong></span> <span class='ocrx_word' id='word_1_904' title='bbox 2767 5129 3193 5200; x_wconf 82' lang='lat' dir='ltr'><strong>Respondebunt</strong></span> <span class='ocrx_word' id='word_1_905' title='bbox 3218 5144 3370 5199; x_wconf 87' lang='lat' dir='ltr'><strong>ergo,</strong></span> <span class='ocrx_word' id='word_1_906' title='bbox 3419 5138 3479 5183; x_wconf 89' lang='lat' dir='ltr'><strong>ut</strong></span> <span class='ocrx_word' id='word_1_907' title='bbox 3505 5144 3626 5184; x_wconf 87' lang='lat' dir='ltr'><strong>cre—</strong></span> 
     </span>
    </p>
   </div>
   <div class='ocr_carea' id='block_1_115' title="bbox 2051 5218 3627 5291">
    <p class='ocr_par' dir='ltr' id='par_1_115' title="bbox 2051 5218 3627 5291">
     <span class='ocr_line' id='line_1_115' title="bbox 2051 5218 3627 5291; baseline 0.003 -20"><span class='ocrx_word' id='word_1_908' title='bbox 2051 5219 2217 5273; x_wconf 88' lang='lat' dir='ltr'><strong>dibile</strong></span> <span class='ocrx_word' id='word_1_909' title='bbox 2240 5226 2324 5275; x_wconf 89' lang='lat' dir='ltr'><strong>est</strong></span> <span class='ocrx_word' id='word_1_910' title='bbox 2343 5260 2358 5285; x_wconf 95' lang='lat'><strong>,</strong></span> <span class='ocrx_word' id='word_1_911' title='bbox 2382 5218 2586 5274; x_wconf 89' lang='lat' dir='ltr'><strong>Filium</strong></span> <span class='ocrx_word' id='word_1_912' title='bbox 2616 5221 2822 5276; x_wconf 88' lang='lat' dir='ltr'><strong>idcirco</strong></span> <span class='ocrx_word' id='word_1_913' title='bbox 2847 5222 2901 5275; x_wconf 92' lang='lat' dir='ltr'><strong>in</strong></span> <span class='ocrx_word' id='word_1_914' title='bbox 2929 5221 3089 5275; x_wconf 89' lang='lat' dir='ltr'><strong>Patre</strong></span> <span class='ocrx_word' id='word_1_915' title='bbox 3114 5236 3256 5283; x_wconf 89' lang='lat' dir='ltr'><strong>esse,</strong></span> <span class='ocrx_word' id='word_1_916' title='bbox 3283 5229 3337 5275; x_wconf 92' lang='lat' dir='ltr'><strong>et</strong></span> <span class='ocrx_word' id='word_1_917' title='bbox 3362 5220 3414 5274; x_wconf 91' lang='lat' dir='ltr'><strong>in</strong></span> <span class='ocrx_word' id='word_1_918' title='bbox 3443 5221 3627 5291; x_wconf 91' lang='lat' dir='ltr'><strong>seipso</strong></span> 
     </span>
    </p>
   </div>
   <div class='ocr_carea' id='block_1_116' title="bbox 2053 5311 3625 5385">
    <p class='ocr_par' dir='ltr' id='par_1_116' title="bbox 2053 5311 3625 5385">
     <span class='ocr_line' id='line_1_116' title="bbox 2053 5311 3625 5385; baseline 0.004 -22"><span class='ocrx_word' id='word_1_919' title='bbox 2053 5326 2250 5365; x_wconf 88' lang='lat' dir='ltr'><strong>rursus</strong></span> <span class='ocrx_word' id='word_1_920' title='bbox 2286 5312 2494 5368; x_wconf 91' lang='lat' dir='ltr'><strong>habere</strong></span> <span class='ocrx_word' id='word_1_921' title='bbox 2522 5311 2776 5378; x_wconf 85' lang='lat' dir='ltr'><strong>Patrem,</strong></span> <span class='ocrx_word' id='word_1_922' title='bbox 2809 5315 2939 5382; x_wconf 92' lang='lat' dir='ltr'><strong>quia</strong></span> <span class='ocrx_word' id='word_1_923' title='bbox 2987 5314 3286 5369; x_wconf 89' lang='lat' dir='ltr'><strong>virtutibus</strong></span> <span class='ocrx_word' id='word_1_924' title='bbox 3334 5330 3473 5385; x_wconf 89' lang='lat' dir='ltr'><strong>quas</strong></span> <span class='ocrx_word' id='word_1_925' title='bbox 3523 5315 3625 5384; x_wconf 88' lang='lat' dir='ltr'><strong>ipsi</strong></span> 
     </span>
    </p>
   </div>
   <div class='ocr_carea' id='block_1_117' title="bbox 2053 5404 3625 5475">
    <p class='ocr_par' dir='ltr' id='par_1_117' title="bbox 2053 5404 3625 5475">
     <span class='ocr_line' id='line_1_117' title="bbox 2053 5404 3625 5475; baseline 0.003 -19"><span class='ocrx_word' id='word_1_926' title='bbox 2053 5418 2271 5474; x_wconf 86' lang='lat' dir='ltr'><strong>quoque</strong></span> <span class='ocrx_word' id='word_1_927' title='bbox 2301 5405 2670 5475; x_wconf 89' lang='lat' dir='ltr'><strong>assequimur,</strong></span> <span class='ocrx_word' id='word_1_928' title='bbox 2692 5405 2759 5458; x_wconf 89' lang='lat' dir='ltr'><strong>ad</strong></span> <span class='ocrx_word' id='word_1_929' title='bbox 2792 5420 2915 5459; x_wconf 91' lang='lat' dir='ltr'><strong>eum</strong></span> <span class='ocrx_word' id='word_1_930' title='bbox 2948 5404 3343 5461; x_wconf 80' lang='lat' dir='ltr'><strong>conformatur.</strong></span> <span class='ocrx_word' id='word_1_931' title='bbox 3365 5408 3434 5460; x_wconf 84' lang='lat' dir='ltr'><strong>At</strong></span> <span class='ocrx_word' id='word_1_932' title='bbox 3459 5407 3625 5475; x_wconf 86' lang='lat' dir='ltr'><strong>quid-</strong></span> 
     </span>
    </p>
   </div>
   <div class='ocr_carea' id='block_1_118' title="bbox 2053 5494 3625 5567">
    <p class='ocr_par' dir='ltr' id='par_1_118' title="bbox 2053 5494 3625 5567">
     <span class='ocr_line' id='line_1_118' title="bbox 2053 5494 3625 5567; baseline 0 -21"><span class='ocrx_word' id='word_1_933' title='bbox 2053 5496 2106 5547; x_wconf 90' lang='lat' dir='ltr'><strong>ni</strong></span> <span class='ocrx_word' id='word_1_934' title='bbox 2138 5509 2334 5549; x_wconf 90' lang='lat' dir='ltr'><strong>rursus</strong></span> <span class='ocrx_word' id='word_1_935' title='bbox 2355 5535 2369 5558; x_wconf 93' lang='lat'><strong>,</strong></span> <span class='ocrx_word' id='word_1_936' title='bbox 2401 5495 2626 5564; x_wconf 88' lang='lat' dir='ltr'><strong>inquam</strong></span> <span class='ocrx_word' id='word_1_937' title='bbox 2650 5534 2663 5556; x_wconf 92' lang='lat'><strong>,</strong></span> <span class='ocrx_word' id='word_1_938' title='bbox 2705 5510 2738 5547; x_wconf 91' lang='lat'><strong>0</strong></span> <span class='ocrx_word' id='word_1_939' title='bbox 2792 5494 2953 5559; x_wconf 90' lang='lat' dir='ltr'><strong>boni,</strong></span> <span class='ocrx_word' id='word_1_940' title='bbox 2986 5509 3110 5549; x_wconf 92' lang='lat' dir='ltr'><strong>cum</strong></span> <span class='ocrx_word' id='word_1_941' title='bbox 3156 5494 3446 5567; x_wconf 85' lang='lat' dir='ltr'><strong>Philippus</strong></span> <span class='ocrx_word' id='word_1_942' title='bbox 3476 5497 3625 5550; x_wconf 85' lang='lat' dir='ltr'><strong>dice-</strong></span> 
     </span>
    </p>
   </div>
   <div class='ocr_carea' id='block_1_119' title="bbox 2053 5583 3626 5652">
    <p class='ocr_par' dir='ltr' id='par_1_119' title="bbox 2053 5583 3626 5652">
     <span class='ocr_line' id='line_1_119' title="bbox 2053 5583 3626 5652; baseline -0.001 -15"><span class='ocrx_word' id='word_1_943' title='bbox 2053 5593 2133 5637; x_wconf 85' lang='lat' dir='ltr'><strong>ret</strong></span> <span class='ocrx_word' id='word_1_944' title='bbox 2186 5604 2197 5638; x_wconf 87' lang='lat'><strong>:</strong></span> <span class='ocrx_word' id='word_1_945' title='bbox 2254 5604 2269 5634; x_wconf 83' lang='grc' dir='ltr'><strong>ι</strong></span> <span class='ocrx_word' id='word_1_946' title='bbox 2305 5584 2529 5638; x_wconf 89' lang='lat' dir='ltr'><strong>Domine</strong></span> <span class='ocrx_word' id='word_1_947' title='bbox 2553 5624 2566 5648; x_wconf 91' lang='lat'><strong>,</strong></span> <span class='ocrx_word' id='word_1_948' title='bbox 2602 5583 2832 5639; x_wconf 88' lang='lat' dir='ltr'><strong>ostende</strong></span> <span class='ocrx_word' id='word_1_949' title='bbox 2866 5585 3026 5641; x_wconf 89' lang='lat' dir='ltr'><strong>nobis</strong></span> <span class='ocrx_word' id='word_1_950' title='bbox 3068 5585 3283 5642; x_wconf 82' lang='lat' dir='ltr'><strong>Patrem</strong></span> <span class='ocrx_word' id='word_1_951' title='bbox 3308 5630 3320 5652; x_wconf 91' lang='lat'><strong>,</strong></span> <span class='ocrx_word' id='word_1_952' title='bbox 3356 5607 3372 5637; x_wconf 76' lang='grc' dir='ltr'><strong>ι</strong></span> <span class='ocrx_word' id='word_1_953' title='bbox 3402 5594 3626 5642; x_wconf 83' lang='lat' dir='ltr'><strong>sanctos</strong></span> 
     </span>
    </p>
   </div>
   <div class='ocr_carea' id='block_1_120' title="bbox 2133 5760 3227 5827">
    <p class='ocr_par' dir='ltr' id='par_1_120' title="bbox 2133 5760 3227 5827">
     <span class='ocr_line' id='line_1_120' title="bbox 2133 5760 3227 5827; baseline 0.009 -18"><span class='ocrx_word' id='word_1_954' title='bbox 2133 5763 2195 5793; x_wconf 66' lang='lat'><strong>3°”</strong></span> <span class='ocrx_word' id='word_1_955' title='bbox 2230 5760 2247 5812; x_wconf 92' lang='lat' dir='ltr'><strong>l</strong></span> <span class='ocrx_word' id='word_1_956' title='bbox 2278 5761 2424 5815; x_wconf 84' lang='lat' dir='ltr'><strong>Petr.</strong></span> <span class='ocrx_word' id='word_1_957' title='bbox 2461 5778 2530 5821; x_wconf 89' lang='grc' dir='ltr'><strong>ιι,</strong></span> <span class='ocrx_word' id='word_1_958' title='bbox 2564 5764 2651 5817; x_wconf 75' lang='grc'>25.</span> <span class='ocrx_word' id='word_1_959' title='bbox 2732 5765 2770 5794; x_wconf 80' lang='grc'><strong>³¹</strong></span> <span class='ocrx_word' id='word_1_960' title='bbox 2814 5764 3003 5821; x_wconf 80' lang='lat' dir='ltr'><strong>Matth.</strong></span> <span class='ocrx_word' id='word_1_961' title='bbox 3038 5781 3113 5827; x_wconf 75' lang='grc' dir='ltr'>ιι,</span> <span class='ocrx_word' id='word_1_962' title='bbox 3142 5764 3227 5818; x_wconf 72' lang='lat'><strong>29.</strong></span> 
     </span>
    </p>
   </div>
  </div>
