4076 6270
548 402 661 454 Ξόῦ

1549 401 1929 462 S.‘CYRlLLl
1982 402 2455 466 ALEXANDRINI
2495 412 2816 471 ARCHIEP.

3702 419 3815 475 ειι

557 533 752 576 omnes
804 521 1087 592 apostolos
1136 521 1204 577 ad
1260 516 1553 593 imaginem
1608 530 1662 578 et
1711 524 2118 582 similitudinen

2237 498 2613 597 Selxalxadzb;
2644 533 2810 604 αὐτῷ.
2842 535 2914 587 Ἦ
2937 533 3339 589 διδασκέτωσαν
3366 534 3729 608 παρελθόντες
3763 538 3813 589 oi

556 617 810 667 exactam
845 611 967 681 ejus
1001 612 1148 683 quod
1190 613 1246 668 in
1289 613 1473 668 animo
1519 614 1757 670 habebat
1806 616 2129 684 proferens,

562 699 819 757 Christus
840 702 1020 757 aiebat
1042 721 1056 757 :
1087 701 1298 759 «Tanto
1315 711 1563 773 tempore
1583 704 1872 761 nobiscum
1896 707 2131 763 invicem

553 806 767 856 sumus,
788 799 842 846 et
859 807 969 847 non
994 794 1306 864 cognovisti
1326 794 1586 850 Patrem?
1615 815 1633 848 ι
1659 798 1821 868 Atqui
1856 800 2129 854 neminem

548 882 786 937 aliorum
819 898 1008 939 secum
1041 887 1309 951 assumit,
1343 886 1439 942 sed
1474 889 1654 943 solum
1688 889 1850 959 801
1887 905 1947 945 se
1976 888 2128 944 Patri

546 971 653 1026 soli
683 986 1032 1042 comparans,
1062 982 1253 1031 nostra
1282 979 1560 1045 praeterit,
1594 986 1653 1032 ut
1683 980 1843 1035 valde
1873 988 2128 1051 angusta,

545 1077 789 1132 cumque
823 1063 882 1117 in
915 1065 1001 1119 his
1030 1064 1278 1121 divinam
1306 1067 1678 1124 substantiam
1712 1078 1973 1126 accurate
2004 1072 2126 1126 nol-

542 1151 621 1205 let
651 1152 999 1222 exprimere,
1034 1155 1138 1212 soli
1171 1156 1280 1211 sibi
1309 1157 1775 1228 perfectissimam
1807 1161 2128 1217 similitudi-

543 1259 669 1299 nem
703 1248 1009 1302 reservavit
1035 1265 1089 1302 ιι
1113 1246 1219 1315 Qui
1253 1250 1397 1305 enim
1426 1266 1513 1307 me
1544 1251 1717 1320 vidit,
1744 1252 1959 1323 inquit,
1989 1256 2128 1309 vid-it

542 1340 597 1389 et
620 1333 893 1391 Patrem.»
925 1335 1130 1393 Deinde
1156 1338 1243 1395 his
1275 1340 1462 1394 statim
1493 1341 1816 1411 subjunxit:
1846 1361 1864 1395 ι
1886 1343 2127 1401 Creditis

542 1426 672 1492 quia
694 1441 795 1497 ego
814 1425 867 1481 in
896 1425 1080 1494 Patre,
1100 1437 1155 1484 et
1169 1428 1333 1483 Pater
1356 1431 1410 1484 in
1435 1446 1521 1486 me
1546 1432 1667 1486 est?
1694 1432 1954 1499 rQuando
1974 1435 2122 1490 enim

543 1517 1006 1588 perfectissimam
1061 1520 1117 1574 in
1146 1522 1404 1599 omnibus
1452 1522 1621 1578 habet
1661 1518 2120 1591 similitudinem,

539 1612 819 1680 quomodo
843 1627 952 1666 non
981 1612 1144 1666 habet
1171 1613 1288 1683 ipse
1318 1614 1540 1668 demum
1567 1615 1621 1668 in
1656 1616 1839 1686 seipso
1866 1615 2121 1683 Patrem,

538 1703 639 1759 sed
670 1703 1079 1773 quodammodo
1110 1703 1342 1758 habetur
1369 1718 1398 1757 a
1427 1703 1633 1761 Patre?
1654 1705 1785 1761 Tale
1814 1708 1945 1777 quid
1975 1708 2121 1762 enim

538 1797 742 1866 cogita,
758 1803 811 1850 et
828 1795 895 1850 ad
914 1810 1106 1851 eorum
1133 1812 1258 1867 qua:
1279 1797 1427 1852 dicta
1449 1805 1577 1853 sunt
1593 1798 2119 1855 demonstrationem

2237 621 2302 674 δι’
2333 624 2581 689 ἐναντίας
2626 626 2707 678 ὅτι
2748 626 2916 697 γέρας
2947 627 3060 696 ἔχει
3082 664 3097 690 ,
3128 625 3380 697 καθάπερ
3408 628 3571 697 ἡμεῖς
3594 669 3609 694 ,
3647 627 3711 681 τὸ
3755 629 3813 681 ὲν

2234 713 2313 785 τῷ
2344 715 2522 786 Πατρί
2570 718 2808 771 νοεῖσθαι
2857 719 2951 772 καί
2995 717 3200 783 αὐτὸς,
3245 717 3339 770 καί
3391 718 3669 782 πολιτείας
3713 718 3814 788 τῆς

2235 807 2374 860 κατά
2407 808 2572 878 νόμον
2601 809 2959 879 εὐαγγελικδν
3003 810 3333 881 ἀντίρροπον
3362 809 3620 881 ἀμοιϐήν.
3668 810 3812 863 Ἀλλ’

2232 897 2404 962 οὐδὲν,
2443 894 2618 971 οἶμαι,
2656 899 2829 954 δεινὸν
2854 900 3081 964 ἐκείνοις
3111 900 3358 970 φαίνεται
3390 900 3486 954 καὶ
3507 899 3687 957 τοῦτο.
3715 895 3814 964 Οἷς

2232 988 2342 1058 γὰρ
2375 984 2513 1053 εἶδος
2545 988 2696 1044 οὐδὲν
2726 989 3108 1059 γλωσσαλγίας
3136 990 3554 1061 ἀνεπιτήδευτον
3573 1031 3588 1056 ,
3625 990 3677 1043 τί
3700 988 3813 1042 τῶν

2231 1074 2369 1132 λίαν
2403 1081 2799 1150 ἀπηχεστάτων
2849 1081 2947 1151 οὐχ
2990 1080 3326 1150 ἱππήλατον;
3380 1079 3543 1142 Εἰκὸς
3586 1075 3682 1133 οὖν
3725 1080 3809 1132 ὅτι

2231 1172 2456 1224 κάκεῖνο
2494 1171 2709 1243 ἐροῦσιν
2732 1213 2745 1236 ,
2777 1172 2853 1235 ὡς
2896 1172 2980 1242 εἴη
3020 1170 3117 1241 μὲν
3170 1171 3199 1222 6
3238 1169 3367 1233 Υἱὸς
3407 1170 3464 1222 ἐν
3507 1171 3687 1240 Πατρί
3721 1169 3811 1223 διὰ

2229 1260 2410 1328 τοῦτο,
2452 1261 2566 1333 ἔχοι
2600 1262 2657 1315 δὲ
2682 1258 2748 1316 αὖ
2786 1263 2947 1317 πάλιν
2977 1262 3034 1314 ὲν
3064 1259 3242 1331 ἑαυτῷ
3266 1261 3358 1314 τὸν
3386 1261 3629 1329 Πατέρα,
3657 1260 3807 1312 ἐπείη

2230 1369 2336 1424 περ
2360 1355 2481 1416 ταῖς
2519 1353 2614 1408 καί
2651 1355 2784 1425 ἡμῖν
2810 1354 3062 1422 ἐφικταῖς
3091 1352 3313 1423 ἀρεταῖς
3337 1392 3351 1416 ,
3380 1350 3455 1413 ὡς
3482 1349 3621 1421 πρὸς
3646 1349 3808 1403 αὑτὸν

2230 1445 2648 1515 σχηματίςεται.
2682 1444 2792 1498 Καὶ
2812 1445 2866 1497 τί
2891 1445 2955 1514 δὴ
2992 1442 3176 1509 πάλιν,
3212 1436 3257 1494 ὦ
3285 1430 3569 1511 βέλτιστοι,
3602 1440 3806 1509 φαμὲν,

2226 1532 2493 1587 Φιλίππου
2541 1532 2791 1603 λέγοντος
2817 1550 2831 1563 ο
2873 1550 2891 1584 ι
2945 1531 3117 1603 Κύριε
3139 1571 3153 1596 ,
3194 1527 3365 1594 δεῖξον
3398 1529 3529 1599 ἡμῖν
3566 1527 3656 1581 τὸν
3689 1527 3805 1579 Πα-

2226 1626 2393 1696 τέρα,
2434 1644 2452 1676 ι
2518 1624 2611 1695 μὴ,
2649 1623 2859 1687 πάντας
2913 1608 3041 1686 τοὺς
3098 1620 3288 1690 ἁγίους
3347 1618 3679 1681 ἀποστόλους
3725 1619 3806 1683 εἰς

2226 1717 2412 1771 εἰκόνα
2435 1716 2530 1771 καὶ
2559 1715 2818 1787 ὁμοίωσιν
2852 1714 3053 1786 ἀκριϐῆ
3089 1710 3183 1766 τοῦ
3214 1710 3504 1780 νοουμένου
3537 1708 3805 1782 παραθεὶς

2227 1809 2467 1879 ἔφασκεν
2504 1810 2533 1861 6
2573 1808 2808 1883 Χριστός
2833 1823 2847 1838 ·
2880 1802 3132 1875 Τοσούτῳ
3161 1804 3336 1875 χρόνῳ
3378 1800 3531 1883 ,μετά
3560 1800 3807 1870 ἀλλήλων

541 1903 697 1958 cape.
732 1886 1009 1961 Numquid
1038 1891 1183 1944 enim
1206 1933 1220 1955 ,
1256 1891 1302 1946 si
1332 1890 1603 1955 Abrahzc,
1635 1898 1729 1944 aut
1761 1892 1991 1947 alterius
2023 1907 2118 1947 cu-

2227 1876 2415 1973 ὲσμὲν,
2462 1901 2558 1954 καὶ
2595 1876 2697 1954 ούκ
2727 1900 2973 1968 ἔγνωκας
3002 1898 3095 1950 τὸν
3129 1876 3389 1967 Πατέραξ
3428 1894 3571 1948 Ἀλλ’
3615 1893 3804 1946 οὐδένα

534 1974 759 2044 jusdam
788 1975 1027 2033 hominis
1060 1978 1229 2032 tilium
1263 1978 1463 2050 aliquis
1495 1980 1551 2034 in
1579 1980 1821 2036 medium
1854 1981 2119 2048 adducat,

538 2074 656 2120 tum
690 2066 961 2135 genitoris
985 2074 1236 2122 naturam
1258 2079 1488 2139 quaerat,
1513 2078 1977 2142 pcrcontcturque
2000 2073 2122 2143 qui-

535 2173 667 2212 nam
694 2165 750 2214 et
779 2158 960 2230 qualis
991 2160 1063 2216 sit
1093 2159 1140 2215 is
1168 2162 1266 2231 qui
1299 2162 1521 2231 genuit,
1553 2171 1705 2218 recte
1734 2164 1932 2234 utique
1963 2180 2120 2221 suam

535 2253 792 2303 naturam
842 2250 1247 2307 demonstraret
1268 2292 1299 2317 ,,
1333 2252 1528 2307 dicens
1560 2272 1573 2307 :
1605 2272 1623 2305 ι
1653 2253 1758 2320 Qui
1805 2255 1947 2310 vidit
1998 2272 2117 2325 me,

534 2340 675 2395 vidit
696 2348 751 2397 et
772 2342 1031 2412 patrem?
1064 2341 1180 2414 Ego
1209 2343 1262 2398 in
1290 2351 1467 2414 patre,
1492 2353 1547 2399 ct
1582 2349 1817 2416 paterin
1845 2363 1931 2404 me
1961 2356 2068 2405 est.
2096 2368 2115 2400 ι

536 2433 747 2490 Deinde
776 2445 832 2490 ut
865 2435 1180 2492 ostenderet
1207 2451 1268 2492 se
1305 2452 1435 2492 vere
1462 2437 1635 2508 loqui,
1685 2439 1952 2510 numquid
1983 2455 2117 2495 con-

535 2525 826 2581 venienter
854 2526 1079 2582 aﬂ'erret
1108 2527 1164 2582 in
1192 2527 1454 2584 humanis
1486 2530 1748 2599 operibus
1779 2540 1874 2585 aut
1905 2540 2121 2588 natura:

537 2605 767 2673 dotibus
807 2617 1149 2674 identitatem
1174 2661 1190 2686 ,
1221 2619 1412 2677 dicens
1439 2641 1452 2675 :
1486 2639 1505 2673 ι
1534 2620 1769 2693 Propter
1801 2640 1967 2694 opera
1998 2626 2118 2694 ipsa

540 2706 677 2761 mihi
731 2708 958 2764 credite.
993 2707 1250 2764 rCuncta
1281 2711 1427 2766 enim
1481 2712 1693 2778 habeo,
1745 2721 1800 2769 et
1850 2730 2118 2785 peragere

536 2807 742 2854 cuncta
773 2815 916 2870 queo
943 2816 1067 2871 quae
1107 2808 1322 2857 natura;
1369 2802 1627 2858 humana:
1676 2805 1890 2875 insunt.
1947 2807 2117 2877 Atqui

535 2907 669 2947 vera
698 2907 802 2949 nos
829 2893 1013 2950 dicere
1041 2909 1203 2950 nemo
1229 2911 1340 2959 non
1367 2937 1380 2963 ,
1416 2896 1633 2967 opinor,
1666 2897 1793 2966 jure
1832 2895 2113 2965 fatebitur,

535 2995 593 3040 ct
627 2984 916 3042 identitate
944 2987 1000 3042 in
1035 2988 1244 3045 nostris
1285 2987 1552 3058 operibus
1601 2989 1653 3043 id
1697 2998 1858 3044 acute
1889 2990 2119 3046 demon-

536 3078 727 3133 strari.
759 3078 961 3146 Quidni
994 3095 1125 3152 ergo
1155 3080 1251 3152 qui
1281 3086 1432 3136 recta
1481 3088 1815 3150 pervertunt
1868 3082 1934 3150 ³¹,
1968 3083 2112 3139 haud

534 3179 743 3226 rectam
775 3172 1047 3229 doctrina:
1081 3174 1333 3230 semitam
1372 3174 1636 3229 insistere
1672 3174 1791 3229 suis
1823 3174 2114 3245 discipulis

535 3264 875 3333 persuadent
896 3306 911 3332 ,
943 3265 1076 3332 sed,
1114 3265 1308 3319 relicta
1338 3264 1428 3318 via
1458 3265 1608 3335 regia
1632 3305 1647 3330 ,
1681 3265 2029 3322 inaccessam
2061 3276 2115 3323 et

534 3372 787 3428 asperam
820 3359 1037 3413 calcare
1074 3372 1133 3411 se
1164 3357 1453 3425 ignorant,
1497 3362 1552 3409 et
1596 3371 1730 3412 suos
1775 3360 2020 3415 asseclas
2050 3376 2116 3416 eo

533 3450 875 3519 compellunt
903 3449 927 3503 ?
955 3447 1060 3503 Sed
1094 3461 1195 3502 nos
1215 3485 1229 3510 ,
1264 3445 1602 3515 ejuscemodi
1649 3448 1731 3501 via
1765 3450 1992 3525 relicta,
2021 3468 2117 3522 per

531 3549 740 3594 rectam
774 3538 1133 3600 incedemus,
1180 3545 1269 3602 et,
1314 3551 1602 3592 sacrarum
1647 3538 1975 3596 Litterarum
2021 3558 2117 3598 au-

529 3631 790 3686 ctoritate
831 3629 1067 3691 muniti,
1119 3629 1543 3699 mquipotenlem
1576 3638 1630 3685 ct
1662 3633 2115 3689 consubstantia-

528 3723 640 3776 lem
690 3722 804 3777 Deo
848 3735 911 3775 ac
952 3719 1101 3775 Patri
1143 3719 1344 3777 Filium
1375 3723 1497 3794 ejus
1528 3727 1831 3781 secundum
1863 3736 2113 3783 naturam

529 3830 655 3871 esse
687 3814 1002 3879 credimus,
1033 3813 1267 3885 ejusque
1307 3816 1604 3886 imaginem
1646 3834 1768 3875 esse
1790 3861 1804 3887 ,
1838 3829 2001 3891 atquc
2035 3821 2118 3876 id-

529 3906 682 3960 circo
712 3906 765 3959 in
798 3905 961 3959 Patre
989 3921 1142 3968 esse,
1179 3916 1234 3962 et
1264 3908 1318 3960 in
1357 3909 1475 3973 ipso
1501 3907 1745 3967 Patrem.

2224 1993 2331 2048 τῶν
2349 1993 2523 2047 ἄλλων
2548 1991 2728 2063 ἐαυτῷ
2750 1988 3173 2061 συνεισδέχεται,
3207 1989 3368 2059 μόνον
3389 1986 3447 2040 δὲ
3470 1985 3618 2057 μόνῳ
3633 2001 3805 2056 παρα-

2226 2086 2339 2150 θεὶς
2371 2085 2451 2156 τῷ
2481 2084 2692 2155 Πατρί,
2728 2083 2803 2147 ὡς
2853 2080 3027 2153 μικρά
3082 2081 3179 2151 μὲν
3231 2079 3431 2150 κομιδῇ
3465 2076 3804 2149 παρατρέχει

2224 2179 2291 2232 τά
2315 2178 2559 2248 ἡμέτερα
2585 2215 2599 2240 ,
2648 2176 2749 2229 οὐκ
2793 2176 2851 2227 ὲν
2898 2174 3112 2237 τούτοις
3140 2173 3198 2225 δὲ
3236 2170 3481 2242 ἀκριϐῶς
3523 2170 3624 2240 τὴν
3654 2168 3805 2223 θείαν

2223 2272 2411 2327 οὐσίαν
2444 2268 2866 2338 ἐξεικονίζεσθαι
2900 2266 3067 2320 θέλων
3088 2307 3102 2333 ,
3136 2264 3314 2336 ἑαυτῷ
3345 2264 3619 2334 τετήρηκε
3657 2261 3803 2333 μόνῳ

2222 2364 2320 2436 τὴν
2353 2366 2433 2428 εἰς
2474 2363 2650 2434 ἄκραν
2689 2359 3019 2431 ἐμφέρειαν·
3059 2375 3078 2409 ι
3127 2356 3186 2409 '0
3228 2354 3336 2427 γὰρ
3383 2351 3647 2425 ἑωρακὼς
3680 2353 3801 2422 ἐμὲ,

2223 2457 2377 2528 φησί,
2421 2454 2513 2509 τὸν
2540 2452 2758 2523 Πατέρα
2790 2450 3055 2521 ἑώρακεν.
3098 2468 3115 2500 ι
3151 2442 3287 2500 Εἶτα
3319 2445 3530 2508 τούτοις
3565 2445 3801 2515 ἐπήνεγ-

2221 2566 2319 2602 κεν
2352 2545 2543 2610 εὺθύςο
2584 2564 2602 2598 ι
2647 2542 2943 2597 Πιστεύετε
2983 2541 3066 2593 ὅτι
3113 2537 3226 2606 ἐγὼ
3264 2539 3322 2590 ὲν
3361 2536 3438 2607 τῷ
3467 2536 3666 2607 Πατρί,
3707 2534 3802 2587 καὶ

2220 2637 2249 2688 6
2282 2634 2474 2706 Πατὴρ
2505 2635 2565 2687 δὲ
2594 2636 2651 2686 ἐν
2691 2631 2815 2702 ἐμοί
2854 2633 3037 2696 tactv;
3077 2647 3095 2680 ι
3132 2628 3306 2681 Ὅπου
3334 2626 3443 2698 γὰρ
3476 2624 3799 2696 ἀπαραλλά-

2221 2742 2363 2788 κτως
2398 2724 2511 2795 ἔχει
2542 2723 2684 2776 κατά
2713 2738 2775 2789 γε
2803 2719 2899 2791 τὴν
2930 2719 3160 2774 εἰσάπαν
3200 2717 3522 2789 ἐμφέρειαν,
3558 2716 3676 2780 πῶς
3699 2715 3802 2768 οὒκ
3857 2749 3860 2752 ~

2218 2818 2285 2873 ἂν
2331 2817 2444 2887 ἔχοι
2484 2813 2671 2867 λοιπὸν
2718 2811 2880 2872 αὐτὸς
2933 2810 3032 2880 μὲν
3061 2811 3137 2862 ’ὲν
3186 2806 3367 2878 ἐαυτῷ
3415 2807 3508 2860 τὸν
3556 2808 3800 2878 Πατέρα,

2219 2909 2401 2982 ἔχεται
2445 2907 2501 2961 δὲ
2553 2906 2742 2975 ὥσπερ
2781 2903 2888 2957 ὑπὸ
2932 2905 3026 2959 τοῦ
3069 2900 3312 2972 Πατρός;
3366 2900 3568 2953 Ἐννόει
3600 2901 3710 2970 γάρ
3748 2916 3803 2951 τι

2218 2998 2483 3059 τοιοῦτον,
2523 2997 2616 3050 καὶ
2649 2995 2786 3063 πρὸς
2816 2994 3091 3060 ἀπόδειξιν
3126 2992 3280 3063 δέχου
3317 2990 3427 3044 τῶν
3469 2991 3799 3062 εἰρημένων.

2217 3086 2365 3163 Ἀρά
2400 3088 2531 3159 γὰρ,
2583 3088 2636 3140 εἰ
2675 3105 2758 3150 τις
2792 3086 2850 3140 τὸ
2906 3085 3179 3155 Ἀϐραὰμ,
3221 3084 3388 3154 ἥγουν
3434 3083 3623 3154 ἑτέρου
3656 3081 3843 3155 τινὸς»

2218 3180 2506 3254 ἀνθρώπου
2529 3180 2691 3250 τυχὸν
2726 3180 2808 3241 εἰς
2847 3178 3008 3248 μέσον
3039 3177 3243 3245 ἀγάγοι
3288 3174 3520 3236 παιδίον,
3551 3168 3668 3227 εἶτα
3703 3172 3804 3239 τὴν

2218 3273 2311 3328 τοῦ
2337 3271 2586 3334 τεκόντος
2616 3269 2749 3323 αὐτὸ
2788 3267 3076 3339 διερωτοίη
3110 3267 3294 3336 φύσιν,
3325 3266 3406 3329 τίς
3443 3282 3504 3318 τε
3528 3258 3680 3327 ’ὅλως
3714 3263 3802 3332 εἴη

2219 3366 2313 3420 καὶ
2341 3363 2579 3426 ποδαπὸς
2605 3363 2633 3415 6
2668 3360 2844 3414 τεκὼν
2872 3359 3119 3430 βούλοιτο
3151 3359 3366 3429 μαθεῖν,
3404 3357 3505 3409 οὐκ
3545 3355 3611 3409 ἀν
3644 3354 3801 3406 εὐλό-

2222 3474 2333 3527 γως
2362 3455 2633 3525 ὲφώνησε,
2663 3451 2866 3523 μᾶλλον
2891 3450 3070 3520 δὲτὴν
3100 3451 3310 3502 οἰκείαν
3339 3446 3585 3511 ἐπέδειξε
3616 3446 3799 3515 φύσιν,

2218 3548 2428 3617 λέγων·
2490 3565 2507 3598 ι
2569 3546 2628 3598 '0
2677 3542 2938 3614 ἑωρακὼς
2973 3541 3111 3611 ἐμὲ,
3162 3539 3374 3611 ἑώρακε
3414 3539 3505 3591 τὸν
3549 3537 3799 3607 πατέρας

2236 3637 2376 3703 Ἐγὼ
2415 3639 2472 3703 ὲν
2518 3636 2594 3706 τῷ
2648 3635 2855 3704 πατρὶ,
2888 3634 2981 3687 καὶ
3015 3634 3043 3685 6
3092 3632 3275 3702 πατὴρ
3320 3633 3377 3685 ὲν
3418 3630 3541 3701 ἐμοί
3576 3631 3742 3681 ἐστιν.
3778 3647 3795 3677 ι

2220 3727 2352 3785 Εἶτα
2399 3729 2536 3800 πρὸς
2578 3726 2852 3790 ἀπόδειξιν
2883 3723 2975 3778 τοῦ
3023 3723 3123 3794 τὴν
3172 3722 3428 3794 ἀλήθειαν
3462 3722 3671 3781 εἰπεῖν,
3701 3719 3802 3772 οὐκ

2209 3823 2276 3877 ἀν
2331 3820 2592 3892 παροίσαι
2645 3817 2964 3889 πρεπόντως
3019 3815 3119 3885 τὴν
3176 3815 3234 3866 ἐν
3272 3816 3384 3878 τοῖς
3437 3812 3803 3884 ἀνθρωπίνοις

2219 3913 2440 3982 ἔργοις,
2486 3911 2606 3980 ἦτοι
2668 3910 2919 3977 φυσικοῖς
2977 3906 3417 3977 πλεονεκτήμασι
3470 3903 3801 3972 ταυτότητα,

528 4000 735 4068 λέγων·
777 4019 794 4051 ι
831 4000 930 4055 Διά
964 4002 1037 4055 τὰ
1070 4000 1206 4072 ἔργα
1245 4002 1384 4055 αύτά
1429 4004 1715 4057 πιστεύετέ
1750 4023 1859 4073 μοι.
1905 4026 1922 4057 ι
1964 4008 2114 4078 Ἔχω
2152 4008 2262 4078 γάρ
2302 4009 2503 4070 πάντα,
2580 4004 2674 4061 καὶ
2714 4005 2956 4074 ἐνεργεῖν
3026 4000 3194 4071 ἰσχύω
3244 4000 3312 4054 τὰ
3363 4002 3428 4071 τῇ
3481 3999 3805 4068 ἀνθρωπεία

528 4096 803 4166 προσόντα
828 4098 1009 4166 φύσει.
1057 4097 1218 4159 Ἀλλ’,
1249 4094 1421 4168 οἶμαι,
1460 4101 1567 4162 πᾶς
1595 4118 1679 4164 τις
1705 4102 1824 4172 ὲρεῖ
1892 4105 1984 4157 καί
2052 4103 2356 4158 συναινέσει
2403 4098 2628 4160 δικαίως
2687 4098 2768 4150 ὅτι
2820 4095 3075 4164 λέγοιμεν
3123 4093 3340 4165 ἀληθῆ,
3413 4092 3669 4163 δριμεῖαν
3739 4090 3799 4143 δὲ

524 4186 635 4241 τῶν
681 4188 739 4240 ὲν
769 4189 881 4253 τοῖς
919 4188 1068 4253 ἰδίοις
1098 4187 1283 4260 ἔργοις
1331 4188 1608 4255 ἀπόδειξιν
1653 4191 1753 4262 τὴν
1793 4194 2102 4265 ταυτότητα
2139 4190 2542 4264 παρακομίσαι.
2580 4187 2645 4240 Τί
2681 4184 2971 4257 τοιγαροῦν
2998 4185 3047 4237 οἰ
3080 4184 3149 4237 τὰ
3178 4182 3354 4254 ὀρθῶς
3418 4183 3612 4253 ἔχοντα
3666 4182 3799 4255 ¹δια-

527 4285 871 4356 στρέφοντες,
920 4284 993 4357 μὴ
1033 4285 1132 4357 τὴν
1166 4284 1381 4339 εὐθεῖαν
1410 4284 1519 4339 τῶν
1559 4287 1934 4359 θεωρημάτων
1967 4290 2105 4343 ἰέναι
2140 4288 2326 4361 τρίϐον
2358 4286 2484 4349 τοὺς
2519 4283 2684 4345 ἰδίους
2750 4281 3103 4336 ἀναπείθουσι
3144 4277 3430 4350 φοιτητὰς,
3467 4275 3628 4342 ἀλλά,
3699 4276 3802 4345 τῆς

525 4378 810 4457 βρισιλικῆς
834 4396 894 4431 τε
922 4379 1014 4432 καί
1036 4378 1405 4450 τετριμμένης
1436 4378 1760 4446 ἐξώσαντες,
1784 4382 1884 4453 τὴν
1908 4383 2105 4455 ἀστιϐῆ
2179 4384 2274 4437 καὶ
2340 4380 2601 4451 τραχεῖαν
2652 4374 2937 4446 ἐρχόμενοι
2985 4372 3331 4443 διαλελήθασι
3386 4370 3488 4442 μὲν
3547 4368 3799 4433 ἑαυτοὺς,

523 4470 869 4543 συντρίϐουσι
932 4472 990 4525 δὲ
1036 4474 1129 4525 καὶ
1176 4474 1305 4536 τοὺς
1359 4472 1592 4527 ἕπεσθαι
1647 4473 1759 4527 δεῖν
1818 4476 2101 4547 οἰομένους
2139 4476 2358 4538 αὐτοῖς;
2402 4471 2542 4525 Ἀλλ’
2572 4472 2754 4541 ἡμεῖς,
2800 4469 2860 4521 οὐ
2903 4467 3111 4538 ταύτην
3140 4466 3425 4538 ἐρχόμενοι
3491 4461 3591 4534 τὴν
3656 4461 3797 4525 ὁδὸν,

517 4563 618 4631 τὴν
668 4562 929 4633 εύθυτενῆ
979 4562 1346 4643 βαδιούμεθα,
1399 4565 1529 4631 καί,
1576 4568 1690 4629 τοῖς
1723 4568 1887 4638 ἱεροῖς
1956 4567 2264 4637 πειθόμενοι
2330 4564 2703 4636 Γράμμασιν,
2754 4559 3001 4628 ἰσοσθενῆ
3045 4559 3139 4612 καὶ
3207 4555 3491 4625 ὁμοούσιον
3531 4552 3609 4623 τῷ
3678 4549 3800 4619 Θεῷ

517 4657 611 4710 καὶ
653 4658 830 4728 Πατρὶ
878 4658 1207 4726 πιστεύομεν
1256 4654 1396 4713 εἶναι
1444 4661 1535 4713 τὸν
1582 4660 1641 4728 ἐξ
1695 4663 1861 4717 αὑτοῦ
1904 4666 2236 4737 γεννηθέντα
2304 4660 2445 4715 κατά
2491 4659 2651 4728 φύσιν
2691 4657 2855 4720 Υἱὸν,
2920 4655 3106 4708 εἰκόνα
3154 4671 3214 4707 τε
3268 4653 3535 4724 ὑπάρχειν
3606 4647 3795 4715 αὑτοῦ,

515 4746 605 4799 διά
632 4764 693 4800 τε
725 4746 885 4800 τοῦτο
915 4747 1079 4801 αὑτὸν
1108 4751 1207 4819 μὲν
1246 4744 1389 4803 εἶναι
1420 4751 1476 4804 ὲν
1507 4752 1704 4824 Πατρὶ,
1745 4754 1803 4807 ὲν
1833 4756 2013 4827 ἑαυτῷ
2043 4756 2100 4809 δὲ
2137 4754 2230 4809 τὸν
2264 4752 2505 4823 Πατέρα.
3401 4835 3405 4836 γ
3683 4834 3691 4836 Α
3756 4835 3765 4836 7
3876 4827 3889 4836 .

588 4836 728 4900 XIV,
765 4838 852 4905 i2,
886 4839 971 4893 15.
1002 4841 1188 4905 Amen,
1218 4860 1378 4916 amen_
1398 4843 1517 4898 dico
1543 4845 1707 4911 vobis,
1733 4847 1824 4916 qui
1848 4848 2015 4902 credit
2040 4849 2095 4902 in

2284 4843 2482 4912 Ἀμὴν,
2514 4841 2676 4912 ἀμὴν
2707 4840 2861 4906 λέγω
2910 4838 3072 4908 ὑμῖν,
3126 4840 3158 4891 ὁ
3196 4835 3500 4889 πιστεύων
3540 4836 3629 4900 εἰς
3668 4834 3796 4904 ἐμὲν

516 4943 599 4981 me
623 4967 638 4993 ,
684 4942 843 4995 opera
867 4945 985 5000 quae
1013 4946 1104 5001 ego
1122 4931 1263 4999 facio
1286 4975 1299 4995 ,
1344 4944 1394 4987 ct
1428 4934 1539 5003 ipse
1565 4934 1756 5004 faciet,
1778 4949 1853 4991 iet
1891 4940 2101 5009 majora

2223 4936 2276 4989 τὰ
2310 4934 2451 5002 ἔργα
2479 4931 2518 4987 ἃ
2557 4932 2670 4999 ἐγὼ
2717 4930 2885 4996 ποιῶ,
2938 4929 3216 4993 κάκεῖνος
3247 4925 3509 4992 ποιήσει,
3547 4927 3646 4979 καὶ
3670 4926 3801 4996 μεί-

517 5019 707 5071 Ιιονιιιη
738 5018 919 5087 faciet,
946 5022 1073 5091 quia
1093 5038 1186 5091 ego
1210 5023 1280 5076 ad
1305 5021 1522 5079 Patrem
1549 5027 1701 5082 vado.
1736 5028 1801 5082 Et
1831 5031 2103 5100 quodcun-

2223 5027 2345 5086 ῶνα
2382 5026 2609 5079 τούτων
2646 5022 2907 5088 ποιήσει,
2948 5020 3037 5073 ὅτι
3079 5019 3193 5087 ἐγὼ
3226 5019 3375 5086 πρὸς
3416 5017 3526 5071 τὸν
3563 5017 3799 5085 Πατέρα

514 5126 613 5189 quc
644 5111 906 5180 petieritis
947 5112 1163 5167 Patrem
1200 5115 1253 5167 in
1285 5117 1493 5170 nomine
1526 5135 1637 5172 meo
1661 5159 1675 5184 ,
1729 5121 1825 5174 hoc
1857 5121 2099 5196 faciam;

2223 5118 2549 5187 πορεύομαι.
2586 5116 2696 5169 Καὶ
2734 5114 2767 5166 ὅ
2796 5132 2850 5166 τι
2883 5112 2960 5165 ἂν
2999 5111 3289 5179 αἰτήσητε
3329 5111 3403 5163 ἐνΔ
3438 5109 3519 5174 τῷ
3550 5110 3801 5179 ὀνόματί

518 5212 573 5256 ut
602 5203 935 5275 gloriﬁcetur
967 5203 1133 5259 Pater
1155 5208 1206 5261 in
1238 5206 1404 5263 Filio.

2223 5228 2339 5273 λου,
2375 5210 2550 5263 τοῦτο
2590 5207 2845 5273 ποιήσω,
2887 5206 2987 5258 ἵνα
3019 5202 3292 5272 δοξασθῇ
3323 5207 3353 5257 ὁ
3385 5202 3592 5272 Πατὴρ
3621 5203 3692 5257 ἐν
3717 5201 3796 5267 τῷ

2219 5302 2348 5368 Υἱῷ.

2280 5393 2377 5463 Εἴη
2409 5393 2507 5462 μὲν
2530 5392 2617 5456 ἂν,
2649 5389 2803 5459 εἴπερ
2849 5407 2925 5459 τῳ
2951 5389 3118 5451 δοκεῖ,
3165 5386 3242 5456 τῷ
3275 5386 3385 5439 τῶν
3416 5387 3794 5458 προκειμένων

2209 5483 2526 5555 θεωρήματι
2557 5480 2994 5535 συνεκτείνεσθαι
3027 5477 3241 5538 πλάτει,
3277 5477 3487 5548 μακρὸς
3508 5479 3602 5530 καὶ
3627 5477 3794 5547 βαθὺς

2205 5576 2233 5627 ό
2266 5575 2441 5646 λόγος·
2470 5573 2530 5628 τὸ
2558 5574 2613 5626 δὲ
2643 5575 2754 5634 τοῖς
2784 5570 3155 5641 ἀκροωμένοις
3187 5568 3495 5632 ἐννοοῦντες
3524 5568 3793 5625 λυσιτελέ-

2211 5686 2417 5741 στερον,
2448 5665 2873 5737 περιδράξασθαι
2909 5664 3015 5716 τῶν
3047 5662 3461 5733 σημαινομένων
3492 5661 3794 5735 οἰησόμεθα

587 5378 643 5434 Si
684 5382 812 5460 quis
845 5397 1008 5451 quam
1060 5384 1223 5456 longe
1270 5396 1417 5458 patet
1464 5388 1569 5444 loci
1621 5390 1788 5460 hujus
1827 5393 2101 5463 expositio

514 5469 752 5526 dicendo
800 5473 1024 5530 extendi
1057 5478 1223 5542 velit,
1264 5480 1425 5551 longa
1461 5490 1509 5536 et
1555 5481 1661 5536 alta
1699 5483 1918 5553 quidem
1950 5493 2099 5539 esset

512 5563 695 5618 oratio
726 5581 740 5617 :
777 5565 871 5620 sed
910 5567 1039 5636 quid
1078 5569 1129 5624 in
1159 5571 1323 5642 802
1363 5588 1473 5627 rem
1507 5574 1824 5628 auditurum
1858 5576 1929 5630 sit
1975 5577 2097 5629 ani-

514 5657 605 5709 mo’
635 5665 954 5721 versantes,
985 5659 1205 5731 dempta
1247 5664 1517 5719 sermonis
1562 5666 1911 5735 prolixitntc,
1972 5684 2096 5722 cum

585 5832 629 5863 "
669 5831 809 5888 .‘Iith
872 5850 966 5898 ιιι,
1000 5839 1054 5889 9.
