4076 6270
348 407 460 463 Elii

1417 394 1483 450 IN
1520 393 1806 452 JOA‘NNIS
1842 389 2300 449 EVANGELIUM
2340 387 2471 446 LIB.
2510 388 2600 443 IX.

3507 379 3613 436 246

341 518 599 589 πρέπειν,
648 515 706 568 τὺ
734 512 865 567 πολὺ
894 509 987 565 τοῦ
1030 511 1189 581 λόγου
1224 488 1667 580 περιστείλαντες
1702 509 1875 579 μῆκος
1904 520 1919 539 ⁸

2027 506 2484 576 explanabimus:
2522 502 2630 558 erit
2660 500 2809 558 enim
2837 498 2929 557 hic
2956 498 3117 555 locus
3137 495 3248 554 isto
3274 495 3438 552 modo
3465 497 3613 551 mul-

340 607 428 678 εῐη
464 605 572 676 γὰρ
598 602 663 658 ἂν
695 603 834 656 οὕτω
866 603 1102 673 μάλιστα
1134 603 1247 664 τοῖς
1276 600 1491 665 πολλοῖς
1519 601 1926 672 εὐπαράδεκτον

340 697 405 748 τὸ
442 694 720 763 θεώρημα.
775 690 1074 758 Ἐπιδεῖξαι
1107 689 1397 761 τοιγαροῦν
1438 689 1701 762 ἐθελήσας
1736 692 1811 755 ὡς
1841 692 1924 762 εἴη

346 788 446 857 μὲν
490 784 772 856 ὀμοούσιος
804 783 881 854 τῷ
928 784 1041 855 ἰδίῳ
1070 783 1361 854 Γεννήτορι
1400 782 1496 836 καὶ
1529 784 1611 837 ὅτι
1642 785 1927 854 χαρακτήρ

340 881 487 931 ἐστιν
540 876 727 939 αὐτοῦ,
762 874 1120 947 ,φορούμενος
1172 875 1270 945 μὲν
1304 873 1378 937 ὡς
1419 875 1478 927 ὲν
1526 874 1820 945 ἀρχετύπῳ
1849 874 1928 945 τῷ

339 967 537 1038 Πατρὶ,
587 966 727 1037 ἔχων
772 983 837 1034 γε
890 966 997 1036 μὴν
1044 966 1103 1018 ὲν
1152 964 1333 1036 ἑαυτῷ
1377 965 1438 1019 τὸ
1478 965 1808 1037 ἀρχέτυπον,
1852 966 1929 1030 ὡς

340 1059 626 1129 χαρακτὴρ
649 1054 895 1127 φυσικῶς
922 1073 982 1108 τε
1009 1056 1099 1108 καὶ
1119 1056 1177 1107 οὐ
1188 1054 1411 1118 σιωδῶς,
1440 1055 1534 1108 καὶ
1553 1055 1615 1107 οὐ
1641 1053 1783 1107 κατά
1807 1070 1929 1107 τινα

342 1148 724 1219 σχηματισμὸν
766 1147 857 1200 τὸν
890 1138 960 1198 ’ὲν
990 1145 1280 1199 διαπλάσει
1305 1144 1594 1217 νοούμενον
1645 1144 1663 1215 (
1682 1145 1793 1199 ἄνω
1818 1143 1925 1215 γὰρ

344 1237 643 1307 σχημάτων
684 1235 747 1289 τὸ
784 1236 965 1299 Θεῖον,
1020 1236 1142 1288 ἐπεὶ
1170 1236 1264 1288 καὶ
1296 1234 1643 1305 ἀσώματον),
1699 1252 1718 1287 ι
1759 1234 1923 1303 Ἐγὼ,

341 1329 613 1403 φησὶνηὲν
640 1326 717 1398 τῷ
742 1326 939 1397 Πατρί,
980 1327 1075 1379 καὶ
1102 1327 1131 1378 ό
1160 1325 1347 1396 Πατὴρ
1381 1325 1436 1378 δὲ
1463 1326 1520 1379 ὲν
1547 1326 1669 1396 ἐμοί
1701 1328 1866 1379 ἐστιν.
1902 1344 1921 1376 ι

354 1416 497 1470 Ἀλλ’
541 1418 628 1471 ἵνα
669 1418 769 1487 τῆς
815 1416 1112 1487 ὲμφερείας
1158 1416 1257 1485 τὴν
1303 1416 1521 1487 ἰσότητα
1568 1417 1661 1469 καὶ
1684 1418 1744 1469 τὸ
1790 1417 1926 1488 σύμ-

342 1527 552 1581 μορφον
582 1510 1020 1582 ἀπαραλλάκτως
1052 1509 1126 1579 μὴ
1154 1509 1279 1562 καθ’
1308 1509 1495 1580 ἕτερόν
1520 1526 1641 1562 τινα
1674 1510 1925 1579 ζητῶμεν

339 1600 546 1668 τρόπον
572 1600 606 1670 ἢ
642 1601 705 1652 ὲκ
742 1599 917 1671 μόνων
948 1598 1056 1651 τῶν
1084 1601 1150 1669 τῇ
1181 1598 1339 1667 φύσει
1368 1598 1678 1668 προσόντων
1708 1598 1928 1651 πλεονε-

340 1688 645 1757 κτημάτων
691 1686 982 1754 (ὲντεῦθεν
1012 1687 1123 1758 γὰρ
1164 1683 1231 1757 ἦν
1274 1686 1505 1757 ούσιώδη
1551 1688 1645 1739 καὶ
1691 1686 1925 1756 φυσικὴν

338 1780 479 1849 ὁρᾷν
512 1779 610 1849 τὴν
636 1777 951 1849 ὁμοίωσιν),
1012 1778 1120 1832 «Εἰ
1171 1778 1227 1831 δὲ
1280 1777 1375 1848 μὴ,
1427 1778 1625 1847 φησὶν,
1677 1777 1784 1831 ἀπὸ
1816 1778 1925 1831 τῶν

2030 598 2101 654 tis
2146 604 2308 667 captu
2356 596 2555 651 facilis.
2590 593 2798 649 Volens
2831 592 3002 664 igitur
3044 590 3340 646 ostendere
3390 603 3450 645 se
3490 603 3615 643 esse

2029 689 2251 761 quidem
2284 704 2385 747 suo
2411 687 2561 742 Patri
2590 684 3122 743 consubstantialem
3154 683 3392 753 ejusque
3420 682 3615 736 chara-

2028 792 2230 838 cterem
2250 824 2281 846 ,p
2305 781 2399 851 qui
2437 781 2493 836 in
2524 779 2686 835 Patre
2714 786 2975 849 tanquam
3011 778 3066 831 in
3096 775 3400 847 archetypo
3434 774 3614 828 conti-

2030 881 2224 928 neatur
2250 915 2264 938 ,
2306 871 2503 927 habeat
2552 879 2739 926 tamen
2791 870 2845 924 in
2899 870 3081 938 seipse
3112 867 3511 938 archetypum,
3553 871 3613 917 ut

2029 967 2319 1021 character
2367 973 2568 1019 natura
2623 971 2786 1033 atquc
2844 962 3198 1029 substantia,
3257 975 3367 1015 non
3426 968 3610 1013 autem

2030 1056 2204 1110 forma
2257 1072 2321 1112 ac
2373 1056 2544 1125 figura
2582 1055 2834 1126 (figuras
2880 1055 3025 1109 enim
3077 1052 3219 1109 Deus
3269 1067 3377 1105 non
3427 1050 3610 1120 capit,

2028 1161 2152 1201 cum
2189 1146 2261 1201 sit
2294 1146 2736 1216 incorporeus),
2778 1165 2796 1197 ι
2837 1145 2970 1217 Ego,
3002 1146 3210 1213 inquit,
3242 1143 3296 1197 in
3326 1141 3523 1205 Patre,
3559 1150 3613 1195 et

2030 1237 2188 1292 Pater
2235 1238 2292 1293 in
2342 1253 2426 1293 me
2465 1246 2570 1292 est.
2606 1257 2624 1289 ›
2667 1238 2771 1293 Sed
2820 1244 2879 1292 ut
2911 1235 3296 1293 similitudinis
3330 1234 3612 1304 aequalita—

2031 1336 2137 1383 tem
2182 1336 2235 1382 ct
2269 1326 2713 1383 conformitatcm
2766 1343 2862 1398 per
2895 1328 3081 1381 omnia
3117 1326 3354 1381 similem
3392 1325 3613 1381 aliunde

2029 1434 2143 1473 non
2176 1434 2486 1490 quaeramus
2516 1434 2681 1489 quam
2731 1434 2797 1473 ex
2828 1419 2960 1475 solis
2992 1426 3207 1472 natura:
3237 1417 3611 1488 praerogativis

2030 1510 2199 1575 (hinc
2248 1512 2393 1564 enim
2436 1510 2861 1567 substantialem
2914 1519 2967 1567 et
3020 1510 3330 1565 naturalem
3384 1523 3613 1564 cernere

2030 1599 2152 1652 licet
2184 1598 2609 1654 similitudinem
2637 1603 2687 1667 ),
2725 1620 2743 1653 ι
2774 1600 3015 1671 Alioqui,
3054 1601 3154 1664 ait,
3188 1606 3414 1671 prepter
3444 1613 3611 1669 opera

2028 1690 2260 1746 credite.
2301 1711 2319 1743 ι
2357 1689 2524 1747 Recte
2555 1693 2756 1762 quippe
2791 1692 3144 1748 existimabat
3177 1692 3324 1763 quod
3351 1731 3365 1753 ,
3406 1691 3451 1746 si
3487 1690 3612 1761 quis

2030 1796 2090 1836 se
2122 1782 2424 1852 :equalibus
2453 1799 2579 1837 cum
2628 1782 2739 1838 Deo
2783 1798 2846 1838 ac
2882 1782 3047 1838 Patre
3089 1782 3351 1853 operibus
3385 1781 3611 1852 conspi-

338 1869 524 1939 ἔργων
571 1868 881 1922 πιστεύετε.
912 1887 931 1919 ι
981 1869 1138 1939 ’ῼετο
1180 1870 1288 1939 γὰρ
1336 1868 1400 1939 δὴ
1444 1869 1564 1921 λίαν
1607 1869 1784 1936 ὀρθῶς
1828 1870 1919 1934 ὡς,

2029 1886 2191 1926 cuum
2230 1876 2516 1942 spcctarit,
2544 1889 2644 1944 pro
2673 1874 2910 1928 naturali
2941 1874 3263 1929 charactere
3288 1885 3341 1929 et
3374 1872 3611 1942 imagine

340 1962 499 2033 εἴπερ
523 1963 660 2025 ὅλως
684 1960 940 2016 θεάσαιτό
968 1977 1051 2023 τις
1079 1960 1242 2014 αὑτὸν
1276 1962 1388 2024 τοῖς
1418 1960 1553 2022 ἴσοις
1578 1960 1928 2030 ἐκλάμποντα

342 2052 732 2124 κατορθώμασι
769 2053 844 2123 τῷ
878 2052 995 2124 Θεῷ
1030 2053 1124 2106 καὶ
1154 2053 1352 2122 Πατρὶ,
1391 2054 1470 2115 εἰς
1506 2053 1731 2121 φυσικὸν
1760 2052 1926 2117 ὅντως

347 2145 710 2216 παραδέξαιτο
746 2145 1073 2215 χαρακτῆρα
1105 2145 1200 2197 καὶ
1234 2145 1423 2197 εἰκόνα
1465 2144 1566 2212 τῆς
1607 2144 1793 2208 οὐσίας
1826 2146 1926 2197 αύ-

346 2234 441 2288 τοῦ
467 2251 480 2264 ·
536 2235 595 2287 οὐ
628 2234 735 2306 γὰρ
764 2236 829 2288 ἄν
882 2251 1013 2287 ποτε
1042 2235 1237 2306 δράσαι
1284 2234 1352 2286 τὰ
1384 2232 1473 2285 ίσα
1507 2233 1582 2302 τῷ
1608 2232 1723 2302 Θεῷ
1752 2234 1810 2287 τὸ
1849 2234 1924 2304 μὴ

350 2326 417 2377 ὲκ
461 2323 594 2377 Θεοῦ
640 2326 775 2379 κατὰ
820 2324 1000 2393 φύσιν,
1050 2325 1164 2378 ἀλλ’
1198 2324 1305 2377 οὐδ’
1340 2326 1406 2378 ἂν
1438 2325 1787 2395 προσγένοιτό
1819 2344 1922 2378 τινι

351 2414 461 2467 τῶν
488 2415 728 2485 γενητῶν
757 2414 815 2467 τὸ
854 2416 911 2469 ὲν
959 2414 1058 2485 ἴσῳ
1095 2416 1280 2485 μέτρῳ
1308 2418 1375 2486 τῇ
1411 2415 1531 2487 θείᾳ
1570 2416 1729 2484 φύσει
1761 2433 1924 2487 τερα-

350 2507 602 2576 τουργεῖν
645 2506 895 2561 δύνασθαί
934 2524 1087 2564 ποτε.
1129 2507 1343 2562 Ἀϐατα
1377 2509 1487 2579 γὰρ
1531 2510 1624 2561 καὶ
1670 2510 1924 2579 ἀνέπαφα

350 2595 635 2660 παντελῶς
659 2599 769 2660 τοῖς
798 2596 856 2663 ἐξ
874 2597 973 2651 οὐκ
998 2597 1167 2650 ὄντων
1198 2599 1278 2662 εἰς
1310 2598 1370 2652 τὸ
1396 2595 1534 2652 εἶναι
1569 2600 1925 2670 κεκλημένοις

346 2688 413 2740 τὲ
446 2687 543 2739 τοῦ
574 2687 661 2740 ἀεὶ
691 2688 843 2753 ὄντος
876 2692 1021 2755 ἰδίως
1054 2690 1238 2759 ἀγαθά
1262 2708 1276 2722 ο
1327 2690 1422 2744 καὶ
1454 2690 1537 2743 ὅτι
1572 2691 1671 2760 μὲν
1720 2692 1925 2744 ἀλοιδό-

343 2796 509 2848 ρητος
558 2779 835 2844 παντελῶς
880 2782 1033 2852 παρά
1084 2798 1147 2850 γε
1179 2766 1292 2846 τοῖς
1333 2777 1393 2835 εὖ
1443 2781 1730 2853 φρονοῦσιν
1774 2784 1803 2835 ό
1832 2784 1922 2836 τοῦ

342 2871 593 2940 Σωτῆρος
620 2870 770 2924 ἔσται
800 2871 978 2941 λόγος,
1022 2873 1320 2944 οὐδαμόθεν
1355 2873 1648 2927 ὲνὸοιάσειν
1681 2874 1827 2938 εἰκὸς
1856 2871 1923 2946 ἦν

336 2977 508 3023 τινας·
531 2961 750 3015 ἔσεσθαί
778 2980 841 3031 γε
865 2964 970 3035 μὴν
1000 2966 1111 3025 τοῖς
1139 2964 1397 3019 τάναντία
1415 2964 1725 3031 δοξάζουσιν
1744 2967 1827 3018 ὲτε
1839 2982 1924 3036 ρο-

334 3051 682 3117 διδασκαλίας
730 3055 984 3127 ἀφορμὴν
1018 3057 1110 3110 καὶ
1158 3056 1429 3127 πρόφασιν
1489 3059 1582 3110 καὶ
1619 3057 1681 3110 τὺ
1743 3058 1925 3122 καλῶς

338 3144 650 3213 εἰρημένον,
684 3146 784 3198 οὐκ
815 3147 1104 3217 ἠγνόησεν,
1150 3148 1225 3211 ὡς
1258 3148 1408 3212 Θεός.
1460 3149 1578 3202 Ἵνα
1625 3149 1805 3203 τοίνυν
1844 3151 1917 3221 μὴ
1947 3193 1989 3251 C

335 3236 449 3297 τοῖς
479 3234 547 3287 τὰ
590 3235 725 3306 ὀρθὰ
758 3236 1173 3309 διαστρέφουσιν
1207 3238 1644 3308 ἁθυρογλωττίας
1692 3242 1748 3293 ἐν
1793 3240 1919 3293 τού-

336 3342 449 3387 τοις
478 3327 858 3397 περιλείπ-ηται
886 3328 1064 3391 τόπος,
1100 3328 1232 3398 μηδὲ
1256 3329 1464 3396 λέγοιεν
1486 3332 1567 3382 ὅτι
1590 3330 1922 3402 δημιουργὸς

333 3416 443 3469 τῶν
481 3417 776 3488 θαυμάτων
807 3420 1027 3499 γέγονεν
1061 3424 1088 3474 ὁ
1119 3422 1246 3483 Υἱὸς
1296 3423 1395 3474 οὐκ
1442 3424 1504 3474 ὲκ
1551 3423 1652 3492 τῆς
1696 3423 1921 3495 ἐνούσης

339 3508 524 3578 ἰσχύος
556 3510 705 3580 αὐτῷ
747 3512 865 3564 οὐδὲ
896 3512 954 3577 ἐξ
1005 3511 1142 3575 ἰδίας
1171 3513 1477 3584 δυνάμεως,
1526 3516 1639 3568 ἀλλ’
1691 3516 1921 3588 ἐπείπερ

337 3594 482 3667 εἶχεν
512 3601 568 3650 ἐν
604 3599 780 3668 ἐαυτῷ
806 3600 895 3651 τὸν
930 3602 1148 3671 Πατέρα
1178 3602 1434 3655 ποιοῦντα
1465 3603 1534 3655 τὰ
1563 3604 1720 3675 ἔργα,
1756 3606 1921 3660 καθά-

338 3706 449 3757 περ
479 3685 571 3739 οῦν
607 3688 765 3751 αὐτὸς
816 3688 919 3757 ἔφη
950 3691 1043 3742 καὶ
1075 3691 1468 3762 διισχυρίσατο,
1522 3694 1922 3765 τεθεράπευκεν

340 3777 661 3844 ἀναγκαίως
685 3778 713 3827 ὁ
745 3778 949 3847 Κύριος
973 3783 1091 3844 ταῖς
1120 3782 1228 3833 τῶν
1259 3784 1545 3853 νοημάτων
1574 3787 1885 3857 ἐπαγωγαῖς
1903 3808 1916 3821 ο

340 3868 535 3921 ἑαυτὸν
572 3869 671 3938 μὲν
699 3868 807 3941 γὰρ
836 3870 891 3922 ὲν
917 3871 1125 3936 τούτοις
1150 3872 1367 3927 ἔσεσθαι
1396 3877 1630 3946 χορηγὸν
1660 3879 1922 3950 ἐπαγγέλ-

336 3960 489 4013 λεται
511 3962 626 4023 τοῖς
653 3962 999 4017 πιστεύουσιν
1026 3967 1104 4028 εἰς
1129 3966 1312 4031 αὐτὸν,
1337 3961 1521 4040 ὧνπερ
1550 3970 1614 4024 ἂν
1645 3972 1919 4029 ἐθέλουσιν

332 4053 528 4117 αἰτεῖν,
580 4053 674 4106 καὶ
708 4055 829 4125 ούχί
864 4057 1034 4128 μόνην
1067 4059 1250 4123 αὐτοῖς
1282 4062 1679 4130 ἐπαγγέλλεται
1721 4068 1917 4120 τοσαύ-

330 4159 433 4212 την
466 4145 801 4214 χορηγήσειν
830 4146 1059 4219 δύναμιν
1094 4149 1188 4202 καὶ¹
1223 4151 1493 4217 ἐξουσίαν,
1525 4154 1663 4209 ἀλλὰ
1688 4158 1787 4228 τὴν
1824 4158 1918 4212 ἐπὶ

328 4234 467 4287 πολύ
492 4252 505 4265 ·
539 4237 759 4306 μείζονα
780 4238 909 4310 γὰρ,
940 4242 1122 4311 φησιν,
1146 4235 1220 4297 ὧν
1244 4243 1353 4312 ἐγὼ
1378 4248 1655 4317 πεποίηκα
1678 4252 1913 4321 ποιήσει.

338 4325 505 4396 Ὀρᾷς
533 4322 627 4379 οῦν
658 4328 806 4393 ὅπως
850 4330 1148 4386 ἀνακόπτει
1178 4337 1465 4407 χρησίμως
1508 4340 1617 4394 τῶν
1663 4341 1731 4393 δι’
1766 4344 1916 4398 ἐναν⁶

324 4417 449 4480 τίας
489 4418 551 4471 τὸ
601 4419 820 4489 θράσος,
878 4423 973 4476 καὶ
1025 4425 1375 4496 ἀνασειράζει
1404 4428 1608 4499 τρόπον
1652 4432 1774 4486 τινὰ
1804 4437 1917 4499 τοῖς

2031 1963 2361 2017 substantiae
2412 1963 2533 2034 ejus
2574 1964 2633 1996 "
2680 1964 2861 2035 ipsum
2912 1966 3220 2035 susceperit
3263 1983 3276 2019 :
3327 1980 3609 2035 nunquam

2029 2052 2173 2108 enim
2218 2055 2370 2123 paria
2431 2070 2556 2107 cum
2604 2052 2715 2109 Deo
2761 2055 2928 2109 faciat
2962 2056 3053 2125 qui
3088 2070 3152 2110 cx
3207 2054 3315 2110 Deo
3364 2070 3475 2109 non
3523 2060 3610 2109 est

2030 2143 2331 2198 secundum
2381 2153 2671 2209 naturam,
2726 2142 2820 2197 sed
2879 2157 3075 2212 neque,
3110 2150 3361 2196 creatura
3409 2140 3609 2195 divina:
3705 2210 3717 2218 ο

2030 2242 2241 2288 naturre
2290 2234 2573 2288 miraculis
2604 2233 2891 2303 patrandis
2934 2249 3031 2303 par
3061 2247 3183 2288 esse
3218 2233 3410 2304 possit.
3457 2231 3608 2286 Bona

2030 2325 2177 2379 enim
2232 2332 2443 2378 natura:
2494 2324 2641 2378 illius
2682 2338 2803 2392 qua:
2855 2338 3070 2392 semper
3129 2328 3212 2376 est
3262 2321 3476 2390 penitus
3518 2319 3606 2373 in-

2031 2430 2256 2471 accessa
2300 2422 2428 2470 sunt
2463 2414 2529 2469 iis
2561 2430 2684 2485 quae
2718 2430 2784 2469 ex
2815 2414 2987 2468 nihilo
3027 2413 3294 2484 producta
3329 2420 3498 2477 sunt;
3553 2417 3607 2464 et

2028 2508 2374 2577 inculpatum
2417 2505 2635 2577 quidem
2679 2520 2908 2575 prorsus
2940 2502 3086 2574 apud
3127 2511 3277 2556 recte
3307 2501 3606 2556 sentientes

2029 2598 2340 2654 Servatoris
2392 2612 2705 2653 sermonem
2758 2596 2913 2661 fore,
2966 2593 3228 2650 credibile
3272 2600 3391 2648 erat
3428 2591 3607 2647 nulla—

2025 2699 2184 2746 tenus
2245 2690 2595 2749 dubitaturos
2651 2690 2905 2759 aliquos;
2954 2696 3332 2743 verumtamen
3387 2684 3606 2741 haereti-

2024 2798 2119 2839 cos
2174 2797 2328 2837 nova:
2376 2782 2649 2836 doctrina:
2682 2781 3038 2836 occasionem
3071 2787 3126 2835 ct
3153 2786 3475 2851 praetextum
3514 2792 3604 2832 ar-

2026 2885 2279 2944 repturos
2301 2873 2465 2928 etiam
2491 2873 2543 2926 id
2572 2871 2718 2942 quod
2746 2878 2893 2927 recte
2917 2871 3127 2927 dictum
3151 2879 3289 2937 erat,
3317 2886 3427 2926 non
3450 2871 3605 2942 igno-

2026 2965 2201 3028 ravit,
2240 2973 2303 3018 ut
2346 2964 2510 3018 Deus.
2550 2962 2625 3017 Ne
2665 2963 2833 3031 igitur
2862 2962 2931 3016 iis
2967 2962 3060 3032 qui
3092 2970 3244 3017 recta
3286 2967 3605 3032 pervertunt

2027 3056 2347 3127 petulantiae
2398 3056 2554 3112 locus
2605 3055 2693 3110 hic
2738 3056 3148 3125 relinqueretur
3190 3055 3373 3119 ullus,
3425 3069 3604 3123 neque

2025 3149 2272 3204 dicerent
2302 3147 2565 3202 miracula
2605 3156 2856 3217 patrasse
2908 3145 3109 3201 Filium
3144 3162 3257 3200 non
3299 3145 3351 3198 vi
3379 3145 3603 3215 quidem

2024 3255 2087 3295 ac
2119 3247 2390 3311 potestate
2433 3254 2565 3304 sua,
2613 3240 2710 3294 sed
2743 3239 2873 3309 quia
2914 3238 3149 3292 habebat
3188 3238 3243 3290 in
3283 3237 3463 3304 seipse
3498 3234 3590 3288 Pa-

2024 3339 2160 3386 trem
2211 3331 2498 3386 facientem
2548 3346 2753 3400 opera,
2794 3327 3258 3400 quemadmodum
3308 3327 3426 3396 ipse
3462 3326 3601 3379 dixit

2023 3431 2186 3493 atque
2228 3423 2575 3477 confirmavit
2598 3462 2613 3485 ,
2654 3420 2972 3475 necessario
3003 3417 3268 3471 Dominus
3298 3416 3600 3470 remedium

2023 3516 2223 3579 attulit,
2255 3514 2598 3583 subjungens
2630 3528 2688 3568 se
2717 3510 3071 3567 credentibus
3104 3509 3157 3562 in
3185 3523 3244 3563 se
3275 3507 3599 3577 largiturum

2021 3620 2083 3660 ea
2115 3621 2235 3677 qua:
2263 3614 2446 3675 petere
2479 3606 2787 3668 voluerint;
2824 3617 3000 3672 neque
3029 3616 3162 3656 vero
3188 3606 3391 3655 tantam
3420 3615 3477 3654 se
3503 3600 3601 3655 da-

2019 3702 2205 3748 turum
2238 3694 2346 3748 vim
2394 3708 2459 3747 ac
2489 3699 2813 3761 potestatem
2857 3690 3165 3760 promittit,
3214 3689 3308 3744 scd
3366 3690 3601 3759 amplio-

2020 3800 2133 3838 rem
2163 3804 2175 3839 :
2208 3803 2226 3835 ι
2256 3783 2463 3853 Majora
2492 3784 2663 3848 enim,
2698 3783 2897 3852 inquit,
2935 3782 3101 3836 faciet
3131 3782 3215 3837 his
3244 3797 3364 3852 qua:
3384 3797 3485 3853 ego
3520 3781 3599 3836 fa-

2020 3878 2159 3932 cio.)
2192 3877 2355 3932 Vides
2388 3891 2516 3947 ergo
2538 3890 2647 3945 quo
2678 3883 2841 3946 pacto
2858 3873 3303 3929 adversariorum
3335 3873 3599 3943 infringat

2018 3969 2333 4033 audaciam,
2374 3976 2430 4023 et
2462 3975 2682 4022 revocet
2718 3966 3125 4036 quodammodo
3153 3980 3252 4020 eos
3280 3966 3375 4037 qui
3416 3966 3469 4020 in
3507 3981 3598 4035 pe-

2019 4069 2132 4115 tras
2156 4060 2285 4114 caeci
2318 4064 2505 4113 ruunt.
2533 4057 2684 4113 Dicet
2714 4058 2859 4112 enim
2886 4056 2968 4111 eis
2998 4055 3195 4125 aliquis
3223 4074 3236 4111 :
3271 4055 3315 4111 Ο
3346 4057 3501 4112 stulti
3532 4070 3597 4112 ac

2018 4153 2169 4216 caeci,
2190 4153 2280 4223 qui
2303 4152 2519 4205 nihilex
2540 4150 2721 4220 scipso
2741 4148 2936 4204 Filium
2958 4148 3140 4203 facere
3173 4162 3337 4218 posse
3366 4149 3592 4219 putatis.

2018 4244 2114 4299 sed
2141 4244 2189 4298 ei
2214 4243 2396 4297 datam
2423 4257 2545 4297 esse
2563 4242 2744 4311 potius
2771 4226 3162 4294 miraculorum
3186 4238 3349 4308 803
3374 4247 3596 4308 patran-

2016 4334 2211 4389 dorum
2243 4333 2353 4385 vim
2391 4346 2455 4385 ac
2491 4336 2815 4398 potestatem
2857 4343 2886 4381 a
2916 4328 3077 4382 Patre
3102 4367 3116 4391 ,
3159 4326 3435 4397 quomodo
3480 4342 3596 4380 ma-

2010 4424 2129 4495 jora
2166 4424 2424 4477 daturum
2462 4437 2521 4477 se
2559 4422 2849 4491 pollicetur
2874 4418 3230 4473 credentibus
3284 4418 3340 4472 in
3370 4419 3597 4488 ipsum?

232 4505 236 4508 ’
325 4507 573 4577 ἐλέγχοις
595 4511 949 4605 -ὲρχομένους
993 4515 1134 4569 κατὰ
1185 4513 1421 4588 πετρῶν.
1489 4519 1636 4591 Ἐρεῖ
1678 4525 1786 4594 γάρ
1828 4543 1911 4590 τις

2022 4514 2301 4580 Quomodo
2328 4512 2475 4584 quod
2507 4527 2618 4564 non
2659 4511 2795 4565 fecit
2823 4510 2936 4579 ipse
2966 4549 2980 4573 ,
3021 4510 3161 4564 alter
3190 4509 3456 4580 perﬁciet,
3485 4511 3596 4563 vir-

324 4602 512 4666 αὐτοῖς
538 4620 551 4633 '
594 4599 663 4655 Ὦ
700 4605 914 4676 ἀνόητοι
945 4608 1039 4660 καὶ
1065 4609 1277 4676 τυφλοὶ,
1312 4612 1478 4681 μηδὲν
1514 4614 1573 4678 ἐξ
1605 4616 1799 4670 ἑαυτοῦ
1829 4618 1912 4670 δε-

323 4689 585 4758 δυνῆσθαι
619 4694 920 4764 κατορθοῦν
951 4696 1312 4767 ὑπειληφότες
1356 4698 1447 4754 τὸν
1477 4701 1625 4768 Υἰὸν,
1682 4722 1910 4778 κεχορη-

322 4780 529 4849 γῆσθαι
555 4782 611 4835 δὲ
645 4785 845 4852 μᾶλλον
873 4786 972 4855 τὴν
1007 4788 1092 4856 ἐφ’
1122 4789 1293 4842 ἅπασι
1322 4794 1435 4855 τοῖς
1470 4782 1788 4865 παραδόξως
1820 4815 1907 4850 τε-

322 4870 670 4941 τελεσμένοις
695 4873 923 4944 δύναμίν
947 4894 1004 4928 τε
1033 4879 1125 4930 καὶ
1153 4877 1397 4942 ἐξουσίαν
1421 4882 1525 4935 ὑπὸ
1548 4884 1641 4937 τοῦ
1672 4887 1904 4957 Πατρὸς,

324 4961 446 5023 πῶς
490 4963 585 5015 καὶ
638 4965 861 5033 μείζονα
893 4966 1217 5038 κατορθοῦν,
1272 4972 1667 5041 ἐπαγγέλλεται
1714 4977 1906 5034 δώσειν

321 5053 438 5113 τοῖς
464 5053 810 5109 πιστεύουσιν
837 5058 917 5120 εἰς
950 5061 1112 5113 αὐτόν
1140 5077 1154 5125 ;
1206 5061 1329 5125 Πῶς
1358 5062 1385 5115 ὃ
1418 5065 1491 5134 μὴ
1524 5065 1779 5137 δέδρακεν
1806 5070 1905 5122 αύ-

320 5142 433 5207 τὸς,
458 5143 643 5215 ἔτερος
671 5147 1028 5217 κατορθώσει,
1054 5152 1152 5222 τὴν
1179 5154 1309 5223 παρ’
1331 5155 1495 5207 αὑτοῦ
1524 5156 1906 5225 δανεισάμενος

320 5232 584 5305 δύναμιν;
639 5237 748 5291 Θέα
777 5238 887 5307 γὰρ
921 5241 1068 5306 ὅπως
1110 5245 1209 5297 οὐκ
1242 5245 1462 5316 εἴρηκεν
1493 5248 1550 5299 ὲν
1577 5249 1785 5312 τούτοις
1821 5251 1904 5302 ὅτι

318 5327 620 5397 χορηγήσει
666 5332 780 5393 τοῖς
828 5333 1145 5387 πιστεύουσι
1195 5336 1421 5407 δύναμιν
1451 5339 1477 5390 ό
1512 5339 1732 5408 Πατὴρ,
1788 5341 1902 5393 ἀλλ’

325 5433 344 5464 ι
380 5416 451 5466 "U
472 5432 524 5467 τι
568 5416 633 5470 ἂν
663 5421 921 5493 αἰτήσητε
970 5427 1027 5477 ἐν
1056 5426 1132 5496 τῷ
1164 5428 1390 5498 ὀνόματί
1436 5446 1560 5498 μου,
1611 5431 1839 5500 ποιήσω.
1878 5452 1894 5481 ι

328 5506 390 5558 ’0
422 5506 480 5558 δὲ
511 5510 623 5573 τοῖς
652 5511 831 5578 ἄλλοις
860 5518 953 5569 καὶ
984 5517 1053 5569 τὰ
1081 5517 1252 5588 μείζω
1282 5520 1549 5574 δύνασθαι
1577 5521 1896 5591 κατορθοῦν,

314 5598 390 5661 ὡς
420 5597 574 5664 Θεὸς,
627 5603 917 5673 ἐπιδιδοὺς,
973 5610 1086 5674 πῶς
1122 5611 1184 5664 ἂν
1219 5613 1377 5676 αὐτὸς
1411 5613 1719 5685 ἐχορηγήθη
1772 5618 1897 5684 παρ’

388 5780 434 5813 ³³
473 5781 636 5839 llebr.
672 5801 708 5849 ι,
748 5786 800 5840 ὖ.

2016 4613 2129 4661 tute
2158 4605 2227 4657 ab
2264 4619 2343 4659 eo.
2364 4603 2652 4657 mutuata?
2682 4600 2934 4667 Advorte
2962 4600 3108 4655 enim
3145 4608 3202 4653 ut
3243 4616 3351 4655 non
3386 4600 3479 4654 hic
3507 4600 3593 4654 di-

2010 4699 2148 4754 xerit
2178 4696 2394 4749 Patrem
2436 4695 2689 4749 fidelibus
2739 4694 2999 4748 virtutem
3050 4692 3404 4762 largiturum,
3456 4692 3578 4759 sed,

2019 4811 2035 4842 ι
2072 4789 2226 4856 Quod
2279 4786 2544 4857 petieritis
2601 4787 2657 4840 in
2713 4786 2937 4840 nomine
2980 4799 3122 4848 meo,
3156 4784 3259 4837 hoc
3310 4782 3531 4837 faciam.
3566 4803 3585 4836 ι

2012 4883 2116 4950 Qui
2141 4895 2271 4951 ergo
2291 4880 2438 4945 aliis,
2459 4886 2518 4933 ut
2536 4877 2700 4942 Deus,
2726 4878 2932 4946 majora
2959 4876 3210 4946 patrandi
3241 4875 3348 4927 vim
3371 4875 3584 4938 tribuit,

2010 4973 2285 5047 quomodo
2330 4972 2447 5042 ipsc
2493 4971 2560 5025 ab
2605 4971 2726 5025 aliis
2755 4970 2857 5024 ista
2899 4968 3135 5023 faciendi
3173 4969 3429 5021 virtutem
3468 4983 3588 5020 mu-

2011 5066 2241 5122 tuetur?
2283 5064 2649 5130 Quamobrem
2676 5078 2833 5132 nugae
2863 5074 2990 5116 sunt
3030 5061 3214 5114 istbaec
3261 5074 3488 5127 prorsus
3524 5074 3588 5114 ac

2009 5155 2295 5211 diabolica:
2324 5152 2701 5223 perversitatis
2735 5152 2977 5204 inventa.
3007 5150 3115 5203 Nec
3157 5148 3307 5201 enim
3332 5145 3452 5199 Filii
3478 5148 3585 5200 vim

2011 5265 2072 5302 ac
2095 5255 2423 5317 potestatem
2456 5245 2666 5298 ﬁnitam
2699 5258 2921 5306 cernes,
2971 5248 3030 5293 ut
3067 5239 3132 5292 ad
3165 5239 3429 5291 nonnulla
3464 5238 3585 5307 qui-

2010 5336 2132 5389 dem
2158 5351 2215 5388 sc
2243 5333 2523 5396 extendat,
2549 5332 2645 5386 sed
2670 5330 2971 5398 majoribus
2998 5341 3343 5395 nequaquam
3369 5342 3465 5396 par
3491 5328 3584 5393 sit,

2012 5443 2199 5481 verum
2232 5440 2574 5495 quaecunque
2605 5422 2731 5476 velit
2756 5420 2917 5472 facile
2958 5423 3301 5487 peragentem
3329 5456 3343 5479 ,
3375 5416 3585 5486 dignis-

2009 5536 2116 5589 que
2145 5519 2464 5587 largicntcm
2506 5523 2567 5569 ut
2595 5512 2897 5581 aequalibus
2946 5509 3061 5563 sive
3092 5509 3255 5563 etiam
3289 5509 3582 5564 altioribus

2012 5612 2166 5669 soliis
2201 5611 2525 5681 glorientur.
2562 5606 2747 5675 Neque
2774 5611 2961 5659 tamen
2987 5601 3275 5674 quisquam
3308 5608 3458 5674 putet
3481 5612 3581 5654 nos
