4076 6270
546 358 648 415 247

1550 353 1607 409 S.
1631 352 1909 409 CYRILLI
1937 352 2406 407 ALEXANDRINI
2430 353 2750 412 ARCHIEP.

3705 364 3811 418 223

550 472 823 528 afﬁrmare
842 473 1060 545 aliquos
1082 486 1272 529 eorum
1296 470 1388 543 qui
1421 471 1475 526 in
1498 485 1624 525 eum
1644 471 1902 533 credunt,
1935 484 2108 523 crean-

2229 469 2415 539 ἐτέρου
2459 470 2521 523 τὸ
2564 470 2855 538 δύνασθαι;
2913 472 3123 526 Οὐκοῦν
3156 475 3320 544 λῆρος
3351 474 3450 545 μέν
3483 475 3552 530 τά
3586 477 3808 531 ἐκείνων

551 563 606 618 di
637 564 827 630 caelos,
851 566 1140 634 solemque
1161 579 1225 619 ac
1253 564 1437 618 lunam
1463 603 1479 627 ,
1515 571 1611 616 aut
1644 562 1915 617 illustrem
1950 568 2124 613 astro-

549 672 672 711 rum
699 657 960 722 chorum,
1008 659 1090 711 vel
1114 657 1275 712 etiam
1311 656 1535 727 angelos
1560 695 1577 720 ,
1620 667 1715 709 aut
1745 663 1947 709 terram
1979 692 1994 718 ,
2032 658 2125 705 aut

548 763 672 817 qua:
713 748 768 803 in
823 764 887 804 ea
940 758 1094 816 sunt,
1126 747 1397 803 condendi
1438 748 1489 803 vi
1545 747 1772 817 pollere.
1815 744 1928 799 Nec
1976 743 2122 799 enim

549 839 605 892 in
654 838 742 894 his
788 840 1056 895 orationis
1092 854 1291 909 scopus
1324 843 1593 902 vertitur,
1629 836 1724 892 sed
1762 835 1831 890 ad
1872 850 1994 905 qua:
2027 847 2125 904 par

546 936 630 982 est
658 928 976 984 extenditur
1000 968 1015 994 ,
1051 938 1105 984 et
1137 930 1389 984 humanae
1414 929 1685 983 claritatis
1714 942 1837 999 quae
1866 925 2036 996 gloria
2070 931 2126 977 et

546 1018 987 1076 sanctificatione
1042 1028 1264 1076 constat
1314 1020 1537 1075 modum
1596 1032 1706 1074 non
1756 1016 2121 1073 transcendit.

545 1112 758 1169 Idcirco
788 1115 938 1168 enim
973 1116 1248 1171 sermonis
1289 1115 1607 1169 liberiorem
1640 1126 1941 1168 excursum
1977 1124 2119 1180 quo-

543 1204 837 1261 dammodo
873 1206 1130 1263 inhibens
1158 1248 1172 1271 ,
1214 1213 1269 1261 et
1303 1204 1589 1260 miraculis
1630 1218 1660 1257 a
1715 1218 1775 1258 se
1828 1202 1883 1256 in
1930 1208 2076 1254 terra
2103 1235 2122 1264 ,

544 1297 766 1366 quando
811 1296 991 1353 factus
1035 1306 1122 1353 est
1171 1297 1371 1360 homo,
1422 1295 1589 1350 editis
1630 1293 1897 1363 majorem
1956 1305 2123 1362 porro

542 1388 978 1459 magnitudinem
1010 1404 1321 1459 apponens,
1362 1406 1380 1438 ι
1423 1385 1557 1453 Qua:
1590 1401 1691 1456 ego
1722 1385 1856 1447 feci,
1899 1382 2119 1453 inquit,

543 1480 730 1549 faciet,
758 1491 811 1537 et
835 1483 1045 1554 majora
1078 1482 1182 1539 his.
1211 1501 1230 1534 ι
1266 1481 1384 1537 Non
1412 1481 1558 1537 enim
1585 1481 1743 1551 quasi
1777 1479 1984 1548 majora
2014 1493 2121 1532 non

542 1580 754 1642 posset,
784 1554 942 1628 suain
971 1580 1299 1643 potestatem
1322 1572 1487 1627 rebus
1516 1587 1545 1625 a
1574 1588 1633 1627 se
1661 1572 1825 1629 editis
1853 1571 2119 1635 definivit,

542 1664 639 1719 sed
671 1666 911 1735 peractis
954 1680 1076 1735 quae
1116 1666 1404 1735 oportebat
1445 1674 1500 1719 et
1527 1678 1875 1735 quzecunque
1904 1672 2121 1733 tempus

539 1754 597 1808 in
635 1755 879 1809 medium
920 1756 1143 1819 attulit,
1176 1754 1794 1824 incomprehensibilem
1826 1752 2118 1823 potestatis

2229 561 2505 626 παντελῶς
2535 562 2627 615 καὶ
2648 560 2803 625 ὕθλος
2827 563 3031 625 εἰκαῖος
3055 562 3149 616 καὶ
3178 563 3564 633 δαιμονιώδους
3583 565 3808 635 δυστρο-

2228 652 2359 717 πίας
2386 652 2688 723 εὖρέματα.
2737 653 3170 724 Πεπερασμένην
3202 653 3257 706 δὲ
3303 653 3557 725 οὐδαμῶς
3590 655 3689 727 τὴν
3715 657 3807 710 τοῦ

2225 745 2357 799 Υἰοῦ
2384 745 2614 817 δύναμιν
2660 745 2934 818 θεωρήσαι
2961 763 3044 811 τις
3095 746 3185 809 ἂν,
3233 747 3354 799 ούδὲ
3381 746 3680 815 διήκουσαν
3710 748 3809 816 μὲν

2226 837 2317 891 ἐπί
2343 855 2395 891 τι
2424 837 2533 891 τῶν
2562 837 2752 901 ὄντων,
2782 839 2883 890 οὐκ
2914 836 3192 910 ἀρκοῦσαν
3222 837 3278 890 δὲ
3304 841 3415 901 τοῖς
3436 836 3518 891 ἔτι
3544 838 3807 910 μείζοσιν,

2223 929 2341 982 ἀλλ’
2383 931 2594 1001 ὅσαπερ
2642 930 2709 983 ἀν
2744 928 2986 1000 βούλοιτο
3013 928 3184 983 ταῦτά
3210 946 3268 982 τε
3300 928 3514 1001 δρῶσαν
3543 928 3805 998 εὐκόλως,

2224 1022 2319 1075 καὶ
2349 1024 2460 1085 τοῖς
2490 1021 2662 1087 ἀξίοις
2690 1020 3059 1092 χαριζομένην
3076 1020 3137 1074 τὸ
3159 1023 3272 1084 τοῖς
3295 1022 3431 1086 ῐσοις
3454 1021 3615 1091 τυχὸν
3640 1022 3808 1092 ἧγουν

2224 1114 2319 1167 καὶ
2349 1112 2767 1185 ὑπερκειμένοις
2796 1111 3184 1183 ἐναϐρύνεσθαι
3218 1110 3436 1175 θώκοις.
3477 1113 3589 1167 Καὶ
3622 1115 3695 1184 μή
3724 1131 3809 1177 τις

2224 1204 2419 1259 οἰέσθω
2447 1204 2626 1274 λέγειν
2658 1205 2809 1276 ἡμᾶς
2853 1205 2932 1258 ὅτι
2967 1203 3250 1276 περιέσται
3297 1203 3428 1257 ποτὲ
3459 1204 3523 1256 τὸ
3549 1203 3805 1257 δύνασθαί

2223 1316 2330 1353 τινι
2355 1297 2463 1351 τῶν
2491 1297 2590 1370 τὴν
2618 1299 2698 1362 εἰς
2732 1296 2895 1353 αὑτὸν
2927 1297 3108 1351 πίστιν
3133 1296 3508 1367 τετιμηκότων
3536 1297 3600 1368 δη
3610 1314 3803 1369 μιουρ-

2223 1391 2392 1462 γῆσαι
2424 1392 2522 1463 μὲν
2547 1390 2795 1462 οὐρανὸν,
2828 1390 2979 1460 ἣλιον
3005 1389 3060 1443 δὲ
3092 1388 3185 1443 καὶ
3225 1388 3479 1459 σελήνην,
3515 1390 3685 1459 ἧγουν
3714 1390 3805 1443 τὸν

2224 1483 2503 1555 περιφανῆ
2527 1483 2638 1536 τῶν
2664 1482 2908 1552 ἀστέρων
2941 1481 3101 1553 χορὸν
3127 1478 3416 1546 ἀναδεῖξαι,
3440 1480 3623 1535 κτίσαι
3644 1481 3807 1551 τυχὸν

2222 1576 2509 1645 ἀγγέλους,
2540 1575 2572 1645 ἢ
2605 1575 2729 1644 γῆν,
2761 1573 2794 1644 ἢ
2826 1573 2895 1626 τὰ
2927 1573 2985 1627 ὲν
3011 1572 3170 1643 αὐτῇ.
3221 1572 3537 1643 Τέτραπται
3565 1571 3676 1642 γὰρ
3701 1573 3799 1625 οὐκ

2223 1669 2282 1720 ἐν
2308 1667 2515 1730 τούτοις
2548 1668 2576 1719 ὁ
2604 1665 2698 1718 τοῦ
2729 1664 2885 1733 λόγου
2916 1664 3135 1729 σκοπὸς,
3179 1663 3294 1717 ἀλλ’
3325 1663 3411 1731 ἐφ’
3448 1657 3528 1727 οἷς
3556 1659 3625 1734 ἦν
3659 1664 3801 1727 εἰκὸς

2226 1757 2582 1821 συντείνεται,
2616 1755 2710 1808 καὶ
2752 1756 2850 1825 τῆς
2886 1752 3390 1825 ἀνθρωποπρεποῦς
3417 1753 3802 1826 λαμπρότητος

540 1861 658 1901 suae
707 1846 1141 1916 magnitudinem
1185 1846 1253 1900 iis
1293 1844 1498 1900 finibus
1541 1862 1651 1900 non
1700 1843 1986 1899 terminari
2031 1844 2108 1898 his

2219 1847 2278 1898 ἐν
2306 1846 2453 1916 δόξῃ,
2502 1846 2667 1916 φημὶ,
2718 1845 2814 1898 καὶ
2863 1845 3120 1916 ἁγιασμῷ
3149 1844 3209 1898 τὸ
3260 1845 3459 1916 μέτρον
3502 1845 3602 1915 οὐχ
3634 1845 3800 1914 ὑπερ-

538 1934 727 1989 verbis
779 1935 993 1990 utiliter
1037 1937 1254 1991 educet.
1298 1935 1498 1991 Verum
1548 1945 1645 2000 ut,
1691 1936 1794 1991 loci
1844 1936 2108 2006 propositi

2216 1937 2420 2007 τρέχει.
2468 1922 2708 2006 Διά’γάρ
2735 1952 2817 1988 τοι
2862 1934 3020 1989 τοῦτο
3071 1934 3437 2005 περιστέλλων
3482 1933 3674 2013 ὥσπερ
3704 1934 3800 1988 τοῦ

537 2026 788 2082 ordinem
841 2039 1167 2092 servantes,
1219 2028 1526 2082 auditorum
1563 2027 1779 2082 animos
1834 2026 1901 2082 ad
1950 2027 2108 2097 hujus

2216 2029 2375 2097 λόγου
2428 2029 2519 2081 τὸν
2570 2028 2655 2097 ἐφ’
2702 2029 2840 2097 ὅπερ
2887 2026 2952 2080 ἄν
2998 2044 3082 2091 τις
3134 2026 3374 2096 βούλοιτο
3429 2026 3665 2098 δρόμον,
3707 2027 3801 2080 καὶ

535 2119 671 2173 dicti
709 2119 1156 2175 observationem
1189 2119 1470 2191 erigamus
1518 2139 1530 2174 :
1592 2138 1612 2171 ι
1651 2122 1823 2174 Amen
1847 2158 1863 2185 ,
1897 2119 2111 2190 inquit,

534 2212 660 2266 dico
692 2213 881 2277 vobis,
917 2213 1009 2283 qui
1040 2212 1217 2268 credit
1250 2211 1306 2266 in
1345 2227 1429 2265 me
1451 2250 1466 2275 ,
1496 2226 1665 2282 opera
1691 2226 1815 2280 qua:
1843 2224 1945 2281 ego
1972 2210 2115 2264 facio

533 2312 588 2357 et
617 2302 734 2372 ipse
761 2302 961 2366 faciet,
988 2302 1120 2372 quia
1151 2316 1253 2373 ego
1283 2302 1350 2357 ad
1379 2300 1597 2357 Patrem
1625 2301 1786 2356 vado.
1827 2319 1845 2351 ι
1889 2300 1959 2354 At
1981 2299 2112 2368 quid

533 2394 611 2448 rei
649 2402 770 2459 est,
832 2394 1043 2463 inquiet
1086 2393 1290 2463 aliquis
1334 2392 1527 2447 forsan
1571 2392 1890 2447 auditorum
1948 2393 2113 2462 paulo

531 2482 750 2536 ozctcris
780 2483 1012 2552 aequior,
1039 2483 1187 2552 quod
1213 2481 1389 2537 Filius
1421 2483 1534 2551 ipse
1564 2498 1623 2537 se
1655 2483 1721 2537 ad
1745 2482 1960 2537 Patrem
1989 2498 2114 2552 pro-

532 2574 705 2627 ficisci
739 2573 935 2642 inquit,
968 2581 1027 2627 ut
1058 2574 1153 2642 qui
1180 2574 1412 2628 credunt
1444 2574 1501 2627 in
1526 2589 1652 2628 eum
1687 2575 1898 2645 majora
1926 2573 2111 2629 facere

534 2664 753 2732 possint
800 2678 966 2733 quam
1018 2679 1139 2734 quae
1187 2665 1303 2735 ipse
1364 2664 1583 2718 edidit?
1636 2663 1781 2718 Sane
1832 2664 2107 2720 occultam

532 2755 831 2824 quamdam
852 2755 904 2809 in
929 2770 987 2811 se
1006 2754 1347 2827 habet80ﬁ.
1367 2756 1576 2810 dictum
1611 2756 1746 2809 illud
1770 2756 2113 2826 contempla-

531 2849 760 2901 tionem.
795 2845 936 2913 Quid
966 2862 1096 2917 ergo
1119 2849 1188 2903 sit
1215 2849 1345 2902 illud
1383 2851 1529 2917 quod
1554 2849 1671 2911 ait,
1709 2849 1890 2918 ipsum
1921 2848 2111 2919 accipe

532 2938 609 2991 ita
640 2938 1033 3007 propemodum
1060 2940 1434 3009 explicantem
1464 2959 1477 2993 :
1527 2939 1572 2995 Ο
1598 2955 1913 2995 sermonum
1957 2956 2109 2997 meo-

528 3045 655 3087 rum
693 3029 929 3085 ministri
962 3045 1024 3084 ac
1056 3030 1168 3085 veri
1203 3030 1490 3101 discipuli,
1532 3032 1777 3102 quandiu
1822 3031 2106 3088 vobiscum

2219 2121 2400 2190 μόνοις
2424 2123 2538 2183 τοῖς
2567 2120 2696 2187 παρ’
2732 2118 2896 2173 αὑτοῦ
2924 2118 3243 2190 παραδόξως
3271 2117 3677 2188 τετελεσμένοις
3707 2117 3800 2170 ἐπὶ

2213 2212 2311 2281 τῆς
2343 2210 2467 2280 γῆς,
2518 2210 2607 2263 ὅτε
2652 2209 2872 2277 γέγονεν
2914 2206 3221 2278 ἄνθρωπος,
3253 2205 3362 2261 τῶν
3408 2206 3488 2259 ἔτι
3538 2203 3799 2276 μειζόνων

2213 2298 2662 2372 ἀντιπαρεξάγων
2688 2299 2747 2350 τὸ
2773 2297 3022 2368 μέγεθος,
3050 2316 3069 2349 ι
3088 2299 3155 2350 "A
3178 2295 3288 2366 ἐγὼ
3315 2296 3617 2367 πεποίηκα.
3642 2296 3795 2366 φησί,

2213 2394 2451 2462 ποιήσει,
2509 2390 2603 2443 καὶ
2639 2390 2862 2460 μείζονα
2898 2388 3125 2443 τούτων.
3171 2408 3188 2439 ι
3251 2390 3329 2442 Οὐ
3372 2388 3481 2460 γὰρ
3530 2388 3796 2458 ἀτονήσας

2214 2485 2343 2555 περὶ
2379 2482 2447 2537 τά
2482 2482 2653 2554 μείζω
2686 2482 2845 2554 μέχρι
2873 2482 2982 2535 τῶν
3009 2482 3433 2553 τετελεσμένων,
3460 2481 3561 2552 τὴν
3590 2481 3797 2534 οἰκείαν

2212 2577 2480 2647 ἐπέστησε
2514 2576 2777 2646 δύναμιν,
2833 2575 3148 2638 ἐπιτελέσας
3192 2574 3248 2628 δὲ
3299 2573 3443 2645 ἆπερ
3487 2572 3658 2642 ἐχρῆν
3704 2571 3797 2624 καὶ

2211 2667 2419 2735 ὅσαπερ
2445 2664 2609 2735 τυχὸν
2643 2667 2723 2728 εἰς
2775 2665 2942 2735 μέσον
2986 2665 3360 2736 παρεκόμισεν
3393 2667 3422 2718 ό
3453 2664 3667 2734 καιρὸς,
3714 2662 3796 2715 ὅτι

2216 2756 2288 2826 μὴ
2320 2756 2510 2827 μέχρις
2541 2755 2766 2811 ἐκείνων
2793 2756 3137 2825 ἀφικνεῖσθαι
3166 2756 3391 2810 δύναται
3427 2756 3531 2827 τῆς
3568 2754 3795 2825 ἐνούσης

2211 2848 2460 2914 ἐξουσίας
2504 2848 2655 2919 αὑτῷ
2701 2848 2763 2902 τὸ
2812 2830 3171 2920 ἀπερινόητον
3204 2848 3434 2918 μέγεοος
3487 2846 3795 2900 ἐκδιδάσκει

2209 2940 2495 3012 χρησίμως
2528 2939 2615 2993 διὰ
2659 2939 2765 2994 τῶν
2795 2939 3121 3010 εἰρημένων.
3183 2939 3322 2994 Ἀλλ’
3359 2938 3467 3003 ἵνα,
3512 2936 3611 3009 τὴν
3638 2934 3794 3001 τάξιν

2208 3032 2318 3086 τῶν
2351 3031 2727 3103 προκειμένων
2757 3033 3115 3103 τηρήσαντες,
3143 3033 3210 3102 τῇ
3240 3032 3337 3101 τῆς
3361 3029 3559 3094 λέξεως
3589 3028 3794 3100 θεωρίᾳ

531 3124 587 3177 in
634 3122 797 3177 terris
842 3123 1212 3177 conversabar
1236 3161 1251 3187 ,
1287 3122 1397 3177 vixi
1432 3131 1493 3178 ut
1528 3124 1729 3188 homo,
1762 3140 1874 3179 non
1918 3131 2103 3194 aperte

2211 3125 2319 3180 τῶν
2364 3124 2729 3197 ἀκροωμένων
2776 3124 2870 3177 τὸν
2911 3122 3036 3178 νοῦν
3081 3125 3485 3194 ἐπιστήσωμεν,
3546 3141 3565 3173 ι
3596 3119 3791 3191 Ἀμὴν,

528 3214 755 3267 uinuino
800 3213 960 3268 vobis
1013 3213 1237 3269 deitatis
1281 3230 1414 3270 mea:
1464 3223 1791 3287 potestatem
1840 3217 2102 3285 ostendi;

529 3304 628 3359 sed
667 3310 722 3359 et
755 3304 978 3361 locutus
1014 3320 1136 3361 sum
1161 3346 1176 3371 ,
1227 3315 1283 3361 et
1317 3307 1422 3362 feci
1451 3308 1852 3386 convenienter
1886 3310 2107 3364 humili-

531 3397 661 3452 tatis
708 3396 1016 3451 conditioni
1065 3405 1123 3452 et
1170 3396 1361 3453 formae
1411 3399 1625 3455 servili.
1661 3399 1934 3466 Quoniam
1978 3415 2106 3455 vero

530 3486 619 3540 illa
661 3486 882 3542 demum
933 3502 1032 3557 pro
1086 3503 1152 3543 eo
1199 3503 1264 3542 ac
1306 3488 1536 3544 decebat
1583 3499 1802 3560 peracta
1838 3501 2008 3556 sunt,
2053 3498 2106 3545 et

527 3578 809 3647 impletum
846 3577 981 3633 mihi
1018 3587 1103 3633 est
1140 3578 1573 3650 dispensationis
1614 3596 1742 3635 cum
1784 3596 1947 3636 carne
1989 3597 2106 3653 my-

526 3669 756 3724 sterium
788 3669 1052 3740 (jamjam
1078 3671 1224 3725 enim
1249 3682 1481 3728 mortem
1510 3675 1808 3742 perpetiar,
1834 3682 1887 3728 et
1919 3689 2103 3728 resur-

526 3760 731 3831 gam),
772 3762 1039 3831 polliceor
1080 3779 1167 3818 me
1197 3764 1355 3820 vobis
1396 3764 1655 3819 daturum
1696 3766 1904 3836 majora
1941 3781 2101 3835 quam

523 3866 647 3918 qua:
680 3866 776 3918 per
822 3865 908 3906 me
947 3851 1089 3906 facta
1121 3853 1586 3919 sant,‘miracula
1624 3852 1824 3907 edendi
1860 3860 2105 3922 potesta-

527 3949 659 4004 tem,
699 3940 940 3995 instante
964 3940 1077 4009 jam
1104 3949 1351 4013 tempore
1376 3951 1431 3997 et
1459 3943 1745 3998 voluntate
1768 3958 1830 3997 ea
1860 3943 2102 4013 largien-

526 4035 602 4088 di.
641 4032 734 4088 lbo
774 4033 977 4103 quippe
1027 4033 1094 4087 ad
1132 4032 1352 4087 Patrem
1379 4075 1393 4099 ,
1434 4049 1807 4089 conscssurus
1847 4034 2103 4093 videlicet

526 4132 1079 4194 conregnaturusque
1112 4140 1236 4178 cum
1270 4139 1335 4179 eo
1358 4132 1418 4178 ut
1450 4123 1595 4180 Deus
1626 4142 1693 4180 ex
1728 4125 1859 4189 Deo,
1895 4126 2104 4180 incom-

526 4216 799 4285 prehensa
847 4216 1053 4270 virtute
1100 4231 1165 4270 ae
1216 4224 1485 4287 potestate
1526 4216 1723 4271 amicis
1774 4216 1912 4271 meis
1958 4217 2100 4272 bona

525 4310 786 4379 largiens.
840 4328 857 4360 ι
905 4307 1207 4380 Ωιιοιίοιιιι.ὶ
1228 4325 1281 4364 ιο
1313 4309 1585 4379 petieritis
1609 4350 1625 4375 ,
1656 4310 1878 4379 inquit,
1913 4310 1966 4363 in
2000 4325 2101 4364 no-

522 4402 671 4457 mine
709 4416 854 4469 meo,
883 4401 988 4456 hoc
1026 4400 1250 4465 faciam,
1273 4420 1291 4452 ι
1329 4411 1553 4471 peracto
1582 4413 1828 4472 tempore
1858 4419 1969 4473 quo
2000 4420 2099 4459 ne-

2211 3219 2368 3289 φησὶ,
2400 3218 2543 3286 λέγω
2568 3217 2719 3286 ὑμῖν,
2749 3218 2778 3269 ό
2807 3214 3078 3269 πιστεύων
3108 3217 3189 3278 εἰς
3212 3214 3334 3285 ἐμὲ,
3366 3214 3433 3268 τὰ
3461 3212 3597 3285 ἔργα
3624 3211 3661 3266 ἀ
3683 3211 3792 3279 ἐγὼ

2210 3310 2367 3376 ποιῶ,
2390 3312 2641 3373 κάκεῖνος
2672 3310 2910 3381 ποιήσει,
2943 3310 3037 3362 καὶ
3069 3306 3292 3378 μείζονα
3319 3305 3522 3360 τούτων
3551 3307 3788 3376 ποιήσει,

2208 3403 2289 3456 ὅτι
2310 3400 2421 3471 ἐγὼ
2441 3402 2578 3473 πρὸς
2601 3402 2693 3455 τὸν
2720 3401 2938 3472 Πατέρα
2962 3401 3285 3470 πορεύομαι.
3320 3418 3338 3450 ι
3375 3394 3511 3452 Εἶτα
3531 3397 3586 3451 τί
3607 3396 3789 3462 τοῦτο,

2208 3493 2431 3562 φήσειεν
2465 3492 2531 3546 ἄν
2561 3509 2646 3555 τις
2683 3489 2792 3543 τῶν
2826 3488 3193 3560 ἀκροωμένων
3232 3487 3638 3557 ἐπιεικέστερον
3674 3485 3787 3557 [γρ.

2209 3580 2655 3652 ἐπιεικέστερος],
2682 3580 2743 3634 τὸ
2769 3580 3098 3651 πορεύεσθαί
3130 3596 3272 3650 φημι
3295 3580 3432 3651 πρὸς
3460 3579 3552 3632 τὸν
3572 3579 3790 3648 Πατέρα

2205 3674 2296 3728 τὸν
2325 3674 2475 3739 Υίδν,
2534 3674 2671 3745 πρὸς
2713 3673 2774 3726 τὸ
2827 3671 3088 3726 δύνασθαι
3129 3670 3426 3742 κατορθοῦν
3477 3671 3575 3724 καὶ
3606 3669 3677 3723 τὰ
3706 3669 3789 3722 ἔτι

2209 3765 2379 3835 μείζω
2404 3766 2512 3818 τῶν
2545 3764 2673 3833 παρ’
2702 3763 2863 3817 αὐτοῦ
2894 3763 3250 3834 δεδειγμένων
3277 3763 3403 3825 τοὺς
3432 3761 3788 3823 πιστεύοντας

2205 3858 2283 3920 είς
2319 3856 2516 3923 adadv;
2572 3854 2781 3909 Οὐκοῦν
2816 3854 3206 3925 κεκρυμμένην
3240 3853 3365 3907 τινὰ
3410 3853 3647 3923 θεωρίαν
3676 3855 3789 3906 εἰσε-

2206 3946 2361 4018 φέρει
2387 3946 2447 3998 τὸ
2488 3946 2796 4017 εἰρημένον.
2846 3945 2911 3997 Τί
2956 3940 3047 3998 οὖν
3080 3946 3226 3997 ἐστιν
3258 3946 3286 3998 ὅ
3321 3960 3474 4013 φησι.
3509 3944 3666 4014 δέχου
3697 3940 3788 3994 λέ-

2205 4058 2369 4110 γοντα
2393 4041 2552 4111 τυχόν
2570 4058 2583 4072 ·
2627 4035 2695 4093 Ὦ
2722 4040 2830 4093 τῶν
2865 4040 3013 4110 ἐμῶν
3033 4039 3308 4110 ,ὑπηρέται
3334 4038 3507 4106 λόγων
3534 4038 3627 4089 καί⁵
3657 4038 3789 4105 γνή-

2206 4152 2310 4188 σιοι
2368 4134 2641 4204 φοιτηταὶ,
2697 4134 2804 4198 ’ἐως
2864 4134 2963 4204 μὲν
3011 4135 3107 4187 σὺν
3171 4135 3299 4203 ὑμῖν
3353 4132 3452 4195 τὰς
3503 4130 3788 4202 διατριϐὰς

2206 4226 2507 4298 ἐποιούμην
2541 4228 2633 4279 ἐπὶ
2660 4226 2760 4296 τῆς
2796 4227 2929 4297 γῆς,
2984 4224 3418 4296 ἐπολιτευσάμην
3461 4224 3536 4287 ὡς
3575 4223 3788 4290 ἄνθρωο

2204 4336 2325 4382 πος,
2371 4320 2471 4372 οὐκ
2517 4318 2751 4388 ἄκρατον
2796 4318 2925 4388 ὑμῖν
2970 4319 3067 4383 τῆς
3114 4317 3366 4387 θεότητος
3406 4317 3506 4387 τὴν
3536 4315 3785 4382 ἐξουσίαν

2178 4409 2567 4481 ,ἐπεδειξάμην
2596 4426 2609 4440 °
2649 4406 2800 4462 εἶπόν
2826 4427 2886 4463 τε
2912 4410 3004 4463 καὶ
3034 4410 3294 4480 πέπραχα
3323 4410 3642 4479 πρεπόντως
3668 4426 3786 4471 πως

522 4504 680 4545 cesse
719 4498 875 4557 erat,
916 4489 1137 4561 inquit,
1184 4491 1238 4545 in
1282 4491 1617 4547 humilitatis
1680 4492 1854 4547 forma
1900 4494 2097 4549 videri.

2211 4502 2301 4555 καὶ
2331 4500 2408 4571 τῷ
2433 4502 2532 4571 τῆς
2566 4501 2950 4564 ταπεινώσεως
2982 4500 3166 4571 μέτρῳ
3198 4502 3292 4553 καὶ
3322 4500 3400 4570 τῷ
3433 4502 3674 4571 σχήματι
3706 4498 3785 4569 τῷ

521 4579 679 4646 Quod
723 4581 954 4637 decebat
998 4581 1285 4637 observavi
1334 4591 1558 4653 propter
1584 4584 2095 4653 dispensationem:

2198 4592 2569 4663 δουλοπρεπεῖ.
2618 4590 2832 4661 Ἐπειδὴ
2862 4592 2920 4645 δὲ
2972 4592 3156 4646 λοιπὸν
3206 4595 3387 4645 ἐκεῖνα
3435 4591 3785 4662 καθηκόντως

520 4687 669 4726 nunc
698 4688 829 4727 vero
853 4674 1028 4743 palam
1074 4688 1128 4729 οι
1177 4686 1364 4745 aperte
1406 4676 1671 4745 polliceor
1708 4693 1793 4731 me
1824 4676 2099 4733 facturum

2211 4685 2528 4748 τετέλεσται,
2581 4685 2676 4739 καί
2711 4685 3066 4757 πεπλήρωταί
3120 4702 3210 4754 μοι
3261 4685 3359 4756 τῆς
3396 4684 3534 4755 μετά
3581 4683 3784 4755 σαρκὸς

519 4780 581 4819 ea
605 4781 725 4835 quae
752 4765 846 4821 Dei
878 4776 1031 4832 sunt,
1065 4769 1134 4821 ab
1164 4768 1265 4823 hac
1294 4776 1405 4823 tam
1439 4770 1640 4824 illustri
1668 4772 1846 4841 gloria
1879 4773 2096 4829 Patrem

2211 4774 2506 4844 ›ἰκονο⁴μίας
2533 4773 2593 4826 τὸ
2618 4775 2910 4845 μυστήριον
2933 4791 2947 4805 ·
3002 4776 3259 4846 πείσομαι
3287 4775 3395 4847 γὰρ
3421 4776 3543 4827 ὅσον
3572 4773 3785 4826 ούδέπω

519 4870 628 4909 ιιοη
664 4857 966 4913 excludens
991 4900 1006 4924 ,
1042 4858 1137 4915 sed
1191 4866 1249 4914 ut
1297 4859 1640 4929 glorifieetur
1674 4864 1727 4916 in
1762 4861 1921 4919 Filio.
1959 4863 2095 4919 Nam

2211 4867 2288 4918 τὸν
2329 4866 2580 4931 θάνατον,
2621 4867 2716 4919 καὶ
2754 4867 3159 4938 ἐγερθήσομαι·
3217 4866 3526 4938 χαριεῖσθαι
3567 4866 3622 4919 δὲ
3656 4866 3784 4934 ὑμῖν

520 4948 694 5005 Filius
733 4952 778 5004 si
823 4952 1182 5023 glorificetur,
1232 4955 1459 5009 omnino
1492 4956 1547 5009 in
1579 4972 1645 5010 eo
1679 4973 1902 5027 quoque
1935 4956 2099 5014 Pater

520 5043 943 5111 gloriﬁeabitur.
977 5042 1178 5097 Filium
1204 5046 1409 5115 quippe
1433 5057 1629 5102 natura
1652 5066 1751 5105 sua
1778 5050 1945 5107 Deum
1973 5069 2094 5109 esse

519 5132 709 5186 multis
757 5139 919 5187 antea
966 5132 1079 5201 jam
1127 5133 1568 5190 demonstratum
1611 5147 1693 5194 est
1723 5161 1734 5195 :
1769 5141 1864 5196 sed
1897 5144 2093 5199 nihilo-

520 5222 701 5275 minus
731 5223 895 5277 etiam
927 5223 1030 5277 hoc
1057 5239 1122 5277 ex
1155 5240 1220 5279 eo
1253 5233 1399 5294 patet
1426 5229 1573 5297 quod
1611 5241 1933 5287 sanctorum
1971 5251 2094 5288 ora-

519 5314 696 5367 tiones
721 5315 976 5383 suscipit,
1005 5316 1196 5385 eisque
1223 5334 1346 5385 quaa
1402 5321 1657 5389 petierint
1692 5341 1758 5379 ae
1791 5325 1958 5380 velint
1985 5327 2095 5381 lar-

519 5404 684 5469 gitur.
718 5401 1006 5468 Quomodo
1038 5422 1170 5476 ergo
1201 5407 1365 5464 Pater
1398 5410 1451 5464 in
1487 5428 1552 5466 eo
1579 5431 1686 5467 nun
1721 5417 2098 5484 glorilit-etnr?

521 5493 590 5549 lit
616 5495 762 5549 enim
783 5495 908 5563 jure
937 5496 1175 5554 dedecus
1207 5502 1254 5555 ei
1284 5503 1503 5573 aliquod
1534 5505 1851 5569 inferretur,
1879 5512 1922 5564 si
1954 5509 2095 5565 Dens

518 5601 626 5641 non
651 5595 795 5642 esset
818 5598 1017 5644 natura
1043 5591 1088 5647 is
1113 5593 1208 5660 qui
1239 5610 1305 5649 ex
1332 5597 1452 5665 ipso
1477 5600 1773 5666 processit,
1798 5602 1878 5655 sic
1910 5603 2096 5670 gloriae

520 5680 751 5733 multum
776 5681 1027 5748 accipiet,
1055 5685 1101 5738 si
1128 5683 1295 5739 Deum
1317 5703 1506 5741 verum
1531 5689 1749 5754 habeat,
1778 5701 1829 5744 et
1857 5692 2091 5745 fructum

518 5784 585 5827 ex
621 5772 927 5827 substantia
960 5788 1055 5827 sua
1092 5778 1475 5845 procedentem
1503 5819 1516 5845 ,
1560 5781 1651 5850 qui
1682 5789 1735 5837 et
1774 5791 1973 5835 cuncta
2012 5785 2091 5836 l'a-

2201 4958 2611 5029 ἐπαγγέλλομαι
2655 4958 2838 5011 καὶτὰ
2868 4958 2946 5011 ἔτι
2977 4960 3198 5029 μείζονα
3240 4960 3347 5012 τῶν
3386 4959 3451 5012 δι’
3488 4958 3626 5028 ἐμοῦ
3660 4957 3785 5009 θαυ-

2205 5054 2390 5121 μάτων
2426 5050 2682 5105 δύνασθαι
2718 5050 2993 5122 πληροῦν,
3044 5052 3310 5122 παρόντος
3358 5051 3436 5105 ἐτι
3467 5050 3560 5103 τοῦ
3589 5049 3784 5117 καιροῦ

2203 5145 2294 5198 καί
2321 5144 2414 5213 τῆς
2446 5146 2535 5198 ἐπὶ
2557 5144 2764 5207 τούτοις
2794 5143 3122 5214 φιλοτιμίας.
3149 5142 3493 5212 Πορεύσομαι
3516 5141 3624 5210 γὰρ
3650 5137 3784 5209 πρὸς

2201 5235 2290 5286 τὸν
2322 5235 2560 5304 Πατέρα,
2614 5233 2983 5304 συνεδρεύσων
3036 5234 3185 5304 αὐτῷ
3235 5232 3479 5302 δηλονότι
3523 5231 3618 5283 καὶ
3646 5247 3783 5299 συμ-

2202 5326 2557 5389 ϐασιλεύσων,
2588 5327 2662 5388 ὡς
2692 5326 2823 5388 Θεὸς
2857 5328 2919 5377 ἐκ
2952 5325 3107 5388 Θεοῦ,
3148 5323 3591 5393 ἀκατακαλύπτῳ
3621 5321 3783 5375 δυνά-

2206 5437 2296 5490 μει
2333 5421 2425 5471 καὶ
2457 5418 2691 5488 ἐξουσίᾳ.
2737 5461 2747 5471 .
2792 5458 2805 5471 .
2852 5461 2863 5472 .
2910 5457 2923 5470 .
2971 5459 2981 5470 .
3055 5418 3153 5486 τῆς
3198 5416 3437 5485 ἐμαυτοῦ
3472 5414 3690 5483 φύσεως
3726 5417 3784 5467 τὺ

2202 5510 2400 5564 διδόναι
2423 5514 2535 5573 τοῖς
2556 5510 2798 5579 γνησίοις
2824 5510 2891 5561 τὰ
2924 5510 3120 5577 ἀγαθά.
3162 5527 3179 5558 ι
3209 5510 3388 5578 Ὅπερ
3413 5507 3478 5561 ἂν
3497 5508 3779 5578 αἰτήσητε,

2205 5603 2387 5671 φησὶν,
2437 5604 2526 5655 ἐπὶ
2572 5602 2647 5670 τῷ
2693 5602 2915 5671 ὀνόματὲ
2953 5620 3073 5671 μου,
3106 5600 3261 5653 τοῦτο
3292 5603 3526 5671 ποιήσω,
3563 5618 3581 5651 ι
3638 5616 3786 5651 τετε-

2202 5694 2461 5763 λεσμένου
2510 5694 2600 5745 τοῦ
2651 5694 2839 5763 καιροῦ
2870 5694 2991 5745 καθ’
3024 5695 3079 5746 ὃν
3118 5694 3243 5750 ἔδει,
3278 5695 3463 5760 φησὶν,
3495 5693 3552 5742 ἐν
3581 5689 3662 5759 τῷ
3685 5693 3782 5758 τῆς

2200 5783 2578 5849 ταπεινώσεως
2621 5786 2902 5856 φαίνεσθαι
2936 5788 3190 5856 σχήματι.
3227 5785 3513 5856 Τετήρηκα
3546 5781 3608 5834 τὸ
3644 5779 3779 5850 πρέ·
