4076 6270
333 368 445 426 249

1330 357 1401 414 ιΝ
1444 356 1731 435 JOANN‘IS
1770 356 2217 415 EVANGELIL‘M
2261 359 2385 415 LIB.
2430 362 2519 417 IX.

3503 358 3612 415 250

340 503 445 538 πον
473 484 564 538 διὰ
596 483 698 553 τὴν
729 478 1037 549 οἰκονομίαν
1064 495 1079 509 ο
1126 479 1245 531 νυνὶ
1275 477 1332 530 δὲ
1358 475 1544 531 λοιπὸν
1573 478 1902 532 ἀκατακαλύς

2022 495 2149 536 cere
2176 488 2230 535 et
2256 471 2485 563 caeteris
2506 490 2563 536 ut
2592 482 2730 536 mira
2753 481 2966 537 l'aciant
2995 478 3187 550 largiri
3224 477 3425 548 possit.
3452 476 3609 541 Quod

343 594 519 640 πτως,
558 575 632 637 ὡς
660 573 810 635 Θεὸς,
845 570 1162 642 ἐνεργήσειν
1209 567 1619 638 ἐπαγγέλλομαι
1660 568 1729 622 τὰ
1763 569 1916 633 Θεοῦ,

341 669 405 720 οὐ
440 668 529 718 τὸν
579 663 797 733 Πατέρα
840 663 938 731 τῆς
967 661 1111 715 οῦτω
1139 662 1455 733 πρεπούσης
1488 662 1647 734 δόξης
1687 644 1917 727 ἐξωθούί-

346 777 522 829 μενος,
547 757 659 812 ἀλλ’
690 758 776 810 ἵνα
805 755 1033 825 δοξασθῇ
1067 756 1125 808 ἐν
1149 754 1227 826 τῷ
1257 755 1390 826 Υίῷ.
1419 756 1787 826 Δοξαζομένου
1813 757 1918 827 γὰρ

294 884 301 893 ο
339 850 433 904 τοῦ
454 850 812 920 γεννήματος,
842 847 1234 918 δοξασθήσεται
1263 847 1481 911 πάντως
1509 850 1569 900 ἐν
1594 846 1744 917 αύτῷ
1772 848 1865 900 καὶ
1889 849 1918 901 6

336 944 603 1010 γεννήσας
646 939 831 994 αὐτόν.
876 938 1010 1003 Θεὸς
1044 938 1155 1009 γὰρ
1186 937 1253 992 ἂν
1285 940 1428 993 κατὰ
1454 940 1617 1007 φύσιν
1657 940 1916 1010 ὑπάρχων

332 1033 362 1084 6
406 1032 533 1096 Υἱὸς
577 1032 671 1086 καὶ
703 1031 792 1086 διὰ
836 1030 1044 1085 πολλῶν
1085 1030 1182 1100 μὲν
1226 1029 1429 1101 ἐτέρων
1462 1031 1869 1100 καταπέφανται
1898 1047 1912 1061 ·

334 1123 487 1177 οὐδὲν
526 1122 594 1187 ,δὲ
634 1117 798 1195 ἦττον
846 1121 942 1176 καὶ
985 1120 1076 1175 διὰ
1109 1122 1202 1175 τοῦ
1246 1120 1496 1193 δέχεσθαι
1542 1121 1641 1191 μὲν
1681 1121 1777 1185 τὰς
1808 1122 1914 1176 τῶν

333 1195 510 1280 ἁγίων
538 1213 723 1284 εὐχὰς,
766 1214 1022 1284 χορηγεῖν
1066 1213 1123 1267 δὲ
1166 1215 1377 1279 αὐτοῖς,
1429 1212 1572 1283 ἅπερ
1605 1212 1670 1266 ἂν
1715 1215 1914 1266 αἰτοῖεν

334 1305 432 1358 καί
463 1304 752 1375 βούλοιντο.
805 1304 931 1367 Πῶς
978 1299 1072 1358 οῦν
1119 1305 1217 1358 οὐκ
1268 1304 1334 1359 ἂν
1375 1306 1404 1357 6
1437 1305 1622 1373 Πατὴρ
1667 1306 1727 1357 ἐν
1763 1304 1913 1375 αὑτῷ

331 1393 641 1460 δοξάζοιτος
676 1394 888 1463 Ὠσπερ
915 1393 1026 1463 γὰρ
1064 1393 1159 1446 καὶ
1204 1395 1426 1455 εἰκότως
1468 1392 1535 1446 ἂν
1577 1392 1909 1464 κατεψέχθη,

294 1540 307 1551 _
331 1484 470 1537 Θεοῦ
499 1484 641 1538 κατὰ
665 1485 825 1553 φύσιν
854 1484 954 1537 οὐκ
981 1484 1133 1548 ὄντος
1161 1483 1254 1537 τοῦ
1285 1483 1634 1553 προελθόντος
1660 1484 1719 1551 ἐξ
1745 1483 1911 1538 αὐτοῦ

330 1575 673 1643 γεννήματος
703 1591 716 1604 ο
766 1571 937 1637 οὕτως
967 1572 1122 1626 ἔσται
1151 1573 1285 1628 πολὺ
1322 1573 1441 1626 λίαν
1484 1573 1736 1645 εὐκλεὴς,
1780 1574 1911 1627 Θεὸν

328 1663 476 1733 ἔχων
501 1664 772 1733 ἀληθινὸν,
811 1666 905 1718 καὶ
929 1664 999 1718 τὰ
1038 1666 1218 1732 πάντα
1247 1665 1495 1734 ἰσχύοντα
1525 1666 1657 1737 δρᾷν
1684 1683 1742 1717 τε
1773 1666 1908 1736 ὁμοῦ

328 1755 428 1808 καὶ
459 1754 669 1826 ἑτέροις
697 1755 1014 1825 χαρίζεσθαι
1042 1756 1130 1809 τὸν
1154 1758 1218 1810 ἐκ
1248 1756 1342 1826 τῆς
1374 1756 1569 1819 οὐσίας
1588 1756 1750 1810 αὐτοῦ
1778 1775 1910 1829 προσ

2028 572 2075 628 si
2107 572 2175 625 ad
2210 572 2440 642 gloriam
2478 572 2655 629 Patris
2683 582 2897 644 spectat
2930 572 3134 627 Filium
3169 569 3374 624 divinis
3406 582 3613 638 praero-

2028 664 2224 734 gativis
2246 679 2369 719 esse
2393 666 2775 735 conspicuum,
2801 680 3052 735 quaenam
3080 663 3223 718 ratio
3244 660 3451 716 vetabit
3473 673 3611 727 quo-

2026 756 2210 810 minus
2231 754 2541 825 puniendus
2569 757 2641 811 sit
2659 757 2971 823 haereticus,
2990 756 3086 825 qui
3114 752 3417 822 impudenti
3450 750 3596 804 blas-

2024 846 2241 917 phemia
2270 849 2463 904 multis
2490 864 2618 903 eum
2656 850 2835 904 modis
2882 850 3107 905 elevare
3129 861 3240 900 non
3263 844 3338 900 sit
3364 841 3613 897 veritus?

2021 936 2241 993 Addam
2272 946 2330 992 et
2359 938 2505 993 aliud
2528 940 2674 1009 quod
2703 940 2922 994 illorum
2952 935 3330 1009 ignorantiam
3355 939 3412 988 et
3437 932 3610 1001 impe-

2024 1027 2205 1081 ritiam
2226 1043 2337 1085 non
2370 1030 2745 1093 mediocriter,
2778 1038 2837 1084 ut
2865 1045 3014 1094 reor,
3051 1031 3356 1098 oppugnat.
3388 1022 3524 1078 Nam
3558 1022 3606 1077 si

2023 1117 2222 1173 Filium
2257 1134 2582 1189 precamur,
2622 1128 2676 1176 et
2707 1120 2777 1174 ab
2815 1134 2884 1177 eo
2916 1120 3209 1191 petitiones
3245 1114 3518 1185 petimus,
3551 1117 3610 1166 et

2022 1210 2140 1280 ipse
2184 1210 2442 1266 daturum
2496 1227 2557 1267 se
2611 1212 2938 1282 pollicetur,
2999 1206 3277 1279 quomodo
3330 1218 3441 1259 non
3501 1200 3610 1258 erit

2020 1309 2221 1356 natura
2256 1300 2402 1357 Deus
2452 1308 2507 1357 et
2538 1318 2603 1357 ex
2644 1303 2755 1357 Deo
2786 1300 3028 1357 naturali
3088 1294 3360 1368 genitus?
3392 1291 3525 1347 Nam
3558 1290 3607 1346 si

2020 1396 2339 1452 istiusmodi
2371 1397 2447 1452 ita
2481 1413 2541 1452 se
2577 1397 2779 1451 habere
2808 1412 2916 1451 non
2950 1393 3295 1453 existimant,
3326 1386 3423 1443 sed
3451 1397 3607 1438 creao
3684 1394 3693 1417 ι

2019 1496 2136 1544 tum
2174 1489 2405 1555 dicunt,
2431 1505 2541 1559 qua
2573 1490 2628 1543 in
2665 1505 2724 1544 re
2761 1487 3083 1544 diﬂeremus
3118 1482 3285 1556 805
3313 1481 3383 1535 ab
3411 1479 3479 1534 iis
3508 1477 3606 1547 qui

2018 1579 2212 1645 solem,
2243 1586 2339 1632 aut
2362 1580 2585 1644 cmlum,
2615 1579 2734 1636 sive
2757 1587 3141 1634 creaturarum
3169 1575 3411 1642 aliquam
3440 1570 3603 1624 aliam

2017 1665 2317 1721 invocant?
2345 1666 2585 1723 Tametsi
2611 1668 2758 1722 enim
2786 1663 3272 1722 inconsiderantia:
3306 1675 3420 1717 suae
3447 1658 3607 1713 dedc-

2017 1771 2147 1812 core
2177 1756 2394 1814 confusi
2422 1768 2733 1814 creaturam
2771 1759 2990 1828 quidem
3018 1757 3197 1825 ipsum
3223 1768 3351 1809 esse
3373 1751 3602 1809 dicunt,

326 1846 554 1901 ελθόντα
576 1848 810 1918 καρπόν.
847 1849 907 1900 Εἰ
929 1848 984 1899 δὲ
1010 1850 1088 1911 εἰς
1108 1847 1262 1911 δόξαν
1290 1847 1549 1900 συντείνει
1578 1846 1671 1899 τοῦ
1702 1848 1902 1917 Πατρὸς

2013 1849 2230 1905 caeteris
2258 1850 2546 1920 aequalem,
2584 1851 2678 1906 sed
2715 1865 2886 1920 supra
2913 1863 3106 1905 omnes
3131 1843 3433 1901 eminentia
3463 1854 3604 1907 qua~

325 1940 388 1993 τὸ
416 1940 477 1991 ἐν
510 1942 621 2001 τοῖς
652 1938 1012 2009 θεοπρεπέσιν
1046 1937 1348 2007 ἀξιώμασιν
1382 1938 1613 2006 ὁρᾶσθαι
1641 1938 1730 1991 τὸν
1758 1939 1905 2004 Υίὸν,

327 2032 481 2095 ποῖος
523 2029 619 2084 τοῦ
659 2029 981 2094 κολάζεσθαι
1013 2030 1167 2098 λόγος
1196 2030 1456 2096 ἐξελεῖται
1490 2030 1581 2083 τὸν
1612 2030 1904 2101 αἱρετικὸν,

327 2121 699 2192 ἀναισχύντοις
717 2120 1049 2190 δυσφημίαις
1072 2120 1536 2190 κατασμικρύνειν
1558 2119 1719 2173 αὐτὸν
1747 2119 1907 2174 πολυ-

328 2215 544 2285 τρόπως
572 2216 632 2267 οὐ
659 2213 1090 2278 καταδείσαντας
1133 2211 1274 2283 Ἐρῶ
1305 2212 1360 2265 δὲ
1388 2213 1525 2283 πρὸς
1552 2212 1762 2275 τούτοις
1788 2212 1905 2266 ἓτε-

334 2322 428 2375 ρον
465 2308 580 2368 ταῖς
614 2305 830 2358 ἐκείνων
865 2304 1247 2367 ἁπαιδευσίαις
1268 2304 1329 2356 ού
1369 2303 1627 2374 μετρίως,
1662 2304 1738 2366 ῶς
1764 2297 1904 2372 ἐγῷ-

337 2413 459 2466 μαι,
495 2396 809 2466 μαχόμενον.
853 2396 916 2450 Εἰ
946 2397 1054 2465 γὰρ
1082 2393 1357 2466 εὐχόμεθα
1382 2394 1459 2465 τῷ
1486 2394 1620 2465 Υίῴ,
1654 2396 1750 2448 καὶ
1776 2396 1905 2466 παρ’

2012 1940 2139 1995 dam
2162 1942 2453 2011 praeditum
2481 1982 2498 2006 ,
2525 1944 2704 1997 sciant
2735 1951 2917 1997 tamen
2976 1957 3036 1997 se
3093 1936 3459 1993 nihilominus
3498 1931 3603 1986 Pa-

2012 2032 2114 2087 tris
2144 2033 2379 2104 gloriam
2411 2034 2609 2090 lzedere
2631 2075 2647 2098 ,
2700 2036 2751 2090 id
2786 2042 2872 2090 est
2904 2032 3110 2087 Filium
3140 2072 3155 2097 ,
3201 2027 3426 2100 quando
3459 2027 3605 2080 inter

2013 2132 2299 2180 creaturas
2329 2141 2455 2180 eum
2481 2126 2777 2182 collocant.
2804 2125 2917 2181 Nec
2950 2126 3095 2180 enim
3122 2122 3389 2193 quaeritur
3415 2128 3601 2173 utrum

2015 2230 2210 2284 magna
2241 2218 2335 2280 sit.
2372 2233 2440 2270 an
2470 2232 2635 2286 parva
2663 2225 2940 2279 creatura,
2969 2217 3065 2272 sed
3097 2231 3165 2269 an
3188 2214 3417 2270 omnino
3443 2225 3602 2266 crea-

2014 2316 2134 2362 tura
2179 2311 2273 2373 sit,
2304 2326 2372 2362 an
2424 2326 2531 2363 non
2564 2313 2751 2379 potius
2777 2312 2919 2367 Deus
2959 2310 3263 2377 secundum
3306 2314 3598 2366 naturam,

2012 2398 2159 2466 quod
2192 2415 2376 2451 \erum
2404 2399 2626 2469 quidem
2655 2411 2758 2457 est.
3530 2410 3535 2419 “

333 2489 499 2543 αὑτοῦ
532 2488 792 2560 ζητοῦμεν
820 2488 887 2541 τὰ
914 2489 1213 2558 αἰτήματα,
1260 2487 1354 2540 καὶ
1381 2487 1543 2551 αὐτὸς
1606 2487 1806 2541 διδόναι
1874 2491 2398 2558 κατεπαγγέλλεται,
2445 2492 2561 2554 πῶς
2607 2494 2707 2545 οῦκ
2772 2492 2837 2544 ἂν
2898 2492 2982 2560 εἴη
3023 2490 3179 2558 φύσει
3218 2486 3350 2549 Θεὸς
3394 2484 3489 2537 καὶ
3536 2486 3601 2536 ἐκ

330 2583 469 2636 Θεοῦ
492 2584 582 2636 τοῦ
606 2584 740 2636 κατὰ
768 2583 927 2651 φύσιν
951 2582 1379 2652 γεγεννημένοςς
1416 2582 1478 2634 Εἰ
1501 2581 1609 2652 γὰρ
1634 2582 1708 2652 μὴ
1769 2581 1940 2647 οὕτως
2016 2584 2158 2653 ἔχειν
2207 2585 2681 2654 ὑπολαμϐάνουσιν
2731 2583 2915 2641 αὑτὸν.
2962 2582 3186 2650 γενητὸν
3231 2578 3287 2630 δὲ
3331 2572 3472 2629 εἶναι
3514 2574 3601 2626 λέ-

328 2691 506 2745 γουσι,
547 2673 684 2726 κατὰ
708 2672 759 2725 τί
787 2672 1058 2742 διοίσομεν
1122 2671 1203 2724 ἔτι
1232 2671 1340 2724 τῶν
1376 2671 1823 2741 ἐπικαλουμένων
1880 2674 1972 2725 τὸν
2011 2673 2183 2744 ἣλιον,
2228 2674 2261 2745 ἢ
2298 2676 2386 2726 τὸν
2417 2675 2664 2745 οὐρανὸν,
2716 2674 2882 2743 ἤγουν
2914 2672 3099 2741 ἕτερόν
3132 2687 3184 2721 τι
3219 2667 3328 2721 τῶν
3362 2664 3594 2735 κτισμάο

323 2780 466 2828 των;
502 2761 686 2833 Εἰγὰρ
715 2763 827 2827 καὶ,
856 2763 1061 2832 σφόδρα
1091 2760 1412 2830 κακούργως
1436 2763 1533 2831 τῆς
1564 2762 1772 2815 ἑαυτῶν
1795 2762 2015 2830 ἀλογίας
2042 2766 2102 2820 τὸ
2145 2766 2380 2829 ἀκαλλὲς
2440 2765 2873 2833 δυσωπούμενοι,
2910 2763 3116 2833 κτίσμα
3186 2761 3283 2831 μὲν
3351 2759 3599 2825 λέγουσιν

321 2853 484 2908 αὑτὸν
528 2855 586 2906 ἐν
621 2852 721 2924 ἴσῳ
755 2855 868 2915 τοῖς
900 2852 1079 2908 ἄλλοις
1111 2850 1424 2921 κτίσμασιν,
1462 2851 1794 2922 ἀσύγκριτον
1840 2852 1895 2905 δέ
1934 2871 2056 2907 τινα
2078 2855 2352 2924 τὴνκκατὰ
2376 2855 2592 2907 πάντων
2620 2853 2761 2923 ἔχειν
2788 2853 3061 2923 ὑπεροχήν
3087 2867 3101 2879 °

3180 2848 3292 2901 ἀλλ’
3363 2846 3600 2901 ἴστωσαν

320 2947 401 3001 ὅτι
424 2945 579 2999 οὐδὲν
594 2939 755 3016 ἦττον
785 2942 1032 3014 ὑϐριοῦσι
1061 2942 1160 3011 τὴν
1182 2942 1276 2995 τοῦ
1304 2941 1515 3013 Πατρὸς
1578 2941 1756 3007 δόξαν,
1818 2942 1965 2996 τοῦτ’
2003 2943 2120 2997 ἔστι
2140 2945 2231 2997 τὸν
2266 2945 2415 3007 Υἰὸν,
2448 2943 2562 2997 ἐστ’
2584 2944 2648 2997 ἂν
2674 2945 2837 2997 αὐτὸν
2869 2943 3180 3013 ἐναρίθμιον
3207 2939 3437 3007 λέγωσιν
3460 2937 3598 2997 εἶναι

318 3040 431 3102 τοῖς
479 3036 887 3106 πεποιημένοις.
937 3034 1009 3087 Τὸ
1040 3035 1144 3105 γὰρ
1179 3032 1509 3104 ζητούμενόν
1542 3035 1688 3087 ἐστιν
1717 3035 1818 3089 οὐκ
1851 3037 1899 3088 εἰ
1941 3036 2083 3105 μέγα
2122 3038 2284 3107 τυχόν
2328 3040 2474 3091 ἐστιν
2524 3037 2557 3107 ἢ
2618 3035 2811 3107 μικρὸν
2865 3035 3109 3105 ποίημα,
3161 3031 3274 3086 ἀλλ’
3340 3031 3390 3083 εἰ
3438 3032 3597 3097 ιόλως

318 3128 544 3199 γενητὸς
572 3127 665 3180 καὶ
697 3126 897 3197 μᾶλλον
937 3126 1059 3194 οὐχὶ
1084 3124 1215 3186 Θεὸς
1240 3124 1380 3177 κατὰ
1407 3124 1586 3193 φύσιν,
1618 3126 1755 3195 ὅπερ
1788 3127 1903 3179 ἐστί
1942 3128 2037 3179 καὶ
2067 3127 2285 3197 ἀληθές.

403 3216 545 3272 Ἐάν
584 3234 637 3271 τι
679 3216 966 3284 αἰτήσητε
1006 3216 1076 3269 ἐν
1116 3214 1196 3281 τῷ
1242 3216 1490 3286 ὀνόματί
1524 3234 1672 3286 μου,
1722 3218 1899 3272 τοῦτο

2073 3218 2239 3281 XIV,‘
2278 3220 2355 3272 Ι-ί.
2417 3218 2477 3274 Si
2517 3217 2642 3288 quid
2695 3218 2952 3287 petieritis
2991 3217 3045 3270 in
3083 3217 3294 3271 nomine
3334 3233 3467 3279 meo,
3502 3216 3597 3268 hoc

319 3312 575 3379 ποιήσω.

402 3402 903 3474 Ἀπημφιεσμένως
946 3403 1048 3473 ήδη
1093 3403 1258 3473 φησὶν
1303 3404 1416 3469 ὅτι,
1460 3404 1594 3468 Θεὸς
1641 3405 1903 3477 ὑπάρχων

316 3495 590 3567 ἀληθινὸς,
619 3492 966 3562 προσδέξεται
998 3494 1093 3563 μὲν
1116 3496 1207 3547 καὶ
1226 3494 1347 3548 λίαν
1367 3496 1610 3559 εὐπετῶς
1633 3497 1729 3561 τὰς
1753 3497 1905 3567 παρὰ

314 3587 428 3641 τῶν
466 3586 612 3639 ἰδίων
660 3584 847 3654 εὐχὰς,
900 3586 1198 3654 χορηγήσει
1230 3584 1286 3638 δέ
1329 3586 1423 3639 καὶ
1458 3587 1662 3660 σφόδρα
1698 3587 1901 3656 προθύ-

323 3695 463 3748 μως,
511 3675 657 3743 ᾇπερ
692 3673 757 3727 ἂν
796 3675 1094 3745 βούλωνται
1136 3676 1343 3740 λαϐεῖν,
1390 3676 1702 3745 χαρίσματα
1727 3677 1782 3730 δέ
1806 3678 1901 3748 δη-

318 3768 500 3822 λονότι
529 3765 875 3838 πνευματικὰ
903 3766 999 3820 καὶ
1044 3766 1143 3835 τῆς
1173 3766 1379 3820 ἄνωθεν
1412 3766 1719 3836 φιλοτιμίας
1756 3768 1899 3834 ἄξια.

326 3860 437 3913 Kal.
469 3859 567 3929 οὐχ
595 3859 671 3921 ὡς
699 3859 797 3927 τῆς
832 3859 1019 3929 ἐτέρου
1054 3857 1462 3928 φιλανθρωπίας
1485 3858 1745 3925 διάκονος,
1779 3858 1899 3913 οὗτε

322 3951 434 4023 μὴν
466 3951 542 4016 ὡς
584 3950 871 4021 ἀλλοτρίας
902 3949 1239 4020 ἡμερότητος
1287 3949 1558 4021 ὑπουργὸς
1583 3951 1651 4004 τὰ
1677 3952 1901 4007 τοιαῦτά

314 4059 504 4112 φησιν,
540 4042 655 4094 ἀλλ’
683 4042 756 4104 ὡς
782 4040 919 4111 ἔχων
949 4042 1007 4093 ἐν
1034 4040 1249 4111 ἐξουσίᾳ
1275 4040 1342 4092 τὰ
1376 4040 1572 4104 πάντα,
1620 4042 1759 4111 μετὰ
1791 4044 1901 4096 Πα-

310 4134 443 4201 τρὸς
467 4132 563 4185 καὶ
595 4132 756 4195 αὐτὸς
789 4132 1070 4202 ὑπάρχων,
1103 4133 1131 4183 6
1155 4130 1221 4183 δι’
1249 4124 1310 4185 οὗ
1340 4131 1406 4184 τὰ
1432 4131 1631 4195 πάντα,
1664 4134 1816 4204 παρά
1840 4152 1900 4186 τε

308 4224 472 4295 ἡμῶν
500 4226 579 4285 είς
610 4224 765 4284 Θεὸν,
803 4224 896 4276 καὶ
921 4226 1000 4285 εἰς
1029 4224 1177 4292 ἡμᾶς
1215 4224 1348 4294 παρ’
1375 4224 1562 4277 αὐτοῦ.
1618 4225 1717 4277 Δια
1742 4224 1900 4278 τοῦτο

309 4315 410 4369 καὶ
458 4314 669 4377 Παῦλος
715 4316 801 4367 ἀεὶ
856 4314 1293 4383 συνεζευγμένας
1346 4314 1444 4377 τὰς
1506 4312 1616 4367 τῶν
1676 4316 1899 4383 ἀγαθῶν

307 4408 578 4476 χορηγίας
630 4408 744 4468 τοῖς
788 4405 959 4472 ἀξίοις
1008 4406 1338 4475 ἐπεύχεται,
1392 4405 1567 4474 λέγων
1595 4422 1608 4436 ·
1674 4425 1692 4457 ι
1724 4407 1898 4478 Χάρις

307 4498 442 4567 ὑμῖν
466 4499 557 4551 καὶ
577 4498 768 4567 εἰρήνη
800 4497 907 4550 ἀπὸ
930 4497 1137 4565 [ἰατρὸς
1169 4496 1324 4566 ἡμῶν
1354 4498 1447 4548 καὶ
1479 4498 1683 4568 Κυρίου
1722 4498 1895 4569 Ἰησοῦ

307 4588 570 4658 Χριστοῦ.
604 4608 623 4638 ι
672 4589 782 4640 Καὶ
824 4589 885 4641 οὐ
931 4587 994 4656 δή
1028 4605 1108 4649 τις
1135 4588 1256 4639 νοῦν
1290 4586 1430 4657 ἔχων
1456 4590 1700 4657 οἰήσεται
1734 4589 1896 4642 πάλιν

306 4680 386 4741 ὡς
438 4679 542 4749 ἰδίᾳ
589 4678 686 4749 μέν
728 4696 850 4731 τινα
896 4679 1055 4747 χάριν
1103 4676 1315 4731 δίδωσιν
1363 4678 1391 4729 6
1431 4678 1640 4749 Πατὴρ,
1688 4679 1795 4749 ἰδία
1841 4680 1897 4732 δὲ

307 4770 501 4841 ὥσπερ
548 4772 640 4824 καὶ
671 4770 776 4825 ἀνὰ
812 4770 977 4841 μέρος
1030 4765 1097 4822 αὖ
1146 4768 1305 4822 πάλιν
1337 4770 1365 4821 6
1411 4770 1536 4832 Υίός
1565 4788 1577 4800 ·
1633 4771 1748 4824 ἀλλ’
1780 4770 1895 4824 ἔστι

310 4859 414 4929 μὲν
463 4862 492 4929 ἡ
546 4861 681 4928 αὐτὴ
725 4862 819 4914 καὶ
872 4860 991 4929 μία,
1043 4861 1090 4912 εἰ
1134 4860 1229 4912 καὶ
1282 4858 1350 4912 δι’
1402 4861 1602 4929 ἀμφοῖν
1652 4862 1891 4929 λέγεται.

305 4952 553 5003 Ποιεῖτα;
579 4951 707 5018 γοῦν
739 4954 888 5021 ὅμως
914 4951 979 5005 τὰ
1026 4952 1206 5005 πάντα
1242 4952 1395 5021 παρὰ
1427 4954 1636 5024 Πατρὸς
1663 4955 1730 5009 δι’
1764 4956 1892 5009 Υίοῦ

300 5042 422 5101 τοῖς
467 5037 636 5103 ἀξίοις
669 5042 735 5094 τα
766 5041 967 5108 ἀγαθὰ,
1011 5043 1103 5094 καὶ
1135 5045 1166 5111 ἡ
1198 5042 1305 5095 τῶν
1349 5043 1509 5096 θείων
1539 5046 1893 5115 χαρισμάτων

300 5130 561 5202 διανομὴ,
614 5134 713 5184 οὐκ
762 5135 819 5185 ἐν
871 5134 1175 5203 ὑπουργίας
1217 5136 1368 5199 τάξει
1426 5136 1889 5207 παραληφθέντος,

302 5223 562 5294 καθάπερ
606 5226 929 5295 εἰρήκαμεν,
982 5226 1097 5278 ἀλλ’
1131 5227 1207 5289 ὡς
1242 5229 1565 5298 συνδοτῆρος
1613 5231 1706 5283 καὶ
1758 5247 1891 5299 συγ-

301 5315 548 5387 χορηγοῦ
576 5318 863 5386 νοουμένου
893 5336 951 5371 τε
980 5319 1074 5370 καὶ
1103 5320 1441 5389 ὑπάρχοντος
1497 5321 1601 5391 [αι.
1650 5324 1883 5393 ἐνυπάρ-

297 5408 520 5479 χοντος]
554 5409 782 5480 ἀληθῶς.
828 5412 944 5464 Μία
973 5411 1081 5480 γὰρ
1110 5415 1141 5478 ἡ
1175 5414 1275 5480 τῆς
1305 5412 1556 5482 θεότητος
1589 5413 1748 5481 φύσις
1775 5414 1888 5466 ἐστί

294 5520 356 5554 τε
409 5500 503 5554 καί
542 5498 682 5553 οὕτω
718 5501 1055 5555 πιστεύεται.
1097 5501 1215 5554 Κᾶν
1246 5502 1352 5573 γὰρ
1390 5504 1469 5565 είς
1504 5504 1720 5573 Πατέρα
1754 5504 1887 5557 πλα-

294 5594 532 5662 τὺνηται
580 5592 670 5643 καὶ
711 5593 836 5645 Υἱὸν
877 5594 970 5647 καὶ
998 5595 1077 5655 εἰς
1119 5594 1179 5645 τὸ
1210 5595 1431 5665 Πνεῦμα
1459 5596 1518 5648 τὸ
1550 5598 1721 5665 ἅγιον,
1776 5598 1886 5650 ἁὶλ⁹

1416 5774 1433 5804 3

376 5767 421 5798 ”
457 5766 473 5821 Ι
508 5769 634 5823 Cor.
672 5786 790 5835 \‘lll,
832 5773 883 5824 ti.
967 5772 1005 5801 3"
1047 5769 1277 5842 Philipp,
1322 5788 1357 5836 I,
1404 5774 1453 5825 2ο

2005 3314 2222 3382 facium.

2075 3406 2281 3474 Aperte
2319 3405 2434 3474 jam
2475 3404 2552 3457 ait
2591 3420 2651 3458 se
2680 3444 2693 3468 ,
2746 3418 2872 3457 cum
2908 3402 3049 3455 Deus
3086 3401 3161 3455 sit
3192 3415 3359 3454 verus
3385 3439 3400 3464 ,
3438 3398 3599 3469 facile

2004 3499 2224 3567 quidem
2267 3512 2495 3551 suorum
2546 3509 2739 3565 preces
2779 3500 3135 3562 accepturum
3165 3531 3179 3555 ,
3238 3502 3291 3545 et
3347 3496 3600 3559 prompte

2004 3589 2294 3644 admodum
2332 3587 2656 3656 largiturum
2682 3601 2805 3655 qua:
2839 3583 3120 3653 petierint.
3159 3581 3428 3650 spiritalia
3456 3580 3598 3633 dona

2004 3682 2265 3736 nimirum
2297 3687 2350 3734 et
2384 3694 2627 3748 superna
2654 3676 3035 3731 muniﬁcentia
3068 3673 3253 3742 digna.
3279 3670 3469 3741 Neque
3500 3687 3596 3725 ve-

2004 3789 2066 3829 ro
2097 3783 2156 3827 ut
2182 3772 2371 3826 alienae
2400 3768 2760 3839 benignitatis
2791 3781 2855 3821 ac
2884 3765 3149 3820 bonitatis
3185 3762 3441 3816 minister
3484 3763 3599 3815 hac

2004 3866 2118 3929 ait,
2168 3864 2266 3918 sed
2310 3871 2369 3916 ut
2409 3862 2503 3932 qui
2544 3861 2598 3915 in
2632 3868 2909 3930 potestate
2951 3871 3049 3913 sua
3104 3863 3309 3910 cum-ta
3357 3854 3596 3921 habeat,

2002 3971 2125 4009 cum
2152 3953 2312 4007 Patre
2344 3961 2396 4007 et
2435 3954 2550 4021 ipse
2582 3953 2864 4006 exsistcns
2888 3991 2901 4013 ,
2960 3948 3008 4002 is
3043 3963 3139 4017 per
3161 3960 3326 4016 quem
3361 3946 3548 3999 omnia
3578 3983 3597 4011 ,

2001 4053 2055 4101 et
2085 4062 2114 4099 a
2151 4047 2309 4101 nobis
2341 4047 2394 4099 in
2435 4045 2605 4099 Deum
2634 4084 2649 4108 ,
2685 4051 2739 4098 et
2772 4043 2825 4096 in
2866 4056 2968 4095 nos
3006 4039 3075 4093 ab
3107 4039 3229 4108 ipso
3260 4038 3328 4092 ³⁸.
3385 4036 3599 4093 Idcirco

2001 4138 2164 4192 ctiam
2191 4138 2398 4192 Paulus
2432 4136 2765 4206 conjunctas
2799 4132 3007 4203 pariter
3042 4131 3313 4184 bonorum
3348 4128 3600 4199 largitio—

2000 4244 2099 4283 nes
2137 4228 2320 4298 dignis
2352 4242 2567 4297 semper
2599 4234 2930 4295 apprecatur
2961 4262 2976 4286 ,
3030 4221 3224 4275 dicens
3270 4239 3282 4274 ι
3343 4238 3362 4270 ι
3401 4218 3596 4274 Gratia

1999 4318 2156 4375 vobis
2206 4328 2260 4373 et
2310 4334 2412 4387 pax
2451 4333 2479 4370 a
2516 4319 2625 4372 Deo
2674 4316 2836 4369 Patre
2869 4320 3065 4368 nostro
3105 4318 3159 4365 et
3200 4309 3433 4364 Domino
3465 4308 3595 4364 Jesu

1998 4413 2226 4467 Christo
2269 4412 2333 4463 ³⁵.
2375 4430 2393 4462 ›
2442 4409 2630 4480 Neque
2664 4424 2795 4463 vero
2842 4406 3137 4475 quisquam
3188 4420 3337 4458 sana:
3393 4402 3593 4457 mentis

2001 4503 2275 4573 putaverit
2329 4501 2549 4557 Patrem
2610 4501 2842 4556 seorsim
2903 4498 3125 4567 quidem
3183 4497 3419 4567 gratiam
3486 4492 3591 4547 ali-

1999 4612 2163 4666 quam
2218 4611 2283 4649 ac
2330 4594 2571 4649 seorsim
2620 4592 2820 4645 Filium
2878 4589 3141 4658 elargiri,
3185 4591 3278 4643 sed
3326 4601 3491 4640 unam
3528 4599 3594 4639 ac

2000 4690 2247 4745 eamdem
2301 4703 2461 4751 esse,
2515 4687 2644 4739 licet
2696 4684 2765 4739 ab
2815 4694 3052 4752 utroque
3101 4682 3340 4735 dicatur.
3378 4680 3592 4731 Clincta

1999 4784 2206 4853 quippe
2236 4781 2376 4835 bona
2404 4780 2586 4850 dignis
2629 4778 2926 4832 traduntur
2951 4791 2980 4829 a
3016 4775 3179 4829 Patre
3222 4788 3315 4843 per
3345 4769 3543 4824 Filium
3575 4811 3589 4836 ,

1999 4882 2053 4929 et
2082 4874 2396 4928 divinarum
2430 4872 2734 4943 gratiarum
2768 4871 2829 4923 Iit
2859 4867 3184 4923 distributio
3211 4907 3223 4930 ,
3257 4880 3366 4917 non
3400 4873 3584 4916 tamen

2001 4975 2260 5035 tanquam
2296 4982 2391 5033 per
2414 4964 2732 5018 ministrum
2763 5003 2777 5025 ,
2827 4961 2920 5017 sed
2953 4975 3051 5030 per
3087 4973 3208 5012 eum
3246 4955 3337 5024 qui
3372 4953 3592 5007 conlat-

1997 5055 2143 5123 gitor
2185 5055 2543 5125 intelligatur,
2583 5061 2636 5106 et
2674 5060 2758 5106 est
2786 5068 2929 5105 vere.
2970 5048 3084 5103 Una
3105 5046 3376 5115 siquidem
3413 5042 3590 5097 deita-

1996 5148 2068 5202 tis
2094 5157 2287 5201 natura
2323 5157 2406 5202 est
2437 5157 2601 5217 atque
2633 5147 2706 5199 ita
2733 5145 2998 5198 creditur.
3023 5141 3175 5193 Licet
3207 5138 3354 5191 enim
3386 5145 3583 5189 exten-

1996 5240 2160 5292 datur
2200 5239 2253 5292 in
2302 5238 2519 5291 Patrem
2556 5248 2610 5291 et
2642 5236 2841 5290 Filium
2881 5251 2941 5287 ac
2981 5239 3233 5286 sanctum
3268 5228 3536 5297 Spiritum
3570 5264 3586 5287 ,

1996 5345 2341 5398 nequaquam
2401 5338 2585 5382 tamen
2645 5327 3037 5393 unusquisque
3088 5321 3158 5372 ab
3196 5321 3370 5371 altero
3424 5318 3586 5387 plane

1994 5420 2277 5474 diducitur
2308 5428 2468 5487 atque
2495 5427 2805 5488 separatur.
2842 5415 3011 5467 Recte
3046 5413 3253 5480 quippe
3280 5412 3582 5464 sentientes

1995 5513 2243 5566 dicemus
2273 5530 2337 5566 ex
2380 5512 2538 5565 I’alrc
2571 5525 2693 5563 esse
2731 5518 2783 5560 et
2838 5506 2891 5558 in
2924 5503 3089 5557 Patre.
3129 5502 3453 5556 naturaliter
3489 5500 3579 5553 Fi-

1996 5605 2151 5670 lium,
2191 5621 2252 5659 cx
2287 5620 2460 5672 eoque
2491 5611 2538 5656 et
2575 5602 2627 5654 in
2659 5615 2744 5663 eo,
2777 5609 2825 5653 et
2856 5597 2946 5668 qui
2982 5595 3237 5665 proprius
3261 5593 3383 5663 ejus
3416 5599 3578 5659 atque
