4076 6270
516 391 618 446 εει

1513 379 1568 435 S.
1614 376 1888 433 CYRILLI
1928 375 2399 434 ALEXANDRINI
2442 378 2762 435 ARCIIIEP.

3689 372 3799 431 252

509 497 634 552 Filii
662 502 750 553 est
780 501 1036 552 sanctum
1076 491 1365 563 Spiritum.
1397 489 1535 544 Cum
1563 490 1731 560 igitur
1763 504 1877 544 una
1920 489 1993 544 sit
2037 497 2091 544 et

2196 490 2295 545 οὐκ
2340 490 2453 561 ἔχει
2502 492 2592 545 τὸν
2647 492 2883 546 εἰσάπαν
2938 491 3032 544 καί
3090 489 3401 561 ὁλοκλήρως
3447 487 3795 558 διασπασμὸν

511 589 861 659 intelligatur
887 585 1194 642 secundum
1232 590 1483 637 naturam
1525 583 1703 637 deitas
1724 625 1739 650 ,
1769 597 1865 651 per
1898 580 2102 635 Filium

513 698 543 736 a
578 680 749 736 Patre
800 680 855 733 in
908 678 1112 747 Spiritu
1164 675 1345 747 dignis
1376 690 1570 731 eorum
1606 675 1750 729 dona
1796 675 2102 736 tradentur,

507 783 564 829 et
595 780 782 827 nostra
804 772 856 825 in
894 769 1059 824 Deum
1087 769 1415 833 referentur,
1441 767 1719 824 mediante
1742 767 1999 821 nimirum
2020 764 2105 819 Fi-

509 863 603 917 lio.
624 862 792 917 Nemo
817 862 964 915 enim
990 861 1138 915 venit
1158 860 1326 931 806
1355 860 1421 913 ad
1446 858 1685 927 Patrem,
1705 859 1812 913 nisi
1838 874 1933 929 per
1952 874 2100 927 eum,

508 952 653 1008 sicut
675 953 791 1022 ipse
813 952 1073 1005 nimirum
1103 952 1278 1020 palam
1314 950 1601 1021 professus
1633 960 1736 1006 est.
1767 947 1943 1004 Janua
1972 964 2103 1021 ergo

507 1052 563 1100 et
588 1044 674 1099 via
706 1044 962 1098 amicitiae
989 1059 1114 1097 cum
1152 1042 1262 1096 Deo
1298 1058 1362 1096 ac
1392 1041 1554 1096 Patre
1582 1041 1683 1096 fuit
1712 1050 1767 1097 et
1795 1050 1881 1097 est
1904 1040 2098 1106 Filius,

506 1143 560 1190 ct
589 1135 717 1190 doni
745 1134 893 1203 quod
916 1135 987 1188 ab
1010 1135 1131 1205 ipso
1159 1134 1502 1205 conlargitor
1534 1135 1700 1189 simul
1729 1143 1895 1205 atque
1920 1136 2102 1190 distri-

505 1227 707 1293 butor,
748 1234 811 1280 ut
851 1241 918 1281 ex
950 1240 1058 1279 una
1106 1225 1272 1280 simul
1308 1232 1362 1279 et
1415 1225 1697 1279 communi
1742 1226 2096 1294 benignitate.

507 1313 626 1372 Una
651 1317 853 1386 quippe
879 1327 962 1371 est
991 1315 1215 1371 deitatis
1248 1317 1532 1370 naturain
1567 1330 1807 1385 persona
1844 1325 1896 1370 et
1925 1318 2099 1387 hypo-

505 1410 645 1464 stasi
676 1407 861 1462 Patris
898 1415 953 1462 et
996 1406 1120 1460 Filii
1166 1407 1455 1477 sanctique
1485 1408 1745 1477 Spiritus.
1793 1407 1933 1474 Quia
1971 1424 2099 1463 vero

506 1500 834 1554 inusitatum
869 1498 1066 1552 adhuc
1105 1505 1224 1553 erat
1273 1498 1518 1568 antiquis
1553 1498 1770 1553 Patrem
1814 1499 1968 1554 adire
2004 1515 2099 1568 per

505 1588 748 1657 Filium,
782 1591 927 1645 istud
953 1604 1175 1661 quoque
1215 1591 1424 1645 utiliter
1456 1590 1654 1655 docet,
1692 1605 1756 1645 ac
1779 1590 1929 1660 jacto
1951 1593 2097 1645 velut

505 1682 750 1751 quodam
794 1682 960 1739 istius
991 1682 1070 1736 rei
1115 1681 1171 1735 in
1206 1683 1323 1737 suis
1367 1681 1664 1751 discipulis
1702 1680 2096 1750 fundamento,

505 1773 664 1828 ﬁdem
694 1788 757 1827 ac
790 1772 1146 1842 disciplinam
1177 1772 1343 1826 etiam
1381 1772 1437 1825 in
1477 1786 1580 1826 nos
1622 1770 1773 1841 ipsos
1803 1774 2093 1828 transmit-

500 1865 591 1928 tit,
628 1879 691 1918 ac
725 1864 1062 1935 precationis
1095 1864 1316 1917 modum
1340 1870 1395 1916 et
1427 1877 1579 1931 spem
1602 1862 1942 1919 manifestat.
1975 1863 2093 1934 Ipse

503 1971 742 2026 namque
771 1972 893 2027 quae
939 1955 1168 2026 petituri
1204 1954 1415 2009 orando
1442 1969 1636 2008 sumus
1664 1996 1678 2021 ,
1724 1955 1986 2011 daturum
2032 1973 2094 2012 se

502 2050 830 2119 pollicetur,
874 2050 928 2105 id
968 2050 1197 2117 insuper
1238 2046 1446 2101 addens
1492 2061 1708 2116 quoque
1753 2046 1970 2102 cretcris
2019 2049 2085 2102 ad

501 2140 996 2198 demonstrandam
1044 2139 1152 2197 sibi
1191 2154 1221 2193 a
1255 2145 1452 2193 natura
1483 2139 1704 2193 insitam
1741 2138 2089 2196 divinitatem

430 2306 437 2310 .
501 2240 942 2305 potestatemque
979 2232 1207 2303 regiam.

2205 583 2296 637 τὸν
2328 586 2406 649 εἰς
2434 585 2665 638 ἕκαστον
2701 584 2811 637 τῶν
2843 584 3262 655 σημαινομένων
3293 582 3455 653 φημί.
3508 579 3792 633 Διακεισόο

2209 676 2348 747 μεθα
2376 676 2485 747 γὰρ
2514 676 2836 748 φρονοῦντες
2884 676 3062 746 ὀρθῶς
3094 676 3168 738 ὡς
3214 677 3278 727 ὲκ
3311 673 3526 744 Πατρός
3567 673 3629 726 τέ
3676 675 3793 725 ἐστι

2206 768 2300 821 καὶ
2328 769 2387 820 ὲν
2434 768 2610 838 Πατρὶ
2661 767 2905 836 φυσικῶς
2951 768 2979 819 6
3023 766 3169 829 Υἱὸς,
3220 765 3280 829 ἐξ
3312 763 3478 818 αὐτοῦ
3515 781 3573 817 τε
3605 765 3701 817 καὶ
3733 764 3794 815 ἐν

2204 860 2374 931 αὐτῷ,
2429 860 2523 914 καὶ
2569 860 2631 913 τὸ
2661 861 2789 914 ἴδιον
2831 860 2996 913 αὐτοῦ
3023 876 3081 912 τε
3110 858 3203 911 καὶ
3249 857 3344 910 τοῦ
3379 856 3511 910 Υίοῦ
3541 855 3791 926 Πνεῦμα,

2202 952 2349 1005 τοῦτ’
2380 951 2515 1015 ἔστι,
2561 952 2621 1005 τὺ
2651 954 2826 1020 ἅγιον.
2878 954 3026 1014 sua;
3054 949 3345 1021 τοιγαροῦν
3390 947 3559 1018 οὐσης
3589 964 3649 1000 τε
3695 948 3793 1000 καὶ

2203 1045 2497 1114 νοουμένης
2544 1043 2644 1107 τῆς
2674 1042 2813 1096 κατά
2860 1043 3020 1112 φύσιν
3048 1042 3321 1112 θεότητος,
3369 1040 3436 1092 δι’
3465 1039 3596 1092 Υίοῦ
3636 1038 3787 1108 παρά

2203 1136 2415 1207 Πατρὸς
2436 1137 2493 1186 ὲν
2519 1136 2794 1206 Πνεύματι
2825 1138 2937 1198 τοῖς
2971 1135 3140 1199 ἀξίοις
3164 1135 3232 1187 τὰ
3265 1134 3393 1198 παρ’
3418 1132 3603 1193 αὐτοῖς
3625 1147 3791 1201 χορη-

2201 1226 2519 1297 γηθήσεται,
2574 1227 2665 1279 καὶ
2714 1225 2782 1278 τὰ
2829 1210 2956 1296 παρ’
3005 1224 3162 1295 ἡμῶν
3202 1225 3279 1286 εἰς
3320 1221 3452 1275 Θεὸν
3484 1220 3791 1291 ἀπενεχθῆ-

2203 1336 2376 1384 σεται,
2437 1318 2809 1388 μεσιτεύοντος
2849 1317 3090 1387 δηλονότι
3132 1315 3226 1369 τοῦ
3266 1314 3416 1369 Υἱοῦ.
3461 1314 3653 1376 Οὐδεὶς
3681 1314 3788 1387 γὰρ

2201 1408 2421 1479 ἔρχεται
2451 1410 2587 1477 πρὸς
2619 1409 2711 1462 τὸν
2743 1408 2980 1479 Πατέρα,
3030 1410 3079 1460 εἰ
3113 1407 3188 1481 μὴ
3219 1407 3284 1460 δι’
3316 1405 3503 1470 αὐτοῦ,
3536 1405 3788 1475 καθάπερ

2200 1499 2394 1569 ἀμέλει
2448 1497 2951 1567 διωμο).όγηκε“καὶ
2982 1498 3164 1561 αὐτός,
3194 1497 3346 1567 Θύρα
3377 1495 3664 1567 τοιγαροῦν
3694 1496 3815 1548 καὶ.

2198 1591 2316 1653 ὁδὸς
2360 1591 2458 1660 τῆς
2491 1590 2627 1661 πρὸς
2658 1590 2789 1643 Θεὸν
2833 1590 2928 1642 καὶ
2956 1590 3172 1661 Πατέρα
3210 1589 3392 1657 φιλίας
3421 1606 3479 1641 τε
3509 1586 3646 1656 ὁμοῦ
3696 1587 3789 1639 καί

2201 1684 2426 1755 προόδου
2476 1683 2664 1751 γέγονέ
2713 1699 2772 1736 τε
2822 1683 2916 1736 καὶ
2954 1682 3098 1735 ἔστιν
3125 1684 3153 1735 6
3200 1681 3348 1744 Υἰδς,
3398 1681 3495 1733 καί
3525 1680 3623 1749 τῆς
3657 1687 3787 1748 παρ’

2198 1776 2364 1830 αὐτοῦ
2398 1777 2606 1846 δωρεᾶς
2642 1776 2904 1846 συνδοτήρ
2952 1792 3011 1827 τε
3046 1774 3179 1844 ὁμοῦ
3212 1774 3304 1826 καί
3342 1773 3659 1841 διανομεὺς,
3712 1771 3786 1834 ὡς

2201 1871 2264 1923 ὲκ
2302 1870 2429 1938 μιᾶς
2457 1886 2513 1920 τε
2544 1867 2659 1937 ἅμα
2708 1868 2799 1921 καὶ
2853 1867 3040 1936 κοινῆς
3081 1864 3409 1936 φιλοτιμίας.
3460 1865 3577 1917 Μία
3615 1864 3724 1934 γὰρ
3752 1866 3785 1934 ἡ

2198 1963 2296 2030 τῆς
2343 1960 2595 2029 θεότητος
2645 1959 2806 2027 φύσις
2855 1961 2912 2011 ὲν
2945 1958 3224 2029 προσώπῳ
3272 1976 3331 2011 τε
3367 1959 3461 2011 καὶ
3493 1950 3795 2010 ὑποστάσει

2200 2053 2412 2124 Πατρός
2457 2069 2517 2104 τε
2560 2051 2655 2103 καὶ
2685 2051 2814 2103 Υίοῦ
2861 2052 2956 2104 καὶ
2986 2052 3142 2119 ἁγίου
3173 2051 3512 2121 Πνεῦμα-τος.
3571 2049 3786 2120 Ἐπειδὴ

2199 2144 2255 2196 δὲ
2278 2141 2546 2212 ἁσύνηθές
2573 2157 2690 2203 πως
2713 2142 2823 2202 τοῖς
2854 2140 3229 2211 ἀρχαιοτέροις
3257 2142 3347 2194 καὶ
3371 2141 3787 2211 ἀνεπιτήδευτον

2196 2231 2264 2305 ἦν
2295 2233 2461 2287 ἔτιτὸ
2486 2232 2553 2287 δι’
2589 2231 2721 2286 Υίοῦ
2769 2233 3167 2302 προσέρχεσθαι
3199 2232 3274 2303 τῷ
3309 2234 3504 2303 Πατρί,
3545 2233 3785 2287 διδάσκει

500 2327 783 2383 καὶτοῦτο
831 2327 1141 2399 χρησίμως,
1188 2324 1281 2378 καί⁸
1322 2323 1512 2395 ὥσπερ
1556 2324 1677 2378 τινὰ
1712 2328 1951 2396 κρηπῖδα
1993 2329 2087 2382 τοῦ
2127 2330 2454 2400 πράγματος
2521 2328 2578 2380 ὲν
2608 2328 2721 2389 τοῖς
2793 2326 2941 2389 ἰδίοις
2982 2326 3252 2395 μαθηταῖς
3299 2326 3785 2395 προκαταδάλλων,

498 2422 593 2477 καὶ
636 2422 734 2494 τὴν
767 2424 861 2477 ἐπὶ
893 2422 1069 2492 τούτῳ
1116 2420 1300 2474 πίστιν
1345 2435 1405 2471 τε
1441 2420 1533 2471 καὶ
1600 2419 1855 2489 μάθησιν,
1902 2422 1998 2476 καὶ
2049 2425 2130 2489 εἰς
2200 2425 2345 2494 ἡμᾶς
2394 2423 2591 2486 αὐτοὺς
2641 2422 3005 2493 παραπέμπει
3050 2422 3144 2475 καὶ
3193 2422 3289 2490 τῆς
3338 2422 3646 2493 προσευχῆς
3694 2422 3785 2476 τὸν

498 2515 702 2585 τρόπον
729 2513 825 2567 καὶ
852 2516 952 2583 τῆς
984 2512 1200 2573 ἐλπίδος
1225 2509 1323 2581 τὴν
1348 2510 1598 2581 δήλωσιν.
1642 2513 1959 2568 Ἐπιδὼσειν
1985 2515 2095 2587 γὰρ
2133 2516 2296 2579 αὐτὸς
2339 2516 2405 2569 τά
2452 2517 2510 2567 ὲν
2548 2515 2733 2584 εὐχαῖς
2765 2515 2894 2584 ἡμῖν
2962 2512 3378 2580 ἐπαγγέλλεται,
3422 2513 3621 2583 δεῖγμα
3686 2515 3785 2584 τῆς

499 2607 643 2662 κατά
668 2606 830 2676 φύσιν
850 2603 1099 2673 θεότητος
1132 2602 1351 2670 καὶτῆς
1379 2601 1603 2671 ἐνούσης
1630 2603 1778 2674 αὐτῷ
1800 2604 2087 2676 βασιλικῆς
2126 2607 2378 2674 ἐξουσίας
2411 2606 2501 2659 καὶ
2534 2604 2694 2662 τοῦτο
2729 2608 2841 2669 τοῖς
2873 2604 3052 2669 ἄλλοις
3091 2605 3426 2676 προστιθείς.

569 2717 714 2784 XIV,
746 2717 831 2773 i5.
864 2715 923 2771 Si
955 2714 1183 2786 diligitis
1215 2731 1315 2781 me,
1350 2717 1608 2769 mandata
1640 2733 1753 2769 mea
1785 2730 2012 2774 servate.

569 2853 706 2910 Cum
735 2850 974 2922 jusserit
993 2858 1053 2904 ut
1080 2850 1173 2920 qui
1200 2850 1421 2920 petituri
1453 2858 1608 2917 sunt,
1653 2851 1708 2904 in
1743 2853 1967 2909 nomine
1989 2870 2088 2910 suo

500 2957 731 3020 petant,
777 2956 831 3002 et
865 2947 1182 3017 petentibus
1233 2947 1565 3016 largiturum
1614 2962 1674 3002 se
1717 2947 2091 3017 quodcunque

503 3042 685 3096 velint
714 3040 1047 3111 polliceatur
1070 3080 1091 3105 ,
1136 3039 1189 3093 id
1220 3038 1493 3109 impiimis
1524 3046 1681 3093 cavet
1716 3054 1785 3093 ne
1821 3039 2091 3095 mentitus

504 3133 774 3199 videatur,
798 3139 1023 3202 propter
1059 3132 1262 3201 impias
1294 3130 1760 3185 calumniatorum
1794 3145 1975 3185 voces.
2002 3112 2081 3184 Ex

2277 2723 2419 2780 Ἐὰν
2455 2722 2721 2794 ἀγαπᾶτέ
2754 2741 2851 2792 με,
2889 2723 2995 2791 τὰς
3023 2722 3280 2790 ἐντολάς
3311 2741 3430 2793 μου
3470 2726 3789 2794 τηρήσετε.

2265 2860 2481 2932 Χρῆναι
2509 2860 2606 2930 μὲν
2638 2860 2809 2913 αἰτεῖν
2838 2857 3168 2927 εὐχομένους
3200 2856 3296 2910 ἐπὶ
3322 2855 3400 2926 τῷ
3430 2856 3656 2927 ὀνόματι
3689 2858 3783 2911 αὐ-

2193 2951 2285 3004 τοῦ
2333 2949 2686 3020 διατεταχὼς,
2735 2949 3062 3019 χορηγήσειν
3096 2947 3153 2999 δὲ
3187 2948 3305 3010 τοῖς
3347 2945 3591 3000 αἰτοῦσιν
3623 2947 3783 3011 αὐτὸς

2192 3043 2328 3111 ὅπερ
2360 3041 2425 3094 ἂν
2454 3040 2750 3112 βούλωνται
2798 3038 2983 3093 λαϐεῖν
3030 3038 3482 3109 ὑπισχνούμενος,
3530 3039 3786 3108 φροντίδα

2205 3138 2437 3187 ποιεῖται
2469 3132 2667 3204 πολλὴν
2697 3131 2789 3185 τοῦ
2824 3132 2897 3201 μὴ
2926 3129 3307 3199 διαψεύδεσθαι
3336 3129 3535 3195 δοκεῖν,
3568 3130 3657 3183 διὰ
3684 3129 3783 3193 τὰς

501 3227 637 3295 ipsis
664 3227 810 3281 enim
851 3225 1028 3280 sacris
1061 3223 1288 3278 Litteris
1320 3222 1670 3293 pmissimum
1704 3220 1889 3276 videre
1918 3222 2082 3285 licet,

2196 3227 2303 3279 τῶν
2331 3225 2597 3280 εἰωθότων
2628 3224 2939 3293 φιλοψογεῖν
2970 3221 3299 3285 καταλαλιάς
3327 3221 3594 3285 ἀνοσίους.
3629 3223 3781 3275 Ἐστι

502 3319 806 3374 nonnullos
838 3317 995 3372 adire
1042 3316 1266 3386 quidem
1301 3315 1479 3385 ipsum
1518 3322 1572 3369 et
1606 3315 1663 3368 in
1705 3314 1825 3384 ejus
1869 3314 2091 3369 nomine

502 3419 686 3481 petere
711 3450 726 3475 ,
774 3422 1126 3479 nequaquam
1163 3415 1345 3461 tamen
1395 3407 1651 3476 accipere
1677 3446 1692 3470 ,
1729 3406 1861 3475 quid
1892 3405 2091 3475 cuique

499 3502 796 3557 conveniat
839 3510 895 3555 et
938 3500 1069 3569 quid
1114 3496 1432 3569 petentibus
1471 3498 1745 3552 conducat
1779 3512 1887 3551 non
1928 3497 2088 3565 igno-

500 3600 658 3648 rante
692 3591 802 3649 Deo
827 3592 894 3645 ³⁸.
932 3590 1001 3645 Ut
1042 3606 1177 3661 ergo
1209 3590 1474 3645 Dominus
1503 3601 1690 3645 noster
1719 3587 1882 3644 Jcsus
1925 3587 2090 3643 Chri-

498 3693 617 3740 stus
647 3684 825 3755 palam
854 3684 1174 3739 ostenderet
1198 3682 1267 3737 ad
1292 3696 1561 3752 quosnam
1590 3681 1755 3735 verba
1782 3680 2004 3743 faceret,
2038 3687 2091 3733 et

497 3772 830 3840 quibusnam
870 3770 1261 3839 promissionis
1314 3771 1492 3839 gratia
1548 3769 1883 3829 deberetur,
1933 3774 1988 3821 et
2034 3768 2087 3820 in

498 3879 608 3931 quo
633 3877 762 3915 vere
794 3861 984 3913 futura
1014 3867 1195 3921 esset,
1245 3860 1431 3913 statim
1482 3858 1784 3926 diligentes
1829 3873 1889 3911 se
1934 3856 2091 3909 exhi-

499 3952 616 4008 buit
641 3991 656 4014 ,
690 3960 745 4006 et
779 3958 1035 4004 exactum
1074 3948 1209 4017 legis
1238 3948 1523 4003 custodem
1561 3947 1816 4015 adjunxit
1842 3985 1855 4009 ,
1894 3955 2087 4000 osten-

499 4044 635 4098 dens
676 4056 786 4095 non
821 4039 888 4093 ad
922 4039 1062 4095 alios
1092 4054 1259 4109 quam
1296 4040 1363 4092 ad
1400 4040 1549 4107 ipsos
1576 4038 1701 4115 fieri
1734 4037 2091 4107 benignitatis

502 4132 927 4203 promissionem
954 4139 1008 4185 et
1034 4130 1372 4200 spiritalium
1403 4129 1676 4184 bonorum
1716 4129 2087 4198 largitionem.

498 4225 636 4279 Nam
673 4223 927 4280 contrahi
961 4238 1105 4293 saepe
1138 4221 1236 4278 Dei
1277 4236 1501 4281 manum
1523 4262 1537 4285 ,
1582 4228 1637 4275 et
1668 4235 1853 4275 rerum
1897 4236 2090 4291 spera-

498 4326 677 4372 tarum
715 4316 923 4373 exitum
966 4316 1034 4371 iis
1073 4314 1167 4385 qui
1212 4320 1362 4369 recte
1407 4320 1593 4383 petere
1632 4311 1881 4367 nesciant
1923 4313 2091 4366 inter-

498 4407 673 4474 cludi,
708 4408 872 4475 facile
905 4422 1177 4478 agnosces
1209 4420 1273 4461 ex
1300 4404 1369 4460 iis
1401 4419 1525 4473 quae
1552 4402 1758 4458 Christi
1787 4402 2090 4473 discipulus

2192 3318 2300 3388 γὰρ
2339 3316 2484 3380 ἰδεῖν,
2534 3317 2628 3369 καὶ
2674 3315 2735 3385 ἐξ
2780 3314 2959 3367 αὐτῶν
2998 3313 3233 3383 μάλιστα
3268 3312 3377 3367 τῶν
3409 3312 3569 3382 ἱερῶν
3602 3313 3784 3383 Γραμ-

2197 3410 2407 3480 μάτων,
2451 3409 2525 3471 ὡς
2560 3407 2820 3478 προσίασι
2860 3406 2956 3475 μὲν
3002 3405 3097 3457 καὶ
3142 3404 3480 3468 ἐξαιτοῦνταί
3513 3422 3658 3467 τινες
3691 3405 3782 3457 ἐπὶ

2192 3501 2269 3571 τῷ
2318 3501 2542 3570 ὀνόματι
2592 3498 2788 3560 αὐτοῦ,
2845 3497 3087 3566 δέχονταί
3148 3513 3210 3564 γε
3264 3496 3371 3568 μὴν
3423 3496 3675 3567 οὐδαμῶς
3722 3497 3782 3549 τὸ

2194 3593 2407 3662 ἑκάστῳ
2462 3592 2706 3664 πρέπον,
2766 3590 2858 3642 καὶ
2908 3592 3021 3652 τοῖς
3090 3588 3302 3643 αἰτοῦσι
3359 3589 3633 3652 λυσιτελὲς
3684 3589 3783 3641 οὐκ

2193 3685 2524 3754 ὴγνοηκότος
2555 3682 2708 3736 Θεοῦ.
2746 3683 2863 3737 Ἵνα
2898 3681 3077 3734 τοίνυν
3108 3682 3354 3753 ἐπιδείξῃ
3387 3682 3572 3750 σαφῶς
3610 3683 3638 3734 6
3673 3682 3782 3733 Κύ-

2197 3794 2307 3846 ριος
2346 3777 2504 3847 ἡμῶν
2552 3774 2759 3845 Ἰησοῦς
2791 3777 2819 3827 6
2861 3774 3116 3844 Χριστὸς,
3159 3775 3295 3846 πρὸς
3330 3774 3483 3835 τίνας
3514 3774 3665 3843 αὐτῷ
3689 3774 3780 3841 γέ·

2193 3869 2315 3935 γονέ
2338 3885 2395 3920 τε
2424 3866 2517 3920 καὶ
2542 3866 2693 3920 ἔστιν
2715 3868 2742 3919 ὁ
2767 3865 2941 3934 λόγος,
2967 3868 3061 3918 καὶ
3081 3866 3220 3918 τίσιν
3246 3867 3278 3935 ή
3308 3866 3407 3935 τῆς
3438 3865 3784 3936 ὑποσχέσεως

2193 3958 2463 4025 ὀφείλεται
2494 3958 2673 4028 χάρις,
2724 3958 2807 4025 ἐφ’
2854 3951 2897 4025 ᾧ
2932 3957 3086 4011 ἔσται
3137 3958 3230 4010 καὶ
3262 3956 3503 4025 ἀληθῶς,
3545 3959 3783 4027 παρεκό-

2196 4064 2353 4117 μισεν
2396 4048 2559 4110 εὐθὺς
2608 4047 2715 4099 τῶν
2750 4047 3087 4114 ἀγαπώντων
3113 4047 3173 4099 τὸ
3220 4047 3533 4117 πρόσωπον,
3570 4048 3664 4099 καὶ
3694 4046 3781 4099 τὸν

2191 4138 2391 4210 ἀκριϐῆ
2429 4137 2779 4208 νομοφύλακα
2812 4137 3218 4208 τναραζεύγνυσι
3258 4136 3337 4207 τῷ
3376 4138 3540 4207 λόγῳ,
3570 4138 3783 4200 δεικνὺς

2192 4231 2273 4284 ὅτι
2304 4230 2439 4300 πρὸς
2487 4231 2684 4293 αὐτοὺς
2728 4230 2824 4282 καὶ
2869 4231 2965 4300 οὐχ
3000 4230 3217 4299 ἐτέρους
3254 4232 3286 4299 ή
3315 4232 3415 4299 τῆς
3445 4230 3781 4301 ἡμερότητος

2193 4321 2496 4391 ἐπαγγελία
2529 4322 2622 4375 καὶ
2655 4322 2688 4391 ἡ
2717 4322 2825 4375 τῶν
2856 4322 3243 4392 πνευματικῶν
3286 4323 3509 4392 ἀγαθῶν
3539 4325 3780 4388 ἐπίδοσις

2191 4412 2257 4466 δι’
2290 4411 2454 4465 αὐτοῦ
2503 4414 2768 4482 κρατήσει
2814 4414 2908 4466 καὶ
2953 4396 3262 4482 γενήσεται.
3306 4414 3429 4469 Ὅτι
3475 4416 3584 4485 γάρ
3637 4416 3781 4486 δκνῳ

498 4499 694 4556 scribit
723 4500 777 4554 in
810 4501 957 4553 hunc
988 4500 1211 4553 modum
1246 4515 1261 4553 :
1314 4517 1333 4549 ι
1363 4497 1555 4552 Petitis
1581 4538 1594 4563 ,
1636 4507 1691 4551 et
1733 4512 1844 4551 non
1876 4498 2088 4567 accipi-

2196 4504 2453 4565 πολλάκις
2500 4505 2533 4572 ἡ
2564 4503 2800 4572 χορηγὸς
2828 4504 3175 4557 συστέλλεται
3203 4505 3325 4575 χεὶρ
3359 4505 3451 4558 τοῦ
3479 4506 3634 4569 Θεοῦ,
3669 4510 3780 4569 τοῖς

498 4594 568 4648 tis
594 4634 609 4657 ,
657 4607 723 4648 eo
757 4592 904 4663 quod
946 4593 1086 4646 male
1115 4592 1343 4661 petitis,
1407 4598 1466 4644 ut
1518 4590 1572 4644 in
1614 4592 2086 4662 concupiscentiis

497 4684 695 4737 vestris
725 4685 1068 4737 consumatis
1101 4683 1165 4737 ³⁷.
1202 4702 1220 4733 ι
1262 4684 1478 4738 Idcirco
1507 4691 1561 4737 et
1590 4682 1657 4737 de
1689 4684 1881 4738 animo
1905 4684 2086 4754 dupli-

494 4774 653 4829 cibus
685 4776 763 4828 ait
787 4792 801 4828 :
843 4793 862 4825 ι
887 4773 1006 4828 Νοη
1034 4788 1163 4843 ergo
1192 4774 1431 4830 aestimet
1452 4774 1617 4828 homo
1647 4775 1736 4829 illc
1764 4775 1909 4845 quod
1939 4777 2085 4829 acci-

496 4864 609 4933 piat
641 4864 845 4935 aliquid
884 4879 914 4918 a
952 4863 1186 4918 Domino
1217 4880 1231 4917 :
1269 4865 1354 4919 vir
1382 4866 1529 4919 enim
1553 4865 1755 4935 duplex
1787 4866 1974 4922 animo
2004 4868 2086 4920 in-

497 4964 765 5013 constans
801 4963 885 5012 est
916 4955 971 5010 in
1004 4956 1264 5012 omnibus
1295 4957 1401 5013 viis
1435 4958 1551 5013 suis
1591 4959 1654 5023 ³⁸,
1693 4978 1709 5010 ι
1761 4941 2084 5014 Petentibus

495 5047 641 5102 enim
669 5063 965 5118 supernam
989 5048 1221 5119 gratiam
1256 5064 1367 5103 non
1396 5049 1463 5104 ad
1490 5049 1653 5119 807
1675 5049 1934 5103 virtutem
1964 5066 2085 5119 per-

499 5138 788 5194 ficiendam
813 5178 828 5205 ,
857 5138 955 5194 sed
979 5140 1043 5192 ad
1076 5142 1263 5195 carnis
1300 5140 1636 5210 voluptatem
1683 5150 1737 5195 et
1773 5142 2086 5197 mundanas

499 5231 825 5300 cupiditates
862 5230 1127 5287 fruendas
1152 5269 1167 5295 ,
1216 5247 1406 5289 aurem
1439 5240 1651 5288 tantum
1689 5247 1797 5288 non
1850 5234 2091 5288 occludit

500 5318 664 5383 Deus,
692 5335 757 5374 ac
788 5321 927 5375 nihil
954 5335 1183 5391 prorsus
1214 5324 1483 5394 elargitur
1518 5344 1540 5380 ιι
1578 5341 1700 5395 qua:
1730 5326 1875 5379 enim
1903 5326 2088 5380 renuit

498 5425 563 5464 ac
591 5418 851 5479 tanquam
884 5412 1206 5468 detestanda
1248 5417 1459 5485 rejicit,
1491 5417 1771 5488 quomodo
1806 5418 2087 5473 nonnullis

498 5500 797 5571 largietur?
822 5512 914 5556 aut
933 5505 1211 5574 quomodo
1238 5507 1362 5562 fons
1385 5510 1569 5565 omnis
1596 5507 1905 5562 dulcedinis
1933 5522 2085 5560 ama-

499 5590 544 5645 ri
592 5590 870 5662 quidpiam
927 5596 1225 5652 emiserit?
1282 5599 1436 5665 Quod
1500 5611 1682 5655 autem
1750 5599 2080 5668 spiritalium

572 5772 617 5804 ³⁸
643 5772 661 5827 1
691 5773 849 5831 Juan.
885 5794 939 5839 γ,
983 5779 1061 5832 ii.
1143 5781 1183 5809 ³⁷
1226 5778 1340 5833 Jac.
1388 5796 1457 5845 ιγ,
1488 5781 1538 5834 5.
1622 5782 1661 5809 ³⁸
1690 5777 1807 5833 Jac.
1847 5795 1882 5845 ι,
1911 5779 1964 5842 7,
1992 5780 2040 5832 8.

2193 4597 2293 4649 οὐκ
2348 4594 2524 4667 ὀρθῶς
2573 4594 2855 4647 ἐθέλουσιν
2913 4596 3083 4649 αἰτεῖν
3143 4595 3206 4648 τὸ
3261 4596 3370 4651 τῶν
3415 4597 3780 4652 ἐλπισθέντων

2194 4689 2559 4743 ἀποκλείουσα
2593 4688 2787 4759 πέρας,
2832 4689 3084 4759 συνήσεις
3112 4688 3350 4752 εὐκόλως
3378 4688 3436 4755 ἐξ
3466 4682 3543 4743 ὧν
3581 4693 3609 4743 6
3650 4691 3782 4760 Χρι-

2196 4779 2321 4833 στοῦ
2371 4779 2619 4851 μαθητὴς
2665 4778 3014 4832 ἀποτείνεται
3061 4779 3290 4849 γράφων
3323 4779 3459 4833 ὡδί·
3518 4798 3537 4832 ι
3569 4782 3779 4832 Αἰτεῖτε

2196 4873 2288 4924 καὶ
2318 4871 2378 4923 οὐ
2409 4871 2735 4941 λαμϐάνετε,
2788 4870 2923 4924 διότι
2970 4869 3157 4933 κακῶς
3191 4874 3414 4935 αἰτεῖτε,
3457 4872 3543 4926 ἵνα
3570 4875 3629 4926 ἐν
3660 4876 3779 4935 ταῖς

2194 4962 2407 5031 ἡδοναῖς
2440 4961 2592 5032 ὐμῶν
2620 4962 2989 5031 δαπανήσητε,
3024 4980 3043 5011 ι
3082 4962 3172 5013 Διὸ
3205 4963 3298 5014 καὶ
3328 4963 3488 5020 πάλιν
3519 4965 3646 5035 περὶ
3674 4963 3779 5015 τῶν

2190 5051 2432 5122 διψυχεῖν
2463 5052 2728 5106 εἰωθότων
2756 5051 2888 5120 φησί
2912 5069 2928 5085 ο
2986 5071 3003 5103 ‹
3034 5053 3124 5121 Μὴ
3154 5051 3262 5121 γὰρ
3289 5053 3484 5106 οἰέσθω
3517 5058 3546 5107 6
3567 5056 3778 5125 ἄνθρωο

2190 5160 2289 5205 πος
2324 5144 2547 5206 ἐκεῖνος,
2574 5143 2654 5195 ὅτι
2686 5141 2913 5212 λήψεταί
2941 5159 2994 5195 τι
3028 5142 3181 5212 ποιρά
3228 5141 3322 5196 τοῦ
3353 5145 3558 5215 Κυρίου
3585 5161 3599 5174 ·
3637 5146 3776 5217 ἀνὴρ

2191 5233 2298 5303 γὰρ
2352 5233 2607 5303 δίψυχος,
2663 5233 3044 5297 ἀκατάστατος
3097 5236 3154 5286 ὲν
3212 5236 3414 5299 πάσαις
3468 5239 3589 5301 ταῖς
3641 5239 3777 5301 ὁδοῖς

2190 5322 2377 5374 αὐτοῦ.
2410 5342 2427 5373 ι
2464 5323 2589 5385 Τοῖς
2627 5324 2724 5392 μὲν
2754 5322 2863 5393 γὰρ
2890 5324 3168 5394 ἐρωτῶσιν
3196 5327 3295 5378 οὐκ
3329 5329 3408 5389 εἰς
3438 5328 3778 5397 κατόρθωσιν

2192 5412 2392 5482 ἀρετῆς
2422 5414 2520 5485 τὴν
2552 5415 2757 5467 ἄνωθεν
2788 5416 2966 5485 χάριν,
2997 5416 3115 5468 ἀλλ’
3150 5417 3230 5479 εἰς
3254 5418 3558 5471 ἀπόλαυσιν
3590 5436 3780 5488 σαρκι-

2194 5503 2293 5570 κῆς
2328 5504 2519 5573 ἡδονῆς
2564 5506 2656 5558 καί
2688 5507 2968 5575 κοσμικῶν
3000 5507 3326 5576 ἐπιθυμιῶν,
3368 5511 3657 5581 μονονουχὶ
3687 5514 3778 5565 καὶ

2193 5596 2528 5665 ἀπομάττει
2582 5598 2639 5650 τὸ
2696 5595 2787 5660 οῦς
2836 5600 2862 5649 6
2922 5598 3073 5662 θεὸς,
3127 5604 3351 5669 χορηγεῖ
3394 5598 3450 5656 δὲ
3497 5604 3781 5669 παντελῶς
