4076 6270
310 387 420 445 255

1316 380 1387 437 IN
1412 375 1696 438 JOANNIS
1731 368 2185 457 EYANGELIUM
2228 376 2358 434 LIB.
2396 377 2487 432 IX.

3477 380 3583 436 εει

311 503 468 559 οὐδέν
492 523 506 536 ·
553 502 592 559 ἃ
639 503 747 577 γάρ
792 503 858 557 ἂν
904 499 1198 573 ἀποφάσκῃ
1226 499 1321 554 καὶ
1353 499 1635 569 ἀπόϐλητα
1671 472 1873 563 ’ποιῆτα

2001 492 2304 559 gratiarum
2356 492 2704 549 amatoribus
2755 491 2926 549 divite
2983 506 3046 548 ac
3106 498 3361 563 prompta
3411 509 3579 549 manu

309 593 401 648 διὰ
425 595 526 666 τὴν
550 595 773 647 ἐνοῦσαν
796 594 979 654 αὐτοῖς
1011 590 1313 661 βδελυρίαν,
1341 588 1460 653 πῶς
1490 590 1557 643 ἂν
1585 588 1891 659 χορηγήσαι

312 684 493 745 τισίν;
546 685 578 754 ἠ
609 683 664 735 δὲ
694 683 912 754 ἀπάσης
948 682 1289 752 γλυκύτητος
1321 681 1471 751 πηγὴ
1507 679 1625 743 πῶς
1655 681 1722 733 ἂν
1753 675 1892 747 αὑτὴ

313 776 509 849 πικρὸν
537 775 838 829 ἀναϐλύσαι
873 756 1054 844 vdua;
1100 774 1223 827 Ὅτι
1251 773 1308 825 δὲ
1349 774 1463 834 τοῖς
1501 768 1611 823 τῶν
1649 784 1893 836 πνευμα-

312 869 478 921 τικῶν
507 867 867 939 χαρισμάτων
895 867 1154 937 ἐρασταῖς
1197 864 1429 934 πλουσίᾳ⁵
1455 880 1516 914 τε
1561 860 1656 915 καὶ
1692 858 1893 930 προθυ-

312 958 522 1031 μοτάτῃ
568 958 713 1029 χειρὶ
753 956 996 1027 διανέμει
1039 956 1109 1011 τὰ
1156 956 1356 1025 ἀγαθὰ,
1408 953 1634 1023 κατόψει
1669 952 1889 1023 ῥαδίως,

306 1050 435 1102 ὅταν
456 1048 696 1121 ἀκούσῃς
720 1048 971 1117 λέγοντος
992 1048 1081 1101 διὰ
1112 1048 1209 1117 μὲν
1249 1047 1472 1101 Ἡσαΐου
1496 1045 1589 1099 τοῦ
1616 1045 1890 1117 προφήτου

308 1141 448 1211 πρὸς
476 1139 669 1204 αύτούς
697 1158 711 1173 ι
745 1159 764 1191 ι
791 1141 912 1193 Ἔτι
943 1139 1035 1193 σοῦ
1070 1138 1376 1217 λαλοῦντος,
1406 1138 1516 1208 ὲρῶ
1540 1151 1552 1164 ·
1590 1136 1653 1187 Τί
1684 1136 1831 1197 sm;
1865 1149 1883 1183 ι

306 1231 411 1285 Διά
454 1231 513 1284 δὲ
558 1232 655 1303 τῆς
695 1230 791 1285 τοῦ
824 1230 1136 1294 Ψάλλοντος
1182 1231 1366 1301 φωνῆς
1394 1230 1476 1282 ὅτι
1536 1245 1556 1280 ι
1592 1224 1891 1294 Ὀφθαλμοὶ

306 1322 517 1394 Κυρίου
550 1323 642 1377 ἐπὶ
683 1322 946 1386 δικαίους,
995 1323 1088 1375 καὶ
1114 1315 1229 1376 ὦτα
1262 1319 1426 1375 αὑτοῦ
1465 1321 1545 1382 είς
1572 1318 1756 1388 δέησιν
1793 1315 1890 1369 αύ-

306 1417 437 1471 τῶν.
473 1433 492 1466 ι
538 1416 896 1487 Ὀρισάμενος
926 1415 1107 1469 τοίνυν
1144 1417 1238 1468 καὶ
1270 1414 1567 1486 διαρρήδην
1600 1409 1769 1464 εἰπὼν
1806 1410 1889 1462 ὅτι

303 1510 420 1570 τοῖς
458 1499 748 1575 ἀγαπῶσιν
786 1506 950 1560 αὐτὸν
983 1506 1257 1575 όφείλεταί
1298 1523 1356 1558 τε
1406 1504 1500 1557 καὶ
1550 1501 1781 1571 ὑπάρξει
1825 1498 1891 1571 δὴ

305 1599 529 1661 πάντως
571 1597 635 1650 τὸ
658 1600 771 1662 τοῖς
816 1597 1019 1651 ἄνωθεν
1052 1597 1321 1668 ὲντρυφᾷν
1350 1595 1594 1663 ἀγαθοῖς⁹
1625 1593 1692 1646 δι’
1723 1591 1888 1645 αὑτοῦ

303 1687 556 1756 δηλονότι
603 1688 1027 1759 χορηγουμένοις
1065 1691 1216 1760 παρά
1261 1686 1491 1757 Πατρὸς,
1542 1683 1889 1754 καταγράφει

304 1780 656 1851 παραχρῆμα
685 1781 778 1834 καὶ¹
803 1781 903 1850 τῆς
936 1781 1154 1850 ἀγάπης
1178 1780 1277 1850 τὴν
1301 1778 1559 1847 δύναμιν,
1610 1776 1705 1830 καὶ
1737 1776 1888 1838 ὅπως

302 1873 369 1927 ἀν
397 1873 569 1942 αὐτὴν
598 1872 1070 1944 ὲπιτηδεύσαιμεν,
1098 1872 1294 1943 ἀριστά
1320 1889 1381 1924 τε
1415 1871 1510 1924 καὶ
1535 1868 1884 1939 ἀνεγκλήτως

301 1964 542 2019 διδάσκει
587 1963 676 2017 διὰ
720 1963 782 2016 τὸ
823 1964 1107 2034 χρήσιμον.
1159 1964 1231 2017 Οὐ
1263 1965 1372 2032 γὰρ
1403 1962 1456 2014 εἰ
1493 1979 1578 2025 τις
1614 1960 1761 2028 λέγοι
1790 1959 1882 2012 τὸν

303 2056 436 2143 ἐξεὸν
460 2057 701 2125 ἀγαπᾷν,
736 2056 950 2119 πάντως
969 2056 1032 2126 δὴ
1063 2057 1156 2109 καὶ
1178 2055 1277 2125 τὴν
1303 2053 1399 2107 τοῦ
1425 2051 1640 2124 ἀληθῶς
1663 2052 1881 2121 ἀγαπᾷν

303 2148 584 2203 ἀποίσεται
620 2148 797 2213 δόξαν,
846 2148 969 2201 ἐπεὶ
1001 2148 1075 2219 μή
1121 2149 1177 2201 ὲν
1209 2147 1352 2217 λόγῳ
1384 2146 1525 2217 ψιλῷ
1553 2145 1652 2215 τῆς
1681 2144 1882 2215 ἀρετῆς

306 2240 342 2310 ἡ
388 2238 634 2306 δύναμις,
683 2239 816 2308 μήτε
850 2237 958 2309 μὴν
988 2238 1046 2290 ἐν
1071 2239 1300 2307 γυμνοῖς
1345 2236 1649 2309 μορφοῦται
1676 2237 1881 2307 ῥήμασι

307 2297 409 2400 τῆς
440 2297 988 2393 εἰς’Θεδιίεύσεδείας
1019 2297 1095 2382 τὸ.
1110 2297 1326 2393 κάλλος,
1345 2297 1477 2382 ’ἀλλί
1506 2328 1540 2397 ἢ
1572 2325 1631 2390 ἐξ
1660 2297 1895 2393 ἀγάθῶν⁸

309 2421 758 2490 ἀποτελεσμάτων
788 2421 879 2475 καὶ
910 2421 1170 2491 φιληκόου
1217 2421 1444 2492 γνώμης
1490 2416 1549 2473 εὖ
1595 2417 1739 2489 μάλα
1767 2417 1880 2469 δια-

308 2513 664 2582 γινώσκεται,
714 2516 807 2569 καὶ
844 2514 953 2568 τῶν
980 2514 1141 2569 θείων
1172 2515 1401 2568 ἐντολῶν
1431 2515 1464 2583 ή
1504 2514 1734 2586 τήρησις
1770 2511 1880 2581 ,τὴν

307 2603 390 2664 εις
430 2602 491 2655 τὸ
535 2601 674 2655 θεῖον
719 2603 938 2674 ἀγάπην
982 2604 1180 2675 ἀριστα
1224 2603 1524 2675 ζωγραφεῖ,
1574 2602 1668 2654 καὶ
1700 2602 1879 2664 ζῶσαν

302 2688 440 2752 ὅλως
479 2690 571 2743 καὶ
612 2689 786 2761 ἀληθῆ
835 2691 1165 2762 παρίστησιν
1202 2691 1425 2762 ἀρετὴν,
1472 2689 1572 2743 οὐκ
1602 2691 1658 2742 ὲν
1690 2689 1879 2759 μόναις

303 2782 815 2852 σκιαγραφουμένην
864 2783 985 2846 ταῖς
1036 2783 1144 2836 ἀπὸ
1193 2783 1293 2853 τῆς
1344 2782 1590 2851 γλώττης
1641 2784 1877 2851 φωναῖς,

301 2870 551 2944 καθάπερ
571 2876 895 2945 εἰρήκαμεν,
920 2876 1163 2946 φαιδροῖς
1186 2875 1242 2927 δὲ
1263 2874 1452 2944 ὥσπερ
1474 2873 1877 2943 διαπρέπουσαν

297 2960 550 3030 χρώμασι
603 2964 730 3026 ταῖς
788 2962 897 3015 τῶν
950 2963 1125 3032 ἔργων
1191 2963 1527 3033 ἰδέαιςηκαὶ
1570 2961 1878 3031 ὁλοκλήρως

296 3056 712 3126 ὲκλάμπουσαν.
761 3056 871 3108 Καὶ
904 3054 1034 3123 γοῦν
1065 3057 1093 3108 ό
1136 3054 1339 3126 Κύριος
1382 3054 1542 3125 ἡμῶν
1567 3054 1806 3124 ’Ἰησοῦς
1850 3056 1878 3106 ὁ

294 3150 531 3220 Χριστὸς
558 3146 748 3218 σαφῶς
778 3149 912 3218 ἡμῖν
939 3147 1096 3201 τοῦτο
1129 3148 1514 3219 παραδεικνὺς,
1561 3166 1580 3198 ι
1606 3148 1679 3201 Οὐ
1710 3149 1816 3210 πᾶς
1848 3147 1876 3199 ὁ

291 3242 467 3311 λέγων
503 3259 615 3312 μοι,
670 3240 862 3311 Κύριε,
910 3239 1106 3311 Κύριε,
1160 3241 1341 3311 φησιν,
1389 3239 1757 3293 εἰσελεύσεται
1799 3241 1879 3303 εἰς

289 3333 389 3403 τὴν
430 3332 707 3403 βασιλείαν
739 3331 847 3384 τῶν
877 3331 1141 3403 οὐρανῶν,
1173 3332 1288 3385 ἀλλ’
1312 3334 1341 3385 ό
1374 3332 1541 3385 ποιῶν
1571 3332 1632 3385 τὸ
1666 3330 1878 3399 θέλημα

288 3421 384 3477 τοῦ
413 3423 628 3492 Πατρός
656 3438 757 3490 μου
787 3419 880 3473 τοῦ
915 3422 973 3473 ὲν
1003 3420 1268 3490 οὐρανοῖς.
1304 3437 1322 3470 ι
1357 3420 1431 3473 Οὐ
1467 3419 1575 3489 γὰρ
1597 3421 1653 3473 ὲν
1679 3420 1878 3489 ἀργαῖς

293 3514 557 3584 ῥημάτων
592 3510 905 3573 κολακείαις
930 3513 964 3581 ἡ
991 3512 1195 3574 πίστις,
1225 3511 1339 3564 ἀλλ’
1374 3512 1431 3563 ὲν
1460 3513 1579 3575 ταῖς
1606 3511 1713 3565 τῶν
1740 3510 1880 3580 δρω·

292 3604 472 3673 μένων
503 3602 753 3670 ποιότησι
788 3599 1141 3669 δοκιμάζεται
1168 3618 1183 3631 θ
1225 3602 1321 3653 καὶ
1346 3600 1475 3669 γοῦν
1506 3601 1705 3672 νεκρὰν
1738 3596 1877 3655 εἷναι

288 3693 503 3762 ταύτην
550 3692 610 3744 οὐ
658 3685 1055 3761 παρεπομένων
1107 3692 1214 3745 τῶν
1263 3691 1441 3762 ἔργων
1488 3695 1522 3763 ἡ
1568 3692 1686 3746 θεία
1731 3694 1878 3755 λέγει

292 3783 509 3853 Γραφή.
535 3782 608 3834 Τὸ
629 3782 844 3853 μὲνγὰρ
866 3782 1083 3847 εἰδέναι,
1102 3784 1284 3854 φησιν,
1308 3783 1389 3835 ὅτι
1407 3785 1433 3835 ό
1454 3784 1585 3847 Θεὸς
1611 3781 1689 3846 εἷς
1707 3788 1875 3847 ἐστιν,

291 3873 397 3926 οὐκ
427 3875 484 3925 ὲν
512 3872 765 3936 διανοίαις
791 3872 1158 3943 ἀνθρωπίναις
1190 3874 1495 3944 εὑρήσομεν
1526 3875 1705 3945 μόνον,
1743 3876 1877 3930 ἀλλά

287 3966 388 4018 καὶ
414 3967 471 4017 ἐν
498 3967 683 4028 αὐτοῖς
709 3968 821 4030 τοῖς
850 3965 1187 4036 ἀκαθάρτοις
1212 3966 1481 4037 δαίμοσιν,
1523 3967 1559 4022 ἃ
1604 3969 1693 4022 καὶ
1720 3970 1876 4041 φρίτ-

282 4073 372 4110 τει
408 4057 500 4109 καὶ
529 4058 627 4127 οὐχ
655 4056 845 4111 ἑκόντα
888 4058 988 4127 τὴν
1023 4057 1116 4110 τοῦ
1153 4060 1483 4129 ποιήσαντος
1512 4060 1760 4131 δύναμιν.
1802 4062 1875 4114 Τό

280 4165 352 4216 γε
386 4147 491 4218 μὴν
530 4147 824 4219 σύνδρομον
853 4148 1121 4203 ποιεῖσθαι
1161 4153 1225 4220 τῇ
1280 4150 1461 4204 πίστει
1503 4153 1601 4224 τὴν
1630 4153 1736 4206 ἀπὸ
1763 4152 1874 4205 τῶν

278 4238 577 4310 δρωμένων
613 4234 963 4311 φαιδρότητα,
999 4241 1180 4312 μόνοις
1209 4242 1275 4296 ἃν
1310 4244 1520 4314 πρέπον
1544 4244 1641 4299 καὶ
1668 4245 1870 4315 ἐλλάμ-

279 4345 387 4381 πον
417 4328 592 4399 ὁρῷτο
616 4332 747 4392 ’τοῖς
790 4329 1005 4401 ἀληθῶς
1049 4332 1306 4400 ἀγαπῶσι
1336 4334 1428 4387 τὸν
1460 4334 1611 4389 Θεόν.
1661 4335 1873 4389 Οὐκοῦν

278 4420 561 4485 ἀπόδειξις
594 4422 694 4493 τῆς
718 4423 940 4493 ἀγάπης
975 4425 1068 4477 καὶ
1110 4425 1445 4490 τελεώτατος
1490 4429 1592 4497 τῆς
1637 4429 1872 4492 πίστεως

1993 580 2134 634 bona
2158 582 2428 652 largiatur
2449 627 2464 650 ,
2510 582 2673 638 facile
2701 583 3007 654 perspicies
3027 623 3042 648 ,
3090 596 3214 636 cum
3255 596 3351 649 per
3383 580 3578 634 lssiam

1992 674 2313 744 prophetam
2349 675 2417 729 ad
2446 691 2543 730 eos
2572 676 2888 745 loquentem
2923 674 3110 728 audies
3154 695 3167 727 :
3214 691 3232 724 ι
3272 671 3465 726 Adhuc
3497 671 3578 724 lo-

1992 774 2193 835 quente
2232 773 2305 832 te,
2338 766 2518 820 dicam
2554 783 2569 819 :
2597 767 2740 833 Quid
2760 774 2845 821 est
2867 766 2954 819 '9?
2986 785 3004 816 ›
3045 764 3111 818 Ει
3149 780 3246 833 per
3276 762 3581 819 Psalmistzc

1991 873 2182 912 vocem
2209 877 2222 913 :
2264 876 2283 910 ι
2309 856 2467 913 Oculi
2502 859 2716 913 Domini
2751 874 2917 928 super
2940 857 3145 926 justos,
3178 863 3231 910 et
3260 869 3421 908 aures
3455 853 3579 923 ejus

1992 951 2047 1005 in
2088 966 2278 1020 preces
2304 966 2497 1007 eorum
2521 953 2588 1006 δ’.
2628 971 2646 1003 ι
2692 951 2986 1022 Postquam
3010 965 3140 1019 ergo
3170 948 3361 1007 statuit
3386 962 3450 1001 ac
3483 961 3579 1016 pa-

1992 1043 2097 1097 lam
2132 1053 2187 1098 et
2230 1052 2415 1113 aperte
2458 1044 2600 1098 dixit
2637 1043 2933 1113 diligentes
2986 1056 3047 1096 se
3103 1041 3159 1094 in
3207 1053 3575 1108 supernorum

1989 1134 2262 1190 bonorum
2292 1135 2505 1190 deliciis
2534 1136 2661 1204 jure
2687 1142 3013 1190 versaturos
3041 1173 3055 1195 ,
3107 1148 3229 1203 quae
3260 1124 3357 1202 per
3394 1131 3574 1200 ipsum

1990 1225 2173 1280 danda
2202 1210 2493 1281 veniant’a
2530 1226 2695 1282 Patre
2718 1267 2733 1292 ,
2762 1211 3053 1280 charitatis
3094 1226 3203 1277 vim
3251 1224 3436 1280 statim
3480 1224 3576 1279 de-

1992 1318 2220 1383 scribit,
2250 1326 2303 1373 et
2330 1333 2439 1388 quo
2472 1325 2633 1388 pacto
2665 1333 2786 1373 eam
2824 1325 2975 1373 recte
3022 1326 3077 1371 et
3107 1316 3393 1385 inculpate
3423 1314 3575 1368 cola.

1992 1425 2114 1465 mus
2155 1410 2223 1464 ad
2259 1419 2509 1465 nostram
2546 1411 2841 1464 utilitatem
2867 1449 2883 1473 ,
2936 1409 3152 1463 edocet.
3188 1407 3299 1462 Nec
3340 1409 3485 1462 enim
3526 1406 3574 1460 si

1989 1498 2118 1568 quis
2164 1500 2331 1553 Deum
2379 1514 2565 1554 amare
2603 1513 2662 1554 se
2703 1500 2889 1563 dicat,
2929 1498 3161 1553 omnino
3212 1498 3377 1552 etiam
3429 1510 3575 1550 verae

1990 1591 2308 1648 dilectionis
2343 1594 2583 1665 gloriam
2625 1593 2953 1663 reportahit,
2983 1606 3109 1646 cum
3148 1606 3260 1647 non
3299 1591 3356 1645 in
3391 1589 3573 1645 verbis

1990 1672 2156 1740 nudis
2184 1686 2406 1739 virtutis
2442 1684 2590 1740 vires
2617 1685 2923 1739 consistant
2947 1725 2963 1748 ,
3001 1697 3107 1737 nec
3142 1683 3198 1736 iu
3229 1682 3572 1738 solis.voca-

1989 1776 2132 1832 bulis
2159 1777 2380 1846 pietatis
2416 1778 2470 1831 in
2507 1776 2676 1832 Deum
2718 1775 2990 1830 formetur
3028 1774 3222 1840 decus,
3252 1773 3347 1828 sed
3378 1789 3442 1827 ex
3474 1772 3573 1826 bo-

1991 1869 2079 1925 nis
2119 1870 2382 1938 operibus
2432 1875 2484 1923 et
2533 1868 2715 1922 animo
2771 1865 3028 1922 audiendi
3089 1865 3291 1935 cupido
3337 1865 3572 1919 maxime

1990 1960 2358 2030 dignoscitur,
2394 1968 2450 2015 et
2482 1960 2797 2015 divinorum
2829 1956 3217 2013 mandatorum
3252 1955 3573 2010 observatio

1990 2053 2315 2107 charitatem
2367 2055 2422 2105 in
2476 2050 2642 2105 Demn
2692 2051 2898 2119 optime
2945 2049 3234 2119 depingit,
3288 2055 3341 2102 et
3395 2047 3570 2099 vivam

1990 2159 2217 2217 prorsus
2247 2158 2309 2197 ac
2342 2157 2528 2197 veram
2554 2141 2813 2196 virtutem
2852 2140 3111 2203 exhibet,
3148 2154 3259 2194 non
3300 2140 3353 2194 in
3404 2141 3574 2193 nudis

1992 2250 2201 2295 tantum
2244 2238 2441 2307 linguae
2476 2233 2705 2289 vocibus
2739 2232 3124 2287 adumbratam
3147 2270 3161 2295 ,
3197 2238 3257 2284 ut
3293 2229 3566 2294 diximus,

1990 2331 2084 2387 sed
2117 2329 2282 2383 claris
2314 2325 2482 2381 veluti
2515 2323 2818 2386 coloribus,
2847 2337 3074 2392 operum
3104 2322 3363 2375 nimirum
3386 2322 3572 2391 specie

1989 2422 2343 2476 relucentem.
2377 2416 2441 2469 Et
2464 2415 2688 2485 quidem
2720 2412 2987 2468 Dominus
3010 2421 3201 2468 noster
3216 2412 3380 2468 Jesus
3406 2412 3570 2467 Chri‘

1989 2521 2108 2567 stus
2138 2509 2284 2565 istud
2319 2509 2481 2562 nobis
2505 2508 2655 2561 clare.
2678 2505 2979 2560 ostendens
2999 2543 3015 2567 ,
3062 2524 3080 2556 ι
3114 2504 3230 2558 Νοη
3258 2505 3444 2558 omnis
3475 2503 3569 2574 qui

1987 2608 2124 2664 dicit
2155 2605 2323 2669 mihi,
2363 2603 2628 2667 Domine,
2684 2600 2945 2664 Domine,
2985 2600 3199 2669 inquit,
3248 2599 3477 2653 intrabit
3514 2600 3567 2653 in

1986 2713 2213 2769 regnum
2250 2696 2513 2751 coelorum
2545 2714 2557 2750 :
2597 2694 2692 2750 sed
2716 2695 2808 2764 qui
2840 2694 2968 2748 facit
3018 2694 3351 2748 voluntatem
3388 2692 3570 2749 Patris

1987 2790 2091 2845 mei
2129 2788 2227 2858 qui
2276 2786 2331 2840 in
2363 2785 2522 2841 caelis
2566 2792 2651 2840 est.
2683 2785 2751 2837 ”.
2791 2803 2808 2835 ι
2850 2781 2961 2838 Nec
2991 2783 3136 2838 enim
3175 2782 3231 2836 in
3263 2782 3419 2836 vanis
3444 2798 3569 2836 ver-

1986 2880 2183 2936 borum
2213 2877 2686 2934 assentationibus
2721 2875 2874 2939 ﬁdes,
2908 2875 3003 2931 sed
3047 2874 3100 2928 in
3130 2872 3401 2928 factorum
3429 2888 3569 2944 qua-

1985 2971 2238 3025 litatibus
2266 2970 2527 3039 probatur
2557 2987 2571 3023 :
2612 2967 2755 3021 unde
2783 2976 3056 3021 mortuam
3095 2966 3237 3020 hanc
3270 2982 3395 3022 esse
3420 3008 3434 3028 ,
3459 2967 3569 3021 nisi

1984 3079 2102 3119 eam
2130 3077 2297 3133 Opera
2334 3061 2701 3123 comitentur,
2748 3061 2932 3114 divina
2972 3061 3261 3129 Scriptura
3309 3058 3470 3115 docet
3500 3063 3565 3114 δ’.

1907 3177 1950 3235 α
1988 3156 2142 3211 Scire
2171 3155 2338 3221 enim,
2364 3154 2563 3223 inquit,
2594 3151 2739 3222 quod
2775 3167 2922 3206 unus
2957 3153 3095 3206 Deus
3127 3152 3223 3216 sit,
3261 3167 3371 3205 non
3408 3167 3563 3204 men-

1984 3250 2054 3305 tis
2084 3249 2352 3303 duntaxat
2395 3249 2647 3301 humanze
2696 3262 2820 3301 esse
2867 3245 3315 3314 comperiemus,
3372 3244 3465 3298 sed
3512 3251 3568 3297 et

1982 3342 2324 3410 impurorum
2358 3340 2663 3393 daemonum
2688 3378 2703 3402 ,
2745 3338 2837 3406 qui
2885 3337 3046 3389 etiam
3092 3335 3248 3388 inviti
3280 3334 3566 3389 Creatoris

1981 3430 2239 3483 virtutem
2273 3432 2706 3497 perhorrescunt
2732 3428 2798 3480 ⁸³.
2836 3426 2940 3480 Sed
2968 3425 3295 3479 charitatem
3332 3440 3561 3494 operum

1981 3537 2105 3577 cum
2136 3522 2239 3576 lide
2269 3522 2637 3590 conjungere,
2674 3519 2742 3573 iis
2773 3525 2987 3570 tantum
3023 3514 3281 3584 congruit
3315 3516 3406 3584 qui
3437 3530 3566 3569 vere

1979 3615 2214 3685 diligunt
2246 3615 2437 3669 Deum.
2470 3612 2740 3677 Quocirca
2768 3606 3170 3662 demonstratio
3195 3606 3484 3660 charitatis
3511 3615 3565 3660 et

1978 3707 2385 3779 perfectissima
2419 3703 2562 3757 ratio
2608 3702 2733 3757 ﬁdei
2761 3710 2845 3756 est
2863 3700 3309 3770 evangelicorum
3338 3698 3565 3768 dogma-

1979 3811 2092 3856 tum
2124 3801 2291 3871 808
2329 3799 2749 3864 divinorumque
2785 3803 3184 3862 praeceptorum
3226 3791 3560 3847 observatio.

1977 3892 2094 3947 Non
2127 3899 2276 3945 esset
2299 3888 2517 3942 ditiicile
2552 3888 2659 3941 alia
2691 3886 2776 3939 his
2809 3883 2991 3937 aﬂinia
3037 3884 3285 3952 proferre
3307 3922 3320 3947 ,
3366 3881 3461 3937 sed
3498 3898 3561 3936 ea

1978 3983 2245 4053 temporis
2276 3981 2440 4048 hujus
2470 3994 2594 4034 esse
2624 3993 2730 4031 non
2764 3976 3026 4030 arbitror.
3069 3974 3282 4029 Idcirco
3316 3975 3560 4029 eundum

1976 4089 2171 4130 rursus
2227 4073 2293 4127 ad
2337 4087 2401 4127 ea
2447 4085 2568 4140 quae
2620 4069 2908 4139 proposito
2962 4076 3152 4122 nostro
3205 4066 3382 4137 magis
3427 4081 3561 4120 con-

1977 4173 2180 4236 gruunt
2217 4183 2230 4219 :
2275 4182 2293 4215 ι
2325 4161 2382 4216 Si
2423 4160 2657 4231 diligitis
2707 4176 2791 4214 me
2818 4202 2832 4223 ,
2879 4159 3099 4228 inquit,
3144 4158 3403 4211 mandata
3443 4172 3562 4211 mea

1977 4268 2211 4314 servate.
2248 4276 2265 4308 ι
2305 4254 2699 4308 Animadverte
2728 4251 2878 4306 enim
2925 4266 3123 4305 rursus
3166 4256 3219 4303 et
3267 4249 3319 4301 in
3352 4264 3561 4302 inemo-

1975 4350 2115 4404 riam
2146 4363 2343 4403 revoca
2374 4346 2521 4417 quod
2553 4362 2676 4401 cum
2708 4361 2852 4414 saepe
2882 4360 3013 4399 suos
3044 4342 3349 4412 discipulos
3371 4340 3559 4411 ipsos-

1975 4457 2081 4510 que
2107 4440 2327 4494 Judteos
2349 4438 2747 4507 alloqueretur,
2780 4435 2960 4488 aiebat
2990 4451 3002 4487 :
3048 4452 3065 4485 ι
3101 4432 3278 4488 Verba
3311 4448 3433 4503 quae
3462 4448 3560 4502 ego

277 4515 429 4583 ὅρος,
457 4512 565 4567 τῶν
598 4514 966 4582 εύαγγελικῶν
989 4515 1273 4586 δογμάτων
1299 4519 1332 4588 ἡ
1370 4520 1602 4589 τήρησις
1640 4520 1735 4573 καὶ
1759 4520 1867 4573 τῶν

1980 4533 2193 4601 loquor,
2232 4547 2341 4583 non
2367 4538 2495 4584 sunt
2528 4542 2644 4582 mea
2672 4566 2685 4590 ,
2723 4527 2819 4580 sed
2850 4527 2972 4595 ejus
3007 4527 3101 4595 qui
3134 4528 3283 4580 misit
3322 4543 3409 4579 me
3436 4525 3499 4577 “.
3535 4545 3554 4575 ο

279 4605 445 4658 θείων
493 4605 722 4659 ἐντολῶν
769 4607 801 4676 ἡ
844 4606 1083 4676 φυλακή.
1138 4607 1249 4660 Kai
1300 4608 1536 4677 χαλεπὸν
1590 4612 1687 4680 μὲν
1736 4612 1866 4674 ἴσως

276 4697 436 4749 οὐδὲν
465 4696 627 4770 ἕτερα
662 4698 796 4767 πρὸς
819 4697 1030 4760 τούτοις
1060 4700 1232 4752 εἰπεῖν
1266 4700 1500 4770 συγγενῆ
1528 4718 1643 4766 πως
1672 4702 1863 4773 ἔχοντα

275 4788 380 4857 τὴν
412 4788 668 4854 διάνοιαν,
716 4789 856 4860 πλὴν
905 4790 967 4842 ού
1006 4790 1101 4843 τοῦ
1151 4790 1416 4862 παρόντος
1460 4788 1609 4864 οἶμαι
1644 4794 1860 4866 καιροῦ.

1969 4622 2037 4676 Ει
2068 4636 2265 4676 rursus
2294 4639 2306 4673 :
2357 4639 2375 4671 ι
2414 4622 2488 4673 Ex
2526 4619 2738 4688 meipso
2764 4632 2870 4671 non
2901 4618 3122 4686 loquor,
3154 4620 3246 4672 sed
3283 4618 3376 4686 qui
3411 4617 3560 4670 misit

1968 4731 2056 4770 me
2086 4714 2264 4779 Pater,
2303 4715 2421 4782 ipse
2470 4712 2602 4766 mihi
2640 4712 2958 4766 mandatum
3003 4713 3154 4766 dedit
3192 4710 3322 4779 quid
3373 4708 3554 4762 dicam

1965 4818 2021 4861 et
2048 4806 2176 4875 quid
2226 4806 2420 4874 loquar
2444 4803 2544 4857 ⁸⁵.»
2587 4801 2744 4857 Νιιηο
2796 4815 3003 4867 autem,
3038 4804 3164 4856 licet
3216 4801 3310 4854 Dei
3358 4816 3418 4853 ac
3452 4800 3557 4852 Pa-

275 4881 375 4934 Διὸ
408 4880 472 4950 δὴ
513 4880 676 4934 πάλιν
723 4882 862 4934 ἰτέον
910 4881 1002 4934 ἐπὶ
1046 4881 1114 4934 τὰ
1146 4885 1257 4946 τοῖς
1306 4884 1688 4954 προκειμένοις
1729 4888 1862 4956 ἡμῖν

1988 4898 2066 4952 ris
2122 4910 2523 4965 usquequaque
2572 4895 2739 4950 verba
2798 4911 2926 4950 esse
2976 4895 3177 4948 dixerit
3211 4907 3272 4945 ea
3327 4906 3446 4959 qua:
3490 4892 3555 4943 ad

278 4973 705 5044 πρεπωδέστερα
730 4989 744 5003 °
783 4992 801 5023 ι
841 4974 966 5027 Ἐὰν
996 4975 1244 5043 ἀγαπᾶτέ
1278 4993 1366 5045 με,
1412 4978 1564 5046 φησὶ,
1593 4978 1693 5041 τὰς
1717 4980 1866 5032 ἐντο-

275 5066 380 5127 λάς
415 5081 516 5133 μου
549 5067 833 5135 τηρήσετε.
869 5084 886 5116 ι
950 5066 1113 5130 Σύνες
1159 5068 1268 5138 γὰρ
1320 5068 1383 5138 δὴ
1419 5068 1578 5121 πάλιν
1621 5070 1714 5122 καὶ
1753 5070 1865 5125 δια-

278 5157 532 5225 μέμνησο
579 5155 759 5219 καλῶς
801 5157 884 5210 ὅτι
920 5158 1178 5221 πολλάκις
1212 5163 1323 5224 τοῖς
1355 5160 1553 5213 ἑαυτοῦ
1597 5161 1864 5232 μαθηταῖς

274 5244 798 5317 προσδιαλεγόμενος
868 5248 899 5318 ἢ
970 5249 1063 5302 καὶ
1139 5250 1325 5313 αὐτοῖς
1406 5255 1518 5315 τοῖς
1590 5252 1863 5317 Ἰουδαίοις

270 5338 488 5403 ἕ-ρασκε
513 5352 526 5366 ⁸
566 5356 583 5388 ι
614 5338 693 5390 Τὰ
723 5339 943 5409 ῥήματα
976 5340 1011 5393 δι
1039 5340 1149 5408 ἐγὼ
1182 5342 1348 5406 λαλῶ,
1399 5343 1498 5396 ούκ
1536 5343 1685 5398 ἔστιν
1731 5347 1859 5416 ἐμὰ,

269 5425 419 5479 ἀλλὰ
475 5426 568 5479 τοῦ
630 5428 942 5497 πέμψαντός
1009 5448 1094 5499 με.
1137 5453 1153 5482 ι
1195 5434 1327 5486 .Κα“ι
1396 5434 1597 5487 πάλιν·
1671 5455 1689 5487 ι
1741 5438 1861 5489 Ἀπ’

270 5515 521 5587 ἐμαυτοῦ
570 5519 632 5571 ού
683 5517 846 5581 λαλῶ,
891 5520 1008 5574 ἀλλ’
1053 5524 1081 5574 ό
1129 5523 1351 5593 πέμψας
1407 5543 1473 5593 με
1511 5525 1729 5596 Πατὴρ,
1765 5528 1860 5579 αὺη

269 5607 367 5671 τός
423 5625 514 5677 μοι
546 5609 765 5683 ἐντολὴν
793 5610 989 5664 δέδωκε
1057 5613 1109 5664 τί
1168 5616 1304 5667 εἴπω
1353 5619 1447 5667 καὶ
1503 5618 1553 5668 τί
1614 5616 1852 5688 λαλήσω.

350 5722 392 5793 ’ξ’
420 5720 521 5777 Isa.
549 5738 672 5785 LXV,
713 5724 804 5777 “li.
884 5722 923 5756 '°“
959 5725 1101 5781 i‘szti,
1139 5744 1330 5793 xxxx”,
1373 5731 1448 5784 Ιῖὶ.

276 5792 321 5824 ⁸⁵
354 5790 511 5849 Joau.
568 5810 664 5862 xu,
714 5796 793 5849 Η,

1535 5734 1569 5762 ”¹
1612 5732 1801 5788 Matth.
1843 5755 1934 5807 t'n,

1970 5005 2074 5045 nos
2105 4987 2265 5050 fecit,
2300 5003 2400 5042 sua
2427 4996 2611 5041 tamen
2643 4996 2919 5058 praecepta
2955 5004 3078 5043 esse
3110 4987 3185 5039 ait
3214 4999 3557 5053 qumcuuque

1969 5081 2132 5134 nobis
2156 5079 2374 5133 locutus
2394 5087 2477 5132 est
2505 5095 2517 5131 :
2564 5093 2742 5146 neque
2768 5064 2896 5133 vero
2918 5060 3384 5146 quisquam'saum
3408 5088 3556 5125 men-

1969 5176 2039 5225 tis
2083 5186 2208 5225 eum
2256 5169 2393 5225 falsa
2432 5170 2579 5238 loqui
2625 5170 2859 5235 putabit.
2906 5168 3019 5223 Nec
3054 5167 3199 5220 enim
3232 5163 3556 5217 Christiano

1968 5263 2101 5317 illud
2137 5277 2375 5332 unquam
2423 5260 2688 5323 subierit;
2725 5262 2820 5313 sed
2858 5275 2982 5313 vere
3016 5256 3283 5325 loquitur,
3317 5255 3555 5308 maxime

1969 5370 2095 5408 cum
2129 5364 2182 5409 et
2221 5357 2338 5425 ipse
2375 5353 2578 5407 veritas
2612 5352 2703 5403 sit.
2738 5351 2852 5404 Non
2889 5350 3031 5403 enim
3072 5354 3130 5401 ut
3162 5347 3552 5417 prophetarum

1970 5461 2114 5498 unus
2160 5444 2399 5497 ministri
2455 5454 2547 5497 aut
2584 5441 2768 5495 faumli
2844 5441 2963 5494 loco
2998 5455 3303 5494 sermonem
3339 5439 3494 5494 nobis
3523 5456 3552 5493 a

1970 5534 2132 5587 Patre
2173 5536 2409 5594 detulit,
2466 5534 2561 5588 sed
2600 5542 2657 5585 ut
2690 5531 2782 5599 qui
2824 5547 2949 5583 cum
2991 5533 3111 5601 ipso
3148 5541 3352 5585 tantam
3388 5533 3552 5585 habet

1971 5626 2410 5688 similitmlinem,
2440 5634 2496 5677 ut
2531 5642 2598 5679 ne
2638 5625 2804 5678 verbo
2827 5623 3045 5693 quidem
3081 5624 3396 5692 discrepare
3430 5638 3548 5674 cer-

1967 5742 2053 5793 21.
2138 5741 2177 5770 ’³³
2215 5738 2324 5792 Juv.
2369 5756 2426 5803 lt,
2468 5740 2553 5791 ‘30.
2640 5740 2679 5769 ἰλ
2710 5739 2843 5791 ibid.
2886 5740 2964 5793 i9.
3044 5740 3084 5769 δ”
3134 5737 3283 5791 lout).
3317 5749 3426 5793 XIV:
3467 5733 3548 5784 i9-
