4076 6270
521 349 632 407 255

1562 347 1620 402 S.
1661 345 1935 402 CYRILLI
1964 346 2440 403 ALEXANDRIM
2477 344 2794 401 ARCliiEP.

3681 347 3793 407 2'06

521 479 689 527 natur
716 511 732 536 ,
776 468 872 525 sed
901 470 975 523 ita
1003 477 1194 523 natura
1224 466 1485 537 loquatur
1511 469 1656 521 sicut
1695 476 1751 522 et
1788 468 1905 538 ipse
1943 467 2101 523 Pater

2203 470 2343 523 Νυνί
2370 469 2426 523 δὲ
2471 468 2535 540 δὴ
2568 468 2754 531 πάλιν,
2784 441 2960 519 καίτοι
2990 464 3081 518 τοῦ
3126 465 3261 520 Θεοῦ
3299 466 3392 519 καὶ
3422 463 3635 537 Πατρός
3674 466 3789 520 ἄνω

526 565 790 635 loquitur.
818 562 1084 617 ldentitas
1107 560 1310 629 quippe
1343 558 1670 612 substantiae
1701 573 1803 613 nos
1833 557 2005 628 adigit
2043 566 2104 613 ut

524 654 817 709 credamus
843 650 1030 707 eadem
1067 648 1215 717 loqui
1249 663 1377 702 cum
1402 646 1663 702 Genitore
1703 645 1928 700 Filium.
1962 646 2100 702 Cum

523 754 703 799 autem
745 742 818 799 sit
860 743 977 812 ipse
1016 739 1255 795 Verbum
1290 749 1343 795 et
1376 738 1659 808 Sapientia
1694 752 1760 793 ac
1792 737 1888 793 Dei
1919 737 2102 793 Patris

523 836 802 898 voluntas,
833 833 910 887 ait
940 847 1003 889 se
1034 830 1353 885 mandatum
1389 831 1672 899 accepisse
1703 830 1837 900 quid
1870 830 2015 886 dicat
2047 840 2102 888 et

521 927 652 993 quid
701 926 980 995 loquatur.
1022 922 1159 977 Nam
1210 930 1264 977 et
1309 936 1412 977 nos
1450 922 1555 990 ipsi
1587 929 1834 976 nostram
1865 922 2101 993 quisque

520 1028 797 1081 mentem,
836 1018 1010 1073 verbo
1048 1015 1392 1070 euuntiativo
1429 1012 1576 1069 foras
1608 1013 1942 1083 erumpenti,
1975 1028 2102 1083 pro-

520 1110 814 1181 pemodum
843 1108 1039 1179 jubere
1070 1107 1320 1163 videmus
1353 1113 1413 1159 ut
1440 1120 1563 1176 quae
1589 1104 1645 1159 in
1674 1119 1737 1159 ea
1768 1111 1899 1159 sunt
1926 1105 2101 1174 expli-

523 1209 630 1257 cet.
662 1199 994 1271 Quanquam
1045 1198 1237 1268 jejuna
1287 1196 1509 1267 quidem
1558 1203 1644 1251 est
1686 1195 1835 1251 illius
1863 1195 2102 1264 exempli

521 1294 607 1346 vis
631 1300 685 1345 et
707 1292 848 1347 ratio
876 1289 941 1345 ad
968 1289 1136 1345 Deum
1169 1289 1374 1344 relata:
1404 1294 1780 1342 verumtamen
1808 1286 2103 1358 imaginem

524 1398 553 1437 ιι
588 1383 745 1438 nobis
769 1382 835 1438 ad
863 1380 1393 1438 demonstrationem
1422 1394 1615 1435 eorum
1646 1394 1769 1449 quae
1796 1394 1968 1449 supra
2000 1393 2104 1435 nos

524 1481 652 1527 sunt
682 1474 963 1544 capientes
983 1513 996 1534 ,
1031 1480 1289 1541 tanquam
1317 1471 1372 1525 in
1400 1470 1625 1541 speculo
1656 1478 1712 1526 et
1747 1471 1801 1525 in
1835 1471 2101 1541 aenigma-

522 1572 576 1619 te
605 1564 685 1628 “,
727 1564 913 1619 divina
940 1562 1202 1633 mysteria
1238 1561 1425 1615 animo
1459 1559 2005 1629 comprehendimus.

2209 578 2269 614 τε
2314 562 2407 614 καὶ
2439 562 2591 614 κάτω
2634 560 2761 623 τοὺς
2804 558 2998 626 λόγους
3042 553 3181 610 εἶναι
3227 555 3650 627 διωμολογηκὼς
3693 557 3787 619 οῦς

2208 653 2501 723 ἐποιήσατο
2550 651 2687 723 πρὸς
2738 653 2912 722 ἡμᾶς,
2965 650 3101 711 ἰδίας
3148 648 3372 710 ἐντολὰς
3423 642 3563 701 εἶναι
3620 666 3790 718 φησιν

2210 742 2350 813 ἆπερ
2379 745 2511 813 ἡμῖν
2542 741 2806 811 λελάληκε
2829 759 2842 772 ·
2892 741 2987 794 καὶ
3010 741 3072 793 οὑ
3104 740 3167 810 δή
3202 757 3285 799 τις
3314 738 3477 793 αὑτὸν
3502 738 3628 792 νοῦν
3650 740 3789 809 ἔχων

2208 833 2450 903 οἰήσεται
2490 832 2870 903 ψευδομυθεῖν.
2913 831 3004 902 Μὴ
3045 831 3155 902 γὰρ
3182 829 3417 883 εἰσέλθοι
3457 829 3617 883 τοῦτο
3650 832 3789 901 Χριο

2209 921 2420 974 στιανόν
2445 938 2459 951 ·
2522 919 2810 992 ἀληθεύσει
2865 920 2921 972 δὲ
2971 919 3167 979 πάλιν,
3227 918 3324 972 ἆτε
3369 916 3435 987 δὴ
3485 917 3580 970 καὶ
3624 917 3791 980 αὐτὸς

2207 1012 2523 1084 ὑπάρχωνή
2550 1012 2793 1083 ἀλήθεια.
2827 1013 2904 1066 Οὐ
2933 1014 3039 1082 γὰρ
3073 1010 3195 1065 καθ’
3223 1010 3322 1063 ἕνα
3348 1009 3457 1063 τῶν
3490 1010 3791 1080 προφητῶν

2205 1104 2280 1168 ὡς
2312 1106 2369 1158 ἐν
2392 1105 2641 1158 διακόνου
2664 1104 2814 1170 τάξει
2843 1106 2937 1158 καὶ
2970 1104 3245 1174 ὑπηρέτου
3268 1103 3359 1156 τὸν
3389 1102 3541 1174 παρὰ
3570 1102 3789 1172 Πατρὶς

2206 1197 2338 1266 ἡμῖν
2380 1196 2772 1268 διεπόρθμευσε
2798 1195 2979 1264 λόγον,
3013 1195 3128 1248 ἀλλ’
3167 1194 3242 1257 ὡς
3289 1192 3429 1264 ἔχων
3460 1193 3595 1264 πρὸς
3623 1191 3789 1246 αὑτὸν

2203 1286 2303 1357 τὴν
2351 1288 2650 1357 ἐμφέρειαν
2699 1288 2775 1350 ὡς
2824 1286 2964 1357 μηδὲ
3006 1287 3152 1355 λόγῳ
3196 1287 3355 1357 τυχὸν
3401 1285 3632 1357 ὁρᾶσθαι
3676 1286 3792 1340 διά-

2204 1394 2392 1448 φορον,
2433 1379 2548 1432 ἀλλ’
2581 1376 2724 1432 οὕτω
2766 1378 3070 1447 πεφυκέναι
3117 1377 3540 1447 λαλεῖν.ὥσπερ
3579 1375 3646 1430 ἂν
3694 1375 3792 1429 καὶ
3880 1388 3891 1397 “

2201 1467 2364 1526 αὐτὸς
2391 1469 2420 1520 ό
2452 1468 2640 1540 Πατὴρ
2688 1469 2850 1539 τυχὸν
2899 1467 3222 1536 διαλέγοιτο.
3281 1467 3356 1520 Τὸ
3387 1466 3498 1537 γὰρ
3541 1466 3793 1533 ἀπαράλ-

2201 1558 2399 1612 λακτον
2442 1560 2542 1627 τῆς
2583 1561 2772 1625 οὐσίας
2819 1561 2915 1614 καὶ
2968 1559 3318 1629 ταυτολογεῖν
3376 1558 3664 1613 ἀναπείθει
3711 1557 3793 1627 τῷ

521 1656 843 1726 γεννήσαντι
893 1654 984 1708 τὸν
1033 1646 1178 1706 Υἰόν.
1239 1652 1328 1715 Ὦς
1373 1651 1432 1705 δέ
1472 1651 1645 1719 Λόγος
1689 1648 1764 1703 ὢν
1798 1650 1960 1713 αὐτὸς
2006 1650 2098 1704 καὶ
2140 1651 2304 1720 σοφία
2349 1651 2443 1705 καὶ
2485 1650 2737 1723 βούλησις
2782 1651 2879 1705 τοῦ
2910 1650 3048 1704 Θεοῦ
3076 1650 3172 1704 καὶ
3242 1650 3480 1721 Πατρὺς,
3547 1647 3793 1719 δεδέχθαι

522 1750 688 1819 φησιν
735 1748 952 1819 ἐντολὴν
1005 1748 1058 1800 τί
1100 1746 1232 1820 εἴπῃ
1276 1747 1371 1800 καὶ
1415 1744 1468 1799 τί
1510 1745 1753 1815 λαλήσει.
1817 1744 1970 1798 Ἐπεὶ
2007 1746 2101 1798 καὶ
2139 1747 2298 1816 ἡμεῖς
2328 1747 2481 1800 αὐτοὶ
2513 1746 2603 1800 τὸν
2629 1747 2828 1800 οἰκεῖον
2857 1746 3080 1799 ἕκαστοι
3108 1728 3255 1803 νοῦν,
3320 1742 3401 1813 τῷ
3449 1740 3592 1796 κατά
3657 1757 3790 1811 προ-

523 1844 696 1913 φορὰν
723 1845 823 1914 τὴν
861 1842 947 1895 διὰ
981 1841 1240 1913 ῥημάτων
1269 1840 1433 1911 λόγῳ,
1470 1840 1750 1911 μονονουχὶ
1787 1841 1881 1892 καί.
1924 1840 2299 1911 ἐντελλόμενον
2331 1840 2600 1911 βλέπομεν
2643 1838 2780 1913 πρὸς
2849 1839 2925 1892 τὸ.
2971 1837 3072 1903 ἔξω
3137 1836 3401 1907 βαδίζοντι
3474 1831 3801 1904 διερμηνεῦ·

522 1953 612 1990 σαι
640 1936 707 1990 τὰ
733 1939 791 1990 ἐν
822 1938 987 2007 αὐτῷ.
1026 1936 1142 1989 Καὶ
1173 1937 1345 2007 μικρᾷ
1376 1934 1488 2007 [γρ.
1526 1935 1719 2008 μικρὰ]
1752 1936 1849 2006 μὲν
1872 1935 1947 1999 ὠς
2009 1937 2145 2008 πρὸς
2178 1937 2312 1990 Θεὸν
2376 1939 2409 2007 ἡ
2442 1937 2536 1990 τοῦ
2582 1934 3026 2008 παραδείγματος
3055 1932 3304 2002 δύναμις,
3343 1930 3527 1987 εἰκόνα
3560 1929 3619 1982 δὲ
3647 1929 3795 1996 ὅμως

517 2031 617 2099 τὴν
665 2033 722 2083 ἐν
770 2032 882 2093 τοῖς
935 2028 1057 2083 καθ’
1104 2030 1274 2099 ἡμᾶς,
1324 2031 1404 2092 εἰς
1446 2029 1545 2100 τὴν
1592 2029 1701 2082 τῶν
1743 2029 1884 2100 ὑπὲρ
1932 2028 2107 2081 ταῦτα
2146 2027 2519 2100 πληροφορίαν
2552 2028 2855 2099 δεχόμενοι,
2899 2024 3153 2096 καθάπερ
3180 2025 3239 2076 ἐν
3268 2023 3517 2094 ἐσόπτρῳ
3582 2021 3677 2074 καὶ
3738 2020 3794 2078 ἐν

516 2122 819 2191 αἰνίγματι,
848 2121 917 2174 τὰ
942 2120 1062 2174 θεῖα
1087 2119 1318 2191 νοοῦμεν
1353 2123 1650 2192 μυστήρια.

587 2212 728 2278 XIV,
753 2213 843 2279 i6,
878 2214 961 2268 17.
1008 2212 1073 2265 Et
1101 2229 1195 2282 ego
1223 2213 1416 2282 rogabo
1447 2212 1684 2276 Patrem,
1715 2222 1765 2266 et
1789 2214 1959 2267 alium
1991 2213 2090 2266 Pa-

2263 2212 2434 2284 Κάγὼ
2489 2206 2767 2277 ἐρωτήσω
2798 2206 2906 2260 τὸν
2958 2204 3210 2273 Πατέρα,
3244 2202 3345 2257 καί
3374 2203 3573 2258 ἄλλον
3592 2207 3793 2273 Παρὰ-

516 2306 772 2359 racletum
802 2304 953 2359 dabit
994 2304 1136 2359 vobis
1157 2345 1173 2368 ,
1207 2312 1266 2357 ut
1305 2316 1516 2357 maneat
1549 2304 1815 2358 vobiscum
1854 2307 1908 2357 in
1942 2315 2097 2359 arter—

2203 2313 2426 2375 κλητον
2476 2301 2656 2356 δώσει
2704 2297 2846 2365 ὑμῖν
2877 2337 2890 2360 ,
2921 2297 3022 2350 ἵνα
3063 2290 3105 2366 ᾖ
3138 2294 3265 2364 μεθ’
3323 2294 3490 2364 ὑμῶν
3542 2297 3632 2362 εἰς
3690 2296 3796 2350 τὸν

516 2413 674 2457 num,
709 2395 969 2464 Spiritum
1005 2396 1265 2461 peritatis,
1304 2411 1457 2463 quem
1498 2394 1728 2449 mundus
1778 2406 1883 2449 n‘on
1928 2406 2097 2462 potest

2203 2400 2404 2460 αἰῶνα,
2439 2394 2505 2448 τὸ
2540 2391 2783 2460 Πνεῦμα
2831 2386 2940 2455 τῆς
2990 2387 3275 2454 ἀληθείας
3307 2385 3338 2438 ὃ
3373 2387 3403 2439 ὁ
3445 2387 3678 2454 κόσμος
3725 2389 3795 2442 οὐ

518 2489 771 2554 accipere,
793 2488 919 2555 quia
942 2502 1045 2539 non
1069 2485 1204 2539 videt
1232 2502 1373 2548 eum,
1401 2503 1491 2539 nec
1514 2487 1611 2539 scit
1638 2502 1788 2540 eum:
1809 2503 1894 2541 vos
1922 2498 2098 2540 autem

2203 2490 2447 2543 δύναται
2476 2482 2702 2546 λαϐεῖν,
2720 2481 2808 2533 ὅτι
2846 2481 2917 2532 οὐ
2943 2477 3149 2544 θεωρεῖ
3180 2477 3326 2530 αὐτὸ
3353 2476 3496 2529 οὐδὲ
3517 2476 3793 2544 γινώσκει

518 2579 829 2648 cognoscitis
857 2594 975 2631 eum
996 2620 1009 2642 ,
1046 2577 1170 2646 quia
1207 2576 1346 2644 apud
1371 2593 1461 2630 vos
1493 2577 1761 2640 manebit,
1792 2588 1840 2630 et
1870 2579 1925 2630 in
1958 2580 2098 2632 vobis

516 2671 641 2722 erit.

590 2755 783 2812 Miscet
818 2770 1015 2810 rursus
1043 2756 1235 2811 divino
1271 2755 1574 2810 humanum
1602 2797 1616 2818 ,
1665 2771 1766 2811 nec
1802 2757 1866 2811 ad
1907 2772 2098 2826 puram

520 2849 743 2904 deitatis
773 2849 1006 2917 gloriam
1044 2847 1363 2914 revertitur,
1400 2862 1578 2918 neque
1610 2848 1753 2901 intra
1788 2849 2099 2901 humanita-

518 2940 592 2995 tis
642 2940 863 2993 modum
915 2952 1145 3007 prorsus
1184 2945 1465 3002 versatur,
1514 2937 1607 2993 sed
1667 2952 1762 3007 per
1808 2945 2103 3006 utrumque

521 3039 685 3088 meat,
707 3027 876 3099 809
903 3016 1230 3082 mirabiliter
1263 3028 1430 3082 simul
1449 3027 1757 3091 ct-mistim,
1793 3027 1921 3096 quia
1947 3022 2106 3081 nimi?

520 3133 641 3172 rum
687 3118 828 3173 idem
878 3125 962 3172 est
996 3116 1139 3173 Deus
1173 3126 1225 3172 et
1263 3118 1446 3172 homo.
1484 3117 1697 3187 Quippe
1727 3124 1921 3171 natura
1958 3118 2102 3173 Deus

518 3217 643 3273 est,
683 3217 959 3278 quatenus
1002 3223 1066 3262 ex
1115 3208 1276 3262 Patre
1321 3207 1537 3263 fructus
1579 3219 1632 3263 et
1672 3209 1934 3277 splendor
1979 3210 2103 3264 sub-

519 3301 739 3357 stantiae
779 3300 906 3369 ejus
952 3307 1036 3354 est
1069 3315 1085 3353 :
1129 3299 1295 3354 homo
1344 3308 1526 3354 autem
1563 3314 1791 3363 rursus,
1828 3309 2103 3369 quatenus

520 3391 697 3447 factus
731 3398 817 3447 est
849 3406 1000 3447 caro.
1055 3390 1329 3460 Loquitur
1374 3407 1508 3461 ergo
1552 3398 1612 3444 ut
1658 3390 1802 3446 Deus
1845 3392 2009 3446 simul
2048 3396 2103 3446 et

518 3484 727 3538 homo:
774 3485 857 3540 sic
901 3484 1048 3539 enim
1100 3484 1205 3539 rite
1252 3499 1475 3539 scrvare
1525 3484 1653 3538 licet
1696 3479 2099 3554 dispensationi

517 3591 643 3631 cum
696 3591 864 3631 carne
912 3576 1307 3632 c'onveuientes
1357 3575 1624 3630 rationes.
1672 3574 2098 3640 Verumtamen,
2129 3550 2170 3607 δ

518 3668 620 3722 loci
656 3668 927 3738 propositi
970 3683 1196 3724 sensum
1235 3668 1615 3737 inquirentes,
1647 3667 1882 3722 dicimus
1916 3666 2103 3720 Domi-

516 3775 648 3813 num
680 3767 935 3813 nostrum
980 3759 1073 3813 Dei
1123 3775 1187 3814 ac
1237 3758 1421 3814 Patris
1476 3761 1797 3815 necessario
1847 3759 2104 3813 intulisse

455 3850 458 3854 ’
517 3848 874 3909 mentionem,
918 3848 973 3899 in
1000 3847 1422 3903 aediﬁcationem
1447 3849 1570 3903 ﬁdei
1598 3858 1655 3903 et
1681 3847 1974 3902 maximam
2007 3864 2103 3901 au-

517 3938 758 3992 ditorum
810 3938 1142 4001 utilitatem,
1201 3939 1664 4021 quemadmodum
1719 3938 1774 3991 in
1829 3937 2104 3993 sermonis

519 4045 816 4100 progressu
842 4030 1384 4085 ‘dcmonstrabimus.
1418 4029 1559 4097 Quia
1589 4029 1735 4084 enim
1775 4038 1962 4099 petere
2000 4046 2102 4087 nos

513 4120 682 4191 jussit
709 4121 765 4174 in
796 4121 1017 4175 nomine
1043 4121 1165 4189 ejus
1194 4121 1239 4152 ⁸⁷
1265 4165 1279 4187 ,
1320 4131 1375 4175 et
1405 4121 1727 4175 inusitatum
1757 4122 2101 4191 precationis

518 4210 742 4263 modum
786 4210 929 4265 inter
968 4220 1167 4265 uetera
1205 4211 1649 4280 praescripsit“,
1700 4212 1983 4280 pollicitus
2043 4230 2101 4269 se

517 4304 773 4372 prompto
798 4301 984 4355 animo
1013 4302 1270 4357 daturum
1312 4318 1434 4372 qua:
1469 4302 1705 4357 velimus
1737 4322 1750 4358 :
1790 4320 1857 4358 ne
1884 4306 2099 4361 videre-

518 4402 608 4447 tur
630 4408 724 4462 per
752 4393 870 4447 haec
903 4393 995 4448 Dei
1032 4409 1095 4448 ac
1121 4392 1304 4449 Patris
1333 4408 1627 4463 personam
1660 4396 1975 4460 excludere,
2002 4407 2097 4452 aut

515 4492 845 4555 potestatem
881 4487 1092 4541 sanctis
1126 4486 1398 4556 largiendi
1421 4486 1468 4539 ci
1510 4485 1805 4543 detrahere
1830 4529 1843 4552 ,
1874 4491 2096 4544 conlar-

513 4578 748 4646 gitorem
782 4592 841 4632 se
879 4576 996 4632 fore
1034 4584 1090 4632 et
1135 4578 1477 4633 Paraclctum
1522 4578 1686 4632 simul
1730 4579 1890 4636 nobis
1929 4581 2092 4635 datu-

514 4684 637 4721 rum
666 4667 826 4731 dixit,
855 4669 990 4724 illud
1023 4668 1351 4723 vocabulum
1389 4669 1585 4736 rogabo
1622 4685 1819 4727 rursus
1857 4673 2094 4742 subjun-

511 4775 668 4828 gens,
701 4770 760 4814 ut
786 4760 971 4824 homo,
1001 4761 1102 4814 toti
1137 4760 1336 4816 divina:
1366 4766 1420 4815 et
1450 4760 1711 4816 ineffabili
1749 4773 1959 4818 natura:
1992 4779 2088 4833 pe-

2200 2581 2348 2633 αὺτό
2372 2595 2385 2610 ⁸
2439 2576 2607 2645 ὑμεῖς
2637 2573 2704 2626 δὲ
2748 2570 3069 2642 γινώσκετε
3119 2568 3289 2631 αὐτὸ,
3321 2566 3409 2621 ὅτι
3453 2569 3604 2636 παρ’
3644 2568 3785 2637 ὑμῖν

2196 2675 2387 2740 μένει,
2420 2668 2518 2722 καί
2551 2667 2620 2718 ἐν
2651 2663 2794 2732 ὑμῖν
2822 2663 3013 2716 ἔσται.

2287 2760 2602 2830 Ἀναμίσγει
2646 2755 2806 2809 πάλιν
2850 2754 2926 2822 τῷ
2975 2752 3271 2820 θεοπρεπεῖ
3313 2752 3376 2804 τὺ
3433 2750 3792 2822 ἀνθρώπινον,

2202 2854 2295 2907 καὶ
2321 2850 2444 2905 οὔτε
2468 2849 2603 2921 προς
2635 2848 2870 2918 ἄκρατον
2909 2846 3177 2914 ἁναφοιτᾷ
3204 2844 3302 2915 τῆς
3330 2843 3583 2914 θεότητος
3616 2844 3793 2911 δόξαν,

2204 2945 2327 2999 οὔτε
2365 2943 2468 3015 μὴν
2502 2940 2810 3011 ὁλοκλήρως
2844 2941 2958 3001 τοῖς
2991 2939 3092 3007 τῆς
3136 2936 3555 3007 ἀνθρωπότητος
3578 2937 3796 3009 μέτροις

2204 3034 2605 3104 ὲμφιλοχωρεῖ,
2636 3030 2853 3101 ἔρχεται
2902 3028 2960 3081 δὲ
2998 3027 3067 3080 δι’
3112 3028 3348 3096 ἀμφοῖν,
3389 3027 3712 3098 παραδόξως
3739 3044 3796 3079 τε

2204 3121 2320 3191 ἅμα
2344 3121 2438 3174 καὶ
2466 3117 2846 3187 κεκραμένως,
2869 3115 3102 3185 ἐπείπερ
3122 3115 3270 3167 ἐστὶν
3300 3117 3357 3168 ἐν
3373 3115 3555 3185 ταυτῷ
3583 3116 3718 3180 Θεός
3738 3132 3795 3168 τε

2204 3214 2298 3266 καὶ
2334 3211 2640 3282 ἅνθρωπος.
2672 3209 2805 3271 Θεὸς
2861 3208 2958 3278 μὲν
2986 3206 3097 3276 γὰρ
3122 3202 3191 3278 ἦν
3236 3210 3301 3278 τῇ
3332 3206 3515 3275 φύσει,
3549 3206 3797 3277 καθόπερ

2204 3308 2267 3359 ἐκ
2296 3304 2506 3373 Πατρδς
2539 3302 2749 3373 καρπὸς
2779 3300 2874 3354 καὶ
2902 3298 3244 3368 ἀπαύγασμα
3271 3299 3370 3365 τῆς
3396 3298 3584 3362 οὐσίας
3605 3297 3788 3353 αὑτοῦ·

2204 3397 2487 3469 ἄνθρωπος
2511 3396 2569 3448 δὲ
2611 3394 2807 3460 πάλιν,
2836 3392 2973 3447 καθὸ
3029 3394 3221 3461 γέγονε
3274 3391 3429 3463 σάρξ.
3478 3393 3648 3447 Λαλεῖ
3688 3410 3797 3446 τοι-

2204 3487 2407 3557 γαροῦν
2432 3488 2507 3550 ὡς
2535 3485 2668 3549 Θεός
2688 3503 2747 3538 τε
2778 3483 2913 3555 ὁμοῦ
2945 3484 3037 3537 καὶ
3064 3483 3350 3554 ἄνθρωπος
3371 3502 3385 3517 ν
3410 3484 3557 3538 οῦτω
3586 3485 3697 3557 γὰρ
3728 3480 3795 3556 ἦν

2203 3579 2440 3650 τηρῆσαι
2480 3577 2662 3641 καλῶς
2681 3579 2747 3648 τῇ
2779 3576 2918 3647 μετά
2953 3577 3158 3646 σαρκὸς
3195 3577 3483 3649 οἰκονομίᾳ
3506 3579 3636 3644 τοὺς
3661 3578 3794 3650 πρέ-

2205 3688 2404 3733 ποντας
2434 3669 2646 3738 λόγους.
2676 3667 2822 3739 Πλὴν
2853 3668 3029 3720 ἐκεῖνό
3061 3685 3262 3736 φαμεν,
3299 3667 3396 3736 τὴν
3452 3668 3550 3722 τοῦ
3583 3686 3797 3740 προκειο

2209 3763 2368 3832 μένου
2413 3760 2797 3831 διερευνῶντες
2841 3758 3104 3829 δύναμιν,
3145 3760 3225 3812 ὅτι
3272 3760 3368 3813 καί
3406 3759 3552 3813 νῦνό
3592 3761 3795 3832 Κύριος

2205 3854 2361 3923 ἡμῶν
2392 3852 2706 3922 ἀναγκαίως
2734 3850 2831 3921 τὴν
2852 3850 2981 3920 περὶ
3014 3849 3107 3904 τοῦ
3138 3849 3273 3903 Θεοῦ
3297 3850 3390 3904 καί
3420 3851 3640 3921 Πατρὸς
3670 3854 3793 3905 εἰσ-

2205 3942 2467 4012 κεκόμικε
2526 3941 2746 4012 μνήμην
2771 3980 2785 4004 ,
2817 3941 2898 4002 εἰς
2930 3938 3219 4009 οἰκοδομὴν
3276 3940 3380 4009 τῆς
3428 3941 3670 4003 πίστεως
3706 3941 3795 3994 καὶ

2204 4035 2282 4097 εἰς
2314 4034 2374 4087 τὸ
2407 4033 2611 4105 σφόδρα
2648 4031 2923 4095 λυσιτελὲς
2956 4033 3069 4094 τοῖς
3113 4032 3505 4103 ἀκροωμένοις,
3543 4034 3794 4103 καθάπερ

2203 4126 2474 4191 ἀποδείξει
2514 4124 2719 4197 προῖὼν
2751 4126 2779 4177 ὁ
2834 4125 3012 4192 λόγος.
3055 4123 3271 4195 Ἐπειδὴ
3305 4125 3412 4194 γὰρ
3450 4125 3621 4178 αἰτεῖν
3651 4127 3795 4196 ἡμᾶς

2203 4218 2491 4271 ἐκέλευσεν
2538 4218 2631 4270 ἐπὶ
2668 4216 2746 4285 τῷ
2794 4216 3021 4285 ὀνόματι
3056 4216 3224 4269 αὐτοῦ
3252 4257 3266 4281 ,
3297 4216 3393 4268 καὶ
3426 4216 3517 4269 τὸν
3550 4219 3666 4280 τοῖς
3695 4217 3789 4287 ἀρ⁸

2204 4313 2379 4382 χαίοις
2429 4310 2676 4381 ἀσυνήθη
2707 4308 2909 4378 τρόπον
2939 4308 3037 4371 τῆς
3067 4308 3377 4378 προσευχῆς
3411 4306 3548 4378 μετά
3575 4306 3683 4361 τῶν
3706 4308 3794 4362 ἄλ-

2202 4404 2309 4456 λων
2358 4403 2636 4467 ἐθέσπισε,
2670 4400 2861 4454 δώσειν
2894 4400 3477 4470 κατεπαγγειλάμενος
3508 4401 3602 4453 καὶ
3648 4401 3790 4470 μάλα

2201 4495 2497 4567 προθύμως
2542 4495 2686 4563 ᾶπερ
2713 4492 2779 4545 ἂν
2812 4476 3089 4561 ἐθέλωμεν
3128 4490 3314 4544 λαϐεῖν
3335 4507 3349 4521 ο
3386 4490 3473 4545 ἵνα
3501 4491 3576 4562 μὴ
3611 4491 3791 4560 δοκοίη

2197 4589 2286 4641 διὰ
2339 4587 2545 4657 τούτων
2594 4585 2655 4637 τὸ
2700 4584 2794 4639 ’ἴοῦ
2845 4584 2982 4637 Θεοῦ
3017 4585 3110 4637 καὶ
3152 4583 3366 4654 Πατρός
3416 4584 3789 4655 παρωθεῖσθαι

2197 4678 2523 4748 πρόσωπον,
2574 4676 2742 4746 ἤγουν
2795 4675 3183 4745 παραιρεῖσθαι
3235 4673 3334 4743 τὴν
3390 4673 3483 4727 τοῦ
3546 4676 3807 4738 τεκόντος,

2196 4771 2358 4823 αὑτὸν
2412 4768 2661 4833 ἐξουσίαν
2719 4768 2816 4837 τὴν
2875 4768 2969 4820 ἐπὶ
3013 4769 3136 4828 ταῖς
3185 4766 3293 4818 τῶν
3354 4767 3527 4833 ἁγίων
3588 4748 3810 4836 φιλοτιυ’

510 4851 793 4907 enliaritcr
816 4853 1102 4908 vindicans
1141 4851 1285 4922 quod
1311 4852 1359 4905 ei
1394 4853 1632 4906 maxime
1664 4856 1944 4919 convenit,
1978 4864 2090 4909 tan-

2204 4863 2382 4933 μίαις,
2420 4860 2598 4931 φημὶ,
2643 4862 2915 4932 χρήσιμον
2958 4858 3121 4912 αὐτὸν
3184 4858 3525 4929 συγχορηγὸν
3576 4857 3792 4911 ἔσεσθαι

511 4958 676 5011 quam
716 4944 770 4998 in
814 4960 1048 5015 persona
1086 4944 1177 4999 Dei
1214 4959 1280 4998 ac
1322 4944 1518 4999 Patris.
1571 4943 1629 4999 ld
1664 4945 1808 4999 enim
1843 4946 1892 4999 ei
1923 4947 2091 5002 moris

2203 4952 2295 5005 καὶ
2324 4950 2707 5006 συνεπιδώσειν
2736 4953 2866 5021 ἡμῖν
2891 4950 2981 5003 τὸν
3007 4949 3366 5020 Παράκλητον
3406 4949 3533 5019 ἔφη,
3561 4950 3621 5002 τὸ
3654 4950 3791 5017 ἐρω-

510 5050 634 5089 esse
666 5035 778 5105 jam
813 5045 977 5091 antea
1018 5052 1164 5104 saepe
1207 5036 1467 5092 diximus.
1507 5037 1690 5089 Alium
1722 5053 1884 5103 porro
1918 5036 2092 5091 Para-

512 5129 713 5182 cletum
758 5129 1025 5199 Spiritum
1066 5137 1227 5183 vocat
1251 5129 1343 5183 Dei
1394 5143 1458 5183 ac
1496 5127 1680 5183 Patris
1719 5131 2049 5186 substantia:
2073 5170 2089 5196 ,

512 5224 628 5276 sive
646 5237 777 5276 suae.
800 5221 916 5277 Una
935 5222 1084 5277 enim
1117 5222 1169 5275 in
1190 5221 1457 5276 ambobus
1474 5230 1557 5276 est
1585 5222 1906 5278 substantiae
1927 5224 2092 5290 ratio,

513 5327 638 5380 quae
668 5313 848 5379 ipsum
891 5330 1001 5367 non
1034 5312 1309 5375 excludit,
1341 5312 1436 5367 sed
1467 5312 1635 5366 eﬂicit
1678 5321 1737 5367 ut
1772 5315 2093 5370 distinctius

513 5411 729 5457 tantum
767 5404 1107 5475 intelligatur
1150 5407 1204 5461 iu
1245 5422 1310 5463 eo
1351 5406 1499 5478 quod
1534 5407 1587 5461 in
1624 5407 1847 5476 propria
1879 5408 2101 5464 exsistit

517 5493 827 5564 hypostasi.
877 5494 988 5552 Nec
1031 5497 1177 5553 enim
1224 5496 1400 5554 Filius
1433 5496 1678 5568 Spiritus
1723 5506 1846 5564 est,
1898 5500 1992 5555 sed
2043 5516 2101 5554 re

518 5599 643 5639 vi-ra
675 5591 730 5640 et
758 5589 979 5659 proprie
1004 5604 1128 5647 esse
1167 5598 1220 5647 et
1251 5593 1525 5649 exsistere
1566 5592 1619 5648 id
1657 5592 1805 5662 quod
1843 5600 1964 5657 est,
1999 5591 2103 5647 (ide

632 5770 674 5802 “
717 5771 884 5828 lCor.
920 5788 1044 5839 ιιιιι,
1072 5774 1153 5826 ίίὶ.

2198 5042 2365 5109 τήσω
2393 5042 2555 5095 πάλιν
2586 5039 2775 5104 ἐπιὼν,
2799 5039 2873 5102 ὡς
2900 5039 3205 5110 ἄνθρωπος,
3228 5035 3411 5100 ίδικῶς
3435 5054 3494 5090 τε
3522 5037 3793 5100 ἀνατιθεὶς

2199 5136 2396 5208 ὅλῃ-τῇ
2429 5135 2549 5206 θείᾳ
2589 5152 2646 5187 τε
2674 5134 2768 5187 καὶ
2813 5133 3039 5203 ἀρρήτῳ
3083 5132 3242 5200 φύσει
3274 5132 3333 5184 τὸ
3368 5131 3506 5200 αὐτῇ
3556 5129 3793 5199 μάλιστα

2200 5229 2430 5298 πρέπον,
2462 5227 2538 5291 ὡς
2564 5227 2621 5282 ἐν
2648 5224 2929 5298 προσώπῳ
2962 5222 3056 5278 τοῦ
3079 5223 3215 5276 Θεοῦ
3247 5223 3341 5275 καὶ
3365 5220 3599 5292 Πατρός.
3622 5219 3793 5272 Τοῦτο

2202 5320 2309 5390 γὰρ
2344 5319 2464 5382 ἔθος
2496 5318 2675 5387 αὐτῷ,
2703 5316 2846 5370 καθὰ
2889 5317 2982 5369 καὶ
3012 5313 3270 5374 πολλάκις
3296 5313 3398 5383 ἤδη
3433 5309 3795 5382 προλαϐόντες

2197 5412 2523 5482 εἰρήκαμεν.
2557 5406 2749 5461 Ἀλλον
2791 5424 2855 5476 γε
2901 5407 3007 5479 μὴν
3056 5403 3423 5476 Παρὰκλητον
3466 5402 3527 5454 τὸ
3570 5399 3794 5469 Πνεῦμα

2201 5501 2357 5555 καλεῖ
2395 5501 2497 5570 τῆς
2525 5499 2620 5553 τοῦ
2675 5498 2810 5552 Θεοῦ
2869 5499 2964 5552 καὶ
3021 5495 3235 5566 Πατρὸς
3287 5492 3507 5555 οὐσίας,
3535 5491 3659 5561 ἦτοι
3696 5490 3794 5559 τῆς

2201 5592 2416 5647 ἐαυτοῦ.
2444 5587 2536 5655 Εἷς
2568 5592 2675 5662 γὰρ
2714 5593 2798 5644 ἐπ’
2829 5574 3032 5661 ἀμφ-οἷν
3073 5590 3172 5659 τῆς
3203 5586 3387 5650 οὐσίας
3423 5586 3452 5637 ό
3489 5582 3670 5651 λόγος,
3696 5581 3795 5637 οὐκ

1236 5775 1273 5804 ³⁷
1298 5772 1454 5829 Joan.
1486 5774 1714 5841 “1,25,
1750 5774 1838 5826 Ξρνι.
1920 5775 1961 5804 ⁵⁸
1996 5773 2191 5829 Matth.
2226 5774 2466 5839 v1,9-l5.
