4076 6270
270 354 377 411 257

1328 358 1392 414 IN
1416 360 1699 420 JOANNIS
1734 364 2183 424 EVANGELIUM
2217 370 2346 426 LIB.
2390 371 2480 428 IX.

3435 389 3540 445 258

156 482 159 487 ‘
271 472 377 538 ἔξω
411 470 581 536 τιθεὶς
610 470 762 536 αὐτὸ,
783 472 871 527 τὸν
897 472 953 526 δὲ
978 473 1073 543 τῆς
1096 474 1414 546 ἑτερότητος
1442 479 1599 548 λόγον
1626 484 1684 536 ἐν
1715 486 1837 556 μόνιί

1964 487 2262 543 credimus.
2296 488 2537 567 Spiritus
2563 491 2767 563 quippe
2796 499 2878 548 est
2918 491 3099 553 Patris
3142 502 3197 552 et
3241 494 3365 554 Filit
3392 541 3408 568 ,
3444 504 3539 558 sed

272 564 510 617 νοεῖσθαι
550 563 724 627 διδοὺς
752 564 828 635 τῷ
864 560 1002 618 εἶναι
1042 568 1137 621 καὶ
1169 569 1437 641 ὑπάρχειν
1473 572 1854 641 ίδιοσυστάτως

270 653 428 708 αὐτό.
469 655 542 707 Οὐ
587 654 696 726 γὰρ
750 656 880 720 Υίὺς
932 658 995 711 τὸ
1041 657 1269 731 Πνεῦμά
1328 663 1509 726 ἐστιν,
1544 663 1852 731 ἀλλ’δντως

273 743 417 807 ἰδίως
443 761 501 797 τε
533 744 592 798 ὃν
645 746 739 799 καὶ
767 747 1015 818 ὑπάρχον
1040 749 1188 804 τοῦθ’
1223 751 1358 823 ὅπερ
1383 753 1532 807 ἐστὶν
1565 757 1622 807 ἐν
1671 754 1852 809 πίστει
1912 756 1925 767 ⁸

267 836 704 907 παραδεξόμεθα.
737 839 965 912 Πνεῦμα
989 843 1098 913 γάρ
1127 844 1242 896 ἐστι
1270 843 1365 898 τοῦ
1390 847 1604 918 Πατρὺς
1638 848 1733 903 καὶ
1758 850 1849 904 τοῦ

267 926 395 981 Υίοῦ
416 928 599 993 ἐἰδὼς
623 930 682 983 δὲ
706 932 789 985 ὅτι
817 935 909 987 καὶ
936 934 1097 999 αὐτὸς
1117 937 1471 1010 Παράκλητός
1489 942 1605 994 ἐστί
1626 959 1685 994 τε
1712 930 1851 996 κατὰ

258 1019 541 1091 ἀλήθειαν,
573 1024 667 1076 καὶ
709 1026 767 1077 ἐν
803 1028 918 1088 τοῖς
967 1029 1135 1099 ἱεροῖς
1174 1028 1492 1100 ὠνόμασται
1532 1033 1848 1105 Γράμμασι,

257 1112 626 1185 Παράκλητον
666 1115 826 1169 ἄλλον
860 1117 922 1171 τὸ
953 1119 1180 1189 Πνεῦμα
1225 1120 1402 1185 καλεῖ,
1436 1123 1533 1193 οὐχ
1558 1124 1634 1187 ὡς
1665 1124 1849 1196 ἕτερόν

254 1221 309 1257 τι
350 1207 512 1276 τυχὸν
549 1207 793 1281 ἐνεργεῖν
832 1210 888 1261 ἐν
917 1212 1029 1275 τοῖς
1065 1211 1240 1280 ἁγίοις
1270 1212 1406 1276 εὶδὸς
1439 1213 1631 1285 ἢὸπερ
1664 1215 1729 1269 ἂν
1756 1215 1850 1269 καὶ

253 1297 444 1361 αὐτὸς,
483 1290 545 1350 οῦ
590 1299 684 1352 καὶ
712 1299 829 1354 ἐστι
863 1302 960 1357 καὶ
992 1302 1211 1371 λέγεται
1237 1302 1483 1374 Πνεῦμα.
1516 1306 1638 1359 ’Ότι
1668 1306 1725 1359 δέ
1756 1309 1849 1361 καὶ

252 1388 424 1450 αὐτὸς
468 1391 832 1463 Παράκλητος
870 1395 1165 1465 ὠνομάσθη
1212 1413 1272 1449 τε
1308 1397 1401 1450 καὶ
1449 1396 1594 1450 ἔστιν
1628 1400 1656 1451 6
1701 1398 1844 1462 Υίὺς,

253 1483 604 1553 μαρτυρήσει
622 1482 798 1551 λέγων
824 1486 852 1536 6
893 1485 1179 1555 Ἰωάνννης
1202 1488 1259 1540 ἐν
1289 1485 1445 1551 ἰδίαις
1463 1494 1804 1559 συγγραφαῖς
1829 1508 1844 1522 ο

253 1589 273 1623 ι
316 1572 511 1627 Ταῦτα
537 1573 703 1643 λέγω,
730 1575 915 1645 φησιν,
936 1577 1065 1647 ὑμῖν
1085 1618 1100 1642 ,
1130 1577 1217 1631 ἵνα
1243 1577 1318 1649 μὴ
1336 1579 1703 1651 ἁμαρτάνητε.
1724 1583 1847 1637 Ἐάν

244 1682 334 1728 τις
368 1665 426 1718 δὲ
454 1667 697 1741 ἁμάρτῃ,
721 1669 1071 1742 παράκλητον
1101 1670 1294 1741 ἔχομεν
1321 1673 1455 1743 πρὸς
1483 1673 1574 1726 τὸν
1606 1675 1843 1748 Πατέρα,

258 1755 482 1827 Ἰησοῦν
536 1760 773 1830 Χριστὸν
818 1761 1066 1829 δίκαιον,
1109 1765 1202 1816 καὶ
1252 1764 1414 1828 αὐτὸς
1452 1765 1679 1835 ἱλασμός
1728 1769 1844 1822 ἐστι

1961 590 2086 630 cum
2123 594 2182 633 se
2216 594 2435 649 quoque
2470 579 2818 637 Paracletum
2850 598 2974 639 esse
3002 600 3193 642 revera
3223 600 3447 656 nosset,
3486 603 3542 647 et

1960 666 2016 723 in
2049 669 2226 724 sacris
2261 669 2488 727 Litteris
2542 672 2616 726 ita
2658 690 2786 730 esse
2828 684 3209 747 nuncupatum
3233 720 3248 744 ,
3283 680 3542 738 Paraele-

1958 768 2075 815 tum
2117 763 2289 817 alium
2335 764 2605 834 Spiritum
2654 768 2937 837 appellat,
2982 784 3093 824 non
3132 773 3293 841 quasi
3331 774 3537 844 aliquid

1958 854 2108 909 aliud
2144 855 2198 909 in
2235 857 2446 911 sanctis
2480 861 2696 927 operari
2727 862 2933 929 possit,
2967 876 3128 933 quam
3158 864 3305 934 quod
3335 875 3389 921 et
3423 867 3539 937 ipse

1956 944 2119 1014 cujus
2157 953 2212 1001 et
2247 958 2333 1003 est
2375 956 2431 1003 et
2467 948 2675 1004 dicitur
2716 950 2981 1020 Spiritus.
3010 953 3165 1020 Quod
3204 967 3386 1012 autem
3420 959 3539 1030 ipse

1955 1032 2128 1090 Filius
2171 1033 2495 1093 Paracletus
2553 1051 2909 1111 nuncupatur
2955 1052 3011 1097 et
3069 1044 3184 1109 sit,
3244 1049 3538 1104 testabitur

1953 1121 2198 1181 Joannes
2230 1128 2484 1185 scribens
2519 1146 2532 1182 :
2581 1149 2600 1182 ι
2634 1131 2758 1186 Haec
2787 1134 2913 1188 dico
2936 1174 2951 1199 ,
2989 1135 3212 1205 inquit,
3257 1138 3441 1204 vobis,
3478 1150 3538 1196 ut
3632 1170 3639 1173 -

1957 1230 2066 1270 non
2098 1221 2361 1288 peccetis.
2396 1222 2502 1275 Sed
2534 1231 2587 1276 ct
2618 1224 2663 1278 si
2694 1226 2821 1294 quis
2847 1214 3178 1295 peccaverit,
3207 1230 3535 1286 advocatum

1955 1306 2222 1364 habemus
2260 1311 2406 1379 apud
2447 1310 2665 1366 Patrem
2715 1313 2904 1370 Jesutn
2956 1316 3237 1373 Christum
3277 1320 3532 1389 justum:

1954 1408 2008 1451 et
2057 1398 2177 1467 ipse
2224 1409 2308 1457 est
2361 1396 2682 1473 propitiatio
2734 1422 2835 1476 pro
2885 1411 3127 1477 peccatis
3175 1413 3386 1468 nostris
3408 1413 3474 1469 ".
3510 1433 3529 1465 ι

1953 1487 2131 1541 Alium
2166 1490 2355 1561 itaque
2394 1491 2740 1550 Paracletum
2777 1496 3044 1567 Spiritum
3079 1512 3280 1571 vocat,
3321 1504 3377 1559 in
3407 1520 3537 1575 pro-

1954 1579 2070 1646 pria
2105 1581 2328 1650 quidem
2382 1583 2666 1655 liypostasi
2715 1588 2904 1644 volens
2944 1605 3069 1645 eum
3127 1592 3397 1665 intelligi,
3437 1597 3535 1667 qui

1955 1678 2165 1725 tantam
2217 1684 2397 1729 tamen
2445 1692 2569 1732 cum
2632 1679 2754 1749 ipso
2812 1682 3239 1740 similitudinem
3295 1688 3532 1755 habeat,

1956 1769 2177 1832 tantque
2204 1779 2300 1834 per
2326 1767 2513 1822 omnia
2558 1769 2723 1824 simili
2755 1773 2975 1828 ratione
3008 1776 3224 1845 operari
3257 1778 3435 1847 pbssit
3468 1795 3534 1835 ea

247 1846 386 1916 περὶ
414 1845 526 1899 τῶν
547 1849 835 1918 ἁμαρτιῶν
859 1851 1068 1922 ήμῶν.»
1110 1852 1302 1906 Ἀλλον
1331 1854 1511 1908 τοίνυν
1565 1858 1837 1932 Παράκλη⁴

1957 1870 2080 1924 qua:
2125 1864 2180 1910 et
2211 1856 2326 1927 ipse
2356 1867 2621 1929 operatur
2643 1903 2658 1928 ,
2695 1871 2753 1916 ut
2781 1864 2949 1935 810
2984 1865 3102 1937 ipse
3129 1845 3381 1924 videawr
3410 1886 3534 1927 esse

245 1954 340 1991 τον
375 1939 436 1991 τὸ
468 1938 694 2009 Πνεῦμα
726 1941 903 2006 καλεῖ,
933 1943 992 1995 ἐν
1026 1943 1182 2008 ἰδίαις
1213 1945 1313 2015 μὲν
1348 1947 1680 2003 ὑποστάσεσι
1706 1954 1841 2004 νοεῖ-

248 2028 381 2082 σθαι
398 2028 567 2082 θέλων
594 2031 748 2095 αὐτὸ,
766 2033 1035 2104 τοσαύτην
1049 2052 1111 2103 γε
1135 2036 1242 2106 μὴν
1271 2035 1393 2107 ἔχον
1417 2037 1516 2110 τὴν
1541 2041 1839 2112 ἐμφέρειαν

245 2120 323 2184 ῶς
373 2121 508 2191 πρὸς
542 2123 737 2189 αὐτὸν,
771 2125 869 2178 καὶ¹
906 2127 1345 2197 ἀπαραλλάκτως
1384 2129 1558 2197 οὕτως
1597 2135 1839 2205 ἐνεργεῖν

251 2212 439 2283 ἰσχύον
461 2213 602 2286 άπερ
627 2216 694 2270 ἂν
735 2218 827 2271 καὶ
863 2218 1028 2283 αὐτὸς
1065 2220 1313 2291 ἐνεργοίη
1352 2224 1532 2294 τυχὸν,
1560 2225 1634 2288 ὡς
1678 2226 1838 2279 αὐτὸν

249 2300 397 2358 εἶναι
424 2305 599 2360 δοκεῖν
626 2308 719 2362 τὸν
753 2310 900 2376 Υίὺν,
929 2313 1023 2366 καὶ
1051 2312 1237 2383 ἕτερον
1267 2314 1442 2368 οὐδέν.
1478 2316 1700 2387 Πνεῦμα
1731 2318 1838 2389 γάρ

250 2399 405 2452 ἐστιν
436 2400 625 2455 αὐτοῦ.
664 2402 772 2455 Καὶ
820 2402 952 2473 γοῦν
998 2406 1102 2477 τῆς
1140 2407 1397 2478 ἀληθείας
1428 2408 1557 2462 αὐτὸ
1600 2412 1839 2464 κατωνόσ

256 2505 403 2558 μασε
432 2490 660 2558 Πνεῦμα
680 2493 775 2546 καὶ
802 2494 887 2548 διὰ
906 2494 1016 2548 τῶν
1052 2499 1432 2569 προκειμένων
1471 2500 1660 2554 ἐαυτὸν
1698 2499 1837 2555 εἶναι

250 2579 352 2651 τὴν
390 2580 642 2652 ἀλήθειαν
662 2583 853 2654 λέγων.
892 2587 1033 2641 Ἀλλ’
1055 2590 1173 2658 ἐρεῖ
1192 2607 1275 2654 τις
1298 2591 1523 2656 εἰκότως
1543 2596 1653 2656 τοῖς
1684 2594 1838 2648 ἀλλό-

248 2688 402 2742 τριον
433 2669 575 2727 εἶναι
604 2677 884 2747 νομίζουσι
912 2678 1005 2735 τὸν
1034 2680 1158 2735 Υίὸν
1190 2681 1291 2753 τῆς
1320 2683 1414 2736 τοῦ
1446 2683 1582 2737 Θεοῦ
1603 2686 1696 2739 καὶ
1727 2687 1836 2739 ﬂa-

245 2763 377 2834 τρὺς
418 2765 641 2831 οὐσίας·
676 2770 786 2822 Καὶ
833 2769 972 2834 πῶς,
1012 2771 1134 2825 εἰπέ
1182 2790 1311 2844 μοι,
1338 2774 1400 2827 τὸ
1432 2775 1531 2846 τῇς
1577 2776 1836 2847 ἀληθείας

244 2856 471 2928 Πνεῦμα
496 2899 511 2922 ,
544 2858 690 2913 τοῦτ’
724 2861 841 2915 ἐστι
878 2863 942 2916 τὸ
974 2863 1071 2917 τοῦ
1119 2865 1270 2931 Υἱοῦ,
1308 2866 1525 2922 δίδωσιν
1562 2869 1591 2921 6
1622 2870 1833 2942 Πατὴρ,

241 2949 341 3018 οὐχ
390 2948 468 3012 ὡς
527 2951 740 3025 ξένονῆ
782 2954 1084 3027 ἀλλότριον,
1115 2957 1232 3011 ἀλλ’
1269 2959 1346 3021 ὡς
1405 2958 1534 3013 ἴδιον
1586 2961 1833 3034 Πνεῦμα,

241 3040 422 3093 καίτοι
456 3042 579 3095 καθ’
624 3045 772 3115 ἡμᾶς
817 3046 1172 3120 διωρισμένον
1218 3049 1357 3120 ἔχων
1382 3052 1485 3122 τῆς
1524 3055 1715 3120 οὐσίας
1744 3057 1835 3111 τὸν

239 3133 416 3203 Λόγον
446 3136 582 3207 πρὸς
614 3137 706 3192 τὸν
742 3139 901 3204 Υίὸν,
934 3142 1030 3194 καὶ
1064 3141 1194 3195 Υίοῦ
1217 3144 1279 3196 τὸ
1312 3144 1539 3217 Πνεῦμά
1572 3148 1833 3217 ἐστινςού

238 3225 351 3297 γὰρ
403 3228 486 3282 ὅτι
536 3230 859 3301 ἀμφίλογον.
911 3233 1034 3298 Πῶς
1060 3235 1118 3288 δὲ
1151 3230 1217 3289 αὖ
1263 3236 1450 3303 πάλιν,
1495 3240 1655 3313 εἴπερ
1688 3243 1835 3295 ἐστὶν

239 3319 583 3389 ἐτεροούσιος
602 3321 629 3373 ὁ
651 3321 802 3388 Υἱὸς,
822 3324 882 3376 τὸ
911 3325 1007 3377 τοῦ
1030 3325 1242 3397 Πατρὸς
1276 3327 1499 3398 Πνεῦμα
1518 3329 1731 3384 δίδωσιν
1759 3332 1836 3396 ὡς

236 3407 467 3473 ἑαυτούς
488 3410 804 3480 Γέγραπται
834 3414 942 3485 γὰρ
961 3415 1043 3468 ὅτι
1072 3417 1377 3488 ἐνεφύσησε
1397 3422 1509 3485 τοῖς
1540 3421 1833 3494 μαθηταῖς,

236 3496 417 3565 λέγων
441 3517 455 3530 ·
491 3520 509 3552 ι
541 3504 750 3556 Λάϐετε
786 3505 1014 3576 Πνεῦμα
1040 3507 1213 3575 ἅγιον.
1259 3527 1278 3559 ι
1307 3505 1433 3581 Ἃρ*
1463 3507 1556 3565 οῦν
1587 3513 1687 3567 οὐκ
1717 3515 1834 3584 οἰή-

238 3592 401 3642 σεταί
454 3609 540 3655 τις
574 3593 671 3646 καὶ
716 3594 863 3663 μάλα
915 3596 1160 3662 δικαίως,
1194 3599 1395 3664 μᾶλλον
1446 3602 1502 3654 δὲ
1549 3604 1834 3674 ἀραρότως

237 3682 586 3735 διακείσεται
616 3684 735 3745 ὅτι(
756 3685 866 3739 τῶν
914 3688 1007 3741 τοῦ
1038 3689 1175 3742 Θεοῦ
1215 3692 1309 3745 καὶ
1342 3693 1554 3764 Πατρὸς
1590 3697 1836 3764 φυσικῶν

238 3772 473 3838 ἀγαθῶν
514 3773 791 3838 οὐσιωδῶς
832 3776 1093 3848 ὑπάρχων
1125 3780 1399 3843 κοινωνὸς,
1422 3783 1451 3836 6
1479 3783 1603 3848 Υἱὸς
1636 3784 1748 3855 ἔχει
1776 3787 1836 3840 τὸ

241 3862 478 3932 Πνεῦμα
508 3864 651 3917 κατᾶ
670 3866 856 3920 τοῦτον
886 3868 976 3921 τὸν
1002 3869 1201 3940 τρόπον
1234 3870 1539 3944 καθ’ὃνπερ
1572 3874 1637 3929 ἂν
1662 3878 1834 3930 νοοῖτο

238 3952 341 4005 καὶ
376 3953 406 4004 6
439 3954 648 4025 Πατὴρ,
672 3956 773 4010 οὐκ
799 3958 1035 4013 ἐπακτὸν
1064 3960 1182 4014 οὐδὲ
1220 3960 1441 4027 ἐξωθενο
1472 3963 1666 4035 εὔηθες
1700 3968 1828 4037 γὰρ,

238 4045 451 4115 μᾶλλον
491 4047 549 4100 δὲ
597 4048 825 4117 μανικὸν
881 4050 942 4103 τὸ
992 4051 1134 4107 οὕτω
1191 4059 1409 4125 φρονεῖν
1434 4098 1449 4123 ,
1491 4057 1608 4111 ἀλλ’
1640 4059 1831 4134 ῶσπερ

234 4137 399 4207 ἡμῶν
448 4138 679 4205 ἕκαστος
717 4142 777 4195 τὸ
828 4142 957 4199 ἴδιον
1006 4145 1065 4199 ἐν
1106 4147 1287 4220 ἑαυτῷ
1316 4151 1536 4222 πνεῦμα
1593 4155 1826 4225 συνέχει,

234 4234 332 4285 καὶ
362 4233 430 4285 ἐκ
483 4233 594 4287 τῶν
619 4234 923 4292 ἐνδοτάτων
971 4238 1298 4311 σπλάγχνων
1343 4244 1423 4307 εἰς
1450 4244 1512 4297 τὸ
1548 4245 1655 4310 ἔξω
1692 4265 1828 4319 προ-

234 4324 372 4392 χέει.
443 4323 543 4378 Διὰ
572 4324 681 4396 γάρ
718 4340 799 4381 τοι
850 4327 1010 4382 τοῦτο
1052 4330 1383 4401 σωματικῶς
1435 4335 1770 4408 ἐνεφύσησεν
1800 4339 1829 4392 6

234 4409 495 4479 Χριστὸς,
527 4410 743 4477 δεικνὺς
779 4414 863 4468 ὅτι
918 4415 1170 4489 καθάπερ
1200 4421 1266 4473 ἐκ
1300 4421 1569 4493 στόματος
1610 4424 1704 4478 τοῦ
1733 4427 1830 4481 άν-

1943 1944 2137 2011 Filius,
2174 1962 2239 2002 ac
2266 1950 2405 2003 nihil
2439 1951 2607 2006 aliud.
2639 1953 2883 2023 Spiritus
2912 1958 3058 2012 enim
3085 1960 3206 2029 ejus
3237 1968 3342 2015 est.
3372 1960 3533 2019 Unde

1943 2039 2194 2093 veritatis
2246 2038 2514 2109 Spiritum
2550 2044 2704 2098 illum
2742 2048 3080 2113 nominavit,
3112 2052 3357 2122 seipsum
3386 2058 3532 2109 veri-

1942 2137 2109 2184 tatem
2144 2147 2268 2188 csse
2299 2133 2515 2191 dicens.
2548 2136 2616 2191 At
2646 2137 2792 2191 enim
2832 2139 2901 2193 iis
2930 2140 3021 2209 qui
3055 2139 3253 2196 Filiutn
3287 2157 3317 2196 a
3354 2141 3444 2198 Dei
3474 2152 3530 2198 et

1940 2220 2121 2277 Patris
2154 2225 2465 2280 substantia
2504 2227 2748 2282 alienum
2790 2244 2915 2285 esse
2949 2239 3149 2300 putant
3179 2272 3194 2296 ,
3225 2233 3351 2303 jure
3380 2235 3530 2289 dicet

1942 2313 2177 2383 aliquis:
2218 2315 2511 2382 Quomodo
2537 2359 2552 2383 ,
2594 2335 2820 2388 quaeso,
2859 2323 3109 2379 veritatis
3146 2322 3436 2395 Spiritum,
3470 2328 3527 2382 id

1939 2414 2025 2460 est
2056 2404 2208 2471 Filii,
2239 2408 2333 2462 dat
2361 2406 2527 2464 Pater
2548 2450 2563 2478 ,
2592 2425 2703 2465 non
2740 2420 3003 2484 tanquam
3041 2418 3391 2486 peregrinum
3428 2427 3527 2483 aut

1940 2493 2201 2560 alienum,
2233 2497 2329 2550 sed
2356 2504 2414 2549 ut
2437 2499 2717 2567 proprium
2747 2499 3041 2569 Spiritum,
3067 2518 3193 2557 cum
3219 2505 3524 2563 secundum

1941 2602 2035 2640 vos
2065 2587 2385 2642 distinctum
2434 2590 2629 2645 habeat
2676 2606 2706 2644 a
2747 2607 2845 2646 sua
2885 2594 3197 2649 substantia
3234 2594 3478 2652 Verbum
3504 2637 3522 2665 ,

1939 2678 2055 2733 sive
2083 2676 2303 2742 Filium,
2331 2688 2385 2734 et
2425 2680 2691 2750 Spiritum
2723 2698 2847 2739 esse
2875 2682 3002 2739 Filii
3030 2687 3225 2742 nullus
3259 2690 3520 2761 ambigat.

1938 2768 2151 2827 Rursus
2182 2788 2312 2828 vero
2353 2776 2633 2845 quomodo
2657 2818 2672 2844 ,
2714 2777 2762 2832 si
2795 2778 3025 2835 alterius
3067 2788 3154 2835 est
3194 2782 3524 2840 substantias

1938 2867 2135 2935 Filius,
2168 2869 2348 2928 Patris
2386 2873 2656 2942 Spiritum
2703 2875 2872 2930 tradit
2919 2885 2977 2930 ut
3003 2878 3208 2931 suum?
3239 2878 3523 2951 Scriptum

1935 2969 2020 3014 est
2046 2962 2196 3014 enim
2227 2962 2541 3019 insumasse
2563 2963 2854 3035 discipulis
2894 2966 3032 3031 suis,
3064 2966 3324 3035 dicendo,
3361 2989 3380 3022 ‹
3407 2970 3522 3025 Aco-

1936 3053 2101 3123 cipitc
2123 3052 2386 3123 Spiritum
2416 3065 2666 3111 sanctum
2683 3058 2750 3114 '°.
2767 3078 2784 3110 ι
2812 3057 3090 3129 Numquid
3111 3077 3247 3133 ergo
3265 3061 3392 3133 jure
3417 3078 3520 3134 pu-

1930 3144 2078 3198 tabit
2099 3145 2342 3220 aliquis,
2364 3150 2481 3217 _imo
2506 3163 2635 3202 vero
2668 3148 2900 3206 ﬁrmiter
2929 3151 3156 3215 credet,
3190 3168 3315 3207 cum
3350 3164 3518 3209 natu-

1940 3235 2135 3290 ralium
2172 3236 2265 3291 Dei
2297 3253 2361 3292 ac
2393 3237 2576 3294 Patris
2608 3239 2879 3295 bonorum
2915 3242 3359 3300 substantialiter
3386 3262 3520 3315 par-

1937 3325 2111 3394 ticeps
2143 3326 2213 3380 sit
2252 3325 2426 3382 Filius
2452 3368 2468 3393 ,
2523 3327 2718 3402 [eum]
2754 3330 3020 3401 Spiritum
3050 3347 3115 3385 eo
3148 3332 3312 3387 modo
3364 3334 3518 3407 [quo

1937 3422 1992 3470 et
2030 3415 2230 3488 Pater]
2266 3417 2467 3474 habere
2497 3430 2773 3487 censetur,
2807 3436 2913 3475 non
2940 3422 3303 3476 adventitium
3340 3442 3518 3496 neque

1937 3505 2281 3560 extrinsecus
2307 3548 2321 3572 ,
2372 3505 2530 3561 furor
2559 3511 2707 3562 enim
2743 3519 2828 3564 est
2864 3510 2938 3563 ita
2978 3513 3227 3575 sentire;
3270 3512 3366 3567 sed
3401 3530 3514 3583 quo

1937 3597 2098 3651 modo
2131 3600 2515 3669 unusquisque
2544 3609 2796 3654 nostrum
2838 3594 3008 3655 suum
3044 3603 3098 3655 in
3139 3603 3326 3673 seipso
3354 3606 3516 3674 spiri-

1936 3694 2052 3742 tum
2096 3690 2373 3755 continet,
2422 3699 2474 3743 et
2507 3706 2572 3744 ex
2606 3690 2818 3746 intimis
2854 3692 3162 3748 visceribus
3194 3693 3344 3750 foras
3377 3712 3517 3762 pro-

1935 3781 2152 3835 fundit?
2178 3781 2388 3836 Idcirco
2420 3781 2565 3836 enim
2597 3782 2853 3839 Christus
2886 3783 3184 3840 insulDavit
3206 3789 3513 3857 corporali-

1935 3880 2018 3927 ter
2042 3912 2056 3935 ,
2090 3873 2385 3929 ostendens
2416 3874 2565 3944 quod
2607 3875 2751 3929 sicut
2780 3890 2845 3929 ex
2878 3890 2974 3929 ore
3006 3875 3250 3931 humano
3282 3878 3514 3947 spiritus

1933 3966 2117 4035 prodit
2160 3967 2571 4039 corporaliter,
2626 3968 2708 4022 sic
2760 3975 2815 4022 et
2862 3984 2928 4022 ex
2978 3968 3162 4023 divina
3204 3970 3513 4026 substantia

1933 4057 2121 4113 deitati
2155 4060 2550 4116 convenienter
2578 4057 2818 4129 Spiritus
2844 4098 2859 4124 ,
2892 4061 2983 4130 qui
3026 4077 3091 4116 ex
3132 4077 3197 4117 eo
3226 4071 3309 4117 est
3338 4103 3350 4126 ,
3388 4080 3515 4133 pro-

1934 4148 2201 4205 funditur.
2234 4150 2369 4206 Cum
2403 4165 2536 4222 ergo
2569 4150 2810 4222 Spiritus
2846 4153 2963 4223 ipse
3011 4152 3102 4209 Dei
3136 4154 3318 4211 Patris
3349 4158 3419 4211 sit
3449 4173 3514 4212 ac

1931 4239 2096 4307 Filii,
2132 4243 2410 4312 quomodo
2445 4259 2555 4299 non
2587 4260 2751 4298 unam
2792 4246 3024 4301 omnino
3057 4246 3337 4302 habebunt
3376 4252 3513 4305 sub-

1931 4334 2187 4389 stantiam
2219 4345 2274 4391 et
2301 4336 2564 4392 distincte
2601 4337 2764 4393 simul
2805 4344 2972 4408 atque
2997 4339 3377 4409 conjunctim?
3405 4341 3511 4396 Pa-

1930 4434 2015 4479 ter
2046 4425 2194 4480 enim
2242 4425 2406 4483 Pater
2435 4435 2519 4485 est
2545 4469 2561 4494 ,
2601 4444 2667 4484 ac
2715 4446 2826 4485 non
2878 4430 3091 4495 Filius,
3127 4440 3183 4486 et
3223 4430 3396 4489 Filius
3426 4444 3513 4488 est

236 4499 517 4569 θρωπίνου
553 4503 769 4575 πρόεισι
797 4505 860 4559 τὸ
918 4508 1137 4577 πνεῦμα
1170 4512 1522 4581 σωματικῶς,
1561 4515 1703 4571 οὕτω
1735 4518 1827 4572 καὶ

1939 4516 2107 4574 Filius
2133 4558 2148 4582 ,
2190 4534 2257 4574 ac
2290 4535 2400 4575 non
2440 4520 2623 4577 Pater.
2655 4522 3047 4580 Verumtamen
3077 4523 3244 4580 Pater
3278 4526 3332 4580 in
3368 4525 3513 4582 Filio

235 4591 299 4642 ἐκ
330 4592 435 4662 τῆς
478 4592 629 4658 θείας
666 4596 852 4661 οὐσίας
883 4596 1206 4671 θεοπρεπῶς
1237 4606 1521 4673 προχεῖται
1553 4605 1614 4659 τὸ
1634 4606 1692 4673 ἐξ
1731 4609 1831 4661 αὐ-

174 4670 181 4675 ’
233 4682 346 4736 τοῦ.
365 4685 499 4738 Ὅτε
520 4686 701 4741 τοίνυν
733 4689 865 4742 αὐτὸ
892 4690 952 4743 τὸ
972 4692 1198 4761 Πνεῦμα
1225 4693 1318 4746 τοῦ
1349 4711 1408 4747 τε
1438 4695 1574 4750 Θεοῦ
1606 4699 1699 4752 καὶ
1715 4701 1830 4755 Πα⁴

233 4775 360 4844 τρός
398 4779 550 4832 ἐστιν
599 4781 827 4835 καὶτοῦ
877 4782 1050 4847 Υἱοῦ,
1084 4784 1202 4849 πῶς
1250 4786 1372 4857 οὐχὶ
1424 4789 1641 4855 πάντως
1696 4794 1827 4863 μίαν

233 4865 411 4930 ἕξουσι
454 4871 557 4940 τὴν
590 4871 842 4936 ἐξουσίαν
889 4875 1236 4949 διῃρημένως
1271 4895 1330 4931 τε
1361 4879 1476 4950 ἅμα
1500 4884 1593 4936 καὶ
1621 4902 1827 4956 συνημ-

234 4960 446 5029 μένως;
474 4964 665 5035 Πατὴρ
694 4965 869 5038 γὰρ,ό
906 4968 1097 5038 Πατὴρ
1128 4970 1221 5022 καὶ
1247 4971 1345 5041 οὐχ
1378 4972 1527 5037 Υἱὸς,
1551 4976 1644 5028 καὶ
1673 4977 1824 5043 Υἱὸς,

229 5050 256 5100 6
292 5049 418 5114 Υἱὸς
455 5051 551 5105 καὶ
583 5054 703 5123 οὐχὶ
737 5056 946 5126 Πατήρ.
1002 5057 1151 5128 Πλὴν
1182 5060 1210 5111 6
1255 5061 1436 5132 πατὴρ
1468 5065 1526 5115 ἐν
1559 5064 1692 5135 Υἱῷ,
1732 5071 1827 5123 καὶ

231 5136 259 5188 6
306 5136 433 5201 Υἱὸς
493 5141 550 5194 ἐν
604 5142 800 5214 Πατρί.
838 5144 1034 5199 Δίδωσί
1078 5165 1139 5216 γε
1190 5150 1297 5220 μὴν
1328 5150 1416 5203 τὸν
1444 5154 1821 5225 Παράκλητον,

231 5227 347 5296 ἦτοι
369 5231 430 5283 τὸ
453 5231 679 5303 Πνεῦμα
705 5235 767 5288 τὸ
800 5234 975 5304 ἅγιον,
1007 5240 1107 5292 οὐκ
1145 5240 1249 5311 ἰδίᾳ
1291 5243 1389 5312 μὲν
1421 5245 1448 5295 ὁ
1480 5245 1691 5317 Πατὴρ,
1720 5248 1825 5322 ἰδίᾳ

228 5318 282 5372 δὲ
314 5321 342 5373 6
370 5321 524 5388 Υἱὸς,
565 5328 883 5396 χορηγεῖται
931 5329 987 5381 δὲ
1035 5332 1233 5400 μᾶλλον
1284 5336 1398 5397 τοῖς
1441 5335 1616 5404 ἁγίοις
1669 5318 1822 5412 παρά

229 5411 445 5483 Πατρὸς
476 5413 545 5465 δι’
586 5416 735 5471 Υἱοῦ.
781 5418 881 5472 Διὰ
920 5421 1131 5492 γάρτοι
1155 5424 1333 5489 τοῦτο,
1372 5425 1570 5481 διδόναι
1594 5411 1820 5501 λεγομέ-

228 5518 316 5554 νου
351 5503 450 5555 τοῦ
481 5505 715 5575 Πατῴς,
747 5510 775 5561 6
815 5510 881 5563 6t’
917 5507 977 5563 οὗ
1006 5513 1074 5566 τὰ
1131 5514 1305 5569 πάντα
1355 5517 1570 5574 δίδωσιν
1598 5523 1626 5574 ὁ
1652 5522 1779 5587 Υἱός
1804 5543 1816 5556 ’

233 5596 343 5663 καὶ,
376 5596 582 5650 διδόναι
630 5600 921 5673 λεγομένου
970 5605 1064 5658 τοῦ
1101 5607 1249 5674 Υἰοῦ,
1281 5611 1309 5662 6
1349 5610 1409 5675 ἐξ
1443 5607 1502 5667 οὗ
1541 5614 1609 5669 τὰ
1640 5618 1818 5673 πάντα

304 5770 348 5803 ⁸⁸
438 5770 598 5827 Joan.
648 5792 717 5843 tt,
757 5777 805 5831 1.
886 5780 929 5810 ⁵⁰
971 5778 1127 5839 Joan.
1159 5800 1250 5849 xx,
1281 5786 1368 5841 9.2.

1930 4620 1985 4666 et
2015 4610 2305 4668 Filius'est
2345 4614 2400 4669 in
2436 4616 2616 4670 Patre.
2665 4616 2766 4671 Dat
2807 4632 2937 4673 vero
2975 4617 3319 4675 Paracletum
3342 4660 3357 4683 ,
3394 4620 3512 4676 sive

1933 4701 2196 4773 Spiritum
2244 4715 2531 4774 sanctum,
2582 4723 2691 4763 non
2740 4711 2971 4767 seorsim
3026 4711 3248 4783 quidem
3299 4711 3463 4767 Pater
3492 4752 3508 4777 ,

1930 4798 2164 4852 seorsim
2196 4814 2325 4854 vero
2350 4797 2543 4866 Filius,
2576 4801 2670 4857 sed
2705 4804 2884 4873 potius
2917 4805 3125 4859 sanctis
3157 4819 3186 4858 a
3219 4803 3379 4859 Patre
3403 4811 3512 4858 tra-

1927 4889 2076 4944 ditur
2108 4906 2204 4961 per
2240 4890 2459 4948 Filium.
2509 4891 2725 4948 Idcirco
2771 4895 2958 4958 enim.
3003 4911 3127 4951 cum
3179 4894 3337 4950 Pater
3377 4894 3510 4951 dare

1929 4983 2166 5045 dicitur,
2205 4983 2252 5038 is
2287 5000 2384 5053 per
2410 5000 2572 5055 quem
2604 4986 2786 5039 omnia
2820 4986 3124 5049 traduntur
3160 4986 3255 5039 dat
3288 5001 3510 5055 quoque

1930 5072 2101 5129 Filius
2129 5091 2141 5127 :
2176 5083 2250 5141 et,
2286 5090 2410 5129 cum
2447 5076 2652 5130 dicitur
2685 5076 2815 5132 dare
2845 5076 3041 5140 Filius,
3080 5077 3126 5131 is
3157 5092 3222 5130 ex
3248 5091 3357 5145 quo
3386 5092 3507 5130 om-

1928 5167 2015 5221 nia
2041 5167 2134 5221 dat
2168 5167 2347 5222 Pater.
2379 5167 2534 5234 Quod
2568 5177 2748 5223 autem
2782 5168 3004 5223 divinus
3035 5183 3097 5221 ac
3130 5183 3238 5220 non
3276 5167 3506 5222 diversa:

1926 5259 1994 5313 ab
2026 5259 2146 5328 ipso
2175 5259 2338 5315 Patre
2367 5272 2419 5315 et
2449 5260 2585 5315 Filio
2618 5261 2940 5314 substantiae
2976 5263 3048 5314 sit
3085 5256 3324 5326 Spiritus
3346 5297 3360 5321 ,
3403 5276 3513 5343 ηρ·-

1925 5351 2061 5404 mini
2110 5366 2258 5407 same
2291 5353 2492 5406 mentis
2521 5353 2748 5406 dubium
2786 5366 2909 5405 esse
2944 5359 3105 5419 puto,
3139 5357 3304 5419 atque
3357 5359 3415 5403 ut
3451 5352 3501 5406 id

1928 5443 2223 5497 credamus
2247 5442 2387 5496 ratio
2412 5443 2725 5497 necessaria
2759 5455 2862 5494 nos
2893 5439 3093 5508 adiget.
3127 5437 3183 5493 Si
3208 5441 3331 5508 quis
3354 5441 3501 5494 enim

1925 5549 2047 5588 eum
2083 5550 2145 5588 ex
2179 5536 2486 5590 substantia
2523 5533 2615 5588 Dei
2646 5547 2769 5586 esse
2804 5538 2999 5602 negat,
3042 5532 3315 5600 quomodo
3347 5547 3506 5586 crea-

1927 5629 2046 5677 tura
2083 5625 2302 5680 demum
2343 5626 2448 5681 crit
2491 5623 2581 5680 Dei
2626 5621 2903 5694 particeps
2928 5662 2943 5690 ,
2974 5631 3203 5693 accepto
3252 5621 3509 5692 Spiritu?
