4076 6270
569 362 678 421 3:39

1532 364 1591 419 S.
1634 308 1911 420 ἐγηιιιιι
1951 359 2423 419 ALEXANDRINI
2460 361 2785 420 ARCHIEP.

3740 362 3851 419 9.60

571 475 975 546 Autqnomodo
1005 477 1205 548 templa
1241 477 1331 533 Dei
1361 478 1809 546 nuncupabimur
1832 486 1887 532 et
1913 479 2144 545 erimus,

2250 479 2510 532 δίδωσινὸ
2533 479 2742 550 Πατήρ.
2774 479 2899 531 ’Ότι
2925 476 2981 531 δέ
3015 476 3159 530 θεῖόν
3182 493 3242 530 τε
3279 476 3374 530 καὶ
3397 474 3458 528 τὸ
3484 474 3718 547 Πνεῦμα
3754 481 3851 533 καὶ

573 572 620 625 si
656 579 903 625 creatum
940 578 1032 624 aut
1064 570 1428 640 alienigenam
1478 570 1732 639 Spiritum
1775 569 2150 639 accipiamus,

572 680 685 720 non
718 670 897 718 autem
931 662 1081 715 illum
1123 662 1217 731 qui
1266 677 1329 716 ex
1373 660 1484 715 Deo
1512 661 1639 715 est?
1670 659 1962 726 Quomodo
1992 667 2154 714 natu-

572 770 648 810 rae
690 754 888 809 divinae
932 760 1220 808 consortes
1264 753 1310 784 ⁸⁵
1339 791 1355 816 ,
1416 754 1572 821 juxta
1630 762 1947 807 sanctorum
1996 765 2157 806 voces

573 849 701 919 [qui
725 845 964 915 Spiritus
982 845 1282 916 participes
1308 845 1447 899 ﬁunt
1470 845 1586 918 ⁸⁸],
1616 846 1664 899 si
1695 845 2155 899 in’creaturarum

570 950 803 990 numero
834 936 1139 991 collocatur
1164 975 1180 1002 ,
1231 952 1296 991 ac
1336 952 1446 991 non
1476 937 1665 1008 potius
1704 953 1770 993 ex
1810 936 1932 1007 ipsa
1959 944 2157 991 natura

567 1028 729 1097 811
768 1026 955 1083 divina
982 1027 1258 1098 procedit,
1277 1029 1372 1098 qui
1402 1044 1511 1083 non
1538 1040 1598 1082 ut
1619 1028 1836 1083 alienus
1862 1042 1959 1098 per
1982 1027 2156 1096 ipsam

571 1121 624 1172 in
666 1134 768 1174 nos
804 1120 1080 1189 pervenit,
1124 1118 1245 1185 sed,
1275 1128 1334 1174 ut
1374 1123 1452 1173 ita
1490 1119 1693 1185 dicam,
1716 1118 1956 1188 qualitas
1990 1118 2158 1173 veluti

496 1282 499 1289 γ
568 1211 819 1280 quaedam
871 1211 1097 1267 deitatis
1125 1220 1212 1268 cst
1244 1211 1300 1266 in
1345 1212 1526 1277 nobis,
1579 1217 1635 1266 et
1667 1212 1720 1265 in
1752 1211 1965 1267 sanctis
1997 1209 2160 1265 habia

569 1312 672 1365 tat,
715 1311 1007 1373 manetque
1057 1318 1295 1374 semper,
1327 1303 1374 1359 si
1422 1318 1537 1358 suae
1581 1303 1782 1357 mentis
1819 1303 2040 1357 oculum
2061 1317 2158 1373 per

569 1409 733 1449 omne
753 1394 1042 1464 probitatis
1061 1410 1237 1464 genus
1257 1402 1577 1465 purgantes,
1604 1402 1659 1448 et
1674 1408 1771 1463 per
1788 1392 2011 1447 virtutis
2026 1393 2156 1462 juge

568 1494 625 1549 et
670 1484 1012 1541 indefessum
1058 1487 1300 1541 studium
1362 1487 1594 1557 gratiam
1638 1486 1742 1542 sibi
1797 1493 2152 1541 conservent.

569 1576 751 1647 Ipsum
773 1578 977 1648 quippe
998 1580 1067 1632 ab
1097 1579 1172 1634 iis
1200 1579 1295 1649 qui
1320 1578 1375 1632 in
1408 1578 1612 1633 mundo
1632 1585 1765 1634 sunt
1789 1592 1889 1633 nec
1907 1578 2028 1647 capi
2052 1591 2156 1633 nec

568 1669 967 1740 comprehendi
1011 1684 1179 1739 posse
1219 1671 1484 1726 Christus
1530 1670 1634 1734 ait,
1668 1670 1773 1737 hoc
1821 1679 1908 1725 est
1951 1671 2021 1724 iis
2059 1670 2154 1739 qui

568 1777 692 1833 quae
730 1762 926 1816 mundi
978 1769 1109 1817 sunt
1146 1763 1373 1832 sapiunt
1430 1778 1496 1819 ac
1542 1770 1766 1818 terrena
1818 1761 2058 1833 diligunt
2080 1762 2150 1825 ⁵⁷,

2256 571 2355 640 οὐχ
2374 569 2710 640 ἐτεροούσιον
2738 569 2812 633 ὡς
2847 569 2984 639 πρὸς
3015 570 3176 625 αὐτόν
3216 567 3277 621 τέ
3318 585 3461 639 φημι
3493 568 3585 621 τὸν
3626 569 3849 641 Πατέρα

2257 663 2350 715 καὶ
2378 661 2821 727 τὺνΥίὸν,ούδενὶ
2844 663 2942 734 μὲν
2966 659 3119 733 οἶμαι
3148 663 3259 716 τῶν
3289 657 3348 715 εὖ
3370 662 3718 733 φρονούντων
3749 663 3850 716 ὐπ-

2258 754 2452 825 άρχειν
2478 755 2799 825 ἀμφίϐολον,
2826 755 2921 808 καί
2949 755 3245 822 ἀναγκαῖος
3274 752 3331 806 δὲ
3367 754 3513 823 ἡμᾶς
3561 754 3848 808 ἀναπείσει

2255 845 2430 910 λόγος.
2458 847 2521 898 Εἰ
2548 845 2657 917 γὰρ
2685 846 2784 898 οὐκ
2812 843 2949 899 εἷναί
2975 863 3060 908 τις
3079 846 3211 898 αὑτό
3249 862 3414 916 φησιν
3444 846 3508 897 ἐκ
3536 845 3636 915 τῆς
3662 845 3850 908 οὐσίας

2256 936 2351 991 τοῦ
2408 937 2567 1003 Θεοῦ,
2599 937 2719 1001 πῶς
2758 937 2825 991 ἂν
2874 937 2961 1006 εἴη
2993 936 3129 990 Θεοῦ
3186 937 3411 1011 μέτοχος
3458 938 3490 1007 ὴ
3524 937 3737 1000 κτίσις,
3769 937 3849 990 ἔτι

2255 1028 2495 1083 λαϐοῦσα
2523 1029 2585 1083 τὸ
2615 1029 2839 1099 Πνεῦμα
2863 1045 2877 1094 ;
2903 1028 3060 1083 Κατά
3089 1029 3209 1083 τίνα
3248 1012 3541 1100 δὲ’τρόπον
3565 1030 3683 1082 ναοὶ
3713 1029 3847 1084 Θεοῦ

2257 1120 2676 1193 χρηματιοῦμεν
2708 1121 2804 1175 καὶ
2831 1119 3089 1191 ἐσόμεθα,
3120 1121 3338 1174 κτιστὸν
3366 1121 3399 1191 ἦ
3432 1102 3724 1190 ἀλλογενὲς
3757 1139 3849 1175 κο-

2260 1219 2541 1290 μιζόμενοι
2590 1219 2837 1290 Πνεῦμα,
2886 1221 2981 1273 καὶ
3027 1219 3145 1289 οὐχι
3187 1217 3390 1288 μᾶλλον
3439 1217 3502 1270 τὸ
3552 1218 3618 1270 ἐκ
3672 1217 3847 1283 Θεοῦς

2257 1311 2383 1375 Πῶς
2414 1311 2470 1363 δὲ
2492 1310 2641 1375 θείας
2672 1311 2889 1380 φύσεως
2917 1311 3188 1376 κοινωνοὶ,
3226 1309 3370 1363 κατὰ
3391 1309 3492 1372 τὰς
3533 1309 3644 1362 τῶν
3678 1309 3849 1377 ἁγίων

2257 1402 2461 1472 φωνὰς,
2497 1404 2543 1455 οἱ
2589 1403 2905 1474 Πνεῦματος
2942 1403 3183 1473 μέτοχοι,
3219 1404 3269 1454 εί
3295 1403 3409 1463 τοῖς
3458 1403 3711 1471 γενητοῖς
3761 1403 3845 1452 ἐν·

2256 1494 2516 1566 αρίθμιόν
2544 1496 2693 1562 ἐστι,
2725 1496 2818 1549 καὶ
2852 1496 2975 1565 οὐχὶ
3019 1494 3219 1565 μᾶλλον
3261 1493 3320 1561 ἐξ
3369 1492 3540 1562 αὐτῆς
3575 1495 3709 1562 ἡμῖν
3752 1493 3848 1558 τῆς

2256 1584 2406 1649 θείας
2432 1584 2647 1655 φύσεως
2675 1586 2942 1656 πρόεισιν,
2962 1586 3025 1638 οὐ
3056 1584 3476 1655 διακονούμενον
3491 1584 3558 1637 δι’
3575 1585 3749 1652 αὐτῆς
3768 1585 3847 1648 είς

2255 1678 2403 1749 ἡμᾶς
2417 1678 2493 1740 ὡς
2508 1676 2808 1748 ἀλλότριον,
2830 1677 3038 1739 ἀλλ’,ἴν’
3053 1675 3226 1739 οὕτως
3243 1676 3403 1742 εἴπω,
3421 1677 3646 1747 ποιότης
3661 1677 3808 1731 ὥσπε
3814 1688 3844 1746 ρ

2255 1787 2339 1833 τις
2363 1770 2462 1840 τῆς
2487 1769 2735 1840 θεότητος
2764 1770 2821 1822 ἐν
2849 1771 2980 1841 ἡμῖν
2998 1768 3308 1840 γινόμενον,
3332 1769 3427 1822 καὶ
3452 1770 3510 1823 ἐν
3539 1772 3653 1833 τοῖς
3673 1769 3846 1836 ἁγίοις

572 1828 673 1909 sed
724 1868 754 1907 a
811 1854 1021 1909 sanctis
1073 1828 1302 1924 capi—et
1338 1853 1576 1923 perspici
1612 1860 1815 1923 potest.
1846 1828 2021 1918 Quam
2081 1851 2144 1905 oh

2255 1828 2564 1926 κατοικοῦν,
2599 1828 2694 1915 καὶ
2726 1828 3021 1930 ἀπομένοκί
3040 1828 3136 1915 διὰ.
3156 1861 3381 1925 παντὸς,
3414 1862 3461 1913 εἰ
3508 1861 3611 1931 τῆς
3638 1862 3844 1916 ἑαυτῶν
3874 1902 3885 1917 .

570 1945 832 2000 causam?
860 1943 943 1999 Illi
974 1945 1181 2015 quippe
1212 1943 1532 2014 impunitate
1562 1959 1681 2015 quae
1705 1945 1793 1999 vix
1826 1943 1937 1999 elui
1979 1942 2154 2014 possit

570 2037 867 2107 inquinati,
917 2044 970 2090 et
1028 2036 1265 2105 quadam
1323 2037 1488 2092 veluti
1547 2037 1885 2109 lippitudine
1939 2034 2150 2091 sull'nso

568 2129 766 2184 mentis
798 2129 985 2192 oculo,
1019 2137 1230 2183 natura:
1279 2143 1394 2183 suae
1423 2128 1595 2184 decus
1628 2144 1739 2183 non
1780 2128 2148 2198 perspiciunt,

567 2237 746 2292 neque
786 2220 1030 2292 Spiritus
1079 2222 1255 2292 legem
1303 2222 1609 2292 accipiunt,
1644 2222 1834 2276 carnis
1870 2221 2149 2289 cupidita-

568 2314 721 2369 tibus
777 2313 1007 2369 omnino
1055 2314 1276 2369 subacti
1316 2330 1330 2365 :
1368 2313 1423 2367 hi
1477 2330 1609 2369 vero
1660 2314 1819 2384 probi
1854 2320 1910 2367 ct
1955 2312 2148 2374 sobrii,

566 2420 805 2460 vacuum
847 2404 1040 2459 mundi
1091 2405 1253 2460 malis
1305 2420 1402 2474 cor
1456 2405 1722 2461 habentes
1783 2403 2149 2458 introducunt

565 2497 786 2568 quidem
821 2498 877 2551 in
918 2511 979 2552 se
1036 2498 1183 2552 ultro
1238 2496 1610 2564 Paracletum,
1640 2514 1880 2568 cumque
1929 2503 2150 2553 servant

566 2597 911 2660 susceptum,
959 2600 1015 2644 et
1050 2597 1321 2659 quantum
1368 2591 1694 2646 hominibus
1727 2591 1950 2659 assequi
2000 2590 2146 2652 licet,

566 2682 847 2738 intellectu
913 2681 1403 2751 contemplantur,
1460 2698 1716 2753 magnum
1783 2682 1910 2736 inde
1966 2695 2150 2751 operte

566 2773 804 2842 pretium
857 2781 1230 2842 reportantes.
1268 2771 1653 2828 Sanctiﬁcahit
1697 2772 1842 2826 enim
1879 2785 1994 2837 eos,
2028 2785 2150 2824 om-

566 2862 837 2932 niumque
873 2862 1041 2916 simul
1074 2863 1348 2917 honorum
1379 2862 1621 2918 factores
1651 2863 1863 2928 reddet,
1908 2878 1995 2928 ac,
2032 2877 2150 2917 ser-

564 2957 759 3012 vitutis
811 2956 1069 3012 humanae
1116 2959 1323 3028 probro
1402 2958 1680 3029 adempto,
1736 2958 2007 3028 dignitate
2053 2957 2150 3012 ad-

564 3046 814 3115 optionis
846 3048 1089 3102 ornabit.
1123 3048 1294 3119 Cujus
1322 3048 1401 3104 rei
1428 3050 1587 3105 testis
1617 3050 1723 3104 erit
1755 3050 1910 3105 nobis
1943 3049 2147 3105 Paulus

2251 1948 2489 2012 διανοίας
2545 1948 2637 2002 τὸν
2691 1948 2973 2019 ὀφθαλμὸν
3023 1949 3111 2002 διὰ
3164 1949 3348 2019 πάσης
3372 1951 3675 2014 ἐπιεικείας
3723 1953 3847 2004 ἀπο·

2255 2037 2631 2108 καθαίροντες,
2659 2038 2755 2092 καὶ
2788 2038 2876 2092 διὰ
2911 2040 3009 2109 τῆς
3054 2041 3135 2103 είς
3169 2042 3349 2094 πᾶσαν
3378 2041 3582 2112 ἀρετὴν
3633 2043 3844 2096 ἀνενδο-

2251 2148 2345 2184 του
2381 2131 2617 2200 σπουδῆς
2649 2133 2967 2200 συντηροῖεν
3000 2132 3215 2194 ἑαυτοῖς
3236 2131 3335 2203 τὴν
3357 2132 3552 2203 χάριν;
3604 2133 3846 2205 Ἀχώρη·

2250 2239 2341 2276 τον
2379 2222 2475 2292 μὲν
2506 2221 2617 2293 γὰρ
2648 2222 2741 2275 καὶ
2778 2221 3090 2294 ἀθεώρητον
3122 2222 3254 2275 αὐτὸ
3285 2225 3400 2286 τοῖς
3441 2225 3500 2277 ἐν
3527 2224 3722 2295 κόσμῳ
3748 2242 3845 2294 φη-

2254 2314 2338 2368 σὶν
2378 2315 2405 2365 ὁ
2434 2314 2686 2385 Χριστὸς,
2713 2314 2858 2366 τοῦτ’
2885 2314 3000 2367 ἔστι
3032 2317 3144 2378 τοῖς
3170 2313 3239 2368 τὰ
3272 2317 3330 2368 ἐν
3366 2316 3557 2387 κόσμῳ
3588 2317 3845 2388 φρονοῦσι
3913 2377 3927 2386 ,

2252 2407 2345 2459 καὶ
2392 2406 2614 2476 ἀγαπᾷν
2651 2404 2929 2473 ἑλομένοις
2957 2405 3026 2458 τὰ
3070 2404 3289 2474 ἐπίγεια
3315 2447 3328 2469 ,
3358 2407 3611 2477 χωρητόν
3640 2424 3706 2476 γε
3746 2408 3845 2479 μὴν

2252 2496 2344 2548 καὶ
2378 2496 2713 2550 εὐκάτοπτον
2770 2497 2884 2557 τοῖς
2932 2494 3125 2563 ἁγίοις.
3156 2495 3255 2548 Διά
3310 2496 3470 2552 ποίαν
3521 2496 3745 2565 αίτίανς
3782 2499 3841 2552 Οἱ

2255 2585 2353 2655 μὲν
2394 2585 2502 2655 γὰρ
2552 2584 2919 2638 δυσέκπλυτον
2951 2583 3167 2654 ἔχοντες
3196 2583 3295 2655 τὴν
3346 2584 3721 2655 ἀκαθαρσίαν,
3757 2586 3844 2638 καὶ

2250 2676 2432 2748 λήμης
2472 2675 2661 2747 ὥσπερ
2693 2675 2836 2739 τινὸς
2882 2676 2975 2729 τὸν
3018 2676 3220 2728 οἰκεῖον
3254 2676 3672 2746 ἀναπλήσαντες
3701 2677 3843 2742 νοῦν,

2249 2769 2310 2821 τὸ
2337 2770 2435 2838 τῆς
2488 2768 2639 2830 θείας
2690 2767 2908 2834 φύσεως
2945 2769 3005 2821 οὐ
3043 2767 3407 2840 περιαθροῦσι
3455 2768 3690 2834 κάλλος,
3726 2767 3845 2821 οὔτε

2255 2860 2362 2931 μὴν
2396 2858 2458 2913 τὸ
2500 2859 2595 2912 τοῦ
2631 2860 2947 2929 Πνεύματος
2979 2859 3374 2931 καταδέχονται
3405 2861 3590 2928 νόμον,
3624 2860 3842 2931 ὀλοτρὸ-

2253 2955 2517 3015 πως¹τοίς
2549 2952 2647 3019 τῆς
2687 2951 2890 3021 σαρκὸς
2932 2951 3360 3022 τυραννούμενοι
3407 2953 3641 3007 πάθεσιν
3666 2971 3681 2985 ·
3718 2955 3768 3006 οί
3794 2952 3847 3006 δὲ

2252 3044 2447 3113 ἀγαθοὶ
2472 3044 2565 3098 καὶ
2587 3042 2868 3114 νηφαλέοι,
2902 3043 3269 3113 σχολάζουσαν
3295 3044 3405 3097 τῶν
3436 3045 3495 3097 ἐν
3532 3044 3728 3115 κόσμῳ
3749 3061 3844 3097 κα-

562 3139 756 3194 diccns
791 3158 804 3194 :
843 3159 860 3191 ι
901 3139 1175 3205 Quoniam
1217 3149 1400 3195 autem
1454 3142 1590 3197 estis
1642 3140 1773 3215 [ἱΙίἱι
1794 3141 1947 3198 misit
2001 3140 2144 3197 Deus

2251 3139 2360 3193 κῶν
2388 3137 2600 3208 ἔχοντες
2623 3135 2722 3207 τὴν
2753 3135 2998 3205 καρδίαν,
3029 3134 3383 3201 είσοικίζουσι
3419 3136 3518 3205 μὲν
3544 3136 3604 3188 ἐν
3633 3138 3845 3199 ἑαυτοῖς

565 3229 837 3300 Spiritum
875 3231 1003 3286 Filii
1030 3233 1118 3289 sui
1160 3232 1217 3288 in
1264 3233 1434 3289 corda
1490 3242 1695 3301 vestra,
1751 3235 2083 3306 clamantem
2127 3254 2142 3291 :

558 3322 740 3391 Abba,
775 3323 941 3378 Pater
971 3325 1038 3378 ⁸⁸.
1082 3344 1101 3375 ι

2254 3230 2497 3283 ἐθελοντὶ
2534 3228 2627 3281 τὸν
2677 3226 3071 3298 Παράκλητον,
3099 3226 3427 3290 διασώζουσι
3465 3226 3526 3280 δὲ
3567 3227 3846 3293 λαϐόντες,

2252 3323 2348 3376 καὶ
2401 3319 2633 3373 καθόσον
2667 3317 2975 3389 ἀνθρώποις
3029 3318 3282 3388 ἐφικτὸν,
3314 3318 3522 3389 νοητῶς
3553 3317 3844 3391 θεωροῦσι,

560 3415 695 3470 πολύ
733 3406 784 3470 τι
829 3418 925 3472 καὶ
974 3419 1137 3488 μέγα,
1182 3419 1276 3472 καὶ
1314 3419 1679 3492 ἀξιοζήλωτον
1732 3420 1982 3475 ἐντεῦθεν
2015 3417 2476 3491 ἀποκομιζόμενοι
2525 3415 2712 3484 γέρας.
2744 3414 3122 3483 Ἀγιάσειγάρ
3183 3414 3403 3480 αὐτοὺς,
3465 3415 3560 3468 καὶ
3627 3416 3844 3469 πάντων

557 3508 693 3578 ὁμοῦ
724 3511 829 3562 τῶν
847 3509 1069 3578 ἀγαθῶν
1091 3511 1460 3574 ἀποτελεστὰς
1498 3512 1791 3579 ἀποδείξει,
1819 3515 1914 3568 καὶ
1928 3514 1988 3566 τὸ
2016 3515 2114 3585 μὲν
2147 3513 2243 3583 τῆς
2260 3504 2764 3579 ἁνθρωποπρεποῦς
2799 3505 3041 3569 δουλείας
3069 3500 3258 3575 αἶσχος
3285 3506 3439 3573 ἀφιεῖ
3471 3505 3845 3579 [γρ..ἀφελεί],
3913 3552 3921 3559 .

556 3601 636 3673 τῷ
667 3602 723 3655 δὲ
760 3603 860 3674 τῆς
893 3604 1165 3668 υἱοθεσίας
1222 3604 1500 3676 ἀξιώματι
1568 3608 1876 3679 περιϐαλεῖ.
1926 3610 2037 3662 Καὶ
2090 3606 2438 3679 μαρτυρήσει
2512 3604 2689 3671 λέγων
2737 3604 2760 3655 5
2803 3601 3051 3665 Παῦλος·
3087 3620 3105 3652 ι
3145 3602 3269 3654 "Or.
3323 3601 3380 3655 δέ
3415 3604 3539 3654 ἐστε
3593 3604 3725 3669 υἱοὶ,
3758 3602 3847 3668 ἐξ·

555 3696 873 3750 απέστειλεν
919 3698 947 3748 ὁ
998 3697 1129 3762 Θεὸς
1162 3705 1222 3752 τὸ
1261 3701 1486 3774 Πνεῦμα
1534 3704 1629 3757 τοῦ
1666 3705 1796 3758 Υἰοῦ
1831 3705 2007 3759 αὐτοῦ.
2035 3706 2115 3767 είς
2148 3704 2246 3767 τὰς
2274 3701 2504 3772 καρδίας
2533 3698 2708 3770 ὑμῶν,
2740 3697 2946 3768 κρᾶζον
2971 3716 2984 3729 ⁸
3038 3698 3229 3761 Ἀδδᾶν
3264 3700 3292 3751 ὁ
3324 3698 3538 3769 Πατήρ·
3582 3719 3599 3751 ³

627 3784 795 3851 χιγ,.
821 3788 905 3842 18.
940 3787 1060 3841 Non
1100 3789 1397 3861 relinquam
1451 3809 1541 3847 vos
1590 3790 1907 3860 orphanos‘:
1936 3794 2141 3847 veniam

557 3874 626 3930 ad
654 3891 767 3928 vos.
912 3902 919 3931 I

626 3963 955 4021 Necessario
987 3983 1208 4040 quoque
1244 3985 1392 4026 nunc
1443 3970 1712 4026 Dominus
1743 3982 1928 4026 noster
1982 3969 2142 4026 Jesus

557 4056 812 4112 Christus
875 4056 943 4112 de
993 4069 1187 4113 sant-ta
1233 4068 1288 4113 et
1345 4061 1809 4115 consubstantiali
1867 4061 2142 4116 Trinitale

558 4163 874 4204 sermonem
923 4152 1192 4205 contexit.
1242 4150 1363 4206 Jam
1396 4151 1543 4206 enim
1584 4152 1740 4222 prius
1780 4153 2141 4223 diligentibus

558 4259 640 4309 se,
671 4243 857 4299 allatis
897 4245 964 4298 ad
1018 4244 1315 4299 certiorem
1381 4242 1543 4299 ﬁdem
1598 4246 1782 4325 verbis
1835 4261 1899 4301 ac
1947 4246 2138 4311 rebus,

556 4334 802 4389 ostendit
839 4337 1143 4391 secundum
1192 4345 1449 4390 naturam
1480 4351 1540 4393 se
1579 4338 1752 4391 Deum
1803 4355 1950 4407 esse,
1985 4353 2037 4397 et
2072 4357 2137 4396 ex

557 4423 668 4477 Deo
694 4422 859 4479 Patre
887 4426 1161 4495 genitum,
1183 4426 1491 4496 eademque
1520 4443 1644 4481 cum
1679 4428 1773 4483 illo
1802 4431 2042 4499 potentia
2075 4446 2138 4487 ac

2320 3792 2442 3843 Οὐκ
2504 3786 2720 3857 ἀφήσω
2780 3786 2935 3856 ὑμᾶς
2996 3786 3342 3855 dpgaroéc'
3379 3786 3629 3855 ἔρχομαι
3696 3789 3845 3857 πρὸς

2244 3880 2421 3950 ὑμᾶς.

2330 3970 2672 4039 Ἀναγκαίως
2694 3970 2789 4043 καὶ
2818 3967 2913 4023 νῦν
2940 3972 2969 4024 ὁ
2999 3970 3201 4042 Κύριος
3224 3969 3381 4040 ἡμῶν
3414 3970 3624 4042 Ἰησοῦς
3652 3974 3681 4026 ὁ
3711 3973 3843 4043 Χρι-

2247 4050 2372 4128 στὸς
2401 4065 2490 4117 τὸν
2528 4064 2658 4134 περὶ
2704 4042 2803 4133 τίῆς
2835 4061 2998 4131 ἁγίας
3042 4079 3101 4115 τε
3151 4063 3258 4115 καὶ
3283 4062 3573 4133 ὁμοουσίου
3609 4042 3840 4135 Τριάδος

2248 4157 2525 4227 ἐξυφαίνει
2578 4157 2758 4226 λόγον.
2800 4156 3018 4225 Δέδειχε
3085 4155 3184 4225 μὲν
3239 4156 3349 4225 γὰρ
3392 4155 3491 4226 ἥδη
3546 4155 3836 4228 πρότερον,

2247 4250 2516 4322 παραθεὶς
2558 4251 2638 4314 είς
2672 4248 3048 4320 πληροφορίαν
3071 4247 3265 4316 λόγους
3291 4264 3351 4300 τε
3378 4247 3473 4300 καὶ
3509 4242 3834 4318 πράγματα.

2244 4346 2356 4407 τοῖς
2379 4342 2668 4411 ἀγαπῶσιν
2702 4342 2884 4405 αὐτὸν,
2917 4341 2999 4406 ὅτι
3033 4357 3093 4392 τε
3124 4340 3218 4392 καὶ
3236 4339 3473 4409 ὑπάρχοι
3495 4340 3639 4393 κατὰ
3676 4342 3834 4408 φύσιν

2245 4434 2403 4499 Θεὸς,
2422 4434 2515 4488 καὶ
2559 4436 2624 4486 ἐκ
2666 4432 2802 4485 Θεοῦ
2829 4432 3154 4503 γεγέννηται
3184 4434 3422 4503 Πατρὸς,
3461 4432 3746 4501 ἰσοσθενής
3772 4432 3831 4486 τέ

555 4514 841 4571 voluntate
888 4518 1205 4587 praeditum.
1245 4518 1464 4573 Idcirco
1521 4520 1666 4574 enim
1736 4522 1917 4576 aiebat
1976 4523 2139 4578 modo

2248 4528 2361 4578 ἐστι
2389 4525 2486 4578 καὶ
2520 4523 2837 4594 ίσογνώμων
2855 4523 3140 4594 αύτῷΔιὰ
3172 4524 3281 4595 γὰρ
3317 4523 3477 4577 τοῦτο
3501 4525 3597 4578 καὶ
3627 4525 3832 4595 ἔφασκε

552 4607 774 4676 quidem
810 4626 824 4663 :
862 4627 881 4660 ι
916 4607 1058 4675 Quia
1107 4624 1213 4680 ego
1263 4610 1410 4680 quod
1446 4610 1666 4681 loquor,
1700 4627 1730 4665 a
1770 4613 1980 4683 meipso
2020 4630 2127 4668 non

554 4701 787 4768 loquor;
823 4719 842 4753 ι
877 4701 1044 4756 modo
1072 4716 1205 4756 vero
1233 4716 1466 4757 rursus:
1504 4721 1523 4753 ι
1558 4702 1750 4758 Sinon
1785 4703 1927 4760 facio
1962 4720 2131 4775 opera

551 4789 732 4845 Patris
779 4792 909 4856 mei,
944 4793 1115 4849 nolite
1142 4794 1372 4849 credere
1409 4793 1542 4847 mihi
1578 4814 1591 4848 :
1624 4795 1708 4849 sin
1746 4806 1927 4851 autem
1964 4795 2128 4862 l‘acio,

549 4892 603 4936 nl
628 4883 675 4937 si
710 4883 845 4937 mihi
878 4900 988 4939 non
1024 4885 1272 4950 creditis,
1308 4886 1573 4955 operibus
1603 4888 1738 4941 meis
1766 4886 1973 4941 credite
2004 4888 2070 4939 ⁸⁵.
2105 4905 2124 4939 ι

551 4975 659 5033 Sed
710 4991 940 5033 necesse
968 4986 1090 5033 erat
1140 4990 1406 5048 prmterea
1442 4980 1508 5034 de
1542 4989 1732 5035 sancto
1770 4981 1890 5051 ipso
1923 4978 2128 5050 Spiritu

552 5076 700 5124 recte
750 5076 806 5124 et
858 5070 1142 5140 inculpate
1189 5073 1419 5125 sentire.
1466 5073 1563 5126 Sic
1622 5074 1767 5127 enim
1816 5074 2131 5127 auditorum

550 5170 763 5216 mentes
817 5177 1050 5231 prorsus
1099 5160 1167 5214 ad
1225 5177 1432 5215 reetam
1479 5163 1603 5218 lidei
1652 5165 1925 5218 rationem
1968 5164 2130 5234 dirigi

466 5267 473 5275 '
550 5262 822 5323 poterant.
857 5253 999 5320 Qttid
1058 5270 1191 5323 ergo
1242 5270 1344 5309 nos
1398 5256 1565 5325 812
1597 5255 1857 5311 Christus
1906 5270 1971 5310 ex
2026 5257 2131 5311 hoc

548 5348 669 5402 loco
714 5346 934 5411 doceat,
960 5347 1152 5416 paucis
1189 5362 1493 5417 exponanr.
1530 5347 1710 5401 Alium
1744 5348 1906 5403 nohis
1957 5363 1987 5401 a
2020 5347 2129 5402 Deo

546 5445 598 5491 ct
624 5435 787 5491 Patre
819 5436 1047 5492 missum
1081 5438 1144 5492 iri
1180 5438 1395 5502 dicens,
1428 5439 1692 5508 singulari
1722 5440 1963 5494 consilio
1997 5439 2123 5493 fidei

546 5528 854 5583 doctrinam
893 5529 1093 5583 lirmat.
1140 5528 1409 5584 Futurum
1444 5531 1589 5584 enim
1640 5540 1759 5584 erat
1812 5539 1889 5593 nt,
1928 5546 2123 5599 perpe-

547 5632 665 5675 ram
737 5616 944 5674 dictutn
1008 5620 1142 5676 illud
1204 5623 1426 5693 quidam
1483 5624 1802 5692 capientes,
1867 5631 2123 5690 putarent

2244 4616 2374 4673 ποτὲ
2411 4615 2510 4686 μέν
2539 4635 2554 4647 ·
2601 4636 2620 4668 ι
2652 4616 2773 4668 ’Ότι
2830 4615 2943 4684 ἐγὼ
2967 4616 2995 4668 ὃ
3036 4616 3201 4680 λαλῶ,
3237 4617 3333 4670 ἀπ’
3371 4615 3612 4686 ἐμαυτοῦ
3642 4618 3704 4670 ού
3739 4617 3831 4669 λα·

2243 4708 2340 4772 λῶ,
2368 4727 2385 4759 ι
2418 4707 2548 4760 ποτέ
2585 4707 2641 4760 δὲ
2674 4708 2835 4761 πάλιν
2864 4724 2876 4737 ο
2919 4727 2935 4758 ι
2981 4708 3042 4760 Εἰ
3073 4709 3134 4760 οὺ
3170 4707 3306 4761 ποιῶ
3332 4708 3401 4762 τὰ
3432 4707 3572 4778 ἔργα
3599 4707 3695 4761 τοῦ
3723 4710 3829 4762 Πι-

2242 4801 2373 4872 τρὸς
2410 4816 2531 4869 μου,
2572 4799 2646 4871 μὴ
2703 4800 2988 4853 πιστεύετέ
3023 4815 3145 4870 μοι·
3180 4801 3228 4852 εί
3272 4800 3329 4853 δὲ
3361 4790 3522 4864 ποιῶ,
3558 4798 3663 4853 κᾶν
3711 4798 3829 4868 ἐμοὶ

2248 4892 2324 4963 μὴ
2358 4891 2647 4962 πιστεύητε
2674 4933 2689 4957 ,
2718 4897 2831 4954 τοῖς
2878 4892 3062 4962 ἔργοις
3123 4911 3225 4963 μου
3261 4891 3570 4946 πιστεύετε.
3618 4911 3639 4943 ι
3691 4891 3828 4944 Ἀλλ’

2234 4980 2301 5055 ἦν
2349 4985 2441 5037 ἐπί
2479 4984 2693 5048 τούτοις
2734 4984 2796 5036 οὐ
2835 4985 3073 5055 μετρίως
3120 4985 3418 5052 ἀναγκαῖον
3470 4983 3531 5036 τὸ
3588 4983 3686 5036 καὶ
3745 4979 3828 5033 ἐπ’

2235 5075 2385 5147 αὑτῷ
2409 5075 2486 5146 τῷ
2510 5077 2651 5146 ἁγίῳ
2683 5075 2962 5146 Πνεύματι
2989 5076 3086 5147 τὴν
3116 5075 3291 5147 ὀρθῶς
3330 5092 3389 5128 τε
3422 5075 3516 5128 καὶ
3556 5072 3827 5143 ἀνεγκλή-

2233 5186 2340 5231 τως
2369 5168 2600 5240 ἔχουσαν
2629 5168 2878 5239 δέχεσθαι
2899 5168 3075 5233 δόξαν.
3102 5168 3259 5222 Οὕτω
3288 5169 3394 5239 γὰρ
3421 5162 3490 5238 ἦν
3519 5165 3828 5236 ὁλοκλήρως

2233 5263 2313 5324 είς
2341 5261 2607 5331 ὀρθότητα
2634 5262 2871 5324 πίστεως
2899 5261 2989 5315 τὸν
3036 5260 3145 5314 τῶν
3194 5261 3567 5333 ἀκροωμένων
3598 5256 3828 5312 ἀπευθύ·

2232 5354 2419 5408 νεσθαι
2448 5354 2590 5408 νοῦν.
2642 5355 2705 5407 Τί
2747 5354 2927 5408 τοίνυν
2978 5356 3125 5424 ἡμᾶς
3157 5353 3247 5407 διὰ
3294 5354 3401 5406 τῶν
3443 5352 3827 5423 προκειμένων

2232 5446 2473 5500 διδάσκει
2508 5445 2765 5517 Χριστὸς,
2801 5446 2877 5509 ὡς
2903 5447 2961 5499 ἐν
2998 5446 3199 5514 ὀλίγοις
3228 5444 3556 5514 ἐκθήσομαι,
3596 5445 3823 5514 Ἕτερον

2232 5540 2364 5607 ἡμῖν
2396 5538 2547 5608 παρὰ
2583 5536 2675 5589 τοῦ
2715 5536 2848 5589 Θεοῦ
2890 5537 2982 5592 καὶ
3016 5536 3228 5608 Πατρὸς
3267 5535 3697 5607 πεμφθήσεσθαι
3742 5532 3826 5585 λέ-

2233 5644 2366 5695 γων,
2399 5628 2754 5695 ἀσφαλίζεται
2791 5628 2953 5681 πάλιν
3001 5627 3356 5698 οἰκονομικῶς
3390 5626 3481 5681 τὸν
3511 5625 3607 5680 ἐπὶ
3632 5628 3701 5697 τῇ
3738 5616 3831 5676 πί·-

613 5798 662 5830 ⁵⁸
694 5796 735 5853 ll
764 5795 915 5856 Petr.
955 5817 996 5870 ι,
1033 5801 1085 5856 4.
1162 5801 1394 5857 "llebr.
1438 5816 1511 5869 vt,
1542 5802 1596 5855 4.
1673 5803 1715 5835 ⁸⁷
1753 5801 1987 5873 Philipp.
2039 5820 2120 5874 ιιι,

2325 5806 2370 5837 ⁸³
2410 5806 2585 5861 Gul-at.
2621 5823 2694 5874 tv,
2726 5806 2779 5862 6.
2862 5808 2903 5840 ⁸³
2942 5806 3101 5863 Jonn.
3139 5824 3188 5874 τι,
3227 5807 3313 5861 '57.
