4076 6270
250 348 345 405 νισι

1279 333 1345 390 ΙΝ
1381 330 1666 389 JOANNlS
1704 326 2159 384 EVANCELIUM
2201 327 2332 384 LIB.
2373 327 2465 384 IX.

3410 336 3524 391 262

257 482 367 519 στει
401 457 694 531 ).ὀγον.Ἦν
709 460 814 532 γάρ
839 458 902 530 δή
925 475 1074 521 τινας
1103 457 1246 520 εἰκὸς
1268 458 1369 509 οῦκ
1399 454 1574 526 ὀρθῶς
1597 452 1838 514 νοοῦντας

1958 450 2138 520 ipsum
2171 450 2357 505 dicere
2388 465 2499 504 non
2528 463 2652 527 esse
2685 464 2749 504 ex
2786 448 2878 504 Dei
2927 445 3239 506 substantia
3280 464 3531 510 sanctum

255 556 314 608 τὸ
327 553 620 628 εἰρημένον
641 550 918 622 οίήσεσθαι
949 550 1131 618 λέγειν
1150 547 1314 602 αὑτὸν
1335 548 1436 600 οὐκ
1459 548 1522 599 ὲκ
1545 545 1645 616 τῆς
1661 543 1847 608 ούσίας

256 645 393 701 εἶναι
446 646 540 699 τοῦ
597 642 730 696 Θεοῦ
770 643 831 695 τὸ
877 641 1104 711 Πνεῦμα
1143 640 1206 693 τὸ
1244 639 1423 707 ἅγιον,
1471 636 1726 706 καθάπερ
1755 631 1848 689 οῦν

257 733 398 800 ἔδοξε
431 735 537 788 τῶν
576 731 852 786 ἀσυνέτων
882 729 1182 792 τισὶν,ἁλλ“
1213 727 1400 800 ἔτερόν
1429 745 1482 780 τι
1512 727 1654 780 κατὰ
1686 725 1847 796 φύσιν

257 829 522 898 ὑπάρχειν
551 823 684 878 αὐτὸ
708 841 722 855 ο
745 822 808 876 τὸ
839 822 949 893 γὰρ
978 820 1173 874 ἄλλον
1201 821 1394 886 εἰπεῖν,
1429 819 1584 890 παρά
1619 835 1682 886 γε
1734 819 1846 881 τοῖς

252 915 649 988 ἀμαθεστέροις
699 913 956 984 τοιαύτης
1005 911 1147 974 τινὸς
1199 910 1379 973 αἰτίας
1411 908 1649 980 ἔμφασιν
1675 909 1848 960 εἰσκο-

254 1008 462 1078 μίσειεν
499 1007 584 1060 ἄν.
614 1007 735 1061 Ἵνα
775 1005 961 1059 τοίνυν
1011 1003 1257 1078 ἐπιδείξῃ
1298 1003 1483 1071 σαφῶς
1519 1003 1602 1055 ὅτι
1625 999 1715 1054 τὸν
1747 1001 1846 1071 τῆς

251 1100 572 1170 ἑτερότητος
607 1098 766 1167 λόγον
811 1097 874 1151 οὐ
917 1095 1040 1150 καθ’
1075 1095 1268 1166 ἔτερόν
1297 1112 1420 1148 τινα
1454 1092 1689 1147 νοεῖσθαι
1722 1090 1847 1162 βού-

251 1193 401 1246 λεται
431 1191 663 1263 τρόπονλ
702 1189 841 1244 ἁλλὰ
886 1186 1030 1242 κατὰ
1065 1187 1224 1258 μόνον
1275 1185 1338 1238 τὸ
1391 1185 1532 1246 ίδίως
1575 1183 1843 1253 ὑπάρχειν

251 1283 383 1338 αὐτὸ
416 1281 665 1353 (Πνεῦμα
695 1280 804 1352 γάρ
826 1319 841 1344 ,
865 1279 926 1333 τὸ
956 1277 1183 1356 Πνεῦμα
1211 1278 1305 1332 καὶ
1342 1277 1442 1346 οὐχ
1464 1275 1590 1338 Υίός
1609 1291 1623 1305 ο
1652 1273 1843 1344 ῶσπερ

250 1367 342 1427 οῦν
367 1373 519 1437 Υἱὸς,
552 1375 581 1425 ὁ
615 1372 745 1436 Υἱὸς
804 1371 900 1424 καὶ
947 1369 1068 1440 οὐχὶ
1112 1369 1344 1440 Πατὴρ),
1369 1363 1841 1434 ἀποσταλήσεσθαι

247 1465 336 1518 τὸν
386 1464 750 1536 Παράκλητον
789 1460 981 1526 εἰπὼν,
1017 1461 1178 1523 αὐτὸς
1219 1459 1368 1528 ἥξειν
1419 1455 1838 1526 ἐπαγγέλλεται,

247 1557 344 1626 οὐχ
375 1554 571 1625 ἓτερον
606 1573 660 1607 τι
691 1554 753 1607 τὸ
783 1552 1009 1624 Πνεῦμα
1046 1552 1262 1615 δεικνὺςΙ
1290 1551 1324 1620 ἢ
1361 1551 1499 1620 ὅπερ
1533 1549 1684 1602 ἐστὶν
1743 1548 1842 1601 αὒ-

246 1649 360 1710 τὺς,
406 1646 644 1717 ἐπείπερ
677 1646 823 1700 ἐστὶν
853 1647 918 1698 ἐκ
950 1643 1044 1697 τοῦ
1077 1643 1286 1714 Πατρὸς
1318 1643 1447 1695 ἴδιον
1476 1639 1704 1711 Πνεῦμα
1741 1641 1838 1694 καὶ

245 1733 419 1788 αὐτοῦ
454 1736 656 1786 νοεῖται
687 1735 780 1787 καὶ
813 1732 956 1795 Νοῦς
985 1731 1146 1785 αὑτοῦ
1175 1731 1261 1784 διὰ
1306 1729 1464 1783 τοῦτο
1497 1729 1832 1798 ὠνόμασται.

1953 541 2242 610 Spiritum,
2291 541 2455 596 sicuti
2512 542 2802 596 nonnullis
2847 541 3024 597 visum
3087 549 3172 597 est
3230 543 3530 614 imperitis,

1950 631 2048 688 sed
2088 633 2368 689 diversum
2411 633 2676 704 quiddam
2727 650 2853 690 eum
2909 633 3218 690 secundum
3271 645 3530 691 naturam

1947 725 2259 780 exsistere:
2297 740 2424 780 nam
2465 726 2613 796 quod
2645 727 2812 780 alium
2882 727 3044 793 dixit,
3081 727 3136 782 in
3177 741 3348 782 causa
3391 727 3532 782 forte

1948 816 2114 872 fuerit
2157 833 2256 871 cur
2302 817 2357 872 id
2421 819 2664 874 sentiant
2715 819 2990 889 imperiti.
3025 820 3094 876 Ut
3138 836 3270 892 ergo
3321 819 3531 892 liquido

1947 915 2286 963 monstraret
2343 909 2514 964 alium
2591 925 2622 964 a
2691 925 2752 966 se
2824 911 2932 965 dici
2996 927 3104 966 non
3179 913 3290 966 alio
3367 915 3531 967 modo

1945 1013 2110 1067 quam
2160 997 2310 1068 quod
2348 999 2465 1068 ipse
2517 1001 2738 1069 prOprie
2773 1000 3034 1054 subsistit
3065 999 3330 1073 (Spiritus
3379 1005 3528 1055 enim

1943 1098 2032 1146 est
2062 1089 2330 1160 Spiritus,
2363 1106 2428 1146 ac
2456 1106 2565 1146 non
2597 1089 2795 1156 Filius,
2820 1093 2986 1148 sicuti
3016 1092 3194 1149 Filius
3219 1103 3303 1148 est
3331 1091 3526 1156 Filius.

1944 1197 2010 1235 ac
2071 1197 2184 1236 non
2238 1181 2444 1250 Pater),
2497 1181 2730 1238 missum
2791 1183 2858 1238 iri
2907 1182 3253 1240 Paraeletum
3308 1185 3527 1253 dicens,
3602 1191 3620 1202 ‘

1944 1272 2063 1342 ipse
2093 1281 2391 1328 venturum
2427 1289 2487 1328 se
2531 1274 2848 1343 pollicetur,
2878 1290 2987 1330 non
3021 1275 3190 1330 alium
3223 1291 3252 1330 a
3288 1291 3346 1332 se
3403 1275 3530 1346 Spi-

1942 1365 2111 1418 ritum
2155 1365 2480 1430 ostendens,
2507 1367 2952 1438 quandoquidem
2991 1377 3077 1423 est
3109 1383 3172 1423 ex
3209 1367 3371 1423 Patre
3401 1383 3530 1438 pro-

1942 1457 2098 1526 prius
2115 1455 2376 1526 Spiritus,
2393 1464 2446 1512 et
2469 1457 2591 1528 ejus
2619 1473 2742 1513 esse
2767 1458 3109 1529 intelligitur,
3129 1469 3184 1516 et
3216 1459 3370 1516 Mens
3401 1461 3523 1530 ejus

1941 1547 2150 1602 idcirco
2199 1557 2284 1604 est
2323 1559 2704 1619 nuncupatus.
2735 1548 2895 1607 Unde
2925 1551 3130 1606 Paulus
3174 1551 3413 1621 idipsum
3447 1553 3526 1608 si-

1939 1638 2230 1710 gniﬁcans,
2275 1640 2356 1694 ait
2397 1659 2410 1694 :
2448 1660 2465 1692 ι
2501 1638 2612 1698 Nos
2658 1652 2842 1697 autem
2883 1639 3092 1697 Christi
3145 1659 3373 1698 sensum
3423 1643 3526 1697 ba-

1941 1730 2132 1787 bemus
2166 1731 2230 1784 “.
2272 1750 2290 1783 ι
2332 1731 2501 1788 Recte
2537 1732 2725 1802 itaque
2763 1740 2819 1789 et
2851 1733 3150 1804 inculpate
3199 1735 3524 1800 sentientes,

245 1826 357 1879 Καὶ
390 1824 529 1894 γοῦν
557 1827 586 1878 ὁ
613 1823 824 1886 Παῦλός
861 1840 1025 1892 φησιν
1061 1821 1191 1875 αὐτὸ
1229 1821 1292 1892 δὴ
1321 1818 1481 1873 τοῦτο
1512 1819 1792 1889 σημαίνων
1817 1834 1830 1848 ·

1942 1829 1996 1876 et
2029 1821 2174 1876 omni
2210 1835 2401 1878 errore
2447 1799 2686 1892 abjeeto,
2721 1799 3392 1878 sacrarum—Litterarum
3427 1799 3528 1878 do-

251 1932 270 1965 ι
323 1914 526 1985 Ἡμεῖς
556 1913 612 1967 δὲ
642 1913 766 1967 νοῦν
790 1913 1027 1984 Χριστοῦ
1060 1911 1274 1984 ἔχομεν.
1308 1931 1327 1965 ι
1359 1912 1642 1975 Συνιὲντες
1662 1911 1840 1965 τοίνυν

245 2003 425 2076 ὀρθῶς
451 2021 510 2057 τε
548 2003 642 2056 καὶ
671 2003 944 2067 ἀπλανῶς,
971 2004 1064 2057 καὶ
1095 2003 1156 2057 τὸ
1186 2002 1551 2074 ὲκτρέπεσθαί
1580 2020 1668 2056 ποι
1689 2003 1840 2074 παρὰ

245 2097 306 2150 τὸ
341 2083 516 2161 είκδς,
545 2097 622 2160 ὡς
654 2095 909 2159 ἀκαλλὲς,
941 2095 1314 2166 διωθούμενοι,
1345 2097 1441 2150 καὶ
1465 2099 1578 2159 τοῖς
1601 2097 1699 2166 τῆς
1723 2095 1839 2148 θεο-

249 2187 520 2240 πνεύστου
540 2187 764 2258 Γραφῆς
787 2187 1045 2257 ἑπόμενοι
1071 2186 1270 2255 λόγοις,
1300 2187 1481 2258 φαμὲν
1500 2188 1583 2241 ὅτι
1599 2187 1698 2258 οὐχ
1721 2187 1840 2240 ’ἐτε-

254 2279 346 2350 ρόν
377 2297 435 2333 τι
484 2280 614 2347 παρ’
642 2279 822 2344 αὐτὸν,
854 2280 978 2333 ὅσον
1019 2275 1154 2350 ἧκεν
1186 2281 1360 2332 εἰπεῖν
1401 2281 1482 2342 εἰς
1533 2279 1839 2348 ταυτότητα

255 2370 497 2442 φυσικὴν
525 2412 541 2436 ,
573 2371 912 2442 διῃρημένως
961 2388 1019 2425 τε
1059 2371 1156 2424 καὶ
1210 2371 1614 2436 ίδιοσυστάτως.
1671 2371 1840 2425 Τοῦτο

254 2461 364 2534 γὰρ
393 2503 408 2527 ,
431 2457 618 2532 οἶμαι,
653 2461 830 2524 συνεὶς
878 2463 973 2517 καὶ
999 2465 1026 2516 ὁ
1072 2461 1358 2526 θεσπέσιος
1400 2462 1611 2524 Παῦλος
1657 2481 1838 2534 παρα-

259 2554 448 2624 μίσγει
491 2553 776 2617 πολλάκις,
805 2555 898 2608 καὶ
927 2554 1004 2616 ὡς
1037 2553 1236 2608 ταυτὸν
1268 2552 1328 2607 ὃν
1357 2553 1618 2624 ἑκάτερον
1650 2553 1837 2622 sicas-

255 2663 360 2716 ρει,
399 2645 492 2699 τὸν
529 2645 879 2716 Παράκλητόν
937 2663 1079 2716 φημι
1123 2645 1216 2698 καὶ
1249 2645 1340 2698 τὸν
1387 2644 1533 2698 Υίόν.
1570 2646 1839 2718 Εὑρήσεις

249 2737 359 2807 γὰρ
391 2736 619 2804 λέγοντα
643 2752 655 2766 ·
703 2756 721 2787 ι
755 2737 816 2790 El
849 2735 905 2790 δέ
937 2753 1023 2798 τις
1050 2735 1275 2806 Πνεῦμα
1301 2735 1536 2807 Χριστοῦ
1565 2735 1667 2790 οὐκ
1702 2735 1834 2807 ἔχει,

245 2823 400 2891 οὗτος
428 2829 532 2881 οὐκ
567 2827 712 2880 ἐστιν
737 2825 958 2880 αὐτοῦ.»
982 2827 1096 2880 Καὶ
1119 2827 1282 2882 πάλιν
1301 2825 1464 2890 εὐθύς
1485 2842 1497 2855 ³
1533 2827 1596 2880 Εἰ
1621 2827 1677 2879 δὲ
1701 2828 1838 2898 Χρι⁴

245 2935 370 2980 στος
403 2921 465 2972 ἐν
504 2919 633 2989 ὑμῖν
653 2957 668 2982 ,
695 2917 758 2970 τὸ
788 2919 885 2988 μὲν
917 2917 1074 2987 σῶμα
1105 2917 1294 2989 νεκρὸν
1325 2917 1413 2970 διὰ
1447 2919 1742 2990 ἁμαρτίαν,
1777 2919 1840 2972 τὸ

243 3010 299 3062 δὲ
347 3009 579 3080 Πνεῦμα
626 3010 741 3080 ζωὴ
793 3009 882 3062 διὰ
938 3008 1308 3080 δικαιοσύνην.
1350 3028 1369 3058 ι
1419 3010 1664 3074 ’Λκούεις
1721 3010 1838 3074 πῶς

241 3101 483 3170 Χριστὸν
535 3100 681 3170 ἔχειν
733 3098 1032 3169 διαρρήδην
1061 3097 1315 3168 ὁμολογεῖ
1353 3099 1480 3162 τοὺς
1521 3097 1581 3151 τὸ
1613 3099 1835 3168 Πνεῦμα
1864 3137 1908 3194 C

239 3191 512 3254 λαϐόντας
565 3190 731 3244 αὑτοῦ
765 3209 780 3258 ;
813 3191 952 3262 Φησὶ
1003 3189 1060 3243 δὲ
1110 3191 1200 3244 καὶ
1242 3193 1301 3244 ὲν
1353 3191 1594 3262 ἑτέρως’
1630 3210 1648 3242 ι
1683 3191 1837 3244 Δοκῶ

238 3280 346 3352 γὰρ
405 3279 564 3348 κὰγὼ
599 3279 824 3348 Πνεῦμα
855 3273 1185 3350 Θεοῦὲχειν.
1228 3299 1247 3332 ι
1301 3280 1361 3334 '0
1399 3279 1457 3332 δὲ
1502 3280 1660 3334 τοῦτο
1699 3280 1837 3352 πρὸς

237 3373 389 3440 ἡμᾶς
412 3371 585 3425 εἰπών
618 3388 632 3404 ·
665 3391 683 3422 ι
713 3373 777 3424 Εἰ
805 3371 1033 3444 δοκιμὴν
1061 3374 1295 3442 ζητεῖτε,
1321 3373 1475 3443 φησὶ,
1507 3370 1600 3424 τοῦ
1627 3373 1685 3425 ἐν
1713 3371 1837 3442 ἐμοὶ

235 3460 536 3525 λαλοῦντος
564 3461 830 3530 Χριστοῦ,
875 3481 893 3514 ι
935 3463 1030 3516 καὶ
1061 3463 1190 3533 ἡμῖν
1220 3463 1280 3517 δὲ
1319 3465 1433 3528 τοῖς
1471 3462 1838 3518 πεπιστευκόη

239 3569 327 3606 σιν
378 3553 666 3622 ἐνοικῆσαι
729 3553 960 3622 Χριστὸν
1007 3553 1096 3608 διὰ
1145 3554 1245 3624 τῆς
1293 3553 1530 3618 πίστεως
1577 3554 1838 3618 πολλάκις

237 3641 587 3721 ἐπεύχεται,
622 3643 802 3694 καίτοι
845 3642 904 3696 τὸ
959 3643 1182 3714 Πνεῦμα
1226 3644 1514 3714 δεχόμενος
1552 3645 1614 3697 τὸ
1660 3647 1836 3713 ἆγιον.

240 3735 360 3786 Καὶ
397 3733 478 3802 μή
505 3749 587 3793 τις
635 3733 828 3786 οἰέσθω
865 3734 1044 3802 λέγειν
1092 3736 1242 3805 ἡμᾶς
1289 3735 1372 3787 ὅτι
1416 3735 1524 3788 τῶν
1561 3737 1840 3807 ὀνομάτων

241 3826 372 3894 ἤτοι
401 3823 514 3877 τῶν
546 3823 852 3896 προσώπων
879 3827 1091 3898 ἀναιρεῖ
1114 3825 1212 3897 τὴν
1231 3827 1312 3889 είς
1343 3826 1597 3898 ἑκάτερον
1629 3827 1836 3894 στάσιν,

239 3918 274 3988 ἢ
305 3918 394 3970 ὅτι
437 3916 530 3969 τὸν
570 3917 700 3970 Υίδν
725 3919 823 3989 οὐχ
865 3918 992 3972 Υίὸν
1025 3914 1164 3974 εἷναί
1205 3934 1390 3990 φησιν,
1423 3917 1560 3972 ἁλλὰ
1590 3919 1835 3992 Πνεῦμα,

238 4009 421 4079 ἤγουν
459 4007 522 4060 τὸ
554 4007 795 4079 Πνεῦμα,
846 4009 1070 4080 Πνεῦμα
1123 4010 1224 4082 μὲν
1255 4011 1356 4064 οὐκ
1419 4004 1577 4077 οἶδεν,
1610 4010 1740 4065 Υίὸν
1779 4011 1838 4066 δὲ

235 4097 386 4154 εἶναί
415 4116 585 4170 φησιν
607 4117 620 4131 ·
662 4100 721 4152 οὐ
745 4099 852 4172 γὰρ
893 4093 1045 4166 οὗτος
1066 4102 1130 4172 ἤν
1155 4104 1212 4155 ἐν
1246 4101 1440 4172 ἐκείνῳ
1470 4103 1691 4168 σκοπὸς,
1717 4103 1836 4157 ἀλλ’

232 4188 360 4242 οὐδὲ
390 4189 570 4252 οῦτως
595 4191 940 4260 πιστεύομεν.
965 4187 1083 4244 Οἵδε
1101 4190 1208 4262 γὰρ
1230 4191 1330 4262 τῆς
1354 4191 1516 4260 ἁγίας
1532 4191 1625 4245 καὶ
1649 4194 1838 4263 ὁμοου·

236 4283 357 4335 σίου
388 4280 626 4351 Τριάδος
651 4279 748 4351 τὴν
779 4280 1176 4352 ἀπαρίθμησιν,
1204 4284 1298 4336 καὶ
1327 4283 1433 4355 ἰδία
1459 4285 1560 4354 μὲν
1602 4285 1836 4338 ἕκαστον

233 4371 342 4425 τῶν
376 4371 797 4443 σημαινομένων
825 4375 1122 4443 ὑφεστάναι
1147 4374 1418 4429 διδάσκειο
1447 4376 1508 4428 τό
1541 4393 1604 4443 γε
1639 4375 1745 4448 μὴν
1779 4376 1837 4428 ὲν

1939 1915 2183 1966 ctrinam
2223 1924 2536 1982 sequentes,
2567 1915 2806 1970 dicimus
2847 1930 2954 1969 non
3005 1929 3132 1970 esse
3174 1914 3324 1970 aliud
3359 1914 3526 1985 quid-

1938 2003 2061 2058 dam
2095 2003 2164 2058 ab
2197 2004 2340 2074 ipso,
2393 2004 2575 2075 quoad
2625 2005 2936 2060 naturalem
2981 2005 3328 2060 identitatem
3366 2007 3523 2062 vide-

1939 2093 2091 2158 licet,
2137 2093 2474 2164 divisimque
2521 2109 2585 2150 ac
2639 2094 2896 2150 seorsim.
2948 2091 3063 2149 Iloe
3107 2094 3255 2149 enim
3303 2095 3524 2150 divinus

1938 2199 2159 2253 quoque
2209 2183 2417 2239 Paulus
2466 2183 2786 2254 intelligens
2837 2184 3034 2239 miscet
3085 2185 3434 2254 plerumque,
3469 2195 3524 2240 et

1940 2281 2237 2342 utrumque
2285 2273 2436 2328 velut
2485 2272 2739 2328 eumdem
2787 2271 3024 2340 inducit,
3054 2271 3405 2328 Paraeletum
3439 2275 3524 2330 ni-

1938 2367 2137 2420 mirum
2170 2374 2225 2420 et
2255 2364 2480 2419 Filium.
2512 2365 2771 2420 Invenies
2801 2365 3009 2437 quippe
3037 2366 3121 2422 sic
3153 2366 3468 2436 loquentem
3504 2385 3519 2424 :

1943 2473 1962 2506 ‹
2012 2453 2070 2509 Si
2100 2456 2226 2524 quis
2255 2455 2524 2526 Spiritum
2555 2453 2763 2511 Christi
2801 2471 2910 2512 non
2953 2457 3138 2523 habet,
3164 2457 3256 2514 hic
3290 2473 3400 2530 non
3437 2467 3524 2516 est

1937 2547 2076 2616 ejus.
2111 2565 2130 2598 ι
2168 2545 2232 2600 Et
2254 2547 2441 2601 statim
2467 2562 2660 2602 rursus
2691 2565 2704 2602 :
2745 2566 2762 2599 ι
2791 2545 2847 2601 Si
2875 2546 3210 2604 Christusin
3229 2547 3389 2604 vobis
3415 2558 3522 2616 est,

1938 2653 2138 2707 corpus
2180 2639 2404 2708 quidem
2461 2647 2740 2694 mortuum
2791 2645 2877 2694 est
2931 2648 3156 2710 propter
3209 2650 3519 2710 peccatum,

1937 2730 2166 2800 spiritus
2213 2743 2346 2784 vero
2395 2729 2533 2785 vivit
2592 2737 2820 2800 propter
2864 2729 3234 2800 justitiam“.
3279 2751 3300 2784 ι
3347 2732 3523 2788 Audis

1936 2837 2050 2890 quo
2095 2829 2252 2890 pacto
2287 2820 2568 2876 Christum
2603 2821 2807 2876 habere
2842 2829 3030 2890 aperte
3075 2821 3400 2893 proﬁteatur
3429 2839 3524 2878 eos

1939 2913 2031 2983 qui
2061 2911 2331 2982 Spiritum
2368 2911 2490 2980 ejus
2527 2911 2917 2984 susceperint?
2949 2913 3095 2978 Quin
3130 2922 3185 2968 et
3221 2914 3356 2969 alibi
3389 2930 3524 2985 quo-

1940 3020 2046 3074 que
2081 3006 2156 3058 ait
2190 3023 2202 3058 :
2236 3024 2254 3056 ‹
2291 3003 2431 3059 Ρυιο
2476 3017 2658 3061 autem
2709 3005 2854 3076 quod
2895 3013 2949 3060 et
2987 3005 3254 3076 Spiritum
3295 3006 3390 3064 Dei
3427 3009 3524 3063 ha-

1938 3094 2096 3150 beam
2125 3096 2190 3151 ⁸³.
2225 3113 2244 3147 ι
2279 3093 2383 3161 Qui
2412 3103 2592 3150 autem
2621 3095 2728 3150 hoc
2754 3096 2918 3151 nobis
2959 3096 3101 3152 dixit
3133 3114 3148 3153 :
3187 3115 3207 3150 ι
3242 3099 3326 3153 An
3356 3115 3521 3171 expe-

1939 3183 2236 3238 rimentum
2305 3185 2555 3254 quatritis
2627 3185 2750 3254 ejus
2815 3185 2912 3256 qui
2986 3185 3238 3256 loquitur
3309 3188 3366 3242 in
3435 3205 3524 3245 me

1939 3274 2194 3331 Christus
2227 3276 2318 3330 u?
2352 3295 2369 3327 ι
2404 3276 2549 3332 idem
2581 3286 2636 3332 et
2677 3279 2732 3332 in
2773 3279 2932 3334 nobis
2963 3278 3316 3335 credentibus
3362 3279 3524 3336 Chri-

1939 3377 2084 3422 stum
2135 3369 2449 3424 inhabitare
2497 3385 2594 3440 per
2651 3369 2812 3424 tidem
2865 3386 3009 3440 srrpe
3064 3381 3342 3442 precatur,
3391 3373 3522 3430 licet

1941 3462 2208 3532 Spiritum
2249 3470 2503 3518 sanctum
2549 3463 2806 3534 accipiat.
2839 3461 3027 3532 Neque
3055 3479 3188 3520 vero
3224 3465 3520 3536 quisquam

1939 3551 2120 3607 dicere
2153 3567 2256 3606 nos
2287 3553 2568 3607 existimet
2599 3569 2722 3608 eum
2761 3553 3050 3608 nominum
3102 3563 3197 3608 aut
3251 3571 3520 3627 persona-

1939 3659 2062 3698 rum
2103 3650 2400 3713 utrumque
2447 3651 2654 3698 statum
2687 3652 2970 3711 evertere,
3017 3653 3112 3700 aut
3155 3646 3354 3703 Filium
3408 3665 3519 3704 non

1937 3752 2062 3792 esse
2091 3734 2293 3789 Filium
2327 3735 2688 3800 contendere,
2727 3735 2823 3791 sed
2857 3734 3163 3806 Spiritum;
3196 3747 3292 3794 aut
3341 3739 3518 3810 Spiri-

1938 3833 2053 3880 tum
2091 3826 2362 3896 Spiritum
2395 3825 2616 3896 quidem
2667 3841 2778 3880 non
2825 3840 3146 3898 agnoscere,
3174 3828 3271 3884 sed
3314 3827 3516 3886 Filium

1937 3932 2062 3974 esse
2088 3919 2278 3975 dicere
2309 3937 2322 3974 :
2353 3933 2462 3972 non
2497 3918 2642 3973 enim
2679 3918 2732 3973 id
2771 3925 2890 3972 erat
2925 3919 2976 3973 ei
3031 3919 3392 3990 propositum,
3422 3938 3519 3978 nc-

1937 4025 2045 4082 que
2077 4025 2238 4081 porro
2271 4026 2372 4067 nos
2403 4011 2478 4065 ita
2525 4011 2824 4066 credimus.
2852 4009 3076 4066 Sciebat
3117 4013 3264 4066 enim
3313 4023 3518 4070 sanctae

1936 4109 1991 4158 et
2044 4085 2543 4157 consubstantialis
2589 4101 2883 4157 Trinitatis
2923 4105 3422 4170 enumerationem,
3464 4114 3518 4160 et

1938 4192 2189 4262 singulas
2213 4191 2436 4262 quidem
2476 4207 2744 4262 personas
2772 4191 2936 4246 docet
2971 4193 3026 4246 in
3060 4207 3160 4247 sua
3188 4209 3312 4250 esse
3345 4195 3514 4266 hypo-

1939 4283 2096 4347 stasi,
2125 4292 2508 4338 verumtamen
2554 4293 2802 4340 sanctam
2836 4283 3168 4340 Trinitatem
3205 4286 3263 4342 in
3311 4289 3516 4344 identi-

1939 4385 2052 4430 tate
2069 4375 2390 4431 nullatenus
2409 4376 2658 4432 variante
2686 4377 2848 4430 sitam
2874 4391 2998 4432 esse
3017 4385 3206 4447 aperte
3230 4379 3515 4449 prasdicat.

232 4460 654 4531 ἀπαραλλάκτῳ
702 4463 914 4516 κεῖσθαι
962 4465 1248 4535 ταυτότητι
1301 4465 1399 4536 τὴν
1433 4465 1593 4534 ἁγίαν
1627 4465 1834 4536 Τριάδα

1940 4468 2104 4538 813
2133 4467 2358 4535 Alioqui
2391 4463 2669 4532 quomodo
2703 4463 2946 4533 Spiritus
2985 4473 3071 4520 est
3104 4481 3168 4520 ac
3204 4470 3514 4523 nominatur

231 4551 595 4620 διακὴρύττει
623 4551 829 4620 σαφῶς.
875 4554 1028 4606 Ἐπεὶ
1059 4555 1176 4618 πῶς
1211 4555 1270 4608 τὸ
1301 4556 1530 4626 Πνεῦμα
1557 4556 1692 4620 Θεὸς
1721 4556 1838 4610 ἔστι

232 4643 330 4695 καὶ
371 4639 711 4712 ὀνομάζεται
745 4659 759 4708 ;
799 4663 817 4694 ι
849 4645 962 4697 Οὐκ
995 4645 1174 4699 οἴδατε
1207 4645 1316 4715 γὰρ
1341 4686 1354 4708 ,
1386 4648 1577 4716 φησὶν,
1606 4649 1687 4701 ὄτι
1711 4647 1838 4713 ναὸς

231 4733 368 4788 Θεοῦ
402 4735 556 4801 ἐστε,
596 4735 691 4789 καὶ
724 4733 784 4788 τὸ
811 4733 1036 4804 Πνεῦμα
1080 4736 1174 4788 τοῦ
1205 4735 1340 4789 Θεοῦ
1375 4739 1432 4790 ὲν
1461 4739 1588 4808 ὑμῖν
1617 4740 1788 4806 οίκεῖ;
1811 4757 1830 4790 ι

229 4825 291 4878 Εί
317 4825 400 4890 δὲ,
425 4825 670 4896 ἐπείπερ
697 4825 756 4878 ἐν
779 4827 913 4896 ἡμῖν
933 4827 1076 4879 οἰκεῖ
1101 4825 1163 4878 τὸ
1190 4825 1434 4895 Πνεῦμα,
1457 4829 1574 4880 ναοὶ
1601 4828 1835 4897 γεγόνα-

231 4933 331 4985 μεν
359 4915 455 4969 τοῦ
505 4914 668 4982 Θεοῦ,
702 4915 819 4978 πῶς
869 4917 968 4968 ούκ
1011 4917 1074 4968 ὲκ
1124 4915 1257 4968 Θεοῦ
1307 4917 1366 4968 τὸ
1419 4917 1662 4988 Πνεῦμα,
1685 4916 1829 4972 τοῦτ’

223 5007 400 5074 ἔστιν,
435 5009 504 5060 ὲκ
533 5007 638 5078 τῆς
687 5007 878 5073 οὐσίας
905 5006 1069 5060 αὐτοῦ
1089 5047 1101 5070 ,
1131 5007 1266 5060 Θεὸν
1288 5007 1346 5060 ἐν
1375 5009 1734 5077 ἡμῖψοίκίζον
1760 5011 1828 5065 δι’

227 5099 427 5164 ἑαυτοῦ
454 5119 468 5165 ;
502 5099 719 5153 Οὐκοῦν
751 5100 852 5153 οὐκ
879 5099 1156 5168 ἀλλότριον
1189 5099 1287 5170 τῆς
1315 5099 1449 5163 ἰδίας
1472 5100 1685 5168 φύσεως
1707 5101 1830 5154 δει-

225 5193 360 5255 κνὺς
393 5192 457 5244 τὸ
485 5189 716 5261 Πνεῦμα
748 5193 776 5244 ὁ
809 5191 1140 5260 Μονογενὴς,
1183 5191 1334 5261 παρὰ
1365 5191 1459 5244 τοῦ
1489 5192 1706 5262 Πατρὺς
1737 5195 1828 5246 ὲκ-

225 5283 554 5354 πὲμπεσθαι
584 5283 699 5344 τοῖς
737 5282 913 5350 ἁγίοις
944 5281 1112 5335 εἰπὼν
1149 5283 1238 5336 τὸν
1262 5282 1639 5354 Παράκλητον,
1669 5285 1830 5348 αὐτὸς

221 5374 377 5446 ἥξειν
435 5373 842 5442 ἐπαγγέλλεται
871 5417 884 5439 ,
923 5373 1016 5426 καὶ
1050 5374 1148 5446 τὴν
1201 5376 1406 5446 πάτρος
1460 5376 1612 5442 τάξιν
1647 5379 1828 5441 αὐτοῖς

224 5464 724 5538 ἁποπ).ηροῦν,ἱ’να
757 5465 828 5538 μὴ
865 5467 1116 5536 καθάπερ
1165 5467 1310 5528 τινες
1337 5469 1564 5538 ὀρφανοὶ
1602 5469 1700 5538 τῆς
1733 5471 1828 5522 τοῦ

223 5555 644 5631 προεστηκότος
672 5559 988 5630 ἐπικουρίας
1017 5559 1211 5630 ρημοι
1239 5559 1326 5612 διά
1359 5577 1416 5612 τε
1449 5559 1606 5612 τοῦτο
1643 5559 1825 5614 λοιπὸν

295 5735 339 5768 ⁸ο
385 5733 404 5787 Ι
443 5735 578 5791 Cor.
626 5752 696 5801 tt,
753 5735 830 5792 l6.
910 5737 948 5768 ⁶¹
993 5737 1151 5793 ilom.
1191 5755 1309 5806 vm,
1340 5736 1393 5803 9,
1433 5739 1514 5792 lt).

1597 5740 1639 5771 ⁶²
1671 5736 1689 5790 l
1727 5736 1856 5792 Cor.
1888 5753 1984 5802 vn,
2031 5738 2116 5790 sit).

1941 4555 2118 4612 Deus?
2153 4574 2172 4606 ι
2209 4555 2450 4610 Nescitis
2479 4555 2654 4616 enim,
2696 4553 2898 4622 inquit,
2943 4555 3070 4624 quia
3110 4559 3372 4626 templum
3425 4558 3515 4613 Dei

1939 4648 2094 4712 estis,
2127 4654 2184 4701 et
2234 4645 2476 4714 Spiritus
2511 4643 2605 4699 Dei
2657 4643 2871 4699 habitat
2911 4645 2966 4700 in
3002 4646 3156 4702 vobis
3181 4647 3264 4701 6’*?
3303 4667 3322 4700 ι
3361 4647 3514 4714 Quod

1940 4739 1986 4794 si
2035 4754 2102 4794 ex
2149 4754 2214 4794 eo
2262 4739 2408 4810 quod
2459 4737 2703 4809 Spiritus
2743 4737 2800 4792 in
2845 4739 3008 4795 nobis
3047 4739 3281 4804 habitat,
3319 4743 3514 4809 templa

1939 4833 2067 4886 facti
2108 4847 2300 4888 sumus
2335 4831 2450 4894 Dei,
2481 4831 2758 4902 quomodo
2791 4847 2900 4888 non
2929 4849 2997 4888 ex
3028 4832 3138 4888 Deo
3165 4831 3423 4902 Spiritus,
3463 4833 3514 4887 id

1939 4931 2022 4978 est
2053 4937 2115 4976 ex
2147 4921 2454 4977 substantia
2485 4921 2626 4991 ejus,
2657 4922 2750 4992 qui
2785 4921 2953 4978 Deum
2983 4924 3039 4976 in
3077 4923 3238 4977 nobis
3269 4921 3512 4976 habitare

1938 5013 2072 5069 facit
2115 5029 2212 5084 per
2263 5013 2563 5082 seipsum?
2603 5013 2878 5079 Quocirca
2918 5029 3026 5068 non
3083 5013 3322 5067 alienum
3355 5027 3384 5064 a
3415 5029 3512 5067 sua

1938 5115 2132 5159 natura
2164 5105 2463 5160 ostendens
2499 5104 2766 5175 Spiritum
2817 5104 3167 5176 Unigenit'us,
3219 5111 3511 5173 postquam

1937 5198 2074 5252 dixit
2108 5212 2137 5250 a
2169 5197 2330 5252 Patre
2366 5197 2513 5250 mitti
2547 5207 2798 5252 sanctum
2839 5194 3207 5258 Paracletum,
3232 5193 3348 5262 ipse
3380 5209 3510 5248 ren-

1938 5299 2121 5344 turum
2177 5305 2236 5344 se
2275 5289 2589 5360 pollicetur,
2647 5296 2700 5344 et
2753 5287 2923 5355 patris
2981 5285 3103 5338 loco
3149 5283 3216 5340 iis
3254 5284 3403 5345 fore,
3448 5301 3508 5342 nc

1936 5381 2087 5435 velut
2131 5380 2364 5448 orphani
2405 5379 2630 5449 quidam
2686 5377 2884 5430 tutoris
2935 5373 3200 5443 praesidio
3239 5374 3510 5432 destituti.

1937 5471 2144 5524 idcirco
2172 5469 2378 5524 diaboli
2429 5468 2646 5538 laqueis
2694 5470 2938 5534 pateant,
2971 5471 3024 5514 et
3059 5463 3248 5517 mundi
3280 5464 3506 5519 scandav

1940 5563 2027 5627 lis,
2065 5561 2240 5631 iisque
2283 5560 2472 5614 multis
2507 5573 2572 5612 ac
2597 5557 2742 5610 velut
2791 5551 3118 5610 necessitate
3149 5553 3384 5624 quadam
3427 5567 3504 5608 m-

2198 5736 2238 5766 δε
2276 5735 2316 5786 ll
2351 5735 2478 5790 Cor.
2517 5747 2633 5798 XIII,
2670 5731 2724 5785 5.
2805 5730 2849 5762 θλ
2885 5730 2906 5784 Ι
2941 5729 3068 5788 Cor.
3106 5745 3190 5797 Ill,
3231 5725 3318 5782 lO.
