4076 6270
559 378 666 434 Ξ).θὸ

1555 370 1610 426 S.
1652 370 1926 426 CYBILLI
1972 370 2431 427 ALEXANDle
2474 369 2794 426 ARCIIIEP.

3739 375 3851 432 9.65

560 498 911 570 gratentibus.
957 510 1067 567 pra:
1110 500 1300 549 eorum
1333 504 1361 543 a
1398 489 1603 559 quibus
1635 489 1953 544 inferuntur
1988 488 2147 545 eﬂ‘re-

2260 493 2367 554 ταῖς
2391 489 2484 543 τοῦ
2507 489 2753 542 δια6όλου
2801 486 3024 555 παγίσιν
3058 487 3343 549 εὐάλωτοι,
3376 488 3472 542 καὶ
3513 490 3628 553 τοῖς
3661 490 3716 544 ἐν
3748 492 3848 544 κό-

564 605 695 648 nato
727 594 932 647 furore.
954 594 1120 644 Arma
1150 588 1335 655 itaque
1352 593 1406 638 et
1424 584 1824 637 munimentum
1851 583 2147 637 infractum

566 686 777 741 nostris
843 681 1123 737 mentibus
1186 677 1338 731 dedit
1396 673 1558 730 Pater
1594 675 1800 729 Christi
1855 675 2147 744 Spiritum,

567 780 661 846 qui
693 774 923 845 gratiam
959 771 1083 839 ejus
1111 776 1167 823 et
1216 766 1565 835 prmsentiam
1605 776 1769 836 atque
1803 767 2061 820 virtutem
2094 767 2149 820 in

567 866 727 920 nobis
762 864 971 932 implet.
1007 859 1153 914 Fieri
1195 859 1338 913 enim
1380 857 1573 927 nequit
1601 865 1658 908 ut
1691 857 1931 911 hominis
1966 858 2149 909 anima

566 958 694 1013 boni
738 954 1040 1025 quidquam
1085 959 1233 1022 agat,
1263 958 1358 1004 aut
1388 965 1520 1004 suas
1548 948 1878 1017 cupiditates
1906 954 2147 1017 superet,

565 1053 660 1098 aut
685 1058 840 1097 acres
868 1041 1073 1094 diaboli
1111 1041 1337 1109 laqueos
1357 1038 1544 1104 evitet,
1574 1037 1677 1091 uisi
1702 1039 1878 1091 sancti
1908 1036 2151 1107 Spiritus

565 1132 739 1206 gratia
803 1134 1017 1186 inunita
1066 1133 1175 1195 sit,
1221 1134 1515 1202 ipsumque
1565 1133 1621 1185 in
1682 1133 1886 1201 seipsa,
1923 1132 2153 1202 proinde

564 1227 881 1291 Christum,
917 1224 1136 1278 habeat.
1160 1222 1317 1278 Unde
1355 1222 1569 1278 Psaltes
1600 1224 1691 1277 ille
1717 1224 1935 1278 divinus
1967 1232 2154 1295 gratu-

566 1314 767 1369 latoria
816 1314 1062 1367 carmina
1116 1328 1215 1383 pro
1259 1329 1355 1367 sua
1391 1314 1660 1383 sapientia
1714 1328 2048 1384 componens
2085 1312 2154 1366 ad

570 1408 736 1463 Deum
789 1408 1103 1461 clamabat:
1136 1425 1154 1456 ι
1192 1404 1445 1469 Domine,
1486 1414 1544 1457 ut
1580 1412 1740 1459 scuto
1779 1405 1935 1459 bonae
1963 1407 2155 1460 volun-

570 1501 698 1555 tatis
749 1511 857 1553 ture
887 1498 1170 1553 coronasti
1207 1513 1311 1552 nos
1344 1497 1410 1561 ⁸⁸,
1445 1515 1462 1546 ι
1502 1505 1719 1549 scutum
1772 1497 1930 1552 bona:
1961 1498 2153 1552 volun-

572 1595 699 1648 tatis
730 1593 876 1645 aliud
912 1591 1048 1644 nihil
1076 1605 1199 1644 essc
1233 1589 1427 1643 dicens
1447 1603 1612 1657 quam
1646 1598 2022 1659 protegentem
2052 1603 2153 1643 nos

573 1694 825 1739 sanctum
865 1683 1158 1747 Spiritum,
1189 1688 1243 1735 et
1297 1680 1608 1734 incredibili
1641 1696 1739 1735 sua
1782 1689 2051 1750 potestate
2094 1688 2153 1733 ut

569 1776 718 1846 quod
777 1776 885 1829 Deo
948 1774 1210 1844 placitum
1272 1782 1359 1827 est
1413 1773 1650 1827 velimus
1697 1774 2150 1846 .conlirmantem.

2260 600 2381 653 σμῳ
2416 581 2735 644 σκανδάλοις
2760 578 3163 650 εὐεπιχείρητοι
3189 578 3310 632 λίαν
3332 580 3699 651 εὑρίσκονται,
3722 582 3848 635 καί-

2256 691 2338 726 τοι
2379 674 2596 736 πολλοῖς
2636 669 2756 725 οὖσι
2795 671 2892 725 καὶ
2919 671 2995 734 ὡς
3041 670 3101 734 ἐξ
3127 671 3374 741 ἀνάγκης
3412 672 3732 743 ἐρχομένοις
3757 673 3846 727 διὰ

2256 765 2355 837 τὴν
2383 765 2685 818 ἀκάθεκτον
2725 763 2834 817 τῶν
2878 764 3196 831 ἐπαγόντων
3245 764 3465 833 μανίαν.
3497 765 3704 818 Ὄπλον
3752 762 3845 820 οὖν

2258 856 2367 927 ἄρα
2398 857 2493 909 καὶ
2542 855 2841 925 ἀσφάλειαν
2881 853 3102 925 ἀρῤαγῆ
3154 856 3274 917 ταῖς
3305 854 3605 925 ἡμετέραις
3643 854 3846 925 ψυχαῖς

2256 948 2487 1001 δέδωκεν
2531 948 2559 1000 ὀ
2597 948 2787 1017 Πατὴρ
2832 947 2892 999 τὸ
2931 944 3156 1016 Πνεῦμα
3204 946 3443 1016 Χριστοῦ
3472 988 3487 1012 ,
3519 947 3620 1015 τὴν
3677 948 3845 1001 αὐτοῦ

2257 1039 2419 1110 χάριν
2453 1058 2511 1092 τε
2565 1040 2660 1091 καὶ
2707 1037 3012 1109 παρουσίαν
3052 1037 3147 1089 καὶ
3188 1036 3416 1107 δύναμιν
3446 1038 3504 1091 ἐν
3530 1042 3665 1109 ημῖν
3704 1044 3842 1093 ἀπο-

2259 1130 2519 1200 πληροῦν.
2538 1131 2595 1182 Ἀ
2604 1131 2843 1201 μῆχανον
2862 1129 2968 1199 γάρ
2988 1127 3276 1199 ἀνθρώπου
3298 1130 3474 1203 ψυχὴν
3500 1135 3847 1205 κατορθῶσαί

2260 1239 2311 1274 τι
2339 1222 2447 1274 τῶν
2468 1221 2687 1289 ἀγαθῶν
2703 1263 2716 1286 ,
2732 1221 2895 1292 ἧγουν
2912 1222 3021 1276 τῶν
3040 1222 3253 1276 οἰκείων
3277 1225 3551 1294 κρατῆσαι
3585 1226 3841 1297 παθῶν,ῆ

2260 1313 2356 1384 τῆς
2372 1312 2463 1365 τοῦ
2479 1312 2724 1367 διαϐόλου
2749 1315 2979 1383 παγίδος
3001 1316 3180 1382 ὀξείας
3201 1314 3480 1387 διαδρᾶναι
3502 1316 3563 1369 τὸ
3589 1317 3839 1387 μέγεθος,

2263 1409 2339 1477 μὴ
2372 1409 2439 1477 τῇ
2478 1405 2568 1458 τοῦ
2604 1406 2761 1478 ἁγίου
2813 1407 3128 1477 Πνεύματος
3177 1406 3587 1478 τετειχισμένην
3636 1409 3839 1479 χάριτι,

2261 1499 2355 1551 καὶ
2377 1499 2547 1555 αὐτὸν
2565 1498 2795 1569 ἔχουσαν
2830 1500 2887 1551 ἐν
2916 1501 3105 1569 ἐαυτῇ
3135 1500 3224 1553 διά
3257 1500 3415 1553 τοῦτο
3440 1501 3697 1570 Χριστόν.
3734 1501 3841 1553 Καὶ

2260 1589 2389 1659 γοῦν
2418 1592 2446 1644 ὁ
2478 1589 2763 1652 θεσπέσιος
2797 1591 2927 1660 ἡμῖν
2969 1590 3222 1661 Μελῳδδς
3250 1590 3320 1644 τὰ
3345 1591 3486 1662 ύπέρ
3520 1588 3713 1644 τούτου
3741 1609 3840 1661 χα-

2263 1683 2517 1753 ριστήρια
2578 1680 2668 1735 διὰ
2711 1681 2812 1750 τῆς
2866 1682 3093 1751 ἐνούσης
3140 1682 3289 1752 αὐτῷ
3337 1682 3527 1751 σοφίας
3576 1683 3839 1745 συντιθεὶς

2261 1773 2526 1841 ἀνεφώνει
2557 1773 2691 1845 πρὸς
2747 1773 2880 1827 Θεόν
2915 1790 2927 1802 ·
2972 1793 2990 1825 r
3038 1773 3211 1844 Κύριε
3239 1814 3254 1839 ,
3286 1774 3362 1837 ὡς
3400 1773 3550 1845 ὅπλῳ
3595 1774 3836 1836 εὐδοκίας

574 1865 744 1937 Igitur
778 1864 1095 1919 adfuturum
1123 1879 1181 1919 se
1204 1870 1258 1917 et
1296 1863 1578 1933 suppetias
1604 1863 1843 1916 laturum
1878 1863 2154 1917 credenti-

2260 1865 2640 1933 ἐστεφάνωσας
2662 1865 2825 1935 ὴμᾶς·
2842 1885 2861 1917 ι
2882 1865 3046 1918 ὅπλον
3064 1865 3308 1928 εὐδοκίας
3325 1864 3478 1917 οὐδὲν
3503 1865 3690 1936 ἕτερον
3705 1859 3840 1918 εἶναι

575 1959 680 2014 bus
711 1958 764 2012 in
793 1973 852 2012 se
883 1955 1245 2010 nihilominus
1271 1955 1587 2024 pollicetur,
1606 1956 1859 2024 quamvis
1894 1955 1949 2007 in
1984 1954 2154 2009 caelos

576 2051 728 2121 ipsos
779 2057 904 2118 post
954 2047 1420 2102 resurrectionem
1480 2062 1544 2100 ex
1594 2047 1827 2101 mortuis
1869 2047 2150 2105 ascendat.

576 2149 634 2195 ut
665 2150 927 2210 appareat
958 2153 1104 2192 nunc
1137 2137 1309 2191 vultui
1343 2135 1438 2192 Dei
1468 2152 1567 2206 pro
1599 2137 1783 2204 nobis,
1816 2137 1974 2206 juxta
1998 2138 2151 2192 Pauli

569 2245 759 2286 vocem
789 2231 855 2284 “.

2261 1956 2437 2023 λέγων
2462 1956 2494 2026 ἧ
2517 1956 2575 2008 τὸ
2599 1956 2939 2026 προασπίζον
2972 1957 3003 2026 ἡ
3012 1956 3126 2026 μῶν
3158 1956 3312 2025 ἆγιον
3336 1957 3582 2024 Πνεῦμα.
3599 1956 3698 2008 καὶ
3722 1956 3840 2008 ἀδο-

2261 2049 2413 2116 κήτῳ
2461 2046 2701 2117 συνέχων
2751 2046 2862 2118 [πο.
2903 2046 3148 2118 συνέχον]
3192 2046 3337 2117 ἰσχύϊ
3386 2047 3523 2116 πρὸς
3558 2046 3621 2099 τὸ
3656 2045 3843 2099 δοκοῦν

2257 2138 2335 2208 τῷ
2364 2137 2502 2208 Θεῷ.
2540 2138 2748 2192 Οὐκοῦν
2786 2140 2868 2191 ὅτι
2896 2139 3172 2209 ’παρέσται
3203 2139 3297 2191 καὶ
3339 2137 3598 2208 βοηθήσει
3631 2138 3721 2191 διὰ
3749 2136 3840 2189 τοῦ

2258 2227 2574 2299 Πνεύματος
2620 2230 2730 2292 τοῖς
2779 2228 3129 2281 πιστεύουσιν
3158 2231 3237 2293 εἰς
3286 2230 3448 2283 αὐτὸν
3500 2229 3652 2284 οὐδὲν
3686 2226 3843 2301 ἦττον

570 2322 981 2392 ἐπαγγέλλεται,
1014 2321 1117 2375 κᾶν
1156 2323 1237 2385 είς
1276 2322 1476 2384 αὐτοὺς
1525 2320 1790 2392 ἀναϐαίνῃ
1832 2322 1957 2394 τούς
1989 2320 2272 2392 οὐρανοὺς,
2309 2321 2447 2390 μετά
2466 2320 2563 2391 τὴν
2601 2319 2665 2373 ἐκ
2726 2321 2931 2392 νεκρῶν
2967 2321 3286 2388 ἀναϐίωσιν,
3354 2321 3449 2376 νῦν
3513 2321 3841 2392 ἐμφανισθῆ-

572 2420 761 2475 σεσθαι
791 2418 868 2490 τῷ
911 2419 1187 2490 προσώπῳ
1228 2420 1321 2472 τοῦ
1357 2418 1491 2471 Θεοῦ
1526 2418 1666 2487 ὑπὲρ
1697 2418 1878 2488 ἡμῶν,
1906 2417 2046 2471 κατά
2074 2417 2173 2489 τὴν
2212 2416 2305 2469 τοῦ
2338 2416 2548 2469 Παύλου
2580 2419 2783 2487 φωνήν.

644 2512 786 2580 XIV,
860 2513 946 2567 19.
989 2513 1174 2567 Adhuc
1219 2512 1513 2577 modicum,
1564 2523 1611 2567 et
1659 2514 1889 2566 mundus
1923 2529 2003 2566 me
2042 2513 2153 2579 iam

496 2598 506 2621 '
573 2621 677 2659 non
710 2604 849 2658 videt
880 2619 897 2657 :
929 2619 1014 2656 vos
1048 2610 1224 2655 autent
1268 2602 1455 2655 videtis
1509 2618 1589 2655 me
1610 2640 1625 2666 ,
1655 2603 1780 2671 quia
1819 2604 1953 2666 vivo,
1981 2611 2031 2655 et
2065 2618 2154 2655 vos

573 2697 777 2752 vinetis.
1156 2700 1169 2710 ‘
1670 2692 1696 2703 “

645 2786 888 2840 Instante
909 2784 1023 2854 jam
1052 2782 1266 2837 foribus
1289 2783 1424 2853 ipsis
1447 2784 1730 2853 passione,
1754 2791 1807 2837 et
1830 2784 2161 2858 assumptio-

574 2877 665 2932 nis
708 2888 926 2946 tempus
955 2890 1139 2929 secum
1177 2875 1496 2938 invehente,
1530 2875 1859 2930 invisibilem
1891 2891 1951 2931 se
1996 2892 2157 2929 mun—

576 2970 648 3024 do
680 2967 795 3023 fore
825 2968 921 3031 ait,
953 2966 1058 3021 hoc
1097 2975 1183 3021 est
1217 2967 1283 3021 iis
1317 2968 1411 3038 qui
1464 2968 1798 3038 temporaria
1834 2968 1977 3022 bona
2011 2969 2155 3023 divi-

2332 2512 2460 2565 Ἔτι
2502 2512 2738 2581 μικρὸν,
2791 2512 2885 2566 καὶ
2924 2516 2958 2566 ό
3010 2513 3238 2581 κόσμος
3264 2528 3341 2581 με
3368 2511 3567 2565 οὐκέτι
3618 2510 3838 2578 θεωρεῖ·

2258 2599 2428 2669 ὑμεῖς
2454 2598 2522 2652 δὲ
2567 2600 2832 2669 θεωρεῖτέ
2868 2618 2962 2670 με,
3011 2600 3101 2653 ὅτι
3132 2600 3247 2668 ἐγὼ
3277 2598 3368 2665 ζῶ,
3404 2600 3503 2653 καὶ
3530 2599 3705 2669 ὑμεῖς
3751 2600 3841 2671 (q-

2261 2692 2467 2743 σεσθε.

2346 2781 2469 2834 Ἐπὶ
2503 2780 2694 2853 θύραις
2719 2781 2872 2845 ὄντος
2901 2781 2995 2835 τοῦ
3025 2782 3249 2848 πάθους,
3286 2784 3379 2837 καὶ
3403 2783 3492 2836 τὸν
3518 2783 3618 2853 τῆς
3655 2783 3772 2837 ἀναῖ
3790 2784 3844 2854 il}.

2262 2873 2409 2943 ψεως
2466 2875 2654 2945 καιρὸν
2711 2874 3141 2944 συνεισάγοντος,
3196 2875 3445 2938 ἄποπτος
3497 2874 3719 2929 ἔσεσθαι
3771 2875 3845 2943 τῷ

2263 2966 2454 3037 κόσμῳ
2488 2969 2640 3038 φησι,
2670 2967 2812 3020 τοῦτ’
2835 2967 2951 3021 ἐστι
2972 2971 3085 3032 τοῖς
3109 2968 3216 3021 τῶν
3247 2956 3404 3020 θείῶν
3445 2971 3844 3039 προτιμήσασιν

577 3060 664 3114 nis
688 3066 741 3112 et
769 3057 1086 3112 cmlestibus
1112 3064 1329 3111 terrena
1358 3066 1704 3128 praponunt.
1733 3060 1800 3114 Et
1820 3075 1919 3116 nos
1937 3061 2154 3132 quidem

2260 3055 2480 3126 ἀγαθῶν
2515 3057 2612 3127 τὴν
2632 3057 2738 3111 τῶν
2786 3058 3135 3129 προσκαίρων
3165 3058 3459 3111 ἀπόλαυσιν
3499 3057 3595 3111 καί
3626 3058 3735 3111 τῶν
3762 3059 3847 3111 οὐ·

577 3149 963 3220 superioribus
997 3158 1286 3218 cognatum
1340 3164 1562 3204 sensum
1611 3158 1875 3213 terentes,
1909 3167 2015 3206 non
2069 3160 2152 3208 te-

578 3257 725 3296 mere
762 3240 1009 3294 dicemus
1039 3237 1205 3294 Deum
1236 3246 1290 3293 et
1319 3237 1536 3295 Patrem
1578 3238 1920 3296 Paraclctum
1942 3284 1956 3309 ,
1981 3242 2033 3296 id
2070 3250 2151 3298 est

577 3330 841 3402 Spiritum
874 3336 1162 3395 sanctum,
1197 3328 1446 3396 dedisse,
1494 3346 1591 3400 per
1633 3330 1829 3385 Filium
1876 3333 2153 3387 nimirum.

573 3419 741 3492 814
766 3420 959 3475 Omnia
1001 3419 1206 3490 quippe
1249 3435 1346 3489 per
1377 3420 1557 3488 ipsum
1599 3435 1627 3473 a
1663 3419 1845 3477 Patre.
1883 3421 2048 3477 Venit
2078 3432 2160 3478 ta-

578 3530 699 3567 men
748 3528 857 3567 non
895 3512 949 3565 in
998 3526 1191 3565 clunes
1233 3513 1409 3566 bonos
1439 3526 1504 3566 ac
1552 3512 1728 3567 ntalos
1761 3512 2159 3582 indifferenter,

577 3604 672 3659 sed
705 3605 759 3659 in
792 3618 931 3674 quos
959 3618 1082 3659 eum
1108 3604 1296 3658 venire
1324 3603 1574 3659 decebat.
1604 3604 1882 3670 Quantum
1912 3607 2061 3660 enim
2093 3606 2162 3660 ad

576 3695 762 3751 dantis
816 3695 1313 3764 locupletissimam
1365 3703 1419 3749 et
1466 3688 1997 3753 abundantissimam
2046 3712 2163 3768 gra-

524 3787 710 3847 _tiam
758 3787 975 3845 attinet.
1010 3787 1196 3839 nullus
1240 3787 1558 3841 mortalium
1598 3790 1866 3844 remansit
1896 3803 1959 3842 ea
1998 3788 2163 3844 desti-

579 3886 736 3932 tutus
767 3895 780 3930 :
814 3897 831 3928 ι
867 3877 1156 3931 Effundam
1210 3881 1388 3945 enim,
1426 3880 1608 3950 inquit
1657 3880 1711 3933 in
1744 3883 2052 3950 prophetis,
2096 3882 2163 3937 de

581 3968 778 4039 spiritu
814 3984 937 4023 meo
967 3986 1136 4040 super
1172 3986 1392 4025 onmem
1436 3987 1661 4026 carnem
1694 3973 1759 4026 ⁸⁷.
1795 3992 1813 4025 ι
1855 3973 2162 4043 Unusquis-

581 4075 687 4129 que
720 4068 902 4112 tamen
936 4059 1039 4113 sibi
1092 4060 1194 4129 ipsi
1232 4068 1429 4115 auctor
1471 4071 1557 4116 est
1594 4061 1810 4115 fruendi
1847 4062 1975 4117 boui
2014 4064 2161 4119 illius

581 4151 855 4206 divinitus
896 4151 1031 4215 dati,
1068 4160 1163 4205 aut
1203 4167 1270 4206 eo
1313 4152 1533 4221 penitus
1558 4152 1801 4206 carendi.
1836 4152 2162 4223 Quicunque

580 4237 727 4293 enim
761 4254 857 4309 per
887 4254 1050 4293 omne
1072 4239 1363 4309 probitatis
1389 4255 1562 4310 genus
1589 4248 1822 4297 mentem
1850 4258 2005 4298 suam
2032 4260 2161 4313 pur-

582 4343 712 4400 gare
741 4328 957 4395 nolunt,
984 4329 1080 4386 sed
1114 4330 1169 4385 in
1198 4330 1386 4386 mundi
1414 4333 1572 4387 malis
1601 4332 1940 4402 volutantur,
1974 4336 2159 4391 divina

581 4420 758 4489 gratia
793 4420 951 4474 vacui
996 4421 1382 4488 remanebunt,
1430 4438 1541 4478 non
1574 4425 1848 4480 videbunt‘
1880 4426 2158 4483 Christum

581 4513 639 4566 in
677 4511 899 4582 seipsis,
937 4511 1260 4567 destitutum
1294 4512 1504 4583 Spiritu
1536 4529 1635 4569 cor
1676 4515 1958 4574 habentes.
1990 4516 2159 4573 idcir-

520 4610 527 4615 '
579 4618 646 4658 co
678 4612 734 4659 et
762 4603 1139 4674 orphanorum
1190 4604 1367 4659 instar
1420 4606 1692 4676 cujusvis,
1741 4617 1800 4663 ut
1837 4609 1911 4663 ita
1951 4610 2151 4676 dicam,

2265 3148 2465 3219 ρανίων
2491 3148 2559 3202 τά
2592 3150 2809 3218 ἐπίγεια
2839 3150 3183 3220 ποιουμένοις
3209 3152 3265 3203 ἐν
3296 3150 3563 3220 ἀμείνοσι.
3606 3150 3719 3203 Καὶ
3736 3152 3849 3213 τοῖς

2266 3240 2364 3311 μὲν
2386 3240 2485 3312 ήδη
2512 3241 2929 3312 προειρημένοις
2965 3242 3200 3311 ἀδελφήν
3230 3258 3289 3293 τε
3311 3242 3404 3294 κα)⁵
3428 3241 3726 3312 σύνδρομον
3751 3242 3847 3311 τὴν

2268 3330 2506 3383 διάνοιαν
2553 3330 2948 3399 ἐξυφαίνοντες,
2979 3330 3209 3402 ἐροῦμεν
3234 3331 3468 3399 εὐλόγως
3501 3332 3583 3385 ὅτι
3610 3332 3702 3385 τὸν
3751 3332 3847 3401 μὲν

2264 3422 2639 3493 Παράκλητον,
2667 3422 2811 3476 τοῦτ’
2842 3422 2957 3474 ἐστι
2982 3422 3041 3475 τὸ
3076 3422 3300 3491 Πνεῦμα
3331 3424 3391 3475 τὸ
3418 3423 3593 3492 ἅγιον,
3618 3423 3850 3477 δέδωκεν

2264 3513 2292 3565 ὁ
2357 3513 2491 3576 Θεὸς
2558 3514 2653 3566 καλ⁵
2723 3513 2933 3584 Πατὴρ,
3001 3513 3069 3567 δι’
3128 3514 3257 3566 Υἱοῦ
3321 3515 3582 3584 δηλονότι.
3666 3517 3848 3570 Πάντα

2264 3604 2372 3677 γάρ
2400 3604 2466 3658 δι’
2502 3605 2669 3659 αὐτοῦ
2718 3605 3146 3678 παράβΠατρός.
3204 3607 3458 3678 Ἐλήλυθέ
3499 3625 3563 3676 γε
3605 3608 3715 3679 μὴν
3750 3609 3849 3662 οὐκ

2265 3698 2359 3751 ἐπὶ
2409 3696 2617 3762 πάντας
2666 3698 2993 3770 ἀδιακρίτως
3049 3701 3320 3771 πονηρούς
3339 3718 3398 3753 τε
3444 3702 3539 3754 καὶ
3585 3700 3851 3770 ἀγαθοὺς,

2263 3788 2377 3841 ἀλλ’
2408 3790 2492 3858 ἐφ’
2523 3789 2616 3854 οὒς
2657 3785 2725 3860 ἦν
2751 3789 2901 3861 αὐτῷ
2944 3789 3243 3860 βαδιεῖσθαι
3281 3791 3512 3862 πρέπον.
3547 3792 3716 3846 Ὅσον
3754 3792 3851 3861 μὲν

2264 3884 2371 3956 γὰρ
2411 3879 2545 3956 ἧκεν
2578 3886 2658 3948 είς
2689 3884 2787 3957 τὴν
2822 3884 2915 3937 τοῦ
2946 3883 3178 3948 διδόντος
3207 3885 3619 3954 πλουσιωτάτην
3654 3904 3716 3939 τε
3759 3886 3848 3939 καὶ

2264 3972 2493 4042 ἄφθονον
2551 3973 2729 4044 χάριν,
2790 3973 2966 4037 οὐδεὶς
3015 3973 3226 4045 ἔμεινεν
3279 3975 3545 4046 ἀμέτοχος
3595 3975 3708 4031 τῶν
3760 3975 3847 4027 ἐπὶ⁴

2262 4065 2363 4135 τῆς
2389 4066 2512 4135 γῆς·
2536 4085 2554 4118 ι
2578 4066 2781 4137 Ἐκχεῶ
2805 4070 2913 4139 γάρ
2934 4107 2949 4131 ,
2982 4068 3147 4138 φησὶν
3178 4069 3235 4121 ἐν
3259 4069 3586 4139 προφήταις,
3616 4070 3728 4122 ἀπὸ
3758 4069 3847 4122 τοῦ

2264 4154 2571 4225 πνεύματός
2613 4172 2713 4226 μου
2743 4158 2833 4210 ἐπὶ
2863 4159 3042 4211 πᾶσαν
3078 4158 3276 4230 σάρκα·
3317 4178 3335 4209 ι
3383 4159 3616 4223 ἕκαστός
3642 4179 3708 4230 γε
3746 4163 3849 4232 μὴν

2264 4245 2441 4316 ἐαυτῷ
2465 4248 2755 4318 παραίτιος
2785 4250 2989 4317 γίνεται
3018 4251 3111 4304 τοῦ
3142 4251 3440 4321 κεκτῆσθαι
3475 4252 3537 4305 τὸ
3573 4252 3848 4305 θεόσδοτον

2263 4336 2485 4405 ἀγαθὸν,
2515 4338 2547 4410 ἢ
2580 4339 2674 4391 καὶ
2704 4339 2948 4409 μηδόλως
2993 4340 3153 4395 ἑλεῖν.
3186 4343 3249 4394 Οἱ
3282 4341 3380 4412 μὲν
3411 4342 3520 4413 γὰρ
3551 4342 3643 4395 διά
3670 4345 3849 4414 πάσης

2262 4429 2559 4491 ἐπιεικείας
2600 4429 2690 4483 τὸν
2751 4430 2951 4484 οίκεῖον
3013 4432 3477 4502 ἀποκαθαίροντες
3522 4434 3649 4488 νοῦν
3688 4436 3846 4489 οὐδα-

2265 4509 2402 4591 μῶς,
2465 4521 2966 4592 ἐμφιλοχωροῦντες
2999 4522 3056 4576 δὲ
3110 4523 3230 4579 λίαν
3259 4527 3373 4587 τοῖς
3412 4525 3471 4577 ἐν
3528 4525 3721 4596 κόσμῳ
3753 4543 3847 4578 κα-

2263 4614 2397 4674 κοῖς,
2446 4611 2703 4682 άμέτοχοι
2750 4613 2849 4683 τῆς
2897 4612 3045 4677 θείας
3089 4614 3423 4684 ἀπομενοῦσι
3467 4614 3710 4686 χάριτος,
3749 4614 3872 4669 οὐχ’

578 4672 917 4749 immanitate
951 4693 1321 4765 abripiuntur,
1356 4672 1795 4767 perturbatione,
1825 4709 1921 4755 aut
1955 4672 2149 4757 diemo;

2261 4672 2500 4770 ὄψονται.
2528 4672 2759 4773 Χρίστὸν
2890 4672 3120 4769 ἑαυτοῖς,
3158 4672 3373 4776 ἐρήμην
3407 4672 3501 4759 τοῦ
3531 4672 3845 4777 Πνεύϋματος

577 4800 684 4849 ne,
732 4784 849 4839 sive
886 4784 991 4837 alia
1041 4783 1278 4855 quadam
1332 4787 1613 4843 mundana
1680 4790 1999 4860 cupiditate,
2062 4801 2159 4847 aut

574 4873 773 4946 quavis
800 4888 862 4928 re
892 4872 1147 4929 trahente
1175 4875 1582 4944 quodammodo
1611 4887 1665 4934 et
1692 4880 1741 4932 vi
1768 4880 1837 4935 ad
1868 4890 2155 4951 peccatum

576 4963 912 5034 impellente.
962 4961 1163 5019 Verum
1207 4966 1415 5021 sanctis
1448 4973 1503 5021 et
1538 4967 1604 5021 ad
1657 4984 1785 5024 eum
1837 4970 2155 5039 suscipien-

576 5056 705 5111 dum
754 5058 963 5126 paratis
988 5057 1131 5128 .jure
1185 5058 1384 5124 aiebat,
1424 5075 1549 5114 cum
1582 5061 1719 5116 nihil
1751 5062 1981 5117 istorum
2030 5077 2153 5132 per-

576 5146 791 5216 pessuri
824 5157 1012 5202 essent
1045 5166 1057 5202 :
1092 5165 1111 5197 ‹
1164 5145 1283 5203 Non
1331 5150 1637 5220 relinquam
1684 5167 1781 5208 vos
1831 5154 2151 5222 orphanos;

580 5237 798 5292 veniam
847 5237 915 5292 ad
947 5253 1048 5293 vos
1076 5238 1143 5290 “.
1185 5257 1203 5290 ι
1240 5238 1411 5308 Igitur
1459 5241 1790 5301 invisibilem
1826 5245 2050 5315 quidem
2097 5254 2152 5300 et

575 5329 1064 5399 inconspicabilem
1097 5331 1167 5385 iis
1199 5332 1293 5403 qui
1342 5348 1464 5404 quae
1509 5337 1697 5390 mundi
1753 5348 1882 5391 sunt
1930 5339 2151 5408 sapiunt

590 5419 709 5475 fore
742 5435 802 5475 se
835 5421 1043 5492 inquit,
1077 5432 1367 5495 postquam
1415 5426 1541 5481 hinc
1591 5429 1937 5498 migraverit,
1970 5430 2023 5484 id
2067 5438 2151 5485 est

575 5520 861 5582 postquam
898 5512 952 5567 in
982 5516 1150 5570 cmlos
1176 5517 1425 5572 redierit.
1480 5517 1585 5575 Sed
1622 5522 1890 5576 visibilem
1936 5523 2145 5579 sanctis

574 5603 852 5657 inventum
886 5603 951 5659 iri
984 5605 1078 5671 ait,
1109 5606 1353 5663 divinum
1378 5611 1670 5680 'quemdam
1712 5622 1763 5666 et
1798 5613 2145 5667 intellectua-

2259 4794 2476 4864 ἔχοντες
2503 4794 2599 4865 τὴν
2621 4795 2867 4866 καρδίαν.
2893 4797 2992 4850 Διά
3008 4814 3090 4850 τοι
3113 4797 3273 4850 τοῦτο
3303 4798 3396 4850 καὶ
3425 4800 3483 4852 ἐν
3509 4798 3661 4863 τάξει
3684 4816 3847 4868 γεγο-

2258 4882 2408 4944 νότες
2436 4882 2514 4953 τῷ
2568 4886 2842 4956 προστάτῃ
2873 4886 2981 4938 τῶν
3011 4886 3281 4957 ὀρφανῶν,
3341 4888 3445 4940 ὐπὸ
3500 4887 3722 4953 παντὸς,
3770 4889 3847 4953 ὠς

2257 4974 2388 5038 ἔπος
2432 4974 2627 5040 εἰπεῖν,
2668 4974 3058 5046 διαρπάζονται
3103 4977 3197 5031 τοῦ
3233 4978 3578 5033 πλεονεκτεῖν
3635 4981 3844 5052 ἰσχύον-

2256 5082 2368 5131 τος,
2404 5065 2437 5136 ἢ
2480 5065 2706 5132 πάθους,
2750 5067 2783 5136 ἢ
2814 5067 3293 5141 δαίμονος,,ἦγουν
3326 5070 3519 5143 ἐτέρας
3545 5074 3690 5137 τινὸς
3723 5074 3843 5126 ἐπιε-

2255 5156 2453 5228 θῠμίας
2509 5160 2796 5229 κοσμικῆς,
2852 5161 2945 5213 καὶ
3008 5160 3207 5224 παντὸς
3264 5164 3592 5235 πράγματος
3648 5164 3842 5218 καθέλ-

2253 5269 2437 5315 κοντος
2476 5250 2664 5323 ῶσπερ
2710 5252 2802 5304 καὶ
2833 5251 3154 5323 βιαζομένου
3187 5256 3323 5326 πρὸς
3372 5258 3672 5328 ἁμαρτίαν.
3718 5258 3839 5321 Τοῖς

2253 5360 2317 5412 γε
2353 5344 2458 5414 μὴν
2516 5345 2682 5407 όσίοις
2712 5343 2806 5397 καὶ
2837 5346 3159 5416 ἐπιτηδείως
3186 5347 3399 5417 ἔχουσιν
3431 5350 3512 5410 είς
3553 5348 3616 5401 τὸ
3659 5348 3838 5402 λαϐεῖν

2253 5433 2415 5486 αὐτὸν
2445 5435 2667 5497 εἰκότως
2697 5434 2954 5503 ἔφασκεν,
2986 5435 3176 5503 ἐπειδὴ
3205 5435 3408 5489 τούτων
3452 5435 3682 5507 ἔμελλον
3712 5439 3837 5491 ὐποο

2259 5525 2438 5595 μένειν
2468 5524 2640 5577 οὐδέν·
2685 5544 2703 5576 ι
2740 5525 2854 5578 Οὐκ
2882 5527 3080 5596 ἀφήσω
3114 5526 3257 5595 ὑμᾶς
3285 5526 3579 5597 ὀρφανοὺς,
3612 5528 3838 5600 ἔρχομαι

2255 5615 2391 5684 πρὸς
2415 5616 2577 5684 ὑμᾶς.
2630 5634 2649 5668 ι
2678 5615 2887 5670 Οὐκοῦν
2926 5617 3167 5681 ἄποπτος
3201 5617 3301 5687 μὲν
3344 5618 3438 5671 καὶ
3466 5618 3704 5685 ἀθέατος
3751 5638 3843 5674 κο-

638 5778 683 5809 ⁶⁹
714 5777 862 5836 Psal.
898 5797 948 5849 ν,
986 5782 1069 5839 13.
1147 5784 1192 5817 ⁶⁶
1236 5783 1401 5841 Hebr.
1438 5803 1514 5851 ix,
1556 5788 1644 5842 9.4.
1721 5790 1763 5820 ⁸⁷
1808 5788 2019 5857 JoeLII,
2057 5790 2144 5845 18.

2260 5789 2269 5821 ³
2341 5790 2500 5847 Joan.
2552 5809 2703 5862 xvm,
2750 5795 2833 5849 Η.
