4076 6270
350 318 463 377 265

1383 313 1448 367 ΙΝ
1476 313 1766 372 ,ιοΑΝΝιε
1808 314 2260 372 EVANGELIUM
2297 313 2425 371 LIB.
2462 315 2554 371 1X.

3498 322 3604 378 266

353 433 486 507 μιδῇ
545 433 659 495 τοῖς
711 431 778 485 τά
822 431 881 484 ὲν
924 430 1111 502 κόσμῳ
1149 429 1406 501 φρονοῦσι
1452 431 1785 504 χρηματίσαι
1830 446 1921 501 φη·

2036 427 2140 483 lem
2168 427 2433 498 fulgorem
2461 442 2650 483 eorum
2687 428 2873 485 cordis
2907 430 3083 486 oculis
3113 429 3437 488 infundeute
3476 448 3607 490 san.

352 526 431 590 al,
466 524 604 596 μετά
646 522 741 593 τὴν
771 521 1017 576 ἐντεῦθεν
1067 522 1401 594 ἀποδημίαν,
1431 524 1575 595 φημὶ
1615 523 1681 595 δὴ
1712 522 1809 593 τήν
1845 524 1927 585 είς

351 618 612 689 οὐρανοὺς
655 614 1024 685 ἀναφοίτησιν.
1066 614 1291 686 Ὀρατὸς
1331 613 1389 669 δὲ
1422 617 1535 678 τοῖς
1560 615 1737 684 ἁγίοις
1769 610 1926 684 εὐρε-

355 708 611 780 θήσεσθαι
644 707 809 777 λέγει,
841 706 992 761 θείαν
1023 705 1085 760 τέ
1111 722 1233 760 τινα
1258 708 1352 761 καὶ
1376 706 1573 778 νοητὴν
1628 707 1928 770 ἐντιθέντος

356 801 718 872 μαρμαρυγὴν
754 801 871 862 τοῖς
911 799 1010 868 τῆς
1042 798 1268 870 καρδίας
1305 799 1483 852 αὐτῶν
1511 798 1809 868 ὀφθαλμοῖς
1831 796 1926 850 τοῦ

349 889 500 958 ἁγίου
522 888 660 943 Πνεύ
668 906 837 960 ματος
858 890 956 943 καὶ
978 890 1159 944 πᾶσαν
1174 889 1382 960 εἴδησιν
1407 890 1781 960 ὲνσπείροντος
1795 891 1930 959 ἀγα-

347 980 466 1053 θήν.
500 981 572 1035 Ἢ
598 981 710 1053 γάρ
737 980 912 1045 οὕτως
940 981 1103 1034 αὐτὸν
1122 980 1423 1052 οἰησόμεθα
1442 981 1623 1049 λέγειν
1649 981 1731 1045 τὸ,
1759 1001 1778 1032 ι
1807 980 1926 1035 Ἐτι

346 1072 565 1143 μικρὸν,
599 1073 692 1126 καὶ
710 1074 739 1126 ό
758 1072 962 1143 κόσμος
981 1087 1050 1143 με
1071 1070 1253 1125 οὐκέτι
1283 1072 1497 1142 θεωρεῖ,
1530 1072 1684 1143 ὑμεῖς
1711 1072 1768 1127 δὲ
1791 1071 1925 1125 θεω-

347 1160 493 1232 ρείτέ
545 1177 632 1231 με’
684 1181 705 1214 ι
762 1161 930 1232 ἧγουν
966 1161 1053 1231 ἐφ’
1097 1161 1291 1231 ἑτέραν
1332 1160 1455 1215 τινά
1510 1162 1926 1233 παρακλίνοντες

345 1252 619 1323 θεωρίαν,
674 1251 890 1322 μάλισθ’
936 1253 1017 1306 ὅτι
1073 1252 1473 1324 προσπλέκεται
1526 1254 1639 1317 τοῖς
1696 1254 1925 1325 εἰρημέ-

345 1359 454 1407 νοις
478 1344 607 1415 παρ’
634 1342 800 1398 αὐτοῦ
845 1344 925 1410 τὸ,
965 1364 984 1396 ι
1013 1344 1136 1398 Ὅτι
1166 1342 1277 1412 ἐγὼ
1324 1342 1420 1409 ζῶ,
1456 1343 1550 1397 καὶ
1583 1343 1738 1414 ὑμεῖς
1767 1345 1927 1414 ζήσε-

347 1435 463 1502 σθε,
485 1455 504 1487 ι
527 1435 852 1506 λογιζόμεθά
870 1453 922 1489 τι
944 1434 1201 1489 τοιοῦτον.
1216 1436 1369 1489 Μετά
1385 1435 1492 1506 γὰρ
1506 1435 1605 1507 τὴν
1629 1437 1695 1489 ὲκ
1715 1436 1926 1508 νεκρῶν

344 1526 663 1589 ἀναϐίωσιν,
711 1524 1058 1596 κατορθώσας
1101 1527 1169 1596 τῇ
1221 1525 1462 1597 ἡμετέρα
1507 1524 1666 1594 φύσει
1700 1526 1800 1596 τὴν
1845 1527 1927 1588 εἰς

343 1617 482 1688 ὅπερ
527 1613 595 1688 ἦν
632 1616 693 1682 ἐξ
728 1617 901 1688 ἀρχῆς
928 1617 1329 1688 ὲπαναδρομὴν,
1388 1616 1481 1670 καὶ
1508 1616 1798 1683 ἀποδείξας
1835 1616 1927 1670 τὸν

344 1708 633 1779 ἄνθρωπον
665 1706 959 1780 ἄφθαρτον,
986 1707 1062 1772 ὼς
1099 1709 1155 1762 ὲν
1187 1708 1433 1778 ἀπαρχῇ,
1469 1708 1564 1762 καὶ
1608 1707 1811 1780 πρώτῳ
1846 1707 1926 1779 τῷ

2029 524 2119 572 cto
2165 516 2393 588 Spiritu,
2423 533 2750 589 omnemque
2795 520 2996 575 bonam
3037 523 3408 594 cognitionem
3460 525 3605 581 inse-

2028 616 2205 663 rente.
2237 607 2331 662 Vel
2366 609 2515 663 enim
2563 608 2747 665 dicere
2795 611 2977 681 ipsum
3040 612 3358 682 putabimus
3409 614 3545 670 illud
3589 634 3603 671 :

2034 713 2052 746 ι
2089 695 2282 749 Adhuc
2310 696 2607 764 modicum,
2640 704 2697 752 et
2727 700 2966 754 mundus
2998 715 3085 756 me
3118 700 3232 770 jam
3270 717 3382 756 non
3411 702 3559 757 videt
3589 721 3603 757 :

2028 802 2125 841 vos
2147 795 2327 841 autem
2353 786 2551 842 videtis
2599 803 2719 855 me;
2754 807 2773 840 ι
2808 801 2901 844 aut
2935 800 3086 847 certe
3115 793 3184 847 ad
3220 794 3382 848 aliam
3411 810 3607 865 quam.

2026 876 2152 931 dam
2184 878 2624 934 observationem
2660 882 2937 949 conversi,
2985 884 3221 940 maxime
3265 886 3413 955 quod
3458 888 3604 943 istud

2026 969 2461 1037 praecedentibus
2498 970 2838 1041 adjungitur,
2876 993 2895 1024 ι
2938 974 3080 1040 Quia
3113 990 3218 1045 ego
3244 978 3392 1043 vivo,
3423 986 3478 1033 et
3505 994 3606 1035 vos

2026 1058 2295 1124 vivetis,»
2364 1059 2678 1114 istiusmodi
2733 1060 2996 1130 quiddam
3055 1063 3242 1117 animo
3299 1079 3607 1122 versamus.

2025 1146 2232 1219 Nempe
2260 1156 2385 1219 post
2413 1149 2880 1205 resurrectionem
2910 1166 2975 1205 ex
3011 1152 3242 1207 mortuis
3266 1162 3521 1208 revocata
3550 1155 3606 1209 in

2026 1238 2321 1310 pristinum
2354 1247 2559 1295 statum
2588 1249 2777 1297 nostra
2816 1245 3034 1304 natura,
3066 1252 3122 1296 et
3160 1242 3381 1300 homine
3409 1259 3605 1300 corru-

2025 1333 2213 1400 ptione
2239 1330 2492 1393 liberato,
2536 1342 2596 1387 ut
2625 1333 2681 1387 in
2728 1332 2989 1403 primitiis
3020 1342 3075 1388 et
3104 1333 3283 1403 primo
3313 1349 3417 1390 suo
3467 1344 3607 1391 tem-

2025 1421 2136 1490 plo,
2169 1422 2418 1477 ascendit
2455 1424 2523 1478 ad
2561 1424 2779 1479 Patrem
2811 1423 2980 1479 Deum
3028 1426 3122 1496 qui
3153 1427 3210 1480 in
3252 1426 3412 1482 cmlis
3443 1444 3458 1494 ;
3504 1429 3602 1483 sed

2023 1521 2219 1568 exacto
2246 1514 2463 1569 modico
2495 1515 2764 1585 temporis
2794 1516 3085 1572 intervallo
3136 1517 3436 1574 descendet
3488 1535 3608 1574 rur-

2026 1618 2146 1668 sus,
2192 1612 2253 1659 ut
2294 1605 2598 1670 credimus,
2648 1622 2714 1660 ac
2745 1615 3053 1662 revertetur
3081 1607 3265 1663 denuo
3297 1608 3365 1663 ad
3396 1623 3499 1664 nos
3548 1610 3605 1663 in

2027 1696 2201 1767 gloria
2229 1695 2411 1753 Patris
2446 1698 2554 1764 sui,
2593 1713 2719 1753 cum
2750 1699 2960 1755 sanctis
3001 1700 3235 1770 angelis,
3261 1710 3315 1756 et
3341 1710 3606 1770 proponet

348 1796 466 1867 ἰδίῳ
492 1796 624 1868 ναῷ,
669 1798 834 1868 ἀνέϐη
866 1798 999 1869 πρὸς
1041 1798 1131 1852 τὸν
1177 1799 1235 1852 ὲν
1263 1802 1371 1862 τοῖς
1420 1799 1669 1869 οὐρανοῖς
1704 1798 1921 1869 Πατέρα

2024 1791 2247 1863 quidem
2285 1791 2543 1846 omnibus
2573 1791 2914 1847 tremendum
2964 1790 3232 1856 tribunal,
3265 1806 3389 1846 cum
3419 1792 3604 1856 malis,

342 1887 497 1941 Θεόνο
538 1886 654 1941 ἀλλ’
694 1887 870 1957 ὀλίγον
918 1887 1118 1958 μεταξὺ
1159 1886 1471 1952 διατελέσας
1496 1887 1717 1959 χρόνον,
1760 1902 1930 1940 κατα-

342 1976 572 2048 ϐήσεται
616 1976 800 2039 πάλιν,
840 1976 1088 2047 καθάπερ
1130 1975 1482 2047 πιστεύομεν,
1523 1975 1616 2029 καὶ
1671 1972 1927 2045 ἐπανήξει

341 2058 506 2120 πάλιν
564 2067 702 2138 πρὸς
746 2066 895 2137 ἡμᾶς
945 2066 1002 2118 ὲν
1046 2067 1113 2136 τῇ
1161 2064 1289 2138 δόξῃ
1339 2063 1434 2118 τοῦ
1479 2063 1695 2135 Πατρὸς
1740 2061 1926 2128 αὐτοῦ,

347 2158 484 2228 μετά
509 2133 620 2210 τῶν
666 2133 837 2225 ἁγίων
890 2133 1140 2226 ἀγγέλων
1166 2195 1181 2221 ,
1209 2133 1305 2210 ,ἒᾶι
1332 2133 1723 2226 προθήσειγμὲν
1754 2153 1927 2207 ἀπασι

343 2248 407 2301 τὸ
454 2247 884 2317 φρικωδέστατον
940 2246 1094 2317 βῆμα
1138 2248 1394 2317 πονηροῖς
1422 2261 1484 2299 τε
1535 2244 1630 2298 καὶ
1681 2243 1924 2312 ἀγαθοῖς.

347 2339 576 2409 Σύμπαν
607 2336 712 2409 γάρ
734 2337 852 2407 ἥξει
882 2338 941 2391 τὸ
975 2338 1197 2408 ποιηθὲν
1230 2338 1311 2400 είς
1332 2336 1536 2407 κρίσιν·
1565 2334 1843 2404 ἀναλόγως
1869 2335 1928 2389 δὲ

347 2433 460 2494 τοῖς
518 2430 729 2501 ἑκάστῳ
783 2430 1129 2502 βεϐιωμένοις
1175 2429 1458 2491 ἀποδιδοὺς
1505 2428 1576 2482 τά
1625 2425 1924 2499 πρέποντα,

349 2525 463 2586 τοῖς
488 2522 584 2593 μὲν
611 2520 671 2587 te
693 2522 977 2593 εὐωνύμων
1008 2523 1144 2594 ἐρεῖ,
1174 2521 1317 2575 τοῦτ’
1357 2519 1472 2573 ἔστι
1500 2522 1627 2584 τοῖςι
1656 2519 1726 2573 τά
1745 2520 1801 2572 ὲν
1829 2517 1926 2573 κό-

352 2627 476 2684 σμῳ
530 2613 890 2685 πεφρονηκόσι
912 2614 1061 2667 ποτέο
1101 2631 1120 2665 ι
1155 2610 1458 2684 Πορεύεσθε
1476 2611 1572 2665 ἀπ’
1602 2608 1759 2682 ἐμοῦ,
1794 2627 1930 2665 κατ-

346 2705 628 2776 ηραμένοι,
684 2707 764 2769 είς
808 2706 870 2759 τὸ
902 2706 1013 2777 πῦρ
1042 2706 1105 2761 τὸ
1137 2704 1375 2772 αἰώνιον,
1431 2705 1493 2759 τὸ
1529 2701 1929 2775 ἡτοιμασμένον

343 2796 423 2867 τῷ
468 2795 696 2868 διαϐόλῳ
724 2799 819 2852 καὶ
863 2801 977 2862 τοῖς
1026 2798 1276 2868 ἀγγέλοις
1319 2794 1482 2851 αὐτοῦ
1502 2815 1513 2827 -
1537 2816 1556 2847 ι
1588 2797 1701 2859 τοῖς
1725 2811 1789 2864 γε
1825 2792 1932 2865 μὴν

343 2888 407 2942 ὲκ
433 2887 644 2955 δεξιῶν,
674 2888 815 2942 τοῦτ’
843 2888 960 2944 ἐστι
994 2891 1103 2953 τοῖς
1139 2889 1305 2952 ὁσίοις
1334 2888 1427 2942 καλ⁵
1468 2885 1713 2956 ἀγαθοῖς·
1748 2904 1767 2938 ι
1796 2882 1933 2938 Δεῦ-

341 2992 421 3039 τε,
449 2978 499 3029 οί
546 2977 900 3049 εὐλογημένοι
925 2978 1018 3032 τοῦ
1072 2979 1285 3050 Πατρός
1319 2995 1441 3049 μου,
1488 2976 1934 3050 κληρονομήσατε

2028 1892 2146 1938 tum
2183 1883 2365 1938 bonis.
2398 1881 2611 1937 Cuncta
2652 1882 2799 1938 enim
2829 1890 3083 1939 creatura
3120 1883 3175 1937 in
3207 1882 3478 1952 judicium
3510 1899 3604 1939 ve-

2029 1972 2143 2027 niet
2182 1987 2197 2024 :
2227 1979 2284 2027 et
2322 1985 2422 2043 pro
2457 1972 2584 2026 vitae
2609 1971 2881 2041 cujusque
2927 1972 3128 2027 merito
3166 1987 3289 2043 qua!
3318 1972 3477 2028 decet
3508 1987 3600 2028 re-

2027 2061 2298 2127 tribuens,
2335 2063 2406 2119 iis
2455 2063 2548 2132 qui
2594 2078 2626 2117 a
2657 2062 2903 2119 sinistris
2951 2070 3134 2129 erunt,
3188 2064 3243 2118 id
3286 2073 3372 2119 est
3409 2064 3478 2119 iis
3509 2066 3605 2134 qui

2028 2153 2304 2207 mundana
2333 2152 2613 2223 quondam
2649 2153 2936 2222 sapuerint
2973 2151 3120 2209 dicet
3149 2171 3162 2207 :
3212 2171 3231 2204 ι
3268 2152 3544 2221 Discedite
3573 2167 3603 2205 a

2028 2259 2136 2311 me,
2176 2243 2488 2310 maledicti,
2527 2243 2693 2316 815
2724 2244 2780 2299 in
2817 2245 2997 2315 ignem
3040 2252 3331 2308 internum,
3382 2243 3476 2313 qui
3509 2258 3603 2313 pa-

2027 2344 2182 2392 ratus
2218 2342 2304 2391 est
2357 2336 2578 2393 diabolo
2624 2345 2678 2392 et
2710 2336 2919 2407 angelis
2950 2335 3074 2406 ejus
3099 2335 3176 2403 ⁶⁰;
3230 2356 3248 2386 ι
3311 2335 3379 2391 iis
3418 2345 3601 2390 autem

2027 2428 2191 2498 quia
2232 2426 2443 2484 dextris
2492 2436 2693 2491 erunt,
2753 2427 2809 2482 id
2864 2434 2951 2482 est
3000 2428 3212 2483 sanctis
3266 2442 3330 2481 ac
3380 2427 3541 2482 honis
3583 2447 3598 2481 :

2033 2536 2052 2570 ι
2083 2516 2299 2585 Venite,
2344 2517 2616 2573 benedicti
2650 2516 2833 2572 Patris
2866 2519 2994 2584 mei,
3041 2517 3320 2587 possidete
3354 2526 3604 2588 paratum

2027 2609 2185 2665 vobis
2223 2624 2448 2680 regnum
2492 2623 2523 2662 a
2554 2608 2949 2664 constitutione
2978 2609 3169 2663 mundi
3200 2608 3269 2664 ⁷⁸.
3306 2627 3326 2660 ι
3358 2608 3600 2664 Conver-

2029 2700 2304 2759 sabuntur
2334 2701 2479 2756 enim
2521 2707 2579 2756 et
2631 2700 3054 2771 conregnabunt
3106 2716 3231 2755 cum
3273 2702 3516 2768 Christo,
3550 2712 3605 2758 ct

2030 2792 2360 2849 coelestibus
2396 2792 2554 2847 bonis
2587 2807 2802 2847 summa
2838 2807 2963 2847 cum
3003 2791 3283 2863 voluptate
3326 2793 3602 2863 fruentur,

2032 2883 2349 2940 conformcs
2374 2882 2506 2938 facti
2548 2883 2981 2939 resurrectionis
3006 2883 3150 2953 ejus,
3178 2894 3235 2938 et
3261 2885 3461 2941 veteris
3487 2900 3613 2942 cor-

2032 2977 2310 3048 ruptionis
2357 2976 2574 3047 laqueis
2619 2976 2828 3046 vitatis,
2880 2976 3040 3048 longa
3088 2984 3142 3032 et
3176 2976 3446 3033 ineﬂabili
3488 2979 3604 3034 vita

340 3065 438 3137 τὴν
489 3068 897 3139 ἡτοιμασμένην
962 3068 1092 3139 ὑμῖν
1141 3067 1417 3139 βασιλείαν
1458 3068 1568 3122 ἀπὸ
1626 3066 1921 3137 καταϐολῆς

2033 3070 2385 3132 circumdati,
2421 3079 2587 3140 atque
2617 3084 2742 3124 cum
2789 3084 3009 3141 semper
3038 3070 3253 3124 vivente
3286 3069 3520 3126 Domino
3547 3072 3603 3126 iu

340 3158 565 3228 κόσμου.
609 3176 627 3210 ι
678 3159 995 3212 Συνέσονται
1028 3158 1146 3230 γὰρ
1185 3160 1281 3213 καὶ
1324 3158 1815 3240 συμϐασιλεύσουσι
1841 3158 1920 3229 τῷ

2023 3166 2289 3215 aeternum
2324 3159 2550 3214 victuri.
2570 3159 2732 3226 Quod
2748 3160 2894 3214 enim
2910 3174 3033 3214 cum
3050 3160 3275 3215 Christo
3288 3160 3600 3216 indesinen-

339 3248 579 3320 Χριστῷ,
611 3251 704 3303 καὶ
748 3252 860 3316 τοῖς
912 3250 1179 3323 οὐρανίοις
1216 3253 1643 3323 ὲντρυφήσουσιν
1673 3251 1917 3320 ἀγαθοῖς,

341 3336 651 3408 σύμμορφοι
674 3339 955 3408 γεγονότες
990 3339 1088 3409 τῆς
1120 3339 1468 3405 ἀναστάσεως
1493 3339 1681 3409 αὐτοῦ,
1707 3340 1801 3395 καὶ
1820 3340 1920 3410 τῆς

342 3429 441 3499 μὲν
515 3429 748 3500 ἀρχαίας
808 3428 1014 3502 φθορᾶς
1077 3430 1389 3502 διαδράντες
1459 3431 1586 3495 τοὺς
1669 3430 1916 3502 βρόχους,

341 3520 528 3590 μακρᾷ
575 3520 632 3572 δὲ
682 3521 774 3573 καλ⁸
833 3521 1096 3592 ἀμυθήτῳ
1143 3520 1561 3593 περιϐληθέντες
1613 3521 1724 3592 ζωῇ
1753 3561 1767 3585 ,
1824 3522 1920 3575 καὶ

339 3609 711 3680 ἀτελευτήτως
765 3610 842 3680 τῷ
920 3612 1005 3664 ἀεὶ⁸
1076 3609 1238 3674 ζῶντι
1309 3609 1579 3674 συζῶντες
1653 3610 1918 3682 Δεσπότῃ.

342 3700 470 3754 Ὅτι
510 3700 620 3770 γὰρ
656 3702 703 3752 οἱ
736 3700 954 3771 θεοφιλῆ
1001 3703 1093 3755 καὶ
1120 3701 1392 3774 ἐξαίρετον
1441 3703 1777 3773 ἀσκήσαντες
1808 3702 1921 3771 βίον

345 3790 690 3861 ἀδιαλήπτως
717 3790 831 3862 [γρ.
848 3792 1223 3864 ἀδιαλείπτως]
1267 3793 1577 3847 συνέσονται
1593 3792 1670 3863 τῷ
1680 3792 1919 3865 Χριστῷ,

346 3876 674 3949 θεωροῦντες
700 3880 938 3951 δηλονότι
968 3881 1030 3935 τὸ
1052 3881 1193 3936 θεῖον
1220 3880 1383 3936 αὐτοῦ
1408 3882 1503 3936 καὶ
1526 3882 1761 3955 ἄρρητον
1794 3884 1921 3938 κάλ-

341 3967 453 4034 λος,
490 3972 739 4039 σαφηνιεῖ
773 3970 943 4039 λέγων
972 3972 1001 4024 ό
1033 3970 1275 4035 Παῦλος⁸
1323 3991 1342 4024 ι
1378 3972 1498 4025 Ὅτι
1531 3972 1691 4037 αὐτὸς
1720 3973 1921 4045 Κύριος

336 4062 397 4112 ὲν
433 4059 779 4131 κελεύσματι,
809 4064 865 4115 ὲν
894 4063 1043 4134 φωνῇ
1076 4061 1415 4132 ἀρχαγγέλου
1460 4062 1553 4117 καὶ
1580 4064 1638 4116 ὲν
1660 4062 1921 4132 σάλπιγγι

333 4146 472 4201 Θεοῦ
508 4149 873 4219 καταϐήσεται
905 4150 1011 4203 ἀπὸ
1051 4149 1301 4221 οὐρανοῦ,
1349 4150 1444 4204 καὶ
1487 4152 1539 4204 oi.
1572 4152 1754 4223 νεκροὶ
1777 4153 1826 4204 οἱ
1861 4153 1921 4204 ἐν

332 4236 556 4307 Χριστῷ
585 4237 974 4308 ἀναστήσονται
1002 4239 1229 4310 πρῶτοι·
1266 4239 1458 4295 ἔπειτα
1485 4242 1665 4311 ἡμεῖς,
1701 4242 1751 4295 οἱ
1783 4239 1921 4305 ζῶν-

331 4344 445 4393 τες,
503 4330 550 4381 οἱ
607 4328 1060 4400 περιλειπόμενοι,
1122 4330 1218 4384 σὺν
1263 4333 1443 4395 αὐτοῖς
1487 4331 1922 4403 ἁρπαγησόμεθα

335 4420 395 4471 ὲν
418 4419 661 4487 νεφέλαις
691 4422 766 4483 εὶς
805 4420 1107 4491 ἀπάντησιν
1150 4421 1243 4475 τοῦ
1271 4422 1477 4492 Κυρίου
1516 4425 1595 4486 είς
1631 4423 1790 4490 ἀέρα,
1827 4421 1922 4477 καὶ

2022 3258 2107 3307 ter
2127 3251 2332 3306 victuri
2360 3251 2581 3321 sintqui
2604 3251 2752 3321 piam
2779 3260 2832 3306 et
2858 3251 3116 3307 eximiam
3142 3254 3311 3306 vitam
3335 3267 3602 3308 exercue-

2023 3344 2154 3409 rint,
2189 3345 2630 3414 contemplantes
2662 3344 2927 3399 nimirum
2976 3342 3220 3398 divinam
3254 3343 3376 3413 ejus
3418 3355 3473 3398 et
3516 3345 3595 3399 in-

2019 3433 2292 3490 eﬂ‘abilem
2352 3434 2849 3502 pulchritudinem,
2902 3433 3217 3489 declarabit
3265 3433 3491 3503 Paulus,
3523 3436 3601 3492 di-

2020 3540 2154 3582 cens
2191 3544 2204 3580 :
2241 3543 2261 3576 ι
2314 3525 2452 3590 Quia
2509 3526 2627 3596 ipse
2662 3524 2929 3580 Dominus
2984 3525 3041 3578 in
3086 3524 3248 3593 jussu
3281 3534 3337 3580 et
3382 3526 3439 3581 in
3470 3541 3601 3583 voce

2022 3617 2345 3687 archangeli
2379 3624 2435 3671 et
2477 3616 2533 3670 in
2564 3615 2694 3670 tuba
2734 3614 2831 3668 Dei
2870 3613 3172 3670 descendet
3203 3615 3271 3672 de
3302 3617 3443 3671 cmlo
3480 3636 3494 3671 :
3544 3629 3599 3673 et

2022 3710 2251 3774 mortui,
2281 3709 2376 3780 qui
2426 3710 2480 3763 in
2533 3707 2764 3764 Christo
2812 3715 2963 3771 sunt,
3024 3715 3317 3779 resurgent
3370 3708 3534 3779 primi
3579 3728 3595 3765 :

2022 3801 2220 3857 deinde
2266 3815 2389 3865 nos,
2427 3800 2521 3870 qui
2554 3799 2813 3861 vivimus,
2862 3798 2956 3869 qui
3009 3799 3397 3869 relinquimur,
3433 3800 3597 3857 simul

2021 3892 2299 3961 rapiemur
2330 3905 2453 3945 cum
2494 3890 2603 3944 illis
2636 3889 2691 3944 in
2724 3889 2964 3945 nubibus
3015 3889 3235 3944 obviam
3278 3889 3514 3947 Domino
3541 3891 3596 3945 in

2022 3997 2172 4047 aera,
2217 3990 2270 4037 et
2300 3982 2381 4036 sic
2427 3996 2647 4052 semper
2680 3996 2808 4036 cum
2855 3980 3089 4037 Domino
3122 3982 3333 4038 erimus
3362 3983 3429 4037 ".
3471 4002 3490 4035 ι
3529 3981 3598 4036 Ει

2022 4089 2220 4129 rursus
2253 4074 2321 4128 ad
2356 4088 2455 4129 eos
2504 4073 2599 4143 qui
2655 4072 2991 4129 mortiﬁcare
3042 4073 3358 4130 studuerint
3409 4075 3595 4129 mundi

2022 4165 2355 4235 cupiditates
2385 4184 2398 4219 :
2437 4183 2455 4216 ι
2483 4164 2680 4218 Mortui
2710 4164 2860 4219 enim
2889 4164 3043 4228 estis,
3074 4173 3130 4220 et
3163 4166 3272 4220 vita
3300 4173 3481 4221 vestra
3512 4177 3592 4221 est

2024 4253 2349 4309 abscondita
2384 4268 2508 4307 cum
2543 4252 2765 4310 Christo
2797 4254 2850 4307 in
2879 4253 3025 4321 Deo;
3059 4270 3185 4310 cum
3216 4255 3470 4312 Christus
3501 4272 3597 4328 ap-

2023 4343 2288 4412 paruerit,
2317 4344 2425 4397 vita
2462 4352 2664 4407 vestra,
2701 4351 2834 4399 tunc
2872 4355 2925 4400 et
2952 4360 3051 4400 vos
3098 4347 3436 4416 apparebitis
3468 4362 3594 4402 cum

2024 4435 2146 4504 ipso
2176 4435 2229 4488 in
2262 4435 2436 4505 gloria
2494 4436 2559 4488 7’.
2607 4455 2624 4485 ι
2678 4435 2969 4502 Quocirca,
3016 4446 3076 4490 ut
3123 4439 3231 4491 vim
3287 4446 3344 4493 et
3373 4455 3595 4495 sensum

335 4506 507 4572 οὕτως
528 4507 754 4561 πάντοτε
784 4513 881 4564 σὺν
906 4512 1095 4582 Κυρίῳ
1117 4511 1371 4585 ἐσόμεθα.
1406 4531 1425 4563 ι
1450 4512 1562 4566 Καὶ
1592 4512 1755 4566 πάλιν
1779 4513 1915 4584 πρὸς

2023 4525 2123 4580 1οοὶ
2146 4524 2314 4592 hujus
2345 4525 2398 4578 in
2424 4540 2695 4578 summam
2728 4525 3077 4592 contraham,
3110 4528 3203 4596 qui
3230 4528 3417 4582 mundi
3453 4530 3595 4581 mala

333 4602 461 4664 τοὺς
514 4601 738 4670 νεκροῦν
790 4602 1074 4673 ἑλομένους
1102 4603 1169 4656 τὰ
1195 4604 1253 4655 ὲν
1277 4603 1463 4673 κόσμῳ
1503 4604 1670 4675 πάθη·
1716 4625 1734 4657 ι
1784 4606 1914 4658 Ἀπο

332 4686 552 4741 εθάνετε
595 4689 722 4762 γὰρ,
772 4691 865 4743 καὶ
913 4694 947 4761 ἡ
994 4689 1107 4760 ζωὴ
1151 4690 1303 4761 ὑμῶν
1346 4691 1651 4763 κέκρυπται
1691 4696 1789 4748 σὺν
1836 4693 1912 4765 τῷ

330 4780 555 4850 Χριστῷ
609 4783 667 4834 ὲν
712 4781 789 4853 τῷ
835 4781 975 4852 θεῷ,
1026 4781 1153 4834 ὅταν
1201 4782 1229 4832 ὁ
1270 4781 1502 4851 Χριστὸς
1540 4784 1911 4856 φανερωθῇ,ή

328 4871 446 4943 ζωὴ
487 4872 658 4942 ὑμῶν,
710 4874 829 4926 τότε
864 4874 959 4926 καὶ
999 4873 1155 4942 ὑμεῖς
1184 4871 1630 4942 φανερωθήσεσθε
1671 4874 1769 4928 σὺν
1809 4877 1909 4928 αὐ-

326 4963 406 5033 τῷ
446 4965 502 5015 ἐν
546 4964 691 5036 δόξῃ.
734 4983 752 5016 ι
796 4963 1004 5018 Οὐκοῦν
1047 4961 1619 5033 (ἀνακεφαλαιὼσομαι
1666 4968 1776 5036 γὰρ
1817 4965 1912 5020 τοῦ

322 5054 489 5121 λόγου
510 5053 611 5125 τὴν
636 5054 972 5125 δύναμιν),οῖ
1007 5053 1104 5124 μὲν
1123 5052 1230 5106 τῶν
1256 5055 1312 5106 ὲν
1351 5052 1540 5123 κόσμῳ
1572 5055 1758 5107 κακῶν
1785 5058 1914 5126 ἐρα-

323 5142 453 5196 στα)⁵
483 5144 892 5213 κατοιχήσονται
921 5144 1057 5211 πρὸς
1091 5143 1183 5195 τὸν
1209 5141 1363 5213 ᾅδην,
1401 5142 1494 5194 καὶ
1525 5144 1589 5194 ὲκ
1624 5143 1913 5213 προσώπου

318 5240 645 5305 γενήσονται
700 5233 956 5306 Χριστοῦ·
1012 5234 1326 5286 συνέσονταί
1379 5248 1442 5299 γε
1482 5232 1588 5303 μὴν
1629 5233 1776 5303 αὐτῷ
1820 5236 1914 5288 καὶ

318 5329 789 5398 συνδιαιτήσονται
833 5325 923 5379 διὰ
978 5325 1176 5389 παντὸς
1223 5327 1269 5378 οἱ
1299 5326 1396 5395 τῆς
1433 5325 1633 5395 ἀρετῆς
1663 5327 1906 5395 ἐρασταὶ,

315 5421 417 5475 καὶ
448 5418 542 5471 τὸν
570 5417 857 5487 ἀρραϐῶνα
903 5415 997 5468 τοῦ
1037 5414 1174 5468 Πνεύ
1184 5432 1345 5486 ματος
1373 5415 1530 5485 ἀσινῆ
1550 5417 1904 5487 τηρήσαντες,

319 5512 580 5572 συνόντες
626 5508 683 5561 δὲ
710 5508 968 5573 δηλονότι,
1024 5507 1115 5559 καὶ
1133 5507 1192 5559 τὸ
1241 5505 1540 5577 θεοπρεπὲς
1591 5505 1752 5559 αὐτοῦ
1779 5525 1908 5561 κατ-

2019 4616 2256 4684 diligunt
2293 4617 2346 4669 in
2379 4616 2655 4670 infernum
2690 4616 2910 4682 cadent,
2960 4626 3016 4672 et
3067 4620 3264 4690 procul
3309 4634 3339 4672 a
3385 4618 3593 4674 Christi

2020 4714 2319 4776 conspectu
2354 4706 2794 4761 amandabuntur
2823 4726 2835 4761 :
2891 4709 3118 4764 virtutis
3151 4724 3281 4764 vero
3333 4709 3573 4765 studiosi

2020 4807 2074 4852 et
2112 4804 2390 4867 quotquot
2418 4797 2786 4853 arrhabonem
2835 4797 3073 4867 Spiritus
3104 4801 3372 4870 integrum
3404 4814 3562 4854 serva

2021 4890 2156 4952 rint,
2193 4889 2675 4944 conversabuntur
2702 4906 2824 4945 cum
2859 4907 2925 4946 eo
2974 4899 3029 4946 et
3075 4893 3239 4946 simul
3274 4891 3479 4954 vivent,
3527 4907 3587 4946 ac

2013 4979 2257 5033 divinam
2321 4978 2442 5048 ejus
2516 4981 3043 5049 contemplabuntur
3104 4982 3586 5052 pulchritudinem.

2018 5088 2036 5120 ι
2074 5068 2189 5122 Erit
2239 5069 2385 5123 enim
2420 5069 2547 5135 tibi,
2585 5070 2785 5139 inquit,
2838 5070 3106 5128 Dominus
3141 5073 3231 5126 lux
3275 5081 3499 5138 aeterna,
3536 5083 3589 5127 et

2012 5159 2157 5215 Deus
2191 5158 2366 5228 gloria
2406 5168 2498 5212 tua
2528 5160 2595 5213 ".
2631 5179 2649 5211 ι
2693 5158 2847 5226 Quod
2875 5161 3094 5229 quidem
3122 5162 3435 5231 signiﬁcare
3453 5163 3589 5218 velle

2013 5248 2282 5303 Dominus
2338 5249 2561 5303 videtur
2612 5265 2738 5304 cum
2778 5252 3049 5306 dicentem
3104 5268 3228 5306 eum
3277 5253 3582 5310 audimus:

2020 5359 2038 5391 ι
2079 5340 2275 5393 Adhuc
2305 5340 2607 5404 modicum,
2641 5350 2695 5395 et
2721 5341 2961 5396 mundus
2994 5358 3080 5394 me
3114 5342 3227 5410 jam
3255 5358 3367 5398 non
3397 5345 3539 5400 videt
3567 5363 3581 5411 ;

2017 5444 2115 5482 vos
2144 5436 2327 5483 autem
2358 5428 2555 5484 videtis
2585 5445 2670 5484 me
2700 5468 2716 5493 ,
2747 5432 2875 5499 quia
2917 5446 3020 5500 ego
3052 5432 3197 5496 vit-0,
3229 5441 3287 5488 et
3310 5449 3408 5490 vos
3444 5436 3585 5489 vive-

2015 5522 2104 5574 tis.
2150 5539 2167 5570 ›
2200 5517 2560 5589 Nequaquam
2616 5537 2743 5575 vero
2805 5522 3092 5588 mentitur,
3145 5538 3272 5580 cum
3325 5526 3581 5598 exiguum

421 5694 470 5725 ⁶⁹
507 5691 698 5746 Matth.
728 5708 857 5757 xxv,
898 5692 987 5746 41.
1060 5691 1107 5723 ὀ
1148 5689 1279 5744 lhid.
1318 5691 1408 5749 5t.
1486 5695 1527 5727 τί
1558 5694 1574 5749 l
1605 5693 1809 5752 Thess.
1842 5709 1915 5762 tv,

2025 5735 2038 5760 ,
2073 5696 2158 5750 16.
2237 5697 2281 5727 ⁷³
2334 5696 2543 5751 Coloss.
2579 5711 2660 5763 ιιι,
2694 5697 2745 5751 5.
2822 5698 2864 5728 ⁷³
2906 5698 3011 5754 lsa.
3038 5716 3128 5764 ιι,
3167 5700 3257 5755 17.

572 5788 847 5850 ΡΑτειοι..
871 5787 987 5848 GR.
1019 5784 1277 5847 LXXIV.

3102 5791 3137 5851 9
