4076 6270
479 345 588 402 :61
1509 335 1562 389 s.
1601 291 1877 388 emtth
1917 319 2386 385 scamnum!
2425 314 2742 382 auctum.
3626 313 3735 376 sca

477 458 815 518 intercedere
861 466 1076 524 tempus
1119 450 1184 506 ad
1235 463 1391 506 suam
1441 455 1614 520 usque
1651 447 2044 502 revelationem

2179 447 2369 517 ψονται
2426 445 2621 506 κάλλος
2639 440 3039 504 ἀδιακωλύτως.
3067 439 3294 493 (Ἔσται
3319 436 3426 508 γᾶρ
3445 447 3551 501 σοι,
3577 435 3736 505 φησι,

475 556 572 609 ait.
612 549 859 620 Longum
899 548 1046 602 enim
1097 551 1312 611 tempus
1369 541 1514 610 apud
1562 555 1663 594 nos
1717 553 1818 608 pro
1871 537 2046 590 nihilo

2179 539 2348 607 ἱύριος
2403 535 2518 606 φῶς
2563 535 2799 600 αἰώνιον,
2851 533 3000 588 καὶὸ
3057 531 3190 593 Θεδς
3237 530 3363 594 δόξα
3407 545 3522 582 σου.
3573 547 3591 581 ι
3625 527 3738 581 Καὶ

477 647 620 716 apud
650 618 815 696 Deum
847 639 936 710 qui
969 645 1187 704 semper
1215 645 1300 688 cst
1341 635 1595 688 habet-nr.
1633 629 1789 698 Quod
1823 629 2050 683 test-abi-

2179 627 2291 688 ίκὸς
2315 625 2372 678 δὲ
2419 624 2578 678 τοῦτο
2631 622 2916 694 βούλεσθαι.
2963 619 3156 690 δηλοῦν
3192 621 3282 675 τὸν
3329 619 3555 689 Κύριον,
3612 618 3742 670 ὃταν

478 711 567 792 tur
601 735 912 794 Psalmista,
950 729 1187 782 dicens:
1231 744 1248 776 ι
1299 724 1573 790 Quoniam
1623 724 1778 776 mille
1822 720 1952 773 anni
1993 719 2050 772 in

2179 717 2434 786 ,κούωμεν
2481 717 2750 785 λέγοντος·
2793 735 2810 767 ι
2841 716 2975 796 ιἜτι
3005 713 3218 784 μικρὸν,
3264 713 3354 765 καὶ
3381 714 3410 765 ὁ
3439 711 3644 780 κόσμος
3672 726 3740 778 με

449 827 661 883 ιοουιίε
689 823 819 887 tuis,
867 819 1134 882 Domine,
1191 825 1451 886 tanquam
1485 816 1606 870 dies
1639 816 1900 869 hesterna
1925 825 2053 881 quae

2181 809 2332 862 ὑκέτι
2359 809 2572 878 Θεωρεῖ,
2602 808 2758 878 ὑμεῖς
2775 807 2838 860 ’δὲ
2857 806 3113 876 θεωρεῖτέ
3141 823 3227 874 με,
3257 805 3342 858 ὅτι
3373 802 3484 872 ἐγὼ
3516 800 3614 866 ζῶ,
3649 803 3744 856 καὶ⁵

479 915 757 989 praeteriit,
787 919 841 967 et
873 909 1122 965 custodia
1153 908 1206 962 in
1233 911 1398 962 nocte
1427 907 1496 960 ⁷⁵.
1537 926 1556 958 ι

2179 905 2308 971 νμεῖς
2343 895 2593 970 ζήσεσθε.
2647 915 2666 951 ι
2699 897 3057 968 Διαψεὺσεταί
3088 905 3152 964 γε
3187 895 3294 967 μὴν
3339 892 3612 964 οὐδαμῶς,
3653 909 3746 962 μι·

476 979 782 1072 κρὸνοεῖναι
812 999 988 1066 λέγων
1019 997 1108 1049 τὸν
1143 995 1344 1066 μεταξὺ
1383 994 1572 1064 χρόνον
1602 995 1708 1064 τῆς
1729 992 1892 1046 οἱονεὶ
1931 990 2328 1060 ἀποκαλύψεως
2363 988 2549 1043 αὐτοῦ.
2579 983 2700 1058 Θεῷ
2720 989 2828 1058 γὰρ
2863 986 2942 1057 τῷ
2975 983 3062 1041 ἀεὶ
3101 979 3218 1038 δντί
3276 985 3370 1038 καὶ
3435 979 3464 1037 ὖ
3533 983 3748 1054 μακρὸς

478 1094 771 1165 καθ’ἡμᾶς
804 1091 996 1162 χρόνος
1048 1090 1104 1141 ὲν
1153 1085 1232 1156 τῷ
1271 1085 1461 1157 μηδενὶ
1493 1085 1729 1138 τέθειται
1763 1081 2060 1146 παντελῶς.
2100 1084 2210 1135 Καὶ
2233 1082 2580 1152 «μαρτυρήσει
2614 1080 2788 1149 λέγων
2825 1081 2854 1133 ὁ
2877 1077 3156 1150 Μελῳδός·
3197 1097 3216 1130 ι
3253 1078 3376 1132 Ὀτι
3437 1075 3582 1146 χίλια
3651 1075 3746 1146 ἐτη

477 1195 534 1246 ἐν
567 1189 864 1258 ὀφθαλμοῖς
888 1181 1216 1254 σου,³Κύριε,
1235 1181 1310 1245 ὡς
1331 1181 1569 1252 ἡμέραὴ
1605 1179 1730 1252 χθὲς
1749 1181 1870 1251 ἣτις
1897 1177 2102 1248 διῆλθε,
2141 1179 2236 1232 καὶ
2269 1177 2484 1248 φυλακὴ
2515 1178 2572 1230 ἐν
2606 1175 2778 1230 νυκτί.
2811 1183 2830 1228 δ

549 1281 692 1348 XIV,
723 1281 819 1337 "20.
865 1279 931 1334 In
965 1278 1166 1334 iltodie
1193 1291 1281 1332 vos
1315 1279 1637 1346 cognoscetis
1669 1280 1794 1348 quia
1824 1291 1914 1345 ego
1941 1285 2058 1329 sum

2249 1276 2344 1328 Ἐν
2383 1275 2586 1343 ἐκείνῃ
2619 1273 2694 1342 τῇ
2735 1271 2944 1342 ἡμέρᾳ,
2975 1269 3144 1340 ὑμεῖς
3181 1267 3489 1338 γνώσεσθε
3511 1265 3602 1319 ὅτι
3637 1265 3752 1334 ἐγὼ

484 1377 536 1429 in
575 1373 733 1428 Putre
763 1379 904 1436 'm'eo,
936 1379 984 1422 et
1019 1383 1104 1421 vos
1137 1369 1190 1420 in
1219 1381 1318 1434 me,
1343 1378 1400 1420 'et
1423 1383 1525 1437 'ego
1555 1367 1609 1421 in
1643 1366 1810 1420 vobis.

2179 1365 2234 1418 tr
2271 1361 2352 1428 τῷ
2393 1363 2579 1430 Harp!
2612 1377 2752 1431 μου,
2797 1361 2894 1413 καὶ
2953 1357 3123 1427 ὑμεῖς
3173 1357 3243 1409 ἐν
3285 1356 3436 1424 ἐμοὶ,
3496 1353 3754 1422 κάγσὼὲν

2164 1456 2326 1527 ὑμῖν.

551 1545 724 1624 εις
789 1547 1030 1602 Difﬁcilis
1079 1555 1171 1602 est
1227 1545 1334 1600 loci
1385 1544 1552 1615 hujus
1599 1543 1957 1612 intellectus,
2007 1555 2064 1601 et

2235 1535 2568 1614 Δυσέφικτον
2596 1541 2694 1614 μέν
2723 1539 2838 1605 πὼς
2869 1539 2994 1591 έὲστι
3027 1537 3088 1590 ὡ
3143 1537 3202 1589 ὲν
3231 1537 3344 1598 τοῖς
3374 1534 3754 1607 προκειμένοις

489 1661 673 1702 acrem
709 1645 999 1714 requirens
1034 1641 1368 1710 indaginem,
1401 1649 1456 1694 et
1499 1642 1554 1693 in
1614 1653 1724 1708 quo
1773 1637 2064 1694 enodando

2179 1636 2446 1708 5303mm,
2499 1633 2592 1687 καὶ
2629 1619 2884 1704 ’δριμεῖαν
2935 1629 3120 1699 ὥσπερ
3161 1619 3408 1692 ἑξαιτοῠν
3455 1627 3542 1693 ἐφ’
3573 1623 3754 1694 ἑαυτῷ

493 1751 649 1795 mens
673 1736 826 1790 haud
871 1747 1074 1804 parum
1111 1733 1326 1786 laboret
1359 1749 1372 1784 :
1415 1729 1700 1786 Christum
1735 1737 1920 1784 tamen
1965 1743 2068 1786 nos

2179 1731 2266 1804 τὴν
2313 1729 2566 1800 βάσανον,
2597 1725 2751 1779 ὄκνον
2803 1739 2866 1775 τε
2907 1721 2988 1794 τῷ
3020 1721 3162 1790 λόγῳ
3193 1717 3510 1789 περιποιοῦν
3563 1717 3756 1771 ἱκανώ-

493 1843 691 1885 rursus
728 1827 794 1880 ad
821 1825 1105 1880 veritatem
1143 1822 1482 1878 directurum
1509 1819 1804 1876 credimus.
1832 1819 2064 1886 Quidam

2179 1837 2327 1875 τατον
2355 1837 2368 1851 ·
2405 1817 2713 1889 κατευθύνῃ
2765 1829 2828 1886 γε
2865 1815 2971 1885 μὴν
3010 1813 3091 1865 ὅτι
3125 1810 3288 1864 πάλιν
3337 1811 3488 1880 ἡμᾶς
3509 1810 3597 1872 είς
3627 1810 3758 1878 ἀλή-

494 1937 648 1992 ergo,
681 1918 896 1974 tametsi
931 1917 1136 1988 primas
1168 1916 1296 1971 olim
1333 1916 1480 1969 inter
1530 1915 1729 1985 impios
1775 1913 2066 1970 haereticos

2179 1915 2320 1969 Βειαν
2351 1916 2381 1967 ὁ
2409 1907 2661 1985 Χριστὸς,
2684 1883 3063 1975 ’-πιστεύομεω
3101 1902 3257 1966 Τινὲς
3321 1903 3418 1972 μὲν
3463 1895 3554 1954 οὖν
3575 1942 3590 1967 ,
3641 1899 3760 1953 καί-

497 2021 764 2073 tenentes,
791 2025 856 2065 ex
888 2007 1201 2066 substantia
1227 2003 1332 2062 Dei
1363 2021 1427 2061 ac
1469 2003 1652 2062 Patris
1689 2001 1891 2060 Filium
1911 2017 2066 2080 esse,

497 2111 662 2174 atque
690 2101 898 2157 idcirco
929 2103 984 2155 in
1018 2115 1085 2155 eo
1113 2098 1383 2155 exsistere
1411 2098 1660 2153 nolentes
1688 2098 1959 2162 confiteri,
1983 2111 2072 2152 re-

497 2194 717 2248 lativam
748 2191 1042 2263 quamdam
1077 2189 1132 2245 et
1171 2203 1280 2244 non
1325 2189 1634 2244 naturalem
1683 2189 1942 2244 unionem
1977 2199 2072 2243 ex-

497 2286 763 2356 cogitant.
819 2282 885 2336 Et
929 2281 1156 2354 quidem
1189 2282 1556 2352 scripserunt,
1592 2287 1912 2335 eructantes
1951 2293 2076 2350 quas

501 2391 614 2432 sum
667 2376 943 2445 opinionis
1005 2381 1186 2435 erant,
1247 2389 1358 2426 non
1404 2387 1527 2442 quae
1569 2373 1756 2429 sancti
1811 2373 2075 2444 Spiritus,

503 2469 633 2536 quia
665 2464 840 2519 Filius
881 2481 912 2517 a
945 2463 1105 2518 Patre
1131 2462 1400 2532 diligitur,
1437 2465 1552 2532 ipse
1587 2473 1715 2518 Vero
1751 2477 1945 2518 rursus
1977 2461 2081 2517 Pa-

509 2569 644 2610 trem
678 2557 878 2626 diligit,
927 2555 1038 2608 hoc
1097 2553 1305 2606 idcirco
1358 2555 1519 2607 modo
1557 2555 1618 2606 in
1674 2569 1739 2608 eo
1789 2569 1931 2609 esse.
1999 2549 2081 2609 Ἁά

507 2652 650 2721 quol
701 2646 1201 2703 demonstrandum
1259 2645 1524 2699 invictum
1577 2647 1744 2700 veluti
1805 2646 2083 2715 quoddam

509 2749 890 2813 argumentum
927 2739 1080 2795 stulti
1123 2745 1443 2808 proponunt
1484 2739 1536 2792 id
1571 2737 1717 2808 quod
1764 2737 1892 2791 huic
1938 2737 2086 2792 dicto

511 2840 576 2891 de
611 2837 770 2890 nobis
803 2843 857 2888 et
889 2834 1008 2903 ipso
1045 2831 1417 2902 subjungitur,
1445 2830 1650 2901 virgam
1683 2830 1850 2886 Veluti
1891 2843 2087 2903 quam-

512 2930 638 2982 dam
697 2925 1060 2981 armtdine‘am
1116 2923 1235 2980 suis
1282 2922 1641 2993 blasphemiis
1672 2931 2084 2995 supponentes,

2171 2021 2254 2061 τοι
2301 2005 2408 2059 τῶν
2468 2002 2724 2075 προῦχειν
2777 1997 3200 2068 ὑποληφθέντων
3252 1993 3382 2046 ποτὲ
3439 1993 3593 2064 παρὰ
3649 1993 3759 2055 τοῖς

2174 2095 2406 2159 ἀνοσίοις
2419 2095 2742 2167 ἀἶρἐτικοϊις,
2763 2089 3030 2162 παραιτοῦ
3040 2103 3188 2159 μενοι
3209 2085 3442 2156 πονηρὸς
3461 2083 3574 2155 [.71).
3598 2095 3761 2153 πονη-

2178 2189 2312 2262 ρῶς]
2337 2189 2400 2242 ἐδ
2421 2190 2493 2240 ’ἐκ
2522 2185 2622 2256 τῆς
2647 2185 2833 2250 οὐσίας
2883 2181 2978 2235 τοῦ
3003 2179 3146 2234 Θεοῦ
3183 2177 3276 2232 καὶ
3311 2176 3533 2246 ’Πατρὸς
3575 2175 3765 2244 ὁμολο-

2176 2285 2291 2350 γεῖν
2313 2280 2403 2333 τὸν
2433 2278 2581 2342 Υίδν,
2614 2277 2703 2330 διά
2727 2291 2789 2328 τε
2811 2275 2966 2327 τοῦτο
2995 2271 3260 2340 ὑπάρχειν
3291 2270 3347 2319 ἐν
3383 2265 3554 2336 αὑτῷ,
3587 2282 3766 2334 σχετι-

2178 2373 2280 2443 κήν
2323 2383 2443 2423 τινα
2471 2369 2565 2423 καὶ
2594 2368 2654 2421 οὑ
2688 2365 2922 2436 φυσικὴν
2957 2359 3241 2414 ὑπονοοῦσι
3282 2357 3381 2428 τὴν
3410 2357 3624 2408 ἕνωσιν.
3661 2353 3768 2406 Καὶ

2179 2459 2242 2532 δὴ
2283 2459 2380 2513 καὶ
2415 2456 2821 2528 γεγραφήκασι,
2855 2451 2924 2504 τὰ
2956 2453 3020 2503 ὲκ
3043 2449 3144 2520 τῆς
3172 2447 3377 2509 οίκείας
3421 2443 3767 2515 ἐρευγόμενοι

2181 2553 2428 2624 γνώμης,
2457 2553 2518 2604 οὑ
2548 2551 2616 2604 τὰ
2643 2550 2703 2613 ἐξ
2725 2547 2879 2617 ἁγίου
2913 2541 3246 2612 Πνεύματος,
3276 2540 3352 2602 ὡς
3375 2537 3612 2606 ἐπείπερ
3635 2537 3770 2624 ἀγαξ

2183 2621 2478 2713 σταται-μὲν
2527 2645 2556 2695 ὁ
2585 2641 2712 2704 Υἱὸς
2759 2639 2910 2710 παρὰ
2956 2637 3050 2690 τοῦ
3103 2634 3334 2706 Πατρδς,
3383 2633 3575 2702 ἀγαπᾷ
3599 2631 3658 2684 δὲ
3705 2621 3770 2682 αὖ

2186 2736 2348 2790 πάλιν
2376 2734 2539 2796 αὐτὸς
2574 2731 2664 2785 τὸν
2695 2731 2932 2800 Πατέρα,
2963 2726 3109 2782 κατά
3151 2725 3339 2778 τοῦτον
3384 2725 3500 2776 ἐστι
3529 2723 3620 2775 τὸν
3647 2721 3774 2792 τρύ-

2185 2829 2288 2879 πον
2306 2821 2547 2894 ὲν-αὑτῷ.
2561 2817 2679 2877 ’Καὶ
2702 2819 2973 2886 ἀπόδειξιν
2986 2818 3174 2888 ὥσπερ
3194 2813 3314 2869 τινὰ
3340 2813 3776 2883 δυσανάτρεπτον

2185 2907 2590 2988 εἰσκομίζουσιν
2635 2915 2684 2968 oi
2734 2913 3084 2985 παράφρονες
3128 2907 3190 2960 τό
3219 2925 3279 2960 τε
3311 2905 3389 2976 τῷ
3433 2904 3777 2975 προκειμένῳ

515 3033 712 3088 nempe
747 3019 892 3087 quod
925 3015 1086 3070 sicuti
1119 3029 1221 3070 nos
1253 3013 1310 3069 in
1357 3027 1421 3070 eo
1445 3029 1568 3069 esse
1599 2993 1858 3082 dicimur,
1885 3016 2078 3085 ipsum-

2190 3007 2633 3081 παρεζευγμένον
2691 3003 2838 3076 ῥητῷ
2885 3001 3011 3073 περί
3043 3017 3101 3052 τε
3143 2997 3300 3069 ἡμῶν
3347 2997 3442 3050 καὶ
3471 2995 3660 3048 αὑτοῦ·
3689 2993 3779 3046 καὶ

516 3125 622 3180 que
649 3083 725 3162 in
761 3083 922 3163 nobis
983 3105 1250 3160 habemus
1273 3146 1288 3170 ,
1321 3119 1500 3174 neque
1531 3114 1714 3160 tamen
1766 3083 2078 3162 substantia

2187 3091 2250 3173 δή
2294 3115 2446 3171 φασι,
2475 3096 2782 3168 καλαμίνην
2815 3093 3003 3165 ὥσπερ
3034 3090 3155 3144 τινὰ
3191 3088 3381 3162 ρἀδον
3421 3088 3540 3150 ταῖς
3569 3083 3782 3138 ἑαυτῶν

517 3200 731 3253 ratione
761 3198 1004 3261 unimur,
1039 3196 1135 3251 sed
1165 3195 1388 3250 unionis
1419 3193 1615 3250 modus
1645 3196 1701 3250 in
1737 3211 1802 3251 eo
1837 3197 2078 3251 consistit

2191 3172 2595 3260 ὑποστήσαντες
2626 3185 2981 3256 δυσφημίαις,
3010 3181 3091 3235 ὅτι
3119 3179 3502 3249 ὧσπερ-ἡμεῖς
3545 3179 3604 3230 ἐν
3637 3172 3782 3244 αὑτῷ

519 3299 576 3345 ut
608 3291 904 3360 diligamus
931 3303 996 3343 ac
1023 3289 1271 3344 vicissim
1307 3287 1606 3357 diligamur
1641 3307 1653 3341 :
1687 3289 1782 3354 ita,
1813 3289 2078 3360 inquiunt.

2199 3279 2335 3335 εἶναι
2371 3277 2662 3350 λεγόμεθα,
2698 3275 2892 3346 ἔχομέν
2927 3291 2985 3327 τε
3034 3270 3195 3326 αὑτὸν
3228 3271 3284 3322 ὲν
3309 3269 3545 3331 ἑαυτοῖς,
3597 3265 3692 3318 καὶ
3721 3264 3782 3316 οὐ

519 3391 572 3436 ct
607 3355 776 3438 Filius
817 3397 929 3436 non
973 3380 1030 3434 in
1059 3379 1368 3435 substantia
1399 3355 1589 3448 utique
1640 3387 1724 3434 est
1759 3377 1852 3434 Dei
1884 3355 1960 3434 ‘ac
1987 3381 2078 3433 Pa-

2199 3373 2341 3429 κατὰ
2359 3373 2449 3426 τὸν
2481 3374 2578 3442 τῆς
2616 3369 2802 3430 οὐσίας
2829 3366 2985 3435 λόγον
3035 3360 3321 3433 ἐνούμεθα,
3350 3359 3548 3448 τρόπος
3595 3355 3653 3409 δὲ
3691 3355 3784 3422 τῆς

521 3473 638 3536 tris,
673 3473 766 3527 sed
792 3469 1084 3526 distinctus
1109 3470 1332 3523 omnino
1365 3469 1575 3523 ratione
1600 3479 1829 3534 naturze,
1861 3483 2078 3541 cumqtn

2201 3464 2446 3527 ὲνὼσεως
2477 3460 2617 3516 καθὰ
2653 3457 2971 3528 πεφύκαμεν
3007 3453 3224 3522 ἀγαπᾷν
3255 3467 3315 3502 τε
3350 3450 3440 3502 καὶ
3473 3445 3788 3512 ἁνταγαπᾶο

521 3565 740 3618 diverso
773 3562 931 3632 plane
959 3561 1119 3615 modo
1148 3575 1206 3615 se
1237 3561 1454 3622 habeat,
1487 3561 1604 3614 sola
1625 3561 1937 3616 dilectionis
1957 3535 2076 3631 lege

2205 3556 2348 3610 σθαι·
2382 3553 2545 3618 οὑτω,
2579 3551 2731 3621 φησὶ,
2775 3550 2866 3602 καὶ
2895 3550 2927 3601 ὁ
2951 3546 3097 3608 Υἱὸς,
3132 3545 3232 3596 οὑκ
3263 3543 3321 3594 ὲν
3342 3543 3408 3611 τῇ
3457 3539 3617 3608 οὐσία
3661 3535 3800 3632 παν-

524 3655 801 3723 inq'uiunt,
849 3654 905 3707 in
945 3643 1116 3707 Patre
1155 3667 1288 3708 esse
1349 3651 1681 3722 concipitur.
1745 3623 2078 3722 Proposituu

2203 3657 2310 3712 τως
2356 3647 2473 3699 ἐστὶ
2522 3643 2614 3698 τοῦ
2647 3641 2794 3695 ’Θεοῦ
2841 3641 2932 3694 καὶ
2971 3635 3208 3707 Πατρὸς,
3269 3629 3682 3700 διακεκριμένος
3725 3623 3788 3678 ’δὲ

522 3721 668 3798 enim
714 3743 796 3797 eis
841 3751 946 3806 est,
993 3749 1054 3794 ut
1089 3741 1252 3810 modo
1294 3721 1556 3804 diximus,
1594 3739 1776 3794 facere
1809 3721 1876 3794 ut
1901 3738 2078 3811 Unige

2206 3739 2484 3802 παντελῶς
2533 3736 2676 3790 κατά
2707 3741 2768 3802 γέ
2797 3735 2886 3787 τὸν
2915 3733 3013 3801 τῆς
3042 3729 3255 3800 φύσεως
3305 3726 3484 3794 λόγον,
3531 3722 3628 3775 καὶ
3679 3721 3782 3773 ἑτε-

526 3837 679 3889 nitus
715 3833 929 3887 factura
957 3843 1013 3888 et
1051 3839 1308 3887 creatura
1332 3846 1456 3887 esse
1489 3832 1772 3897 credatur,
1799 3843 1854 3888 et
1889 3841 2078 3887 creatu

2211 3833 2370 3904 ροίως
2420 3831 2557 3900 ἔχων
2615 3826 2834 3898 κομιδῇ,
2879 3821 3022 3876 κατὰ
3075 3821 3232 3892 μόνον
3299 3817 3389 3869 τὸν
3433 3813 3535 3882 τῆς
3575 3811 3793 3904 ἀγάπης

525 3927 607 3981 ris
639 3921 864 3994 quidem
895 3923 1112 3976 caeteris
1144 3922 1444 3977 eminentia
1480 3921 1773 3991 dignitatis
1809 3921 2078 3977 excellere

2211 3903 2410 3992 θεσμὸν
2441 3925 2661 3982 νοεῖται,
2686 3917 2870 3988 φησὶν,
2897 3917 2955 3968 ὲν
2981 3913 3059 3984 τῷ
3101 3909 3299 3981 Πατρί.
3327 3907 3540 3967 ’Σκοπὸς
3569 3905 3681 3972 γὰρ
3703 3903 3798 3954 αὑ-

527 4013 626 4072 sed
658 4011 814 4068 extra
844 4011 938 4066 Dei
966 4026 1029 4066 ac
1055 4010 1240 4065 Patris
1275 4011 1648 4068 substantiam
1679 4027 1821 4067 esse.
1856 4010 1993 4066 Cum
2017 4027 2078 4066 au

2205 4019 2340 4081 τοῖς,
2383 4013 2630 4084 καθάπερ
2655 4009 2870 4079 ἔφαμεν
2901 4005 3122 4077 ἀρτίως,
3158 4003 3386 4070 ποίημα,
3422 3997 3516 4050 καὶ⁴
3569 3995 3796 4064 κτίσμα,

529 4119 638 4162 tem
667 4103 878 4176 prolixe
901 4101 970 4157 de
994 4102 1098 4156 hoc
1127 4109 1288 4156 antea
1323 4102 1815 4172 disputaverimus,
1851 4109 1905 4158 et
1925 4117 2072 4172 quan

2213 4108 2306 4161 καὶ
2335 4103 2579 4174 γενητὸν,
2608 4103 2701 4155 καὶ
2753 4099 2940 4171 μόναις
2977 4097 3073 4166 μὲν
3121 4097 3242 4156 ταῖς
3286 4089 3428 4144 κατὰ
3471 4088 3582 4140 τῶν
3624 4085 3800 4176 ἄλλων

533 4208 649 4252 tum
673 4197 727 4279 in
761 4194 919 4249 nobis
941 4203 1063 4248 erat
1089 4193 1499 4248 ostenderimus
1522 4193 1826 4246 secundum
1855 4201 2078 4247 naturam

2215 4195 2527 4265 κτισμάτων
2553 4192 2845 4264 ὑπεροχαῖς
2873 4187 3198 4258 τιμώμενονο
3231 4183 3422 4249 ἑξωγε
3454 4177 3559 4250 μὴν
3581 4177 3683 4246 τῆς
3714 4174 3800 4226 οὑ-

529 4303 655 4342 'esse
681 4269 879 4339 Filium
909 4284 962 4338 in
997 4283 1184 4349 Patre,
1210 4291 1264 4337 et
1289 4281 1714 4336 substantialem
1755 4282 1956 4338 habere
1983 4297 2078 4336 cun

2217 4287 2335 4352 σίας
2371 4286 2681 4358 ὑπάρχοντα
2713 4283 2802 4335 τοῦ
2831 4279 2965 4333 Θεοῦ
3000 4279 3094 4331 καὶ
3145 4274 3378 4343 Πατρὸς,
3413 4269 3690 4337 ἀποφῆναι
3712 4264 3802 4316 τὸν

535 4395 601 4436 eo
635 4378 913 4441 unionem,
941 4375 1012 4431 de
1049 4375 1153 4429 hoc
1189 4374 1243 4428 in
1287 4387 1534 4444 praesens
1575 4373 1910 4429 contendere
1948 4374 2078 4428 omit

2205 4355 2756 4448 ΜονογενῆλΜακροῦ
2788 4372 2844 4424 δὲ
2870 4373 3000 4442 ἡμῖν
3023 4370 3124 4440 ἤδη
3151 4366 3279 4436 περὶ
3306 4362 3494 4416 τούτου
3522 4355 3800 4448 γεγονότος

537 4480 736 4524 temus.
769 4464 1158 4520 Verumtamen
1190 4463 1536 4519 adversarios
1569 4465 1932 4518 non‘omnino
1962 4465 2078 4521 sine

2217 4447 2494 4538 3.6'{ou,'6t‘
2526 4462 2586 4521 οὑ
2644 4465 2782 4518 κατά
2823 4481 2886 4532 γε
2916 4461 3011 4531 τὴν
3039 4457 3261 4513 ἐνοῦσαν
3292 4457 3426 4526 ἡμῖν
3459 4447 3800 4538 ἐδεικνὺομεν

539 4573 661 4612 mus
706 4557 765 4610 in
797 4569 898 4610 nos
935 4554 1092 4625 quasi
1140 4553 1364 4610 deserto
1399 4555 1714 4608 vadimonio
1761 4555 1964 4620 invehi,
2005 4571 2078 4612 'se‘

2179 4579 2186 4616 ι
2213 4537 2545 4631 δύναμινρτι
2571 4559 2711 4612 κατὰ
2737 4556 2895 4625 φύσιν
2923 4553 3071 4606 ἐστὶν
3097 4554 3124 4604 ὁ
3147 4549 3269 4612 Υίδς
3291 4550 3348 4600 ὲν
3372 4540 3677 4614 cam-.91,
3712 4537 3801 4631 καὶ

537 4648 808 4720 prodituri
838 4663 1030 4704 sumus
1060 4646 1113 4700 in
1148 4645 1346 4711 aciem,
1385 4645 1594 4715 paucis,
1625 4653 1888 4715 quantum
1923 4648 1977 4701 in
2006 4661 2078 4701 no

2216 4627 2449 4720 οὑσιῶδη
2479 4649 2618 4720 πρὸς
2646 4647 2804 4702 αὑτὸν
2844 4647 2956 4717 ἔχει
2989 4643 3085 4714 τὴν
3113 4641 3328 4702 ἕνωσιν,
3355 4635 3676 4706 παρήσομεν
3724 4627 3800 4720 Est

541 4717 624 4796 bis
649 4747 756 4803 est,
789 4738 1160 4807 improbitatis
1207 4751 1400 4792 eorum
1451 4737 1767 4793 detestabile
1811 4739 2078 4794 artiﬁciur

2217 4743 2278 4796 τὸ
2310 4717 2652 4813 περὶ-τοὺτου
2680 4739 2818 4800 τέως
2856 4742 2934 4799 είς
2959 4736 3020 4787 τὸ
3047 4733 3220 4804 παρὸν
3247 4725 3628 4782 διατείνεσθαι.
3661 4717 3800 4788 Πλὴν

541 4831 898 4900 malignitatis
918 4839 972 4883 et
999 4827 1288 4899 imperitiae
1311 4827 1529 4900 plenum
1556 4831 1931 4886 ostendentes.
1953 4831 2074 4897 Quo

2217 4838 2316 4905 οὑχ
2354 4812 2660 4904 ὁλοκλήρως
2691 4828 3058 4901 ἐπιτρέψομεν
3088 4825 3299 4894 ἐρήμην
3321 4819 3510 4887 ὥσπερ
3535 4812 3802 4905 καταδρα-

541 4927 596 4976 in
633 4923 780 4976 hunc
805 4921 1326 4978 modum’faciemus
1361 4939 1375 4974 :

2225 4931 2344 4998 μεῖν
2382 4924 2472 4979 τοῦ
2501 4925 2656 4993 λόγου
2692 4925 2815 4984 τοὺς
2858 4921 2924 4972 δι’
2956 4918 3221 4978 ἐναντίας,
3260 4899 3804 4979 ἁντιπαραταξόμεθα

535 5015 611 5076 δὲ,
643 5012 710 5065 δι’
744 5012 962 5082 ὀλίγων,
983 5015 1061 5075 ὡς
1090 5008 1200 5066 οἷόν
1236 5031 1295 5067 τε
1335 5015 1845 5085 κεκακουργημένον
1879 5016 1995 5085 ἅμα
2025 5015 2118 5070 καὶ
2155 4993 2363 5086 ἀμαθὲς
2385 5015 2773 5084 ἀποφαίνοντες
2798 5011 2897 5082 τῆς
2925 5009 3186 5080 πονηρίας
3213 5004 3391 5059 αὐτῶν
3442 5000 3504 5053 τὸ
3566 4993 3803 5068 μυσαρὸν

531 5105 932 5177 φιλοτέχνημα.
955 5105 1068 5160 Καὶ
1089 5105 1153 5174 δὴ
1193 5107 1285 5159 καὶ
1313 5106 1437 5178 ἐροῦ
1447 5123 1563 5177 μεν·

613 5195 673 5252 Si
734 5194 1117 5252 tantummodo
1161 5211 1228 5250 ex
1262 5211 1328 5252 eo
1374 5198 1517 5266 quod
1570 5197 1910 5266 diligitur'ac
1944 5197 2074 5270 dilig

2279 5191 2349 5247 Ei
2379 5193 2466 5246 διὰ
2500 5191 2659 5261 μόνον
2713 5191 2774 5243 τὸ
2821 5187 3145 5259 ’ἀγαπᾶσθαι
3207 5187 3302 5238 καὶ
3353 5182 3575 5251 ἀγαπᾷν
3609 5181 3639 5232 ὁ
3681 5179 3804 5244 Υἱὸς

542 5287 714 5343 Filius
747 5289 892 5342 inest
923 5287 1097 5354 Patri,
1160 5289 1356 5345 eadem
1397 5291 1612 5344 ratione
1657 5303 1717 5346 et
1765 5305 1864 5345 nos
1903 5291 1956 5345 in
1997 5289 2078 5360 ips

2215 5285 2390 5338 ἔνεστι
2422 5282 2500 5353 τῷ
2527 5282 2722 5352 Πατρὶ,
2759 5279 2898 5334 κατὰ
2926 5279 3014 5332 τὸν
3037 5275 3195 5330 αὑτὸν
3225 5273 3414 5327 τοῦτον
3439 5272 3620 5339 λόγον,
3653 5271 3808 5340 ἡμεῖς

543 5388 596 5434 et
629 5381 742 5446 ipse
771 5379 825 5432 in
857 5379 1040 5442 nobis,
1085 5395 1190 5434 nec
1228 5380 1373 5435 aliud
1398 5380 1570 5434 ullum
1600 5381 1881 5435 vinculum
1915 5358 2073 5448 reper

2214 5391 2271 5427 τε
2302 5375 2359 5426 ὲν
2385 5372 2530 5442 αὑτῷ
2563 5371 2656 5425 καὶ
2689 5370 2851 5434 αὑτὸς
2881 5371 2938 5422 ὲν
2965 5370 3115 5439 ἡμῖν,
3148 5365 3244 5419 καὶ
3281 5361 3477 5432 δεσμὸς
3507 5361 3609 5431 μὲν
3639 5358 3807 5418 οὐδεὶς

544 5477 636 5523 tur
665 5469 811 5538 quod
837 5470 1136 5542 cunjungat
1169 5473 1253 5528 vel
1301 5471 1450 5526 Patri
1481 5469 1823 5536 Filium,'vel
1857 5485 1960 5525 nos
1989 5469 2074 5538 ips

2217 5468 2500 5522 συνάπτων
2531 5465 2723 5536 ὁρᾶται
2762 5463 2967 5534 ἕτερος,
2991 5459 3024 5530 ἢ
3051 5459 3129 5535 τῷ
3151 5455 3326 5526 Πατρὶ
3345 5455 3434 5506 τὸν
3451 5451 3603 5517 Υίὸν,
3645 5450 3808 5520 ἤγουν

544 5569 598 5616 et
633 5561 814 5631 ipsum
842 5560 998 5616 nobis
1032 5580 1045 5616 :
1087 5563 1379 5633 quomodo,
1409 5579 1616 5634 quaeso,
1653 5571 1744 5616 aut
1769 5575 1875 5631 qua
1908 5561 2078 5614 ration

2217 5562 2363 5630 ἡμᾶς
2405 5559 2574 5630 αὐτῷ,
2616 5559 2711 5611 καὶ
2739 5556 2900 5610 αὑτὸν
2939 5555 3089 5626 ἡμῖν·
3120 5549 3234 5613 πῶς
3265 5547 3300 5618 ἦ
3329 5547 3417 5601 διὰ
3436 5543 3560 5598 τίνα
3589 5542 3808 5613 τρόπον,

621 5739 668 5772 ’⁵
697 5737 842 5793 Psal.
869 5751 1092 5800 Lxutx,
1119 5737 1177 5792 ’4.
