4076 6270
337 311 449 369 269

1345 314 1416 370 ΙΝ
1452 313 1735 379 JOANNIS
1766 312 2215 372 EVANGELIUM
2251 314 2381 374 LIB.
2420 318 2513 375 lX.

3530 337 3636 401 270

337 433 467 491 εἰπε
520 451 634 501 μοι,
666 436 848 507 φησὶν,
894 434 971 499 ὡς
996 433 1057 489 ὲν
1092 431 1279 505 ὶκείνῃ
1315 435 1382 507 τῇ
1410 433 1595 505 ἡμέρα
1617 432 1899 503 γνωσόμεθ

2008 428 2100 495 ,ἱη
2145 431 2241 488 illo
2287 436 2375 492 die
2420 450 2821 508 cognoscemus
2858 442 3024 516 hujus
3062 450 3431 520 mysterium?
3465 453 3625 517 Non-

336 525 403 579 τδ
434 527 566 597 περὶ
592 526 779 581 τούτου
801 527 1098 600 μυστήριον
1121 542 1136 592 ;
1166 524 1321 581 οὔπω
1349 525 1478 596 γὰρ,
1510 525 1652 585 κατά
1677 524 1740 578 τὸ
1764 524 1932 589 εἰκὸς,

341 618 661 685 ἐγνώκαμεν
696 619 777 671 ὅτι
800 619 830 671 ὁ
857 617 1047 690 Πατὴρ
1085 617 1182 689 μὲν
1204 617 1296 671 τὸν
1318 617 1447 671 Υἱὸν
1495 617 1710 688 ἀγαπᾷ,
1743 616 1935 687 ἀγαπᾷ

341 708 400 761 δὲ
421 709 512 761 καὶ
531 707 688 771 αὐτὸς
730 708 823 762 τὸν
846 709 1086 780 Πατέρα*
1123 708 1240 765 ἀλλ’
1270 708 1380 765 οὐδ’
1405 707 1563 778 ίσμεν
1587 726 1674 764 πω
1696 708 1841 779 τάχα
1866 705 1935 761 τὰ

344 799 464 852 καθ’
487 800 728 863 ἑαυτοὺς,
759 799 1018 870 λογισμὸς
1047 800 1104 855 δὲ
1119 800 1266 871 ἡμᾶς
1279 800 1555 865 διαπαίζει
1577 799 1733 864 κενὸς
1751 799 1933 870 οἰομέ-

339 906 459 951 νους
490 890 570 943 ὅτι
605 890 858 961 ἠγάπησε
888 892 987 962 μὲν
1019 891 1168 962 ἡμᾶς
1195 891 1224 944 ὁ
1248 890 1396 956 Υἱὸς,
1425 893 1521 945 καὶ
1553 890 1642 946 διὰ
1670 889 1830 944 τοῦτο
1855 888 1934 961 τῷ

334 982 510 1053 Harp).
537 985 933 1053 κατεκτήσατο,
957 985 1330 1056 ἠγαπήσαμεν
1370 986 1429 1039 δὲ
1450 984 1543 1039 καὶ
1565 985 1725 1057 ἡμεῖς
1746 984 1930 1039 αὐτόν.

326 1072 519 1139 Λέγων
552 1073 659 1145 γὰρ
690 1074 771 1141 τὸ,
807 1093 828 1126 ι
870 1076 958 1129 Ἐν
985 1075 1170 1147 ἐκείνῃ
1215 1079 1280 1147 τῇ
1349 1077 1535 1148 ἡμέρᾳ
1575 1074 1869 1143 γνώσεσθε,
1904 1093 1927 1129 a

327 1162 483 1218 οΰπω
538 1166 784 1237 παρόντα
829 1167 1065 1221 δεικνύει
1120 1166 1214 1220 τὸν
1254 1167 1354 1237 τῆς
1405 1167 1665 1237 είδήσεως
1717 1166 1929 1237 χρόνον.

329 1253 462 1309 Εἶτα
488 1256 541 1309 τί
575 1257 751 1328 μάτην
770 1258 915 1328 ἡμᾶς
945 1257 1278 1312 κατεκτύπει
1299 1258 1477 1326 λέγων
1494 1260 1523 1311 ὁ
1547 1257 1767 1329 Κύριος·
1804 1276 1825 1310 ι
1872 1257 1931 1310 '0

328 1348 520 1418 Πατὴρ
548 1349 737 1419 ἀγαπᾷ
765 1348 856 1401 τὸν
894 1348 1027 1403 Υίόν
1045 1365 1092 1413 ;›
1135 1349 1258 1402 Ὅτι
1292 1353 1400 1419 γὰρ
1427 1348 1522 1403 καὶ
1553 1349 1715 1412 αὐτὸς
1741 1350 1930 1418 ἀγαπᾷ

325 1440 419 1493 τὸν
452 1441 693 1512 Πατέρα,
722 1441 804 1503 τίς
834 1441 934 1494 οὐκ
966 1441 1120 1511 ἐρεῖς
1157 1439 1281 1504 Πῶς
1303 1441 1381 1504 δὲ,
1411 1441 1533 1494 είπέ
1571 1457 1681 1511 μοι,
1713 1440 1809 1495 καὶ
1831 1441 1931 1511 τῆς

325 1533 409 1595 είς
432 1534 580 1602 ἡμᾶς
616 1533 889 1597 ἀπόδειξιν
917 1534 1156 1586 ἐποιεῖτο
1201 1533 1346 1603 σαφῆ
1386 1533 1448 1586 τὸ
1488 1533 1704 1587 ἑλέσθαι
1736 1532 1931 1586 παθεῖν

324 1624 472 1694 ὑπὲρ
505 1625 690 1694 ἡμῶνς
731 1644 748 1676 ι
786 1625 971 1689 Μείξω
1002 1625 1132 1698 γάρ,
1163 1626 1316 1697 φησὶ,
1340 1623 1546 1695 ταύτης
1577 1624 1677 1695 τῆς
1707 1624 1930 1694 ἀγάπης

320 1715 506 1778 οὐδεὶς
541 1715 681 1785 ἔχει,
734 1716 819 1768 ἵνα
866 1733 954 1779 τις
998 1716 1099 1786 τὴν
1127 1716 1301 1787 ψυχὴν
1336 1715 1500 1770 αὐτοῦ
1537 1715 1603 1788 θῇ
1644 1714 1784 1787 ὑπὲρ
1822 1715 1930 1771 τῶν

2038 522 2169 579 dum
2205 526 2373 591 enim,
2404 536 2464 583 ut
2497 530 2736 603 videtur,
2777 539 3163 609 cognoscimus
3192 541 3414 603 Patrem
3453 547 3621 622 817

2035 616 2258 708 quidem
2291 617 2524 692 diligere
2560 622 2784 692 Filium,
2814 635 2869 683 et
2898 630 3046 688 hunc
3096 633 3334 705 diligere
3361 616 3628 708 Patrem}

2036 707 2132 762 sed
2176 722 2247 762 ne
2281 724 2382 767 nos
2425 713 2646 783 quidem
2688 723 3063 789 agnoscimus,
3096 740 3290 782 verum
3337 730 3485 789 ratio
3523 707 3629 788 nos

2035 813 2175 854 vana
2211 799 2443 868 deludit,
2477 805 2569 875 qui
2601 816 2859 877 putamus
2886 812 3084 871 Filium
3131 833 3237 875 nos
3268 819 3534 879 dilexisse
3564 838 3631 881 ae

2032 891 2264 959 proinde
2296 891 2449 949 Patri
2492 900 2880 969 acquisivisse,
2927 920 3140 979 nosque
3181 925 3307 967 cum
3342 912 3626 973 dilexisse.

2033 979 2235 1043 Dicens
2278 986 2429 1042 enim
2466 1006 2480 1043 :
2519 1008 2539 1042 ι
2579 990 2638 1046 in
2686 992 2782 1048 illo
2827 995 2917 1051 die
2962 1002 3331 1070 cognoscetis,
3379 1023 3401 1058 ι
3435 1010 3624 1079 cogni-

2033 1072 2204 1133 tionis
2232 1084 2453 1148 tempus
2494 1083 2741 1140 nondum
2769 1086 2963 1144 adesse
3004 1092 3273 1151 ostendit.
3319 1092 3462 1161 Quid
3492 1072 3624 1169 ergo

2034 1162 2241 1221 frustra
2292 1169 2457 1226 nobis
2512 1172 2736 1229 insonat
2769 1174 3060 1248 Dominus,
3094 1182 3331 1240 dicens:
3382 1205 3403 1239 ι
3459 1162 3623 1249 Pater

2033 1254 2210 1329 diligit
2239 1257 2442 1315 Filium
2491 1263 2555 1317 ⁷⁵.
2596 1283 2615 1316 ι
2649 1263 2787 1322 Nam
2816 1277 2872 1325 et
2905 1270 3086 1340 ipsum
3125 1275 3354 1347 diligere
3394 1277 3610 1343 Patren

2032 1349 2158 1427 quis
2191 1366 2301 1407 non
2325 1352 2506 1409 dicet?
2531 1354 2821 1422 Quomodo
2847 1369 3055 1428 autem,
3074 1382 3289 1436 quaeso,
3313 1371 3479 1426 etiam
3504 1388 3614 1431 sua

2033 1437 2090 1493 in
2124 1455 2227 1496 nos
2272 1440 2593 1502 dilectionis
2644 1447 3001 1506 manifestum
3048 1455 3316 1513 indicium
3355 1459 3613 1521 afferebat

2029 1529 2177 1600 quod
2213 1547 2312 1601 pro
2357 1534 2521 1592 nobis
2554 1539 2667 1609 pati
2722 1540 3032 1598 voluisset?
3064 1563 3087 1598 ,ι
3137 1545 3399 1619 Majorem
3430 1554 3613 1621 enim,

2031 1623 2231 1695 inquit,
2278 1625 2384 1685 hac
2427 1628 2782 1690 dilectionem
2819 1651 2981 1692 nemo
3027 1638 3226 1706 habet,
3266 1652 3324 1698 ut
3372 1647 3612 1712 animam

2030 1728 2187 1769 suam
2227 1725 2396 1785 ponat
2420 1718 2545 1788 quis
2583 1735 2684 1791 pro
2712 1723 3006 1780 amicis"'.
3053 1743 3074 1778 ›
3106 1728 3216 1782 Aut
3241 1744 3342 1785 cur
3371 1732 3522 1804 diligi
3551 1749 3613 1789 xc

321 1806 497 1874 φίλων
525 1805 713 1860 αὐτοῦ.
755 1826 773 1855 ο
810 1807 875 1860 Τί
905 1808 963 1861 δὲ
999 1807 1126 1878 παρ’
1156 1807 1311 1877 ἡμῶν
1329 1807 1430 1879 τὴν
1457 1809 1539 1872 εἰς
1569 1808 1762 1863 ἑαυτὸν
1786 1810 1904 1878 ἀγάι

2028 1820 2058 1860 a
2087 1808 2249 1864 nobis
2299 1811 2593 1869 manifeste
2626 1815 2871 1884 petebat,
2922 1824 3089 1889 atque
3140 1820 3217 1876 ita
3266 1822 3604 1881 voluntatem

322 1914 433 1968 πην
467 1897 651 1969 ἐζήτει
678 1896 884 1967 σαφῶς,
934 1898 1023 1952 διά
1046 1914 1107 1951 τε
1135 1897 1292 1951 τοῦτο
1327 1899 1572 1970 πληροῦν
1606 1899 1921 1969 ἐπείγεσθαι

319 1992 389 2045 τὰ
434 1989 697 2044 δοκοῦντα
723 1989 906 2061 αὐτῷ;
944 2009 964 2043 ί
1009 1992 1068 2045 '0
1097 1992 1201 2061 γὰρ
1230 1990 1459 2060 ἀγαπῶν
1493 2009 1583 2065 με,
1639 1994 1794 2064 φησὶ,
1822 1993 1921 2059 τὰς

319 2084 538 2146 ἐντολάς
585 2100 687 2153 μου
716 2085 965 2155 τηρήσει.
1001 2102 1023 2135 ι
1058 2084 1200 2137 Πότε
1238 2084 1349 2157 γὰρ
1374 2084 1472 2157 τὴν
1518 2084 1669 2141 θείαν
1699 2086 1919 2159 ἐντολὴν

320 2179 650 2247 τηρήσομεν,
705 2178 783 2240 ε’ίς
812 2177 874 2230 τὸ
906 2177 1081 2248 παρὸν
1113 2178 1521 2249 άλογήσαντεςς
1566 2180 1695 2235 Ὅτε
1741 2180 1920 2233 τοίνυν

324 2267 616 2321 πιστεῦσαι
670 2268 767 2339 μὲν
809 2268 978 2334 ἀξιον,
1011 2269 1094 2323 ὅτι
1133 2269 1280 2340 φιλεῖ
1306 2271 1335 2325 ό
1365 2271 1492 2335 Υἱὸς
1532 2271 1624 2327 τὸν
1671 2272 1915 2343 Πατέρα,

327 2358 520 2430 ἀγαπᾷ
545 2358 603 2411 δὲ
636 2360 800 2430 ἡμᾶς,
822 2361 916 2415 xal.
955 2361 1086 2431 παρ’
1132 2362 1292 2433 ἡμῶν
1331 2363 1637 2431 ἀγαπᾶται,
1664 2364 1781 2429 πῶς
1812 2364 1914 2418 οὐκ

331 2448 622 2503 ἀκόλουθον
636 2450 831 2504 ἐννοεῖν
846 2450 1029 2523 ἔτερόν
1038 2468 1091 2505 τι
1116 2451 1508 2522 βεϐουλεῦσθαι
1527 2470 1737 2525 καταση
1745 2454 1911 2525 μῆναι

327 2539 420 2595 τὸν
439 2540 586 2604 Υἱὺν,
605 2543 697 2596 καὶ
710 2541 802 2596 τὸν
812 2542 1169 2615 τῆςὲνώσεως
1185 2542 1389 2616 τρόπον
1409 2545 1470 2598 οὐ
1493 2543 1570 2616 τῷ
1579 2544 1679 2615 τῆς
1693 2546 1911 2615 ἀγάπης

323 2630 603 2702 ὁρίζεσθαι
652 2633 820 2705 νόμῳ,
875 2634 1078 2705 μᾶλλον
1102 2634 1162 2689 δὲ
1187 2636 1313 2691 καθ’
1342 2636 1532 2709 ἕτερόν
1555 2654 1678 2691 τινα
1711 2637 1911 2709 τρόπον

200 2772 209 2779 .
322 2723 759 2794 είσκεκομικέναι
773 2725 1109 2794 σαφῶς,ὃταν
1121 2726 1256 2800 λέγῃ
1270 2727 1408 2799 πρὸς
1419 2729 1587 2799 ἡμᾶς.
1598 2749 1617 2781 ι
1627 2729 1718 2784 Ἐν
1729 2730 1914 2803 ἐκείνῃ

316 2818 384 2887 τῇ
414 2816 597 2888 ἡμέρᾳ
650 2817 921 2887 γνώσεσθε
959 2821 1041 2874 ὅτι
1094 2819 1206 2889 ἐγὼ
1237 2822 1295 2874 ὲν
1322 2820 1402 2892 τῷ
1446 2821 1626 2893 Πατρί
1657 2838 1781 2892 μου,
1810 2824 1908 2876 καὶ

317 2908 477 2979 ὑμεῖς
513 2911 571 2961 ὲν
599 2911 740 2980 ἐμοὶ,
773 2908 931 2979 κάγὼ
967 2911 1026 2964 ὲν
1053 2910 1217 2980 ὐμίνς
1251 2929 1270 2962 ι

398 2998 538 3052 Ἀλλ’
576 3001 694 3069 ἐρεῖ
737 2999 874 3070 πρὸς
919 2998 1075 3053 τοῦτο
1114 2999 1276 3070 τυχὸν
1316 3001 1346 3054 ὁ
1391 3000 1461 3053 δι’
1488 3001 1761 3067 ἐναντίας,
1817 3003 1904 3059 ὅτι

2030 1913 2188 1954 suam
2232 1915 2261 1954 a
2297 1902 2458 1957 nobis
2486 1904 2750 1975 impleri?
2794 1906 2953 1976 Nam,
2993 1928 3015 1963 ι
3042 1908 3099 1965 Si
3133 1912 3260 1983 quis
3277 1911 3452 1986 diligit
3483 1931 3607 1983 me,

2027 1991 2226 2060 inquit,
2261 1993 2520 2053 mandata
2568 2011 2686 2052 mea
2736 2000 2982 2056 servabit
3011 2001 3079 2056 ".
3136 2021 3156 2056 ι
3199 2005 3429 2072 Quando
3458 2008 3607 2064 enim

2024 2081 2276 2139 divinum
2326 2086 2647 2142 mandatum
2690 2091 3056 2159 servabimus,
3104 2095 3202 2165 qui
3263 2098 3318 2155 in
3362 2114 3605 2168 praesens

2030 2172 2167 2228 illud
2210 2175 2589 2249 negligamus?
2635 2179 2771 2235 Cum
2821 2197 2955 2253 ergo
3000 2185 3229 2242 credere
3271 2203 3502 2248 necesse
3533 2192 3609 2255 sit

2026 2262 2222 2325 Filium
2254 2267 2479 2338 diligere
2518 2267 2763 2336 Patrem,
2804 2287 3016 2344 nosque
3052 2277 3122 2333 ab
3155 2277 3297 2349 ipso,
3324 2288 3380 2337 et
3420 2282 3603 2354 ipsum

2021 2370 2052 2410 a
2088 2359 2246 2413 nobis
2275 2359 2464 2431 diligi,
2496 2363 2785 2432 quomodo
2819 2379 2932 2420 non
2972 2369 3326 2440 cogitandum
3353 2376 3605 2445 sequitur

2018 2451 2167 2505 aliud
2201 2452 2463 2521 quiddam
2504 2453 2817 2524 significare
2842 2458 3084 2516 voluisse
3113 2458 3336 2531 Filium,
3363 2475 3418 2520 et
3445 2467 3605 2524 uuio‘

2020 2539 2104 2595 nis
2146 2541 2367 2595 modum
2414 2558 2523 2597 non
2564 2543 2880 2602 dilectionis
2919 2550 3041 2621 lege
3077 2552 3329 2623 deﬁnire,
3359 2557 3459 2612 sed
3490 2559 3603 2623 alia

2016 2630 2251 2702 quadam
2302 2632 2518 2689 ratione
2565 2635 2714 2691 clare
2761 2640 3108 2711 exposuisse,
3164 2659 3290 2701 cum
3322 2649 3401 2705 ait
3431 2670 3449 2708 :
3485 2672 3509 2707 ι
3537 2653 3601 2711 In

2015 2723 2111 2776 illo
2143 2722 2231 2777 die
2261 2726 2629 2795 cognoscetis,
2661 2729 2789 2798 quia
2827 2746 2929 2803 ego
2957 2731 3014 2788 in
3044 2733 3210 2792 Patre
3237 2752 3384 2807 meo,
3411 2751 3468 2799 et
3495 2756 3600 2802 vos

2018 2808 2073 2863 in
2106 2825 2211 2875 me,
2256 2822 2309 2865 et
2337 2827 2441 2879 ego
2470 2814 2527 2867 in
2556 2815 2756 2872 vobis?

2082 2989 2191 3046 Sed
2226 2990 2415 3051 forsan
2459 2994 2528 3050 ad
2558 2994 2665 3052 hoc
2709 2998 2859 3055 dicet
2897 3001 3280 3073 adversarius,
3307 3006 3592 3067 Christum

315 3092 425 3161 πρὸ
463 3091 566 3163 μὲν
613 3092 707 3145 τοῦ
748 3092 957 3157 πάθους
980 3092 1048 3146 τὰ
1073 3090 1295 3146 τοιαῦτα
1328 3093 1466 3165 πρὸς
1491 3095 1637 3165 ἡμᾶς
1672 3095 1899 3167 λελάλησ

2008 3089 2132 3141 ante
2176 3086 2490 3156 passionem
2529 3089 2752 3159 quidem
2786 3091 2907 3149 haec
2928 3095 2998 3150 ad
3028 3112 3131 3153 nos
3164 3098 3412 3157 locutum
3441 3119 3592 3175 esse,

314 3196 411 3233 κεν
434 3183 463 3234 ὁ
489 3181 745 3251 Χριστὸς,
776 3180 853 3245 ῶς
876 3181 1064 3252 ἀγαπᾷ
1091 3180 1193 3251 μὲν
1218 3182 1383 3246 αὐτὸς
1411 3182 1504 3236 τὸν
1528 3184 1769 3257 Πατέρα,
1799 3186 1899 3241 ικαὶ

312 3272 691 3340 ἀνταγαπᾶται
727 3273 877 3344 παρά
916 3272 1011 3327 τοῦ
1041 3274 1274 3346 Πατρὸς,
1303 3275 1495 3349 ἀγαπᾷ
1523 3277 1581 3332 δὲ
1611 3278 1901 3350 καὶιήμᾶς,

311 3362 406 3416 καὶ
438 3365 596 3434 ἡμεῖς
626 3364 789 3418 αὐτόν
817 3381 833 3397 ⁸
871 3364 1008 3435 μετὰ
1034 3365 1093 3419 δέ
1125 3382 1190 3434 γε
1233 3366 1295 3421 τὺ
1340 3367 1512 3433 πάθος
1558 3370 1651 3424 καὶ
1690 3369 1792 3442 τὴν
1834 3372 1902 3425 ὲκ

311 3453 522 3524 νεκρῶν
559 3454 873 3520 ἀναϐίωσιν,
905 3456 1136 3528 ἐπείπερ
1165 3457 1382 3530 εἴδομεν
1414 3459 1789 3532 διαρῤήξαντα
1822 3462 1902 3523 ’τὰ

310 3540 406 3595 τοῦ
445 3541 676 3595 θανάτου
714 3542 910 3612 δεσμὰ,
937 3544 1258 3616 ἐγνώκαμεν
1300 3548 1383 3601 ὅτι
1412 3549 1474 3604 ὲν
1507 3550 1681 3620 Πατρί
1723 3553 1895 3617 ἐστιν,

313 3633 413 3687 ειτε
443 3633 507 3704 δὴ
536 3635 628 3685 καὶ
658 3633 1041 3704 ἀγαπώμενος,
1067 3636 1157 3690 διά
1182 3655 1243 3691 τε
1268 3638 1428 3692 τοῦτο
1451 3639 1544 3695 Kal.
1568 3641 1805 3706 ἀναστὰς
1833 3644 1899 3701 ὲκ

314 3723 561 3792 νεκρῶν·
592 3723 678 3776 διὰ
718 3724 875 3777 τοῦτο
907 3725 1002 3778 καὶ
1047 3727 1210 3791 αὐτὸς
1246 3728 1304 3783 ἐν
1334 3730 1465 3800 ἡμῖν
1509 3730 1605 3787 καὶ
1637 3732 1796 3803 ἡμεῖς
1828 3734 1899 3795 ,ὲν

316 3813 488 3884 αὐτῷ,
522 3814 661 3869 κατά
692 3815 783 3869 τὸν
814 3817 977 3871 αὐτὸν
1011 3820 1111 3889 τῆς
1142 3820 1362 3891 ἀγάπης
1391 3821 1568 3891 λόγον.
1614 3823 1804 3895 Ἡμεῖς
1834 3825 1897 3880 δὲ

315 3902 456 3974 πρὸς
486 3903 641 3958 τοῦτό
679 3922 878 3977 φαμεν,
913 3908 1149 3979 μάλιστα
1202 3911 1303 3982 μὲν
1344 3912 1598 3985 ληρώδης
1638 3916 1766 3987 ὑμῖν
1802 3919 1896 3973 καὶ

310 3995 572 4059 ἀσύνετος
622 3999 917 4067 παντελῶς,
948 4002 1050 4055 καὶ
1096 4002 1185 4057 διά
1233 4003 1455 4076 σαθρῶν
1488 4003 1593 4060 εἰσι
1641 4006 1814 4078 λόγων
1856 4012 1891 4083 ὴ

304 4089 599 4154 ἀντίθεσις.
649 4092 817 4164 Πλὴν,
859 4088 903 4149 ῶ
933 4099 1191 4164 γενναῖοι,
1212 4098 1584 4170 -διασκέψασθε
1619 4104 1782 4159 πάλιν
1807 4106 1890 4160 ὅτι

304 4183 416 4255 πρὸ
442 4184 540 4255 τῆς
570 4186 633 4239 ὲκ
678 4187 886 4258 νεκρῶν
913 4189 1263 4257 ἀναστάσεως
1290 4193 1428 4266 ὅπερ
1456 4194 1714 4267 ἔγνωμεν
1753 4198 1889 4268 ἀλη-

298 4273 433 4337 θῶς,
480 4276 581 4328 οὐκ
631 4275 736 4330 ἔδει
790 4278 977 4348 μαθεῖν
1013 4281 1150 4350 μετά
1187 4282 1284 4354 τὴν
1330 4285 1645 4344 ἀνάστασιν.
1682 4288 1745 4342 Ei
1787 4290 1888 4359 μὲν

301 4363 415 4434 γὰρ
458 4365 667 4429 ἀτελῶς
700 4368 1068 4440 -ὲπιστεύομεν
1112 4371 1203 4424 τὸν
1249 4372 1378 4425 Υἱὸν
1428 4376 1745 4443 ἀγαπᾶσθαι
1787 4378 1885 4448 μὲν

2005 3190 2203 3247 nempe
2221 3179 2367 3248 quod
2387 3179 2509 3249 ipse
2539 3182 2759 3252 quidem
2784 3182 3003 3241 Patrem
3039 3187 3236 3262 diligat
3260 3199 3315 3246 et
3339 3194 3589 3251 vicissim

2007 3268 2271 3341 diligatur
2310 3286 2339 3326 a
2376 3270 2566 3341 Patre,
2613 3274 2866 3345 adeoque
2898 3292 3001 3334 nos
3035 3280 3153 3349 ipse
3184 3282 3375 3355 diligat
3403 3294 3459 3341 et
3484 3302 3590 3345 nos

2004 3360 2224 3433 ipsum;
2273 3362 2369 3417 sed
2416 3372 2549 3435 post
2589 3367 2905 3436 passionem
2955 3377 3009 3427 et
3050 3374 3517 3435 resurrectionem
3555 3393 3589 3434 a

2003 3454 2264 3517 mortuis,
2324 3465 2618 3525 postquam
2673 3459 3006 3529 agnovimus
3059 3477 3186 3518 eum
3241 3466 3441 3523 mortis
3490 3483 3589 3524 ru-

1998 3541 2149 3613 pisse
2180 3543 2424 3611 vincula,
2465 3557 2825 3617 perspectum
2872 3551 3037 3608 nobis
3072 3551 3249 3611 fuisse
3298 3572 3424 3614 eum
3459 3574 3586 3618 esse

2001 3634 2058 3690 in
2102 3634 2290 3703 Patre,
2337 3645 2527 3708 utpote
2564 3640 2842 3696 dilectum
2884 3657 2949 3698 ac
2992 3644 3230 3714 proinde
3275 3661 3305 3702 a
3348 3652 3583 3708 mortuis

1999 3727 2336 3795 excitatum;
2368 3728 2583 3785 idcirco
2610 3739 2665 3786 et
2704 3731 2888 3802 ipsum
2927 3749 3052 3791 esse
3097 3736 3154 3795 in
3189 3738 3352 3796 nobis
3382 3749 3438 3796 et
3477 3757 3584 3801 nos

1998 3817 2056 3873 in
2087 3818 2231 3891 ipso,
2246 3821 2546 3877 secundum
2564 3823 2810 3881 eamdem
2826 3825 3139 3885 dilectionis
3154 3832 3450 3892 rationem.
3467 3833 3581 3894 Nos

1997 3915 2182 3964 autem
2196 3912 2593 3982 respondemus
2606 3911 2858 3974 frivolam
2872 3929 3066 3981 esseet
3085 3923 3331 3993 putidam
3347 3941 3579 3997 prorsus

1996 4000 2779 4072 objectionem.Verumtamcn
2792 4013 3139 4075 considerate
3151 4023 3576 4093 rursus,oboni,

1993 4107 2105 4153 non
2138 4093 2316 4153 fuisse
2348 4098 2509 4156 nobis
2547 4115 2687 4171 opus
2720 4113 2847 4173 post
2875 4109 3577 4175 resurrectionemdiscere

1991 4182 2141 4253 quod
2163 4195 2291 4242 ante
2302 4191 2764 4254 resurrectionem
2787 4210 2915 4253 vere
2938 4200 3324 4271 cognovimus.
3346 4202 3406 4259 Si
3423 4206 3569 4261 enim

1991 4273 2310 4346 imperfecte
2327 4280 2691 4349 credebamus
2717 4285 2871 4358 diligi
2896 4302 2936 4349 .a
2969 4303 3072 4344 suo
3088 4287 3258 4348 Patre
3276 4292 3483 4353 Filium
3515 4305 3573 4353 et

1987 4367 2141 4427 hunc
2161 4372 2411 4431 vicissim
2442 4375 2665 4437 Patrem
2696 4378 2941 4453 diligere,
2975 4385 3347 4455 exspectanda
3375 4388 3568 4460 utique

298 4455 457 4527 παρὰ
485 4457 579 4511 τοῦ
615 4459 743 4513 ίδὶου
789 4461 1020 4531 Πατρὸς,
1062 4463 1284 4533 ἀγαπᾷν
1333 4463 1391 4518 δὲ
1443 4467 1538 4520 καὶ
1587 4469 1753 4522 αὑτὸν
1789 4470 1884 4523 τὸν

2008 4470 2107 4517 πει
2136 4466 2496 4533 resurrectio,
2548 4478 2607 4527 ut
2651 4472 2987 4540 cognitionis
3016 4476 3408 4547 perfectionem
3440 4455 3570 4539 inde

294 4546 542 4617 Πατέρα,
572 4550 883 4619 περιμένειν
903 4551 1088 4614 θντως
1120 4553 1286 4622 ἐχρῆν
1323 4553 1763 4625 meum»),
1794 4558 1884 4615 ἵνα

2008 4562 2749 4627 ιοηεθιιυετεῐηυτ..ριιος1,εἰ
2797 4580 2961 4629 verax
2998 4575 3126 4623 .erat
3160 4567 3368 4635 .Pater,
3396 4572 3564 4628 etiam

294 4638 402 4709 τῆς
427 4638 679 4706 γνώσεως
710 4639 920 4711 ἔχωμεν
942 4642 1163 4696 ἐκεῖθεν
1195 4644 1292 4714 τὴν
1319 4644 1652 4720 τελειότητα.
1690 4649 1765 4703 Et
1824 4648 1883 4706 ἃὲ

294 4729 613 4794 ἀξιόπιστος
648 4732 678 4784 ό
700 4732 899 4804 Πατὴρ
923 4773 937 4799 ,
988 4734 1083 4787 καὶ
1124 4735 1232 4806 πρὸ
1268 4735 1366 4806 τῆς
1407 4737 1756 4805 ἀναστάσεως
1791 4740 1882 4796 λέ·-

296 4837 443 4890 γων·
473 4841 492 4875 ι
522 4824 692 4889 Αὐτός
726 4826 878 4880 ἐστιν
904 4828 950 4880 κὸ
989 4826 1121 4885 Υἱός
1152 4845 1269 4899 μου
1318 4828 1348 4881 ό
1379 4830 1680 4902 ἀγαπητὸς,
1705 4834 1885 4906 iam.

286 4912 450 4968 θεύει
500 4914 556 4970 δὲ
599 4916 695 4969 καὶ
722 4916 901 4979 Δαὐτὸς
950 4917 986 4968 ιό
1028 4918 1245 4991 Σωτὴρ,
1274 4918 1488 4988 λέγων,
1517 4940 1544 4974 .ι
1595 4923 1661 4993 ’0⁸
1693 4926 1882 4998 Πατὴρ

294 5006 486 5075 ἀγαπᾷ
527 5007 618 5059 τὸν
665 5006 812 5060 Υίόν·
854 5025 874 5059 ι
908 5006 953 5059 μό
995 5008 1054 5063 δὲ
1100 5010 1199 5081 τῆς
1241 5011 1462 5081 ἀγάπης
1507 5013 1664 5082 λόγος
1712 5024 1772 5077 εν
1813 5020 1878 5089 τῇ

294 5096 437 5151 κατά
470 5100 577 5151 πᾶν
615 5098 909 5170 τελειότητι
955 5102 1153 5154 νοεῖται
1200 5103 1519 5172 πρεπόντως
1540 5120 1552 5134 ·
1591 5105 1644 5158 τί
1668 5106 1876 5176 ,φληνά-

290 5190 580 5259 φωςὴμᾶς
610 5194 995 5261 κατακροτεῖτε
1026 5192 1244 5260 λόγοις;
1275 5194 1341 5247 Τί
1389 5195 1466 5261 δὲ,
1510 5197 1571 5249 τὸ
1605 5198 1704 5268 τῆς
1728 5198 1876 5269 κάλης

290 5277 447 5339 θείας
491 5277 904 5349 παρωθούμενοι
951 5280 1164 5346 κάλλος,
1209 5281 1271 5334 τὺ
1309 5282 1549 5346 δυσειδὲς
1581 5286 1712 5354 ἡμῖν
1740 5286 1872 5340 ἀναο

289 5371 558 5423 πλάττετε
610 5371 821 5439 ψεῦδος,
856 5372 1183 5437 -ὲξέλκοντες
1234 5374 1331 5443 μὲν
1377 5375 1476 5443 τῆς
1528 5376 1621 5429 τοῦ
1664 5377 1875 5448 Πατρὸς

282 5459 476 5523 οὐσίας
505 5460 595 5512 τὸν
628 5460 686 5523 ἐξ
720 5461 892 5515 ,αὐτοῦ
939 5461 1136 5515 καὶςδϋ
1164 5462 1328 5516 αὑτοῦ
1370 5463 1520 5528 Υἱὺν,
1555 5464 1785 5535 σαθροὺς
1808 5466 1872 5525 δὲ

276 5550 407 5604 λίαν
431 5552 817 5621 ’ἐπινοοῦμενοι
865 5555 1076 5622 λόγους,
1114 5554 1206 5607 καὶ
1245 5556 1484 5624 στροφὰς
1504 5556 1870 5613 aventavent-

282 5640 534 5706 νοοῦντες
590 5642 1000 5712 συλλογισμῶν;
1035 5645 1154 5695 Ὅτι
1218 5643 1327 5714 γὰρ
1387 5645 1674 5716 ἠγάπησεν
1724 5647 1868 5715 ἡμᾶς

359 5756 406 5789 ⁷⁸
444 5754 593 5813 ioan.
622 5773 712 5819 ιιι,
748 5758 835 5812 55.
921 5760 989 5791 ⁷⁸⁵
1029 5756 1190 5813 Joan.
1220 5775 1314 5824 xv,
1347 5760 1434 5816 15.

1510 5762 1563 5833 ⁷⁸,
1584 5759 1738 5817 Joan.
1772 5778 1881 5827 χεν,
1930 5763 2010 5816 15.

1989 4659 2114 4703 cum
2138 4651 2769 4719 anteresurrectionem
2796 4654 3017 4711 diceret
3050 4673 3066 4711 :
3101 4676 3120 4710 ι
3149 4657 3363 4731 Hicpst
3389 4658 3563 4716 Filius

1980 4752 2149 4801 meus
2169 4737 2416 4801 dilectus
2440 4740 2553 4801 ⁷⁷.)
2581 4749 2645 4796 .et
2678 4742 3243 4817 servatoripsevere
3280 4749 3558 4820 loquitur,

1976 4843 2112 4883 .cum
2148 4830 2238 4891 ait
2284 4830 2544 4895 :;c;Pater
2595 4833 2782 4905 diligit
2837 4836 3039 4896 Filium
3072 4839 3194 4904 75,,»
3238 4839 3558 4903 dilectionis

1991 4930 2172 4977 autem
2202 4922 2383 4992 81-8
2413 4924 2680 4987 rationem
2709 4927 3165 4997 perfectissimam
3209 4930 3426 4997 censeri
3457 4931 3555 4986 de-

1974 5019 2076 5069 -cet
2105 5027 2253 5066 :gcur
2290 5028 2403 5069 .nos
2438 5014 2651 5077 frivolis
2687 5019 3041 5077 sermonibus
3077 5020 3557 5085 ohtunditisI‘aut

1976 5117 2109 5168 cur,
2153 5104 2408 5162 veritatis
2435 5108 2849 5176 pulchritudine
2882 5111 3108 5179 reiecta,
3144 5112 3347 5167 infame
3391 5111 3555 5179 nobis

1981 5194 2330 5250 mendacium
2381 5197 2610 5275 ﬁngitis,
2658 5199 2726 5255 de
2770 5202 3083 5259 substantia
3131 5201 3314 5261 Patris
3361 5200 3554 5259 detru-

1980 5282 2176 5340 dentes
2219 5302 2341 5347 eum
2373 5290 2466 5357 qui
2497 5306 2562 5345 ex
2603 5292 2727 5360 ipso
2768 5300 2821 5346 et
2863 5308 2961 5362 per
2996 5294 3176 5362 ipsum
3212 5299 3295 5348 est
3322 5292 3551 5362 Filium,

1980 5376 2309 5444 excogitatis
2337 5380 2544 5447 putidis
2571 5382 2883 5441 rationibus
2914 5391 2967 5437 et
2994 5383 3359 5451 absurdorum
3389 5399 3558 5460 argu.

1969 5476 2292 5522 .mentorum
2346 5471 2639 5539 strophis?
2712 5472 2869 5538 Quod
2928 5472 3074 5528 enim
3133 5473 3393 5531 dilexerit
3444 5491 3550 5532 nos

1966 5555 2309 5627 .Unigenitus
2342 5575 2578 5629 eumque
2629 5578 2730 5623 nos
2777 5563 3167 5630 dilexerimus,
3192 5566 3375 5633 cuivis
3421 5581 3547 5636 per-

1978 5648 2186 5716 spicere
2242 5650 2444 5712 licebit,
2492 5654 2665 5720 ipsam
2702 5656 2949 5708 veritatis
3002 5664 3251 5709 naturam
3291 5654 3546 5730 conside-

2080 5763 2147 5835 ⁷⁷.
2178 5762 2365 5816 Matth.
2398 5783 2532 5831 uti,
2565 5771 2616 5822 5.
2696 5772 2741 5803 τ’
2773 5770 2928 5826 Joan.
2974 5786 3055 5836 tn,
3096 5771 3184 5825 35.
