4076 6270
527 308 627 367 271

1521 314 1576 372 S.
1617 317 1894 374 CYRIIJJ
1933 315 2404 374 ALEXANDRINI
2442 317 2764 377 ARCHIEP.

3687 333 3799 388 27!

528 422 927 490 rare'volenti.
967 434 1147 490 «Nam
1197 451 1322 491 cum
1352 434 1618 492 informa
1665 440 1759 492 Dei
1806 456 1872 494 ac
1916 439 2098 496 Patris

2206 443 2229 495 ὁ
2254 438 2975 510 Μονογενὴςνὴγαπὴσαμεν
3000 439 3058 493 δὲ
3097 441 3192 494 καὶ
3225 443 3387 512 ἡμεῖς
3417 444 3601 510 αὑτὸν,
3630 449 3793 501 παντί

528 533 697 589 esset.
729 542 838 581 non
870 529 1116 596 rapinam
1144 528 1444 583 arbitratus
1473 538 1558 583 est
1584 546 1707 585 esse
1737 546 1799 586 sc
1831 533 2100 601 aequalem

534 615 670 677 Deo.
724 618 817 672 sed
890 619 1247 688 semetipsum
1307 622 1620 675 exinanivit
1666 622 1902 679 formam
1957 625 2101 680 servi

528 708 811 778 accipiens
838 709 904 763 ⁷³.
936 729 954 760 ι
990 712 1060 762 At
1089 726 1367 780 quaenam,
1406 713 1661 777 obsecro,
1697 715 1895 769 horum
1932 730 2101 771 causa

531 800 675 853 fuit?
700 798 890 855 Nonne
921 800 1239 859 dilectionis
1270 819 1399 874 erga
1437 820 1539 860 nos
1574 806 1753 860 ratio?
1784 806 1854 860 At
1880 807 2101 861 cuinam

527 889 756 944 dubium
808 891 955 945 istud
987 907 1112 947 esse
1151 894 1403 963 poterit?
1435 896 1590 960 Quod
1624 906 1806 952 autem
1834 913 1937 954 nos
1962 912 2101 965 quo-

526 993 635 1049 que
670 993 773 1049 pro
816 981 1043 1038 Christo
1077 984 1255 1054 ipsam
1295 988 1444 1042 ultro
1490 987 1728 1042 animam
1763 1004 2103 1060 persequen-

527 1073 677 1128 tibus
727 1072 1049 1143 objicimus,
1097 1093 1165 1132 ne
1216 1078 1507 1134 Dominum
1558 1088 1809 1136 nostrum
1861 1083 2101 1153 abnege-

530 1179 675 1230 mus,
720 1168 975 1236 nunquid
1017 1169 1313 1225 manifesto
1347 1172 1665 1231 dilectionis
1709 1176 1765 1229 in
1792 1176 1976 1245 ipsum
2009 1192 2101 1231 ar-

529 1267 791 1328 gumento
829 1267 884 1314 et
919 1259 1130 1315 indicio
1161 1260 1365 1317 fuerit?
1391 1266 1557 1335 Atqui
1586 1268 1674 1322 vel
1717 1267 1863 1324 istud
1909 1284 2101 1323 verum

527 1365 652 1406 esse
709 1350 992 1418 fateberis,
1045 1354 1131 1409 vel
1179 1364 1409 1411 sanctos
1462 1367 1736 1430 martyres
1789 1360 2100 1425 damnabis,

526 1444 690 1512 quasi
731 1443 936 1499 frustra
973 1455 1196 1516 propter
1245 1447 1531 1503 Christum
1587 1451 1737 1520 passi
1782 1451 1935 1517 sint,
1978 1459 2104 1505 tan—

527 1540 756 1602 tumque
786 1534 1090 1604 periculum
1108 1537 1292 1608 gratis
1317 1545 1371 1591 et
1411 1540 1532 1595 sine
1566 1540 1819 1596 mercede
1857 1543 2103 1610 pertule-

529 1623 662 1678 rint.
688 1623 825 1679 Cum
850 1641 984 1695 ergo
1011 1629 1304 1698 perspicue
1334 1628 1629 1685 admodum
1662 1633 2102 1688 demonstratum

529 1714 604 1769 sit
640 1714 858 1769 Patrem
914 1716 1213 1786 perfectam
1276 1719 1496 1789 quidem
1531 1723 1596 1777 in
1646 1719 1844 1778 Filium
1890 1725 2104 1781 habere

2203 550 2281 603 τῳ
2313 533 2661 603 προκείσεται
2714 532 2809 584 καὶ
2856 531 2976 584 λίαν
3026 532 3258 601 ἑτοίμως
3300 535 3451 599 ίδεῖν,
3490 537 3663 608 αὐτὴν
3684 538 3793 593 ἑπ-

2203 623 2391 693 αθρεῖν
2415 622 2648 676 ἐθέλοντι
2666 622 2764 691 τῆς
2791 621 3049 692 ἀληθείας
3078 622 3178 693 τὴν
3207 622 3390 690 φύσιν.
3426 643 3446 676 ι
3490 626 3580 677 Ἐν
3606 632 3792 700 μορφῇ

2204 716 2312 785 γὰρ
2346 714 2605 785 ὑπάρχων
2636 713 2731 766 τοῦ
2769 713 3034 766 Θεοῦκαὶ
3077 715 3314 786 Πατρὸς,
3359 716 3459 785 οὐχ
3498 716 3797 786 ἁρπαγμὸν

2202 806 2446 876 ἡγήσατο
2469 806 2529 859 τὺ
2558 802 2819 859 εἶναιντσα
2850 803 2993 874 Θεῷ,
3038 805 3154 859 ἀλλ’
3177 806 3366 859 ἑαυτὸν
3407 807 3646 860 ὲκένωσε
3672 808 3798 861 δού-

2202 900 2295 952 λου
2324 897 2535 969 μορφὴν
2555 896 2754 951 λαϐών.
2797 916 2815 947 ι
2840 892 2974 949 Εἶτα
3001 898 3106 961 τίς,
3131 899 3251 951 είπέ
3278 915 3394 968 μοι,
3412 899 3522 951 τῶν
3537 899 3799 955 τοιούτων

2202 992 2235 1060 ἡ
2266 990 2575 1060 πρόφασις;
2610 985 2736 1061 Ἆρ’
2763 989 2825 1042 ού
2857 988 2957 1058 τῆς
2990 990 3072 1052 εἰς
3099 991 3246 1059 ἡμᾶς
3279 990 3501 1061 ἀγάπης
3527 993 3556 1043 ὁ
3606 992 3796 1061 λόγοςς

2205 1081 2315 1132 Καὶ
2354 1078 2473 1143 πῶς
2506 1079 2653 1132 ἐστιν
2681 1080 3010 1150 ἀμφιϐαλεῖν
3035 1097 3049 1146 ;
3087 1081 3161 1133 Τὸ
3188 1081 3247 1133 δὲ
3278 1082 3375 1133 καὶ
3402 1083 3551 1151 ἡμᾶς
3590 1081 3801 1135 ἐθέλειν

2204 1170 2344 1240 ὑπὲρ
2378 1169 2615 1240 Χριστοῦ
2647 1170 2738 1223 καὶ
2769 1169 2939 1241 αὑτὴν
2965 1171 3195 1240 ἑτοίμως
3214 1170 3361 1240 ἔχειν
3384 1171 3797 1242 καταπροέσθαι

2202 1266 2314 1325 τοῖς
2331 1261 2585 1316 διώκουσι
2623 1263 2723 1332 τὴν
2758 1260 2958 1333 ψυχὴν,
2991 1264 3078 1316 ἵνα
3122 1262 3197 1334 μὴ
3241 1264 3331 1318 τὸν
3378 1264 3588 1319 ἑαυτῶν
3624 1267 3797 1335 ἀρνη-

2205 1353 2426 1424 σώμεθα
2475 1354 2699 1424 Κύριον,
2745 1350 2837 1426 ἆρ’
2873 1354 2973 1407 οὑκ
3023 1354 3091 1408 ἂν
3140 1355 3450 1423 είσκομίσαι
3500 1357 3650 1425 σαφῆ
3696 1357 3795 1427 τὴν

2202 1443 2475 1510 ἀπόδειξιν
2522 1443 2626 1514 τῆς
2670 1447 2750 1507 εἰς
2795 1444 2956 1497 αὑτὸν
3000 1445 3256 1514 ἀγάπης;
3308 1445 3446 1498 Ἀλλ’
3488 1445 3522 1515 ἢ
3574 1446 3793 1510 πάντως

2203 1535 2399 1605 ἀληθὲς
2436 1535 2552 1604 ὲρεῖ
2603 1551 2687 1597 τις
2734 1535 2841 1588 ’καὶ
2885 1532 3060 1599 τοῦτο,
3107 1536 3140 1604 ἡ
3191 1533 3304 1605 [γρ.
3348 1534 3408 1605 ἢ]
3458 1535 3572 1588 τῶν
3624 1535 3794 1604 ἁγίων

2204 1627 2624 1697 καταψηφιεῖται
2656 1626 2968 1698 μαρτύρων,
3006 1626 3082 1688 ὡς
3133 1627 3218 1679 ἐπ’
3247 1625 3424 1679 οὐδενὶ
3451 1625 3564 1679 τῶν
3594 1628 3790 1697 χρησί-

2207 1734 2323 1789 μων
2360 1715 2725 1786 διηθληκότων
2774 1718 2864 1770 διὰ
2912 1716 3147 1787 Χριστὸν
3187 1717 3281 1770 καὶ
3315 1716 3510 1787 ἀμισθὶ
3537 1718 3789 1772 τοσοῦτον

531 1805 887 1871 charitatem,
918 1816 968 1861 et
1002 1809 1170 1863 simili
1219 1812 1382 1866 modo
1429 1828 1555 1867 eum
1588 1813 1807 1870 Patrem
1838 1815 2090 1885 diligere,

2207 1810 2622 1882 ἁνατλησάντων
2667 1809 2926 1863 κίνδυνον.
2972 1808 3447 1879 Ἀποδεδειγμένου
3474 1810 3785 1883 τοιγαροῦν,

528 1905 585 1950 et
614 1911 719 1951 nos
751 1912 896 1962 eum,
927 1914 1137 1968 nosque
1175 1900 1247 1956 ab
1270 1917 1336 1957 eo
1368 1903 1542 1976 diligi,
1572 1906 1705 1976 quid
1754 1908 1984 1963 rationis
2008 1908 2105 1962 dc-

532 2002 680 2042 mum
712 2000 796 2043 cst
829 1999 1022 2059 putare
1051 1989 1119 2045 ad
1154 1992 1541 2065 aiiatempora
1581 1994 1748 2066 hujus
1790 1997 1867 2052 rei
1907 1998 2102 2068 cogni-

530 2080 1039 2145 tionemdevolare,
1074 2098 1201 2139 cum
1232 2084 1503 2142 Dominus
1532 2088 1683 2143 dicat
1716 2108 1729 2144 :
1766 2108 1783 2142 ι
1804 2089 1861 2144 In
1891 2090 1984 2144 illa
2015 2091 2104 2145 die

527 2173 894 2243 cognoscetis,
925 2175 1053 2243 quia
1081 2191 1183 2246 ego
1202 2176 1475 2243 in'Patre,
1503 2188 1558 2235 et
1583 2196 1681 2237 vos
1706 2181 1760 2235 in
1789 2190 1968 2248 me,-et
1994 2196 2096 2252 ego

527 2265 585 2320 in
630 2267 805 2322 vobis.
840 2287 857 2318 ι
899 2266 1129 2323 Valeant
1166 2270 1317 2326 enim
1354 2272 1575 2327 illorum
1616 2288 1775 2343 nugae
1802 2282 1859 2329 et
1905 2274 2100 2344 impia-

530 2372 648 2411 rmn
703 2359 1189 2415 ratiocinationum
1250 2370 1627 2417 commenta:
1685 2378 1808 2429 nos,
1862 2363 2107 2434 Spiritus

528 2449 899 2505 illustratione
927 2451 1145 2514 confisi,
1178 2450 1362 2506 dicere
1397 2468 1509 2508 non
1540 2455 1852 2510 verebimur
1884 2471 2007 2526 quae
2038 2456 2105 2510 ad

529 2539 851 2609 quaastionis
879 2539 1044 2610 hujus
1070 2541 1487 2610 explicationem
1530 2558 1676 2600 recte
1704 2560 1764 2601 se
1793 2546 1993 2603 habere
2020 2548 2106 2601 vi-

530 2630 832 2686 dehuutur.

2209 1903 2302 1957 καὶ
2338 1902 2483 1972 μάλα
2517 1901 2725 1972 σαφῶς,
2754 1901 2830 1963 ὡς
2871 1900 3082 1953 τελείαν
3131 1900 3229 1971 μὲν
3278 1902 3307 1953 ὁ
3351 1901 3541 1970 Πατὴρ
3582 1903 3665 1964 είς
3698 1902 3788 1955 τὸν

2207 1995 2335 2049 Υῖδν
2383 1994 2496 2065 εχει
2557 1994 2656 2066 τὴν
2699 1994 2953 2063 ἀγάπην,
3012 1994 3310 2065 ίσοτρόπως
3357 1992 3416 2046 δὲ
3469 1994 3565 2047 καὶ
3623 1994 3787 2056 αὐτὸς

2206 2087 2398 2157 ἀγαπᾷ
2436 2085 2527 2139 τὸν
2562 2084 2799 2156 Πατέρα,
2843 2084 2939 2137 καὶ
2965 2085 3128 2153 ἡμεῖς
3165 2083 3265 2152 μὲν
3313 2081 3496 2145 αὑτὸν,
3535 2083 3702 2146 αὐτὸς
3731 2083 3789 2137 δὲ

2205 2180 2370 2250 ἡμᾶς,
2398 2180 2550 2231 ποῖον
2580 2177 2642 2231 ἂν
2667 2177 2779 2247 ἔχοι
2803 2176 2957 2244 λόγον
2979 2174 3040 2227 τὸ
3070 2175 3151 2239 είς
3177 2174 3397 2245 ἑτέρους
3419 2173 3629 2229 οἴεσθαι
3665 2174 3791 2245 χρό-

2203 2290 2324 2335 νους
2344 2270 2679 2324 ἀνάπτεσθαι
2715 2269 2875 2339 τυχὸν
2903 2267 3001 2338 τὴν
3034 2268 3130 2320 ἐπὶ
3153 2266 3291 2337 τῷδε
3317 2266 3626 2335 διάγνωσιν,
3660 2267 3790 2320 ὅταν

2202 2363 2335 2436 λέγῃ
2377 2362 2407 2415 ὁ
2454 2361 2687 2433 Κύριος·
2724 2380 2742 2412 ι
2786 2362 2875 2414 Ἐν
2924 2360 3106 2430 ἐκείνῃ
3141 2361 3207 2430 τῇ
3265 2358 3451 2429 ἡμέρᾳ
3506 2355 3787 2426 γνώσεσθε

2204 2458 2285 2511 ὅτι
2326 2454 2438 2524 ἐγὼ
2470 2456 2531 2507 ὲν
2560 2456 2638 2527 τῷ
2674 2456 2868 2526 Πατρὶ,
2911 2455 3004 2509 καὶ
3046 2455 3202 2524 ὑμεῖς
3247 2456 3306 2506 ἐν
3342 2453 3487 2522 ἐμοὶ,
3530 2450 3688 2518 κάγὼ
3732 2453 3791 2505 ὲν

2208 2548 2370 2617 ὑμῖνς
2397 2566 2415 2598 ι
2456 2545 2615 2599 Ἀλλὰ
2639 2545 2747 2616 γὰρ
2775 2545 2981 2617 ἐρρέτω
3013 2546 3109 2616 μὲν
3140 2543 3209 2597 τὰ
3237 2545 3460 2598 ἐκείνων
3497 2544 3790 2614 ληρὴματα

2208 2640 2303 2693 καὶ
2334 2638 2443 2692 τῶν
2470 2638 2736 2709 μισοθέων
2760 2637 3035 2708 λογισμῶν
3062 2640 3096 2709 ἡ
3138 2636 3499 2708 σιταρεύρεσις⁸
3523 2637 3686 2706 ἡμεῖς
3710 2632 3789 2697 δὲ,

527 2728 595 2798 τῇ
623 2724 716 2779 τοῦ
762 2725 1075 2805 Πνεύματος
1104 2726 1354 2799 δᾳδουχίᾳ
1389 2728 1779 2802 θαρσήσαντες,
1807 2733 1976 2787 εἰπεῖν
2003 2733 2101 2788 οὑκ
2137 2735 2435 2806 ὁκνὴσομεν
2470 2732 2613 2804 ειπερ
2650 2731 2827 2796 ἔδοξεν
2873 2733 3016 2802 ἔχειν
3076 2730 3252 2802 ὀρθῶς
3310 2730 3449 2801 ὑπὲρ
3493 2728 3792 2799 σαφηνείας

530 2818 639 2871 τῶν
670 2816 1034 2888 ζητουμένων.

599 2906 738 2962 Cum
767 2923 901 2979 ergo
934 2907 1293 2979 praemisisset
1328 2929 1340 2963 :
1379 2928 1399 2962 ι
1431 2911 1564 2983 Ego,
1598 2920 1674 2979 et,
1701 2928 1797 2970 vos
1835 2916 2051 2981 vivetis,
2079 2935 2096 2969 ι

531 3000 715 3058 statim
774 3000 862 3057 his
918 2999 1203 3073 subiungit
1243 3020 1256 3056 :
1303 3001 1409 3058 «In
1454 3005 1548 3059 illo
1603 3004 1692 3061 die
1747 3008 2102 3077 cognoscetis

2279 2908 2631 2982 Προειρηκὼς
2654 2907 2967 2979 τοιγαροῦν,
3000 2907 3080 2961 ὅτι
3107 2925 3138 2959 ·ι
3187 2906 3329 2977 Ἐγὼ
3369 2907 3464 2962 καὶ
3499 2909 3663 2978 ὑμεῖς
3696 2908 3791 2982 (ﬁ-

2209 3003 2401 3068 σεσθε;
2433 3021 2452 3053 ι
2488 3002 2826 3072 παραχρῆμα
2858 3000 3067 3065 τούτοις
3096 2998 3407 3067 ἐπενεγκὼν
3440 3001 3752 3071 εὑρίσκεται
3772 3018 3786 3032 ·

532 3094 661 3164 quia
698 3107 802 3165 ego
826 3092 882 3147 in
900 3090 1074 3149 Patre
1119 3109 1242 3150 meo
1271 3104 1324 3150 ct
1351 3110 1450 3152 vos
1480 3097 1535 3150 in
1563 3112 1670 3165 me,
1701 3105 1755 3152 et
1786 3112 1888 3169 ego
1919 3098 1973 3153 in
2008 3113 2103 3154 vo-

2213 3114 2232 3147 ι
2276 3095 2363 3148 Ἐν
2384 3093 2563 3165 ἐκείνῃ
2586 3096 2653 3164 τῇ
2677 3093 2859 3164 ἡμέρᾳ
2877 3090 3152 3160 γνώσεσθε
3180 3093 3263 3145 ὅτι
3293 3090 3404 3159 ἐγὼ
3433 3094 3489 3146 έν
3510 3092 3590 3161 τῷ
3618 3091 3790 3165 Πατρί

532 3186 638 3241 bis.
672 3205 691 3239 ι
733 3186 805 3240 At
834 3186 1053 3241 cuinam
1086 3187 1317 3243 omnino
1357 3202 1547 3245 eorum
1581 3189 1674 3259 qui
1708 3195 1837 3246 sunt
1865 3204 1931 3245 ac
1958 3199 2106 3244 recte

532 3278 775 3333 sentiunt
802 3292 912 3333 non
938 3278 1092 3334 valde
1118 3279 1469 3350 perspicuum
1502 3278 1576 3335 sit
1597 3279 1740 3334 diem
1764 3282 2106 3352 cognitionis

532 3371 919 3435 determinare,
963 3385 1074 3440 quo
1121 3384 1223 3424 nos
1264 3371 1431 3425 etiam
1481 3371 1546 3424 ad
1594 3370 1772 3440 ipsum
1821 3369 2104 3426 reformati

533 3462 600 3517 ad
629 3461 796 3517 vitam
836 3460 1355 3517 ascensuri‘sumus
1384 3469 1666 3525 aeternam,
1701 3460 1896 3515 mortis
1935 3460 2105 3514 male-

529 3553 775 3610 dictione
810 3552 1018 3608 vitata?
1046 3550 1114 3605 Et
1156 3552 1379 3622 quidem
1418 3551 1553 3605 mihi
1584 3551 1691 3606 tale
1717 3550 1851 3621 quid
1896 3550 2107 3622 signiﬁ-

529 3660 660 3701 care
685 3645 903 3701 videtur
934 3642 1160 3709 Paulus,
1195 3658 1319 3698 cum
1356 3642 1602 3697 divinum
1649 3643 1812 3697 nobis
1853 3642 2105 3698 revelans

531 3735 856 3806 mysterium
906 3732 972 3787 ad
1026 3732 1325 3788 nonnullos
1377 3733 1618 3788 scribit:
1660 3751 1678 3782 ι
1712 3731 1909 3786 Mortui
1956 3731 2104 3785 enim

527 3826 685 3891 estis,
708 3832 763 3878 et
787 3823 896 3877 vita
934 3832 1116 3878 vestra
1150 3831 1236 3877 est
1271 3823 1594 3878 abscondita
1623 3836 1749 3875 cum
1795 3822 2020 3876 Christo
2047 3820 2103 3873 in

529 3915 662 3971 Deo.
693 3912 928 3980 Quando
966 3912 1391 3983 ergoClrristus
1425 3911 1746 3981 apparuerit
1780 3911 1949 3980 819
1991 3911 2106 3964 vita

528 4015 734 4070 vestra,
786 4011 917 4057 tunc
958 4010 1014 4056 et
1060 4016 1157 4056 vos
1198 4001 1542 4071 apparebitis
1572 4015 1698 4054 cum
1731 4001 1853 4069 ipso
1892 4001 1946 4054 in
1989 4002 2107 4072 glo-

527 4091 1104 4153 ria".—-Reformabit
1119 4092 1262 4146 enim
1276 4105 1480 4161 corpus
1493 4091 1564 4145 hu
1575 4091 1824 4145 militatis
1845 4101 2099 4156 nostrae,»

528 4191 633 4244 hoc
679 4185 942 4240 nimirum
975 4197 1040 4237 ac
1080 4197 1188 4236 non
1226 4180 1399 4241 aliud,
1439 4200 1457 4231 ι
1482 4180 1885 4251 conliguratum
1918 4182 2107 4251 gloriae

524 4295 639 4336 sua:
662 4278 763 4342 ⁸⁸,ι
790 4285 846 4331 et
866 4275 919 4329 in
943 4273 1236 4344 pristinum
1266 4279 1471 4328 statum
1497 4271 1821 4328 reformabit
1846 4271 2104 4328 inelfabili

523 4369 736 4423 virtute
757 4365 1002 4421 hominis
1026 4370 1311 4427 naturam,
1344 4363 1530 4418 omnia
1566 4362 1725 4418 facile
1757 4363 2103 4421 transferens

2211 3204 2334 3258 μου,
2369 3188 2465 3241 καὶ
2490 3187 2647 3256 ὑμεῖς
2690 3184 2748 3238 έν
2793 3185 2937 3255 ἐμοὶ,
2973 3182 3129 3251 κάγὼ
3174 3185 3231 3236 ὲν
3284 3184 3432 3253 ὑμῖν.
3468 3202 3488 3234 ι
3516 3179 3650 3237 Εἶτα
3686 3184 3790 3239 τίνι

2204 3278 2314 3332 τῶν
2342 3278 2510 3332 ὅντων
2554 3277 2648 3331 καὶ
2698 3278 2914 3347 φρονεῖν
2956 3274 3224 3328 εἰωθότων
3260 3274 3438 3346 ὀρθῶς
3463 3276 3563 3329 οὐκ
3607 3278 3674 3330 ἂν
3706 3277 3793 3344 γέ-

2207 3386 2350 3424 νοιτο
2400 3370 2494 3423 καὶ
2544 3367 2687 3439 μάλα
2733 3367 2904 3436 σαφὲς
2940 3366 3017 3430 ὡς
3061 3366 3276 3438 ἡμέρας
3327 3366 3499 3438 ὁρίζει
3545 3368 3666 3436 τῆς
3703 3365 3794 3418 ἐπὶ

2204 3460 2379 3530 τούτῳ
2402 3458 2652 3528 γνώσεως
2680 3458 2777 3512 τὸν
2810 3457 3022 3530 καιρὸν,
3055 3457 3179 3511 καθ’
3210 3457 3269 3510 ὃν
3296 3457 3362 3511 ἂν
3392 3458 3485 3510 καὶ
3515 3459 3675 3527 ἡμεῖς
3698 3457 3794 3509 αὒ-

2204 3549 2287 3603 τοὶ
2321 3549 2457 3619 πρὸς
2484 3548 2647 3602 αὑτὸν
2667 3547 3153 3618 -ἁναμορφούμενοι
3182 3547 3318 3616 πρὸς
3343 3547 3489 3616 ζωὴν
3519 3547 3791 3618 ἀναϐησό-

2208 3640 2349 3712 μεθα
2371 3640 2470 3711 τὴν
2499 3639 2737 3703 αἰώνιον,
2770 3641 2868 3709 τὴν
2890 3638 2984 3692 τοῦ
3014 3638 3245 3692 θανάτου
3274 3638 3589 3708 διαδράντες
3620 3640 3790 3706 ἀράνς

2205 3732 2315 3786 Καί
2351 3748 2440 3801 μοι
2470 3731 2616 3785 δοκεῖ
2653 3729 2892 3784 τοιοῦτὸν
2921 3748 2973 3784 τι
3004 3730 3292 3801 σημαίνειν
3325 3730 3354 3783 ὃ
3381 3730 3615 3800 Χριστός
3638 3746 3790 3798 φησι,

2207 3823 2349 3893 φημὶ
2391 3822 2447 3876 δὲ
2485 3824 2576 3875 τὸν
2614 3821 2844 3885 Παῦλον,
2891 3822 3018 3875 ὅταν
3057 3822 3117 3874 τὸ
3165 3820 3305 3875 θεῖον
3343 3823 3475 3891 ἡμῖν
3517 3821 3793 3875 ἀποκαλύο

2205 3928 2355 3966 πτων
2384 3915 2681 3983 μυστήριον
2710 3913 2999 3982 ἐπιστέλλῃ
3023 3913 3159 3985 πρός
3182 3931 3361 3976 τιναςε
3390 3931 3417 3963 ηι
3463 3913 3791 3966 ’Δπεθάνετε

2205 4002 2334 4075 γὰρ,
2373 4002 2469 4057 καὶ
2497 4005 2529 4074 ἡ
2566 4003 2679 4074 ξιυὴ
2706 4003 2867 4073 ὑμῶν
2913 4004 3218 4075 κέκρυπται
3248 4005 3343 4057 σὺν
3371 4002 3450 4073 τῷ
3481 4003 3705 4073 Χριστῷ
3734 4005 3791 4056 ἐν

2204 4094 2282 4165 τῷ
2329 4094 2465 4164 Θεῷ.
2501 4096 2668 4149 Ὅταν
2730 4090 2824 4148 οὖν
2874 4095 2903 4147 ὁ
2950 4095 3183 4165 Χριστὸς
3250 4094 3535 4166 φανερωθῇ
3595 4095 3630 4163 ἡ
3677 4093 3790 4164 ζωὴ

2208 4186 2381 4256 ὑμῶν,
2429 4188 2550 4240 τότε
2602 4188 2697 4241 καὶ
2743 4188 2896 4257 ὑμεῖς
2930 4185 3383 4257 φανερωθήσεσθε
3418 4185 3516 4239 σὺν
3553 4184 3703 4255 αὑτῷ
3732 4185 3789 4237 ὲν

2202 4278 2348 4351 δόξῃ.
2383 4278 2867 4348 Μετασχηματίσει
2919 4277 3027 4347 γὰρ
3058 4277 3120 4329 τὸ
3177 4277 3336 4347 σῶμα
3377 4275 3477 4344 τῆς
3530 4274 3789 4328 ταπεινώ-

2204 4386 2342 4433 σεως
2395 4369 2569 4439 ἡμῶν,
2623 4386 2642 4418 ι
2691 4367 2847 4421 τοῦτο
2894 4368 2962 4438 δὴ
3017 4368 3252 4430 πάντως,
3295 4366 3387 4419 καὶ
3432 4365 3533 4436 οὑχ
3581 4366 3783 4434 ἕτερον,

523 4461 580 4515 in
632 4457 1002 4530 quodcunque
1044 4455 1287 4512 voluerit
1327 4474 1339 4509 :
1382 4455 1567 4511 «Deus
1610 4456 1757 4510 enim
1798 4465 1882 4511 est
1922 4472 2103 4520 verus,

2213 4478 2237 4511 ι
2283 4459 2603 4531 σύμμορφον
2647 4459 2747 4528 τῆς
2790 4458 2947 4529 δόξης
2998 4457 3194 4521 αὑτοῦ,
3240 4477 3260 4509 ι
3313 4456 3407 4510 καὶ
3456 4454 3784 4525 μεταπλὰσει

524 4552 619 4623 qui
679 4551 813 4607 facit
861 4550 1044 4604 omnia
1080 4556 1135 4603 et
1168 4548 1549 4612 transformat,
1582 4568 1600 4599 ι
1645 4549 1788 4604 sicut
1836 4550 2101 4621 scriptum

524 4651 610 4699 est
634 4642 704 4699 ⁸⁸.
735 4643 897 4699 Circa
918 4642 1079 4697 illum
1104 4642 1249 4699 diem
1280 4632 1468 4713 igitur,
1504 4643 1623 4697 sive
1657 4651 1892 4712 tempus,
1917 4659 2027 4712 quo
2051 4652 2105 4700 et

527 4751 628 4791 vos
651 4734 758 4805 ipsi
782 4734 980 4789 vivetis
1004 4733 1153 4804 (vivo
1173 4734 1319 4790 enim
1334 4748 1457 4805 ego,
1475 4732 1728 4802 quamvis
1754 4734 1916 4789 homo
1938 4735 2107 4789 sicuti

528 4839 630 4879 vos
668 4822 874 4888 factus,
906 4831 962 4878 et
1000 4838 1237 4895 corpore
1276 4822 1620 4893 corruptioni
1650 4830 1845 4877 natura
1874 4839 1973 4879 sua
2011 4826 2108 4879 ob-

531 4912 701 4967 noxio
738 4911 1013 4982 indutus),
1062 4914 1215 4968 clare
1260 4911 1680 4983 icognoscetis,
1730 4913 1927 4983 inquit,
1977 4914 2105 4984 quia

528 5017 631 5073 ego
659 5002 717 5056 in
761 4999 947 5070 Patre,
985 5010 1040 5057 et
1069 5018 1168 5058 vos
1205 5004 1258 5057 in
1307 5017 1394 5056 me
1422 5010 1477 5056 et
1503 5017 1605 5072 ego
1631 4989 1685 5056 ἰίι
1727 5003 1901 5059 vobis.
1926 5023 1945 5055 ι
1981 5004 2105 5059 Sta-

529 5103 750 5151 tuemus
788 5104 971 5150 autem
999 5095 1125 5149 ‘haec
1157 5094 1224 5149 ad
1262 5108 1364 5148 nos
1394 5092 1682 5148 Dominum
1734 5094 1963 5159 dixisse,
1994 5110 2102 5149 non

531 5194 591 5241 ut
638 5186 1023 5257 existimemus
1068 5201 1192 5242 eum
1245 5201 1372 5241 esse
1414 5185 1468 5239 in
1522 5185 1688 5240 Patre
1742 5186 1957 5240 ratione
2013 5186 2103 5239 di-

531 5278 805 5343 lectionis,
834 5277 997 5333 sicuti
1034 5276 1367 5333 adversariis
1397 5277 1601 5347 placet,
1634 5277 1730 5332 sed
1763 5278 1976 5334 ratione
2008 5278 2101 5331 alti

532 5368 802 5437 mysterii,
835 5367 983 5437 quod
1012 5382 1113 5423 nec
1156 5378 1339 5423 mente
1372 5366 1665 5437 concipere
1708 5381 1809 5422 nec
1854 5369 2107 5422 oratione

531 5457 813 5528 explicare
836 5465 921 5513 est
939 5457 1534 5526 facile,verumtamen,
1549 5458 1729 5529 quoad
1746 5466 1956 5528 potero,
1972 5459 2106 5512 illud

530 5563 806 5621 exponere
847 5552 1115 5609 conabor.
1145 5551 1416 5621 Quamvis
1460 5566 1593 5622 ergo
1639 5549 1888 5619 cujusvis
1928 5550 2108 5605 homi-

2208 4552 2344 4622 πρὸς
2374 4551 2435 4603 τδ
2461 4552 2686 4621 ἀρχαῖον
2719 4551 2945 4623 ἀρρήτῳ
2982 4550 3209 4619 δυνάμει
3238 4547 3338 4619 τὴν
3372 4545 3662 4617 ἀνθρώπου
3699 4544 3785 4612 φύ-

2209 4658 2315 4706 σιν,
2353 4642 2532 4695 πάντα
2583 4642 2892 4711 μετατιθεὶς
2941 4641 3176 4700 εὐκόλως
3223 4639 3359 4708 πρὸς
3398 4639 3534 4707 ὅπερ
3572 4637 3640 4691 ἂν
3671 4634 3785 4706 βού-

2208 4734 2374 4796 λοιτο,
2405 4731 2795 4795 διακωλύοντος
2834 4731 3077 4795 οὐδενός·
3108 4750 3125 4782 ι
3161 4730 3293 4793 Θεὸς
3327 4731 3433 4801 γάρ
3474 4730 3622 4781 ἐστιν
3658 4727 3786 4797 ἀλη-

2211 4824 2376 4887 θινὸς,
2423 4822 2589 4876 ποιῶν
2632 4824 2832 4887 πάντα,
2866 4823 2961 4876 καὶ
3016 4820 3458 4893 μετασκευὰζων,
3497 4838 3517 4869 ι
3551 4819 3694 4873 κατὰ
3730 4819 3788 4872 τὸ

2210 4913 2616 4984 γεγραμμένον.
2640 4913 2775 4966 Κατ’
2799 4912 3012 4981 ἐκείνην
3041 4909 3134 4965 οὗν
3157 4912 3263 4982 ἄρα
3294 4912 3392 4980 τὴν
3412 4910 3648 4981 ἡμέραν,
3674 4911 3788 4979 ἡτοι

2211 5003 2302 5056 τὸν
2354 5005 2583 5081 καιρὸν,
2606 5004 2729 5058 καθ’
2768 5004 2826 5056 ὃν
2878 5005 2971 5057 καὶ
3018 5004 3176 5073 ὑμεῖς
3225 5002 3378 5055 αὐτοὶ
3422 4999 3657 5068 ζήσεσθε
3691 4999 3788 5069 (ζῶ

2211 5094 2320 5165 γὰρ
2358 5094 2469 5163 ἐγὼ
2512 5095 2687 5149 καίτοι
2734 5094 2856 5147 καθ’
2898 5095 3041 5164 ὑμᾶς
3078 5093 3364 5165 ἄνθρωπος
3395 5090 3657 5160 γεγονὼς,
3700 5091 3790 5143 καὶ

2209 5187 2271 5240 τὸ
2320 5186 2624 5240 ὑποπίπτον
2649 5189 2716 5258 τῇ
2773 5186 2949 5256 φθορᾷ
2996 5185 3137 5239 κατά
3184 5201 3249 5252 γε
3302 5184 3400 5253 τὴν
3443 5182 3579 5235 ίδίαν
3633 5180 3791 5250 φύσιν

2210 5278 2573 5347 ἐνδυσάμενος
2619 5277 2825 5348 σῶμα),
2852 5276 3062 5346 σαφῶς,
3094 5296 3113 5328 ι
3135 5273 3559 5342 Ἐπιγνώσεσθε,
3606 5273 3790 5343 φησιν.

2208 5370 2294 5422 ὅτι
2323 5368 2433 5437 ἐγὼ
2466 5368 2565 5439 μὲν
2592 5369 2650 5421 ὲν
2677 5367 2756 5438 τῷ
2785 5368 2980 5435 Πατρὶ,
3014 5369 3167 5438 ὑμεῖς
3193 5365 3249 5419 δὲ
3281 5366 3339 5418 ὲν
3369 5365 3514 5434 ἐμοὶ,
3543 5362 3705 5430 κάγὼ
3737 5364 3792 5414 ἐν

2213 5460 2363 5530 ὑμῖν.
2394 5478 2414 5512 ι
2442 5459 2835 5529 Διακεισόμεθα
2867 5459 2924 5513 δὲ
2955 5458 3112 5512 ταυτὶ⁵
3134 5457 3271 5528 πρὸς
3298 5455 3444 5526 ἡμᾶς
3467 5453 3560 5507 τὸν
3589 5453 3794 5524 Κύριον

2213 5552 2406 5616 είπεῖν,
2430 5552 2527 5618 οὐχ
2560 5551 2646 5604 ἴνα
2679 5550 2985 5621 νομίζωμεν
3014 5549 3278 5620 ὑπάρχειν
3311 5545 3476 5602 αὑτὸν
3508 5547 3570 5601 έν
3594 5543 3794 5617 Πατρὶ,

605 5724 912 5802 "_Pbilipp.
944 5743 1002 5794 ιι,
1034 5727 1086 5795 6,
1118 5728 1172 5783 7.
1247 5729 1292 5761 ⁸ο
1324 5727 1540 5784 Coloss.
1564 5740 1647 5791 ιιι,
1683 5725 1736 5792 5,
1767 5725 1820 5781 4.
1899 5726 1942 5759 ³³
1969 5724 2103 5780 Phili

2242 5739 2326 5794 ιιι,
2357 5724 2446 5781 ﬁl.
2519 5727 2570 5798 _"
2596 5725 2764 5782 Amos
2794 5740 2848 5791 v,
2889 5722 2941 5781 8.
