4076 6270
366 358 478 417 273

1378 372 1451 430 ΙΝ
1488 373 1774 431 JOANNIS
1816 375 2271 434 EVANGELIUM
2314 378 2442 433 LIB.
2480 380 2572 434 IX.

3514 387 3633 442 eu

369 474 546 570 κατά⁸
569 494 631 570 γε
670 479 760 531 τὸν
802 480 898 550 τῆς
937 482 1156 555 ἀγάπης
1204 485 1380 555 λόγον,
1424 488 1612 561 ὥσπερ
1656 486 1747 544 οῦν
1784 492 1920 545 έδόκι

2026 545 2028 553 ,
2060 493 2150 548 nis
2188 499 2429 548 mentem
2464 495 2589 549 huic
2620 503 2887 551 accurate
2906 496 3241 566 explicando
3265 498 3423 569 longe
3452 501 3632 570 impa-

370 569 487 630 τοῖς
525 567 593 621 δι’
638 570 879 635 ἐναντίας
917 579 1164 642 φρονεῖν,
1213 577 1348 631 ἀλλά
1400 581 1542 634 κατὰ
1574 582 1801 653 δύναμιν
1844 600 1946 651 μυ-

377 658 595 725 στηρίου
625 658 834 728 βαθέος.
885 662 915 715 δ
959 665 1051 717 καὶ
1092 666 1283 736 νοῆσαι
1329 669 1426 737 μὲν
1476 672 1654 724 έκεῖνο
1694 671 1944 741 χαλεπὸν,

376 747 574 817 φράσαι
601 749 655 802 δὲ
684 752 746 804 οὑ
781 753 984 824 ῥᾴδιοψ
1008 757 1147 827 πλὴν
1174 758 1323 822 ὅπως
1340 759 1404 813 ἂν
1433 755 1545 824 οἷός
1581 779 1640 814 τε
1675 756 1948 833 ὣ,διηγεῖ-

374 835 492 890 σθαι
544 841 897 911 πειράσομαι.
943 846 1055 917 Τῆς
1095 848 1195 917 μὲν
1242 846 1335 903 οὖν
1379 851 1639 921 ἀκριϐοῦς
1680 853 1946 918 ἐκθέσεως

368 928 500 981 πολὺ
551 929 672 985 λίαν
716 935 982 1006 ἡττῆσθαι
1025 941 1203 994 πάντα
1248 942 1373 996 νοῦν
1426 943 1797 1016 ὑπολαμϐάνω
1838 947 1945 998 τῶν

364 1019 456 1072 ἐπὶ
504 1022 626 1092 γῆς,
671 1026 750 1096 τῷ
802 1046 865 1097 γε
915 1031 1022 1101 μὴν
1067 1032 1254 1105 θερμῷ
1284 1035 1382 1106 τῆς
1414 1037 1653 1108 ἀγάπης,
1691 1038 1795 1092 κᾶν
1818 1038 1946 1107 γοῦν

366 1112 603 1182 μετρίως
647 1117 773 1170 ἰδεῖν
823 1137 882 1172 τε
927 1123 1022 1175 καὶ
1083 1127 1288 1195 φράσαι
1335 1126 1812 1200 παραθησόμενος,
1853 1130 1947 1183 νῦν

365 1201 565 1273 ῖδωμεν
596 1209 695 1278 τῆς
726 1211 820 1265 τοῦ
853 1214 1190 1283 Μονογενοῦς
1216 1217 1678 1290 ἐνανθρωπήσεως
1707 1222 1797 1275 τὸν
1822 1240 1937 1276 σκο-

362 1293 646 1386 πόᾼνηΦέρε
680 1301 1067 1377 δοκιμάσωμεν
1095 1310 1194 1380 τὴν
1241 1311 1441 1376 αἰτίαν,
1478 1313 1546 1365 δι’
1567 1315 1633 1383 ῆν
1666 1315 1724 1366 ὲν
1759 1317 1942 1386 μορφῇ

355 1383 452 1435 τοῦ
484 1384 622 1440 Θεοῦ
657 1392 751 1444 καὶ
789 1395 999 1466 Πατρὸς
1033 1398 1317 1470 ὑπάρχων,
1345 1402 1419 1465 ὡς
1450 1402 1600 1467 Θεὸς,
1632 1405 1732 1474 οὐχ
1763 1383 1940 1475 ἀρ-παί

358 1475 498 1544 Υμὸν
528 1480 769 1550 ἡγήσατο
793 1485 854 1538 τὸ
877 1482 1016 1541 εἶναι
1046 1489 1135 1545 ἴσα
1164 1491 1302 1562 Θεῷ,
1327 1492 1439 1548 ἀλλ’
1462 1495 1651 1548 ἑαυτὸν
1677 1495 1932 1560 ὲκένωσε,

357 1572 574 1643 μορφὴν
601 1575 790 1631 δούλου
826 1580 1026 1648 λαϐὼν,
1065 1585 1157 1636 καὶ
1191 1584 1446 1655 ὑπέμεινε
1482 1587 1715 1658 σταυρὸν
1749 1587 1938 1658 αἰσχύ-

356 1676 458 1730 νης
488 1671 922 1741 καταφρονήσας.
968 1675 1158 1729 Ἔσται
1200 1676 1306 1747 γάρ
1338 1676 1477 1731 οὕτω
1519 1680 1613 1733 καὶ
1648 1680 1803 1749 μόλις
1843 1681 1934 1733 εὑ-

355 1752 644 1823 σύνοπτον,
677 1765 816 1817 κατά
856 1781 918 1832 γε
966 1765 1025 1819 τὸ
1073 1766 1365 1838 ἐγχωροῦν,
1409 1770 1516 1823 τῶν
1561 1771 1937 1842 προκειμένων

2054 598 2168 638 rem
2208 584 2540 648 existimem,
2585 586 2874 642 charitatis
2905 594 3089 643 tamen
3129 588 3344 645 fervore
3370 591 3505 644 illud
3533 608 3633 660 pro

2052 684 2244 731 nostra
2295 675 2673 733 mediocritate
2720 680 3050 749 exposituri,
3100 696 3249 735 nunc
3297 681 3632 737 incarnatio-

2050 767 2140 822 nis
2162 764 2447 837 ‘Unigeniti
2473 784 2703 840 scopum
2724 771 3030 826 videamus.
3058 770 3189 842 Age,
3219 786 3441 826 causam
3476 786 3631 825 seru-

2052 866 2256 921 tcmur,
2287 858 2359 913 ob
2388 875 2551 929 quam
2598 861 2659 914 in
2696 860 2874 915 forma
2911 860 3005 917 Dei
3045 877 3111 916 ac
3159 862 3339 917 Patris
3372 879 3497 916 cum
3541 879 3630 918 es-

2050 960 2161 1013 set,
2186 957 2379 1020 utpote
2420 952 2583 1018 Deus,
2613 968 2724 1008 non
2758 955 3010 1024 rapinam
3049 956 3354 1012 arbitratus
3395 957 3467 1010 sit
3508 971 3631 1010 esse

2050 1058 2111 1098 se
2165 1043 2431 1112 aequalem
2498 1044 2628 1109 Deo,
2689 1045 2785 1101 sed
2849 1048 3209 1117 semetipsum
3269 1048 3629 1110 exiuanierit,

2050 1131 2227 1187 forma
2278 1133 2424 1188 servi
2479 1143 2733 1205 accepta,
2765 1144 2820 1191 et
2867 1152 3090 1192 crucem
3151 1137 3450 1209 ignominia
3494 1152 3626 1193 con-

2049 1233 2256 1294 tempta
2304 1224 2612 1294 pertulerit.
2647 1225 2741 1282 Sic
2775 1229 2921 1283 enim
2970 1229 3049 1284 rei
3097 1230 3417 1299 propositae,
3449 1244 3626 1299 quan-

2048 1322 2165 1369 tum
2205 1326 2412 1374 nostra:
2451 1320 2601 1376 vires
2643 1321 2858 1383 ferunt,
2903 1322 3141 1377 altitudo
3182 1323 3410 1392 patebit.
3442 1324 3625 1394 Agno-

2047 1419 2272 1463 scemus
2308 1418 2489 1465 autem
2533 1413 2810 1481 quomodo
2845 1413 2920 1468 sit
2957 1411 3132 1468 Filius
3166 1413 3221 1466 in
3253 1412 3434 1477 Patre,
3464 1418 3623 1466 natu-

2045 1496 2240 1551 raliter
2268 1499 2555 1566 nimirum,
2593 1516 2704 1557 non
2741 1513 2923 1557 autem
2952 1503 3111 1571 juxta
3161 1503 3340 1557 [ictam
3373 1502 3519 1556 illam
3551 1500 3622 1556 ab

2044 1588 2380 1646 adversariis
2426 1609 2493 1649 ex
2537 1610 2606 1650 eo
2650 1594 2801 1665 quod
2848 1595 3029 1665 diligit
3063 1610 3125 1649 ac
3176 1594 3426 1664 diligitur
3473 1593 3618 1648 rela-

2044 1681 2271 1737 tionem.
2310 1681 2577 1742 Similiter
2619 1694 2674 1742 et
2706 1702 2809 1744 nos
2853 1686 3044 1742 eodem
3092 1685 3254 1740 modo
3285 1686 3339 1740 in
3385 1685 3528 1756 ipso,
3565 1694 3620 1740 et

2043 1774 2161 1844 ipse
2192 1777 2248 1830 iu
2281 1777 2460 1832 nobis.

344 1848 410 1944 τὸ
446 1851 630 1921 βάθος.
676 1857 1001 1931 Γνωσόμεθα
1042 1863 1097 1916 δὲ
1150 1862 1265 1927 πῶς
1307 1866 1407 1936 μέν
1450 1868 1598 1920 ἐστιν
1636 1869 1666 1920 ὁ
1733 1867 1860 1932 Υἱὸς
1912 1869 1971 1923 ὲν
2009 1870 2207 1940 Πατρὶ,
2239 1872 2482 1939 φυσικῶς
2512 1873 2751 1944 δηλονότι
2815 1874 2909 1928 καὶ
2944 1874 3004 1927 ού
3034 1874 3174 1928 κατά
3206 1890 3268 1941 γε
3296 1873 3396 1944 τὴν
3428 1874 3491 1927 ἐκ
3520 1874 3615 1928 τοῦ

345 1939 664 2036 ἀγαπᾶσθαι
718 1950 813 2003 καὶ
861 1950 1078 2023 ἀγαπᾷν
1118 1954 1496 2027 ὲπινοηθεῖσαν
1545 1956 1729 2027 σχέσιν
1779 1957 1930 2030 παρά
1966 1958 2076 2013 τῶν
2102 1939 2168 2013 δι’
2202 1961 2468 2025 ἐναντίας.
2514 1939 2700 2033 ’Πμεῖς
2731 1964 2789 2016 δὲ
2817 1959 2884 2018 αὖ
2928 1964 3091 2019 πάλιν
3133 1966 3190 2017 ἐν
3220 1939 3227 1941 ἡ
3257 1939 3407 2036 αὐτῷ
3472 1959 3627 2018 κατὰμ

342 2034 437 2088 τὸν
472 2037 584 2093 ἴσον
622 2042 845 2112 τρόπον,
888 2048 981 2101 καὶ
1014 2049 1173 2112 αὐτὸς
1201 2052 1259 2103 ἐν
1290 2054 1440 2123 ἡμῖν.

417 2131 625 2187 Οὐκοῦν
656 2134 786 2204 μίαν
820 2137 920 2207 μὲν
963 2138 1153 2212 ὥσπερ
1193 2143 1366 2215 ἀληθῆ
1400 2163 1460 2199 τε
1506 2148 1599 2201 καὶ
1633 2150 1920 2217 γενικωτά-

2102 2142 2380 2209 Quocirca
2409 2160 2575 2200 unam
2614 2146 2836 2216 quidem
2867 2161 3059 2201 verant
3097 2155 3150 2203 et
3185 2150 3495 2218 generalem
3525 2152 3611 2206 in-

345 2239 446 2291 την
497 2226 675 2279 αἰτίαν
721 2228 817 2298 τῆς
875 2231 1337 2306 ένανθρωπήσεως
1388 2238 1481 2293 τοῦ
1520 2241 1858 2309 Μονογενοῦς
1904 2243 1932 2295 ὁ

350 2313 515 2380 cogo;
562 2316 697 2385 ἡμῖν.
736 2320 1091 2393 ἐξηγούμενος
1130 2328 1341 2394 Παῦλος
1393 2330 1665 2400 ἔφασκενο
1711 2353 1727 2387 ι
1770 2334 1931 2389 Εὐδό-

352 2420 490 2472 κησε
529 2405 637 2476 γὰρ
672 2410 701 2462 ό
737 2410 867 2475 Θεὸς
903 2416 996 2467 καὶ
1027 2417 1220 2490 Πατὴρ
1252 2422 1833 2491 ἀνακεφαλαιώσασθαι
1863 2427 1930 2481 τὰ

353 2497 531 2549 πάντα
563 2498 621 2551 ὲν
652 2499 727 2570 τῷ
755 2502 987 2575 Χριστῷ.
1037 2527 1055 2560 ι
1087 2511 1195 2563 Καὶ
1243 2512 1324 2565 ὅτι
1383 2514 1444 2566 τὸ
1496 2516 1595 2583 τῆς
1628 2518 1927 2587 ἀνακεφα-

349 2589 653 2658 υκενώσει-ως
683 2594 852 2664 ὄνομά
893 2615 951 2651 τε
985 2600 1077 2653 καὶ
1111 2605 1348 2674 πρᾶγμα
1388 2605 1541 2675 δηλοῖ
1569 2608 1629 2660 τὸ
1662 2609 1928 2681 ἀνακομίο

350 2697 442 2774 σαι
466 2682 627 2735 πάλιν
654 2686 746 2738 καὶ
772 2687 1059 2743 ἀναλαϐεῖν
1086 2694 1164 2756 είς
1192 2694 1329 2765 ὅπερ
1348 2690 1424 2767 ιῆν
1444 2698 1501 2751 έν
1529 2699 1671 2770 ἀρχῇ
1695 2701 1765 2754 τὰ
1788 2703 1924 2774 πρὸς

341 2771 595 2841 ἀνόμοιον
626 2777 1014 2833 ἐκπεπτωκότα
1032 2781 1213 2846 τέλος.
1243 2782 1375 2839 Εἶτα
1413 2788 1537 2851 τοὺς
1564 2793 1663 2862 τῆς
1714 2771 1917 2848 ἀνακε·

340 2863 694 2930 φαλαιώσεως
735 2870 971 2939 τρόπους
995 2873 1097 2927 ἀνά
1127 2875 1290 2947 μέρος
1342 2880 1472 2948 ἡμῖν
1513 2882 1924 2939 ἀπολευκαίνειν

336 2956 557 3022 ἐθέλων,
601 2962 729 3014 ποτὲ
784 2964 883 3034 μὲν
920 2965 1155 3034 ἔφασκεο
1197 2987 1216 3020 ι
1253 2969 1326 3022 Τὸ
1377 2972 1484 3044 γὰρ
1531 2974 1790 3029 ἀδύνατον
1830 2979 1921 3032 τοῦ

335 3049 522 3118 νόμου,
573 3054 630 3104 ὲν
671 3045 717 3121 ᾧ
755 3055 974 3126 ἠσθένει
1017 3058 1104 3113 διά
1154 3060 1254 3130 τῆς
1310 3064 1538 3136 σαρκὸς,
1578 3068 1608 3120 ὁ
1661 3068 1791 3134 Θεὸς
1829 3071 1921 3125 τὸν

336 3139 531 3232 ἑαυτοῦ
564 3141 693 3197 Υίὸν
722 3146 945 3216 πέμψας
989 3149 1047 3202 ὲν
1078 3153 1382 3223 ὁμοιώματι
1420 3158 1621 3228 σαρκὸς
1648 3160 1923 3232 ἁμαρτίας

334 3229 587 3324 καὶπερὶ
626 3235 921 3306 ἁμαρτίας,
955 3242 1242 3313 κατέκρινε
1280 3244 1378 3316 τὴν
1422 3229 1700 3319 ἁμαρτίαν
1744 3229 1803 3306 ὲν
1849 3257 1918 3324 τῇ

334 3323 523 3390 σαρκὶ,
555 3324 640 3378 ἵνα
669 3326 729 3378 τὸ
750 3327 1019 3400 δικαίωμα
1063 3333 1157 3385 τοῦ
1187 3334 1351 3404 νόμου
1387 3337 1648 3412 πληρωθῇ
1680 3343 1737 3395 ὲν
1762 3323 1916 3414 ἡμῖν,

330 3415 446 3476 τοῖς
486 3415 561 3484 μὴ
593 3419 731 3471 κατά
754 3421 932 3491 σάρκα
964 3428 1375 3495 περιπατοῦσιν,
1403 3431 1538 3486 ἀλλὰ
1571 3433 1710 3487 κατά
1742 3435 1910 3489 πνεῦ·

2034 2238 2374 2293 carnationis
2411 2236 2693 2310 Unigeniti
2732 2254 2960 2296 causam
2996 2240 3217 2299 divinus
3262 2241 3465 2299 Paulus
3514 2262 3612 2300 no-

2031 2327 2117 2385 bis
2144 2345 2446 2399 exponens,
2481 2332 2664 2388 aiebat
2693 2351 2707 2386 :
2747 2352 2765 2384 ‹
2795 2333 3006 2389 Placuit
3044 2335 3190 2389 enim
3227 2334 3335 2389 Deo
3363 2352 3427 2389 ac
3460 2337 3607 2393 Patri

2031 2419 2342 2477 instaurare
2382 2423 2567 2478 omnia
2607 2424 2663 2478 in
2699 2423 2923 2480 Christo
2946 2424 3158 2481 ".iUbi
3198 2428 3503 2483 instaurare
3526 2433 3638 2485 εἰσιν

2030 2516 2255 2586 gniﬁcat
2289 2518 2343 2571 in
2378 2519 2676 2588 pristinum
2736 2530 2938 2575 statum
2989 2537 3255 2577 revocare
3287 2539 3407 2592 qua:
3439 2524 3494 2578 in
3525 2526 3607 2580 dio

2029 2620 2250 2660 versum
2279 2608 2441 2676 plane
2473 2608 2683 2662 exitum
2716 2608 3052 2665 ceciderant.
3087 2609 3356 2669 Praeterea
3388 2614 3603 2669 instaur

2027 2696 2261 2751 rationis
2302 2698 2495 2752 modos
2545 2698 2832 2769 sigillatim
2870 2701 3031 2757 nobis
3078 2704 3274 2759 volens
3301 2708 3599 2775 explicare,

2026 2788 2191 2842 modo
2250 2790 2471 2857 quidem
2526 2791 2751 2846 aiebat:
2816 2791 2992 2847 «Nam
3058 2795 3204 2865 quod
3263 2797 3603 2869 impossibile

2025 2885 2145 2932 erat
2190 2879 2317 2949 legi,
2354 2880 2408 2934 in
2450 2895 2558 2949 quo
2611 2880 2994 2937 inﬁrmabatur
3043 2900 3140 2954 per
3172 2901 3419 2952 carnem,
3459 2887 3601 2946 Deus

2026 2968 2226 3025 Filium
2251 2988 2410 3026 suum
2448 2973 2678 3028 mittens
2712 2973 2768 3027 in
2804 2974 3233 3033 similitudinem
3257 2979 3449 3035 carnis
3473 2995 3597 3051 pec-

2025 3061 2135 3116 cati
2168 3063 2316 3118 etde
2365 3070 2618 3132 peccato,
2649 3063 2819 3135 820
2868 3065 3151 3122 damnavit
3202 3077 3488 3139 peccatum
3541 3071 3597 3125 iu

2023 3166 2212 3217 carne,
2248 3162 2309 3208 ut
2332 3154 2659 3223 justiﬁeatio
2692 3155 2827 3226 legis
2863 3156 3182 3228 impleretur
3205 3160 3259 3214 in
3292 3161 3470 3225 nobis,
3500 3163 3594 3231 qui

2021 3260 2131 3299 non
2167 3246 2472 3301 secundum
2519 3262 2742 3302 carnem
2773 3248 3142 3313 ambulamus,
3172 3252 3266 3306 sed
3292 3251 3593 3306 secundum

2025 3335 2289 3405 Spiritum
2315 3337 2395 3406 3‘;
2423 3358 2440 3389 ι
2477 3340 2639 3394 modo
2663 3355 2793 3395 vero
2818 3357 3014 3397 rursus
3039 3360 3052 3395 :
3086 3342 3255 3407 «Quia
3284 3358 3416 3414 ergo
3441 3346 3592 3412 pueri

2021 3430 2573 3486 communicaverunt
2605 3435 2761 3487 carni
2791 3442 2845 3489 et
2885 3434 3160 3505 sanguini,
3190 3442 3245 3488 et
3272 3434 3389 3504 ipse
3434 3434 3590 3489 simi,

337 3517 436 3569 μα’
532 3504 663 3557 ποτὲ
706 3506 763 3559 δὲ
804 3510 968 3562 πάλιν
996 3526 1010 3542 ο
1046 3530 1064 3562 ι
1113 3514 1332 3586 Ἐπειδὴ
1361 3516 1468 3587 γὰρ
1500 3518 1570 3572 τὰ
1604 3520 1791 3573 παιδία
1824 3539 1913 3574 κε·

2026 3520 2150 3576 liter
2188 3523 2542 3592 participavit
2569 3524 2803 3589 eisdem,
2839 3535 2898 3579 ut
2933 3504 3031 3595 per
3077 3534 3306 3581 mortem
3344 3527 3590 3581 destrue—

334 3592 639 3665 κνιινώνηκε
670 3599 869 3668 σαρκὸς
898 3601 989 3654 καὶ
1027 3604 1279 3673 αἵματος,
1314 3607 1413 3661 διὰ
1432 3608 1589 3664 τοῦτο
1630 3613 1723 3665 καὶ
1757 3614 1918 3678 αὑτὸς

339 3684 735 3753 παραπλησίως
769 3690 998 3763 μετέσχε
1030 3694 1139 3747 τῶν
1167 3697 1381 3761 αὐτῶν,
1401 3699 1501 3752 ἶνα-
1518 3700 1607 3754 διὰ
1635 3702 1728 3755 τοῦ
1752 3703 1915 3759 Θανά-

339 3790 438 3825 του
481 3780 799 3851 καταργήσῃ
820 3782 929 3840 τὸν.
961 3783 1033 3836 τδρ
1063 3786 1261 3856 κράτος
1296 3788 1490 3858 ἔχοντα
1533 3791 1628 3845 τοῦ
1666 3793 1914 3860 θανάτου,

340 3864 485 3918 τοῦτ’
515 3866 629 3920 ἔστι
660 3869 750 3922 τὸν
776 3871 1049 3938 διάϐολον,
1069 3878 1161 3930 καὶ
1202 3879 1483 3954 ἀπαλλάξῃ
1521 3882 1761 3951 τούτους,
1802 3889 1913 3942 ὅσοι

338 3956 488 4025 φόϐῳ
517 3957 741 4015 θανάτου
770 3962 857 4017 διὰ
901 3968 1098 4031 παντὸς
1141 3969 1236 4024 τοῦ
1260 3970 1375 4044 -ζῇν
1418 3973 1590 4045 ἔνοχοι
1625 3971 1764 4047 ἦσαν
1795 3979 1914 4032 δου-

333 4047 504 4112 λείας.
531 4068 550 4100 ι
585 4053 694 4106 Καὶ
719 4053 810 4108 δύο
846 4056 947 4126 μὲν
970 4059 1191 4123 τούτους
1223 4063 1355 4134 ἡμῖν
1372 4065 1472 4136 τῆς
1499 4067 1913 4143 ἀνακεφαλαιώτ

331 4156 471 4204 σεως
512 4144 747 4235 τρόπους
791 4148 1104 4217 ἀναγκαίως
1149 4152 1372 4224 ἔχοντας
1416 4157 1517 4227 τῆς
1557 4160 1908 4235 ὲνανθρωπή-

330 4249 468 4294 σεως
487 4231 583 4286 τοῦ
612 4236 947 4306 Μονογενοῦς
969 4241 1059 4295 τὸν
1088 4242 1244 4310 λόγον
1275 4246 1304 4299 ὁ
1336 4247 1548 4311 Παῦλος
1571 4231 1905 4323 ἐξηγήσατο·

327 4323 527 4392 τρόπον
572 4325 629 4378 δὲ
672 4328 763 4381 ἐπὶ
807 4330 1013 4396 τούτοις
1057 4334 1165 4388 τῶν
1214 4337 1415 4408 ἐτέρων
1459 4343 1830 4412 περιεκτικὸν,
1881 4346 1910 4397 ὁ

330 4415 492 4484 σοφὸς
519 4418 909 4493 εύαγγελιστὴς
946 4424 1214 4498 Ἰωάννης.
1235 4428 1442 4500 Γράφει
1470 4433 1580 4502 γὰρ
1611 4434 1756 4488 οὑτω
1780 4438 1909 4508 περὶ

327 4507 599 4577 Χριστοῦο
635 4529 652 4562 ι
688 4512 782 4575 Εἰς
817 4513 886 4566 τὰ
935 4514 1041 4567 ἴδια
1069 4511 1220 4586 ἦλθε,
1271 4518 1379 4571 καὶΔ
1403 4524 1451 4574 οἱ
1484 4522 1618 4575 ἴδιοι.
1644 4525 1805 4578 αὑτὸν
1846 4507 1904 4579 οὐ

328 4598 668 4668 παρέλαϐον’
697 4602 811 4655 ὅσοι
842 4603 899 4656 δὲ
932 4605 1122 4659 ἔλαϐον
1165 4609 1346 4672 αὑτὸν,
1373 4611 1571 4665 ἔδωκεν
1604 4615 1786 4679 αὐτοῖς
1816 4617 1903 4681 ἐξ·

325 4690 513 4743 ουσίαν
560 4692 725 4746 τέκνα
771 4693 905 4748 Θεοῦ
962 4698 1232 4764 γενέσθαι,
1273 4704 1382 4764 τοῖς
1437 4704 1783 4760 πιστεύουσιν
1826 4711 1905 4773 εἰς

323 4781 385 4833 τὸ
412 4781 582 4853 ὄνομα
603 4784 787 4851 αὐτοῦ,
819 4787 868 4839 οἳ
896 4788 1083 4852 οῦκ-ἐξ
1104 4791 1512 4859 αἱμάτων,λούδὲ
1554 4797 1619 4849 ἐκ
1663 4797 1902 4869 θελήμα-

2021 3621 2104 3667 ret
2130 3628 2256 3668 eum
2302 3614 2395 3683 qui
2422 3614 2675 3670 habebat.
2693 3616 2891 3671 mortis
2925 3617 3234 3686 imperium,
3268 3617 3320 3673 id
3362 3626 3447 3672 est
3474 3617 3590 3671 dia-

2020 3704 2228 3767 bolum,
2253 3710 2309 3759 et
2336 3703 2598 3759 liberaret
2633 3718 2752 3765 eos.
2779 3704 2874 3773 qui
2904 3703 3101 3760 timore
3149 3705 3343 3760 mortis
3373 3721 3470 3775 per
3502 3712 3587 3761 to-

2019 3804 2128 3848 tam
2159 3795 2327 3849 vitam
2357 3795 2581 3850 obnoxii
2608 3803 2765 3850 erant
2794 3790 3051 3851 servituti»
3070 3795 3138 3849 ⁸⁸.
3165 3814 3183 3847 ι
3213 3798 3280 3852 Ει
3300 3796 3438 3851 duos
3462 3798 3588 3866 qui-

2018 3885 2142 3941 dem
2178 3885 2279 3941 bos
2317 3885 2479 3941 nobis
2518 3885 2937 3942 instaurationis
2971 3886 3163 3940 modos
3192 3887 3586 3942 incarnationis

2020 3975 2311 4048 Unigeuiti-
2343 3977 2618 4032 rationem
2650 3976 2967 4032 necessario
2996 3978 3345 4032 continentes
3383 3976 3585 4032 Paulus

2017 4070 2312 4142 exposuit;
2347 4070 2441 4127 sed
2499 4071 2721 4141 sapiens
2774 4071 3111 4142 evangelista
3151 4070 3421 4134 Joannes,
3467 4088 3584 4126 mo-

2015 4163 2146 4216 dum
2193 4171 2459 4232 praeterea
2499 4163 2594 4233 qui
2629 4171 2855 4218 cancros
2889 4164 3287 4232 complectitur.
3318 4162 3409 4217 Sic
3437 4164 3581 4218 enim

2014 4252 2211 4308 scribit
2237 4251 2552 4307 deChristo
2588 4270 2601 4306 :
2642 4272 2659 4305 ι
2689 4251 2774 4308 In.
2795 4253 3017 4322 proriria
3047 4254 3215 4318 venit,
3246 4263 3301 4308 et
3334 4254 3419 4307 sui
3457 4269 3582 4308 eum

2014 4356 2124 4395 non
2155 4350 2481 4411 receperunt
2513 4360 2525 4395 :
2561 4349 2833 4412 quotquot
2864 4350 3048 4395 autem
3083 4350 3408 4411 receperunt
3434 4358 3579 4408 eum,

2011 4429 2160 4484 dedit
2208 4431 2305 4485 eis
2343 4439 2669 4501 potestatem
2713 4430 2857 4484 lilios
2890 4430 2987 4485 Dei
3027 4429 3161 4496 fieri,
3211 4430 3297 4484 bis
3328 4431 3420 4500 qui
3461 4447 3582 4485 crc-

2011 4521 2152 4576 dunt
2203 4523 2271 4576 in
2312 4523 2533 4577 nomine
2587 4520 2753 4589 ejus:
2789 4521 2881 4591 qui
2935 4538 3045 4577 non
3091 4538 3154 4577 ex
3194 4524 3578 4593 Sanguinibus,

2008 4628 2188 4683 neque
2208 4629 2272 4666 ex
2300 4614 2584 4667 voluntate
2609 4612 2814 4673 carnis,
2846 4628 3023 4681 neque
3052 4628 3119 4668 ex
3146 4614 3427 4668 voluntate
3453 4613 3579 4674 viri.

2008 4706 2101 4760 sed
2135 4721 2202 4760 ex
2234 4704 2345 4759 Deo
2380 4705 2493 4759 nati
2531 4713 2662 4759 sunt
2694 4705 2759 4758 ⁸⁸.
2792 4725 2810 4756 ι
2853 4704 3199 4759 Manifestum
3236 4713 3321 4759 cst
3365 4707 3580 4759 cunctis

2009 4797 2176 4866 igitur
2223 4812 2318 4852 eas
2366 4796 2605 4852 maxime
2654 4799 2725 4854 ob
2774 4814 2974 4854 causas
3029 4799 3404 4867 Unigenitum,
3453 4813 3576 4853 eum

321 4889 415 4935 τος
455 4876 676 4946 σαρκὸς,
704 4877 825 4930 οὑδὲ
870 4879 934 4931 ὲκ
964 4880 1266 4951 θελήματος
1294 4882 1505 4955 ἀνδρὸς,
1529 4885 1645 4939 ἀλλ’
1673 4888 1900 4942 ὲκνΘεοῦ

2026 4891 2152 4942 )eus
2185 4889 2256 4941 sit
2281 4898 2333 4941 et
2360 4904 2425 4942 ex
2457 4888 2567 4943 Deo
2594 4890 2894 4944 secundum
2933 4898 3185 4942 naturam
3215 4889 3465 4953 exsistat,
3495 4887 3576 4941 fa-

321 4965 718 5037 ἐγεννήθησαν.
753 4986 772 5019 ι
811 4970 1081 5040 Πρόδηλον
1109 4967 1199 5026 οὖν
1230 4973 1347 5044 ἄρα
1383 4974 1475 5026 καὶ
1510 4977 1694 5040 πᾶσιν,
1722 4971 1897 5048 οἶμαι,

318 5055 572 5123 διαφανὲς
608 5058 687 5111 ὅτι
720 5058 925 5112 τούτων
955 5061 1115 5115 ἕνεκα
1159 5061 1228 5132 δὴ
1274 5063 1505 5133 μάλιστα
1537 5065 1644 5117 τῶν
1691 5069 1898 5133 αἰτιῶν,

319 5146 455 5210 Θεὸς
484 5149 578 5201 καὶ
614 5151 678 5202 ὲκ
718 5149 854 5203 Θεοῦ
913 5151 1054 5205 κατά
1092 5153 1252 5221 φύσιν
1302 5156 1583 5227 ὑπάρχων,
1619 5158 1901 5229 ἄνθρωπος

319 5238 542 5305 γέγονεν
585 5242 613 5293 ὁ
655 5242 987 5312 Μονογενὴς,
1025 5244 1111 5297 ἵνα
1151 5245 1388 5316 δηλονότι
1446 5250 1772 5321 κατακρίνῃ,
1803 5251 1900 5320 μὲν

316 5329 420 5399 τὴν
466 5331 738 5402 ἁμαρτίαν
771 5335 828 5387 έν
857 5338 926 5405 τῇ
980 5337 1158 5405 σαρκὶ,
1195 5339 1445 5412 νεκρώσῃ
1474 5339 1529 5393 δὲ
1554 5340 1629 5410 τῷ
1663 5341 1777 5410 ἰδίῳ
1807 5340 1900 5393 θα-

318 5422 468 5490 νάτῳ
510 5422 602 5477 τὸν
631 5422 880 5492 θάνατον,
932 5427 1025 5481 καὶ
1072 5430 1219 5493 υἱοὺς
1257 5432 1402 5501 ἡμᾶς
1432 5432 1705 5505 ἀποδείξῃ
1737 5432 1894 5498 Θεοῦ,

316 5512 461 5583 πρὸς
489 5512 549 5566 τὸ
576 5513 717 5586 ὑπὲρ
743 5515 902 5585 φύσιν
931 5518 1145 5589 ἀξίωμα
1175 5522 1299 5584 τοὺς
1342 5522 1501 5586 ὄντας
1537 5523 1629 5576 ἐπὶ
1670 5525 1765 5595 τῆς
1796 5529 1899 5596 γῆς

317 5604 696 5675 ἀναγεννήσας
758 5608 816 5659 έν
865 5608 1159 5679 Πνεῦματι.
1200 5607 1306 5663 Ἶιν
1364 5613 1470 5683 γὰρ
1525 5614 1735 5685 δήπου,
1807 5617 1898 5668 καὶ

320 5695 467 5766 μάλα
492 5696 693 5760 καλῶς,
723 5699 865 5752 κατὰ
900 5702 1108 5755 τουτονὶ
1142 5702 1235 5754 τὸν
1269 5704 1467 5774 τρόπον
1499 5704 2080 5774 ἀνακεφαλαιώσασθαι
2156 5710 2316 5762 πάλιν
2365 5711 2456 5762 καὶ
2507 5711 2586 5770 εἰς

2009 4988 2156 5032 ctum
2184 4995 2307 5035 esse
2348 4979 2643 5047 hominem,
2677 4993 2733 5037 ut
2766 4983 3027 5037 nimirum
3055 4982 3345 5035 damnaret
3377 4998 3581 5049 pecca.

2008 5075 2124 5122 tum
2171 5069 2224 5122 in
2272 5084 2437 5124 carne
2480 5079 2535 5125 et
2578 5079 2753 5126 morte
2793 5087 2890 5127 sua
2950 5080 3180 5124 mortem
3244 5071 3573 5133 destrueret,

2009 5177 2221 5229 nosque
2273 5160 2362 5215 [lci
2412 5162 2553 5217 ﬁlios
2591 5163 2851 5229 elliceret,
2885 5178 2946 5216 cx
2986 5171 3200 5215 terrena
3251 5161 3576 5215 conditione

2009 5261 2364 5319 regeneratus
2395 5253 2450 5306 in
2484 5251 2716 5322 Spiritu.
2745 5252 2857 5308 Huc
2898 5254 3042 5305 enim
3091 5251 3277 5319 utique
3313 5250 3476 5305 modo
3510 5253 3575 5306 li-

2009 5344 2167 5397 cebat
2216 5345 2530 5397 instaurare
2563 5353 2617 5398 et
2646 5345 2698 5398 in
2740 5344 3026 5415 pristinum
3074 5351 3275 5396 statum
3315 5359 3576 5400 revocare

2010 5437 2224 5504 lapsum
2274 5452 2447 5506 genus
2481 5435 2786 5489 hominum.
2824 5433 3039 5487 Rursus
3084 5450 3412 5504 unaquaque
3445 5452 3575 5492 cau-

2008 5543 2191 5580 sarum
2217 5528 2442 5580 istarum
2478 5527 2530 5578 in
2567 5526 2746 5580 medio
2775 5526 3005 5595 prolata,
3032 5536 3399 5583 consentanea
3430 5544 3573 5598 qua:-

2006 5618 2129 5672 dam
2158 5618 2424 5673 dicamus.

2653 5716 2712 5768 τὺ
2750 5712 2970 5779 ἀρχαῖον
3042 5706 3328 5765 ἀναλαϐεῖν
3394 5710 3453 5763 τδ
3494 5708 3567 5760 δι’·

388 5807 435 5839 ”
464 5805 670 5878 Ephes.
700 5826 737 5877 ι,
778 5810 862 5867 10.
946 5813 990 5844 ⁸⁵
1021 5812 1181 5871 Rom.
1216 5830 1336 5884 vm,
1370 5819 1422 5884 5,
1455 5820 1511 5875 Il.
1590 5821 1632 5853 '"’
1666 5820 1829 5878 Hebr.
1868 5837 1920 5887 ιι,

2026 5856 2050 5887 ν,
2090 5825 2172 5879 15.
2250 5825 2294 5855 ⁸⁸
2333 5822 2490 5876 Joan.
2533 5838 2567 5889 ι,
2606 5824 2788 5878 11-15.
