4076 6270
506 393 617 452 275

1502 387 1557 442 S.
1599 380 1872 443 CYRILLI
1910 386 2379 445 ALEXANDRINI
2417 384 2733 447 ARCHIEP.

3654 382 3761 447 176

505 504 800 576 ολισθῆσαν
833 503 1008 571 γένος,
1032 501 1177 556 τοῦτ’
1222 500 1335 553 ἔστι
1382 499 1443 552 τὸ
1492 497 1850 570 ἀνθρώπινον.
1893 497 2062 553 Πάλιν
2117 499 2354 571 ἑκάστην
2385 500 2463 572 τῷ
2494 500 2635 573 λόγῳ
2665 501 2999 572 παραθέντες
3028 500 3137 554 τῶν
3169 498 3370 572 ἀρτίως
3418 498 3551 571 ἡμῖν
3612 500 3763 572 εἰρη-

512 601 688 673 μένων
708 597 915 663 αἰτιῶν,
942 598 1028 651 ἐπ’
1050 597 1187 667 αὐτῇ
1213 594 1282 649 τά
1304 596 1492 648 εἰκότα
1517 592 1783 664 λέγωμεν.

579 702 942 772 Quaerendum
985 710 1099 767 quo
1145 703 1305 766 pacto
1358 694 1773 766 intelligendum
1821 697 1891 751 sit
1934 694 2082 765 quod

2255 688 2379 753 Πῶς
2408 691 2514 763 γὰρ
2555 691 2620 745 ἄν
2664 692 2758 745 καὶ
2809 689 3008 762 πρέποι
3053 692 3192 745 νοεῖν
3224 691 3485 762 ζητητέον
3520 692 3602 745 δτι
3634 710 3763 745 κατ-

508 796 789 857 damnavit
817 798 1101 864 peccatum
1126 789 1181 843 in
1213 800 1402 851 carne,
1436 788 1605 842 misso
1633 785 1772 843 Filio
1796 801 1896 841 suo
1943 786 2085 839 Deus

502 905 572 945 'ac
624 888 788 943 Pater
832 886 886 939 in
943 880 1360 938 similitudinem
1419 882 1610 934 carnis
1667 880 1899 951 peccati.
1951 874 2083 933 Eum

504 982 731 1054 quippe,
765 974 984 1031 tametsi
1016 968 1161 1027 Deus
1201 971 1273 1026 sit
1310 972 1613 1026 secundum
1647 979 1896 1025 naturam
1934 979 1987 1024 et
2018 984 2082 1024 ex

503 1074 628 1142 ejus
664 1067 975 1127 substantia
1020 1065 1266 1136 genitus,
1306 1078 1370 1118 ac
1410 1064 1912 1119 immutabilitatem
1958 1077 2085 1131 pro-

504 1164 757 1234 prietatis
779 1159 900 1228 ejus
922 1155 1252 1212 naturaliter
1273 1156 1493 1215 habeat,
1517 1154 1857 1225 proindeque
1881 1156 1934 1209 in
1963 1170 2087 1224 pec-

503 1269 690 1312 catum
718 1254 824 1308 labi
848 1268 1074 1323 prorsus
1095 1250 1326 1315 nesciat,
1346 1251 1516 1304 autin
1544 1250 1735 1303 vitium
1762 1244 2083 1309 deﬂectere,

507 1351 559 1401 in
586 1355 870 1418 peccatum
894 1355 1076 1398 tamen
1096 1342 1249 1397 carni
1276 1341 1587 1411 subjectum
1606 1341 1937 1396 descendere
1962 1340 2090 1395 fecit

511 1441 678 1500 ultro,
708 1450 767 1492 ut
802 1439 977 1509 ipsam
1008 1448 1229 1491 carnem
1265 1448 1418 1490 suam
1456 1430 1704 1489 eﬂectam
1746 1432 1811 1487 ad
1844 1433 2089 1504 proprie-

512 1539 679 1585 tatem
729 1545 887 1585 suani
931 1526 1281 1587 transferret,
1325 1524 1379 1579 id
1423 1532 1508 1578 est
1562 1524 1771 1595 peccati
1813 1532 2088 1580 exsortem

513 1623 738 1677 faceret.
760 1621 871 1675 Nec
899 1621 1045 1675 enim
1082 1616 1547 1681 existimabimus,
1566 1616 1613 1671 si
1645 1630 1800 1671 mens
1828 1630 1964 1671 sana
1990 1630 2088 1672 no-

511 1714 598 1769 bis
644 1712 735 1777 sit,
764 1710 1124 1781 Unigenitum
1161 1707 1366 1762 factum
1404 1716 1530 1764 es'se
1560 1707 1869 1774 hominem,
1895 1714 1954 1762 ut
1988 1722 2090 1763 suo

512 1804 720 1873 templo
758 1802 934 1858 solum
987 1800 1040 1855 id
1088 1807 1413 1871 praestaret:
1465 1799 1742 1871 quomodo
1781 1801 1927 1856 enim
1971 1799 2090 1869 ejus

515 1892 784 1947 adventus
824 1890 888 1945 ad
923 1906 1023 1946 nos
1059 1887 1469 1959 magniﬁcentia
1510 1896 1565 1944 et
1608 1888 1821 1945 utilitas
1858 1897 2087 1961 pateret,

516 1983 563 2037 si
589 1996 750 2036 suum
783 1981 1050 2035 duntaxat
1080 1991 1288 2049 corpus
1320 1979 1640 2034 servasset?
1673 1979 1769 2035 sed
1801 1980 2089 2035 credemus

517 2075 704 2145 potius
741 2072 1094 2143 Unigenitum
1142 2070 1346 2127 factum
1391 2087 1514 2127 esse
1554 2072 1852 2141 hominem,
1889 2075 2086 2144 ut.qui

516 2176 725 2220 naturae
748 2166 1017 2220 universa:
1046 2179 1143 2237 per
1172 2162 1414 2234 seipsum
1448 2171 1503 2218 et
1524 2160 1685 2234 821
1718 2166 1772 2219 in
1797 2180 1857 2222 se
1887 2165 2085 2236 primo,

513 2256 663 2313 velut
713 2258 768 2312 in
818 2257 1077 2327 primitiis
1149 2256 1513 2313 humanitatis
1564 2256 1708 2312 bona
1768 2257 2087 2313 vindicatu-

513 2365 611 2405 rus
640 2355 804 2405 esset.
846 2345 1327 2414 Quemadmodum
1376 2346 1524 2401 enim
1564 2361 1675 2401 non
1728 2355 1963 2401 mortem
1998 2361 2091 2402 so-

515 2442 654 2506 lum,
704 2440 798 2495 sed
856 2440 1145 2493 universas
1179 2438 1363 2494 carnis
1415 2437 1704 2508 passiones
1764 2439 1939 2495 secuti
1997 2453 2090 2493 su.-

517 2547 667 2597 mus,
717 2531 883 2600 idque
920 2531 1077 2601 nobis
1109 2530 1165 2582 in
1196 2531 1373 2599 primo
1413 2529 1638 2585 homine
1682 2531 1932 2601 contigit,
1962 2545 2088 2585 cum

516 2631 741 2695 propter
772 2620 1275 2692 prtevaricationem
1304 2626 1419 2671 tum
1451 2618 1695 2673 divinam
1737 2621 2084 2676 maledictio-

523 2729 644 2772 nam
690 2727 705 2767 :
747 2712 963 2775 eodem,
1016 2711 1213 2781 opinor
1244 2749 1259 2773 ,
1321 2707 1488 2763 modo
1543 2724 1841 2779 sequemur
1896 2725 2091 2775 omnes

517 2806 821 2867 Christum,
842 2812 1149 2859 servantem
1169 2799 1554 2870 multipliciter
1570 2812 1624 2855 et
1652 2802 2087 2857 sanctilicantem

518 2898 706 2952 carnis
762 2903 1012 2949 naturam
1061 2896 1116 2949 in
1174 2893 1378 2963 seipse.
1417 2893 1628 2950 Idcirco
1666 2893 1831 2949 etiam
1887 2892 2092 2949 Paulus

521 2988 700 3043 aiebat
740 3006 753 3042 :
796 3006 813 3038 ι
848 2987 912 3041 Et
947 2985 1089 3043 sicut
1134 2987 1477 3058 portavimus
1528 2986 1821 3056 imaginem
1867 2985 2090 3050 terreni,

519 3087 804 3150 portemus
850 3087 904 3134 et
954 3078 1246 3150 imaginem
1298 3079 1540 3137 caelestis
1565 3078 1633 3135 ⁸⁷.
1662 3096 1680 3131 ι
1717 3075 1903 3148 Imago
1947 3078 2092 3133 enim

517 3170 748 3235 terreni,
783 3170 887 3225 hoc
916 3179 1001 3227 est
1033 3170 1259 3240 Adami,
1288 3181 1373 3229 est
1400 3174 1455 3228 in
1488 3171 1840 3244 passionibus
1879 3172 1936 3227 et
1970 3186 2096 3227 cor-

518 3264 779 3334 ruptione
813 3264 1018 3320 versari
1071 3283 1082 3318 :
1131 3266 1313 3337 imago
1356 3274 1539 3321 autem
1591 3265 1856 3331 caelestis,
1904 3263 1964 3320 id
2013 3271 2098 3320 est

517 3357 747 3422 Christi,
779 3368 861 3411 est
898 3354 1187 3414 aﬂ‘ectibus
1216 3369 1269 3414 et
1293 3358 1654 3429 corruptione
1681 3372 1914 3413 vacuum
1947 3372 2091 3413 esse.
2122 3386 2164 3445 ο

518 3449 810 3504 Damnavit
858 3450 1024 3521 igitur
1055 3453 1343 3522 peccatum
1375 3452 1433 3507 in
1462 3462 1563 3505 sua
1597 3462 1784 3513 carne,
1821 3447 1967 3506 Deus
2001 3465 2097 3505 ex-

519 3542 722 3598 sistens
755 3542 1055 3597 secundum
1094 3552 1371 3608 naturam,
1414 3540 1678 3609 Verbum,
1709 3540 1915 3613 iubens
1962 3542 2098 3597 illud

521 3646 745 3689 cessare
785 3642 840 3688 et
880 3633 947 3689 ad
997 3632 1091 3689 Dei
1121 3635 1465 3691 voluntatem
1503 3634 1683 3704 potius
1724 3646 1886 3704 quam
1941 3646 2098 3687 suam

521 3725 900 3791 conformans,
935 3736 1098 3797 atque
1126 3728 1203 3781 ita
1243 3738 1467 3797 corpus,
1502 3724 1739 3781 animale
1764 3740 1890 3779 eum
1930 3731 2098 3789 esset,

522 3816 704 3874 effecit
742 3816 876 3871 illud
927 3818 1196 3888 spiritale.
1252 3817 1406 3874 Unus
1459 3818 1629 3888 igitur
1675 3815 2101 3871 lnstaurationis

525 3909 618 3963 hic
650 3908 844 3963 modus
870 3920 952 3965 cst
984 3928 998 3963 :
1033 3909 1126 3965 sed
1150 3910 1288 3965 alter
1309 3910 1460 3966 subit
1484 3910 1720 3963 maxime
1744 3906 2100 3969 conveniens,

524 4015 592 4056 ac
645 4015 831 4055 rerum
897 4000 1304 4070 propositarum
1359 4000 1809 4070 contemplationi
1863 3998 2101 4054 debitus.

525 4090 879 4161 Propositum
931 4096 1111 4144 autem
1151 4096 1235 4144 est
1285 4088 1354 4145 de
1396 4099 1600 4145 acterna
1638 4089 1751 4143 vita
1796 4087 2019 4151 dicere,
2050 4098 2105 4143 et

528 4184 726 4237 mortis
748 4179 1148 4244 destructione,
1173 4189 1226 4235 et
1250 4195 1360 4250 quo
1386 4188 1548 4251 pacto
1578 4192 1608 4234 a
1638 4189 1832 4234 natura
1860 4176 2103 4233 humana

526 4271 940 4343 corruptionem
1009 4270 1340 4342 Uulgenitus
1410 4271 1693 4325 averterit.
1771 4289 1789 4321 ι
1830 4268 2103 4335 Quoniam

525 4364 695 4435 igitur
733 4363 888 4434 pueri
933 4364 1422 4419 communicarunt
1467 4361 1621 4417 carni
1657 4370 1711 4416 et
1744 4360 2019 4434 sanguini,
2052 4372 2106 4418 et

525 4458 645 4526 ipse
690 4457 857 4512 simili
895 4455 1061 4511 modo
1114 4454 1472 4526 participavit
1514 4452 1744 4517 eisdem,
1788 4462 1845 4508 ut
1874 4463 2104 4509 mortem

525 4546 840 4605 destrueret
861 4547 929 4612 ⁸⁸,
961 4566 979 4598 ι
1018 4553 1073 4602 et
1116 4547 1210 4617 qui
1249 4563 1267 4597 ι
1294 4545 1506 4601 creavit
1556 4551 1616 4599 ut
1662 4555 1849 4602 essent
1893 4549 2104 4610 omnia,

524 4649 582 4696 et
609 4641 885 4697 salutares
910 4638 1037 4694 fecit
1066 4638 1446 4709 generationes
1475 4636 1724 4697 mundi,»
1757 4646 1817 4692 ut
1839 4638 2103 4708 scriptum

2187 782 2366 852 ἐκρινε
2396 781 2493 852 τὴν
2522 783 2795 853 ἁμαρτίαν
2826 784 2883 836 ὲν
2913 786 2979 854 τῇ
3021 784 3204 854 σαρκὶ,
3247 783 3469 854 πέμψας
3499 784 3591 837 τὸν
3637 782 3765 838 ἴδιον

2187 872 2314 925 Υίὺν
2347 874 2375 924 ό
2400 873 2530 936 Θεὸς
2570 874 2663 927 καὶ
2691 872 2900 945 Πατὴρ,
2936 874 2995 927 ὲν
3026 872 3327 945 ὁμοιώματι
3361 874 3561 945 σαρκὸς
3590 876 3759 945 ἀμαρο

2185 964 2326 1027 τίας.
2357 963 2489 1017 Θεὸν
2529 965 2636 1037 γὰρ
2680 964 2807 1017 ὄντα
2848 963 2985 1018 κατά
3023 960 3182 1033 φύσιν
3226 966 3319 1018 καί⁵
3355 968 3418 1018 ὲκ
3454 966 3552 1035 τῆς
3582 967 3768 1029 οὐσίας

2187 1055 2349 1109 αὐτοῦ
2395 1058 2690 1124 πεφηνότα,
2739 1058 2833 1111 καὶ
2878 1057 2941 1111 τδ
2992 1057 3265 1127 ἄτρεπτον
3293 1054 3484 1128 ἔχοντα
3523 1060 3769 1124 φυσικῶς

2186 1146 2283 1215 τῆς
2314 1147 2571 1218 ἰδιότητος
2609 1147 2796 1215 αὐτοῦ,
2835 1148 2924 1204 διά
2967 1167 3026 1203 τε
3063 1149 3220 1203 τοῦτο
3250 1152 3324 1221 μὴ
3354 1151 3530 1204 εἰδότα
3573 1169 3770 1205 παντε-

2186 1240 2293 1303 λῶς
2328 1239 2389 1293 τὸ
2420 1240 2702 1295 διολισθεῖν
2743 1243 2823 1304 εἰς
2864 1241 3159 1313 ἁμαρτίαν,
3202 1241 3369 1314 ἤγουν
3417 1244 3766 1312 παρατρέπε-

2190 1330 2314 1383 σθαί
2345 1348 2435 1384 ποι
2468 1331 2604 1401 πρὸς
2623 1331 2686 1385 τὺ
2713 1332 2786 1404 μὴ
2817 1332 2939 1403 ἔχον
2966 1333 3163 1405 ὀρθῶς,
3185 1335 3263 1398 εἰς
3305 1333 3403 1406 τὴν
3433 1335 3771 1388 ὑποπίπτου-

2190 1437 2289 1474 σαν
2328 1423 2395 1493 τῇ
2454 1422 2617 1494 σαρκὶ
2668 1423 2943 1494 ἁμαρτίαν
3006 1424 3306 1495 καταϐῆναι
3357 1424 3769 1497 παρεσκεύασεν

2188 1516 2444 1583 ἐθελοντὶ,
2473 1519 2558 1572 ἵνα
2588 1518 2722 1572 ίδίαν
2767 1521 2937 1591 αὐτὴν
2984 1521 3352 1592 ποιησάμενος
3395 1523 3595 1593 σάρκα,
3637 1523 3771 1594 πρὸς

2187 1608 2249 1662 τὸ
2276 1607 2405 1663 ῐδιον
2429 1607 2591 1663 αὑτοῦ
2620 1610 2715 1664 καὶ
2742 1612 2967 1679 φυσικὸν
2999 1614 3333 1685 μεταστήσῃ,
3361 1611 3508 1666 τοῦτ’
3538 1613 3677 1679 ἔστι,
3709 1612 3770 1668 τδ

2192 1700 2267 1773 μὴ
2300 1700 2653 1772 ἁμαρτάνειν.
2686 1701 2762 1755 Οὐ
2794 1703 2905 1775 γὰρ
2969 1703 3141 1773 δήπου
3176 1704 3588 1775 διακεισόμεθα,
3644 1724 3771 1778 φρο.

2189 1791 2407 1856 νοῦντες
2454 1791 2649 1864 ὀρθῶς,
2688 1792 2771 1847 ὅτι
2802 1793 2867 1864 δὴ
2912 1793 3057 1865 μόνῳ
3099 1793 3176 1865 τῷ
3227 1795 3413 1867 οἰκείῳ
3455 1796 3570 1867 ναῷ
3618 1796 3770 1851 τοῦτο

2188 1882 2549 1954 κατορθώσων
2575 1884 2795 1954 γέγονεν
2811 1884 3095 1958 ἄνθρωπος
3121 1885 3150 1938 6
3171 1886 3449 1957 Μονογενή
3459 1905 3503 1950 ς.
3520 1888 3632 1940 Ποῦ
3664 1888 3770 1960 γὰρ

2192 1974 2259 2030 ἂν
2305 1974 2444 2039 ὅλως
2494 1974 2668 2047 ὁρῷτο
2711 1977 2809 2048 τῆς
2857 1976 2933 2040 ὼς
2984 1978 3136 2046 ἡμᾶς
3169 1976 3405 2047 ἀφίξεως
3448 1979 3508 2032 τὸ
3545 1980 3775 2049 μεγαλο-

2195 2066 2399 2137 πρεπὲς
2429 2067 2524 2120 καὶ
2552 2067 2847 2138 ὠφέλιμον,
2880 2071 2927 2121 εἰ
2961 2069 3120 2138 μόνον
3152 2071 3214 2123 τδ
3253 2068 3448 2123 ἑαυτοῦ
3478 2071 3774 2125 διεσώσατο

2196 2158 2390 2230 σῶμα;
2430 2159 2790 2230 πιστεύσομεν
2815 2161 2872 2213 δὲ
2912 2162 3108 2232 μᾶλλον
3136 2161 3211 2226 ὡς
3258 2162 3351 2234 ὅλῃ
3399 2164 3465 2235 τῇ
3515 2164 3675 2233 φύσει
3708 2166 3775 2218 δι’

2196 2246 2410 2311 ἑαυτοῦ,
2434 2248 2528 2301 καὶ
2553 2248 2611 2301 ἐν
2645 2247 2794 2319 αὐτῷ
2816 2247 3037 2320 πρώτῳ,
3066 2250 3317 2321 καθάπερ
3340 2254 3395 2305 ὲν
3426 2250 3647 2324 ἀπαρχῇ
3679 2255 3777 2322 τῆς

2196 2338 2611 2411 ἀνθρωπότητος
2652 2342 3020 2412 περιποιήσων
3057 2342 3126 2397 τά
3179 2344 3382 2413 ἀγαθὰ,
3411 2345 3602 2414 γέγονε
3652 2344 3775 2400 καθ’

2194 2434 2343 2503 ἡμᾶς
2389 2434 2418 2485 6
2452 2435 2804 2506 ’Μονογενής.
2844 2434 3055 2505 Ὥσπερ
3106 2436 3215 2507 γάρ
3260 2437 3381 2506 οὐχὶ
3426 2436 3504 2508 τῷ
3563 2436 3776 2508 θανάτῳ

2200 2524 2380 2594 μόνον,
2431 2524 2546 2578 ἀλλ’
2595 2525 2735 2590 ὅλοις
2785 2525 3229 2599 ἡκολουθήσαμεν
3278 2531 3391 2593 τοῖς
3433 2530 3630 2585 πάθεσι
3680 2532 3776 2601 τῆς

2199 2618 2421 2688 σαρκὸς,
2447 2619 2504 2670 ὲν
2531 2616 2608 2687 τῷ
2637 2617 2836 2689 πρώτῳ
2864 2619 3025 2673 τοῦτο
3071 2620 3335 2685 παθόντες
3367 2621 3661 2694 ἀνθρώπῳ,
3691 2623 3779 2677 διά

2196 2723 2257 2759 τε
2309 2707 2409 2776 τὴν
2455 2706 2765 2777 παράϐασιν
2818 2710 2910 2761 καὶ
2940 2708 3052 2781 ,τὴν
3098 2708 3247 2763 θείαν
3297 2711 3464 2783 ἀράν·
3515 2712 3656 2766 κατά
3687 2714 3779 2765 τὸν

2199 2798 2383 2861 αὑτὸν,
2412 2793 2584 2868 οἶμαι,
2610 2799 2810 2870 τρόπον
2843 2800 3083 2871 ἑψόμεθα
3113 2802 3425 2873 σύμπαντες
3454 2805 3532 2876 τῷ
3559 2804 3780 2877 Χριστῷ

2199 2891 2516 2955 διασώζοντι
2552 2892 2901 2960 πολυτρόπως
2948 2894 3043 2948 καὶ
3072 2895 3349 2963 ἀγιάξοντι
3383 2896 3480 2969 τὴν
3516 2898 3618 2967 τῆς
3651 2914 3782 2970 σαρ-

2201 2984 2297 3047 κὸς
2325 2985 2485 3052 φύσιν
2510 2985 2567 3037 ὲν
2589 2985 2783 3055 ἑαυτῷ.
2816 2988 2907 3039 Διὸ
2934 2989 3025 3041 καὶ
3048 2990 3075 3041 6
3106 2990 3317 3054 Παῦλος
3342 2991 3545 3059 ἔφασκε
3564 3008 3580 3023 ⁸
3619 3012 3638 3044 ι
3670 2993 3781 3047 Καὶ

2202 3075 2385 3139 καθὼς
2417 3076 2757 3146 ὲφορέσαμεν
2801 3076 2898 3148 τὴν
2937 3078 3120 3134 εἰκόνα
3162 3080 3255 3134 τοῦ
3300 3082 3503 3152 χοϊκοῦ,
3535 3083 3780 3153 φορέσω-

2206 3188 2305 3242 μεν
2353 3171 2447 3225 καὶ
2496 3169 2594 3242 τὴν
2644 3172 2826 3225 εἰκόνα
2881 3170 2975 3226 τοῦ
3028 3174 3373 3244 ἐπουρανίου.
3409 3194 3426 3225 ι
3463 3173 3639 3228 Εἰκὼν
3674 3174 3781 3247 γάρ

2202 3264 2295 3318 τοῦ
2319 3263 2524 3335 χοϊκοῦ.
2555 3262 2699 3317 τοῦτ’
2728 3262 2875 3317 ἔστιν
2903 3265 3088 3335 Ἀδὰμ,
3120 3265 3181 3319 τὸ
3213 3268 3270 3319 ὲν
3298 3267 3494 3321 πάθεσι
3527 3267 3781 3336 γενέσθαι

2205 3358 2300 3411 καὶ
2349 3355 2559 3427 φθορᾷ·
2614 3352 2779 3407 εἰκὼν
2826 3355 2883 3409 δὲ
2934 3354 3028 3409 τοῦ
3078 3357 3423 3428 ἐπουρανίου,
3465 3357 3612 3411 τοῦτ’
3667 3358 3782 3411 ἔστι

2203 3445 2458 3518 Χριστοῦ,
2510 3444 2573 3498 τὸ
2625 3445 2684 3498 ὲν
2731 3442 2968 3516 ἀπαθείᾳ
3019 3445 3270 3514 γενέσθαι
3328 3449 3423 3501 καὶ
3483 3447 3778 3519 ἀφθαρσίᾳ.

2201 3537 2503 3609 Κατέκρινε
2554 3536 2732 3589 τοίνυν
2778 3534 2877 3605 τὴν
2930 3536 3206 3608 ἁμαρτίαν
3248 3539 3305 3591 ὲν
3333 3540 3399 3608 τῇ
3439 3537 3546 3608 ἰδίᾳ
3595 3538 3781 3608 σαρκὶ,

2200 3629 2333 3692 Θεὸς
2367 3628 2628 3699 ὑπάρχων
2666 3628 2808 3682 κατά
2838 3628 3022 3697 φύσιν,
3060 3631 3089 3683 6
3138 3629 3331 3696 Λόγος,
3374 3630 3563 3701 ἀργεῖν
3598 3631 3787 3683 ἐπιτά-

2204 3722 2299 3790 ξας
2341 3720 2502 3792 αὐτῇ,
2533 3722 2626 3775 καὶ
2681 3722 3127 3794 μεταρῤυθμίσας
3168 3722 3367 3793 μᾶλλον
3416 3724 3497 3788 εἰς
3525 3724 3586 3777 τὸ
3620 3725 3786 3778 κινεῖ-

2203 3813 2328 3868 σθαι
2363 3812 2498 3885 πρὸς
2538 3812 2598 3866 τὸ
2635 3812 2825 3867 δοκοῦν
2857 3812 2937 3883 τῷ
2977 3812 3096 3884 Θεῷ
3125 3815 3219 3868 καὶ
3260 3816 3333 3886 μὴ
3383 3815 3518 3885 πρὸς
3550 3814 3612 3868 τὸ
3656 3814 3785 3868 [διον

2203 3906 2281 3960 ἔτι
2311 3906 2550 3977 θέλημαο
2577 3905 2719 3960 οὕτω
2750 3922 2809 3959 τε
2838 3905 3066 3977 ψυχικὴν
3097 3907 3341 3979 ὑπάρχον
3367 3908 3428 3961 τὸ
3464 3908 3624 3978 σῶμα
3655 3922 3787 3962 κατ-

2203 3998 2469 4051 εσκεύασε
2514 3998 2899 4070 πνευματικόν.
2959 3994 3055 4064 Εἷς
3098 3999 3197 4071 μὲν
3240 3997 3331 4055 οὖν
3380 4001 3481 4071 τῆς
3511 4004 3789 4071 ἀνακεφα-

2204 4089 2481 4153 λαιώσεως
2520 4090 2700 4143 οὐτοσὶ
2742 4091 2963 4161 τρόπος’
2992 4092 3021 4145 6
3060 4092 3117 4145 δὲ
3152 4093 3244 4146 καὶ
3278 4095 3513 4164 μάλιστα
3536 4096 3783 4165 πρέπων,

2205 4182 2300 4235 καὶ
2327 4182 2394 4252 τῇ
2420 4179 2532 4234 τῶν
2560 4182 2936 4253 προκειμένων
2961 4183 3164 4255 θεωρίᾳ
3185 4184 3650 4256 χρεωστούμενος,
3668 4187 3785 4256 μετ’

2205 4274 2411 4326 ἐκεῖνον
2439 4270 2772 4344 είσὸήσεται.
2802 4272 3158 4346 Προκείσεται
3202 4275 3259 4329 δὲ
3301 4279 3475 4331 εἰπεῖν
3514 4279 3645 4349 περὶ
3690 4278 3786 4347 τῆς

2207 4361 2426 4415 αἰωνίου
2450 4360 2616 4432 ζωῆς,
2643 4363 2738 4415 καὶ
2764 4363 2866 4433 τῆς
2893 4364 2987 4416 τοῦ
3016 4361 3247 4418 θανάτου
3280 4367 3620 4437 νεκρώσεως,
3644 4369 3785 4432 ὅπως

2206 4471 2266 4508 τε
2296 4454 2396 4524 τῆς
2428 4454 2774 4526 ἀνθρωπείας
2807 4455 3023 4525 φύσεως
3054 4456 3149 4528 τὴν
3180 4459 3244 4511 ὲκ
3292 4460 3391 4530 τῆς
3423 4460 3785 4529 παραϐάσεως

2209 4546 2414 4618 φθοράν
2461 4545 2767 4617 ἀπέστησεν
2802 4549 2830 4602 ό
2867 4547 3200 4620 Μονογενής.
3239 4569 3258 4603 ι
3295 4550 3506 4606 Οὐκοῦν
3561 4553 3784 4625 ἐπείπερ

2206 4638 2277 4693 τὰ
2324 4637 2511 4692 παιδία
2556 4639 2955 4711 κεκοινώνηκεν
3007 4641 3241 4712 αἵματος
3303 4643 3397 4696 καὶ
3440 4644 3663 4714 σαρκὸς,
3697 4643 3785 4697 καὶ

526 4740 613 4788 est
630 4732 703 4796 ",
725 4741 780 4787 et
809 4746 993 4786 rerum
1024 4730 1257 4785 formam
1290 4728 1344 4783 in
1364 4730 1661 4800 pristinum
1699 4731 2095 4797 statumrdenue

2210 4726 2372 4792 αὐτὸς
2401 4727 2793 4799 παραπλησίως
2818 4730 3046 4799 μετέσχε
3074 4724 3183 4784 τῶν
3206 4731 3405 4794 αὐτῶν,
3433 4729 3522 4784 ἵνα
3542 4732 3785 4801 νεκρώσῃ

528 4832 837 4880 revocaret.
869 4822 936 4877 Et
963 4822 1242 4879 curiosius
1275 4822 1495 4893 quidem
1531 4832 1696 4893 quam
1737 4830 1978 4893 oportet,
2010 4838 2107 4878 ne-

528 4917 775 4973 cessario
806 4925 989 4972 tamen
1020 4916 1088 4972 de
1132 4917 1359 4984 antiquo
1409 4926 1599 4971 nostro
1638 4922 1787 4972 statu
1830 4916 1997 4971 verba
2026 4915 2105 4971 fa-

528 5009 760 5064 ciemus.
794 5007 963 5063 Recte
988 5007 1190 5078 quippe
1220 5006 1352 5076 quid
1394 5006 1805 5063 observandum
1838 5007 1912 5063 sit
1952 5021 2106 5062 com-

531 5101 694 5173 plecti
727 5101 887 5167 velle,
921 5099 1152 5172 pigritiae
1191 5099 1391 5168 probro
1422 5099 1611 5169 utique
1650 5099 1890 5154 vacabit.

2213 4820 2305 4873 τὸν
2356 4819 2605 4884 θάνατον,
2645 4838 2664 4873 ι
2702 4820 2795 4874 καὶ
2842 4822 2871 4874 6
2923 4838 2944 4871 ι
3003 4823 3196 4885 κτίσας
3243 4823 3324 4887 εἰς
3368 4821 3676 4894 ἀφθαρσίαν
3722 4822 3785 4876 τά

2216 4915 2413 4981 πάντα,
2457 4915 2553 4968 καὶ
2604 4917 2905 4989 σωτηρίους
2947 4916 3235 4982 ἀποδείξας
3283 4917 3382 4980 τὰς
3409 4920 3655 4986 γενέσεις
3695 4916 3785 4971 τοῦ

2213 5006 2440 5076 κόσμου,
2476 5024 2494 5057 ι
2523 5007 2664 5060 κατά
2707 5007 2767 5060 τὸ
2809 5010 3215 5079 γεγραμμένον,
3264 5008 3586 5082 μεταπλάσῃ
3632 5010 3773 5064 πάλιι

2213 5098 2321 5151 τῶν
2351 5099 2688 5169 πραγμάτων
2716 5098 2776 5152 τὸ
2812 5099 3000 5169 σχῆμα
3029 5098 3162 5170 πρὸς
3190 5100 3252 5152 τὸ
3279 5101 3525 5171 ἀρχαῖον.
3562 5101 3669 5154 Καί
3700 5115 3780 5170 μοι

531 5196 929 5265 πάλινόλόγος
958 5194 1374 5264 περιεργότερον
1406 5194 1525 5265 μὲν,
1576 5195 1721 5265 ἤπερ
1754 5194 1945 5264 ἐχρῆν,
1987 5193 2306 5262 ἀναγκαίως
2353 5192 2399 5246 δ’
2445 5189 2537 5247 οὖν
2610 5193 2760 5263 ὅμως
2814 5194 3182 5263 προϐλήσεται
3245 5193 3359 5265 ὶγρ.
3410 5191 3787 5265 προϐήσεται],

530 5287 628 5361 τὴν
651 5286 759 5341 τῶν
785 5284 905 5340 καθ’
932 5286 1078 5356 ἡμᾶς
1108 5285 1439 5357 ἀρχαιότητα
1465 5285 1849 5356 παραδεικνύς.
1876 5285 1950 5339 Τὸ
2012 5285 2141 5356 γὰρ,
2214 5281 2367 5355 οἶμαι
2393 5325 2408 5351 ,
2470 5285 2922 5356 περιδράττεσθαι
2985 5284 3090 5339 τῶν
3152 5284 3523 5357 θεωρημάτων
3584 5284 3790 5339 ἐθέλειν

532 5381 727 5455 ὀρθῶς,
776 5381 883 5435 τῶν
933 5380 992 5446 ἐξ
1035 5381 1192 5436 ὄκνου
1244 5382 1602 5453 πταισμάτων
1643 5381 1937 5453 ἀμοιρήσει
1980 5381 2283 5444 παντελῶς.

600 5473 829 5530 Factum
857 5482 943 5532 est
971 5475 1138 5548 igitur
1166 5477 1401 5531 rationis
1430 5491 1659 5547 compos
1687 5475 1821 5530 illud
1858 5475 2064 5529 animal
2088 5517 2103 5540 ,

536 5564 985 5636 homo,inquam,
1005 5582 1034 5621 a
1067 5568 1363 5638 principio,
1382 5569 1449 5623 ad
1476 5567 1759 5622 Creatoris
1789 5568 2105 5637 imaginem,

530 5655 691 5728 juxta
739 5655 1053 5730 Scripturas
1092 5659 1159 5714 '°.
1198 5658 1263 5713 Et
1315 5659 1459 5713 ratio
1502 5658 1721 5714 diversa
1764 5656 1985 5727 quidem
2020 5668 2108 5714 est

2286 5474 2584 5546 Πεποίηται
2629 5474 2808 5528 τοίνυν
2858 5474 3009 5527 τουτί
3049 5474 3109 5528 τὸ
3156 5472 3371 5542 λογικὸν
3415 5474 3508 5526 ἐπὶ
3550 5472 3654 5542 τῆς
3690 5470 3790 5541 γῆς

2214 5565 2372 5631 ζῶον,
2403 5568 2547 5638 φημί⁸
2581 5567 2644 5639 δὴ
2686 5567 2776 5620 τὸν
2810 5568 3115 5639 ἄνθρωπον,
3146 5566 3206 5633 ἐξ
3236 5567 3430 5639 ἀρχῆς,
3464 5565 3589 5619 κατ’
3611 5563 3792 5618 εἰκόνα

2210 5658 2305 5712 τοῦ
2340 5657 2660 5723 Κτίσαντος,
2692 5660 2834 5713 κατά
2861 5660 2959 5725 τὰς
2986 5659 3227 5733 Γραφάς.
3261 5659 3371 5715 Καὶ
3408 5656 3666 5728 διάφορος
3696 5654 3792 5728 μὲν

607 5835 656 5871 ⁸⁴¹
684 5835 705 5893 ι
732 5838 860 5900 Cor.
889 5859 979 5912 xv,
1018 5841 1107 5901 ιο.
1164 5839 1230 5918 ,⁸⁸
1270 5840 1442 5901 Hebr.
1477 5859 1540 5912 tt,
1571 5846 1660 5903 Η.
1735 5845 1780 5879 ⁸⁸
1825 5844 1953 5917 Sap.
1984 5860 2022 5915 ι,
2067 5845 2089 5899 1

2230 5846 2275 5878 ’⁸
2316 5842 2450 5901 Gen.
2489 5858 2530 5909 ι,
2559 5841 2651 5899 26.
