4076 6270
365 359 475 417 277

1416 358 1488 416 IN
1521 359 1804 419 .IQANNIS
1844 357 2295 430 ΕῪΔΝΕΕῌΗΜ
2328 359 2456 425 LIB.
2507 358 2596 414 IX.

3525 376 3630 433 975

368 473 473 544 τῆς
502 475 710 540 εἰκόνος
747 477 777 532 ὁ
822 475 1003 545 λόγος’
1032 477 1197 535 εἰκὼν
1235 477 1344 548 γὰρ
1371 480 1435 533 ού
1472 478 1592 535 καθ’
1610 478 1705 533 ἕνα
1731 477 1952 551 τρόπον,

2085 476 2312 551 maginis
2357 495 2370 530 :
2429 477 2613 548 imago
2661 478 2866 547 quippe
2899 487 2984 537 est
3021 495 3130 539 non
3161 496 3273 537 uno
3303 485 3501 547 modo,
3538 490 3632 545 scd

375 563 515 617 ἀλλὰ
544 564 681 618 κατὰ
706 562 958 628 πολλούς·
993 566 1159 636 μέρος
1196 584 1259 636 γε
1298 568 1404 638 μὴν
1427 568 1488 621 τὸ
1507 568 1619 623 τῶν.
1645 568 1818 627 ἄλλων
1852 569 1956 639 μά-

378 656 536 707 λιστα
574 651 997 722 διαφανέστατον
1032 656 1132 727 τῆς
1177 658 1313 730 πρὸς
1357 658 1449 723 τὸν
1488 660 1792 731 ποιήσαντα
1821 660 1957 715 Θεὸν

385 744 691 817 ὶμφερείᾳς,
734 744 796 798 τὸ
826 745 1102 817 ἄφθαρτον
1151 751 1244 805 καὶ
1293 749 1617 822 ἀνώλεθρον.
1665 750 1802 807 Ἀλλ’
1858 752 1959 817 οὐκ

383 834 463 899 ἂν,
494 828 670 905 οἶμαι,
695 835 824 887 ποτὲ
856 835 991 907 πρὸς
1013 836 1074 890 τὸ
1097 837 1268 903 οὕτως
1298 839 1440 910 ἔχειν
1456 841 1716 899 δύνασθαι
1744 842 1802 895 τὸ
1819 842 1958 909 ζῶον

380 927 669 995 ἐξήρκεσεν
709 925 909 996 ἐαυτῷ,
960 928 1104 981 κατά
1163 946 1227 998 γε
1278 930 1370 985 τὸν
1420 935 1521 1003 τῆς
1572 933 1707 997 ἰδίας
1745 931 1959 1003 φύσεως

379 1012 552 1082 λόγον.
581 1013 708 1078 Πῶς
734 1014 843 1086 γὰρ
881 1015 948 1069 ἂν
983 1018 1011 1069 ὁ
1049 1016 1157 1081 ἀπὸ
1188 1018 1290 1088 γῆς
1322 1022 1379 1074 ὲν
1413 1021 1518 1094 ἰδίᾳ
1566 1021 1725 1091 φύσει
1763 1023 1824 1076 τδ
1859 1022 1961 1093 τῆς

379 1106 686 1180 ἀφθαρσίας
710 1107 921 1179 ἐδείχθη
950 1108 1089 1179 ἔχων
1119 1109 1401 1191 καύχημα,
1433 1112 1509 1183 μὴ
1541 1113 1661 1191 οὐχί
1684 1113 1834 1186 παρὰ
1865 1112 1960 1167 τοῦ

381 1201 522 1254 κατὰ
556 1198 716 1268 φύσιν
760 1199 1038 1271 ἀφθάρτου
1081 1219 1140 1254 τε
1191 1203 1286 1257 καὶ
1328 1203 1636 1275 ἀνωλέθρου
1667 1205 1823 1270 Θεοῦ,
1868 1207 1961 1267 καὶ

383 1290 643 1357 ὡσαύτως
667 1291 836 1356 ὅντως
866 1291 975 1355 ἀεὶ,
1004 1291 1130 1352 καθ’
1149 1294 1438 1367 ὁμοιότητα
1479 1295 1587 1351 τῶν
1627 1295 1802 1353 ἄλλων
1828 1297 1965 1367 ἀγα-

383 1379 493 1433 θῶν
536 1380 811 1435 καὶτοῦτο
855 1380 1284 1454 πεπλουτηκὼςς
1332 1403 1350 1434 ι
1373 1384 1438 1441 Τί
1476 1384 1583 1455 γὰρ
1615 1384 1779 1455 ἔχεις,
1806 1384 1836 1439 ὃ
1863 1386 1964 1440 οὐκ

384 1472 617 1539 ἐλαὸεςς
650 1492 670 1531 ι
701 1473 928 1537 εἰκότως
953 1491 1016 1542 γε
1047 1475 1252 1547 σφόδρα
1277 1476 1369 1529 καὶ
1392 1475 1606 1551 άληθῶς
1644 1476 1781 1548 πρὸς
1814 1478 1963 1550 ἡμᾶς

386 1562 491 1616 πού
527 1580 689 1635 φησιν
721 1565 749 1617 ὁ
778 1563 1059 1627 θεσπέσιος
1084 1564 1311 1629 Παῦλος.
1340 1567 1457 1623 Ἵνα
1486 1567 1665 1621 τοίνυν
1696 1568 1757 1622 τὸ
1780 1568 1844 1625 ἐκ
1872 1567 1965 1621 τοῦ

392 1655 470 1725 μὴ
500 1654 650 1718 ὄντος
687 1654 977 1726 παροισθὲν
1004 1655 1084 1719 εἰς
1105 1656 1317 1724 γένεσιν
1343 1657 1419 1729 μὴ
1463 1657 1598 1729 πρὸς
1630 1658 1728 1729 τὴν
1760 1657 1966 1711 οἰκείαν

391 1745 765 1812 ύπονοστῆσαν
794 1745 986 1817 ἀρχὴν,
1019 1746 1179 1806 πάλιν
1227 1748 1440 1819 οἴχηται
1491 1749 1629 1822 πρὸς
1666 1750 1729 1807 τὸ
1776 1750 1962 1823 μηδὲν,

2058 566 2352 637 pluribus;
2388 566 2484 625 sed
2514 582 2641 623 cum
2672 569 2869 640 opilice
2909 569 3017 631 Deo
3045 573 3427 632 similitudinis
3456 582 3633 634 maxi-

2056 672 2147 713 me
2166 657 2403 715 illustris
2429 673 2557 729 pars
2578 674 2644 715 ea
2669 670 2773 728 est,
2805 664 3165 736 corruptione
3188 668 3450 727 nimirum
3473 678 3638 741 atque

2058 746 2289 813 interitu
2320 765 2537 805 vacare.
2565 749 2767 817 Verum
2802 769 2909 814 non
2939 756 3200 813 existimo
3223 760 3449 826 animal,
3484 773 3542 817 ut
3569 766 3634 818 ad

2058 857 2185 907 eum
2215 851 2425 901 statum
2452 846 2744 914 pervenire
2780 849 2956 918 possit
2981 889 2997 913 ,
3031 860 3246 913 naturae
3274 868 3388 908 suae
3420 855 3639 911 ratione

2060 949 2160 1006 par
2206 951 2448 1007 unquam
2487 936 2624 999 fare.
2666 939 2953 1009 Quomodo
2985 944 3133 1001 enim
3175 953 3433 1002 terrenus
3476 948 3640 1002 homo

2062 1032 2262 1091 natura
2295 1042 2395 1091 sua
2421 1028 2496 1085 ita
2516 1039 2873 1100 comparatus
2899 1033 2994 1097 sit,
3026 1041 3087 1088 ut
3118 1034 3642 1107 incorruptibilitale

2063 1121 2352 1191 glorietur,
2387 1122 2495 1179 nisi
2528 1137 2650 1179 eam
2683 1123 2757 1179 ah
2788 1123 2882 1179 illo
2914 1125 3011 1195 qui
3043 1127 3349 1182 secundum
3388 1138 3641 1183 naturam

2063 1227 2220 1289 suam
2280 1212 2720 1284 incorruptibilis
2767 1224 2824 1271 et
2882 1215 3212 1273 immortalis
3259 1226 3345 1274 est
3371 1262 3393 1284 ,,
3437 1218 3646 1289 quique

2063 1303 2255 1363 eadem
2291 1319 2353 1365 se
2386 1304 2553 1362 modo
2593 1320 2816 1377 semper
2859 1306 3056 1374 habet,
3096 1309 3267 1380 ευ
3303 1309 3371 1364 ad
3404 1310 3636 1365 aliorum

2065 1397 2335 1456 bonorum
2370 1398 2793 1455 similitudinem
2839 1400 3005 1455 etiam
3053 1401 3271 1465 hocjsit
3313 1404 3638 1459 assecutus?

2074 1506 2092 1543 ι
2110 1487 2251 1563 Quid
2268 1489 2417 1547 enim
2436 1489 2793 1561 habes,un
2820 1505 2930 1546 non
2967 1493 3248 1563 recepisti,
3275 1511 3293 1543 ι
3315 1496 3439 1562 jure
3469 1493 3637 1547 meri-

2066 1588 2124 1636 to
2152 1595 2218 1638 ac
2248 1596 2373 1638 vere
2406 1581 2585 1651 inquit
2604 1581 2673 1639 ad
2705 1597 2809 1637 nos
2841 1582 3070 1638 divinus
3096 1582 3300 1639 Paulus
3328 1584 3532 1639 alicubi
3561 1583 3649 1636 “1‘

2064 1669 2147 1727 Ne
2173 1672 2341 1743 igitur
2365 1672 2420 1727 id
2447 1672 2594 1742 quod
2639 1687 2672 1727 e
2716 1673 2897 1728 nihilo
2928 1673 2982 1728 in
3015 1680 3200 1732 ortum
3227 1673 3487 1729 eductum
3519 1680 3641 1735 est,

2069 1765 2138 1820 ad
2187 1763 2520 1834 principium
2570 1779 2730 1820 suum
2785 1764 3040 1827 rediens,
3102 1779 3296 1820 rursus
3329 1765 3385 1819 in
3414 1752 3643 1819 nihilum

391 1836 632 1908 σώζηται
669 1838 726 1900 δὲ
773 1815 968 1909 μᾶλλον
1009 1815 1484 1913 διηνεκῶς-(οὗτος
1534 1815 1650 1914 ξαρ
1695 1815 1853 1916 ﬂii-6'
1872 1843 1965 1898 τοῦ

2085 1815 2230 1910 mea}
2254 1895 2270 1920 ,
2305 1815 2400 1910 sed
2431 1855 2614 1925 potius
2642 1864 2913 1925 perpetuo
2939 1864 3302 1909 conservetur
3335 1858 3352 1923 (
3376 1854 3465 1909 hic
3495 1843 3664 1909 enim!

388 1929 691 1993 Κτίσαντος
722 1930 964 2001 σκοπός)·
1006 1931 1230 2002 μέτοχον
1261 1932 1423 1986 αὐτὸν
1456 1935 1554 2004 τῆς
1585 1934 1719 1999 ἰδίας
1757 1935 1970 2006 φύσεως

387 2018 644 2078 ἀποτελεῖ
680 2019 833 2083 Θεός.
876 2040 895 2073 ι
943 2022 1270 2094 Ἐνεφύσησε
1308 2023 1418 2096 γὰρ
1463 2025 1543 2089 είς
1592 2024 1652 2078 τὸ
1683 2025 1970 2096 πρόσωπον

390 2111 556 2165 αὑτοῦ
586 2111 752 2184 πνοὴν
778 2115 945 2184 ζωῆς,
980 2134 999 2168 ι
1029 2115 1174 2170 τοῦτ’
1202 2115 1318 2169 ἔστι
1356 2116 1416 2171 τὸ
1446 2115 1670 2188 Πνεῦμα
1692 2118 1787 2172 τοῦ
1818 2119 1967 2173 Υἰοῦ.

392 2202 503 2259 Καὶ
530 2202 636 2270 γάρ
668 2204 816 2257 ἐστιν
848 2204 1009 2268 αὐτὸς
1056 2206 1090 2276 ἠ
1136 2204 1250 2276 ζωὴ
1284 2206 1423 2276 μετὰ
1469 2207 1702 2278 Πατρδς,
1733 2208 1972 2279 συνέχων

398 2294 477 2355 εἰς
502 2294 561 2346 τὸ
603 2290 740 2347 εἶναι
770 2294 841 2348 τά
864 2295 1061 2351 πάντα.
1099 2296 1345 2351 Κινεῖται
1373 2298 1481 2370 γὰρ
1522 2301 1580 2351 ἐν
1606 2298 1753 2370 αὐτῷ
1782 2317 1842 2353 τε
1879 2301 1975 2355 καὶ

403 2381 470 2454 ζῇ
499 2382 566 2439 τὰ
605 2383 746 2454 ζωῆς
774 2384 1015 2452 δεκτικὰ,
1044 2388 1186 2443 κατὰ
1237 2388 1336 2460 τὴν
1377 2388 1470 2443 τοῦ
1509 2390 1722 2447 Παύλου
1767 2392 1970 2464 φωνήν.

406 2477 517 2529 Καὶ
549 2478 621 2546 μή
656 2495 737 2541 τις
759 2478 912 2548 ἡμῶν
948 2481 1042 2533 ἐπὶ
1062 2480 1236 2553 τούτῳ
1266 2481 1435 2552 ψευδῆ
1470 2483 1775 2554 κατηχείτω
1796 2484 1970 2553 λόγον,

406 2568 608 2636 οἰηθεὶς
636 2572 806 2623 εἰπεῖν
838 2572 896 2625 τὸ
929 2572 1069 2627 θεῖον
1100 2572 1405 2644 ἐμφύσημα
1433 2574 1715 2643 γεγονέναι
1753 2576 1830 2646 τῷ
1851 2576 1975 2648 ζώῳ

404 2659 614 2729 ψυχήν
651 2661 805 2715 τοῦτο
831 2662 938 2734 γὰρ
984 2664 1046 2717 οὐ
1084 2664 1283 2734 φαμὲν,
1326 2664 1569 2738 λογισμῷ
1610 2666 1809 2738 τοσῷδε
1839 2667 1977 2738 πρὸς

402 2753 500 2822 τὴν
541 2751 634 2805 τοῦ
687 2754 1013 2825 πράγματος
1056 2755 1318 2826 ἀλήθειαν
1362 2756 1874 2828 διακυϐερνώμενοι.
1913 2760 1977 2812 Εἰ

403 2844 512 2916 γὰρ
541 2846 740 2899 οίονταί
781 2863 926 2910 τινες
968 2846 1029 2899 τὸ
1067 2846 1208 2900 θεῖον
1247 2847 1551 2919 ἐμφύσημα
1584 2848 1834 2918 γενέσθαι
1871 2849 1978 2921 ψυ-

404 2933 526 3003 χὴν,
562 2933 864 3002 λεγέτωσαν
909 2938 1042 3007 ἡμῖν
1085 2937 1313 3008 πότερόν
1347 2937 1484 2991 ποτέ
1508 2939 1832 3010 παρετράπη
1881 2940 1980 3010 τῆς

409 3024 545 3088 ἰδίας
594 3024 808 3094 φύσεως
853 3028 947 3081 καὶ
982 3027 1203 3097 γέγονεν
1252 3030 1331 3093 εἰς
1373 3028 1630 3111 ψυχὴν,ἣ
1672 3031 1980 3101 μεμένηκεν

2076 1945 2361 2004 Creatoris
2381 1961 2584 2018 scopus
2618 1945 3100 2017 est),'participem
3130 1961 3254 2001 cum
3295 1947 3475 2001 reddit
3502 1944 3655 2000 Deus

2071 2051 2186 2093 suae
2234 2043 2467 2092 naturae.
2518 2055 2536 2087 ι
2571 2035 2914 2093 ἰηευαιιινίιι
2955 2038 3100 2091 enim
3136 2037 3233 2089 «in
3278 2036 3476 2091 faciem
3526 2036 3647 2105 ejus

2072 2127 2408 2197 spiraculum
2437 2127 2564 2182 vitae
2592 2129 2638 2161 "
2662 2168 2677 2191 ,
2709 2146 2727 2180 ι
2771 2127 2876 2181 hoc
2907 2137 2989 2183 est
3025 2125 3145 2180 Filii
3189 2124 3484 2194 Spiritum.
3529 2129 3648 2196 Ipse

2071 2217 2218 2275 enim
2245 2218 2354 2273 vita
2386 2227 2472 2279 est
2502 2232 2629 2273 cum
2676 2216 2856 2281 Patre,
2884 2217 2938 2271 iu
2966 2232 3089 2273 esse
3118 2218 3304 2271 omnia
3332 2221 3643 2274 continens.

2073 2307 2133 2364 ln
2158 2324 2227 2364 eo
2257 2308 2462 2380 quippe
2499 2318 2790 2365 moventur
2824 2322 2889 2363 ac
2921 2309 3116 2363 vivunt
3144 2322 3489 2379 quaecunque
3527 2312 3651 2363 vitae

2075 2403 2205 2457 sunt
2244 2396 2470 2466 capacia
2498 2435 2513 2459 ,
2556 2395 2713 2465 juxta
2766 2395 2927 2451 Pauli
2965 2410 3155 2453 vocem
3194 2395 3258 2449 ”.
3296 2393 3487 2465 Neque
3520 2408 3654 2449 vero

2075 2489 2370 2559 quisquam
2401 2487 2496 2543 hic
2531 2487 2693 2543 nobis
2721 2487 3041 2557 obganniat,
3075 2502 3254 2556 neque
3288 2486 3393 2541 sibi
3423 2499 3654 2556 persua—

2075 2581 2204 2637 deat
2254 2594 2358 2637 nos
2408 2579 2593 2635 dicere
2628 2578 2881 2635 divinum
2928 2577 3081 2632 illum
3139 2576 3383 2631 inﬂatum
3429 2576 3653 2632 animali

2075 2671 2360 2731 exstitisse
2384 2671 2621 2726 animam
2656 2687 2670 2723 :
2701 2682 3050 2740 nequaquam
3078 2668 3226 2724 enim
3255 2668 3360 2722 hoc
3393 2666 3655 2730 dicimus.

2077 2759 2392 2819 istiusmodi
2422 2760 2634 2817 ratione
2658 2758 2727 2814 ad
2752 2758 2832 2813 rei
2855 2757 3136 2813 veritatem
3230 2755 3494 2811 instituti.
3518 2752 3655 2809 Nam

2080 2853 2128 2910 si
2167 2850 2413 2908 divinum
2475 2849 2726 2906 inﬂatum
2786 2850 3025 2904 animam
3071 2848 3320 2903 nonnulli
3358 2847 3533 2901 fuisse
3558 2861 3659 2915 pus

2080 2953 2202 3001 tant
2233 2984 2250 3010 ,
2287 2945 2474 3000 dicant
2515 2944 2678 3001 nobis
2704 2952 2886 2999 utrum
2921 2959 2949 2997 a
2986 2951 3187 3001 natura
3221 2958 3320 2999 sua
3361 2941 3657 2997 desciverit

2082 3044 2139 3092 et
2168 3036 2223 3091 in
2255 3035 2496 3091 animam
2530 3042 2773 3099 mutatus
2799 3034 2897 3100 sit,
2928 3050 2999 3090 an
3031 3034 3174 3091 idem
3200 3034 3255 3089 in
3283 3049 3342 3089 se
3371 3046 3656 3087 remanse-

406 3118 466 3171 ἐν
505 3119 787 3190 ταυτότητι
830 3122 895 3191 τῇ
943 3120 1159 3176 ἐαυτοῦ.
1192 3122 1253 3176 Εἰ
1302 3122 1400 3193 μὲν
1430 3122 1539 3194 γὰρ
1586 3122 1770 3199 ἐροῦσι
1817 3141 1983 3194 μετα-

2085 3127 2177 3183 rit.
2205 3126 2341 3183 Nam
2369 3127 2417 3183 si
2445 3128 2795 3183 immutatum
2834 3140 2959 3181 esse
2998 3126 3189 3180 dicunt
3218 3134 3272 3180 et
3300 3140 3413 3181 sua:
3446 3111 3661 3178 natura;

405 3210 703 3279 τετράφθαι
737 3228 827 3265 ποι
859 3211 955 3266 καὶ
1002 3212 1091 3265 τὸν
1121 3212 1217 3285 τῆς
1267 3212 1403 3277 ίδίας
1431 3213 1648 3283 φύσεως
1677 3215 1985 3285 παρελάσαι
2022 3212 2023 3215 “

410 3302 627 3372 θεσμὸν,
680 3302 1089 3374 δυσφημοῦντες
1137 3304 1467 3360 ἁλώσονταισ
1502 3307 1742 3378 τρεπτὴν
1786 3308 1894 3377 γὰρ
1937 3308 1987 3361 εἰ

410 3390 524 3464 [γρ.
554 3389 717 3465 εἶναι]
764 3394 981 3463 πάντως
1026 3394 1235 3466 ἐροῦσι,
1284 3395 1381 3467 τὴν
1425 3395 1693 3469 ἄτρεπτον
1741 3397 1835 3453 καὶ
1877 3397 1989 3452 ὡσ-

413 3485 592 3548 αύτως
621 3485 846 3557 ἔχουσαν
868 3487 956 3540 ἀεὶ
982 3488 1164 3556 φύσιν.
1190 3489 1254 3541 El
1280 3486 1339 3540 δὲ
1366 3487 1690 3560 παρετράπη
1716 3488 1989 3561 οὐδαμῶς,

413 3575 782 3647 διαμεμένηκε
813 3577 868 3630 δὲ
907 3576 1051 3630 τοῦθ’
1081 3579 1217 3650 ὅπερ
1259 3574 1328 3648 ἦν
1359 3579 1444 3634 ἀεὶ
1471 3579 1732 3651 προελθὸν
1762 3583 1827 3636 ἐκ
1854 3581 1990 3637 Θεοῦ

419 3667 482 3720 τὸ
512 3667 813 3738 ἐμφύσημα
840 3668 1027 3735 αὑτοῦ,
1054 3670 1172 3732 πῶς
1199 3670 1391 3741 ἐξέστη
1429 3671 1565 3742 πρὸς
1595 3672 1869 3742 ἁμαρτίαν
1898 3674 1993 3728 καὶ

423 3756 693 3828 τοσαύτης
723 3758 907 3813 παθῶν
937 3758 1200 3829 διαφορᾶς
1242 3760 1432 3828 γέγονε
1465 3761 1745 3829 δεκτικόν;
1775 3763 1849 3818 Οὐ
1884 3764 1994 3837 γὰρ

426 3849 602 3920 δήπου
662 3853 816 3919 φαῖεν
848 3850 914 3907 ἂν
967 3851 1043 3915 ὠς
1084 3851 1287 3906 ἔνεστιν
1314 3853 1452 3918 ὅλως
1481 3854 1549 3925 τῇ
1597 3852 1715 3925 θείᾳ
1747 3854 1904 3924 φύσει
1934 3856 1996 3910 τὸ

424 3940 682 3997 δύνασθαι
730 3942 1085 4013 πλημμελεῖν.
1126 3944 1265 3998 Ἀλλ’
1307 3944 1395 4000 ἵνα
1453 3944 1528 4016 μὴ
1573 3948 1809 4016 μακραῖς
1864 3947 1997 4003 ἀπο-

421 4034 654 4099 δείξεσιν
682 4035 775 4087 ἐπὶ
810 4035 983 4106 τούτῳ
1016 4034 1286 4107 χρώμενοι
1328 4036 1420 4091 τὸν
1464 4039 1578 4100 τοῖς
1618 4038 1997 4110 προκειμένοις

421 4127 863 4199 χρεωστούμενον
892 4128 1287 4200 παρελάσωμεν
1315 4128 1491 4198 λόγον,
1516 4148 1589 4201 φη
1598 4130 1662 4201 μὶ
1687 4131 1795 4185 δεῖν
1824 4133 2000 4186 ἐκεῖνο

420 4220 584 4275 πάλιν
612 4220 975 4284 ἀναλασόντας
1002 4222 1196 4287 εἰπεῖν,
1223 4219 1298 4284 ὡς
1342 4220 1443 4274 οὐκ
1475 4219 1562 4285 ἂν,
1587 4219 1763 4293 οἴμαι,
1800 4223 1883 4285 t‘t;
1911 4222 1999 4275 εύ-

420 4312 635 4384 φρονῶν
663 4312 721 4366 τδ
750 4314 813 4366 ἐκ
846 4312 944 4383 τῆς
974 4312 1121 4376 θείας
1163 4312 1349 4376 οὐσίας
1392 4312 1654 4383 προελθὸν
1699 4312 2000 4384 ἐμφύσημα

420 4405 597 4476 ψυχὴν
622 4406 785 4461 οἰοιτο
815 4404 1066 4472 γενέσθαι
1097 4387 1344 4475 «sese,
1370 4403 1678 4474 ψυχωθέντι
1707 4404 1763 4458 δὲ
1798 4404 2001 4474 μᾶλλον

2089 3220 2261 3291 legem
2289 3227 2734 3290 praetergressum
2764 3256 2779 3282 ,
2838 3216 3187 3286 blasphemiae
3219 3214 3616 3269 convincenlur
3642 3232 3655 3267 :

2088 3309 2404 3366 mutabilem
2436 3309 2586 3365 enim
2618 3309 2818 3379 utique
2855 3307 3043 3363 dicent
3082 3304 3481 3361 immutabilem
3512 3303 3659 3356 illam

2090 3411 2143 3457 et
2173 3401 2339 3457 simili
2374 3401 2538 3455 modo
2570 3415 2789 3470 semper
2833 3414 2893 3454 se
2926 3397 3217 3453 habentem
3254 3404 3528 3449 naturam.
3561 3392 3659 3445 Sin

2091 3501 2272 3548 autem
2327 3491 2479 3547 nullo
2509 3491 2674 3547 modo
2715 3496 2961 3544 mutatus
2996 3497 3108 3551 est,
3159 3486 3254 3542 sed
3305 3483 3571 3540 remansit
3606 3481 3660 3536 id

2090 3583 2239 3654 quod
2264 3591 2382 3639 erat
2411 3597 2629 3652 semper
2651 3596 2716 3637 ex
2753 3579 2864 3635 Deo
2894 3578 3204 3650 procedens
3234 3577 3326 3630 ille
3354 3575 3474 3643 ejus
3504 3572 3662 3627 inlla-

2092 3683 2204 3740 tus,
2235 3673 2513 3745 quomodo
2541 3671 2893 3743 degeneravit
2928 3670 2986 3725 in
3024 3674 3309 3739 peccatum
3350 3676 3405 3721 et
3456 3672 3662 3719 tantam

2092 3768 2151 3824 in
2185 3782 2245 3823 se
2281 3767 2554 3821 malorum
2582 3764 2905 3820 varietatem
2939 3759 3228 3830 suscepit?
3265 3757 3378 3813 Nec
3407 3757 3554 3813 enim
3582 3756 3666 3811 di-

2095 3859 2314 3925 xerint,
2365 3858 2601 3928 opinor,
2633 3863 2890 3911 naturam
2932 3853 3174 3909 divinam
3213 3865 3445 3923 peccare
3476 3862 3661 3919 posse.

2099 3951 2208 4007 Sed
2246 3965 2314 4005 ne
2352 3948 2532 4019 longis
2565 3945 3131 4003 demonstrationibus
3168 3950 3388 3999 utentes
3423 3939 3664 3996 debitam

2098 4042 2230 4097 huic
2276 4041 2399 4095 loco
2437 4039 2704 4094 rationem
2744 4043 3169 4107 praetereamus,
3207 4032 3344 4088 illud
3374 4032 3553 4091 denuo
3580 4045 3668 4084 re-

2099 4141 2265 4204 peto,
2314 4131 2589 4187 neminem
2642 4145 2791 4185 sanae
2838 4128 3040 4195 mentis
3081 4126 3522 4189 existimaturum
3562 4137 3667 4177 un-

2098 4238 2263 4295 quam
2300 4221 2566 4286 inﬂatum,
2595 4236 2662 4275 ex
2691 4220 2875 4276 divina
2910 4218 3220 4280 Substantia
3258 4215 3669 4286 procedentem,
3700 4259 3703 4262 ι

2100 4310 2322 4369 animali
2353 4309 2635 4366 exstitisse
2659 4309 2920 4374 animam,
2955 4305 3052 4362 sed
3078 4307 3319 4360 animato
3351 4302 3536 4373 potius
3559 4338 3574 4363 ,
3615 4306 3671 4354 et

2102 4402 2170 4458 ad
2201 4401 2592 4472 proprietatem
2619 4409 2831 4456 natura:
2862 4397 3115 4468 perfectae
3142 4413 3209 4452 ex
3236 4396 3417 4453 anima
3449 4402 3507 4448 et
3542 4406 3668 4446 cor-

423 4494 523 4549 καὶ
569 4495 705 4565 πρὸς
753 4494 991 4565 ἰδιότητα
1030 4496 1128 4564 τῆς
1172 4494 1383 4556 τελείας
1439 4494 1654 4563 φύσεως
1699 4493 1767 4546 δι’
1802 4495 1984 4564 ἀμφοῖε

2109 4507 2242 4562 pore
2278 4491 2550 4555 deducto,
2580 4499 2792 4546 natura!
2820 4504 2934 4546 suae
2976 4487 3249 4559 quoddam
3282 4484 3451 4540 veluti
3488 4483 3673 4551 signa-

424 4584 734 4655 ἀφιγμένῳ,
762 4583 938 4655 ψυχῆς
986 4584 1050 4655 δὴ
1099 4584 1242 4652 λέγω
1282 4585 1378 4637 καὶ
1432 4583 1704 4653 σώματος,
1751 4583 2002 4656 καθάπερ

424 4676 551 4730 τινὰ
600 4676 867 4747 σφραγῖδα
913 4678 1014 4747 τῆς
1058 4674 1250 4731 ἑαυτοῦ
1289 4674 1499 4743 φύσεως
1538 4676 1801 4746 ἐνέπηξεν
1831 4677 1860 4729 ὁ
1900 4678 2004 4747 Δη-

432 4765 692 4836 μιουργδς
720 4764 781 4819 τὸ
816 4763 1043 4834 Πνεῦμα
1070 4763 1132 4816 τὸ
1164 4764 1336 4830 ἆγιον,
1367 4762 1511 4816 τοῦτ’
1539 4763 1676 4828 ἐστι,
1706 4763 1802 4834 τὴν
1833 4765 2002 4835 πνοὴν

428 4858 531 4928 τῆς
578 4856 747 4928 ζωῆς,
792 4857 858 4911 δι’
888 4850 957 4928 ἧς
1005 4855 1142 4926 πρὸς
1198 4855 1259 4908 τὸ
1313 4854 1616 4925 ἀρχέτυπον
1660 4854 2005 4910 διεπλάττετο

429 4950 654 5015 κάλλος,
691 4950 1003 5005 ἀπετελεῖτο
1056 4948 1113 5002 δὲ
1157 4949 1277 5001 κατ’
1317 4947 1498 5007 εἰκόνα
1548 4947 1641 5000 τοῦ
1683 4948 2005 5013 κτίσαντος,

433 5044 575 5115 πρὸς
604 5045 782 5097 πᾶσαν
826 5042 968 5096 ἰδέαν
1016 5042 1214 5111 ἀρετῆς
1243 5039 1467 5110 δυνάμει
1498 5038 1590 5093 τοῦ
1617 5040 2008 5105 ἐνοικισθέντος

433 5134 587 5205 αὐτῷ
624 5132 1082 5202 διακρατούμενος
1127 5131 1464 5200 Πνεύματος.
1502 5129 1717 5201 Ἐπειδὴ
1753 5130 1810 5184 δὲ
1848 5132 2009 5185 αύτο-

434 5224 762 5298 προαίρετος
791 5223 887 5288 ὢν,
916 5225 1009 5278 καὶ
1037 5223 1136 5286 τὰς
1168 5223 1276 5276 τῶν
1320 5222 1465 5276 ἰδίων
1497 5220 1815 5293 θελημάτων
1847 5240 2010 5277 πεπι-

439 5316 733 5385 στευμένος
763 5316 918 5386 ἡνίας
947 5315 1133 5386 (μοῖρα
1179 5313 1287 5383 γὰρ
1325 5314 1423 5384 τῆς
1470 5312 1676 5377 εἰκόνος
1719 5314 1810 5368 καὶ
1845 5314 2013 5383 αὐτή·

438 5407 848 5472 κατεξουσιάζει
890 5406 998 5477 γὰρ
1039 5407 1148 5459 τῶν
1200 5406 1415 5458 οἰκείων
1470 5404 1791 5475 θελημάτων
1837 5406 2015 5470 Θεὸς),

444 5498 662 5569 ἐτράπη
709 5500 803 5553 καὶ
857 5499 1115 5553 πέπτωκε
1163 5497 1243 5568 (τὸ
1283 5497 1340 5551 δὲ
1388 5498 1557 5561 ὅπως,
1591 5499 1624 5567 ἡ
1668 5496 1783 5551 Θεία
1824 5498 1864 5551 Γ
1873 5497 2016 5567 ραφὴ

442 5591 765 5647 διδασκέτω·
793 5592 968 5664 σαφὴς
993 5592 1102 5663 γὰρ
1141 5592 1170 5643 ὁ
1216 5591 1345 5662 περί
1374 5589 1567 5643 τούτου
1597 5588 1726 5660 παρ’
1757 5589 1892 5660 αὐτῇ
1929 5590 2016 5642 λό-

529 5772 570 5806 ⁹¹
611 5769 786 5828 lCor.
819 5786 892 5840 ιγ,
928 5770 975 5823 7.
1052 5769 1095 5804 ⁸³
1132 5768 1267 5828 Gen.
1302 5782 1361 5838 ιι,
1393 5765 1443 5822 7.
1522 5766 1569 5801 θ’
1605 5765 1729 5825 Act.
1760 5764 2008 5833 “11,228.

2108 4581 2292 4637 culum
2324 4580 2644 4637 Creatorem
2674 4579 3057 4650 impressisse,
3080 4584 3349 4633 sanctum
3384 4572 3669 4645 Spiritum,

2108 4673 2162 4729 id
2197 4680 2281 4733 est
2310 4673 2647 4742 spiraculum
2672 4674 2827 4736 vitae,
2879 4686 2977 4744 per
3001 4670 3157 4739 'quod
3196 4669 3261 4724 ad
3306 4665 3670 4734 exemplarem

2111 4763 2391 4833 archetypi
2422 4762 2885 4832 pulchritudinem
2916 4760 3211 4816 formatum
3239 4765 3345 4820 est,
3370 4762 3425 4810 et
3455 4753 3522 4806 ad
3549 4755 3676 4807 ima-

2108 4856 2290 4924 ginem
2315 4854 2594 4911 Creatoris
2630 4853 2932 4923 perfectum
2965 4851 3033 4907 ad
3065 4864 3283 4905 omnem
3310 4845 3531 4900 virtutis
3556 4857 3674 4911 spe-

2113 4947 2254 5003 ciem
2290 4945 2342 5000 vi
2378 4945 2742 5001 inhabitantis
2774 4945 2829 4997 in
2866 4957 2932 5000 eo
2975 4942 3211 5012 Spiritus
3239 4937 3675 4995 corroboratum.

2116 5037 2221 5093 Sed
2259 5046 2568 5108 postquam,
2603 5054 2715 5092 sum
2740 5036 2952 5105 spontis
2983 5050 3106 5089 cum
3140 5042 3283 5089 esset
3325 5041 3547 5098 suaeque
3581 5040 3677 5079 vo-

2117 5130 2350 5186 luntatis
2379 5131 2624 5185 habenas
2660 5137 2871 5183 teneret
2922 5128 3093 5197 (pars
3127 5124 3273 5181 enim
3314 5122 3417 5175 ista
3459 5130 3680 5188 quoque

2115 5231 2200 5278 est
2232 5223 2485 5292 imaginis
2512 5242 2525 5278 :
2574 5239 2700 5277 nam
2748 5237 2863 5278 sum
2894 5217 3156 5275 voluntati
3185 5214 3329 5268 Deus
3365 5208 3678 5282 imperat),

2117 5325 2384 5371 mutatum
2430 5325 2517 5371 est
2559 5329 2624 5368 ac
2672 5314 2875 5369 cecidit
2926 5311 3072 5379 (quo
3108 5313 3266 5376 pacto
3290 5318 3457 5367 vero,
3498 5300 3679 5357 divina

2121 5407 2404 5477 Scriptura
2424 5408 2638 5472 doceat,
2676 5407 2732 5459 in
2761 5419 2866 5473 qua
2895 5403 2945 5455 id
2970 5399 3259 5456 manifeste
3282 5392 3676 5460 describitur).

2119 5499 2172 5551 iu
2216 5499 2379 5569 823
2428 5498 2722 5569 pristinum
2774 5501 2976 5549 statum
3021 5497 3272 5545 naturam
3322 5485 3562 5541 hominis
3599 5483 3681 5537 iu-

2119 5598 2369 5644 staurarc
2398 5590 2584 5645 dcnuo
2610 5584 2872 5659 decrevit_
2901 5591 2952 5640 ct
2986 5594 3278 5654 aggressus
3301 5585 3385 5635 est
3417 5577 3557 5632 Deus
3614 5583 3683 5625 uc
