4076 6270
468 369 574 424 97f)

1464 372 1523 429 S.
1564 370 1837 428 CYRILLI
1874 370 2340 430 ALEXANDRINI
2379 372 2716 452 ARCHiEP.‘

3607 369 3715 426 9.80

468 483 633 540 Pater
662 484 716 540 in
740 484 956 544 Christo
972 490 1023 523 "
1043 528 1059 554 ,
1094 498 1147 544 et
1175 491 1322 558 quod
1358 491 1568 558 voluit,
1599 490 1852 562 perfecit.
1887 491 2035 557 Quo-

2152 493 2277 566 roc)'
2302 493 2886 564 ἀνακεφαλαιώσασθαι
2919 492 3081 545 πάλιν
3111 490 3209 561 τὴν
3238 484 3527 561 ἀνθρώπου
3556 489 3719 557 φύσιν

471 589 598 629 nam
630 575 798 647 igitur
838 579 1000 634 modo
1024 577 1226 634 factum
1263 579 1313 635 id
1350 581 1558 645 fuerit,
1602 593 2037 638 consentaneum

471 672 557 721 est
578 669 912 738 perspicere.
932 668 1048 724 Non
1066 679 1283 741 poterat
1304 673 1490 739 homo,
1508 682 1720 728 naturae
1745 690 1869 729 cum
1894 682 2040 729 esset

470 762 870 828 corruptibilis,
915 771 1142 819 mortem
1173 764 1431 836 effugere,
1472 767 1579 821 nisi
1614 776 1848 823 veterem
1889 767 2038 821 illam

470 848 700 913 gratiam
729 849 1022 919 reciperet,
1049 860 1103 907 et
1127 854 1400 923 particeps
1419 854 1513 910 Dei
1540 855 1691 910 ﬁeret
1712 856 1806 926 qui
1838 858 1893 910 in
1917 872 2039 912 esse

471 945 668 991 cuncta
696 940 966 1007 continet,
1001 958 1065 996 ac
1101 943 1341 998 viviﬁcat
1373 960 1468 1015 per
1491 943 1687 999 Filium
1721 946 1774 999 in
1804 945 2036 1017 Spiritu.

471 1026 1108 1111 Communicavitjgitur
1151 1035 1304 1089 carni
1346 1044 1400 1090 et
1447 1027 1701 1105 sanguini
1733 1037 1782 1070 "
1813 1078 1829 1101 ,
1872 1038 1925 1093 id
1956 1047 2041 1093 est

472 1116 640 1171 homo
685 1119 864 1174 factus
910 1131 1024 1187 est,
1076 1124 1184 1178 vita
1235 1140 1362 1180 cum
1409 1126 1481 1180 sit
1527 1126 1834 1182 secundum
1881 1135 2043 1182 natu-

476 1222 623 1273 ram,
656 1218 710 1264 et
738 1225 804 1266 ex
830 1212 938 1265 vita
982 1214 1283 1270 secundum
1312 1223 1567 1270 naturam
1602 1217 1843 1287 genitus,
1875 1217 1928 1272 id
1958 1225 2044 1272 est

471 1315 538 1354 ex
569 1299 680 1356 Deo
716 1312 781 1358 ac
813 1303 976 1360 Patre
1006 1307 1344 1377 unigenitum
1382 1307 1504 1377 ejus
1535 1306 1800 1373 Verbum,
1829 1315 1889 1361 ut
1918 1321 2044 1362 cor-

473 1393 718 1462 ruptibili
774 1396 967 1462 carni,
1034 1399 1246 1453 ratione
1302 1414 1416 1454 suae
1479 1406 1691 1454 natura:
1750 1396 2043 1453 ineﬁ‘abili-

473 1492 585 1548 ter,
621 1493 677 1540 et
726 1487 888 1542 modo
922 1489 1158 1559 quodam
1185 1504 1424 1554 arcano,
1477 1499 1532 1545 et
1555 1504 1718 1560 quem
1750 1489 1903 1545 solus
1930 1489 2047 1558 ipse

474 1575 647 1641 novit,
680 1576 922 1647 seipsum
956 1579 1172 1645 uniens,
1202 1580 1267 1634 ad
1298 1594 1452 1635 suam
1484 1580 1665 1650 ipsius
1695 1581 1865 1635 vitam
1888 1595 2047 1635 revo-

474 1675 628 1719 caret
656 1704 671 1727 ,
716 1681 781 1722 ac
823 1668 1141 1738 participem
1191 1683 1285 1738 per
1332 1668 1572 1739 seipsum
1623 1668 1717 1724 Dei
1767 1683 1833 1722 ac
1861 1667 2045 1725 Patris

474 1754 729 1812 ediceret.
774 1756 1039 1814 Mediator
1067 1759 1211 1814 enim
1251 1766 1334 1814 est
1373 1758 1467 1814 Dei
1493 1767 1547 1815 et
1581 1759 1898 1826 hominum,
1933 1759 2042 1814 sic-

2140 588 2218 649 εἰς
2242 585 2301 639 τὸ
2332 587 2557 656 ἀρχαῖον
2588 582 2941 638 ἐϐουλεύσατό
2979 598 3038 636 τε
3080 583 3174 637 καὶ
3223 581 3641 651 ἐπικεχείρηκεν
3688 579 3718 631 6

2139 673 2269 737 Θεὸς
2300 676 2393 729 καὶ
2426 674 2614 746 Πατὴρ
2650 675 2709 728 ὲν
2751 673 2991 745 Χριστῷ,
3036 673 3132 727 καὶ
3189 671 3422 741 θελήσας
3468 669 3712 739 ἐξήνυσε.

2138 765 2265 829 Πῶς
2297 760 2390 820 οῦν
2424 766 2531 836 ἄρα
2567 766 2809 835 γέγονεν,
2856 763 3145 819 ἀκόλουθον
3195 762 3433 817 κατιδεῖν
3456 777 3470 791 ·
3508 760 3623 813 Οὐκ
3649 756 3718 829 ἦν

2140 856 2343 925 ἑτέρως
2391 856 2666 929 διαδρᾶναι
2718 857 2810 910 τὸν
2871 856 3099 911 θάνατον
3150 854 3361 924 φύσεως
3421 851 3552 905 ὅντα
3617 850 3719 931 τῆς

2142 946 2504 1019 φθειρομένης
2532 947 2625 1000 τὸν
2653 947 2955 1019 ἄνθρωπον,
2984 949 3034 1001 εί
3066 946 3141 1016 μὴ
3183 946 3282 1017 τὴν
3313 944 3545 1014 ἀρχαίαν
3578 942 3717 996 ἐκεί-

2141 1056 2238 1107 νην
2278 1039 2638 1109 ἀνεκομίσατο
2663 1039 2843 1110 χάριν,
2878 1040 2971 1092 καὶ
3014 1037 3239 1109 μετέσχε
3284 1035 3378 1088 τοῦ
3422 1035 3491 1089 τά
3540 1033 3715 1086 πάντα

2143 1131 2279 1202 πρὸς
2305 1131 2367 1183 τὸ
2405 1125 2543 1184 εἶναι
2572 1130 2883 1201 συνέχοντος
2910 1130 3067 1194 Θεοῦ,
3099 1129 3192 1182 καὶ
3230 1125 3622 1195 ζωογονοῦντος
3650 1124 3717 1176 δι’

2145 1220 2277 1275 Υίοῦ
2313 1222 2372 1274 ἐν
2406 1221 2698 1292 Πνεῦματι.
2731 1220 3106 1291 Κεκοινὼνηκε
3150 1219 3325 1273 τοίνυν
3363 1217 3591 1287 αἵματος
3623 1215 3717 1269 κα)⁵

2147 1312 2347 1383 σαρκὸς
2372 1352 2388 1378 ,
2437 1310 2582 1365 τοῦτ’
2632 1310 2748 1364 ἐστι
2811 1310 3032 1379 γέγονεν
3088 1308 3387 1382 ἄνθρωπος,
3420 1307 3533 1376 ζωὴ
3578 1305 3718 1360 κατά

2147 1404 2306 1474 φύσιν
2350 1403 2631 1475 ὑπάρχων,
2670 1403 2765 1458 καλ⁵
2809 1405 2874 1456 ἐκ
2916 1400 3059 1472 ζωῆς
3100 1401 3199 1471 τῆς
3244 1399 3384 1455 κατὰ
3426 1397 3586 1469 φύσιν
3635 1414 3717 1467 γε.

2147 1491 2473 1565 γεννημένος
2498 1531 2515 1556 ,
2577 1490 2720 1545 τοῦτ’
2765 1489 2880 1545 ἔστι
2923 1491 3016 1544 τοῦ
3080 1488 3214 1543 Θεοῦ
3270 1487 3366 1542 καὶ⁸
3423 1487 3638 1558 Πατρὸς
3688 1488 3717 1539 ό

2150 1583 2443 1655 μονογενὴς
2505 1583 2667 1637 αὐτοῦ
2704 1583 2897 1651 Λόγος,
2930 1582 3018 1636 ἵνα
3061 1583 3127 1652 τῇ
3168 1579 3496 1651 φθειρομένη
3528 1580 3712 1648 σαρκὶ,

2146 1676 2287 1729 κατά
2312 1693 2373 1744 γε
2406 1674 2495 1727 τὸν
2519 1674 2674 1744 λόγον
2699 1673 2796 1743 τῆς
2827 1673 2963 1736 ιδίας
2988 1672 3221 1741 φύσεως,
3255 1671 3509 1742 ἀρρήτως
3536 1686 3595 1721 τε
3621 1669 3717 1721 καὶ

2147 1767 2458 1839 ἀφράστως,
2490 1766 2584 1820 καὶ
2616 1766 2691 1829 ὡς
2719 1765 2877 1827 αὐτὸς
2906 1764 3111 1833 ἔγνωκε
3145 1763 3323 1834 μόνος,
3355 1760 3545 1814 ἐαυτὸν
3583 1758 3714 1812 ἐνώ-

477 1848 557 1903 uti
595 1849 861 1919 scriptum
911 1859 996 1906 est
1028 1852 1076 1884 “
1100 1890 1114 1915 ,
1153 1849 1263 1907 Deo
1297 1852 1516 1922 quidem
1551 1867 1616 1905 ac
1645 1851 1796 1906 Patri
1822 1860 2041 1906 natura-

2152 1832 2246 1921 σας
2274 1857 2410 1928 πρὸς
2439 1857 2537 1927 τὴν
2575 1856 2708 1909 ἰδίαν
2734 1856 2897 1910 αὑτοῦ
2926 1832 3234 1925 ἀνακομίσῃ
3268 1854 3434 1923 ζωὴν,
3468 1851 3564 1905 καὶ
3598 1850 3715 1920 μέτ-

477 1939 602 1993 liter
628 1978 644 2003 ,
686 1947 746 1993 ut
781 1938 960 2005 Deus,
1013 1950 1068 1996 et
1099 1950 1159 1996 ut
1191 1943 1282 2012 qui
1322 1958 1385 1997 ex
1424 1957 1525 2005 eo,
1558 1943 1906 2012 conjunctus,
1944 1942 2042 1998 sed

478 2027 794 2085 hominibus
833 2045 1050 2095 rursus,
1089 2039 1148 2087 ut
1176 2033 1340 2087 homo
1365 2072 1379 2096 ,
1411 2042 1465 2087 et
1492 2033 1700 2089 habens
1726 2032 1949 2104 quidem
1987 2035 2042 2088 in

476 2118 660 2188 seipso
690 2118 905 2176 Patrem
931 2163 945 2187 ,
996 2129 1050 2177 et
1083 2123 1200 2194 ipse
1227 2123 1284 2177 in
1309 2122 1474 2179 Patre
1502 2124 1799 2180 exsistens.
1832 2125 2043 2179 Chara-

476 2219 589 2263 cter
617 2210 762 2266 enim
787 2219 876 2268 est
929 2228 994 2269 ac
1022 2214 1283 2283 splendor
1306 2214 1632 2270 substantiae
1657 2214 1780 2285 ejus
1804 2217 1848 2248 ⁸⁷
1879 2256 1894 2282 ,
1935 2230 2045 2269 non

473 2317 507 2357 a
540 2302 847 2359 substantia
872 2348 888 2369 ,
920 2305 1078 2375 cujus
1102 2315 1185 2362 est
1217 2306 1510 2362 character
1537 2315 1592 2362 et
1625 2322 1689 2361 ex
1721 2323 1826 2377 qua
1856 2322 2048 2377 proce-

474 2394 577 2458 dit,
608 2402 668 2449 ut
701 2397 979 2467 splendor,
1012 2399 1245 2466 alienus,
1285 2401 1380 2456 sed
1408 2402 1460 2454 in
1489 2416 1551 2456 ea
1585 2401 1702 2470 ipse
1730 2401 2007 2456 exsistens
2031 2442 2046 2467 ,

474 2496 531 2542 et
556 2485 767 2541 habens
797 2501 916 2542 eam
940 2489 996 2542 in
1026 2491 1231 2559 seipso,
1262 2506 1471 2561 nosque
1496 2508 1688 2547 rursus
1719 2493 1771 2546 in
1803 2507 1882 2558 se,
1910 2506 2049 2561 qua-

477 2583 641 2631 tenus
670 2583 911 2631 nostram
944 2578 1181 2646 gestavit
1213 2587 1464 2634 naturam
1491 2621 1506 2646 ,
1546 2589 1601 2635 et
1647 2596 1849 2650 corpus
1880 2580 2046 2636 Verbi

477 2674 727 2723 nostrum
749 2682 954 2737 corpus
985 2669 1178 2723 audiit.
1208 2669 1353 2723 Caro
1389 2670 1533 2726 enim
1571 2671 1806 2727 Verbum
1846 2671 2048 2727 factum

476 2763 583 2825 est,
599 2756 756 2827 juxta
774 2755 1006 2813 Joannis
1035 2773 1224 2813 vocem
1241 2760 1307 2813 ³⁸.
1331 2760 1478 2814 Tulit
1499 2769 1745 2817 nostram
1773 2771 2046 2826 naturam,

479 2848 546 2902 ad
567 2862 720 2903 suam
742 2847 909 2901 vitam
928 2862 1047 2903 eam
1075 2847 1403 2905 reformans.
1429 2849 1524 2905 Est
1542 2860 1722 2906 autem
1748 2851 1912 2907 etiam
1938 2852 2052 2921 ipse

480 2939 536 2993 in
585 2938 745 2993 nobis
779 2955 793 2992 :
844 2938 1136 3008 participes
1185 2939 1331 2993 enim
1362 2940 1483 3010 ejus
1513 2941 1738 2995 omnino
1774 2939 1903 2997 facti
1954 2956 2050 2997 su-

480 3044 629 3095 mus,
683 3043 922 3098 eumque
975 3030 1032 3085 in
1088 3031 1248 3086 nobis
1296 3046 1395 3100 per
1449 3030 1714 3102 Spiritum
1755 3033 2047 3089 habemus.

480 3120 691 3176 Idcirco
722 3120 866 3175 enim
917 3130 973 3177 et
1012 3121 1211 3177 divinae
1240 3121 1368 3177 facti
1404 3138 1598 3179 sumus
1643 3133 1927 3181 consortes
1956 3140 2054 3180 na-

480 3221 620 3268 tura:
647 3213 691 3247 ³⁸
722 3219 776 3268 et
797 3210 895 3267 ﬁlii
922 3213 1263 3283 appellamur
1294 3213 1313 3244 ¹
1337 3254 1353 3279 ,
1384 3215 1562 3284 ipsum
1584 3230 1805 3286 quoque
1832 3214 2047 3272 Patrem

480 3305 739 3360 similiter
769 3305 824 3359 in
864 3305 1025 3360 nobis
1055 3304 1318 3361 habentes
1344 3320 1442 3375 per
1468 3304 1690 3370 Filium,
1717 3308 1797 3361 uti
1824 3316 1879 3362 et
1909 3310 2050 3363 Pau-

481 3398 567 3452 lus
593 3403 830 3453 testatur
856 3395 1048 3452 dicens
1083 3415 1095 3450 :
1153 3414 1178 3471 «τ
1206 3395 1480 3462 Quoniam
1529 3405 1711 3453 autem
1744 3398 1881 3455 estis
1914 3398 2007 3454 ﬁlii
2032 3440 2048 3465 ,

480 3487 633 3543 misit
663 3486 806 3543 Deus
833 3486 1101 3557 Spiritum
1132 3484 1262 3542 Filii
1297 3488 1385 3543 sui
1412 3488 1466 3541 in
1499 3489 1665 3544 corda
1692 3498 1872 3545 vestra
1897 3529 1912 3554 ,
1943 3489 2052 3544 cla-

480 3587 719 3635 mantem
774 3597 788 3633 :
846 3578 1001 3635 Abba
1027 3620 1043 3643 ,
1078 3579 1241 3634 Pater
1271 3583 1318 3636 '.
1357 3599 1377 3633 ι
1422 3578 1542 3635 Non
1588 3581 1736 3636 enim
1770 3582 2047 3637 diversum

478 3672 611 3742 quid
657 3687 688 3726 a
732 3670 874 3726 Filio
907 3679 992 3728 est
1033 3670 1277 3743 Spiritus
1314 3674 1435 3742 ejus
1461 3712 1476 3736 ,
1515 3673 1817 3728 secundum
1853 3673 2051 3730 identi-

479 3767 642 3817 tatem
698 3768 912 3815 naturae
971 3761 1244 3817 videlicet.
1284 3760 1382 3818 His
1440 3763 1512 3816 ita
1581 3763 1894 3832 expositis,
1929 3777 2051 3832 age,

482 3851 750 3922 propositi
786 3851 892 3905 loci
922 3866 1144 3907 sensum
1173 3851 1537 3923 proferentes,
1571 3851 1882 3908 Servatoris
1907 3852 2054 3907 voci-

480 3942 588 3997 bus
615 3956 745 3997 eum
768 3942 1269 3999 accommodemus.

2143 1965 2267 2019 οχον
2292 1946 2547 2019 ἀποδείξῃ
2589 1946 2654 2000 δι’
2684 1945 2877 2000 ἐαυτοῦ
2910 1944 3004 1999 τοῦ
3048 1945 3182 1998 Θεοῦ
3215 1943 3310 1998 καὶ
3350 1942 3581 2014 Πατρός.
3606 1942 3715 1996 Με-

2146 2038 2299 2107 σίτης
2323 2036 2432 2107 γάρ
2457 2037 2572 2089 ἐστι
2597 2033 2729 2088 Θεοῦ
2764 2036 2857 2088 καὶ
2881 2035 2976 2088 ἀνθ
2987 2033 3200 2103 ρώπων,
3232 2033 3373 2087 κατὰ
3393 2033 3454 2084 τὸ
3476 2047 3718 2102 γεγραμ-

2148 2130 2326 2198 μένον,
2351 2127 2428 2198 τῷ
2456 2128 2554 2198 μὲν
2577 2127 2694 2199 Θεῷ
2718 2126 2813 2181 καὶ
2842 2127 3016 2197 Πατρὶ
3043 2125 3305 2196 φυσικῶς,
3333 2124 3408 2187 ὡς
3437 2123 3591 2187 Θεὸς,
3625 2120 3716 2176 καὶ

2147 2221 2206 2285 ἐξ
2238 2219 2399 2273 αὑτοῦ
2439 2219 2862 2289 συναπτόμενος,
2886 2216 3194 2289 ἀνθρώποις
3226 2216 3282 2269 δὲ
3306 2214 3489 2279 πάλιν,
3525 2214 3601 2276 ὼς
3631 2212 3718 2267 ἀν-

2147 2311 2365 2381 θρωπος
2387 2351 2401 2376 ,
2438 2310 2535 2364 καὶ
2589 2309 2727 2380 ἔχων
2771 2309 2868 2378 μὲν
2908 2310 2966 2361 ἐν
3018 2307 3193 2376 ἐαυτῷ
3224 2306 3314 2359 τὸν
3352 2304 3591 2373 Πατέρα,
3627 2303 3719 2355 καὶ

2147 2399 2223 2452 ῶν
2258 2400 2418 2462 αὐτὸς
2470 2400 2528 2452 ἐν
2570 2397 2647 2469 τῷ
2702 2397 2897 2467 Πατρί.
2951 2395 3248 2468 Χαρακτὴρ
3294 2393 3403 2464 γάρ
3453 2395 3568 2446 ἐστι
3626 2391 3719 2445 καὶ

2148 2491 2487 2560 ἀπαύγασμα
2522 2492 2621 2561 τῆς
2663 2488 3013 2547 ὑποστάσεως
3045 2486 3230 2548 αὑτοῦ,
3275 2485 3336 2538 οὐ
3368 2482 3719 2556 διωρισμένος

2148 2581 2249 2651 τῆς
2277 2580 2484 2646 οὐσίας,
2517 2573 2582 2650 ἧς
2626 2580 2740 2631 ἐστι
2769 2576 3071 2649 χαρακτὴρ,
3119 2575 3213 2629 καὶ
3247 2572 3306 2639 ἐξ
3345 2569 3413 2646 ἦς
3456 2572 3717 2642 πρόεισιν,

2149 2671 2224 2733 ὡς
2252 2669 2613 2738 ἀπαύγασμα,
2644 2668 2758 2720 ἀλλ’
2798 2670 2860 2723 ἐν
2900 2668 3037 2737 αὐτῇ
3069 2683 3126 2719 τε
3152 2665 3227 2719 ὣν
3253 2663 3433 2727 αὐτὸς,
3463 2660 3561 2715 καὶ
3588 2659 3719 2731 ἔχων

2149 2760 2319 2832 αὐτὴν
2349 2762 2406 2815 ἐν
2432 2758 2633 2830 ἑαυτῷ,
2656 2760 2801 2829 ἡμᾶς
2828 2758 2886 2811 δέ
2911 2757 3071 2811 πάλιν
3103 2756 3241 2827 ἔχων
3281 2756 3339 2808 ἐν
3369 2751 3566 2820 ἐαυτῷ,
3590 2748 3722 2803 καθὸ

2149 2854 2248 2923 τὴν
2277 2852 2550 2923 ἡμετέραν
2580 2851 2860 2923 πεφόρηκε
2895 2849 3078 2919 φύσιν,
3112 2848 3206 2902 καὶ
3233 2849 3391 2918 σῶμα
3418 2844 3512 2898 τοῦ
3550 2844 3722 2911 Λόγου

2151 2941 2527 3013 κεχρημάτικε
2555 2941 2617 2994 τὸ
2640 2942 2908 3011 ἡμέτερον
2957 2940 3133 3009 σῶμα.
3164 2937 3310 3009 Σᾶιρξ
3359 2935 3468 3007 γάρ
3495 2935 3523 2987 ὁ
3556 2933 3724 3000 Λόγος

2152 3033 2386 3101 ἐγένετο,
2415 3031 2556 3086 κατὰ
2583 3030 2680 3102 τὴν
2721 3031 2967 3085 Ἰωάννου
2996 3030 3199 3100 φωνήν.
3233 3026 3523 3097 Πεφόρηκε
3546 3023 3603 3076 δὲ
3629 3020 3725 3093 τὴν

2152 3123 2426 3195 ἡμετέραν
2456 3122 2638 3191 φύσιν,
2676 3122 2812 3193 πρὸς
2855 3123 2954 3193 τὴν
3002 3122 3135 3175 ἰδίαν
3169 3120 3340 3189 αὐτὴν
3377 3116 3726 3172 ἀναπλάττων

2157 3213 2322 3281 ζωήν.
2352 3214 2505 3267 Ἐστι
2531 3213 2587 3266 δὲ
2611 3214 2703 3267 καὶ
2730 3212 2889 3276 αὐτὸς
2915 3214 2972 3266 ἐν
3000 3213 3129 3283 ⁴ἡμῖν
3149 3228 3162 3240 ·
3193 3210 3406 3283 μέτοχοι
3431 3207 3540 3279 γὰρ
3565 3203 3725 3260 αὑτοῦ

2156 3307 2375 3369 πάντως
2405 3307 2727 3376 γεγόναμεν,
2755 3304 2851 3359 καὶ
2899 3304 3064 3359 αὑτὸν
3096 3303 3290 3375 ἔχομεν
3320 3303 3376 3356 ἐν
3405 3301 3616 3361 ἑαυτοῖς
3641 3296 3727 3350 διὰ

2155 3396 2249 3449 τοῦ
2296 3396 2629 3467 Πνεύματος.
2664 3398 2762 3449 Διά
2811 3397 2922 3465 γὰρ
2964 3395 3140 3461 τοῦτο,
3195 3395 3289 3448 καὶ
3341 3392 3489 3455 Θείας
3518 3389 3727 3459 φύσεως

2155 3487 2458 3555 γεγόναμεν
2498 3487 2766 3553 κοινωνοὶ,
2815 3487 2910 3540 καὶ
2976 3487 3080 3540 υἱοὶ
3120 3480 3549 3557 χρηματίζομεν,
3590 3478 3729 3531 οὕτω

2156 3577 2253 3631 καὶ⁹
2305 3578 2466 3632 αὐτὸν
2513 3578 2726 3650 ἔχοντες
2771 3581 2827 3631 ἐν
2866 3580 3076 3642 ἑαυτοῖς
3120 3578 3208 3632 τὸν
3253 3574 3472 3645 Πατέρα
3518 3571 3605 3625 διὰ
3636 3567 3727 3621 τοῦ

2158 3670 2308 3731 Υἱοῦ.
2345 3671 2439 3725 καὶ
2472 3672 2810 3743 μαρτυρήσει
2835 3672 3008 3739 λέγων
3036 3674 3065 3725 ὁ
3093 3669 3323 3732 Παῦλος·
3346 3669 3499 3719 «Ὅτι
3524 3664 3582 3719 δέ
3608 3665 3727 3715 ἐστε

2157 3762 2280 3827 υἱοὶ,
2305 3760 2687 3827 ἐξαπέστειλεν
2718 3765 2746 3817 ὁ
2777 3764 2907 3827 Θεὸς
2938 3763 2997 3816 τὸ
3020 3761 3245 3832 Πνεῦμα
3269 3759 3363 3813 τοῦ
3402 3756 3534 3811 Υίοῦ
3566 3754 3728 3809 αὑτοῦ

2157 3852 2236 3915 εἰς
2279 3850 2378 3914 τὰς
2417 3851 2641 3921 καρδίας
2681 3849 2857 3921 ὑμῶν,
2902 3849 3135 3920 κράζον·
3181 3847 3367 3911 Ἀϐϐά,
3392 3848 3421 3900 ὁ
3452 3846 3662 3916 Πατήρ.
3704 3862 3724 3894 ι

2159 3945 2236 3997 Οὐ
2262 3942 2370 4015 γὰρ
2389 3943 2574 4016 ἕτερόν
2603 3963 2653 3998 τι
2686 3943 2839 4016 παρὰ
2865 3943 2955 3997 τὸν
2989 3943 3117 3995 Υἰὸν
3170 3940 3231 3993 τὸ
3284 3938 3510 4009 Πνεῦμα
3537 3933 3726 3997 αὑτοῦ,

483 4032 633 4088 κατά
676 4049 740 4101 γε
775 4032 866 4086 τὸν
896 4033 954 4088 ὲν
982 4033 1269 4104 ταυτότητι
1303 4033 1482 4102 λόγον,
1519 4032 1665 4104 φημὶ
1706 4033 1765 4086 δέ
1807 4036 1872 4105 τῇ
1925 4038 2146 4106 φυσικῇ.
2188 4036 2345 4091 Οῦτω
2406 4038 2462 4091 δὲ
2508 4041 2642 4110 ἡμῖν
2690 4039 2784 4093 τοῦ
2838 4041 2967 4109 περὶ
3010 4035 3215 4090 τούτων
3248 4032 3731 4107 προκεχωρηκότος

480 4126 666 4197 λόγου,
706 4126 840 4198 φέρε
898 4126 996 4199 τὴν
1041 4128 1150 4182 τῶν
1196 4128 1573 4199 προκειμένων
1624 4127 1960 4199 παραθέντες
2005 4130 2265 4197 διάνοιαν,
2297 4135 2416 4195 ταῖς
2444 4131 2538 4186 τοῦ
2589 4133 2841 4201 Σωτῆρος
2887 4130 3088 4199 φωναῖς
3115 4127 3285 4198 αὐτὴν
3312 4123 3728 4196 ἐφαρμόσωμεν·

557 4235 578 4269 ι
609 4215 668 4273 ln
700 4217 794 4272 illa
823 4216 935 4284 die,
970 4218 1171 4289 inquit,
1192 4219 1539 4289 cognoscetis
1566 4218 1693 4287 quia
1716 4234 1818 4289 ego
1843 4235 1965 4276 sum
2002 4220 2059 4274 in

481 4306 646 4363 Patre
678 4321 840 4369 meo,
886 4315 943 4362 et
973 4322 1069 4364 vos
1100 4308 1154 4362 in
1190 4322 1311 4373 me,
1346 4316 1402 4363 et
1438 4321 1541 4378 ego
1588 4309 1645 4361 in
1679 4308 1854 4363 vobis.
1891 4328 1909 4361 ι
1944 4308 2061 4381 Ego

483 4400 631 4457 enim
659 4400 786 4456 vivo
809 4442 823 4468 ,
859 4400 1043 4471 inquit
1083 4417 1099 4457 :
1137 4399 1249 4454 vita
1275 4399 1424 4455 enim
1463 4415 1586 4455 sum
1621 4400 1926 4456 secundum
1960 4419 2059 4457 na-
2090 4406 2093 4409 “

485 4500 687 4559 turam,
718 4502 774 4549 et
808 4493 999 4548 vivens
1023 4505 1147 4547 esse
1178 4505 1361 4547 meum
1395 4490 1656 4560 templum
1679 4492 1917 4547 ostendi.
1952 4490 2057 4548 Sed

483 4598 609 4639 cum
640 4584 745 4655 ipsi
775 4583 941 4641 etiam
977 4597 1096 4649 vos,
1128 4583 1219 4653 qui
1254 4581 1635 4652 corruptibilis
1666 4590 1876 4638 natura:
1900 4585 2056 4651 estis,

483 4675 734 4732 viventes
769 4673 1050 4741 videritis,
1088 4673 1259 4745 824
1301 4673 1371 4727 ad
1410 4674 1516 4729 mei
1557 4674 1820 4729 nimirum
1859 4675 2059 4731 simili-

484 4766 733 4822 tudinem
761 4804 776 4829 .
813 4775 946 4820 tunc
976 4764 1175 4835 utique
1204 4763 1500 4821 manifeste
1525 4765 1896 4837 cognoscetis,
1928 4766 2059 4836 quia

486 4859 600 4914 vita
642 4859 917 4915 exsistens
963 4854 1272 4911 secundum
1317 4865 1609 4920 naturam,
1654 4856 1765 4911 Deo
1803 4869 1867 4910 ac
1910 4856 2063 4910 Patri

484 4950 580 5019 qui
625 4956 682 5005 et
725 4949 844 5017 ipse
886 4946 999 5002 vita
1032 4954 1118 5001 est
1159 4947 1464 5002 secundum
1500 4955 1752 5002 naturam
1794 4946 2060 5017 conjunxi

486 5054 586 5110 per
618 5037 887 5106 meipsum
909 5078 924 5101 ,
964 5048 1252 5094 consortes
1285 5037 1693 5109 quodammodo
1726 5053 1790 5093 ac
1825 5038 2055 5110 partici-

488 5145 587 5200 pes
612 5129 852 5185 reddens
882 5128 1315 5186 immortalitatis
1342 5130 1481 5199 ejus.
1515 5128 1627 5201 Ego
1655 5129 1933 5199 siquidem
1965 5144 2056 5181 na-

489 5222 750 5277 turaliter
777 5222 830 5276 in
855 5202 1020 5277 Patre
1051 5239 1065 5275 :
1095 5220 1313 5278 fructus
1343 5222 1546 5293 quippe
1574 5237 1692 5277 sum
1730 5219 2054 5276 substantia:

489 5312 610 5382 ejus
633 5354 649 5378 ,
684 5329 749 5368 ac
783 5325 920 5368 vera
946 5311 1205 5384 genitura
1225 5352 1242 5379 ,
1273 5311 1330 5367 in
1360 5327 1427 5368 eo
1455 5312 1730 5367 exsistens
1752 5353 1766 5378 ,
1802 5317 1857 5365 et
1889 5325 1954 5365 ex
1987 5324 2054 5363 eo

488 5405 782 5468 exsistens,
812 5404 930 5458 vita
959 5418 1027 5459 ex
1062 5403 1169 5459 vita
1196 5423 1209 5458 :
1240 5418 1336 5459 vos
1361 5412 1544 5461 autem
1566 5404 1622 5459 in
1649 5418 1756 5470 me,
1782 5409 1838 5458 et
1865 5416 1967 5473 ego
2001 5402 2056 5456 in

489 5494 683 5556 vobis,
733 5501 1010 5564 quatenus
1033 5511 1135 5569 ego
1166 5497 1385 5568 quidem
1416 5495 1582 5552 homo
1609 5494 1836 5565 apparui
1869 5511 1884 5547 :
1922 5508 2053 5548 cou-

559 5708 830 5781 "_Ephes.
858 5729 896 5779 I,
924 5714 1008 5770 10.
1085 5715 1131 5746 ³⁸
1156 5714 1319 5770 Hebr.
1362 5731 1421 5777 ιι,
1448 5715 1531 5769 Μ.
1612 5717 1653 5746 ’⁵
1682 5714 1701 5769 l
1732 5713 1871 5768 Tim.
1926 5727 1984 5779 ll,
2017 5710 2069 5764 ις.

482 5781 509 5852 ,⁸
545 5778 752 5840 “can.
786 5778 951 5852 m,l.
1028 5786 1047 5817 '
1088 5785 1265 5839 Galat.
1307 5801 1381 5852 tv,
1416 5785 1468 5838 6.

2148 5712 2191 5745 "
2225 5710 2386 5766 Hebr.
2417 5728 2454 5778 ι,
2498 5712 2549 5766 5.

2241 4244 2260 4276 ο
2296 4225 2384 4278 Ἐν
2411 4224 2590 4293 ἐκείνῃ
2614 4223 2723 4293 γὰρ
2754 4224 2821 4292 τῇ
2857 4221 3060 4292 ἡμέρᾳ.
3089 4217 3390 4288 γνώσεσθε,
3426 4216 3621 4287 φησὶν,
3649 4215 3732 4267 ὅτι

2165 4316 2274 4385 ἐγὼ
2300 4318 2357 4370 ἐν
2386 4316 2462 4387 τῷ
2489 4317 2685 4384 Πατρὶ,
2703 4316 2799 4369 καὶ
2827 4315 2982 4383 ὑμεῖς
3004 4314 3062 4365 ἐν
3093 4312 3234 4381 ἐμοὶ,
3263 4308 3418 4377 κάγὼ
3456 4310 3513 4360 ἐν
3537 4308 3684 4376 ὑμῖν.
3707 4323 3725 4356 ι

2177 4407 2317 4476 Ἐγὼ
2353 4406 2452 4477 μὲν
2486 4407 2595 4478 γὰρ
2634 4405 2737 4471 ζῶ,
2768 4404 2930 4474 φησί·
2960 4402 3072 4472 ζωὴ
3104 4401 3212 4473 γάρ
3241 4401 3358 4471 εἰμι
3387 4398 3529 4452 κατὰ
3549 4396 3728 4466 φύσιν,

2163 4497 2260 4551 καὶ
2289 4497 2467 4563 ζῶντα
2495 4497 2586 4550 τὸν
2630 4493 2867 4567 ἐμαυτοῦ
2896 4494 3105 4563 δέδειχα
3136 4492 3282 4546 ναόν.
3321 4489 3462 4543 Ἀλλ’
3487 4490 3613 4542 ὅταν
3640 4486 3731 4540 καὶ

2164 4590 2320 4659 ὑμεῖς
2348 4586 2519 4651 αὐτοὶ,
2544 4585 2790 4658 φθαρτῆς
2818 4586 2969 4648 ὄντες
2996 4584 3228 4654 φύσεως,
3255 4582 3465 4648 ζῶντας
3488 4580 3731 4642 -ὲαυτοὺς

2162 4676 2513 4747 θεωρήσητε,
2563 4674 2686 4728 καθ’
2729 4675 3023 4747 ὁμοιότητα
3064 4673 3162 4744 τὴν
3206 4673 3342 4744 πρός
3378 4688 3483 4743 με’
3524 4672 3645 4725 τότε
3668 4669 3729 4740 δὴ

2160 4765 2464 4836 γνώσεσθε,
2494 4766 2586 4818 καὶ
2614 4765 2757 4837 μάλα
2794 4764 3006 4834 σαφῶς,
3029 4765 3110 4817 ὅτι
3134 4763 3246 4835 ζωὴ
3276 4751 3417 4817 κατὰ
3440 4761 3603 4831 φύσιν
3631 4761 3731 4814 ὑπ·

2160 4859 2345 4930 άρχων
2368 4898 2382 4923 ,
2419 4857 2716 4929 ὑπάρχοντι
2766 4857 2861 4910 καὶ
2895 4856 3043 4928 αὑτῷ
3080 4857 3192 4926 ζωῇ
3242 4855 3383 4909 κατὰ
3433 4854 3595 4922 φύσιν
3654 4850 3731 4922 τῷ

2158 4949 2277 5019 Θεῷ
2306 4949 2401 5003 καὶ
2431 4950 2603 5018 Πατρὶ
2628 4948 2838 5018 συνῆψα
2864 4947 2932 5000 δι’
2962 4945 3217 5018 ἐμαυτοῦ,
3240 4945 3528 5008 κοινωνοὺς
3546 4944 3730 5012 ὥσπερ

2165 5040 2258 5093 καὶ
2295 5039 2553 5110 μετόχους
2585 5038 2863 5091 ἀποτελῶν
2893 5037 2992 5106 τῆς
3019 5035 3325 5107 ἀφθαρσίας
3356 5031 3544 5087 αὑτοῦ.
3592 5028 3729 5098 Ἐγὼ

2167 5128 2267 5198 μὲν
2294 5128 2402 5200 γὰρ
2447 5127 2693 5196 φυσικῶς
2731 5128 2788 5179 ἐν
2836 5125 3042 5196 Πατρί·
3081 5123 3291 5195 καρπὸς
3329 5122 3437 5192 γάρ
3476 5122 3591 5191 εἰμι
3634 5118 3731 5187 τῆς

2161 5221 2347 5283 οὐσίας
2373 5218 2537 5272 αὐτοῦ
2559 5260 2575 5284 ,
2606 5218 2701 5273 καὶ
2740 5218 2961 5288 γνήσιον
2992 5217 3236 5287 γέννημα
3255 5255 3269 5276 ,
3319 5213 3641 5283 ἐνυπάρχων
3672 5225 3731 5262 τε

2161 5311 2257 5365 καὶ
2285 5311 2344 5377 ἐξ
2386 5308 2550 5363 αὐτοῦ
2587 5308 2871 5380 πεφηνὼς,
2925 5306 3040 5377 ζωὴ
3069 5308 3130 5360 ἐκ
3161 5306 3307 5374 ζωῆς
3329 5343 3344 5368 ,
3393 5304 3550 5372 ὑμεῖς
3577 5300 3636 5355 δὲ
3673 5301 3732 5352 έν

2164 5402 2306 5472 ἐμοὶ.
2333 5400 2488 5468 κάγὼ
2511 5402 2568 5453 ἐν
2599 5401 2746 5470 ὑμῖν,
2778 5399 2913 5453 καθὸ
2941 5398 3157 5469 πέφηνα
3184 5396 3281 5465 μὲν
3304 5394 3587 5464 ἄνθρωπος
3602 5389 3730 5460 ἐγὼ,

2164 5494 2453 5556 κοινωνοὺς
2487 5492 2543 5546 δὲ
2583 5491 2731 5555 θείας
2760 5490 2974 5559 φύσεως
3006 5488 3287 5553 ἀπέδειξα,
3331 5485 3393 5540 τὸ
3424 5485 3650 5555 Πνεῦμα
3675 5482 3737 5538 τὸ

2627 5710 2673 5746 ’⁸
2710 5712 2866 5767 Joan.
2929 5726 2967 5779 ι,
3026 5709 3109 5764 Μ.
3184 5710 3226 5741 θ’
3277 5703 3316 5758 ιι
3356 5701 3505 5757 Pctr.
3586 5715 3640 5763 ι,
3678 5699 3730 5755 ι.
