4076 6270
278 390 380 448 281

1328 388 1394 442 ΙΝ
1433 390 1723 446 JOANNIS
1762 392 2213 451 EVANGELIUM
2251 395 2381 453 LIB.
2419 397 2485 453 Χ.

3426 404 3531 458 282

281 485 417 557 ὲμδν
466 484 738 549 ὲνοικίσας
773 485 917 554 ὑμῖν.
981 483 1069 535 Ἐν
1097 484 1231 553 ἡμῖν
1253 482 1362 555 γάρ
1390 486 1536 537 ἐστιν
1566 488 1595 538 ὁ
1626 486 1847 558 Χριστὸς

1962 497 2142 544 sortes
2172 499 2354 545 autem
2385 501 2597 546 natura:
2630 490 2831 545 divinae
2859 505 2962 544 vos
2997 490 3231 557 reddidi,
3266 489 3533 561 Spiritum

283 576 372 630 διὰ
414 575 509 629 τοῦ
547 575 889 646 Πνεύματος,
945 574 1307 646 μετατρέπων
1338 576 1418 639 εἰς
1463 576 1773 647 ἀφθαρσίαν
1798 576 1847 629 τέ

1958 596 2140 636 meum
2172 582 2226 635 in
2257 582 2414 637 vobis
2462 581 2762 638 collocans.
2796 582 2852 636 In
2884 583 3043 639 nobis
3096 584 3241 637 enim
3272 592 3355 639 est
3374 583 3534 639 Chri-

285 669 597 743 φθείρεσθαι
624 668 886 738 πεφυκὸς,
917 669 1011 722 καὶ
1041 667 1348 738 μετατιθεὶς
1372 669 1436 721 ὲκ
1463 667 1556 721 τοῦ
1589 668 1858 739 καταθνή-

286 778 436 814 σκειν
460 761 592 831 πρὸς
616 760 676 814 τὸ
701 761 776 831 μὴ
805 759 977 824 οὕτως
998 760 1238 832 ἔχονΔιὸ
1263 762 1357 815 καὶ
1385 763 1415 814 ὁ
1431 761 1642 825 Παῦλός
1669 780 1855 833 φησιν,

282 853 360 905 ὅτι
385 869 404 902 ι
443 853 688 923 Ἐγείρας
717 853 927 925 Ἰησοῦν
961 853 1195 924 Χριστὸν
1222 855 1288 907 ἐκ
1329 855 1562 924 νεκρῶν,
1589 853 1855 926 ζωοποιή-

279 960 357 995 σει
392 944 485 997 καὶ
505 945 574 997 τὰ
596 945 768 1016 θνητὰ
796 945 1024 1015 σώματα
1051 945 1236 1016 ὑμῶν,
1281 946 1370 999 διὰ
1393 946 1487 999 τοῦ
1519 946 1857 1010 ἐνοικοῦντος

273 1032 440 1086 αὑτοῦ
476 1034 795 1105 Πνεύματος
823 1037 881 1088 ὲν
916 1036 1063 1106 ὑμῖν.
1094 1053 1114 1088 ι
1166 1036 1230 1088 El
1256 1036 1365 1106 γὰρ
1399 1036 1495 1089 καὶ
1524 1036 1767 1107 πρόεισιν
1791 1039 1855 1091 ὲκ

270 1126 488 1197 Πατρδς
530 1127 593 1180 τὸ
624 1127 850 1198 Πνεῦμα
877 1127 938 1182 sb
984 1127 1170 1196 ἅγιον,
1217 1128 1331 1182 ἀλλ’
1359 1128 1577 1199 ἔρχεται
1604 1129 1671 1183 δι’
1700 1129 1849 1193 Υἱοῦ,

267 1217 363 1268 καὶ
413 1216 546 1271 ἴδιόν
590 1219 738 1271 ἐστιν
783 1218 970 1272 αὐτοῦ.
1041 1220 1228 1273 Πάντα
1266 1218 1376 1289 γὰρ
1419 1220 1486 1273 δι’
1525 1220 1652 1273 Υἱοῦ
1700 1219 1854 1292 παρὰ

263 1307 509 1378 Πατρός.
545 1309 665 1363 Ὅτι
702 1309 814 1380 γὰρ
860 1310 949 1363 διὰ
978 1310 1074 1363 τοῦ
1099 1309 1413 1380 Πνεῦματος
1452 1312 1532 1373 εις
1558 1310 1704 1382 ζωὴν
1752 1311 1851 1364 ἁν-

262 1397 623 1470 επλάσθημεν
651 1400 752 1471 τὴν
794 1401 1031 1467 αἰώνιον,
1060 1404 1089 1454 ό
1123 1400 1266 1464 θεῖος
1298 1388 1430 1472 ἡμῖν
1451 1402 1701 1473 Μελῳδὸς
1727 1404 1850 1456 ὲπιο

262 1493 649 1563 μαρτυρήσει,
711 1492 851 1563 βοῶν
891 1494 967 1557 ὠς
1029 1492 1167 1565 πρὸς
1208 1493 1299 1547 τὸν
1343 1493 1452 1546 τῶν
1501 1492 1636 1547 ὅλων
1674 1493 1808 1548 Θεόν
1832 1507 1846 1520 ⁸

262 1601 282 1634 ι
320 1582 663 1648 Ἀνοίξαντος
707 1585 799 1637 σοῦ
840 1587 939 1657 τὴν
984 1589 1143 1657 χεῖρα
1163 1626 1179 1651 ,
1248 1587 1317 1641 τὰ
1360 1588 1649 1658 σύμπαντα
1708 1587 1849 1657 πλη-

258 1674 531 1746 σθήσεται
583 1676 984 1747 χρηστότητοςο
1051 1675 1491 1748 ἀποστρέψαντος
1538 1677 1597 1730 δὲ
1652 1676 1745 1731 σοῦ
1787 1677 1848 1731 τὸ

257 1766 599 1838 πρόσωπον,
644 1766 1100 1838 ταραχθήσονται.
1154 1766 1486 1831 Ἀντανελεῖς
1522 1767 1584 1821 τὸ
1628 1767 1848 1837 πνεῦμα

1959 681 2080 728 stus
2118 687 2213 745 per
2243 672 2510 743 Spiritum
2531 714 2545 737 ,
2577 673 2644 728 ad
2678 675 3149 745 incorruptionem
3187 675 3535 731 transferens

1956 763 2011 817 id
2039 765 2186 834 quod
2222 772 2421 820 natura
2454 780 2557 819 sua
2593 774 2678 821 est
2709 766 3094 836 corruptibile,
3130 775 3184 820 et
3212 782 3241 820 a
3267 777 3443 821 morte
3468 769 3534 823 ad

1955 854 2429 910 immortalitatem
2481 855 2807 910 traducens.
2855 855 3009 911 Unde
3059 865 3113 911 et
3157 855 3361 913 Paulus
3414 859 3533 911 ait:

1961 961 1980 993 ι
2016 942 2120 1008 Qui
2154 943 2444 1000 suscitavit
2497 942 2682 1000 Iesum
2717 944 2999 999 Christum
3025 960 3053 999 a
3085 947 3353 1010 mortuis,
3391 948 3534 999 vivu-

1954 1033 2140 1089 ﬁcabit
2162 1043 2215 1089 et
2249 1036 2501 1089 mortalia
2532 1051 2767 1106 corpora
2802 1045 3009 1101 vestra,
3048 1047 3281 1107 propter
3316 1038 3536 1091 inhabi-

1954 1135 2162 1184 tantem
2196 1126 2458 1198 Spiritum
2486 1128 2609 1197 ejus
2645 1130 2698 1182 in
2730 1130 2893 1184 nobis
2924 1130 2965 1182 ³.
3001 1148 3020 1181 ι
3068 1129 3223 1184 Licet
3272 1131 3419 1184 enim
3467 1146 3530 1185 ex

1953 1219 2117 1275 Patre
2171 1219 2415 1289 Spiritus
2449 1230 2675 1275 sanctus
2710 1222 3003 1291 procedat,
3036 1221 3188 1276 venit
3225 1229 3408 1275 tamen
3436 1237 3534 1291 per

1952 1311 2175 1377 Filium,
2203 1321 2257 1368 et
2291 1313 2549 1382 proprius
2588 1320 2676 1368 est
2711 1314 2850 1383 ejus.
2880 1312 3078 1369 Omnia
3108 1315 3308 1384 quippe
3341 1322 3470 1367 sunt
3501 1328 3531 1367 a

1953 1405 2113 1461 Patre
2152 1421 2248 1476 per
2278 1404 2501 1460 Filium.
2533 1406 2690 1473 Quod
2729 1408 2877 1462 enim
2915 1423 3012 1476 per
3041 1407 3303 1477 Spiritum
3353 1408 3406 1462 in
3447 1409 3529 1461 vi-

1953 1503 2064 1550 tam
2090 1505 2350 1551 aeternam
2385 1496 2673 1552 reformati
2698 1499 2893 1564 simus,
2928 1497 3150 1553 divinus
3186 1498 3348 1553 nobis
3376 1497 3530 1552 Psal-

1950 1585 2117 1639 mista
2169 1585 2328 1641 testis
2362 1584 2577 1651 aderit,
2621 1587 2870 1642 clamans
2927 1589 2995 1642 ad
3031 1589 3276 1641 universi
3314 1587 3528 1642 Deum:

1956 1695 1975 1728 ι
2013 1677 2309 1748 Aperiente
2337 1687 2389 1733 te
2421 1694 2645 1733 manum
2681 1687 2833 1734 tuam
2860 1719 2875 1744 ,
2921 1680 3109 1733 omnia
3152 1679 3531 1748 impiebuntur

1950 1768 2235 1836 bonitate;
2269 1779 2552 1826 avertente
2577 1777 2763 1826 autem
2792 1781 2843 1826 te
2871 1769 3090 1839 faciem,
3125 1770 3520 1825 turbabuntur.

256 1860 464 1925 αὐτῶν,
500 1862 595 1914 καὶ
624 1860 964 1929 ἐκλείψουσι,
1002 1862 1095 1914 καὶ
1127 1861 1207 1925 εις
1233 1860 1325 1914 τὸν
1356 1860 1485 1932 χοῦν
1518 1860 1696 1914 αὐτῶν
1723 1862 1846 1915 ἐπι-

1948 1860 2179 1916 Auferes
2206 1862 2463 1931 spiritum
2497 1878 2710 1927 eorum,
2749 1873 2804 1917 et
2832 1861 3089 1917 deﬁcient
3130 1870 3187 1916 et
3241 1862 3296 1916 in
3331 1861 3527 1931 pulve-

259 1954 613 2025 στρέφουσιν.
656 1954 1062 2020 Ἐξαποστελείς
1100 1954 1160 2007 τὸ
1184 1954 1409 2026 Πνεῦμά
1434 1972 1561 2019 σου,
1612 1956 1706 2009 καὶ
1733 1973 1847 2011 κτιο

260 2045 584 2116 σθήσονται,
619 2045 716 2099 καὶ
755 2047 1089 2110 ἀνακαινιεῖς
1121 2046 1183 2100 τὸ
1212 2048 1503 2118 πρόσωπον
1534 2047 1633 2118 τῆς
1663 2048 1784 2119 γῆς.
1819 2068 1838 2100 ι

270 2135 522 2200 Ἀκούεις
567 2138 715 2202 ὅπως
748 2136 1110 2209 συνετάραξεν
1146 2135 1223 2208 (Ι)
1255 2138 1388 2207 ἡμῖν
1426 2137 1526 2208 τὴν
1554 2136 1844 2209 ἀνθρώπου

260 2228 422 2298 φύσιν
448 2231 485 2299 ἡ
513 2230 823 2301 παράϐασις
856 2232 890 2302 ή
922 2231 981 2283 ἐν
1019 2229 1209 2301 Ἀδὰμ,
1243 2230 1338 2284 καὶ
1362 2232 1526 2285 οἱονεὶ
1551 2229 1659 2284 τῶν
1685 2230 1844 2286 θείων

262 2321 616 2391 ἒντα).μάτων
637 2324 670 2393 ἡ
692 2322 1004 2395 ἀποστροφὴ
1020 2363 1035 2388 ,
1065 2323 1160 2376 καὶ
1182 2324 1262 2387 εἰς
1288 2322 1387 2394 τὴν
1416 2322 1553 2376 [δίαν
1582 2324 1686 2393 γῆν
1708 2324 1842 2378 ὑπο-

264 2410 530 2480 νοστῆσαι
562 2411 984 2482 παρεσκεύασεν.
1019 2412 1151 2466 Ὅτε
1177 2411 1233 2465 δὲ
1260 2412 1635 2479 ἐξαπέστειλεν
1665 2417 1692 2467 ὁ
1712 2414 1843 2480 Θεὸς

264 2502 328 2555 τὸ
352 2501 582 2573 Πνεῦμα
614 2503 808 2569 αὐτοῦ,
860 2504 950 2557 καὶ
987 2504 1246 2575 μετόχους
1293 2505 1441 2576 ἡμᾶς
1467 2505 1716 2571 ἀπέδειξε
1742 2507 1843 2578 τῆς

268 2593 408 2656 ἰδίας
435 2593 668 2663 φύσεως,
693 2595 784 2648 καὶ
808 2595 874 2649 δι’
899 2594 1060 2648 αὑτοῦ
1086 2596 1438 2668 ἀνεκαινίσθη
1463 2597 1524 2651 τὸ
1552 2598 1842 2667 πρόσωπον

261 2685 364 2755 τῆς
393 2685 518 2755 γῆς,
558 2685 1063 2758 μετεμορφώθημεν
1090 2688 1172 2750 εἰς
1202 2687 1500 2761 καινότητα
1530 2689 1710 2761 ζωῆς,
1740 2692 1840 2762 τὴν

259 2779 324 2831 ἐκ
357 2778 454 2849 τῆς
486 2779 762 2849 ἁμαρτίας
792 2778 1156 2843 ἀποϐαλόντες
1189 2779 1396 2852 φθορὰν
1418 2820 1432 2844 ,
1459 2782 1554 2834 καὶ
1581 2782 1679 2853 τῆς
1707 2783 1841 2836 αἰω-

258 2869 372 2923 νίου
408 2870 555 2941 ζωῆς
603 2869 849 2934 εἰσαῦθις
893 2870 1317 2943 ὲπιδραξὰμενοι
1348 2872 1436 2927 διὰ
1476 2873 1577 2944 τῆς
1621 2876 1842 2945 χάριτος

258 2959 353 3012 καὶ
379 2959 793 3031 φιλανθρωπίας
816 2958 910 3013 τοῦ
941 2961 1146 3032 Κυρίου
1177 2962 1333 3033 ἡμῶν
1371 2963 1547 3034 Ἰησοῦ
1577 2964 1838 3036 Χριστοῦ,

254 3049 322 3103 δι’
347 3043 407 3104 οὗ
431 3051 528 3104 καὶ
562 3050 679 3121 μεθ’
714 3044 773 3104 οῦ
803 3048 880 3120 τῷ
901 3049 1018 3121 Θεῷ
1048 3050 1139 3104 καὶ
1165 3051 1339 3123 Πατρὶ
1367 3052 1400 3122 ἠ
1428 3051 1553 3117 δόξα
1586 3053 1682 3106 σὺν
1702 3053 1841 3125 ἁγίῳ

255 3140 537 3212 Πνεύματι
566 3142 646 3207 εἰς
676 3142 803 3206 τοὺς
831 3141 1056 3205 αἰῶνας.
1097 3141 1289 3213 Ἀμήν.

322 3316 343 3349 ³
384 3315 551 3371 Rom.
587 3332 705 3383 vm,
742 3317 829 3371 ll.
903 3319 927 3348 δ
962 3316 1110 3372 Psal.
1141 3332 1257 3383 cur,
1292 3315 1477 3373 28-30.

1948 1967 2064 2007 rem
2116 1968 2278 2007 suum
2329 1962 2699 2008 revertentur.
2741 1951 2972 2009 Emittes
3016 1951 3282 2022 Spiritum
3335 1962 3523 2015 tuum,

1945 2052 1999 2099 et
2029 2046 2400 2108 creabuntur,
2434 2054 2487 2100 et
2518 2044 2815 2100 renovabis
2855 2043 3051 2099 faciem
3095 2053 3256 2099 terra:
3281 2045 3320 2096 ⁸.
3353 2063 3371 2097 ι
3412 2046 3525 2098 Au-

1946 2136 2033 2193 dis
2063 2137 2339 2208 quomodn
2381 2137 2769 2205 pravarieatio
2805 2137 2858 2190 in
2895 2137 3067 2189 Adam
3114 2150 3177 2190 ac
3214 2136 3524 2190 divinorum

1945 2228 2332 2282 mandatorum
2354 2228 2663 2297 repudiatio
2687 2235 2943 2280 naturam
2962 2226 3205 2281 hominis
3234 2227 3528 2281 imminue-

1943 2319 2052 2385 rit,
2096 2328 2151 2375 et
2189 2320 2244 2374 in
2292 2329 2491 2375 terram
2530 2335 2686 2375 suam
2724 2319 2904 2374 redire
2962 2319 3223 2389 coegerit.
3261 2319 3331 2373 At
3376 2327 3525 2388 post-

1944 2428 2107 2483 quam
2160 2412 2310 2466 misit
2359 2412 2505 2466 Deus
2561 2411 2830 2481 Spiritum
2876 2425 3073 2476 suum,
3119 2418 3172 2463 et
3224 2409 3523 2478 participes

1943 2513 2158 2559 naturae
2182 2519 2296 2560 sure
2330 2520 2431 2559 nos
2465 2502 2723 2565 reddidit,
2756 2518 2820 2557 ac
2857 2515 2954 2571 per
2983 2515 3108 2555 eum
3141 2507 3403 2553 renovata
3439 2505 3525 2552 est

1943 2596 2112 2651 facies
2146 2606 2337 2661 terrae,
2376 2596 2430 2649 in
2466 2595 2764 2649 novitatem
2801 2595 2925 2647 vitae
2957 2591 3244 2648 reformati
3280 2590 3484 2644 fuimus
3507 2627 3521 2650 .

1942 2686 2190 2757 deposita
2227 2686 2584 2755 corruptione
2614 2683 2821 2754 peccati
2879 2692 2933 2737 et
2965 2691 3170 2738 aeterna
3206 2682 3388 2736 denuo
3408 2680 3522 2732 vita

1939 2789 2159 2849 recepta
2193 2793 2291 2847 per
2319 2777 2554 2846 gratiam
2593 2786 2647 2833 et
2675 2776 3072 2847 benignitatem
3099 2772 3315 2827 Domini
3342 2770 3522 2825 nostri

1939 2870 2069 2928 Jesu
2099 2871 2303 2925 Christi
2333 2909 2348 2934 ,
2378 2885 2474 2939 per
2502 2885 2666 2940 quem
2712 2877 2769 2924 et
2816 2883 2943 2923 cum
2985 2881 3095 2937 quo
3128 2865 3239 2920 Deo
3274 2878 3340 2918 ac
3369 2862 3521 2918 Patri

1943 2964 2118 3035 gloria
2146 2978 2271 3018 cum
2301 2971 2496 3019 saneto
2530 2960 2745 3032 Spiritu
2777 2959 2831 3015 in
2864 2959 3085 3015 saecula.
3112 2955 3308 3013 Amen.

323 3470 401 3540 (1)
430 3470 732 3535 Aubertus,
767 3472 1075 3537 συνέταξεν,
1109 3479 1164 3527 et
1192 3473 1247 3526 in
1281 3471 1542 3543 margine,
1575 3488 1667 3540 γρ.
1705 3469 1847 3524 συνὲε

1948 3485 2019 3523 εν.
2064 3468 2223 3525 Ευιτ.

1820 3664 1976 3675 .——
2000 3662 2093 3674 συ-

265 3660 1894 3692 W

1898 3680 2005 3694 ‘5‘.

2017 3661 3502 3698 Μ

784 3821 1345 3908 ΚΕΦΑΛΑΙΑ
1423 3824 1566 3907 ΤΑ
1629 3823 1774 3909 ΕΝ
1845 3822 1992 3909 ΤΩ
2096 3820 2540 3909 ΔΕΚΑΤΩ
2590 3823 2981 3912 ΒΙΒΛΙΩ.

1692 4198 2109 4289 CAPITA

1216 4383 1384 4452 (ὶῢῶ
1423 4387 1491 4442 IN
1521 4389 1732 4445 LIBRO
1774 4391 2033 4449 DECIMO
2072 4394 2593 4455 CONTINENTUR.

255 4677 333 4734 A'.
365 4678 841 4760 'Qtixattobdgr
864 4685 1131 4760 suum?
1158 4689 1328 4744 ἐστὶν
1352 4694 1385 4745 ό
1403 4693 1533 4760 Υἱὸς
1552 4694 1661 4750 τοῦ
1687 4700 1837 4754 Θεοῦ

320 4749 419 4831 καὶ
450 4752 716 4831 Πατρός,
763 4754 898 4820 ἴσος
926 4757 994 4808 δὲ
1026 4757 1279 4831 ,μᾶλλον
1316 4762 1413 4814 καὶ
1454 4749 1655 4830 ὄιξοιὸς

320 4823 510 4903 φύσιν
532 4823 727 4903 αὐτῷ,
748 4823 1151 4903 ’προκειμᾴὶνρυ
1167 4831 1389 4903 ρητοῦξ
1428 4851 1445 4881 ι
1477 4823 1546 4887 Εἰ
1569 4823 1839 4903 ὴῇαπὰτέ

317 4908 418 4985 με,
445 4892 706 4985 ὲχᾼᾴρηῃτε
891 4892 977 4982 ὅτι
999 4898 1114 4966 ἐγὼ
1144 4892 1301 4985 ἡρὲξε
1324 4901 1433 4953 τὸν
1464 4892 1697 4985 Πατέξνᾳ
1727 4924 1837 4962 που

315 4963 586 5029 ρεύομαι,
615 4963 706 5015 ὅτι
735 4967 766 5016 ό
794 4966 993 5032 Πατήρ
1022 4963 1141 5035 μου
1160 4963 1373 5038 μείζων
1389 4989 1506 5039 μου
1535 4963 1726 5029 ἐστίν.
1758 4995 1776 5027 ι

256 5027 329 5083 B’.
360 5031 482 5111 "Qu
500 5032 592 5111 ’τῷ
610 5032 739 5111 θεῷ
768 5036 1067 5111 καὶ-Πατρζ
1087 5041 1413 5111 ⁸ὀμοσὺσίός
1439 5042 1609 5096 ἐστιν
1630 5048 1661 5097 ό
1686 5047 1837 5111 Υἱὸς,

324 5102 421 5180 καὶ
451 5104 564 5181 οᾌῠχ
598 5103 961 5181 ἐτεροςβρὴς,
999 5102 1141 5160 οὐδὲ
1183 5102 1449 5177 ἐκρυλος
1487 5112 1640 5166 κατά
1673 5102 1840 5181 τινάςί

322 5172 441 5253 τῷν
464 5172 970 5253 δοιειζτριιμμένωρν,
989 5172 1380 5253 σξροκειμένρυ
1402 5172 1591 5248 ῥητοῦ
1614 5198 1630 5211 '
1658 5203 1675 5234 ι
1702 5172 1841 5253 Ἑγῶ

322 5243 435 5319 s_l,ut
473 5242 516 5319 ῄ
567 5242 856 5319 ἄμπελος,
892 5242 1061 5319 ὑμεῖς
1092 5249 1163 5301 τὰ
1193 5242 1476 5319 ’κλήμιάιὶ
1512 5271 1531 5305 ι
1566 5253 1663 5307 καὶ
1710 5273 1727 5305 ι
1768 5242 1838 5308 ’⁸0

322 5312 527 5379 Πατήρ
544 5330 665 5382 μου
698 5316 730 5366 ό
762 5317 1014 5385 γεωργός
1039 5317 1227 5371 ἐστιν.
1260 5337 1279 5369 ι

327 5484 352 5517 ⁸
376 5484 536 5541 Joan.
571 5504 685 5555 xw,
725 5488 813 5545 28.
889 5493 908 5522 ⁸
940 5490 1094 5547 anm.
1125 5509 1210 5561 xv,
1256 5495 1369 5559 1,5.

1940 4699 1980 4754 l.
2025 4700 2175 4767 Quod
2207 4701 2354 4756 nulla
2390 4703 2444 4756 in
2479 4719 2533 4756 re
2576 4704 2751 4756 minor
2778 4706 2847 4757 sit
2888 4704 2996 4759 Deo
3030 4722 3094 4760 ac
3119 4705 3284 4759 Patre
3319 4704 3517 4771 Filius,

2013 4774 2104 4825 sed
2138 4773 2359 4841 a’qualis
2390 4776 2568 4840 potius
2615 4777 2763 4843 eique
2797 4777 2991 4827 similis
3031 4777 3317 4829 secundum
3360 4787 3521 4828 uatu-

2014 4858 2152 4904 ram,
2183 4845 2451 4910 proposito
2486 4843 2649 4906 dicto,
2685 4864 2701 4894 ι
2748 4844 2810 4897 Si
2839 4846 3132 4911 diligerctis
3175 4861 3274 4908 me,
3320 4848 3521 4913 gaude~

2014 4914 2140 4984 retis
2173 4916 2372 4981 utique,
2394 4914 2519 4982 quia
2545 4931 2637 4984 ego
2674 4916 2807 4967 vado
2840 4918 2909 4968 ad
2934 4917 3172 4982 Putrem,
3204 4916 3329 4984 quia
3361 4917 3522 4969 l'ater

2021 4983 2196 5049 major
2226 5000 2302 5034 me
2340 4994 2416 5035 est
2450 4984 2491 5036 ⁵.
2527 5003 2545 5035 ι

1944 5049 2008 5107 ΙΙ.
2069 5052 2223 5116 Quod
2260 5054 2363 5105 Deo
2407 5071 2469 5106 nc
2510 5053 2663 5106 Patri
2696 5055 3177 5108 consubstantialis
3211 5055 3279 5107 sit
3317 5054 3518 5119 Filius,

2019 5139 2125 5174 nou
2164 5131 2337 5175 autem
2367 5123 2585 5177 alterius
2619 5135 2849 5184 natura’,
2884 5142 3044 5193 neque
3071 5125 3265 5176 ἀίων.ςὶ
3295 5129 3499 5192 generis

2019 5203 2074 5244 ut
2111 5194 2353 5245 nouuulli
2404 5208 2675 5261 perperam
2734 5197 2988 5255 sentiunt,
3029 5196 3297 5260 proposito
3356 5195 3519 5256 dicto,

2025 5281 2042 5312 ι
2081 5261 2191 5331 Ego
2214 5280 2339 5332 sum
2372 5265 2511 5329 vilis,
2544 5281 2627 5318 vos
2656 5266 2939 5332 palmites:
2971 5283 2987 5313 ι
3018 5274 3089 5330 σε,
3120 5282 3137 5313 ι
3165 5263 3323 5317 Pater
3374 5280 3518 5318 meus

2022 5331 2257 5401 agricola
2301 5342 2398 5388 est.
2436 5352 2453 5384 ι
