4076 6270
552 427 662 484 288
1547 411 1603 467 S.
1634 407 1906 467 CYHILLI
1945 402 2415 461 ALEXANDBINI
2453 395 2773 455 ARCHIEP.
3708 375 3816 434 28$

837 572 2552 604 ____________________________.._._

1113 758 1285 846 ΕΙΣ
1330 757 1479 843 ΤΟ
1556 748 1856 841 ΚΑΤΑ
1947 745 2450 839 ΙΩΑΝΝΗΝ
2551 733 3259 828 ΕΥΑΓΓΕΛΙΟΝ

1660 965 2100 1055 ΒΙΒΛΙΟΝ
2145 959 2702 1054 ΔΕΚΑΤΟΝ.

2154 1184 2201 1204 κ

901 1365 1023 1452 IN
1079 1359 1588 1454 JOANNIS
1658 1352 2442 1449 EVANGELIUM

1903 1352 2442 1448 NGELIUM
2510 1349 2873 1443 LIBER
2933 1342 3504 1439 DECIMUS.

630 1749 936 1822 825—26
967 1746 1110 1810 XIV,
1147 1747 1238 1800 2|.
1283 1745 1386 1811 Qui
1415 1744 1569 1799 habet
1628 1743 1886 1797 mandata
1915 1757 2032 1795 mea
2082 1748 2133 1795 et
2162 1743 2207 1798 Α

2317 1736 2370 1789 '0
2400 1735 2556 1805 ἔχων
2600 1735 2704 1798 τὰς
2753 1729 3007 1795 ἐντολάς
3055 1745 3183 1797 μου·
3222 1726 3317 1780 καί
3363 1724 3561 1792 τηρῶν
3612 1723 3816 1789 αὑτὰς,

563 1814 740 1900 ταλαί
753 1814 960 1905 ἔαῗίᾶε
975 1848 1050 1894 est
1076 1839 1165 1908 qui
1196 1838 1373 1906 diligit
1400 1854 1501 1903 me;
1528 1837 1621 1906 qui
1642 1848 1814 1889 autem
1838 1835 2015 1904 diligit
2035 1849 2135 1896 me,

2240 1827 2468 1892 ἐκεῖνός
2494 1828 2662 1879 ἐστιν
2690 1827 2722 1878 ὀ
2742 1820 2986 1892 ἀγαπῶν
3004 1837 3081 1890 με
3099 1836 3113 1850 ’
3138 1822 3170 1873 d
3194 1817 3261 1871 δὲ
3284 1814 3533 1887 ἀγαπῶν
3556 1831 3652 1883 με.
3676 1814 3815 1879 ἀγα·

564 1934 816 2004 diligetur
846 1950 878 1986 a
912 1932 1074 1985 Patre
1099 1947 1209 1983 meo
1239 1946 1258 1984 :
1284 1940 1331 1984 et
1362 1946 1455 2000 ego
1486 1928 1706 1999 diligam
1725 1944 1865 1991 eum,
1889 1938 1938 1981 et
1961 1926 2137 1979 mani-

2241 1916 2572 1986 πηθιξσεται
2600 1915 2717 1969 ὑπὸ
2749 1913 2854 1966 τοῦ
2886 1912 3115 1978 Πατρός
3133 1927 3253 1979 μου
3275 1927 3286 1939 ·
3337 1906 3499 1977 κάγὼ
3528 1904 3818 1974 ἀγαπήσω

564 2002 770 2097 [estobo
793 2028 842 2081 ei
876 2027 1149 2091 meipsum.

2239 2010 2445 2073 αὑτὸν,
2475 2008 2573 2064 καὶ
2593 2007 2902 2077 ἐμφανίσω
2928 2003 3089 2070 αὐτῷ
3120 2002 3398 2073 ἐμαυτόν.

636 2115 880 2187 Mysterii
932 2114 1323 2168 revelationem
1379 2119 1509 2165 tunc
1539 2110 1845 2180 praesertim
1904 2105 2139 2162 manife-

2306 2101 2694 2174 Φανερωτέριιν
2724 2099 2941 2155 ἔσεσθαι
2962 2097 3054 2153 τοῦ
3091 2096 3391 2167 μυστηρίου
3419 2095 3517 2164 τὴν
3540 2093 3816 2146 ἀποκάλυ-

563 2218 702 2266 stam
741 2209 856 2263 fore
891 2207 1104 2267 dicens,
1139 2221 1264 2260 cum
1312 2219 1413 2259 nos
1448 2203 1515 2256 ad
1561 2202 1684 2272 ejus
1719 2201 2135 2256 similitudinem

2241 2196 2330 2268 ψιν
2358 2197 2479 2248 τότε
2525 2195 2587 2263 δὴ
2636 2193 2874 2264 μάλιστα
2915 2191 3088 2259 λέγων
3115 2192 3172 2243 ὲν
3201 2191 3367 2260 ἡμῖν,
3418 2188 3546 2240 ὅταν
3595 2188 3817 2247 ἑαυτοὺς

562 2303 809 2357 viventes
838 2298 1293 2370 conspexerimus
1326 2315 1338 2351 :
1375 2315 1393 2347 ι
1430 2294 1568 2350 Vivo
1609 2295 1753 2350 enim
1782 2308 1907 2363 ego,
1940 2294 2137 2362 inquit,

2241 2288 2648 2359 ἁπαθρήσωμεν
2691 2284 2899 2348 ζῶντας
2946 2282 3068 2336 καθ’
3120 2281 3413 2351 ὁμοιότητα
3459 2280 3556 2348 τὴν
3610 2276 3775 2330 αὐτοῦ
3803 2291 3815 2306 '

563 2404 618 2448 et
641 2408 742 2448 vos
797 2392 994 2446 vivetis
1026 2392 1046 2422 ⁷
1084 2409 1097 2444 :
1134 2409 1151 2443 ι
1182 2389 1344 2459 cujus
1388 2389 1462 2442 rei
1517 2386 1651 2441 ﬁdes
1696 2385 1995 2455 unicuique
2051 2385 2142 2439 [iet

2248 2401 2266 2432 ι
2297 2380 2383 2433 Ζῶ
2411 2380 2516 2449 γὰρ
2546 2377 2720 2446 κάγὼ,
2751 2376 2903 2447 φησὶ,
2944 2374 3173 2445 ζήσεσθε
3206 2373 3262 2426 δὲ
3292 2374 3384 2425 καὶ
3409 2372 3587 2442 ὑμεῖς.
3621 2389 3639 2421 ι
3677 2370 3820 2438 Πλη-

562 2500 673 2539 non
708 2500 772 2537 ex
824 2483 892 2536 iis
939 2496 1060 2550 quae
1101 2481 1374 2545 audierit,
1422 2480 1515 2536 sed
1556 2495 1620 2535 ex
1670 2495 1852 2533 rerum
1890 2479 2138 2548 ipsarum

2246 2490 2476 2544 ροφορου
2486 2470 2651 2541 μένης
2679 2468 2867 2539 ὥσπερ
2887 2468 2986 2539 τῆς
3007 2468 3236 2520 ἑκάστου
3256 2464 3511 2527 διανοίας,
3536 2462 3637 2516 οὐκ
3666 2460 3727 2526 ἐξ
3749 2454 3820 2513 ὧν

567 2575 921 2645 possessione
948 2569 1338 2641 promissionis
1385 2570 1592 2623 exitum
1629 2547 1952 2639 reportanti.
1992 2567 2141 2624 Prae-

2284 2565 2567 2636 κροάσατο,
2595 2563 2687 2615 καὶ
2716 2561 3043 2614 πεπίστευκε
3069 2559 3246 2629 μόνον,
3272 2556 3386 2610 ἀλλ’
3416 2554 3476 2620 ἐξ
3508 2547 3584 2607 ὧν
3610 2553 3675 2607 ἂν
3706 2552 3819 2622 ἔχοι
3886 2594 3894 2601 .

566 2672 679 2722 stat
709 2667 854 2720 enim
889 2663 1326 2733 experimentum
1368 2661 1553 2716 verbis
1592 2661 1660 2714 ad
1696 2662 2139 2731 persuadendum

2245 2657 2474 2731 μᾶλλον,
2511 2654 2873 2726 κομισάμενος
2905 2653 3006 2724 ήδη
3034 2651 3133 2721 τῆς
3166 2649 3497 2719 ἐπαγγελίας
3529 2647 3591 2700 τὸ
3628 2647 3819 2716 πέρας.

569 2752 843 2827 ﬁdemque
871 2764 1023 2810 certo
1053 2752 1380 2808 faciendam.
1419 2750 1619 2807 Verum
1653 2768 1719 2806 ne
1756 2760 1865 2807 tam
1904 2764 2143 2821 augusto

2243 2750 2413 2819 Πείρα
2446 2747 2556 2817 γὰρ
2595 2746 2769 2814 λόγων
2802 2743 3193 2813 εὐσθενεστέρα
3238 2741 3374 2812 πρὸς
3415 2740 3478 2792 τὺ
3509 2736 3822 2793 ἀναπείθειν

569 2851 718 2905 dono
748 2860 980 2904 cunctos
1018 2847 1226 2918 passim
1265 2846 1370 2901 frui
1414 2861 1574 2916 posse
1611 2854 1886 2916 putemus,
1920 2847 2140 2903 tametsi

2241 2838 2509 2894 δύνασθαι.
2545 2836 2640 2891 καὶ
2685 2836 3065 2906 πληροφορεῖν.
3125 2834 3242 2885 Ἵνα
3299 2831 3373 2902 μὴ
3427 2833 3593 2882 πᾶσιν
3641 2825 3823 2888 ἁπλῶς

570 2943 728 3015 probi
757 2958 866 2996 non
896 2942 1008 2996 sint
1035 2956 1100 2995 ac
1129 2941 1318 2995 divino
1350 2947 1493 2994 metu
1522 2938 1806 3003 illustrati,
1842 2955 2139 3011 personam

2244 2930 2565 3003 προκεῖσθαι
2618 2927 2924 2999 νομίζωμεν
2966 2925 3027 2979 τὸ
3075 2924 3276 2989 ἐξεῖναι
3327 2922 3488 2993 τυχὸν
3531 2921 3635 2989 τῆς
3687 2917 3824 2973 οὕτω

572 3051 765 3090 conum
797 3051 825 3088 a
857 3035 1057 3105 quibus
1095 3032 1343 3102 diligitur
1370 3033 1552 3086 statim
1598 3008 1921 3099 subiiciens,
1964 3032 2140 3085 mani-
2173 3095 2182 3105 ‘

2245 3023 2447 3093 σεπτῆς
2464 3019 2769 3091 ἀπολαῦσαι
2790 3019 3019 3089 δωρεᾶς,
3035 3016 3131 3069 καὶ
3153 3017 3200 3068 εί
3226 3015 3297 3085 μή
3320 3030 3463 3077 τινες
3486 3008 3594 3065 εἶεν
3611 3011 3824 3080 ἀγαθοὶ,

569 3130 712 3184 feste
764 3128 1003 3184 ostendit
1056 3126 1235 3179 nullos
1288 3124 1429 3179 alios
1487 3130 1599 3177 tam
1655 3095 2179 3192 incomparabilem“

2216 3128 2217 3135 ‘
2248 3132 2344 3170 και
2368 3115 2445 3184 τῷ
2471 3113 2600 3184 θείῳ
2623 3111 3100 3182 λελαμπρυσμένοι
3127 3107 3277 3176 φόϐῳ
3298 3147 3312 3167 ,
3351 3105 3410 3159 τὸ
3431 3104 3541 3161 τῶν
3569 3103 3826 3173 ἀγαπών-

570 3217 803 3287 gratiam
860 3215 1143 3284 suscipere
1197 3227 1380 3282 posse.
1433 3212 1540 3267 nisi
1598 3212 1692 3281 qui
1746 3223 1895 3266 recte
1929 3212 2145 3266 vivendi

2248 3214 2354 3262 των
2375 3206 2537 3260 αὐτὸν
2566 3204 2855 3258 ποόσιυπον
2880 3198 3229 3271 παραζεύξας
3255 3196 3416 3259 εὐθὺς
3436 3196 3513 3266 τῷ
3546 3195 3723 3265 λόγῳ,
3749 3194 3827 3247 δέ·

569 3308 716 3361 viam
760 3306 1106 3361 iustiterint:
1152 3304 1208 3357 hi
1241 3304 1387 3358 enim
1413 3310 1545 3359 sunt
1584 3303 1674 3372 qui
1723 3302 1963 3372 diligunt
1994 3317 2142 3358 eum.

2246 3301 2422 3369 δειχεν
2444 3296 2687 3368 ἐναργῶς
2711 3296 2785 3358 ὡς
2805 3296 2905 3365 οὐχ
2929 3292 3133 3363 ἑτέροις
3154 3291 3293 3351 ἑλεῖν
3325 3289 3424 3360 τὴν
3454 3287 3628 3350 οὕτως
3658 3287 3827 3354 ἀσύγ-

570 3398 723 3454 Licet
750 3403 895 3454 enim
926 3398 1186 3453 Christus
1218 3398 1466 3452 omnium
1517 3410 1755 3465 corpora
1800 3397 2147 3453 excitaturus

2249 3407 2432 3462 κριτον
2453 3389 2667 3456 ἐξέσται
2690 3387 2870 3457 χάριν,
2901 3387 2948 3439 εἰ
2973 3385 3046 3455 μὴ
3066 3385 3176 3448 τοῖς
3211 3384 3409 3453 ἄριστα
3430 3379 3628 3449 διαζῇν
3647 3380 3830 3450 ἑλομέ-

574 3490 648 3546 sit
679 3489 994 3559 (resurgent
1023 3489 1171 3542 enim
1227 3487 1390 3559 827
1428 3486 1554 3540 boni
1599 3496 1762 3556 atque
1808 3487 1984 3555 mali),
2037 3503 2147 3542 non

2247 3497 2358 3545 νοις
2374 3496 2392 3513 ο
2407 3475 2550 3534 οὗτοι
2565 3479 2672 3549 γὰρ
2691 3477 2756 3531 ἂν
2780 3472 2889 3531 εἷεν
2908 3478 2955 3529 οἱ
2975 3475 3296 3545 ἀγαπῶντες
3316 3472 3498 3527 αὐτόν.
3523 3473 3585 3525 El
3613 3472 3721 3541 γὰρ
3740 3470 3829 3525 καὶ

571 3588 755 3636 tamen
788 3581 1052 3635 omnibus
1087 3579 1461 3633 indill‘ercnter
1496 3579 1562 3632 ad
1601 3579 1831 3649 gloriam
1881 3588 1975 3633 aut
2008 3579 2147 3635 deli-

2253 3574 2320 3629 τά
2366 3573 2583 3627 πάντων
2624 3570 2785 3641 τυχὸν
2828 3567 3071 3638 διεγείρῃ
3121 3564 3351 3635 σώματα
3389 3563 3626 3634 Χριστὸς
3669 3564 3829 3633 (ἀνα-

574 3673 694 3730 cias
778 3673 1110 3728 reviviscere
1160 3672 1399 3725 dabitur.
1464 3670 1816 3727 Manifestum
1870 3673 2016 3727 enim
2068 3680 2151 3727 est

2252 3665 2537 3736 στήσονται
2565 3661 2673 3731 γὰρ
2706 3659 2933 3729 πονηροὶ
2958 3656 3054 3710 καὶ
3077 3654 3318 3724 ἀγαθοὶ),
3363 3652 3483 3707 ἀλλ’
3502 3653 3601 3722 οὐχ
3633 3651 3831 3705 ἅπασιν

575 3764 725 3836 quod
775 3764 829 3818 hi
876 3765 1097 3829 quidem
1143 3763 1367 3819 excitati
1406 3770 1613 3819 tantum
1657 3764 1725 3818 ad
1771 3764 2146 3833 supplicium,

2252 3753 2576 3824 ἀδιακρίτως
2610 3749 2744 3820 πρὸς
2787 3747 2945 3813 δόξαν
2970 3746 3003 3816 ἦ
3026 3743 3234 3816 τρυφὴν
3264 3743 3323 3795 τὸ
3352 3740 3655 3796 ἀναϐιῶναι
3684 3740 3832 3809 δοθή-

579 3860 731 3913 οιιιιιὶ
775 3866 951 3912 morte
981 3858 1147 3912 vitam
1180 3856 1545 3913 crudeliorem
1582 3831 2024 3922 habituri—sunt,
2070 3854 2150 3911 illi

2255 3863 2429 3900 σεται.
2460 3842 2730 3914 Πρόδηλον
2780 3839 2891 3911 γὰρ
2932 3839 3015 3891 ὅτι
3059 3840 3107 3889 ol.
3142 3836 3238 3907 μὲν
3278 3834 3370 3888 επὶ
3404 3834 3464 3886 τὸ
3505 3831 3829 3896 κολάζεσθαι

578 3965 711 4006 vero
742 3950 797 4003 in
843 3949 1104 4006 felicitate
1145 3951 1368 4021 longum
1401 3949 1664 4020 degentes
1700 3964 1898 4012 aevum,
1939 3947 2154 4016 Optabi-

2258 3937 2415 4009 μόνον
2476 3933 2728 3994 λαϐόντες
2782 3930 2880 4001 τὴν
2931 3929 3224 3982 ἀνάστασιν
3250 3967 3265 3991 ,
3337 3924 3569 3978 θανάτου
3635 3922 3832 3985 παντὸς

579 4044 685 4097 lem
723 4044 777 4096 in
818 4042 1045 4098 Christo
1089 4051 1143 4097 et
1190 4053 1435 4098 sanctam
1470 4043 1636 4095 vitam
1690 4054 1881 4095 revera
1941 4040 2149 4093 vivent.

2254 4027 2631 4099 ἀπηνεστέραν
2672 4023 2853 4087 ἕξουσι
2889 4020 2988 4093 τὴν
3042 4019 3186 4090 ζωὴν
3214 4060 3229 4082 ,
3281 4019 3329 4071 οἱ
3385 4017 3440 4069 δὲ
3490 4016 3738 4086 μακροὺς
3776 4016 3833 4066 ἐν

585 4134 742 4200 Quod
794 4135 938 4189 enim
978 4134 1035 4188 bi
1091 4135 1185 4204 qui
1238 4142 1483 4203 tempore
1529 4130 1724 4201 judicii
1785 4130 2072 4199 suppliciis
2124 4147 2154 4185 a

2260 4119 2620 4191 μακαριότητι
2678 4114 2956 4185 τρίϐοντες
3013 4112 3237 4184 χρόνους
3270 4148 3285 4173 ,
3355 4110 3613 4178 ζήσουσιν
3669 4106 3832 4167 ὅντως

581 4226 800 4282 Christo
831 4233 959 4282 sunt
990 4193 1304 4289 addi-cendi,
1337 4193 1588 4279 exsortes
1615 4222 1790 4275 beata:
1985 4220 2154 4277 futuri

2256 4210 2352 4281 τὴν
2383 4211 2441 4262 ὲν
2479 4202 2699 4275 Χριστῷ
2727 4200 3054 4254 πολύευκτόν
3088 4216 3146 4252 τε
3183 4198 3278 4251 καὶ
3307 4197 3470 4265 ἁγίαν
3496 4194 3664 4267 ζωήν.
3715 4193 3832 4246 Ὅτι

583 4321 715 4381 sint,
753 4319 1006 4387 quamvis
1051 4330 1398 4372 communem
1427 4313 1636 4368 sanctis
1677 4312 2150 4367 resurrectionem

2257 4301 2367 4371 γὰρ
2399 4299 2448 4352 οἱ
2480 4297 2575 4367 τὴν
2602 4296 2693 4348 ἐπὶ
2725 4293 2800 4362 τῷ
2822 4290 3141 4354 κολάζεσθαι
3174 4289 3353 4357 ψῆφον
3388 4283 3826 4355 ἀποκομίζεσθαι

584 4414 909 4475 scrtiantur,
943 4410 1185 4466 Ostendit
1206 4408 1427 4462 dicens:
1467 4425 1486 4458 ι
1516 4404 1620 4470 Qui
1642 4404 1818 4459 credit
1848 4404 1901 4458 in
1932 4403 2152 4465 Filium.
2183 4396 2194 4443 ⁴

2225 4431 2226 4440 η
2263 4393 2550 4465 μέλλοντες
2592 4389 2742 4458 ποιρά
2771 4384 3008 4455 Χριστοῦ
3034 4423 3048 4446 ,
3080 4381 3223 4435 κατὰ
3251 4380 3340 4434 τὸν
3371 4379 3563 4450 καιρὸν
3587 4378 3686 4448 τῆς
3721 4375 3835 4445 κρί-

582 4506 748 4560 habet
782 4505 947 4558 vitam
985 4514 1242 4557 aaternam
1277 4520 1288 4555 :
1343 4500 1436 4569 qui
1478 4506 1660 4552 autem
1716 4497 2039 4553 incredulus
2070 4506 2156 4552 est

2259 4502 2416 4547 σεως,
2442 4482 2698 4550 ἄγευστοι
2735 4476 2955 4548 μενοῦσι
2984 4474 3083 4544 τῆς
3125 4472 3400 4543 μακαρίας
3430 4471 3576 4539 ζωῆς
3596 4511 3611 4533 ,
3663 4468 3832 4522 καίτοι

582 4596 745 4661 Filio,
782 4612 891 4651 non
924 4596 1132 4649 videbit
1166 4593 1352 4656 vitam,
1387 4590 1482 4644 sed
1524 4589 1607 4642 ira
1636 4586 1729 4643 Dei
1775 4599 1958 4644 manet
1992 4604 2158 4659 super

2258 4578 2436 4631 κοινὸν
2465 4575 2576 4635 τοῖς
2615 4570 2792 4639 ἁγίοις
2832 4567 2894 4620 τὺ
2932 4563 3228 4620 ἀναϐιῶναι
3262 4562 3551 4631 λαχόντες,
3593 4558 3837 4629 παραδη-

581 4704 706 4745 eum
737 4689 777 4740 '.
817 4707 836 4740 ι
877 4685 1268 4741 Animadverte
1314 4682 1461 4737 enim
1496 4695 1605 4751 quo
1639 4687 1821 4751 pacto,
1871 4679 1996 4734 licet
2041 4694 2160 4734 om-

2259 4669 2340 4722 λοί
2364 4666 2537 4735 λέγων
2561 4682 2605 4715 ἰ
2636 4662 2695 4716 '0
2718 4657 2989 4714 πιστεύων
3016 4658 3095 4719 εἰς
3117 4656 3205 4709 τὸν
3231 4654 3381 4715 Υἱδν,
3403 4653 3515 4723 ἔχει
3543 4650 3687 4721 ζωὴν
3708 4646 3836 4702 αἰώ-

582 4796 684 4836 nes
739 4779 867 4832 boni
907 4792 971 4830 ac
1023 4776 1152 4829 mali
1201 4740 1530 4829 suscitandi-
1563 4740 1696 4835 εἰη-ι,
1753 4770 2158 4826 incredulitatis

2258 4776 2372 4815 νιον
2397 4775 2410 4789 ·
2451 4760 2479 4811 ὁ
2509 4756 2565 4809 δὲ
2599 4751 2838 4809 ἀπειθῶν
2862 4749 2940 4820 τῷ
2972 4745 3120 4818 Υίῷ,
3164 4747 3266 4799 οὐκ
3298 4746 3490 4815 ὄψεται
3531 4743 3632 4814 τὴν
3663 4740 3829 4812 ζωὴν,

583 4878 766 4924 tamen
802 4882 930 4922 reos
966 4880 1034 4918 ne
1066 4865 1285 4917 visuros
1315 4861 1535 4931 quidem
1577 4862 1742 4916 vitam
1782 4861 1953 4925 dicat,
1990 4861 2157 4914 vitam

2258 4852 2374 4908 ἀλλ’
2406 4853 2439 4922 ἡ
2487 4848 2626 4922 ὀργὴ
2670 4847 2765 4899 τοῦ
2800 4844 2934 4898 Θεοῦ
2967 4843 3118 4914 μενεῖ
3140 4841 3224 4893 ἐπ’
3252 4838 3433 4893 αὐτόν.
3465 4854 3485 4886 ι
3532 4833 3697 4896 Σύνες
3729 4832 3837 4901 γὰρ

585 4978 711 5017 esse
739 4958 1019 5028 inquiens,
1058 4972 1164 5010 non
1220 4957 1411 5026 utique
1455 4969 1747 5024 resurgere
1782 4961 2016 5015 tantum,
2066 4952 2162 5008 sed

2259 4946 2428 5008 ὅπως,
2463 4941 2640 4996 καίτοι
2673 4940 2889 4993 πάντων
2915 4933 3166 5006 πονηρῶν
3216 4946 3277 4983 τε
3320 4929 3413 4983 καὶ
3447 4924 3674 4995 ἀγαθῶν
3706 4925 3839 4977 ἀνα-

588 5054 762 5115 illam,
798 5051 1013 5117 opinor,
1038 5063 1162 5117 qua;
1193 5047 1247 5101 in
1284 5014 1472 5115 requie
1510 5055 1564 5101 et
1600 5014 1794 5116 gloria,
1842 5044 2164 5114 deliciisque

2263 5035 2555 5109 στήσεσθαι
2605 5023 3269 5105 προσδοκωμένων,δτοὺς
3316 5019 3533 5090 ἐνόχους
3582 5020 3692 5079 τοῖς
3738 5014 3840 5081 τῆς

589 5141 959 5212 spiritalibus,
999 5155 1107 5192 non
1149 5146 1333 5192 autem
1381 5139 1504 5193 aliis
1538 5147 1813 5194 versatur.
1835 5135 2163 5192 Deliciarum

2262 5106 2547 5190 ἀπειθείας
2575 5125 2915 5195 ἐγκλήμασιν
2936 5160 2951 5185 ,
3002 5118 3125 5171 οὐδὲ
3169 5117 3293 5169 ὅσον
3327 5109 3647 5179 ἀπαθρῆσαι
3684 5106 3837 5176 μόνον

585 5244 772 5291 autem
793 5232 1061 5300 Spiritalis
1081 5231 1274 5284 modus
1301 5238 1404 5293 est,
1430 5229 1677 5300 perfecta
1699 5228 1791 5283 Dei
1816 5227 2076 5299 cognitio,
2113 5236 2167 5281 et

2266 5222 2399 5294 φησὶ
2425 5218 2522 5291 τὴν
2565 5217 2710 5287 ζωὴν
2731 5258 2743 5282 ,
2774 5215 2919 5279 ζωὴν
2955 5207 3095 5264 εἶναι
3129 5208 3335 5300 λέγων,
3382 5203 3505 5273 οὐχὶ
3543 5201 3761 5262 πάντως
3782 5197 3841 5251 τὸ

585 5342 635 5379 ιιι
649 5323 978 5395 ystcriorum
998 5323 1443 5378 Christianorum
1472 5321 1717 5391 perfecta
1742 5320 2026 5381 revelatio.
2053 5334 2164 5375 non

2265 5288 2564 5381 ἀναστῆναι
2589 5307 2778 5378 μόνον,
2827 5302 2942 5356 ἀλλ’
2973 5298 3218 5367 ἐκείνην,
3249 5290 3430 5365 οἶμαι,
3463 5293 3558 5346 καὶ
3594 5290 3739 5361 μάλα
3770 5288 3840 5338 εί-

586 5418 639 5469 in
689 5416 916 5483 speculo
964 5418 1159 5472 ru‘rsus
1207 5424 1259 5469 et
1304 5414 1358 5468 in
1400 5414 1688 5484 aenigmate
1717 5414 1773 5476 ⁸,
1809 5412 1971 5465 sicuti
2021 5423 2169 5464 nunc

2267 5406 2475 5468 κότως,
2524 5401 2622 5472 τήν
2668 5401 2724 5451 ὲν
2771 5393 3076 5450 ἀναπαύσει
3132 5390 3227 5444 καὶ
3270 5386 3396 5456 δόξῃ
3444 5385 3538 5436 καί
3585 5382 3835 5451 τρυφαῖς,

587 5508 864 5562 obscuros
925 5522 1107 5562 rerum
1163 5508 1523 5577 qumsitarum
1575 5506 1931 5559 characteres
1971 5502 2165 5563 edens,

2268 5495 2669 5567 πνευματικαῖς
2696 5491 2752 5545 δὲ
2788 5486 3050 5559 δηλονότι,
3087 5483 3181 5537 καὶ
3207 5481 3306 5551 οὐχ
3331 5477 3588 5577 ἑτέραις..
3620 5471 3839 5577 Τρυφῆς

588 5596 685 5651 sed
725 5604 835 5652 tota
870 5613 1006 5668 pure
1032 5600 1086 5653 in
1116 5599 1277 5656 nobis
1308 5598 1534 5655 elucens
1564 5606 1619 5652 et
1649 5596 1922 5661 emicans,
1966 5604 2017 5648 et
2046 5609 2168 5663 per-

2268 5592 2325 5644 δὲ
2352 5565 2553 5661 τρόπος
2587 5580 2957 5653 πνευματικὸς
2979 5619 2993 5644 ,
3023 5578 3056 5647 ἡ
3085 5573 3266 5628 τελεία
3297 5572 3425 5641 περὶ
3453 5567 3592 5622 Θεοῦ
3622 5565 3840 5636 γνῶσις,

591 5691 958 5749 rectissimam
1024 5694 1276 5750 notitiam
1327 5693 1599 5751 inserens.
1639 5710 1657 5745 ι
1700 5689 1858 5757 Quod
1905 5688 2054 5745 enim
2097 5701 2164 5742 ex

2270 5680 2366 5735 καὶ
2388 5653 2510 5733 ’τῶν
2538 5675 2631 5730 ἐπὶ
2660 5668 2880 5745 Χριστῷ
2907 5665 3219 5740 μυστηρίων
3243 5664 3277 5734 ἠ
3302 5658 3532 5732 ἀκριϐὴς
3565 5653 3844 5712 ἁποκάλυ·

670 5881 693 5914 '
724 5876 1016 5942 Joan.xtv,
1050 5872 1132 5929 l9.
1209 5873 1229 5908 ⁸
1267 5868 1423 5927 Joan.
1462 5883 1548 5939 ιιι,
1578 5868 1665 5924 56.
1742 5865 1761 5897 ⁸
1800 5863 1819 5919 1
1856 5862 1984 5921 Cor.
2018 5874 2140 5928 xui,
2176 5857 2261 5915 12.
