4076 6270
554 401 664 459 287

1543 398 1601 453 S.
1628 394 1913 453 CYlllLLI
1945 388 2411 448 ALEXANDRINI
2452 393 2774 449 ARClllEP‘.

3697 389 3806 447 288

554 520 660 575 bus
687 519 943 574 elucent:
973 519 1026 573 in
1060 519 1128 574 iis
1157 532 1288 573 vero
1317 518 1409 588 qui
1446 518 1687 571 nondum
1714 518 1780 571 ad
1812 531 1931 571 eam
1969 528 2120 567 men-

2228 529 2308 565 σιν
2336 528 2350 542 ’
2411 516 2468 568 ἐν
2488 515 2547 567 δὲ
2570 515 2686 578 τοῖς
2709 511 2863 566 οὔπω
2895 511 3031 583 πρὸς
3060 508 3222 563 τοῦτο
3253 508 3470 578 φρενῶν
3493 507 3806 581 καθαρότη-

556 611 625 663 tis
661 610 950 679 puritatem
1007 610 1375 678 pervenerint,
1412 618 1471 662 ut
1523 609 1891 678 cognitionem
1932 622 2122 662 eorum

550 716 676 770 qua:
711 700 1013 753 orationem
1054 708 1317 768 superant
1359 698 1504 752 dono
1538 697 1781 768 Spiritus
1806 698 1953 751 clare
2002 712 2125 765 pcr-

548 793 737 859 cipere
772 801 998 859 queant,
1040 791 1272 860 simplex
1303 792 1545 861 cognitio
1575 800 1873 860 spectatur,
1917 806 2037 859 qua:
2071 792 2123 843 in

548 897 613 934 eo
656 889 864 936 tantum
892 882 1032 938 forte
1069 893 1324 939 versatur
1365 885 1509 954 quod
1546 883 1730 939 sciunt
1775 883 1945 937 Deum
2004 898 2125 938 esse

549 971 852 1041 Christum,
875 982 929 1029 et
958 973 1157 1028 Filium
1185 991 1373 1030 revera
1394 975 1692 1030 secundum
1722 985 1974 1029 naturam
2005 973 2120 1028 Dei.

553 1061 688 1116 Cum
725 1064 894 1134 igitur
927 1074 1138 1121 tantum
1163 1068 1502 1121 discriminis
1538 1067 1860 1133 intercedat,
1902 1075 1957 1122 et
2000 1069 2123 1120 vul-

540 1154 769 1231 garium
804 1156 1088 1212 hominum
1125 1158 1367 1226 cognitio
1406 1158 1635 1211 multum
1690 1158 1759 1212 ab
1788 1172 1849 1211 ea
1898 1172 2019 1226 qua:
2069 1156 2123 1210 in

555 1247 767 1301 sanctis
800 1249 1045 1301 cernitur
1071 1250 1362 1312 dissideat,
1388 1249 1542 1302 nullo
1573 1259 1752 1303 tamen
1805 1248 2125 1303 discrimine

554 1334 862 1405 discipulus
893 1338 1106 1392 accedit
1130 1353 1327 1408 rogans
1346 1338 1703 1408 quamobrem
1731 1354 1837 1392 non
1868 1340 2125 1394 omnibus

554 1427 890 1496 hominibus,
935 1429 1026 1482 sed
1061 1428 1197 1484 solis
1244 1437 1454 1481 tantum
1491 1429 1703 1482 sanctis
1752 1429 2122 1482 revelaturum

554 1532 615 1572 se
643 1518 990 1588 polliceatur.
1020 1518 1153 1572 Illud
1183 1533 1336 1582 vero,
1365 1535 1385 1569 ι
1418 1518 1546 1587 quid
1579 1517 1782 1572 factum
1810 1530 1913 1580 est,
1954 1537 1971 1570 ι
2000 1533 2124 1572 cum

553 1609 666 1672 ait,
719 1609 888 1679 829
944 1609 1051 1664 tale
1102 1609 1363 1678 quiddam
1413 1610 1646 1664 innuere
1692 1610 1833 1664 velle
1864 1609 2120 1663 videtur:

554 1693 768 1771 Scopus
804 1702 879 1754 tui
926 1700 992 1754 ad
1041 1715 1142 1755 nos
1178 1701 1446 1756 adventus
1492 1700 1602 1767 tibi
1645 1710 1750 1765 est,
1782 1715 1815 1754 ο
1860 1699 2121 1765 Domine,

553 1804 662 1844 non
727 1795 787 1842 ut
840 1788 1120 1857 aliquibus
1173 1789 1405 1842 seorsim
1458 1798 1620 1843 notus
1673 1788 1809 1852 fias,
1848 1788 2123 1858 aliquibus

553 1899 663 1938 non
700 1883 864 1938 item:
900 1883 1212 1939 audivimus
1250 1883 1453 1953 quippe
1483 1884 1536 1937 in
1568 1884 1891 1952 prophetis:
1925 1902 1943 1934 ι
1981 1883 2120 1949 Quia

553 1975 757 2030 videbit
805 1975 985 2030 omnis
1025 1990 1156 2030 caro
1193 1977 1435 2031 salutare
1460 1975 1555 2030 Dei
1581 1977 1665 2043 '7;
1721 1993 1739 2027 ι
1784 1976 1880 2031 sed
1916 1983 1969 2030 et
2003 1975 2120 2046 ipse

551 2068 825 2122 clamabas
868 2067 1097 2122 dicens:
1142 2087 1159 2119 ι
1215 2066 1405 2123 Gaude
1432 2077 1486 2122 et
1546 2068 1750 2132 laetare,
1800 2067 1908 2121 lilia
1962 2066 2118 2133 Sion,

551 2160 681 2230 quia
708 2175 839 2215 ecce
872 2175 973 2229 ego
996 2159 1176 2223 venio,
1205 2168 1259 2214 et
1285 2160 1549 2216 habitabo
1569 2161 1623 2214 in
1651 2161 1833 2216 medio
1860 2162 1958 2221 tui,
1985 2160 2121 2215 dicit

553 2250 835 2316 Dominus,
869 2258 922 2304 et
953 2251 1271 2322 confugient
1303 2260 1495 2323 gentes
1517 2253 1701 2307 multae
1726 2253 1794 2307 ad
1826 2252 2120 2307 Dominum

549 2342 603 2397 in
634 2341 725 2397 die
751 2342 864 2405 illa,
889 2353 942 2397 et
964 2354 1125 2398 erunt
1145 2344 1193 2398 ei
1231 2346 1284 2398 in
1311 2345 1567 2414 populum
1597 2346 1659 2399 η.
1708 2364 1727 2397 ι
1764 2345 1869 2417 Ipsi
1904 2363 2123 2417 quoque

549 2432 867 2501 congregati
927 2433 1153 2488 auribus
1208 2435 1417 2488 nostris
1472 2435 1820 2499 audivimus,
1877 2450 2000 2491 eum
2053 2435 2121 2490 ad

552 2536 655 2575 nos
684 2520 934 2576 diceres:
977 2541 996 2573 ‹
1033 2522 1267 2587 Quando
1320 2525 1590 2579 exaltatus
1627 2525 1787 2579 fuero
1841 2525 1909 2581 de
1955 2536 2120 2593 terra,

551 2612 738 2701 omnia
768 2612 982 2665 traham
1008 2612 1075 2666 ad
1110 2612 1379 2683 meipsum
1402 2615 1466 2666 ¹⁹.
1501 2633 1519 2666 ι
1554 2614 1697 2680 Quin
1731 2625 1785 2670 et
1809 2616 1876 2671 ad
1904 2616 2124 2673 Iudaeos

551 2707 738 2762 dixisti
779 2727 790 2761 :
828 2726 846 2758 ι
867 2705 1005 2773 Quia
1031 2716 1083 2763 et
1112 2709 1248 2765 alias
1273 2725 1401 2764 oves
1422 2710 1599 2764 habeo
1621 2726 1740 2780 qua:
1766 2727 1874 2766 non
1902 2721 2030 2768 sunt
2058 2729 2120 2768 ex

550 2798 659 2853 hoc
689 2798 861 2853 ovili:
902 2805 956 2853 et
1010 2799 1134 2854 illas
1189 2807 1406 2870 oportet
1467 2817 1554 2857 me
1593 2803 1888 2871 adducere,
1921 2814 1976 2860 et
2035 2805 2125 2861 flet

552 2904 725 2942 unum
769 2889 935 2953 ovile,
984 2897 1039 2945 et
1083 2907 1227 2947 unus
1274 2894 1546 2962 pastor".
1599 2912 1618 2945 ι
1662 2894 1799 2949 Cum
1855 2895 2020 2965 igitur
2067 2899 2124 2953 in

552 2994 746 3035 omnes
778 2982 956 3051 gratia
986 2996 1081 3051 per
1114 2994 1165 3037 te
1194 2991 1482 3037 manatura
1517 2992 1796 3055 speretur,
1826 3000 2126 3058 omnesque

554 3073 620 3126 ad
652 3071 749 3127 Dei
787 3074 1158 3145 cognitionem
1192 3085 1584 3148 congregatum
1610 3078 1678 3132 iri
1710 3085 1767 3133 tu
1797 3079 1957 3135 nobis
1980 3081 2127 3135 clare

2225 621 2316 667 τος
2345 605 2687 675 ἀφιγμένοις,
2714 605 2789 667 ὼς
2810 605 2953 657 ἑλεῖν
2967 601 3227 656 δύνασθαι
3248 600 3516 671 λαμπρῶς
3528 599 3640 653 τῶν
3665 601 3806 673 ὑπὲρ

2224 696 2379 764 λόγον
2405 697 2503 767 τὴν
2531 696 2736 767 εἴδησιν
2768 696 2856 750 διὰ
2885 696 2986 766 τῆς
3019 694 3112 747 τοῦ
3136 692 3454 763 Πνεύματος
3488 692 3722 763 δωρεᾶς,
3749 696 3807 747 ἐν

2224 789 2414 852 ἁπλοῖς
2446 790 2479 859 ή
2531 787 2731 855 γνῶσις
2759 788 2952 859 ὁρᾶται
2975 786 3258 855 λογισμοῖς
3278 823 3293 847 ,
3345 785 3440 837 καὶ
3472 783 3627 836 κατά
3646 786 3807 853 μόνον

2224 879 2342 931 ἐστὶ
2369 879 2432 931 τὺ
2474 879 2674 932 είδέναι
2701 880 2861 949 τυχὸν
2896 880 2978 931 ὅτι
3003 877 3137 939 Θεός
3169 877 3318 928 ἐστιν
3345 878 3373 928 6
3415 874 3672 946 Χριστὸς,
3712 877 3810 929 καὶ

2224 968 2354 1031 Υἱὸς
2375 968 2591 1038 ἀληθῶς
2620 968 2715 1022 τοῦ
2750 967 2892 1022 κατά
2913 966 3075 1037 φύσιν
3096 965 3257 1018 Θεοῦ.
3279 965 3562 1035 Τοσαύτης
3589 981 3810 1034 τοιγαρ-

2224 1058 2318 1111 οῦν
2343 1059 2547 1129 μεταξὺ
2578 1057 2864 1129 χωρούσης
2907 1058 3007 1128 τῆς
3034 1056 3298 1126 διαφορᾶς
3318 1097 3332 1117 ,
3376 1057 3472 1109 καὶ⁴
3495 1055 3638 1108 κατά
3673 1054 3807 1109 πολὺ

2224 1153 2567 1226 διειργούσης
2599 1154 2706 1207 τῶν
2746 1152 3015 1221 ἁγελαίων
3057 1152 3156 1222 τὴν
3198 1150 3403 1221 γνῶσιν
3440 1149 3541 1219 τῆς
3583 1150 3643 1201 ὲν
3692 1150 3807 1208 τοῖς

2226 1244 2401 1313 ἁγίοις
2432 1243 2842 1315 θεωρουμένης,
2885 1242 3259 1313 ἁδιαφορήσας
3299 1243 3328 1294 6
3364 1239 3617 1310 μαθητὴς
3645 1240 3808 1308 πρόσ-

2225 1352 2363 1388 εισιν
2385 1334 2603 1407 ἐρωτῶν
2624 1335 2739 1389 ἀνθ’
2766 1335 2888 1387 ὅτου
2911 1334 2986 1406 μὴ
3010 1336 3178 1388 πᾶσιν
3205 1336 3318 1396 τοῖς
3340 1333 3481 1387 κατὰ
3508 1334 3609 1403 τὴν
3632 1333 3808 1386 οίκουο

2229 1427 2397 1497 μένην
2450 1425 2824 1495 ἀποκαλύψειν
2860 1425 3087 1490 ἐαυτὸν,
3148 1425 3333 1494 μόνοις
3366 1424 3423 1478 δὲ
3469 1426 3583 1487 τοῖς
3630 1423 3806 1491 ἁγίοις

2225 1516 2640 1586 ἐπαγγέλλεται.
2698 1518 2773 1570 Τὸ
2801 1518 2859 1570 δέ
2896 1537 2914 1569 ‹
2944 1517 2997 1570 τί
3026 1517 3250 1586 γέγονεν
3280 1535 3305 1568 ι
3335 1515 3613 1579 ἀναϐοῶν,
3664 1515 3807 1568 ἑοικὲ

2223 1628 2277 1663 τι
2307 1609 2548 1662 τοιοῦτον
2579 1608 2987 1663 ὑπαινίττεσθαι
3028 1608 3225 1663 θέλειν.
3281 1608 3490 1670 Σκοπός
3524 1624 3630 1671 σοι,
3650 1608 3800 1677 φησὶ,

2224 1706 2322 1774 τῆς
2349 1704 2429 1766 εἰς
2464 1703 2610 1771 ἡμᾶς
2647 1700 2916 1769 ἀφίξεως,
2950 1694 2995 1754 ὦ
3032 1700 3314 1763 Δέσποτα,
3344 1698 3405 1752 τὸ
3452 1699 3526 1769 μὴ
3562 1700 3676 1752 τισὶ
3710 1699 3800 1768 μὲν

2226 1794 2330 1848 ἀνὰ
2360 1793 2524 1865 μέρος
2543 1792 2927 1861 γινώσκεσθαι,
2952 1791 3063 1845 τισὶ
3082 1791 3136 1844 δὲ
3156 1791 3341 1844 οὐκέτι
3365 1807 3376 1820 ·
3403 1791 3681 1860 ἠκούομεν
3701 1791 3805 1857 γὰρ

2225 1889 2282 1940 ὲν
2309 1886 2646 1958 προφήταις·
2682 1904 2702 1937 ‹
2732 1885 2855 1937 Ὀτι
2885 1884 3078 1953 ὄψεται
3105 1884 3256 1936 πᾶσα
3285 1881 3422 1953 σὰρξ
3441 1882 3504 1935 τὸ
3538 1884 3805 1952 σωτήριον

2220 1978 2314 2032 τοῦ
2351 1978 2506 2032 Θεοῦ.
2544 1998 2563 2029 ι
2594 1978 2754 2032 Ἀλλὰ
2781 1977 2876 2031 καὶ
2901 1976 3065 2041 αὐτὸς
3088 1969 3317 2044 ἐφώνέις
3349 1974 3516 2046 βοῶν·
3548 1994 3567 2027 ‹
3594 1974 3807 2046 Τέρπου

2223 2073 2316 2125 καὶ
2342 2071 2665 2142 εὐφραίνου,
2696 2069 2934 2141 θύγατερ
2957 2069 3118 2134 Σιὼν,
3150 2069 3234 2121 ὅτι
3264 2067 3372 2121 ίδοὺ
3402 2065 3515 2135 ἐγὼ
3540 2066 3802 2137 ἔρχομαι,

2223 2165 2317 2218 καὶ
2359 2162 2775 2234 κατασκηνώσω
2800 2164 2859 2217 ἐν
2896 2162 3051 2233 μέσῳ
3081 2179 3207 2225 σου,
3260 2160 3410 2230 λέγει
3449 2161 3690 2228 Κύριος,
3712 2162 3807 2213 καὶ

2222 2255 2653 2324 καταφεύξονται
2693 2254 2821 2325 ἔθνη
2862 2254 3037 2307 πολλά
3078 2253 3215 2325 πρὸς
3257 2253 3349 2307 τὸν
3379 2253 3585 2323 Κύριον
3630 2256 3689 2306 ἐν
3739 2256 3806 2324 τῇ

2223 2350 2406 2421 ἡμέρᾳ
2437 2348 2639 2421 ἐκείνῃ,
2669 2347 2762 2401 καὶ
2786 2346 2997 2399 ἔσονται
3036 2344 3185 2414 αὐτῷ
3218 2346 3298 2406 εἱς
3317 2343 3466 2399 λαόν.
3494 2363 3513 2396 ι
3549 2343 3808 2405 Συνόντες

2222 2442 2278 2495 δὲ
2312 2443 2406 2496 καὶ
2437 2440 2898 2513 συνδιατρίϐοντες
2944 2440 3203 2509 αὐτήκοοι
3226 2438 3327 2508 τῆς
3373 2439 3473 2506 σῆς
3505 2435 3809 2506 γεγενημέ-

2223 2550 2303 2588 νοι
2330 2533 2516 2602 φωνῆς
2537 2575 2552 2597 ,
2597 2533 2724 2586 ὅταν
2779 2530 2916 2602 πρὸς
2949 2531 3096 2600 ἡμᾶς
3133 2528 3272 2598 ἔφης
3294 2544 3306 2557 ·
3354 2547 3373 2580 ι
3398 2528 3568 2581 Ὅταν
3607 2526 3819 2596 ὑψωθῶ,

2225 2624 2289 2676 ἐκ
2311 2621 2410 2691 τῆς
2449 2623 2552 2692 γῆς
2574 2662 2589 2685 ,
2642 2621 2848 2685 πάντας
2881 2620 3094 2674 ἑλκύσω
3128 2620 3264 2691 πρὸς
3293 2619 3551 2691 ἐμαυτόν.
3584 2637 3603 2670 ι
3648 2617 3808 2672 Ἀλλὰ
3913 2646 3929 2653 -

2225 2714 2320 2768 καὶ
2352 2714 2485 2784 πρὸς
2516 2712 2714 2774 αὐτοὺς
2737 2712 2957 2783 εἴρηκεν
2991 2712 3309 2775 Ἰουδαίους’
3346 2730 3365 2762 ‹
3398 2712 3522 2764 Ὅτι
3556 2709 3653 2764 καῖ⁵
3674 2710 3807 2764 ἄλλα

2227 2805 2472 2879 πρόϐατα
2492 2803 2659 2874 ἔχω,ἆ
2677 2805 2776 2858 οὐκ
2798 2804 2943 2858 ἐστιν
2959 2805 3023 2857 ἐκ
3039 2803 3139 2873 τῆς
3155 2803 3325 2874 αὐλῆς
3342 2801 3813 2873 ταύτης.κάκείνὰ.

2229 2910 2297 2964 με
2324 2892 2404 2945 δεῖ
2423 2893 2681 2961 ἀγαγεῖν,
2713 2894 2807 2946 καὶ
2832 2894 3151 2965 γενήσονται
3183 2893 3279 2963 μία
3302 2892 3509 2964 ποίμνη
3527 2933 3543 2957 ,
3576 2887 3657 2957 εἷς
3688 2910 3806 2947 ποι-

2230 2987 2355 3057 μήν.
2396 3005 2415 3039 ι
2453 2986 2662 3041 Οὐκοῦν
2705 2988 2797 3041 ἐπὶ
2831 2987 3038 3051 πάντας
3089 2986 3311 3041 ἔσεσθαι
3348 2987 3819 3058 προσδοκωμένης.

2227 3080 2323 3150 τῆς
2346 3079 2435 3133 διὰ
2471 3078 2564 3132 σοῦ
2611 3080 2862 3150 χάριτος,
2910 3080 3003 3133 καὶ
3052 3080 3258 3143 πάντας
3306 3078 3821 3150 σαγηνευθήσεσθαιν

553 3165 914 3234 promiseris,
967 3176 1023 3222 et
1081 3178 1400 3224 sanctorum
1447 3171 1837 3241 prophetarum
1890 3173 1943 3229 id
1992 3190 2125 3230 vooc

2230 3170 2365 3242 πρὸς
2384 3170 2732 3239 θεογνωσίαν,
2757 3171 2850 3224 σοῦ
2875 3189 2933 3225 τε
2957 3173 3088 3243 ἡμῖν
3109 3171 3582 3242 ἐπαγγειλαμένου
3601 3171 3807 3240 σαφῶς,

552 3256 934 3321 conﬁrmetur.
967 3259 1100 3329 quid
1135 3261 1342 3316 factum
1378 3263 1505 3318 est?
1532 3278 1773 3334 quonam
1823 3266 1990 3332 abiit,
2041 3268 2126 3321 in.

551 3348 693 3419 quit,
748 3358 843 3404 aut
896 3366 1136 3422 quonam
1205 3355 1510 3410 translatus
1578 3364 1663 3411 est
1733 3358 2125 3426 promissionis

558 3442 799 3510 scapus?
841 3457 941 3499 cur
984 3458 1117 3499 vero
1165 3459 1275 3500 non
1329 3446 1586 3503 omnibus
1640 3448 1978 3516 hominibus,
2029 3450 2122 3506 sed

549 3531 711 3587 nobis
738 3531 1006 3588 duntaxat
1030 3544 1081 3590 te
1111 3535 1476 3593 manifestas?
1500 3537 1603 3594 Hic
1631 3554 1762 3610 ergo
1793 3556 1987 3598 sensus
2016 3549 2123 3609 est,

548 3622 776 3690 Opinor,
815 3624 1109 3680 verborum
1162 3626 1424 3699 discipuli
1464 3629 1638 3700 :quid
1680 3640 1863 3686 autem
1914 3646 1943 3685 a
1995 3647 2127 3687 vera

550 3714 823 3768 sententia
848 3731 972 3770 eum
1009 3717 1321 3785 abduxerit,
1347 3736 1529 3790 operae
1571 3724 1805 3791 pretium
1832 3733 1916 3779 est
1949 3733 2129 3781 osten-

549 3805 698 3859 dere.
719 3805 983 3863 Dominus
1006 3817 1195 3865 noster
1214 3809 1375 3868 Jesus
1393 3811 1657 3869 Christus
1687 3814 1935 3871 dixerat:
1964 3836 1982 3868 ι
2015 3816 2129 3870 Μο-

549 3895 839 3961 dicum,et
884 3901 1124 3956 mundus
1166 3919 1253 3959 me
1303 3906 1417 3973 jam
1479 3920 1589 3960 non
1639 3906 1830 3973 videt;
1895 3923 1992 3963 vos
2038 3923 2131 3964 au-

551 3991 661 4040 tem
721 3984 920 4041 videtis
972 4004 1058 4043 me
1089 3993 1158 4046 ²¹.
1212 4010 1231 4043 ι
1281 3993 1449 4064 Atqui
1504 3995 1860 4051 manifestum
1923 4006 2009 4053 est
2053 3997 2129 4054 ibi

552 4089 678 4130 eum
711 4078 973 4133 mundum
1003 4080 1208 4149 dicere,
1249 4099 1358 4138 non
1394 4101 1585 4141 omnes
1618 4088 1713 4156 qui
1748 4088 1803 4142 in
1844 4096 1992 4144 terra
2028 4090 2127 4146 de-

553 4175 689 4238 gunt
741 4168 993 4227 homines
1025 4190 1038 4225 :
1082 4188 1272 4229 omnes
1308 4176 1510 4246 quippe
1550 4176 1678 4231 boni
1715 4192 1781 4233 ac
1818 4180 1945 4233 mali
1999 4188 2131 4236 sunt

552 4262 609 4316 in
641 4262 744 4317 hoc
770 4264 1008 4333 mundo;
1039 4267 1135 4322 sed
1173 4267 1437 4322 mundum
1467 4284 1564 4324 eos
1593 4273 1913 4326 nominasse
1943 4273 2127 4343 potius

553 4354 645 4423 qui
680 4360 901 4410 terrena
943 4360 1167 4428 sapiunt
1188 4361 1257 4423 “,
1288 4367 1344 4416 et
1364 4361 1459 4432 qui
1492 4362 1722 4417 vanitati
1753 4366 1946 4420 mundi
1970 4383 2127 4422 suam

553 4454 788 4502 mentem
822 4448 1142 4517 subjiciunt.
1187 4450 1305 4507 Hoc
1338 4452 1507 4523 igitur
1530 4468 1655 4507 cum
1687 4469 1797 4510 non
1844 4458 1983 4514 satis
2031 4474 2127 4514 ca-

552 4547 709 4610 peret
764 4540 1108 4611 discipulus.
1157 4544 1496 4599 existimavit
1546 4547 1729 4616 ipsum
1785 4548 2013 4615 dicere,
2067 4565 2128 4607 se

551 4631 891 4701 reliquorum
924 4635 1172 4689 omnium
1210 4636 1494 4691 hominum
1535 4639 1735 4701 oculis,
1773 4640 2126 4699 interioribus

553 4722 856 4789 nimirum,
907 4734 1115 4781 tectum
1180 4729 1289 4795 iri,
1349 4738 1405 4784 et
1473 4731 1959 4803 inconspicabilem
2009 4736 2127 4791 fore

552 4829 808 4886 prorsus,
844 4833 947 4874 nec
975 4820 1068 4874 ulli
1106 4822 1385 4892 cognitum
1430 4823 1496 4878 iri
1545 4824 1649 4880 nisi
1700 4826 1818 4881 suis
1857 4825 2127 4881 duntaxat

553 4908 875 4979 discipulis:
912 4912 1027 4967 hac
1057 4913 1422 4984 ignorationis
1457 4916 1508 4971 ei
1539 4932 1709 4973 causa
1752 4917 1879 4971 fuit.
1913 4918 2132 4989 Quippe

554 4999 604 5056 si
634 5000 995 5059 intellexisset
1046 5005 1228 5071 initio,
1281 5022 1391 5061 non
1422 5008 1612 5078 utique
1657 5010 1987 5065 accessisset
2037 5024 2131 5064 ro-

553 5104 735 5160 gans:
775 5110 794 5143 ι
822 5091 962 5159 Quid
997 5092 1201 5149 factum
1242 5104 1347 5164 est,
1398 5098 1527 5167 quia
1578 5098 2034 5153 manifestaturus
2072 5114 2132 5154 es

550 5182 714 5237 nobis
743 5184 1003 5254 teipsum,
1039 5192 1094 5239 et
1126 5202 1236 5241 non
1264 5189 1503 5242 mundo?
1524 5209 1541 5241 ι
1574 5192 1633 5243 In
1654 5205 1771 5244 eam
1801 5189 1970 5259 igitur
1999 5205 2127 5245 sen-

551 5273 781 5326 tentiam
830 5273 1099 5330 adductus
1150 5286 1276 5342 est,
1320 5278 1478 5348 juxta
1513 5280 1696 5334 tritam
1750 5291 1803 5335 et
1849 5280 2126 5349 vulgatam

553 5361 818 5428 loquendi
847 5367 1307 5423 consuetudinem
1347 5370 1498 5426 vocis
1529 5370 1693 5440 hujus
1725 5369 2130 5440 signiﬁcatione

555 5451 859 5509 intellecta.
904 5455 1163 5515 Mundam
1220 5461 1423 5533 quippe
1463 5463 1630 5533 vulgo
1663 5464 1953 5518 nominare
1986 5461 2132 5517 sole-

555 5554 700 5608 mus,
749 5556 943 5603 omnes
990 5549 1084 5621 qui
1132 5550 1189 5607 in
1221 5552 1482 5609 universo
1534 5553 1742 5609 mundo
1782 5561 1931 5620 sunt,
1988 5560 2048 5607 ut
2084 5551 2131 5607 si

628 5718 672 5750 "
692 5715 816 5795 _l.sa.
847 5741 933 5795 ιι,
965 5727 1016 5785 5.

1129 5729 1171 5763 ⁸⁸
1211 5728 1443 5785 Zachar.
1479 5744 1538 5798 ιι,
1571 5729 1654 5796 l0,
1699 5730 1784 5785 tl.

556 5802 647 5858 In,
686 5787 770 5846 l9.

1905 5732 1944 5763 ⁸⁸
1982 5728 2138 5786 Joan.
2178 5732 2246 5797 χ’,
2283 5726 2372 5782 '59..

2227 3266 2322 3318 καὶ
2363 3263 2464 3334 τῆς
2514 3264 2622 3318 τῶν
2677 3264 2848 3333 ἁγίων
2907 3264 3206 3335 προφητῶν
3257 3264 3813 3335 διαμαρτυρουμένης

2228 3356 2432 3426 φωνῆς,
2465 3356 2519 3408 τί
2543 3355 2731 3425 γέγονε
2752 3396 2767 3419 ,
2823 3358 2898 3427 πῆ
2929 3356 2993 3427 δὴ
3024 3356 3290 3426 μετέστη,
3318 3354 3485 3426 φησὶ,
3517 3356 3616 3409 καὶ
3645 3373 3810 3426 μετα·

2226 3447 2462 3501 τέθειται
2486 3450 2586 3517 τῆς
2627 3447 2961 3515 ἐπαγγελίας
2981 3449 3009 3501 6
3033 3449 3233 3510 σκοπός
3258 3465 3273 3513 ;
3326 3448 3391 3501 Τί
3415 3448 3473 3501 δὲ
3508 3448 3609 3518 οὐχ
3636 3449 3809 3503 ἅπασι

2227 3540 2340 3601 τοῖς
2367 3537 2508 3591 κατὰ
2527 3537 2616 3591 τὸν
2641 3538 2840 3608 κόσμον
2862 3538 3179 3609 ἐμφανίζεις
3202 3539 3447 3601 σεαυτὸν,
3471 3538 3611 3593 ἀλλά
3629 3540 3813 3610 μόνοις

2228 3631 2359 3701 ἡμῖν
2385 3648 2399 3697 ;
2437 3623 2604 3694 Οὗτος
2630 3630 2727 3700 μὲν
2755 3627 2867 3698 οῦν,
2900 3632 2994 3684 καὶ
3022 3632 3121 3701 οὐχ
3144 3632 3349 3701 ἕτερος,
3380 3627 3556 3702 οἶμαι.
3586 3633 3694 3686 τῶν
3716 3633 3817 3687 τοῦ

2232 3721 2474 3794 μαθητοῦ
2512 3722 2772 3794 ῥημάτων
2803 3723 2831 3775 6
2868 3721 2990 3786 νοῦς
3010 3739 3024 3753 ·
3066 3723 3117 3775 τί
3143 3723 3199 3775 δὲ
3227 3723 3334 3793 ἄρα
3377 3722 3437 3776 τὸ
3460 3723 3812 3793 ἀποκομίσαν

2229 3814 2390 3868 αὐτὸν
2438 3812 2538 3882 τῆς
2584 3811 2817 3883 ἀληθοῦς
2864 3813 3199 3884 διαλήψεως,
3244 3815 3568 3885 παραδεῖξαι
3622 3815 3810 3869 καλόν.

2242 3906 2299 3958 Ὀ
2337 3905 2435 3976 μὲν
2461 3904 2570 3975 γὰρ
2598 3903 2804 3975 Κύριος
2824 3905 2982 3975 ἡμῶν
3017 3905 3225 3974 Ἰησοῦς
3254 3906 3283 3957 6
3315 3905 3549 3978 Χριστὸς
3576 3905 3809 3975 ἔφασκεο

2237 4013 2255 4045 ι
2285 3993 2496 4064 Μικρὸν
2520 4034 2535 4058 ,
2579 3993 2674 4046 καὶ
2698 3995 2727 4047 6
2754 3994 2958 4064 κόσμος
2994 4012 3061 4065 με
3082 3994 3266 4049 οὐκέτι
3297 3995 3522 4069 θεωρεῖ,
3564 3998 3728 4068 ὑμεῖς
3754 3998 3815 4050 δὲ

2229 4085 2485 4157 θεωρεῖτέ
2522 4102 2608 4155 με.
2641 4104 2660 4138 ι
2705 4086 2842 4138 Ἀλλ’
2867 4082 2937 4157 ἦν
2967 4087 3135 4157 δήπου
3161 4088 3257 4141 καὶ
3285 4088 3432 4157 μάλα
3470 4089 3659 4156 σαφῶς
3697 4089 3807 4160 lia.

2232 4175 2440 4247 σαφὲς],
2462 4177 2541 4230 ὅτι
2569 4177 2772 4248 κόσμον
2800 4178 2857 4229 ἐν
2877 4176 3107 4242 τούτοις,
3124 4179 3245 4248 οὐχὶ
3269 4180 3477 4243 πάντας
3503 4181 3632 4244 τοὺς
3650 4180 3810 4243 ὄντας

2229 4269 2286 4320 ἐν
2314 4267 2451 4338 τῷδε
2470 4266 2548 4338 τῷ
2580 4267 2679 4338 βίῳ
2720 4268 2904 4337 φησὶν,
2927 4269 3046 4339 ἦτοι
3077 4269 3378 4334 διαζῶντας
3405 4270 3499 4323 ἐπὶ
3526 4274 3631 4340 τῆς
3662 4270 3767 4341 γῆς
3790 4287 3813 4300 ⁵

2228 4357 2434 4422 πάντες
2466 4358 2575 4429 γάρ
2606 4359 2744 4412 είσιν
2775 4359 2833 4411 ἐν
2865 4358 3001 4429 τῷδε
3046 4359 3125 4431 τῷ
3154 4361 3345 4431 κόσμῳ
3372 4363 3601 4432 πονηροί
3631 4379 3691 4415 τε
3716 4362 3813 4415 καὶ

2230 4448 2423 4517 ἀγαθοί
2443 4465 2459 4479 '
2502 4448 2706 4519 κόσμον
2732 4449 2790 4503 δὲ
2822 4449 3075 4519 ὠνόμασε
3106 4450 3305 4521 μᾶλλον
3332 4451 3458 4516 τοὺς
3504 4453 3573 4505 τά
3592 4454 3809 4521 ἐπίγεια

2232 4543 2448 4612 φρονεῖν
2493 4539 3033 4611 ἀναπεπεισμένους,
3090 4542 3185 4595 καὶ
3227 4544 3292 4612 τῇ
3344 4542 3668 4613 ματαιότητι
3712 4542 3807 4595 τοῦ

2232 4631 2438 4699 κόσμου
2464 4630 2525 4683 τὸ
2550 4631 2746 4684 οίκεῖον
2770 4630 3165 4696 ὑποζεύξαντες
3202 4633 3473 4704 φρόνημα.
3499 4633 3672 4687 Τοῦτο
3698 4651 3810 4687 τοι-

2232 4720 2436 4792 γαροῦν
2486 4721 2548 4775 οὐ
2579 4722 2784 4794 σφόδρα
2826 4724 3005 4788 συνεὶς
3049 4725 3077 4777 6
3121 4724 3396 4795 μαθητὴς,
3440 4725 3593 4796 ᾠήθη
3630 4725 3809 4793 λέγειν

2232 4813 2424 4878 αὐτὸν,
2470 4814 2689 4869 ὅτιτῶν
2717 4816 2814 4885 μὲν
2857 4816 3030 4869 ἄλλων
3073 4816 3331 4870 ἁπάντων
3378 4817 3717 4889 ἀνθρώπων.
3759 4818 3813 4871 οἳ

2236 4903 2331 4958 καὶ
2359 4903 2506 4959 τόνδε
2533 4905 2624 4957 τὸν
2650 4904 2923 4976 περίγειον
2946 4905 3153 4959 οἰκοῦσι
3185 4906 3381 4976 χῶρον,
3411 4908 3503 4961 τον
3532 4906 3813 4977 ὀφθαλμὸν

2233 4996 2574 5066 διαλήσεται,
2622 4997 2767 5067 φημί
2795 4996 2852 5049 δὲ
2886 4996 2978 5050 τὸν
3008 4996 3116 5050 ἔσω
3147 4998 3242 5050 καὶ
3272 4998 3691 5069 κεκρυμμένον,
3717 5000 3813 5052 καὶ

2234 5087 2475 5151 ἄποπτος
2500 5087 2650 5141 ἔσται
2673 5085 2973 5151 παντελῶς,
3002 5087 3177 5141 οὐδενὶ
3197 5087 3306 5141 τῶν
3340 5087 3512 5142 ὄντων
3542 5086 3840 5157 γινωσκὼὶ

2239 5196 2418 5250 μενος,
2449 5179 2587 5250 πλὴν
2613 5178 2795 5249 μόνοις
2822 5180 2937 5241 τοῖς
2962 5177 3156 5230 ἐαυτοῦ
3185 5177 3457 5248 μαθηταῖς
3479 5194 3493 5208 ·
3524 5178 3686 5231 τοῦτο
3715 5179 3813 5247 τῆς

2233 5271 2456 5340 ἀγνοίας
2499 5270 2647 5341 αὐτῴ
2692 5270 2914 5338 γέγονεν
2942 5269 3134 5323 αἴτιον.
3195 5269 3258 5322 Εἰ
3300 5269 3411 5340 γάρ
3471 5270 3707 5340 συνῆκεν
3755 5272 3813 5323 ἐν

2231 5364 2561 5435 ἀρχαῖς,οὐκ
2586 5363 2652 5416 ἂν
2675 5361 2810 5424 ὅλως
2835 5360 3140 5432 προσῆλθεν
3158 5360 3397 5431 ἐρωτῶν·
3431 5379 3451 5412 ‹
3475 5360 3541 5412 Τί
3569 5361 3809 5429 γέγονεν,

2231 5457 2312 5510 ὅτι
2361 5458 2493 5527 ἡμῖν
2524 5453 2740 5526 μέλλεις
2783 5451 3106 5523 ἐμφανίζειν
3155 5450 3415 5516 σεαυτὸν,
3457 5451 3553 5506 καὶ
3583 5452 3707 5524 οὐχὶ
3735 5451 3813 5521 τῷ

2235 5548 2452 5617 κόσμῳ;
2489 5565 2508 5598 ι
2529 5543 2839 5615 Ὑπηνέχθη
2867 5543 2965 5615 μὲν
2991 5539 3083 5598 οὖν
3106 5543 3167 5596 τὸ
3190 5542 3318 5614 τῇδε
3349 5545 3513 5607 νοεῖν,
3541 5544 3738 5608 κοινῶς
3753 5560 3811 5596 τε

2487 5725 2530 5756 ὀ
2571 5722 2705 5779 Ibid.
2742 5722 2829 5779 16.
2910 5723 2951 5755 ²¹
2995 5720 3152 5778 Joan.
3206 5734 3318 5791 xiv,
3352 5723 3439 5779 l9.
3488 5717 3534 5750 "
3573 5719 3804 5793 Philipp.
