4076 6270
279 328 390 388 289

1275 324 1342 382 lN
1378 323 1668 382 ιοΑΝΝιδ
1704 323 2158 381 ΕἾΑΝΟΕΜΗΜ
2196 324 2328 382 LIB.
2373 324 2439 381 Χ.

3426 333 3536 389 290

279 442 382 501 καὶ
404 443 732 517 εἰθισμένως
753 444 862 507 τοῖς
880 441 1061 506 ἄλλοις
1079 440 1177 512 τὴν
1195 444 1258 496 ἐκ
1284 442 1378 496 τοῦ
1403 443 1667 513 ὀνόματος
1692 461 1855 515 σημαι

1972 441 2101 511 quis
2137 441 2426 495 civitatem
2459 440 2725 507 nominet,
2780 441 2951 495 totius
2988 440 3231 497 civitatis
3256 442 3425 513 83o
3459 447 3542 499 in-

283 537 412 592 σίαν
446 536 711 591 ἐκλαϐών.
765 534 985 604 Κόσμον
1024 532 1132 603 γὰρ
1173 532 1294 596 ἔθος
1327 533 1473 586 ἐστὶν
1502 536 1634 603 ἡμῖν
1660 534 1862 605 ὀνομά-

283 628 436 693 ζειν,
472 627 618 682 κατά
650 641 713 693 γε
758 624 847 679 τὸν
887 624 1112 695 εὐτρισῆ
1159 625 1255 678 κα)⁸
1296 627 1410 688 τοῖς
1457 624 1640 689 ἄλλοις
1691 625 1863 680 ἆπασι

285 716 646 786 προκείμενον
679 714 837 782 λόγον
857 754 873 776 ,
915 715 1043 776 τοὺς
1077 716 1137 767 ἐν
1160 714 1323 767 παντὶ
1352 713 1429 785 τῷ
1458 716 1652 785 κόσμῳ
1677 716 1860 787 τυχὸν,

287 808 477 879 ὥσπερ
499 808 553 861 εί
568 824 651 871 τις
680 807 773 861 καὶ
798 806 954 861 πόλιν
970 805 1140 874 λέγοι,
1162 807 1288 871 τοὺς
1302 806 1430 878 ὃλην
1456 807 1739 871 οἰκοῦντας
1764 808 1863 879 τὴν

286 898 457 951 πόλιν.
484 898 628 969 Πλὴν
645 897 1007 970 άξιοζήλωτος
1029 898 1124 952 καὶ
1149 897 1317 951 ταῦτα
1336 899 1509 966 λέγων
1533 900 1561 952 6
1586 898 1859 971 μαθητής.

287 987 476 1059 Ἀθρει
501 988 612 1060 γὰρ
658 990 810 1053 ὅπως
853 988 1009 1057 ἡλίου
1046 988 1213 1057 ’δίκην
1263 992 1375 1052 τοῖς
1423 990 1525 1044 ἀνὰ
1554 992 1734 1044 πᾶσαν
1764 990 1861 1062 τήν

278 1080 385 1148 γῆν
411 1080 513 1150 τὴν
553 1080 651 1134 τοῦ
678 1082 935 1152 Σωτῆρος
985 1079 1366 1147 διαφαίνεσθαι
1393 1080 1552 1145 δόξαν
1581 1082 1858 1153 ἐπιθυμεῖ,

277 1169 459 1222 καίτοι
492 1168 604 1221 τῶν
635 1169 759 1222 καθ’
792 1168 986 1223 ἑαυτὸν
1012 1169 1063 1220 εἰ
1100 1166 1264 1237 μόνον
1313 1169 1548 1221 ἐποιεῖτο
1577 1168 1854 1237 πρόνοιαν,

280 1259 411 1329 ἐξῆν
441 1258 634 1329 ἔχοντα
664 1260 765 1329 τῆς
796 1257 1053 1327 γνώσεως
1076 1257 1176 1329 τὴν
1214 1258 1524 1328 ὑπόσχεσιν,
1552 1260 1643 1311 ἐπὶ
1676 1257 1859 1328 μόνοις

277 1354 392 1415 τοῖς
438 1352 587 1416 ίδίοις
617 1351 845 1423 ἥδεσθαι
876 1351 1084 1415 καλοῖς.
1136 1350 1276 1404 Ἀλλ’
1321 1351 1422 1404 οὐκ
1471 1349 1690 1421 ἐξήρκει
1718 1351 1856 1421 πρὸς
1880 1362 1896 1378 ⁸

278 1443 552 1514 θυμηδίαν
596 1443 659 1497 τὺ
702 1443 1015 1508 ἰδιαζόντως
1068 1441 1258 1514 ὥσπερ
1301 1442 1450 1512 αὐτῷ
1495 1442 1857 1513 δοθησόμενον

275 1534 484 1603 ἀγαθόν
511 1552 527 1566 ·
559 1535 749 1606 ἐπειδὴ
782 1535 838 1586 δὲ
871 1530 939 1606 ἦν
969 1533 1217 1603 φιλόθεός
1239 1552 1297 1587 τε
1330 1535 1465 1605 όμοῦ
1490 1534 1584 1588 καὶ
1617 1535 1859 1604 φιλάδελ-

1971 533 2144 588 colas.
2180 531 2571 588 Verumtamen
2604 531 2769 587 laude
2797 546 3019 602 quoque
3047 532 3249 603 dignus
3293 543 3379 588 est
3421 549 3544 589 cum

1972 623 2087 677 haec
2117 623 2194 676 ait
2216 622 2542 692 discipulus.
2572 621 2710 678 Vide
2739 623 2886 678 enim
2913 638 3025 692 quo
3056 630 3215 692 pacto
3240 622 3550 682 ServatOris

1970 714 2199 784 gloriam
2229 713 2367 769 solis
2406 713 2585 768 instar
2620 728 2716 783 per
2762 713 3078 768 universam
3114 724 3315 767 terram
3365 714 3549 769 lucere

1968 807 2175 874 cupiat,
2216 820 2340 860 cum
2365 805 2413 860 ei
2444 805 2635 859 liceret
2664 805 2781 859 suis
2814 805 3196 859 tantummodo
3239 805 3399 860 bonis
3449 807 3548 860 ob-

1968 897 2194 960 lectari,
2227 896 2562 965 cognitionis
2605 895 3034 965 promissionem
3070 895 3312 960 habenti,
3352 894 3399 950 si
3463 896 3549 950 sui

1968 995 2176 1042 tantum
2205 1003 2396 1042 curam
2436 987 2686 1042 haberet.
2720 984 2829 1041 Sed
2862 986 3066 1040 bonum
3103 987 3210 1042 sibi
3251 987 3349 1041 uni
3385 1001 3551 1055 pecn-

1967 1079 2178 1135 liariter
2203 1079 2372 1133 tribui
2407 1092 2755 1148 nequaquam
2795 1075 2861 1130 ad
2897 1075 3214 1130 felicitatem
3258 1076 3395 1132 satis
3424 1089 3549 1129 esse

1964 1172 2226 1241 putabat:
2258 1185 2449 1225 verum
2479 1184 2608 1225 eum
2648 1167 2745 1222 Dei
2786 1168 2951 1222 simul
2984 1182 3048 1221 ac
3083 1166 3319 1221 fratrum
3352 1181 3548 1221 amans

1963 1262 2056 1327 sit,
2081 1262 2247 1331 longe
2278 1261 2494 1330 lateque
2517 1259 2741 1316 extendi
2771 1259 3085 1315 Servatoris
3117 1258 3348 1328 gloriam
3371 1258 3545 1327 cupit,

1961 1364 2017 1410 et
2068 1354 2341 1409 fratribus
2388 1355 2620 1424 gratiam
2686 1353 2742 1407 in
2793 1367 3088 1408 commune
3152 1351 3411 1421 proponi.
3461 1349 3543 1405 Ad

1963 1452 2211 1501 exactam
2252 1445 2452 1514 quippe
2489 1441 2583 1498 Dei
2608 1442 2980 1513 cognitionem
3025 1442 3237 1507 vocari,
3283 1440 3541 1511 quidnam

1971 1537 2133 1590 habet
2164 1535 2309 1606 quod
2351 1550 2475 1590 cum
2514 1550 2584 1590 eo
2617 1534 2930 1603 comparari
2963 1532 3181 1603 possit?

276 1645 403 1698 φος,
431 1627 864 1682 ἐκπλατύνεσθαι
890 1625 985 1680 τοῦ
1033 1627 1289 1696 Σωτῆρος
1317 1625 1592 1696 τὴνδὸξαν
1614 1627 1897 1697 ἐπιθυμεῖ,
1938 1625 2126 1696 κοινὴν
2168 1627 2227 1679 δέ
2270 1628 2383 1690 τοῖς
2430 1624 2681 1695 ἀδελφοῖς
2726 1624 3052 1695 προκεῖσθαι
3100 1623 3200 1694 τὴν
3249 1624 3431 1697 χάριν.
3471 1624 3546 1679 T6

275 1720 392 1790 γὰρ
418 1721 502 1783 εἰς
540 1718 742 1788 γνῶσιν
774 1718 977 1789 ἀκριϐῆ
1021 1717 1302 1771 καλεῖσθαι
1333 1717 1493 1783 Θεοῦ,
1531 1717 1585 1771 τί
1613 1718 1680 1773 ἂν
1699 1717 1813 1788 ἔχοι
1840 1716 1903 1769 τὸ
1934 1715 2273 1783 ἰσοστατοῦνς

362 1835 675 1903 Ἀπεκρίθη
712 1833 981 1902 Ἰησοῦς,
1020 1835 1117 1888 καὶ
1151 1835 1318 1889 εἶπεν
1343 1831 1505 1900 αὐτῷ
1532 1849 1547 1863 ⁸
1601 1831 1738 1887 Ἐάν
1768 1849 1857 1898 τις

2030 1832 2172 1899 XIV,
2207 1811 2318 1888 25..
2347 1832 2639 1903 Respondit
2680 1830 2875 1899 Iesus,
2911 1841 2962 1889 et
3010 1833 3150 1889 dixit
3187 1836 3236 1889 ei
3263 1850 3282 1888 :
3313 1834 3374 1890 Si
3424 1836 3542 1905 quis

276 1922 484 1995 ἀγαπᾷ
505 1940 615 1993 με,
656 1923 765 1977 τόν
789 1924 978 1993 λόγον
992 1940 1111 1993 μου
1136 1924 1388 1992 τηρήσει
1407 1964 1423 1987 ,
1456 1923 1556 1977 καί
1590 1925 1622 1976 ὀ
1648 1920 1849 1991 Πατήρ

1961 1925 2123 1997 diligit
2155 1943 2257 1990 me,
2290 1943 2582 1981 sermonem
2616 1944 2787 1980 meum
2814 1927 3041 1982 servabit
3067 1944 3085 1981 :
3110 1937 3157 1982 et
3186 1928 3351 1983 Pater
3394 1944 3542 1982 meus

270 2037 396 2089 μου
419 2015 722 2088 ἀγαπήσει
746 2016 952 2081 αὐτὸν,
971 2016 1069 2073 καὶ
1090 2017 1238 2086 πρὸς
1252 2017 1442 2071 αὐτὸν
1461 2016 1852 2086 ἐλευσόμεθα,

276 2109 382 2163 καὶ
399 2108 599 2178 μονὴν
626 2107 763 2176 παρ’
788 2105 950 2173 αὐτῷ
969 2109 1359 2178 ποιησόμεθα.

353 2221 429 2274 Οὐ
457 2221 662 2291 σφόδρα
682 2222 908 2276 συνέντα
930 2222 1219 2293 θεωρήσας
1244 2223 1337 2277 τὸν
1366 2223 1617 2295 μαθητὴν
1638 2265 1652 2290 ,
1692 2223 1858 2277 ἐπάν-

283 2329 395 2365 εισι
424 2311 585 2365 πάλιν
615 2312 706 2365 ἐπὶ
739 2313 800 2366 τδ
829 2314 885 2365 ἐν
918 2314 1465 2391 ἀρχαῖςδείρημένον,
1494 2315 1591 2369 καὶ
1616 2314 1855 2369 διδάσκει

289 2401 511 2470 σαφῶς,
545 2402 620 2466 ὡς
655 2404 715 2456 οὐ
750 2404 890 2459 κατὰ
917 2407 1081 2475 μόνην
1102 2406 1201 2476 τὴν
1231 2408 1291 2459 ἐν
1316 2406 1518 2478 είδήσει
1562 2407 1858 2477 νοουμένην

289 2493 584 2561 ἐπίγνωσιν
616 2494 807 2548 ἐαυτὸν
849 2496 1136 2566 ἐμφανίσει
1175 2498 1291 2560 τοῖς
1326 2496 1595 2568 γνησίοις,
1633 2496 1747 2550 ἀλλ’
1771 2496 1859 2562 ἐξ·

291 2584 510 2656 αἱρετός
539 2603 621 2649 τις
664 2586 845 2650 αὐτοῖς
884 2588 979 2639 καὶ
1009 2588 1129 2657 οὐχὶ
1176 2591 1288 2651 τοῖς
1333 2586 1515 2651 ἄλλοις
1553 2587 1804 2659 ἐντριϐὴς
1830 2588 1858 2639 6

285 2674 391 2744 τῆς
422 2673 736 2746 ἐλλάμψεως
756 2675 983 2748 ὑπάρξει
1010 2679 1230 2748 τρόπος.
1258 2679 1321 2731 Ol
1359 2679 1456 2749 μὲν
1477 2678 1586 2750 γάρ
1616 2680 1858 2747 ἀγελαῖοι

284 2766 469 2837 τυχὸν,
501 2768 593 2820 καὶ
622 2767 747 2839 ἄρτι
776 2767 937 2837 τυχὸν
958 2770 1059 2839 τῆς
1083 2767 1193 2821 τῶν
1216 2769 1450 2822 εἰδώλων
1476 2768 1691 2840 ἀπάτης
1726 2771 1858 2823 ἀπο-

284 2856 669 2925 φοιτήσαντες,
730 2855 1057 2927 κεκλημένοι
1096 2874 1156 2910 τε
1208 2857 1346 2928 πρὸς
1407 2856 1707 2925 ἐπίγνωσιν
1762 2857 1857 2911 τοῦ

281 2947 424 2999 κατὰ
471 2945 632 3015 φύσιν
686 2947 840 3012 ὄντος
894 2947 1063 3012 Θεοῦ,
1109 2948 1167 3002 ἐν
1190 2948 1364 3017 ψιλοῖς
1415 2950 1510 3003 καὶ
1566 2948 1858 3020 ἀζητήτοις

279 3036 464 3107 έχουσι
495 3037 778 3108 λογισμοῖς
806 3037 904 3109 τὴν
938 3038 1155 3101 πίστιν,
1203 3038 1336 3092 αὐτὸ
1368 3038 1433 3111 δὴ
1462 3038 1620 3093 τοῦτο
1652 3039 1856 3111 μαθόν-

275 3143 371 3191 τες
403 3131 651 3200 φρονεῖν,
700 3129 777 3192 ὼς
807 3129 957 3182 οὐδὲν
998 3129 1213 3182 εἴδωλον
1243 3132 1301 3182 ἐν
1336 3130 1525 3202 κόσμῳ
1548 3130 1744 3201 τυχὸν,
1777 3125 1859 3192 εἷς

274 3221 335 3273 δὲ
361 3223 521 3291 μόνος
550 3223 578 3274 6
607 3221 770 3290 φύσει
796 3220 953 3284 Θεός.
1007 3223 1069 3275 Ol
1097 3221 1153 3275 δὲ
1202 3222 1291 3276 διὰ
1327 3222 1507 3294 πάσης
1534 3225 1737 3296 ἀρετῆς
1767 3208 1858 3276 τὸν

278 3313 479 3366 οἰκεῖον
506 3312 1064 3384 καταλαμπρύνοντες
1092 3314 1236 3380 νοῦν,
1262 3313 1476 3385 ἔχοντές
1509 3332 1566 3368 τε
1587 3315 1688 3386 ήδη
1715 3315 1854 3387 πρὸς

274 3406 336 3458 τὸ
368 3403 665 3474 μανθάνειν
693 3404 1017 3475 ἐπιτηδείως
1043 3403 1113 3457 τὰ
1139 3404 1257 3459 θεῖά
1286 3422 1346 3459 τε
1370 3405 1466 3458 καὶ
1494 3406 1854 3477 κεκρυμμένα

278 3497 585 3568 μυστήρια,
620 3497 719 3567 τὴν
751 3495 841 3549 διὰ
876 3496 972 3549 τοῦ
1006 3496 1326 3568 Πνεῦματος
1363 3497 1622 3568 λήψονται
1669 3497 1853 3568 δᾳδου-

273 3588 424 3659 χίαν,
466 3590 563 3641 καὶ
592 3587 754 3641 αὑτὸν
783 3589 838 3640 ἐν
877 3590 1088 3652 ἑαυτοῖς
1115 3588 1497 3643 ἐναυλισθέντα
1525 3588 1614 3642 τδν
1646 3588 1853 3659 Κύριον

275 3681 390 3741 τοῖς
420 3681 521 3748 τῆς
569 3677 806 3739 διανοίας
848 3678 1266 3749 ἐπαθροίσουσιν
1301 3679 1418 3751 Ῑγρ.
1464 3677 1854 3752 ἐπαθρήσουσι]

278 3768 606 3838 ὀφθαλμοῖς.
664 3766 872 3821 Οὐκοῦν
904 3768 966 3820 o6
1000 3768 1153 3839 κοινή
1184 3772 1292 3832 τοῖς
1335 3768 1513 3833 ἄλλοις
1541 3769 1649 3822 τῶν
1685 3769 1855 3838 ἁγίων

282 3862 318 3931 ή
349 3861 584 3929 γνῶσις,
636 3859 751 3913 ἀλλ’
785 3859 1059 3933 ἐξαίρετός
1096 3879 1178 3924 τις
1211 3863 1303 3915 καὶ
1343 3860 1701 3931 διωρισμένη,
1763 3861 1857 3915 καὶ

280 3953 488 4024 πολλὴν
553 3952 752 4023 ἔχουσα
796 3953 896 4023 τήν
942 3952 1225 4024 διαφοράν.
1306 3951 1519 4020 Ὠφελεῖ
1562 3950 1854 4023 τοιγαροῦν

273 4043 365 4097 διὰ
395 4043 596 4107 παντὸς
626 4045 777 4115 ἡμᾶς
805 4043 963 4112 λόγου
985 4062 1045 4097 τε
1066 4045 1159 4098 καὶ
1187 4044 1389 4116 τρόπου
1415 4044 1669 4115 Χριστός.
1702 4043 1853 4116 Πρῶ-

270 4153 367 4190 τον
393 4135 500 4208 μὲν
530 4137 639 4207 γάρ
665 4137 748 4200 τίς
771 4139 799 4190 6
824 4137 987 4191 αὐτὸν
1014 4137 1243 4206 ἀγαπῶν
1269 4133 1328 4191 εὖ
1362 4137 1507 4208 μάλα
1534 4137 1850 4207 διορίζεται,

270 4227 510 4292 δεικνὺς,
541 4227 617 4291 ὥς
650 4227 713 4297 γέ
745 4245 836 4299 μοι
860 4227 1221 4297 φαίνεταικαὶ
1244 4231 1387 4284 νοεῖν
1418 4229 1627 4283 ἔπεισιν
1649 4229 1849 4302 ὀρθῶς,

272 4317 352 4381 ὡς
385 4318 484 4388 οὐχ
517 4318 718 4373 ἅπασιν
761 4320 973 4386 ἐφεῖται
1020 4318 1207 4372 λαϐεῖν
1239 4320 1340 4392 τήν
1387 4319 1482 4373 τοῦ
1516 4320 1853 4391 χαρίσματος

272 4410 535 4480 δύναμιν,
588 4410 702 4463 ἀλλ’
752 4404 942 4482 οἷσπερ
987 4410 1051 4464 ἂν
1103 4411 1407 4483 ἐνυπάρχον
1439 4411 1614 4483 ὁρῷτο
1655 4410 1717 4464 τὸ
1751 4409 1854 4475 τῆς

274 4503 357 4564 εἰς
408 4501 571 4555 αὐτὸν
611 4502 964 4572 γνησιότητος
1023 4502 1282 4573 καύχημα
1346 4503 1434 4556 διὰ
1472 4502 1565 4556 τοῦ
1610 4504 1852 4573 τηρῆσαι

1886 3274 1927 3330 C

1956 2017 2141 2089 diliget
2170 2035 2311 2081 eum,
2345 2027 2395 2073 et
2421 2018 2492 2073 ad
2514 2035 2634 2073 eum
2656 2021 2941 2085 veniemus,
2966 2030 3016 2075 et
3043 2021 3372 2075 mansionem
3400 2017 3542 2089 apud

1957 2125 2077 2163 eum
2102 2109 2384 2178 faciemus.

2028 2220 2163 2276 Cum
2184 2236 2470 2277 sermones
2498 2237 2631 2277 suos
2658 2222 2987 2293 discipulum
3010 2223 3160 2278 haud
3185 2225 3323 2281 satis
3345 2240 3543 2298 capere

1957 2310 2192 2377 videret,
2231 2312 2299 2367 ad
2348 2312 2402 2367 id
2440 2313 2587 2383 quod
2643 2313 2804 2367 initio
2844 2314 3055 2369 dictum
3091 2324 3174 2369 est
3224 2319 3538 2381 revertitur,

1959 2403 2217 2473 clareque
2271 2403 2433 2458 docet
2490 2418 2602 2458 non
2659 2405 2966 2460 secundum
3028 2407 3200 2460 solam
3258 2424 3378 2477 quae
3420 2410 3541 2465 visu

1959 2500 2176 2547 constat
2207 2492 2581 2561 cognitionem
2612 2494 2728 2550 suis
2750 2510 2874 2550 sese
2905 2495 3412 2561 manifestaturum,
3444 2500 3539 2555 sed

1959 2582 2309 2639 eminentiori
2341 2583 2582 2652 quodam
2613 2598 2713 2637 nec
2747 2584 2871 2638 aliis
2902 2585 3105 2639 usitato
3150 2585 3541 2644 illustrationis

1961 2674 2143 2728 modo.
2177 2672 2450 2729 Rudiores
2495 2674 2641 2728 enim
2691 2688 2755 2728 ac
2791 2675 3055 2746 imperiti,
3107 2685 3161 2731 et
3201 2678 3292 2747 qui
3348 2694 3540 2735 recens

1961 2766 2031 2821 ab
2062 2765 2333 2821 idolorum
2360 2764 2551 2821 fraude
2587 2774 2959 2831 recesserunt,
2988 2777 3151 2838 atque
3178 2769 3243 2824 ad
3270 2773 3541 2827 naturalis

1963 2857 2057 2912 Dei
2096 2859 2464 2929 cognitionem
2495 2858 2674 2912 vocati
2700 2867 2854 2923 sunt,
2881 2859 2935 2911 in
2970 2860 3114 2913 nuda
3149 2867 3203 2914 et
3227 2861 3539 2917 indiscussa

1962 2951 2177 3005 ratione
2211 2950 2372 3005 ﬁdem
2418 2948 2647 3013 habent,
2698 2948 2753 3002 id
2789 2948 3051 3002 nimirum
3091 2950 3302 3004 sentire
3334 2952 3538 3017 edocti,

1963 3043 2169 3097 nullum
2213 3056 2339 3097 esse
2382 3040 2589 3095 idolum
2639 3040 2696 3093 in
2726 3040 2956 3103 mundo,
2989 3040 3084 3095 sed
3141 3058 3309 3096 unum
3343 3054 3540 3099 natura

1964 3133 2153 3189 Deum.
2189 3131 2517 3203 Quicunque
2565 3146 2697 3186 vero
2742 3147 2839 3201 per
2882 3147 3045 3186 omne
3091 3132 3319 3188 virtutis
3366 3151 3541 3205 genus

1963 3239 2117 3279 suam
2154 3232 2390 3278 mentem
2433 3223 2728 3287 illustrant,
2765 3232 2819 3278 et
2851 3228 2915 3277 ad
2950 3221 3215 3279 discenda
3248 3224 3438 3279 divina
3485 3236 3540 3280 et

1961 3330 2159 3370 arcana
2190 3315 2451 3386 mysteria
2495 3322 2624 3370 sunt
2660 3312 2863 3375 idonei,
2903 3313 3330 3369 illustrationem
3366 3315 3539 3385 Spiri-

1959 3415 2050 3463 tus
2083 3407 2375 3477 accipient,
2402 3408 2696 3477 ipsumque
2717 3407 2771 3461 in
2793 3407 3107 3477 semetipsis
3139 3407 3536 3462 inhabitantem

1961 3501 2258 3556 Dominum
2334 3502 2539 3556 mentis
2595 3501 2771 3556 oculis
2841 3501 3278 3556 contuebuntur.
3355 3500 3537 3571 Itaque

1960 3592 2272 3651 communis
2312 3592 2436 3647 aliis
2471 3606 2579 3646 non
2612 3600 2697 3646 est
2738 3599 3059 3646 sanctorum
3116 3591 3382 3660 cognitio,
3440 3592 3535 3646 sed

1960 3688 2161 3744 eximia
2182 3694 2236 3741 et
2266 3685 2550 3750 distincta,
2586 3684 2852 3755 longeque
2901 3683 2968 3738 ab
3009 3683 3105 3737 illa
3139 3685 3415 3736 communi
3455 3684 3537 3737 di-

1959 3795 2139 3835 versa.
2172 3777 2262 3834 Sic
2291 3777 2439 3831 omni
2473 3775 2634 3830 modo
2663 3784 2716 3831 et
2743 3775 2957 3830 ratione
3000 3772 3255 3829 Christus
3301 3789 3404 3829 nos
3434 3775 3532 3828 ad-

1958 3871 2137 3941 juvat.
2163 3868 2442 3941 Imprimis
2468 3868 2612 3923 enim
2648 3865 2839 3922 definit
2868 3866 2994 3936 quis
3024 3866 3096 3921 sit
3118 3866 3211 3921 ille
3237 3867 3328 3937 qui
3361 3866 3537 3937 diligit

1961 3977 2110 4027 eum,
2148 3960 2471 4024 ostendens,
2506 3968 2565 4013 ut
2602 3957 2822 4028 opinor,
2867 3973 2979 4012 non
3013 3957 3270 4013 omnibus
3307 3958 3534 4012 concedi

1961 4061 2023 4107 ut
2066 4051 2262 4124 gratiae
2317 4052 2572 4105 virtutem
2634 4049 2931 4116 accipiant,
2988 4049 3084 4104 sed
3138 4050 3231 4117 qui
3280 4048 3534 4103 mandata

1962 4144 2235 4200 servando
2287 4141 2511 4214 genuini
2567 4140 2690 4211 ejus
2734 4140 2896 4193 amici
2930 4154 3053 4194 esse
3092 4139 3530 4208 comperiuntur.

1962 4235 2169 4292 Deinde
2209 4250 2449 4306 quonam
2493 4234 2657 4290 modo
2689 4234 2901 4304 fulgere
2954 4234 3007 4287 in
3043 4232 3111 4287 iis
3160 4231 3386 4297 debeat,
3440 4242 3534 4286 aut

1960 4346 2070 4400 quo
2097 4337 2258 4400 pacto
2286 4329 2356 4384 sit
2395 4328 2450 4382 in
2487 4328 2556 4382 iis
2602 4327 2974 4387 habitaturus,
3012 4325 3273 4391 declarat,
3305 4326 3529 4381 dicens:

1967 4440 1985 4473 ι
2019 4420 2182 4476 Pater
2205 4435 2359 4475 meus
2391 4418 2577 4488 diliget
2602 4433 2746 4471 eum.
2778 4435 2796 4466 ι
2826 4414 2927 4481 Qui
2955 4415 3099 4468 enim
3122 4414 3224 4470 ﬁde
3251 4414 3305 4469 in
3335 4414 3533 4471 Filium

1962 4505 2175 4562 Patrem
2211 4503 2590 4566 honoraverit,
2623 4504 2974 4558 dilectionem
3014 4503 3131 4572 ejus
3161 4518 3261 4558 ceu
3291 4504 3530 4559 fructum

273 4591 376 4654 τὰς
409 4590 646 4654 ἐντολάς.
706 4587 839 4645 Εἶτα
892 4591 1015 4644 τίνα
1051 4592 1251 4660 τρόπον
1298 4592 1479 4654 αὐτοῖς
1527 4590 1849 4661 ἐπιλάμψει,

1961 4598 2120 4669 831
2157 4597 2283 4651 inde
2310 4595 2635 4664 reportabit.
2680 4593 2964 4648 Postremo
2995 4594 3126 4663 quid
3156 4595 3290 4649 lucri
3324 4596 3531 4649 obven—

278 4680 396 4745 πῶς
416 4681 472 4734 δὲ
499 4682 681 4745 αὐτοῖς
703 4683 1270 4752 ἐγκατοικισθήσεται,
1288 4682 1435 4751 λέγει
1455 4699 1468 4712 ’
1499 4701 1517 4733 ι
1550 4683 1854 4754 Ἀγαπήσει

1961 4701 2141 4744 turum
2178 4688 2306 4742 hinc
2340 4686 2388 4740 ei
2423 4686 2518 4748 sit,
2571 4685 2795 4755 planum
2854 4683 3103 4739 faciens:
3148 4703 3166 4736 ι
3213 4684 3529 4747 Veniemus,

276 4773 389 4846 γὰρ
412 4775 571 4827 αὐτὸν
602 4776 631 4827 6
658 4775 847 4846 Πατήρ
872 4791 999 4844 μου,
1034 4791 1052 4823 ι
1086 4773 1239 4845 φησί.
1290 4774 1612 4843 Τετιμηκὼς
1643 4774 1753 4844 γὰρ
1785 4775 1853 4828 δι’

273 4863 585 4927 εὐπειθείας
611 4865 710 4935 τῆς
741 4865 820 4927 είς
844 4864 936 4916 τὸν
967 4863 1097 4916 Υἰὸν
1118 4904 1131 4926 ,
1165 4863 1258 4916 τὸν
1289 4864 1347 4928 ἐξ
1374 4859 1543 4935 οὗπερ
1576 4866 1691 4919 ἐστὶ
1718 4866 1850 4918 Γεν-

272 4956 497 5026 νήτορα,
531 4954 738 5027 καρπὸν
763 4953 876 5018 ἔξει
903 4954 999 5008 τοῦ
1042 4954 1365 5026 πράγματος
1412 4956 1512 5024 τὴν
1552 4956 1850 5027 ἀγάπησιν.

270 5044 411 5103 Εἶτα
438 5047 490 5102 τί
520 5047 580 5101 τὸ
612 5047 865 5102 ἐντεῦθεν
901 5048 1151 5102 ἀνατελεῖ
1170 5089 1185 5111 ,
1241 5051 1392 5101 ποῖον
1422 5048 1478 5101 δὲ
1509 5049 1656 5118 αὐτῷ
1690 5065 1843 5119 περι-

269 5141 430 5194 έσται
474 5139 537 5193 τὸ
580 5140 771 5212 κέρδος
820 5140 989 5210 σαφὲς
1029 5140 1330 5208 καθιστὰς,
1388 5160 1407 5193 ι
1467 5140 1848 5211 Ἐλευσόμεθα,

268 5234 437 5305 φησὶ,
470 5231 608 5303 πρὸς
636 5233 797 5285 αὑτὸν
829 5232 940 5301 ἐγὼ
971 5233 1064 5286 καὶ
1096 5235 1124 5286 6
1145 5233 1363 5303 Πατὴρ,
1400 5234 1494 5287 καὶ
1529 5232 1694 5304 μονὴν
1720 5233 1850 5304 παρ’

265 5325 419 5396 αὑτῷ
450 5323 812 5394 ποιησόμεθα,
846 5343 865 5376 ι
899 5324 1342 5395 Κατοικήσαντος
1364 5324 1473 5395 γὰρ
1506 5325 1564 5376 ἐν
1594 5326 1723 5394 ήμῖν
1756 5324 1850 5377 τοῦ

264 5417 529 5489 Σωτῆρος
567 5414 728 5485 ήμῶν
767 5415 1004 5488 Χριστοῦ
1051 5414 1139 5468 διὰ
1174 5415 1268 5469 τοῦ
1318 5416 1478 5485 ἁγίου
1512 5417 1848 5487 Πνεῦματοςν

265 5509 530 5562 συνέσται
558 5506 730 5577 δήπου
752 5505 968 5571 πάντως
985 5509 1079 5560 καὶ
1105 5508 1132 5560 6
1149 5508 1412 5579 γεννήσας
1428 5507 1608 5561 αὐτόν·
1629 5508 1851 5579 Πνεῦμα

261 5599 372 5672 γὰρ
405 5598 505 5653 καὶ
535 5595 703 5652 αὐτοῦ
728 5596 820 5650 τοῦ
847 5597 1087 5671 Πατρὸς,
1117 5599 1177 5651 τὸ
1208 5599 1429 5670 Πνεῦμα
1457 5598 1715 5671 Χριστοῦ.
1742 5602 1852 5653 Καὶ

256 5691 389 5765 γοῦν
420 5691 451 5744 6
489 5685 780 5756 θεσπέσιος
802 5687 1040 5755 Παῦλος,
1090 5690 1166 5759 πῆ
1201 5690 1298 5760 μὲν
1329 5690 1456 5744 ἴδιον
1483 5691 1576 5745 τοῦ
1609 5690 1843 5763 Πατρὸς,

1956 4782 2154 4851 inquit,
2181 4780 2246 4833 ad
2283 4794 2406 4832 eum
2461 4793 2562 4846 ego
2609 4786 2665 4831 et
2697 4775 2881 4836 Pater,
2927 4785 2980 4830 et
3010 4777 3348 4831 mansionem
3388 4776 3531 4844 apud

1955 4889 2078 4928 eum
2113 4871 2397 4926 faciemus.
2460 4888 2477 4920 ι
2520 4868 2815 4922 llabitante
2861 4867 3062 4937 quippe
3098 4868 3149 4920 in
3203 4866 3361 4921 nobis
3398 4864 3530 4920 Ser—

1953 4974 2149 5019 vatore
2181 4972 2370 5018 nostro
2402 4960 2624 5019 Christo
2656 4975 2751 5029 per
2782 4968 3034 5015 sanctum
3071 4958 3333 5029 Spiritum
3357 4999 3370 5023 ,
3427 4960 3531 5012 erit

1959 5070 2179 5128 quoque
2223 5054 2448 5108 omnino
2499 5052 2789 5106 nobiscum
2820 5058 2876 5105 et
2907 5049 3137 5105 Genitor
3170 5068 3182 5102 :
3216 5065 3343 5103 nam
3409 5047 3533 5117 Spi-

1959 5150 2100 5203 ritus
2135 5146 2342 5200 Christi
2368 5143 2509 5197 idem
2534 5152 2619 5198 est
2645 5150 2699 5198 et
2731 5141 2932 5197 Patris.
2965 5140 3123 5195 Unde
3156 5139 3361 5192 Paulus
3388 5139 3530 5193 divi-

1960 5255 2085 5301 nus,
2120 5237 2258 5291 alias
2305 5235 2527 5305 quidem
2557 5234 2762 5295 Patris,
2813 5233 2948 5286 alias
2997 5242 3176 5285 autem
3228 5229 3351 5282 Filii
3401 5243 3530 5299 pro-

1963 5330 2144 5400 prium
2199 5326 2464 5396 Spiritum
2502 5325 2598 5391 ait,
2650 5337 2998 5392 nequaquam
3053 5320 3159 5375 sibi
3194 5334 3526 5388 repugnans,

1958 5421 2051 5477 sed
2079 5421 2131 5474 in
2168 5428 2402 5487 utroque
2434 5431 2621 5471 verum
2644 5414 2831 5468 dicens
2857 5431 2870 5466 :
2910 5412 2983 5464 ita
3011 5412 3212 5480 quippe
3242 5420 3438 5465 natura
3471 5430 3531 5468 se

1959 5511 2142 5564 habet.
2181 5508 2384 5563 Scribit
2411 5524 2542 5576 ergo
2593 5505 2658 5558 ad
2707 5504 2959 5572 aliquos:
3024 5520 3041 5553 ι
3089 5501 3192 5582 Qui
3239 5503 3530 5558 suscitavit

1958 5601 2144 5655 Jesum
2172 5599 2453 5654 Christum
2491 5612 2520 5649 a
2566 5597 2818 5657 mortuis,
2854 5592 3147 5646 vivificabit
3181 5602 3235 5647 et
3275 5592 3527 5648 mortalia

1959 5706 2194 5761 corpora
2227 5698 2406 5746 vestra
2441 5702 2540 5759 per
2570 5686 2966 5743 inhabitantem
3001 5683 3267 5755 Spiritum
3321 5683 3441 5752 ejus
3470 5682 3527 5737 in
