4076 6270
533 341 635 400 291

1499 336 1554 393 S.
1597 333 1874 392 CYRILLI
1908 333 2378 391 ALEXANDRINI
2415 334 2734 392 ARCHIEP.

3690 327 3797 386 292

537 457 695 514 vobis
723 457 790 511 ".
830 474 851 509 ι
885 453 1198 511 Ριώιϐΐεδε
1239 471 1258 505 ι
1298 450 1565 519 Quoniam
1608 458 1794 506 autem
1827 453 1970 507 estis
1995 450 2112 515 lilii,

2239 452 2296 524 τῆ
2322 451 2381 507 δὲ
2415 451 2507 504 τοῦ
2529 450 2659 505 Υἱοῦ
2687 451 2748 503 τὸ
2770 448 2994 517 Πνεῦμα
3024 463 3209 519 φησιν,
3237 443 3308 499 οὐ’
3333 448 3446 509 τοῖς
3472 444 3632 507 ἰδίοις
3652 445 3803 498 ἀντι-

542 549 698 604 misit
725 548 870 604 Deus
905 547 1171 617 Spiritum
1211 543 1334 597 Filii
1373 544 1456 599 sui
1494 544 1548 596 in
1582 542 1747 596 corda
1772 552 1975 605 vestra,
2006 543 2119 596 ela-

544 650 786 697 mantem
816 658 829 694 :
870 639 1046 704 Abba,
1078 635 1240 690 Pater
1263 634 1328 690 “.
1364 655 1390 686 τ
1422 634 1591 690 Vides
1628 642 1687 688 ut
1736 635 1877 690 idem
1917 635 1987 689 sit
2019 633 2121 687 Pa-

549 734 652 788 tris
683 747 748 786 ac
779 730 899 784 Filii
933 728 1176 798 Spiritus
1201 727 1224 780 ?
1249 727 1598 783 lnhabitante
1629 730 1815 797 itaque
1850 727 1903 779 in
1935 726 2122 780 cordi-

548 827 651 880 bus
680 823 891 877 nostris
920 819 1240 889 linigenito,
1314 835 1661 889 nequaquam
1714 822 1869 873 abest
1910 817 2070 872 Pater
2104 834 2117 870 :

500 924 513 937 ’
547 916 710 971 habet
742 914 887 969 enim
920 912 1094 967 Filius
1130 913 1184 965 in
1216 914 1403 982 seipso
1432 912 1770 973 Genitorem,
1792 914 1953 966 unius
1981 910 2123 963 exsi-

548 1013 702 1061 stens
739 1019 864 1058 cum
895 1018 961 1059 eo
991 1003 1339 1067 substantiae,
1374 1003 1471 1057 sed
1504 1011 1558 1057 et
1594 1006 1708 1073 ipse
1739 1011 1821 1057 est
1852 1002 1906 1055 in
1964 1002 2125 1055 Patre

548 1097 898 1153 naturaliter.
924 1092 1079 1148 Fidei
1121 1108 1255 1162 ergo
1292 1091 1545 1145 deﬁnitio
1573 1100 1627 1145 et
1658 1091 1941 1160 inculpata
1981 1089 2123 1143 ratio

550 1189 669 1243 haac
721 1196 824 1241 est.
868 1186 1134 1240 Libenter
1190 1193 1373 1238 autem
1412 1184 1864 1253 iuterrogaverim
1906 1199 2000 1238 eos
2030 1183 2122 1251 qui

551 1294 664 1350 prae
713 1278 882 1331 multa
952 1277 1171 1331 inscitia
1216 1276 1473 1330 haeresim
1536 1276 1804 1343 complexi
1860 1274 2125 1328 adversus

552 1372 779 1442 gloriam
818 1367 1056 1436 Spiritus
1082 1381 1237 1419 suam
1266 1367 1511 1435 linguam
1544 1374 1782 1420 armant.
1809 1364 1948 1430 Quid
1977 1365 2125 1419 enim

551 1457 872 1528 responsuri
902 1464 1051 1519 sunt,
1092 1470 1217 1508 cum
1246 1455 1331 1509 eis
1357 1455 1608 1509 dicemus
1636 1473 1647 1506 :
1692 1454 1746 1507 Si
1779 1465 1995 1509 creatus
2042 1461 2129 1508 est

557 1549 815 1619 Spiritus,
859 1557 915 1600 et
971 1562 999 1599 a
1036 1546 1126 1600 Dei
1162 1546 1494 1607 substantia,
1551 1553 1610 1598 ut
1654 1546 1846 1606 vultis,
1892 1546 2127 1609 alienus,

555 1642 832 1712 quomodo
856 1641 1078 1693 habitat
1116 1639 1170 1691 in
1222 1639 1382 1693 nobis
1423 1654 1522 1708 per
1577 1639 1756 1706 ipsum
1792 1637 1979 1691 Deus?
2036 1644 2129 1690 aut

556 1733 833 1803 quomodo
871 1730 965 1784 Dei
1018 1739 1100 1784 est
1141 1732 1438 1800 particeps,
1483 1731 1576 1799 qui
1615 1731 1879 1800 Spiritum
1938 1744 2129 1783 susce-

559 1798 744 1896 perit?
775 1820 908 1875 Nam
942 1821 989 1875 si
1023 1822 1145 1874 ﬁeri
1176 1798 1365 1891 potest
1389 1829 1448 1873 ut
1475 1798 1575 1889 per
1619 1798 1856 1874 creatam
1890 1821 2127 1890 aliquam
2163 1798 2201 1851 Β

561 1913 929 1970 substantiam
960 1911 1158 1966 divinae
1182 1919 1236 1966 et
1260 1910 1545 1965 ineffabilis
1578 1921 1786 1965 naturae
1834 1913 2132 1981 participes

560 2003 890 2070 eﬂiciamur,
921 2002 1052 2072 quid
1122 2002 1328 2056 vetabit
1374 2004 1671 2072 quominus
1720 2003 1895 2066 Deus,
1928 2004 2132 2071 reiecto

564 2095 795 2164 Spiritu,
840 2108 938 2164 per
981 2093 1221 2162 aliquam
1275 2092 1438 2145 aliam
1489 2108 1871 2162 quamcunque
1899 2093 2134 2148 voluerit

561 2194 869 2241 creaturam
923 2184 977 2238 in
1023 2185 1180 2238 nobis
1229 2185 1303 2239 sit
1348 2200 1559 2252 nosque
1604 2185 1958 2239 sanctilicet?
2026 2183 2133 2239 Sed

561 2277 666 2333 hoc
699 2277 1035 2349 impossibile
1063 2298 1074 2333 :
1118 2291 1219 2330 nec
1248 2276 1392 2329 enim
1418 2277 1509 2331 Del
1546 2277 1848 2332 secundum
1877 2287 2133 2331 naturam

563 2369 842 2440 particeps
873 2369 1000 2438 quis
1038 2383 1278 2437 unquam
1326 2366 1513 2435 fuerit,
1549 2369 1657 2423 nisi
1688 2384 1786 2439 per
1833 2368 2132 2438 Spiritum:

564 2459 710 2514 Deus
760 2460 926 2528 igitur
955 2469 1009 2513 et
1065 2475 1131 2513 ex
1186 2457 1297 2513 Deo
1335 2468 1425 2513 est
1477 2459 1756 2528 Spiritus,
1804 2476 2021 2530 neque,
2079 2467 2137 2513 ut

566 2552 844 2605 nonnullis
885 2552 1061 2604 visum
1097 2559 1205 2615 est,
1257 2565 1287 2604 e
1321 2567 1550 2606 numero
1594 2560 1989 2607 creaturarum.
2029 2551 2137 2606 Sed

567 2640 783 2697 etillud
814 2656 980 2710 porro
1036 2642 1499 2695 considerandum
1551 2644 1721 2697 venit.
1760 2643 1918 2708 Quod
1971 2643 2140 2712 parti-

569 2744 700 2799 ceps
727 2729 960 2798 alicujus
1006 2738 1110 2794 est,
1161 2737 1218 2782 ut
1268 2731 1497 2798 potioris
1541 2731 1844 2786 secundum
1881 2732 2139 2787 substan-

568 2820 701 2875 tiam
732 2827 786 2875 et
817 2819 1049 2874 alterius
1080 2820 1148 2873 ab
1182 2821 1303 2890 ipso
1340 2822 1582 2891 generis,
1616 2823 1763 2877 aliud
1805 2839 2030 2879 necesse
2057 2833 2141 2880 est

568 2924 694 2967 esse
738 2909 1040 2965 secundum
1084 2920 1334 2981 naturam
1366 2913 1436 2967 ab
1475 2929 1540 2968 eo
1574 2914 1718 2983 quod
1762 2916 2137 2985 participatur.

573 3002 632 3058 Si
672 3017 802 3072 ergo
830 3012 1047 3059 creatus
1086 3012 1177 3057 aut
1218 3004 1394 3060 factus
1424 3015 1508 3061 est
1558 3005 1817 3076 Spiritus,
1852 3008 2138 3076 eujusnatn

572 3094 679 3147 erit
725 3091 943 3147 demum
1004 3104 1257 3149 creatura
1296 3096 1618 3165 particeps?
1666 3098 1862 3152 Annon
1916 3100 2141 3153 omnino

573 3184 882 3254 suiipsius?
937 3201 1235 3240 commune
1325 3188 1529 3257 quippe
1607 3188 1822 3243 videtur
1872 3190 2140 3246 ambobus

571 3292 694 3333 esse
725 3277 870 3346 quod
898 3285 1144 3332 creatum
1175 3287 1281 3333 est.
1320 3277 1425 3333 Sed
1475 3288 1529 3334 et
1562 3281 1731 3335 creati
1765 3288 1819 3337 et
1865 3279 1991 3335 facti
2043 3298 2140 3337 na-

571 3376 692 3423 tura
717 3376 905 3423 nostra
935 3384 1058 3423 cum
1088 3384 1191 3424 nos
1226 3369 1421 3436 simus,
1453 3369 1578 3424 facti
1608 3387 1801 3427 sumus
1847 3374 2141 3444 participes

574 3459 827 3529 Spiritus,
850 3475 879 3512 a
933 3460 1096 3515 nobis
1145 3467 1342 3514 natura
1396 3460 1599 3516 diversi
1630 3481 1642 3516 :
1671 3462 1836 3533 832
1873 3478 1979 3518 non
2014 3477 2142 3534 ergo

574 3561 793 3606 creatus
820 3558 905 3604 est
941 3550 1204 3620 Spiritus.
1246 3550 1402 3618 Quod
1435 3554 1478 3608 si
1514 3570 1706 3607 verum
1737 3564 1844 3618 est,
1883 3563 1940 3609 ut
1991 3563 2143 3611 certe

572 3650 678 3706 est,
713 3641 853 3696 Deus
880 3649 934 3696 et
966 3657 1033 3695 ex
1081 3640 1195 3697 Deo
1238 3651 1322 3697 est
1358 3643 1620 3713 Spiritus,
1663 3647 1826 3700 sicuti
1879 3647 2141 3702 diximus.

573 3730 719 3786 Nihil
744 3734 887 3786 enim
919 3733 1221 3786 increatum
1268 3748 1392 3788 esse
1420 3735 1704 3803 putabitur
1736 3750 1997 3803 unquam,
2036 3737 2141 3789 nisi

575 3822 725 3876 solus
780 3832 973 3876 natura
1010 3822 1172 3885 Deus,
1206 3839 1270 3877 ex
1322 3838 1430 3893 quo
1487 3824 1741 3879 videlicet
1795 3824 2145 3880 ineli‘abiliter

576 3912 878 3983 procedens
929 3920 1154 3966 sanctus
1195 3912 1454 3982 Spiritus,
1507 3923 1566 3968 ut
1622 3916 1742 3985 ipse
1798 3930 1864 3968 ex
1898 3930 2005 3984 quo
2037 3923 2142 3982 est,

577 4000 790 4056 habitat
837 4001 890 4052 in
940 4000 1121 4054 nobis.
1175 3999 1438 4069 Proprius
1491 4004 1636 4056 enim
1700 4009 1786 4057 est
1826 4004 2147 4060 substantia:

577 4090 714 4154 cjus,
758 4098 811 4143 et
850 4088 1089 4156 qualitas
1137 4089 1304 4143 veluti
1352 4092 1597 4159 quaedam
1635 4093 1944 4148 sanctitatis
2002 4093 2142 4164 ejus.

577 4180 758 4249 Atque
795 4180 906 4233 [nec
937 4179 1155 4247 quidem
1204 4180 1256 4232 in
1290 4180 1426 4235 istos
1457 4182 1604 4234 dicta
1638 4191 1840 4236 Sunto:
1878 4184 2147 4242 adversus

578 4273 873 4325 Anommus
904 4281 1105 4335 autem,
1142 4272 1234 4339 qui
1262 4270 1400 4324 Filio
1430 4271 1627 4325 bellum
1658 4272 1993 4342 indixerunt,
2023 4277 2147 4346 qui-

579 4380 684 4433 quc
710 4363 900 4416 eodem
936 4376 1098 4431 quem
1129 4369 1289 4416 antea
1331 4361 1573 4417 diximus
1608 4362 1798 4419 furore.
1842 4367 2143 4433 insaniunt,

2219 542 2429 594 τάττων
2452 540 2649 607 λόγοις,
2686 540 2966 611 ἀληθεύων
2996 539 3053 594 δὲ
3089 537 3292 608 μᾶλλον
3338 536 3464 590 καθ’
3492 537 3757 605 ἑκάτερον
3780 551 3799 567 ’

2221 631 2334 701 ἔχει
2366 633 2472 702 γὰρ
2512 631 2655 686 οὕτω
2689 635 2752 703 τῇ
2787 631 2968 700 φύσει.
3025 631 3188 697 Λέγει
3233 629 3414 683 τοίνυν
3442 629 3581 697 πρός
3608 644 3759 690 τινας
3780 643 3798 656 ·

2226 742 2246 776 ι
2276 725 2399 777 ’Ότι
2428 725 2650 796 ἐγείρας
2678 725 2913 797 Χριστὸν
2952 722 3160 793 Ἰησοῦν
3189 723 3255 775 ὲκ
3279 720 3511 792 νεκρῶν,
3541 718 3804 788 ζωοποιήο

2224 830 2306 869 σει
2336 815 2430 866 καὶ
2463 814 2530 867 τὰ
2555 814 2723 884 θνητὰ
2753 814 2980 885 σώματα
3009 812 3184 882 ὐμῶν,
3216 812 3303 865 διὰ
3338 810 3431 864 τοῦ
3464 809 3802 871 ἐνοικοῦντος

2222 903 2385 957 αὐτοῦ
2420 905 2737 974 Πνεῦματος
2766 906 2829 958 ὲν
2867 905 3015 974 ὑμῖν.
3046 923 3066 956 ι
3104 899 3236 957 Εἶτα
3277 903 3442 955 πάλιν
3466 918 3481 931 θ
3538 920 3559 952 ι
3591 902 3716 952 Ὅτι
3746 900 3803 954 δέ

2225 997 2347 1048 ὲστε
2375 998 2481 1049 υἱοὶ
2504 1038 2518 1063 ,
2567 997 2947 1063 ἐξαπέστειλεν
2981 1000 3010 1050 ό
3034 995 3170 1058 Θεὸς
3204 995 3264 1048 τὸ
3294 994 3518 1065 Πνεῦμα
3546 992 3640 1049 τοῦ
3669 988 3802 1045 Υἱόῦ

2232 1085 2399 1139 αὐτοῦ
2434 1087 2513 1149 είς
2542 1087 2637 1149 τὰς
2671 1086 2897 1156 καρδίας
2930 1084 3104 1155 ὑμῶν,
3133 1082 3334 1154 κράζον
3356 1098 3370 1114 ⁸
3417 1080 3610 1143 mssa,
3637 1079 3666 1131 6
3685 1079 3802 1131 Πασ

2223 1179 2346 1247 τήηρ.
2374 1196 2393 1228 ι
2442 1178 2604 1247 Ὁρᾷς
2631 1178 2780 1240 ὅπως
2825 1177 2884 1230 τὸ
2915 1177 3046 1231 αὐτὸ
3085 1174 3311 1245 Πνεῦμα
3356 1172 3452 1226 τοῦ
3502 1188 3563 1225 τε
3589 1171 3805 1240 Πατρός

2226 1269 2340 1320 ἐστι
2364 1269 2458 1321 καὶ
2487 1268 2581 1321 τοῦ
2614 1269 2743 1322 Υίοῦ
2768 1287 2782 1333 ;
2821 1267 3217 1329 Κατοικοῦντος
3239 1262 3333 1319 οῦν
3357 1264 3464 1334 ἄρα
3495 1262 3590 1317 τοῦ
3624 1265 3802 1317 Μονο-

2216 1360 2416 1429 ⁶γενοῦς
2449 1363 2506 1413 ὲν
2528 1363 2649 1422 ταῖς
2678 1361 2924 1432 καρδίαις
2951 1360 3126 1430 ἡμῶν,
3153 1359 3252 1412 οὐκ
3278 1359 3505 1413 ἄπεστιν
3529 1357 3766 1424 ὁΠατήρ
3783 1369 3800 1386 ⁶

2228 1453 2340 1523 ἔχει
2369 1453 2476 1523 γὰρ
2501 1455 2529 1506 ὁ
2552 1453 2677 1517 Υἱὸς
2708 1454 2765 1506 ὲν
2793 1452 2972 1523 ἑαυτῷ
2998 1451 3088 1506 τὸν
3110 1452 3447 1522 Γεννήτορα,
3503 1450 3634 1519 μιᾶς
3666 1447 3805 1518 πρὸς

2227 1546 2389 1598 αὐτὸν
2432 1543 2693 1614 ὑπάρχων
2724 1544 2940 1606 οὐσίας,
2996 1542 3111 1595 ἐστι
3136 1541 3192 1594 δὲ
3222 1541 3316 1594 καὶ
3345 1539 3506 1601 αὐτὸς
3534 1541 3595 1591 ὲν
3628 1538 3803 1608 Πατρὶ

2231 1636 2492 1706 φυσικῶς.
2533 1638 2590 1688 '0
2619 1636 2715 1705 μὲν
2746 1631 2838 1688 οῦν
2872 1635 2970 1701 τῆς
2993 1633 3229 1696 πίστεως
3254 1634 3379 1703 ὄρος
3404 1649 3461 1683 τε
3498 1632 3594 1684 καὶ¹
3618 1632 3794 1684 ἀνυπ-

2229 1728 2398 1790 αίτιος
2426 1723 2578 1791 οὗτος
2604 1727 2670 1781 ἂν
2699 1726 2782 1797 εἴη
2814 1726 2990 1794 λόγος.
3047 1725 3305 1795 Ἐροίμην
3332 1723 3378 1776 δ’
3409 1723 3475 1777 ἂν
3509 1724 3602 1777 ἐπὶ
3633 1721 3797 1791 τούτῳ

2231 1819 2325 1871 καὶ
2359 1819 2478 1872 λίαν
2500 1819 2678 1889 ἡδέως
2715 1820 2839 1880 τοὺς
2868 1819 2934 1871 ὲκ
2974 1816 3173 1885 πολλῆς
3201 1816 3444 1886 ἀμαθίας
3480 1817 3563 1868 tte
3576 1813 3798 1886 ροδοξεῖν

2232 1908 2545 1977 ἑλομένους,
2579 1910 2672 1963 καὶ
2700 1911 2764 1980 τῇ
2817 1907 2912 1960 τοῦ
2948 1906 3266 1978 Πνεῦματος
3290 1905 3418 1978 δόξῃ
3459 1907 3559 1976 τὴν
3594 1907 3802 1959 οἰκείαν

2232 1997 2609 2064 ὲξοπλίζοντας
2640 1998 2905 2066 γλῶτταν.
2952 1998 3018 2052 Τί
3046 1997 3154 2065 γὰρ
3195 1997 3259 2068 δὴ
3297 1997 3391 2050 καὶ¹
3435 1999 3623 2064 φαῖεν,
3670 1998 3803 2049 ὅταν

2232 2092 2478 2161 λέγωμεν
2506 2092 2718 2154 αὐτοῖς·
2763 2092 2824 2145 Et
2850 2090 3065 2144 κτιστὸν
3091 2090 3152 2143 τὸ
3173 2089 3403 2159 Πνεῦμα
3429 2092 3566 2152 ἐστι,
3598 2088 3695 2143 καὶ
3713 2088 3804 2141 ἁλ-

2233 2183 2444 2254 λότριον
2477 2186 2574 2254 τῆς
2617 2184 2802 2248 οὐσίας
2828 2184 2921 2238 τοῦ
2951 2183 3109 2248 Θεοῦ,
3136 2183 3257 2237 καθ’
3290 2184 3455 2254 ὑμᾶς,
3492 2182 3608 2244 πῶς
3644 2182 3710 2236 ἂν
3749 2185 3803 2235 ὲν

2234 2278 2365 2346 ἡμῖν
2396 2274 2463 2328 δι’
2513 2277 2678 2329 αὐτοῦ
2718 2277 3039 2346 κατοικῆσαι
3069 2275 3201 2338 Θεός
3228 2293 3242 2341 ;
3277 2274 3393 2339 πῶς
3419 2275 3475 2328 δὲ
3508 2274 3644 2327 Θεοῦ
3682 2273 3809 2344 μέτ-

2235 2388 2357 2440 οχος
2403 2373 2430 2424 6
2461 2371 2521 2425 τὸ
2551 2370 2774 2441 Πνεῦμα
2804 2370 3017 2437 λαὸὠύς
3066 2370 3127 2425 Et
3153 2372 3253 2442 μὲν
3296 2372 3404 2442 γάρ
3434 2373 3551 2425 ἐστι
3580 2372 3688 2424 τῶν
3722 2372 3808 2423 ὲν-

2236 2461 2538 2531 δεχομένων
2569 2462 2658 2515 διά
2685 2479 2828 2526 τινος
2852 2464 2989 2527 ὅλως
3018 2463 3284 2533 γεννητῆς
3309 2463 3498 2526 οὐσίας
3527 2463 3625 2530 τῆς
3661 2461 3808 2525 θείας

2237 2570 2295 2605 τε
2322 2553 2414 2605 καὶ
2443 2553 2684 2624 ἀρρήτου
2716 2552 2931 2623 φύσεως
2954 2556 3101 2625 ἡμᾶς
3144 2554 3471 2626 μεταλαχεῖν
3490 2596 3504 2619 ,
3548 2554 3599 2606 τί
3628 2554 3693 2608 ἂν
3732 2553 3809 2607 ἔτι

2237 2644 2297 2697 τὸ
2332 2643 2537 2697 κωλῦον
2569 2644 2741 2716 ὁρῷτο
2785 2646 2876 2699 τὸν
2925 2646 3055 2702 Θεὸν
3100 2648 3192 2700 καὶ
3224 2647 3442 2718 Πατέρα
3481 2646 3543 2699 τὸ
3584 2645 3813 2715 Πνεῦμα

2238 2733 2636 2803 παρωσάμενον
2674 2734 2766 2787 καὶ
2797 2734 2864 2787 δι’
2891 2735 3079 2807 ἐτέρου
3106 2735 3247 2798 τινὸς
3275 2729 3443 2807 οῦπερ
3475 2736 3541 2789 ἂν
3568 2734 3813 2805 βούλοιτο

2239 2821 2537 2891 κτίσματος
2579 2825 2634 2877 ὲν
2664 2825 2794 2894 ἡμῖν
2855 2825 3126 2894 γίνεσθαι,
3179 2826 3271 2880 καὶ
3316 2826 3572 2895 ἁγιάζειν
3624 2826 3811 2895 quis;

2254 2912 2417 2966 Ἀλλὰ
2458 2914 2614 2968 τοῦτο
2659 2915 2917 2970 ἀδύνατον
2941 2933 2955 2947 ο
3013 2917 3074 2970 οὐ
3100 2917 3206 2989 γὰρ
3238 2917 3303 2975 ἂν
3332 2917 3539 2986 γένοιτό
3566 2934 3651 2981 τις
3683 2915 3814 2969 Θεοῦ

2243 3005 2308 3077 δὴ
2337 3004 2429 3058 τοῦ
2470 3007 2611 3061 κατά
2634 3007 2795 3077 φύσιν
2832 3009 3057 3080 μέτοχος
3083 3010 3149 3064 δι’
3178 3009 3396 3082 ἐτέρου,
3431 3011 3478 3063 εί
3516 3010 3589 3079 μὴ
3611 3008 3701 3063 διὰ
3722 3008 3815 3062 τοῦ

2242 3095 2559 3168 Πνεῦματος
2578 3115 2592 3131 ’
2639 3098 2772 3162 Θεὸς
2801 3099 2908 3171 ἄρα
2938 3102 3033 3154 καὶ
3063 3103 3126 3154 ὲκ
3154 3101 3289 3154 Θεοῦ
3325 3100 3387 3154 τὸ
3420 3100 3646 3170 Πνεῦμα
3664 3139 3679 3162 ,
3725 3101 3819 3153 καὶ

2242 3187 2305 3241 οὐ
2334 3190 2449 3252 τοῖς
2481 3189 2763 3258 γεγονόσιν
2798 3191 3146 3263 ἐναρίθμιον,
3188 3192 3436 3262 καθάπερ
3469 3192 3619 3256 ἔδοξέ
3654 3208 3816 3245 τισιν.

2246 3279 2454 3344 ⁸Ἀλλως
2482 3298 2541 3334 τε
2577 3282 2795 3335 κάκεῖνο
2823 3281 2960 3353 πρὸς
2988 3285 3145 3338 τοῦτο
3172 3285 3546 3340 διασκεπτέον.
3590 3286 3663 3341 Τὸ
3693 3285 3819 3357 μέτ-

2243 3366 2365 3436 οχόν
2412 3385 2594 3433 τινος,
2646 3370 2722 3433 ὡς
2751 3371 3056 3442 κρείττονος
3098 3377 3219 3429 κατ’
3248 3375 3467 3442 οὐσίαν,
3506 3376 3610 3437 ,καὶ
3648 3379 3820 3446 ἑτερο-

2245 3458 2413 3528 φυοῦς
2451 3460 2484 3531 ἢ
2517 3461 2654 3533 ὅπερ
2683 3462 2829 3516 ἐστὶν
2860 3464 3021 3529 αὐτὸ,
3070 3465 3255 3538 ἕτερον
3304 3467 3445 3522 εἶναι
3472 3468 3617 3523 κατὰ
3660 3469 3820 3538 φύσιν

2245 3555 2460 3625 ἀνάγκη
2476 3556 2569 3609 τοῦ
2590 3559 2975 3628 μετεχομένου.
2998 3558 3061 3610 Ei
3077 3559 3254 3611 τοίνυν
3283 3560 3498 3612 κτιστὸν
3535 3560 3566 3631 ἢ
3600 3560 3821 3628 ποιητὸν

2244 3646 2306 3699 τὸ
2341 3647 2585 3718 Πνεῦμα,
2609 3649 2753 3713 τίνος
2787 3649 2939 3703 ἔσται
2961 3650 3146 3704 λοιπὸν
3170 3651 3202 3720 ἡ
3226 3651 3402 3716 κτίσις
3429 3652 3654 3723 μέτοχος
3675 3647 3821 3724 ;⁷Δρ⁹

2245 3738 2365 3809 οὐχὶ
2403 3738 2618 3802 πάντως
2648 3740 2884 3810 ἑαυτῆς;
2933 3741 3112 3794 κοινὸν
3143 3741 3253 3811 γὰρ
3282 3744 3473 3812 ὁρᾶται
3514 3744 3543 3796 ὃ
3573 3744 3826 3799 ἔκτισται

2245 3828 2428 3883 λοιπὸν
2462 3832 2547 3884 ἐπ’
2592 3832 2812 3902 ἀμφοῖν.
2873 3832 3035 3887 Ἀλλὰ
3070 3834 3167 3886 καλ⁵
3222 3837 3432 3888 κτιστοὶ
3477 3837 3569 3890 καὶ
3603 3837 3826 3905 γενητοὶ

2247 3923 2388 3977 κατὰ
2412 3921 2572 3990 φύσιν
2604 3923 2756 3989 ὅντες
2778 3926 2938 3996 ἡμεῖς
2957 3966 2972 3987 ,
3021 3925 3096 3989 ὡς
3122 3926 3311 3997 ἑτέρου
3354 3927 3496 3980 κατὰ
3527 3927 3691 3995 φύσιν
3720 3929 3824 3981 ὐπ-

2248 4013 2507 4085 άρχοντος
2534 4015 2567 4087 ἢ
2602 4015 2739 4086 ὅπερ
2770 4018 2933 4086 ἡμεῖς
2954 4055 2969 4081 ,
3000 4017 3094 4071 τοῦ
3131 4016 3450 4088 Πνεῦματος
3483 4020 3826 4089 μετεσχήκα-

2252 4122 2352 4174 μεν
2376 4122 2388 4135 ·
2425 4108 2524 4159 οὐκ
2550 4106 2659 4176 ἄρα
2696 4109 2912 4161 κτιστὸν
2942 4110 3003 4162 τὸ
3032 4109 3256 4180 Πνεῦμα
3277 4112 3443 4164 ἐστιν.
3492 4111 3554 4164 Ei
3583 4110 3641 4163 δὲ
3667 4111 3824 4165 τοῦτο

2248 4195 2475 4264 ἀληθὲς,
2529 4196 2718 4269 ὥσπερ
2761 4195 2853 4253 οῦν
2898 4199 3126 4271 ἀληθὲς,
3176 4201 3308 4265 Θεὸς
3349 4202 3445 4256 καὶ
3495 4203 3559 4255 ὲκ
3588 4200 3725 4255 Θεοῦ
3762 4202 3824 4254 τὸ

2249 4280 2494 4351 Πνεῦμα,
2524 4282 2774 4355 καθάπερ
2809 4286 3130 4359 εἰρήκαμεν.
3179 4289 3536 4359 Δωφεύξεται
3568 4292 3682 4363 γᾴρ
3718 4290 3823 4343 τῶν

2250 4372 2416 4426 ὄντων
2445 4374 2595 4427 οὐδὲν
2624 4373 2721 4445 τὴν
2746 4376 2839 4428 τοῦ
2876 4379 3202 4448 πεποιῆσθαι
3231 4380 3416 4445 δόξαν,
3476 4382 3524 4433 εί
3556 4382 3632 4451 μὴ
3665 4382 3825 4451 μόνος

579 4453 833 4509 nonnihil
871 4452 1017 4521 quod
1049 4468 1229 4519 Opera:
1258 4456 1491 4524 pretium
1516 4455 1589 4510 sit
1627 4456 1824 4510 dicam.
1873 4475 1891 4508 ι
1936 4459 1991 4512 Si
2024 4460 2137 4528 quis

2250 4461 2278 4514 6
2319 4462 2476 4530 φύσει
2509 4463 2669 4527 Θεὸς,
2726 4465 2785 4532 ἐξ
2830 4461 2891 4520 οῦ
2935 4468 3176 4536 δηλονότι
3228 4471 3417 4539 προϊὸν
3461 4472 3717 4543 ἀρρήτως
3761 4471 3823 4524 τὸ

577 4542 756 4612 diligit
804 4558 910 4609 me,
965 4558 1277 4597 sermonem
1334 4558 1512 4597 meum
1550 4546 1827 4612 servabit,
1880 4554 1934 4600 et
1986 4545 2147 4603 Pater

579 4650 733 4690 meus
761 4635 948 4705 diliget
977 4650 1125 4696 eum,
1148 4641 1201 4689 et
1239 4635 1302 4688 ad
1338 4650 1459 4688 eum
1495 4637 1793 4702 veniemus,
1823 4648 1876 4691 et
1908 4639 2147 4694 mansio-

578 4740 702 4782 nem
732 4725 874 4794 apud
908 4740 1033 4779 eum
1067 4723 1353 4780 iaciemus.
1395 4744 1413 4776 ι
1442 4724 1581 4789 Quid
1611 4744 1742 4797 ergo
1774 4729 2141 4800 respondetis,

579 4831 616 4871 ο
648 4816 854 4871 strenui
888 4816 1024 4878 viri,
1061 4816 1105 4869 si
1144 4816 1270 4886 quis
1308 4816 1625 4871 seiscitetur
1664 4833 1694 4871 a
1727 4820 1903 4885 vobis,
1961 4829 2144 4874 utrum

579 4907 720 4962 duos
767 4906 1006 4960 habituri
1064 4905 1242 4960 simus
1299 4906 1431 4962 deos
1476 4907 1875 4973 inhabitantes,
1921 4908 2143 4965 Patrem

580 4999 841 5054 nimirum
873 5007 927 5052 et
948 4996 1153 5050 Filium
1185 5016 1198 5052 :
1245 5013 1316 5053 an
1358 5014 1487 5053 vero
1524 4997 1667 5054 Deus
1716 5016 1858 5057 unus
1894 5001 1949 5055 in
1984 5002 2143 5058 nobis

582 5087 918 5156 intelligatur
944 5101 1008 5139 ac
1039 5100 1163 5139 vere
1216 5087 1325 5142 sit?
1370 5085 1503 5141 Nam
1536 5088 1583 5143 si
1639 5097 1832 5143 natura
1889 5089 2145 5147 diversus

580 5185 666 5232 est
694 5176 913 5230 omnino
968 5173 1140 5228 Filius
1186 5184 1240 5229 et
1280 5175 1333 5229 in
1373 5178 1589 5245 propria
1628 5165 1889 5249 'quadam
1947 5191 2144 5235 natura

584 5267 927 5335 intelligitur,
963 5260 1249 5335 quomodo
1292 5282 1522 5323 necesse
1562 5284 1668 5323 non
1701 5278 1784 5324 est
1826 5270 1966 5326 duos
2012 5271 2144 5328 deos

584 5359 639 5412 in
669 5360 829 5413 nobis
860 5373 982 5413 esse
1015 5356 1257 5423 credere,
1288 5358 1543 5413 mandata
1569 5361 1966 5416 servantibus?
1990 5361 2144 5428 Quod

583 5449 629 5503 si
661 5451 824 5505 unius
862 5465 969 5504 non
1001 5459 1180 5505 autem
1211 5449 1444 5505 duorum
1478 5452 1704 5508 deorum
1750 5456 1949 5525 templa
2000 5455 2140 5510 dici-

585 5553 727 5603 mur,
752 5538 915 5596 Patre
936 5555 999 5596 ac
1030 5539 1167 5597 Filio
1197 5543 1251 5598 in
1281 5544 1440 5599 nobis
1471 5544 1867 5612 habitantibus,
1893 5562 2141 5617 quaenam

651 5714 696 5747 ⁹³
720 5710 894 5769 Rom.
928 5728 1046 5782 vm,
1073 5714 1161 5770 il.
1234 5715 1492 5792 “.Galat.
1522 5731 1594 5778 iv,
1628 5715 1679 5770 6.

2251 4552 2478 4622 Πνεῦμα
2506 4553 2567 4605 τὸ
2588 4555 2742 4622 ἅγιον
2764 4598 2779 4621 ,
2811 4557 2886 4621 ὡς
2920 4560 3082 4622 αὐτὸς
3114 4559 3171 4624 ἐξ
3198 4556 3370 4630 οὗπέρ
3396 4564 3572 4625 ἐστιν,
3608 4564 3666 4616 ὲν
3689 4564 3823 4632 ,ἡμῖν

2254 4646 2517 4696 κατοικεῖ.
2541 4644 2701 4697 Ἰδιον
2732 4647 2839 4717 γάρ
2869 4650 2983 4699 ἐστι
3011 4649 3110 4717 τῆς
3138 4649 3325 4713 οὐσίας
3352 4650 3662 4716 αὐτοῦ,.καὶ
3680 4650 3825 4703 ποιό-

2251 4747 2351 4801 της
2382 4730 2573 4803 ὥσπερ
2607 4734 2707 4803 τῆς
2732 4736 3017 4808 ἁγιότητος
3040 4737 3224 4792 αὐτοῦ.
3257 4740 3365 4792 Καὶ
3398 4739 3570 4794 ταῦτα
3599 4739 3696 4810 μὲν
3723 4739 3824 4809 ἠδη

2254 4821 2390 4893 πρὸς
2406 4823 2625 4889 τούτους
2650 4843 2663 4857 ·
2713 4828 2848 4899 πρὸς
2874 4829 2929 4881 δέ
2961 4845 3024 4895 γε
3068 4830 3196 4893 τοὺς
3224 4830 3569 4899 Ἅνομοίους,
3594 4830 3692 4884 καὶ
3723 4846 3823 4883 πο-

2253 4912 2436 4983 λεμεῖν
2458 4916 2773 4985 ἐγνωκότας
2798 4919 2875 4988 τῷ
2914 4918 3058 4989 Υἱῷ,
3094 4919 3144 4973 οἳ
3178 4920 3273 4972 καὶ
3294 4920 3563 4990 ἀδελφὴν,
3590 4921 3683 4973 καὶ
3708 4920 3825 4989 γεί-

2254 5019 2382 5056 τονα
2420 5008 2533 5069 τοῖς
2560 5009 2869 5079 εἰρημένοις
2907 5010 3037 5080 ἡμῖν
3079 5011 3280 5081 ἀρτίω,
3330 5009 3548 5066 νοσοῦσι
3600 5011 3823 5080 μανίαν,

2257 5094 2369 5165 ἐρῶ
2395 5114 2450 5150 τι
2468 5097 2575 5150 τῶν
2596 5101 2927 5168 ἀναγκαίων.
2955 5119 2972 5150 ι
2996 5100 3122 5155 Ἐάν
3145 5119 3227 5165 τις
3244 5102 3433 5172 ἀγαπᾷ
3459 5119 3547 5173 με,
3565 5101 3655 5157 τὸν
3670 5101 3825 5168 λόγον

2256 5201 2357 5255 μου
2383 5188 2635 5257 τηρήσει,
2669 5191 2759 5243 καὶ
2790 5193 2818 5244 ό
2850 5193 3039 5264 Πατήρ
3075 5211 3175 5263 μου
3211 5194 3487 5262 ἀγαπήσει
3518 5193 3702 5256 αὐτὸν,
3730 5192 3825 5247 καὶ

2253 5275 2390 5344 πρὸς
2423 5277 2584 5331 αὐτὸν
2622 5280 2977 5352 ἐλευσόμεθα,
3010 5283 3103 5336 καὶ
3135 5282 3300 5353 μονὴν
3322 5282 3449 5353 παρ’
3476 5281 3624 5351 αὐτῷ
3665 5297 3824 5348 ποιη-

2255 5364 2481 5436 σόμεθα.
2498 5387 2515 5420 ι
2546 5370 2612 5423 Τί
2632 5367 2743 5440 οῦν,
2764 5367 2808 5429 ὦ
2834 5376 3091 5441 γενναῖοι,
3110 5374 3266 5442 φατὲ,
3298 5372 3654 5427 διαπυθέσθαι
3682 5371 3825 5433 τινὸς

2254 5454 2528 5524 ἐθέλοντος
2555 5463 2649 5515 καὶ
2679 5462 2868 5533 μαθεῖν
2914 5463 3189 5529 ἀξιοῦντος
3229 5464 3358 5535 παρ’
3387 5462 3563 5534 ὑμῶν.
3598 5460 3823 5533 πότερόν

2253 5562 2382 5599 ποτε
2407 5548 2500 5603 δύο
2528 5551 2683 5617 θεοὺς
2708 5553 2901 5625 ἕξομεν
2937 5554 3276 5616 ἐνοικοῦντας
3297 5594 3311 5620 ,
3352 5553 3442 5606 τὸν
3476 5552 3703 5624 Πατέρα
3732 5548 3824 5605 καὶ
