4076 6270
259 331 366 391 99³5

1289 324 1356 380 IN
1379 322 1661 380 JOANNIS
1691 321 2142 380 EVANGELIUM
2181 320 2312 378 LIB.
2353 321 2422 376 Χ.

3417 313 3525 368 296

259 428 350 482 τὸν
375 427 502 479 Tim
527 440 542 457 °
587 424 633 494 ’ἢ
659 424 793 486 Θεδς
828 416 908 483 εἷς
953 419 1010 472 ἐν
1052 421 1182 490 ἡμῖν
1212 422 1410 473 νοεῖται
1441 438 1499 473 τε
1547 423 1642 474 καὶ
1687 421 1835 474 ἐστιν

1950 421 2094 474 ratio
2125 421 2181 474 in
2211 420 2373 474 nobis
2399 417 2540 472 duos
2573 415 2700 472 illos
2734 413 2801 469 ad
2832 413 3098 469 unitatem
3122 414 3340 485 redigit,
3392 431 3518 470 cum

263 517 516 587 ἀληθῶς;
562 516 625 568 Εἰ
657 514 754 583 μὲν
782 512 887 581 γὰρ
917 511 1103 581 ἕτερός
1129 512 1247 564 ἐστι
1283 512 1424 564 κατά
1457 513 1618 581 φύσιν
1651 515 1680 565 6
1712 512 1840 575 Υἱὸς

266 605 538 665 παντελῶς
575 603 664 656 καὶ
707 603 765 653 ἐν
806 601 913 670 ἰδίᾳ
960 601 1066 652 τινὶ
1110 601 1272 667 φύσει
1326 599 1619 671 νοούμενος
1645 641 1658 663 ,
1720 601 1839 664 πῶς

268 699 366 751 οὑκ
394 697 596 764 ἀνάγκη
622 690 786 745 δυάδα
828 691 968 743 θεῶν
1002 693 1060 743 ἐν
1087 693 1220 760 ἡμῖν
1248 691 1503 757 γενέσθαι
1541 691 1837 755 πιστεύειν,

270 790 391 842 ὃταν
421 785 667 854 τηρῶμεν
700 783 801 846 τάς
825 782 1046 845 ἐντολάς
1079 799 1093 847 ;
1151 783 1210 834 Εἰ
1243 783 1299 834 δὲ
1349 785 1468 836 ναοὶ
1497 783 1838 854 χρηματίζο-

275 897 384 950 μεν,
406 877 519 940 ἐνὸς
535 875 780 948 δηλονότι
806 875 902 928 καὶ
923 875 984 926 ού
1007 873 1100 926 δύο
1124 873 1282 936 θεῶν,
1305 876 1434 927 ὅταν
1453 877 1586 944 ἡμῖν
1610 877 1637 927 ὁ
1657 875 1842 944 Πατὴρ

269 972 356 1024 καὶ
394 968 569 1031 όΥἰὸς
619 967 1036 1031 ἐναυλίξωνται,
1086 968 1236 1028 ποῖος
1267 969 1324 1019 ἐν
1369 969 1504 1037 ἡμῖν
1559 967 1640 1020 ἔτι
1684 966 1843 1034 λόγος

267 1062 535 1116 συστέλλει
571 1061 706 1130 πρὸς
747 1061 976 1131 ἑνότητα
1025 1060 1154 1124 τοὺς
1191 1060 1315 1124 δύο,
1364 1061 1466 1130 τῆς
1495 1062 1615 1114 κατ’
1654 1060 1844 1124 ούσίας

262 1153 586 1222 ταπότητος
626 1151 726 1204 ούκ
753 1150 986 1220 ἐχούσης
1013 1149 1180 1202 τόπον
1200 1190 1214 1213 ,
1255 1149 1399 1201 κατά
1427 1165 1491 1217 γε
1520 1148 1618 1218 τὴν
1648 1147 1844 1217 ὑμετέ-

266 1261 362 1314 ραν
422 1241 888 1312 φρενοὸλάὁειανς
939 1243 1008 1294 Ἢ
1057 1240 1166 1312 γάρ
1233 1241 1445 1311 ἀνάγκη
1494 1241 1712 1308 λέγειν,
1760 1241 1842 1294 ὅτι

258 1332 425 1402 ψευδῆ
456 1332 597 1402 πρὸς
621 1332 772 1401 ἡμᾶς
815 1331 1114 1400 λελάληκεν
1143 1333 1172 1385 6
1204 1332 1468 1403 Χριστὸς,
1514 1329 1842 1394 ἐνοικίζεται

257 1425 312 1478 δὲ
364 1427 528 1496 μόνον
561 1428 692 1497 ἡμῖν
727 1427 754 1479 6
786 1427 981 1496 Πατὴρ
1023 1426 1110 1479 διά
1153 1427 1247 1480 τοῦ
1279 1428 1594 1498 Πνεύματος
1615 1443 1631 1458 ο
1676 1427 1842 1496 ἧγουν

258 1519 454 1571 ἐνοικεῖ
484 1518 586 1587 μὲν
613 1517 808 1580 αὐτὸς,
859 1517 1054 1571 ἄπεστι
1083 1518 1140 1570 δέ
1167 1521 1195 1571 6
1225 1519 1435 1590 Πατήρ.
1489 1519 1649 1572 Ἀλλά
1687 1519 1843 1572 τοῦτο

259 1610 456 1662 ἄτοπον
478 1625 496 1639 ⁸
551 1605 632 1673 εἷς
662 1609 718 1662 δὲ
748 1609 880 1674 Θεὸς
908 1613 966 1664 ἐν
1009 1613 1172 1682 ἡμῖν,
1207 1612 1334 1664 ὅταν
1366 1613 1531 1681 ἄμφω
1564 1611 1839 1682 λάϐωμεν.

259 1700 371 1770 Ούχ
401 1700 747 1772 ἐτεροούσιος
771 1702 880 1769 ἄρα
908 1702 1046 1774 πρὸς
1081 1703 1172 1756 τὸν
1199 1702 1391 1756 ἑαυτοῦ
1418 1703 1638 1774 Πατέρα
1667 1706 1846 1772 φανεῖ-

1939 512 2092 581 juxta
2117 519 2350 565 vestram
2377 509 2732 569 dementiam,
2760 505 3034 561 identitati
3064 505 3388 560 substantiae
3408 523 3519 561 non

1943 603 2015 658 sit
2033 602 2217 656 locus?
2237 600 2332 654 Vel
2360 601 2504 655 enim
2524 615 2749 655 necesse
2769 608 2854 654 est
2874 600 3056 653 dicere
3076 597 3356 653 Christum
3382 597 3520 654 falsa

1944 694 2103 747 nobis
2141 709 2265 746 esse
2303 693 2576 754 locutum,
2601 701 2655 747 et
2685 692 2993 746 inhabitare
3022 699 3232 745 tantum
3278 691 3332 745 in
3363 690 3522 753 nobis

1943 785 2157 839 Patrem
2189 801 2284 854 per
2309 785 2574 850 Spiritum
2599 802 2614 850 ;
2639 785 2723 839 vel
2749 784 3057 838 inhabitare
3079 783 3297 852 quidem
3319 783 3522 852 ipsum,

1944 880 2138 933 abesse
2158 893 2289 932 vero
2307 877 2547 931 Patrem.
2566 875 2634 930 At
2659 877 2759 930 hoc
2790 875 3087 931 absurdum
3113 894 3124 929 :
3149 889 3293 928 unus
3324 875 3527 945 quippe

1947 971 2088 1025 Deus
2129 977 2214 1024 est
2246 970 2298 1022 in
2334 969 2512 1033 nobis,
2561 984 2684 1022 cum
2727 968 2924 1022 ambos
2971 966 3341 1032 suscepimus.
3401 963 3526 1019 Non

1945 1077 2074 1130 ergo
2124 1062 2356 1115 diversae
2403 1076 2432 1113 a
2494 1061 2657 1115 Patre
2717 1074 2819 1114 suo
2867 1058 3194 1114 substantia:
3244 1057 3529 1126 apparebit.

1945 1149 2297 1221 Unigeuitus.
2334 1151 2429 1205 sed
2463 1165 2527 1203 ex
2560 1150 2768 1218 seipse,
2796 1159 2849 1203 et
2896 1150 2949 1202 in
2987 1149 3127 1218 ipso,
3159 1149 3306 1202 sicut
3340 1148 3391 1201 in
3439 1147 3528 1200 lu-

1947 1243 2091 1296 mine
2130 1241 2395 1312 splendor
2439 1242 2532 1309 qui
2573 1257 2636 1294 ex
2696 1256 2804 1295 eo:
2856 1239 2961 1294 hoc
3009 1241 3155 1294 enim
3207 1238 3391 1301 modo,
3417 1252 3528 1292 non

1945 1343 2128 1388 autem
2185 1333 2314 1396 alio,
2349 1333 2593 1403 mysterii
2627 1333 2711 1387 vis
2739 1339 2794 1386 et
2852 1331 2996 1385 ratio
3051 1346 3179 1386 vera
3227 1329 3411 1383 fuerit.
3464 1326 3532 1380 Et

1947 1427 2166 1495 quidem
2193 1425 2419 1481 divinus
2463 1423 2668 1480 Paulus
2708 1441 2818 1479 non
2855 1426 3088 1479 duorum
3122 1423 3349 1477 deorum
3395 1429 3532 1475 tem-

1946 1521 2034 1588 pla
2067 1534 2167 1573 nos
2203 1519 2516 1588 appellavit,
2559 1517 2656 1572 sed
2686 1519 2848 1573 unius
2881 1534 2894 1570 :
2931 1535 2949 1567 ι
3005 1515 3266 1580 Nescitis,
3330 1513 3530 1584 inquit,

1947 1612 2074 1680 quia
2097 1612 2360 1679 templum
2391 1610 2483 1665 Dei
2521 1611 2682 1672 estis,
2716 1620 2769 1664 et
2796 1610 3040 1680 Spiritus
3079 1607 3172 1662 Dei
3213 1608 3423 1662 habitat
3475 1607 3532 1660 in

1948 1702 2104 1758 vobis
2127 1701 2210 1754 "?
2238 1722 2256 1754 ι
2294 1701 2455 1758 Vides
2487 1712 2578 1768 ut,
2617 1704 2671 1757 in
2706 1703 3027 1757 substantia:
3072 1701 3410 1755 identitatem
3437 1697 3536 1752 Pa-

253 1810 346 1846 ται
390 1792 586 1845 λοιπὸν
629 1794 658 1845 6
705 1794 1046 1864 Μονογενὴς,
1102 1794 1232 1856 ἀλλί
1257 1793 1318 1859 ἐξ
1365 1794 1597 1859 ἐαυτοῦ,
1645 1797 1740 1848 καὶ
1789 1798 1846 1849 ὲν

1951 1799 2033 1844 tre
2060 1798 2115 1846 et
2163 1789 2301 1845 Filio
2329 1792 2566 1855 collatis,
2628 1793 2830 1861 templa
2870 1807 2973 1846 nos
3023 1790 3202 1846 factos
3249 1805 3374 1845 esse
3421 1790 3533 1852 ait,

256 1884 435 1955 αὐτῷ,
476 1884 738 1954 καθάπερ
779 1887 838 1938 ἐν
890 1886 965 1955 τῷ
1012 1887 1152 1954 φωτὶ
1187 1886 1246 1939 τὸ
1289 1887 1633 1958 ἀπαύγασμα
1680 1888 1738 1942 τὸ
1785 1889 1842 1955 ἐξ

1951 1898 2057 1937 non
2089 1885 2340 1947 deorum,
2380 1885 2476 1938 sed
2516 1883 2629 1937 Dei.
2657 1883 2768 1938 Cur
2802 1885 2954 1938 vanis
2990 1884 3154 1953 igitur
3197 1884 3536 1937 ratiunculis

257 1975 447 2030 αὐτοῦ’
502 1976 589 2046 εἴη
619 1976 730 2047 γὰρ
764 1976 832 2030 ἂν
860 1975 1004 2029 οὕτω
1041 1976 1134 2029 καὶ
1163 1977 1262 2048 ούχ
1307 1979 1512 2049 ἑτέρως
1546 1981 1579 2050 ή
1617 1979 1711 2032 τοῦ
1746 1998 1844 2048 μυ-

1950 1975 2203 2029 veritatis
2252 1975 2360 2028 vim
2399 1975 2728 2037 concutitis,
2779 1983 2832 2028 et
2870 1975 3168 2044 impietatis
3215 1983 3412 2028 vestrae
3440 1989 3538 2028 ve-

259 2069 475 2140 στηρίου
511 2068 744 2138 δύναμις
767 2067 996 2138 ἀληθής.
1039 2070 1151 2122 Καὶ
1171 2069 1304 2137 γοῦν
1332 2072 1360 2124 6
1385 2071 1674 2134 θεσπέσιος
1697 2071 1844 2124 Παῦ-

1951 2082 2157 2122 nenum
2180 2067 2248 2122 iis
2280 2066 2574 2121 infunditis
2602 2067 2695 2136 qui
2721 2081 2910 2120 sacras
2941 2065 3268 2136 divinasque
3301 2063 3538 2120 Litteras

256 2158 345 2223 λος
365 2199 380 2221 ,
427 2160 550 2229 οὐχὶ
577 2159 668 2213 δύο
693 2159 830 2212 θεῶν
858 2161 1009 2229 ἡμᾶς
1035 2160 1288 2231 ὠνόμασε
1321 2163 1482 2225 ναοὺς
1501 2204 1515 2226 ,
1577 2162 1692 2216 ἀλλ’
1726 2162 1844 2226 ἐνὸς

1951 2158 2424 2215 inconsideratius
2453 2160 2722 2227 attingere
2753 2157 2977 2211 solent?

257 2251 497 2320 δηλονότι
536 2256 627 2307 καί⁸
681 2255 868 2310 αὐτοῦ.
901 2275 920 2308 ι
971 2257 1088 2310 Οὐκ
1117 2258 1293 2311 οἴδατε
1313 2300 1326 2321 ,
1355 2260 1549 2330 φησιν,
1595 2261 1677 2313 ὅτι
1713 2260 1838 2323 ναὸς
1876 2258 2011 2312 Θεοῦ
2038 2261 2159 2312 ἐστε
2182 2299 2196 2324 ,
2232 2258 2326 2311 καὶ
2353 2258 2414 2309 τὸ
2439 2257 2664 2328 Πνεῦμα
2695 2257 2789 2310 τοῦ
2817 2256 2951 2309 Θεοῦ
2987 2257 3126 2309 οἰκεῖ
3192 2258 3249 2310 ἐν
3317 2257 3482 2328 ύμῖν;
3514 2281 3534 2316 ι

275 2343 436 2414 Ὁρᾷς
465 2347 581 2410 ὅτι,
621 2349 1044 2418 συνεισενεγκὼν
1076 2353 1157 2414 εἰς
1184 2351 1370 2415 οὐσίας
1405 2353 1712 2424 ταυτότητα
1746 2353 1838 2406 τὸν
1877 2352 2096 2422 Πατέρα
2119 2351 2320 2404 καὶτὸν
2343 2351 2488 2416 Υἰὸν,
2509 2351 2670 2412 ναοὺς
2695 2351 2842 2420 ἡμᾶς
2904 2347 3280 2417 ἀποδεδεῖχθαί
3352 2363 3540 2420 φησιν,

266 2435 324 2486 οὐ
355 2435 493 2487 θεῶν
521 2437 740 2505 μᾶλλον,
765 2440 899 2492 ἀλλά
923 2441 1080 2495 Θεοῦ.
1143 2441 1210 2496 Τί
1281 2445 1464 2498 τοίνυν
1521 2445 1750 2508 εἰκαίοις
1812 2443 2228 2514 παρακρούεσθε
2262 2443 2542 2513 λογισμοῖς
2589 2441 2691 2509 τῆς
2737 2439 2992 2509 ἀληθείας
3028 2439 3125 2510 τὴν
3153 2439 3412 2507 δύναμιν⁷
3447 2429 3542 2488 καὶ

268 2525 366 2594 τῆς
389 2527 594 2580 ἐαυτῶν
625 2529 940 2594 δυσσεϐείας
967 2531 1056 2585 τὸν
1089 2533 1166 2586 ἰὸν
1189 2535 1540 2608 ἐπισπείρετε
1573 2537 1685 2598 τοῖς
1717 2533 2056 2606 ἀλογώτερον
2084 2534 2298 2588 εἰωθόσι
2330 2533 2690 2604 προσϐάλλειν
2715 2536 2829 2596 τοῖς
2881 2535 3045 2603 ἱεροῖς
3104 2548 3164 2584 τε
3225 2531 3320 2584 καὶ
3375 2529 3542 2584 θείοις

269 2615 599 2688 Γράμμασιν
625 2637 639 2684 ;

351 2710 410 2762 '0
441 2711 527 2780 μὴ
567 2713 814 2783 ἀγαπῶν
831 2734 927 2787 με,
962 2718 1106 2784 τοὺς
1133 2721 1357 2789 λόγους
1378 2737 1496 2790 μου
1524 2723 1595 2775 οὐ
1623 2720 1806 2790 τηρεῖ.

325 2889 735 2959 Προαποδείξας
799 2890 858 2948 εὗ
919 2895 1062 2965 μάλα
1114 2897 1207 2950 καί.
1251 2898 1628 2969 διορισάμενος
1672 2901 1848 2972 ὀρθῶς

257 2981 402 3046 τίνες
433 2983 499 3036 ἂν
530 2980 636 3038 εἶεν
664 2988 712 3038 οἱ
741 2987 1066 3056 ἀγαπῶντες
1087 2990 1270 3054 αὐτὸν,
1303 2991 1569 3060 μεθέξωσι
1599 2991 1653 3046 δὲ
1678 2993 1848 3046 ποίων

257 3073 502 3141 ἀγαθῶν,
538 3077 781 3146 μέτεισιν
814 3078 975 3143 εὐθὺς
997 3080 1083 3149 ἐφ’
1105 3081 1322 3152 ἐτέρους
1351 3084 1476 3146 τοὺς
1502 3081 1654 3136 οὔπω
1674 3083 1848 3152 φιλεῖν

259 3165 570 3236 ἐλομένους.
607 3169 682 3221 Οὐ
713 3169 822 3240 γὰρ
851 3171 1064 3224 ἔσονται
1098 3172 1357 3240 φύλακες,
1392 3175 1548 3243 φησι,
1587 3176 1847 3247 ῥημάτων

257 3256 367 3310 τῶν
396 3258 546 3328 ἐμῶν
570 3273 584 3287 ⁶
623 3260 783 3314 τοῦτο
815 3264 923 3332 γάρ
951 3265 1068 3317 ἐστι
1096 3264 1176 3326 τὸ,
1209 3265 1282 3317 Οὐ
1310 3267 1541 3337 τηρήσει
1569 3266 1658 3320 τὸν
1691 3267 1848 3335 λόγον

261 3367 386 3420 μου,
444 3351 520 3415 ὡς
549 3352 672 3406 καθ’
711 3353 829 3418 ἐνὸς
876 3355 909 3426 ἢ
960 3357 1089 3428 περὶ
1143 3356 1262 3421 ἐνὸς
1307 3358 1620 3430 λεγόμενον,
1671 3360 1720 3411 εἰ
1755 3361 1851 3412 καὶ

258 3441 520 3498 πλατείἀν
570 3463 688 3509 πως
718 3447 830 3516 ἔχει
866 3449 957 3501 καὶ
994 3449 1218 3521 γενικὴν
1250 3451 1350 3522 τὴν
1388 3451 1638 3522 δήλωσιν.
1698 3453 1852 3505 Ἀκο-

256 3533 467 3598 λούθως
495 3537 552 3590 δὲ
583 3539 786 3610 σφόδρα
834 3541 926 3594 καὶ
953 3541 1111 3595 τοῦτό
1140 3559 1324 3613 φησιν.
1375 3545 1437 3596 Εἰ
1488 3544 1597 3614 γὰρ
1640 3546 1738 3616 τῆς
1771 3547 1851 3610 εἰς

259 3625 424 3678 αὑτὸν
459 3627 684 3698 ἀγάπης
710 3629 982 3694 ἀπόδειξις
1010 3631 1164 3684 ἔσται
1195 3634 1370 3702 σαφὴς
1399 3634 1460 3686 τὸ
1487 3635 1724 3705 τηρῆσαι
1756 3637 1852 3700 τὰς

264 3716 642 3788 ἐντολὰς,ήτοι
667 3719 760 3772 τὸν
784 3724 911 3793 παρ’
941 3723 1104 3775 αὑτοῦ
1128 3723 1304 3790 λόγον,
1337 3725 1421 3794 εἰη
1447 3726 1508 3795 δή
1518 3743 1616 3779 που
1639 3729 1852 3792 πάντως

264 3804 328 3859 δν
361 3805 564 3876 ἀληθὲς
597 3810 777 3863 καὶτὸ
810 3813 1071 3867 ἐναντίον.
1102 3817 1310 3886 Δεῖγμα
1340 3816 1448 3886 γὰρ
1479 3817 1630 3870 ἔσται
1655 3819 1748 3871 τοῦ
1779 3818 1852 3889 μὴ

267 3895 493 3948 ἑλέσθαι
544 3898 738 3967 φιλεῖν,
788 3902 849 3954 τὸ
898 3901 967 3955 δι’
1000 3903 1212 3967 οὐδενὸς
1249 3907 1518 3959 ποιεῖσθαι
1565 3906 1722 3975 λόγου
1754 3908 1851 3979 τὴν

263 3988 511 4060 ἐντολὴν,
545 3991 916 4062 παρωθεῖσθαι
949 3993 1090 4048 δὲτὸ
1123 3995 1568 4066 κεκελευσμένον,
1603 3999 1850 4070 καθάπερ

259 4099 314 4136 τι
354 4082 468 4137 τῶν
508 4083 713 4136 ἀδικεῖν
753 4085 1038 4143 εἰωθότων.
1083 4087 1223 4141 Ἀλλ’
1254 4087 1442 4160 ὥσπερ
1474 4092 1585 4152 τοῖς
1617 4091 1850 4160 νομοφύ-

258 4175 411 4239 λαξιν
442 4177 944 4254 ἐνοικίσεινθέαυτὸν
969 4179 1104 4250 όμοῦ
1132 4179 1210 4250 τῷ
1239 4181 1356 4250 Θεῷ
1384 4181 1478 4233 καὶ
1508 4182 1680 4251 Πατρὶ
1709 4199 1848 4236 κατ-

259 4265 630 4336 επηγγέλλετο
655 4282 668 4296 ·
710 4268 848 4321 κατὰ
878 4269 968 4321 τὸν
1005 4270 1189 4332 αὑτὸν,
1221 4267 1394 4340 οἶμαι,
1430 4271 1586 4339 λόγον
1627 4272 1737 4324 τῶν
1770 4273 1846 4343 μὴ

259 4357 519 4410 τοιούτων
545 4359 992 4429 ἀπαναστησεται
1025 4361 1118 4414 καὶ
1158 4363 1519 4434 ἀποφοιτήσει
1549 4364 1845 4426 παντελῶς.

274 4449 586 4519 Ἀληθεύσει
617 4452 726 4520 γάρ
753 4451 926 4519 λέγων
953 4455 981 4505 6
1014 4453 1266 4523 Σολομὼν
1292 4455 1374 4505 ὅτι
1406 4455 1486 4516 εἰς
1518 4454 1849 4524 κακότεχνον

263 4540 435 4611 ψυχὴν
466 4541 631 4609 σοφία
658 4543 757 4594 ούκ
790 4543 1177 4606 εἰσελεύσεται,
1209 4544 1330 4596 ούδέ
1361 4549 1607 4598 κατοικεῖ
1640 4547 1698 4598 ἐν
1745 4545 1848 4598 σώ-

2024 2713 2163 2780 XIV,
2199 2713 2290 2768 24.
2323 2712 2427 2778 Qui
2458 2728 2562 2765 non
2592 2712 2771 2781 diligit
2811 2727 2914 2778 me,
2947 2727 3214 2765 sermones
3261 2727 3403 2766 meos
3434 2729 3540 2766 non

1951 2815 2142 2860 servat.

2023 2899 2324 2968 Postquam
2355 2897 2688 2952 ostenditac
2722 2902 2873 2950 recte
2915 2894 3163 2950 deﬁnivit
3209 2897 3374 2968 833
3413 2898 3540 2968 qui-

1954 2994 2080 3045 nam
2117 2991 2230 3047 sint
2260 2991 2354 3060 qui
2388 2989 2626 3059 diligunt
2667 3003 2815 3052 eum,
2867 2995 2923 3042 et
2968 2988 3208 3057 qualium
3269 2991 3540 3044 bonorum

1955 3084 2067 3141 sint
2117 3085 2451 3155 participes,
2506 3081 2573 3136 ad
2623 3082 2764 3136 alios
2821 3080 3008 3135 statim
3059 3097 3118 3136 se
3183 3082 3400 3136 confert
3446 3084 3541 3152 qui

1957 3177 2204 3232 nondum
2238 3177 2465 3246 diligere
2497 3188 2622 3227 eum
2658 3172 2710 3225 in
2749 3173 2995 3226 animum
3033 3172 3395 3228 induxerunt.
3427 3172 3542 3228 Nec

1956 3266 2126 3325 enim,
2160 3264 2356 3332 inquit,
2395 3262 2558 3317 verba
2601 3275 2720 3315 mea
2760 3262 3116 3314 custodient:
3148 3262 3253 3315 hoc
3288 3272 3392 3323 est,
3422 3261 3542 3318 Non

1953 3357 2192 3410 servabit
2222 3370 2539 3410 sermonem
2574 3371 2778 3419 meum,
2807 3353 2954 3424 quod
3009 3353 3167 3421 quasi
3215 3353 3282 3406 de
3315 3368 3423 3406 uno
3453 3355 3541 3408 di-

1952 3447 2249 3511 citur,licet
2309 3445 2546 3514 amplam
2620 3441 3033 3512 quodammodo
3105 3451 3159 3496 et
3231 3443 3539 3511 generalem

1953 3539 2414 3610 signiﬁcationem
2464 3537 2684 3589 habeat.
2732 3534 2902 3588 Valde
2936 3544 3118 3587 autem
3167 3546 3543 3590 consentanea

1955 3631 2101 3685 istud
2148 3631 2312 3684 etiam
2353 3627 2491 3682 iniit.
2543 3625 2677 3679 Nam
2717 3625 2764 3682 si
2811 3625 3065 3679 mandata
3096 3626 3178 3680 vel
3229 3642 3541 3682 sermonem

1952 3722 2074 3789 ejus
2110 3734 2330 3773 servare
2376 3717 2694 3771 dilectionis
2729 3717 2782 3769 in
2827 3717 3005 3785 ipsum
3063 3716 3420 3771 manifestum
3457 3726 3544 3772 est

1953 3819 2334 3880 argumentum
2387 3817 2550 3878 atque
2601 3807 2908 3874 indicium,
2959 3810 3062 3863 erit
3099 3810 3288 3879 utique
3350 3827 3540 3866 verum

1951 3903 2312 3956 contrarium.
2367 3901 2682 3954 Mandatum
2732 3903 2878 3955 enim
2917 3916 3022 3969 pro
3072 3902 3245 3956 nihilo
3294 3903 3540 3970 habere,

1953 4000 2006 4048 et
2038 3994 2181 4062 quod
2208 3993 2426 4062 jussum
2457 4001 2542 4048 est
2579 3995 2726 4046 velut
2767 3993 3028 4048 infestum
3060 3995 3340 4064 quidpiam
3373 4010 3540 4051 aver-

1953 4086 2088 4147 sari,
2154 4085 2358 4138 indicio
2414 4092 2500 4137 est
2551 4085 2681 4155 nihil
2744 4100 2867 4138 esse
2935 4084 3269 4139 dileuionis.
3335 4083 3540 4140 Verum

1951 4176 2411 4244 quemadmodum
2458 4176 2510 4228 in
2568 4176 2745 4243 legum
2793 4175 3240 4229 observatoribus
3293 4177 3539 4244 seipsum

1952 4283 2058 4321 una
2096 4283 2220 4322 eum
2276 4266 2385 4322 Deo
2425 4281 2489 4320 ac
2540 4265 2702 4320 Patre
2750 4265 3186 4319 inhabitaturum
3238 4269 3535 4336 promisit:

1950 4360 2171 4421 eodem,
2208 4360 2426 4428 Opinor,
2461 4358 2624 4412 modo
2681 4358 2750 4411 ab
2797 4358 2864 4412 iis
2923 4358 3016 4426 qui
3070 4358 3208 4412 tales
3257 4375 3364 4412 non
3412 4367 3540 4414 sunt

1951 4467 2180 4520 prorsus
2211 4451 2450 4504 recedet.
2488 4448 2626 4503 Vere
2668 4450 2813 4503 enim
2849 4450 3068 4503 locutus
3113 4459 3198 4504 est
3255 4450 3536 4517 Salomon,

1952 4558 2076 4595 cum
2107 4541 2268 4605 dixit,
2299 4543 2351 4594 in
2389 4541 2712 4592 malevolam
2755 4541 2994 4594 animam
3030 4557 3139 4593 non
3183 4541 3535 4595 introituram

267 4649 392 4701 ματι
419 4634 713 4704 κατάχρεῳ
747 4635 1043 4704 ἁμαρτίας.
1076 4635 1184 4687 Καὶ
1210 4635 1319 4704 γάρ
1348 4653 1430 4689 τοι
1447 4638 1547 4690 -καὶ
1579 4638 1664 4705 ἐφ’
1689 4639 1720 4707 ἡ
1731 4637 1846 4707 μῶν

1954 4633 2303 4701 sapientiam,
2343 4647 2442 4685 nec
2477 4631 2726 4686 habitare
2762 4634 2814 4685 in
2855 4649 3085 4702 corpore
3128 4634 3371 4687 obnoxio
3409 4649 3535 4702 pee-

264 4723 430 4787 οῦτως
479 4725 714 4795 ἔχουσαν
744 4727 997 4797 εὑρήσεις
1033 4725 1125 4778 τοῦ
1162 4726 1483 4795 πράγματος
1527 4730 1628 4799 τὴν
1663 4729 1845 4797 φύσιν.

265 4815 329 4866 ‘ll
358 4815 466 4885 γὰρ
495 4817 616 4885 ούχὶ
644 4819 758 4880 τοῖς
787 4817 1053 4887 όμόφροσι
1086 4817 1182 4869 καί.
1210 4817 1534 4888 ὁμοτροπείν
1574 4821 1850 4890 ἑλομένοις

262 4906 319 4957 τὸ
349 4907 753 4961 συνδιαιτᾶσθαι
787 4909 988 4978 μᾶλλον
1019 4908 1186 4978 ἤγουν
1219 4911 1331 4972 τοῖς
1358 4909 1563 4978 ἑτέροις
1591 4913 1752 4965 παντί
1770 4931 1850 4983 τῳ

260 4997 577 5067 τετίμηνται
626 4998 750 5070 [πρ.
803 4997 1175 5071 τετίμηται];
1248 5018 1267 5049 ι
1299 5000 1494 5053 Καίτοι
1550 5003 1654 5054 πᾶν
1712 5003 1849 5066 ζῶον

259 5089 446 5158 ἀγαπᾲ
472 5089 534 5140 τὸ
558 5089 738 5158 ὅμοιον
766 5091 936 5160 αὐτῷ,
968 5093 1108 5145 κατὰ
1135 5091 1194 5144 τὸ
1220 5093 1628 5162 γεγραμμένον,
1656 5094 1843 5164 καὶτῷ

257 5177 426 5247 ὁμοίῳ
460 5179 612 5249 αὐτῷ
644 5181 1180 5252 προσκολληθήσεται
1209 5183 1368 5252 ἀνήρ.
1403 5203 1420 5234 ι
1483 5185 1542 5236 Εἰ
1575 5184 1632 5236 δὲ
1666 5187 1759 5238 καὶ
1787 5189 1844 5240 ἐν

258 5271 386 5338 ἡμῖν
417 5271 606 5333 αὐτοῖς
638 5273 896 5343 όμοήθεσι
945 5277 1181 5327 συνεῖναι
1218 5274 1361 5328 κατά
1399 5276 1596 5328 ταυτὸν
1625 5277 1732 5329 τῶν
1761 5278 1842 5331 ὄτι

259 5360 496 5429 μάλιστα
531 5361 620 5414 διὰ
653 5363 888 5433 σπουδῆς
935 5360 1072 5416 εἶναι
1121 5365 1286 5427 δοκεῖ,
1343 5365 1460 5427 πῶς
1483 5366 1604 5435 ούχὶ
1641 5367 1841 5437 μᾶλλον

255 5452 427 5515 οὕτως
482 5451 629 5522 ἔχειν
685 5456 776 5508 ἐπὶ
827 5454 960 5508 Θεοῦ
1011 5455 1384 5524 λογιούμεθα;
1454 5457 1680 5525 Ἀγαθὸς
1736 5459 1844 5530 γὰρ

258 5543 526 5611 ὑπάρχων
576 5545 640 5612 τῇ
689 5543 880 5610 φύσει,
929 5544 1022 5596 καὶ
1070 5545 1271 5615 ἀρετῆς
1325 5547 1542 5616 ἀπάσης
1575 5547 1845 5618 ἀρχὴκαὶ

258 5631 494 5699 γένεσις,
548 5632 668 5702 ούχὶ
699 5635 797 5704 τῆς
849 5634 1181 5704 φαυλότητος
1227 5636 1506 5704 ἐρασταῖς,
1562 5636 1698 5690 ἀλλά
1739 5639 1840 5709 τῆς

331 5743 376 5774 ³⁵
405 5743 578 5802 lCor.
615 5761 696 5812 ιιι,
731 5745 818 5801 16.
897 5747 942 5780 ³⁸
968 5745 1096 5817 Sap.
1138 5763 1175 5816 ι,
1213 5749 1262 5802 4.
1345 5749 1389 5782 ’⁷
1419 5739 1591 5806 Eccli.
1623 5766 1737 5819 ιιιιι,
1781 5754 1866 5811 19.

1952 4725 2090 4778 eatis
2114 4725 2180 4775 ’⁸.
2216 4722 2431 4777 Etenim
2472 4723 2547 4776 ita
2582 4738 2640 4777 se
2677 4724 2753 4776 rei
2791 4734 3042 4777 naturam
3077 4725 3130 4777 in
3172 4726 3331 4778 nobis
3368 4723 3531 4776 etiam

1949 4815 2148 4870 habere
2170 4817 2496 4885 comperies.
2550 4815 2807 4884 Nunquid
2856 4817 3002 4870 enim
3035 4831 3158 4869 cum
3218 4816 3285 4870 iis
3323 4814 3532 4869 versari

1948 4912 2182 4981 quisque
2210 4912 2446 4965 maxime
2481 4911 2634 4980 cttpit
2667 4928 2805 4980 quos
2835 4912 3027 4967 iisdem
3068 4924 3251 4963 secum
3287 4905 3532 4960 moribus

1949 5017 2012 5055 ac
2041 5003 2095 5055 in
2126 5002 2317 5056 eadem
2344 5005 2611 5057 sententia
2636 5019 2760 5058 esse
2791 5002 3041 5057 noverit?
3071 5001 3281 5069 Quippe
3323 5015 3341 5047 ι
3371 5012 3531 5050 omne

1952 5097 2150 5149 animal
2182 5097 2560 5166 diligitsimile
2591 5097 2716 5160 sibi,
2753 5105 2811 5150 ut
2833 5095 3100 5163 scriptum
3133 5101 3238 5155 est,
3274 5099 3326 5144 et
3350 5088 3528 5142 omnis

1953 5184 2117 5239 hmno
2158 5189 2467 5255 proximum
2505 5188 2608 5242 sibi
2633 5189 2698 5240 ³⁷.
2759 5206 2777 5237 ι
2837 5185 2992 5251 Quod
3031 5184 3076 5236 si
3129 5192 3181 5234 et
3235 5179 3376 5249 apud
3425 5193 3527 5233 nos

1953 5281 2107 5349 ipsos
2140 5295 2368 5334 summa:
2394 5295 2541 5334 cura:
2574 5295 2697 5334 esse
2731 5278 2946 5333 videtur
2980 5285 3037 5328 ut
3065 5290 3188 5327 cum
3213 5269 3528 5326 hominibus

1953 5373 2143 5426 iisdem
2181 5372 2425 5427 moribus
2461 5372 2704 5442 praeditis
2739 5382 3021 5424 versemur
3044 5406 3058 5429 ,
3110 5365 3385 5434 quomodo
3415 5377 3526 5415 non

1957 5465 2129 5534 magis
2166 5465 2241 5518 ita
2292 5482 2405 5520 rem
2439 5467 2492 5519 in
2526 5465 2635 5519 Deo
2679 5479 2798 5518 esse
2851 5458 3211 5529 putabimus?
3237 5456 3368 5510 Nam
3401 5471 3527 5508 cum

1955 5556 2025 5609 sit
2065 5563 2263 5610 natura
2293 5558 2493 5619 bonus,
2529 5567 2579 5611 et
2611 5555 2789 5609 omnis
2823 5550 3042 5606 virtutis
3069 5559 3232 5618 caput
3266 5556 3320 5602 et
3349 5545 3526 5612 origo,

1951 5662 2296 5718 nequaquam
2330 5649 2383 5702 in
2418 5647 2757 5703 amatoribus
2801 5642 3078 5714 nequitias,
3113 5640 3206 5697 sed
3260 5640 3316 5695 in
3350 5636 3524 5688 facto-
