4076 6270
575 301 680 358 295

1590 294 1647 351 S.
1685 294 1958 351 CYPJLLI
1995 294 2458 355 ALEXANDRINI
2496 297 2813 354 ARCHIEP.

3711 298 3819 356 296

578 411 733 466 ribus
787 408 1002 466 virtutis
1060 407 1348 471 inhabitat,
1402 413 1458 461 et
1505 406 1755 477 impuros
1821 406 2135 477 cumprimis

2247 411 2447 482 ἀρετῆς
2499 411 2760 480 ἐργάταις
2807 410 3172 474 ἐναυλίζεται,
3215 412 3561 481 παραιτεῖται
3613 411 3671 463 δὲ
3717 416 3819 480 τὴν

578 510 880 557 aversatur.
927 497 1390 564 Quemadmodum
1444 512 1573 568 ergo
1616 512 1717 552 nos
1752 498 1857 566 ipsi
1914 497 2028 551 luto
2085 512 2147 551 ac

579 594 835 650 Surdihus
881 600 1096 645 nostras
1132 605 1364 659 purgare
1392 589 1587 644 domos
1620 603 1907 652 curamus,
1958 603 2058 642 nec
2092 589 2145 642 in

579 685 649 740 iis
679 685 723 739 si
752 683 885 753 quid
921 683 995 737 sit
1029 681 1339 736 istiusmodi
1371 680 1621 736 habitare
1651 681 1904 734 volumus
1924 718 1940 743 ,
2005 695 2147 732 nun-

576 778 707 847 quid
751 776 920 829 multo
954 775 1123 843 magis
1167 789 1337 842 purus
1367 773 1459 827 ille
1494 780 1549 828 et
1580 772 1970 827 sanctissimus
2000 770 2147 825 Deus

578 878 763 922 noster
793 867 1059 935 impuram
1085 866 1321 918 animam
1349 865 1696 920 aversabitur
1730 871 1784 916 et
1814 877 1910 916 cor
1935 862 2147 932 peccati

578 959 692 1013 luto
722 959 1069 1027 inquinatum
1119 957 1509 1012 aversabitur?
1567 954 1753 1010 Talem
1789 955 1991 1025 quippe
2030 953 2148 1009 fore

575 1064 699 1103 eum
731 1050 822 1117 qui
854 1048 1166 1101 mandatum
1190 1063 1298 1100 non
1329 1046 1627 1103 servaverit
1663 1047 1957 1116 (impurus
1998 1045 2145 1099 enim

574 1148 660 1195 est
690 1154 754 1194 ac
791 1140 889 1192 luti
922 1139 1183 1202 amans),
1226 1138 1343 1208 ipsa
1378 1145 1431 1193 te
1475 1138 1577 1192 loci
1609 1137 1774 1206 hujus
1804 1137 1887 1191 vis
1919 1144 1973 1190 et
2007 1136 2146 1189 ratio

574 1232 817 1287 docebit.
850 1232 911 1284 In
943 1231 1257 1284 divinorum
1292 1230 1494 1285 etenim
1537 1239 1920 1283 mandatorum
1958 1226 2143 1295 negle-

574 1333 663 1379 ctu
695 1324 873 1379 omnis
910 1332 1118 1393 peccati
1170 1322 1293 1377 fons
1336 1330 1391 1376 et
1423 1323 1578 1393 origo
1624 1321 1891 1376 cernitur.
1940 1317 2146 1389 Quem-

574 1417 865 1471 admodum
904 1417 1049 1470 eniin
1103 1414 1243 1469 lucis
1290 1414 1525 1484 privatio
1558 1412 1725 1468 infert
1779 1411 2140 1475 contrarium,

572 1508 627 1561 id
667 1516 752 1563 est
776 1507 1053 1571 tenebras,
1079 1507 1158 1561 sic
1190 1506 1335 1560 nolle
1363 1506 1623 1559 virtutem
1675 1516 1956 1564 exercere,
1990 1501 2145 1570 prin-

572 1601 773 1671 cipium
813 1609 866 1654 et
891 1600 1044 1670 origo
1074 1609 1156 1653 est
1189 1598 1466 1668 nequitiae.
1512 1594 1801 1665 Nunquam
1845 1592 1992 1648 enim
2022 1606 2147 1660 qua:

570 1691 975 1746 contrariorum
1006 1697 1090 1745 est
1124 1689 1287 1754 ratio,
1334 1689 1389 1742 in
1422 1702 1531 1742 uno
1556 1686 1861 1754 eodemque
1894 1683 2141 1752 subjecto

569 1782 735 1855 834
766 1785 1085 1852 contingent
1123 1797 1185 1835 ea
1221 1796 1341 1851 quae
1372 1783 1513 1834 inter
1544 1795 1605 1834 se
1632 1778 1893 1849 qualitate
1927 1775 2139 1830 discre—

572 1883 726 1944 pant.
755 1871 955 1926 Vitium
993 1881 1048 1927 et
1079 1873 1273 1937 virtus,
1306 1870 1603 1926 contrariis
1644 1870 1788 1924 inter
1818 1884 1876 1924 se
1902 1868 2140 1937 qualita-

570 1967 740 2028 tibus,
774 1972 869 2019 aut
906 1965 1013 2019 alio
1042 1964 1240 2034 quovis
1265 1962 1678 2018 contrarietatis
1710 1960 1870 2014 modo
1899 1958 2139 2013 maxime

570 2059 809 2114 distant:
841 2072 1001 2112 nemo
1028 2066 1209 2110 tamen
1239 2070 1302 2108 ea
1335 2054 1499 2109 simul
1533 2067 1599 2108 ac
1627 2052 1794 2107 semel
1821 2051 2002 2105 inesse
2038 2049 2135 2102 ulli

572 2150 781 2204 homini
831 2148 1143 2219 putaverit,
1194 2152 1289 2198 aut
1330 2143 1523 2199 eodem
1576 2151 1700 2196 actu
1747 2137 1986 2209 impleri.
2030 2138 2139 2191 Aut

570 2240 716 2293 enim
744 2239 919 2293 malus
949 2246 1033 2292 est
1062 2235 1285 2305 aliquis,
1326 2241 1423 2288 aut
1449 2232 1649 2295 bonus,
1687 2231 1815 2285 licet
1845 2244 1954 2284 non
1986 2241 2138 2283 sum-

572 2346 714 2384 mam
758 2330 941 2384 forsan
986 2328 1288 2396 nequitiam
1343 2333 1437 2379 aut
1496 2324 1792 2378 bonitatem
1824 2328 2137 2375 assecutus.

574 2418 694 2473 Uno
748 2420 913 2488 igitur
966 2419 1020 2471 in
1053 2416 1210 2471 nobis
1256 2414 1608 2482 praevalente,
1668 2411 1900 2466 alterum
1948 2409 2138 2478 utique

572 2509 810 2571 deﬁciet,
841 2506 894 2560 id
921 2515 1005 2565 est
1031 2506 1393 2561 contrarium.
1418 2502 1572 2569 Quod
1603 2501 1649 2557 si
1672 2502 1727 2555 in
1754 2497 2139 2555 observatione

572 2600 953 2655 mandatorum
997 2599 1206 2668 species
1253 2596 1471 2650 virtutis
1515 2603 1623 2656 est,
1676 2591 1926 2662 nunquid
1961 2590 2136 2643 mani-

574 2691 932 2748 festissimum
972 2700 1057 2745 est
1085 2690 1139 2743 in
1168 2701 1357 2744 eorum
1384 2688 1631 2758 neglectu
1658 2685 1985 2754 principium
2012 2696 2136 2737 esse

573 2783 872 2853 nequitiae?
908 2782 1061 2836 Sicut
1094 2791 1271 2835 autem
1306 2779 1600 2850 repositum
1646 2788 1727 2832 est
1772 2777 1824 2831 ei
1856 2776 1950 2846 qui
1984 2790 2138 2829 mane

573 2876 699 2931 data
730 2875 1032 2930 servaverit
1065 2875 1118 2928 in
1146 2874 1327 2943 seipso
1359 2873 1561 2925 habere
1589 2869 1805 2923 Patrem
1837 2878 1892 2922 et
1917 2866 2137 2935 Filium,

575 2969 720 3038 quod
761 2967 940 3022 omnis
982 2966 1262 3022 felicitatis
1293 2972 1346 3019 et
1380 2963 1566 3033 gloria:
1597 2962 1809 3015 initium
1854 2969 1937 3015 cst
1972 2968 2140 3029 atque

2253 502 2366 574 [γρ.
2395 503 2831 573 τὸ].ἀκάθαρτον
2850 542 2864 566 ,
2910 502 3004 555 xal.
3039 502 3157 554 λίαν
3184 502 3376 573 ὀρθῶς.
3425 500 3694 571 Καθάπερ
3725 500 3818 556 οὖν

2251 594 2440 663 ἀμέλει
2462 595 2555 648 καὶ
2577 597 2738 665 ἡμεῖς
2765 594 2918 647 αὐτοὶ
2948 593 3206 663 βορϐόρου
3237 593 3332 645 καὶ
3354 591 3616 655 δυσωίίας
3644 592 3820 662 ἀπηλ-

2249 686 2442 756 λάχθαι
2477 686 2577 750 τὰς
2603 687 2809 741 ἑαυτῶν
2838 685 3097 757 οίκ[ε]ίας
3126 682 3518 753 σπουδάζομεν,
3568 682 3728 754 εἴπερ
3763 702 3817 736 τι

2247 778 2357 831 τῶν
2400 778 2654 831 τοιούτων
2698 778 2833 842 ὅλως
2877 777 3011 848 ἔχοι,
3062 778 3122 830 τὺ
3174 780 3232 830 ἐν
3269 776 3458 838 αὑταῖς
3506 774 3820 837 αὐλίζεσθαι

2248 866 2711 936 παραιτούμενον
2760 863 2848 934 ἆρ’
2879 862 2972 919 οὖν
3023 866 3083 920 οὐ
3123 864 3382 936 μειζόνως
3413 867 3442 918 ὁ
3485 863 3722 934 καθαρός
3757 879 3818 916 τε

2250 958 2344 1010 καὶ
2390 958 2652 1025 πανάγιος
2681 958 2836 1028 ἡμῶν
2881 956 3011 1019 Θεὸς
3055 957 3153 1026 τὴν
3186 956 3606 1026 μεμολυσμένην
3638 956 3818 1027 ψυχὴν

2249 1050 2645 1119 παραιτήσεται
2685 1049 2778 1101 καὶ
2806 1049 3282 1119 καταμυσάττεται
3327 1047 3555 1115 καρδίαν
3605 1046 3684 1114 τῷ
3715 1047 3816 1117 τῆς

2249 1140 2522 1211 ἁμαρτίας
2551 1139 2796 1211 βορϐόρῳ
2822 1138 3298 1210 κατηφανισμένην
3326 1155 3341 1204 ;
3386 1137 3524 1190 Ἀλλ’
3552 1138 3699 1191 ἐστιν
3718 1139 3818 1191 οὐκ

2246 1231 2563 1300 ἀμφίϐολον.
2596 1232 2717 1286 Ὀτι
2744 1231 2851 1300 γὰρ
2871 1232 2929 1285 ἐν
2956 1230 3163 1293 τούτοις
3188 1230 3341 1282 ἔσται
3367 1229 3460 1281 καὶ
3485 1229 3587 1298 οὐχ
3608 1228 3817 1299 ἑτέροις

2246 1324 2275 1375 ό
2310 1326 2384 1394 μὴ
2411 1324 2654 1395 τηρήσας
2685 1322 2781 1394 τὴν
2809 1321 3022 1393 ἐντολὴν
3050 1321 3372 1394 (ἀκάθαρτος
3405 1321 3515 1392 γὰρ
3544 1322 3639 1375 καὶ
3666 1328 3816 1390 φιλο-

2246 1415 2545 1487 ϐάρϐαρος),
2588 1417 2723 1487 αὐτή
2759 1432 2816 1468 σε
2842 1416 3004 1469 πάλιν
3033 1417 3065 1485 ἡ
3096 1413 3188 1467 τοῦ
3221 1414 3575 1484 θεωρήματος
3614 1413 3815 1478 διδάξει

2244 1505 2490 1576 δύναμις.
2533 1505 2618 1557 Ἐν
2642 1506 2752 1576 γὰρ
2778 1504 2854 1575 τῷ
2881 1504 2956 1575 μὴ
2985 1505 3221 1575 τηρῆσαι
3262 1502 3361 1565 τὰς
3403 1502 3555 1565 θείας
3596 1502 3816 1564 ἐντολὰς

2244 1599 2277 1668 ἡ
2306 1596 2404 1667 τῆς
2428 1597 2703 1667 ἁμαρτίας
2730 1596 3039 1667 εὑρίσκεται
3060 1595 3293 1663 γένεσις.
3324 1594 3535 1664 Ὀνπερ
3565 1592 3674 1663 γάρ
3694 1593 3813 1663 τρό·

2246 1705 2347 1742 πον
2373 1692 2406 1758 ἡ
2436 1688 2531 1741 τοῦ
2581 1688 2752 1758 φωτὸς
2798 1687 3051 1759 στέρησις
3092 1686 3416 1757 παρεισάγει
3459 1686 3522 1739 τὸ
3550 1686 3804 1748 ἐναντίον,

2245 1780 2385 1850 φημὶ
2430 1779 2486 1833 δὲ
2525 1779 2616 1832 τὸν
2648 1781 2858 1832 σκότον⁶
2912 1778 3054 1832 οὓτω
3096 1777 3158 1831 τὸ
3191 1779 3265 1849 μὴ
3294 1777 3425 1847 δρᾷν
3470 1775 3678 1829 ἐθέλειν
3716 1775 3809 1845 τὴν

2243 1871 2471 1941 ἀρετὴν,
2529 1871 2626 1940 τὴν
2676 1872 2775 1940 τῆς
2824 1869 3154 1940 φαυλότητος
3204 1869 3528 1938 παρεισάγει
3577 1867 3807 1928 γένεσιν.

2243 1960 2380 2015 Καθ’
2409 1960 2466 2014 ἒν
2503 1960 2613 2032 γάρ
2667 1978 2720 2014 τι
2765 1961 2824 2013 τὸ
2873 1960 3191 2013 ὑποκεῖσθαι
3223 1958 3532 2029 νοούμενον,
3585 1958 3688 2011 οὑκ
3726 1958 3809 2023 ἂν,

2243 2049 2417 2123 οἶμαι,
2467 2053 2607 2106 κατά
2637 2054 2833 2107 ταυτὸν
2866 2052 3104 2122 συμϐαίη
3153 2051 3284 2104 ποτὲ
3314 2052 3383 2104 τὰ
3428 2051 3530 2120 τῆς
3571 2050 3812 2121 ἀλλήλων

2242 2143 2573 2215 διωρισμένα
2605 2145 2909 2215 ποιότητος,
2966 2145 3107 2199 κατά
3132 2161 3197 2214 γε
3226 2142 3317 2197 τὸν
3346 2144 3503 2211 λόγον
3528 2143 3624 2195 τοῦ
3664 2145 3814 2196 ἐναν-

2242 2234 2373 2298 τίως
2400 2235 2564 2305 ἐχειν.
2600 2237 2785 2289 Κακία
2828 2237 2922 2291 καὶ
2968 2236 3137 2309 ἀρετὴ
3164 2234 3445 2305 διώρισταί
3470 2251 3531 2287 τε
3559 2234 3654 2287 καὶ
3680 2234 3810 2288 πολὺ

2242 2326 2489 2397 διέστηκε
2537 2328 2672 2397 πρὸς
2702 2326 2762 2380 τὸ
2790 2327 3048 2393 ἐναντίον,
3096 2327 3196 2398 τῆς
3226 2326 3470 2396 ἀλλήλων
3507 2326 3808 2395 ποιότητος,

2243 2416 2276 2487 ἢ
2303 2418 2451 2480 ὅπως
2480 2416 2547 2471 ἀν
2576 2435 2658 2481 τις
2693 2416 2862 2471 εἰπὼν
2889 2419 2989 2471 οὐκ
3016 2417 3082 2471 ἂν
3111 2416 3345 2488 ἁμάρτοι
3366 2416 3545 2485 τυχὸν,
3576 2415 3691 2469 ἀλλ’
3714 2415 3809 2468 οὐκ

2243 2509 2308 2563 ἀν
2342 2526 2450 2563 τινι
2482 2510 2591 2562 τῶν
2620 2509 2788 2564 ὄντων
2818 2509 2937 2562 καθ’
2968 2512 3116 2581 ἡμᾶς
3143 2510 3412 2580 προσόντα
3442 2509 3637 2580 φανείη
3673 2506 3811 2562 κατά

2242 2600 2437 2653 ταυτὸν
2478 2600 2766 2671 ἀμφότερα
2795 2601 2891 2653 καὶ
2921 2600 2987 2653 δι’
3012 2602 3290 2671 ἐνεργείας
3322 2598 3692 2670 πληρούμενα.
3741 2597 3812 2650 Ἦ

2243 2692 2352 2762 γὰρ
2400 2691 2636 2761 πονηρός
2685 2692 2767 2755 τίς
2816 2693 2985 2757 ἐστιν,
3025 2691 3059 2763 ἢ
3109 2692 3334 2760 ἀγαθὸς,
3378 2694 3428 2745 εί
3459 2692 3553 2745 xal.
3593 2691 3695 2743 οὐκ
3734 2691 3812 2755 εἰς

2244 2782 2411 2854 ἀκρον
2438 2782 2701 2854 πονηρίας
2727 2784 2909 2853 τυχὸν,
2939 2784 3057 2855 ἦτοι
3104 2783 3201 2852 τῆς
3231 2782 3581 2852 ἁγαθότητος.
3607 2781 3811 2836 Οὐκοῦν

2247 2876 2522 2947 ἰσχύοντος
2572 2878 2629 2929 ἐν
2676 2879 2810 2946 ἡμῖν
2855 2877 2947 2929 τοῦ
2996 2876 3145 2939 ἐνὸς.
3192 2877 3441 2947 ἀτονήσει
3485 2876 3703 2938 πάντως
3753 2875 3810 2927 τὸ

2244 2966 2449 3035 ἕτερον,
2500 2966 2644 3020 τοῦτ’
2692 2966 2807 3019 ἐστι
2852 2966 2913 3019 τὸ
2954 2966 3209 3029 ἐναντίως
3256 2966 3398 3036 ἔχον.
3447 2967 3511 3019 Εἰ
3559 2966 3615 3019 δὲ
3645 2967 3704 3017 ἐν
3735 2963 3811 3034 τῷ

574 3060 987 3116 fundamentum
1018 3075 1032 3112 :
1058 3060 1132 3112 ita
1162 3067 1214 3113 et
1241 3057 1288 3111 ei
1322 3057 1416 3126 qui
1461 3071 1566 3109 non
1596 3052 1912 3118 servaverit,
1940 3051 2135 3107 divinae

2244 3059 2478 3129 τηρῆσαι
2506 3057 2601 3123 τὰς
2630 3058 2847 3121 ἐντολάς
2873 3057 2935 3110 τὸ
2977 3058 3078 3128 τῆς
3123 3056 3324 3127 ἀρετῆς
3357 3051 3494 3118 εἶδός
3527 3057 3664 3119 ἐστι,
3696 3054 3810 3116 πῶς

572 3161 625 3208 et
666 3151 957 3205 inellabilis
1002 3156 1215 3204 naturae
1260 3147 1683 3218 participatione
1721 3158 1927 3208 carere,
1985 3141 2132 3211 quod

570 3252 655 3298 cst
687 3241 868 3295 omnis
898 3241 1123 3294 omnino
1162 3238 1288 3293 boni
1324 3236 1582 3291 fruitione
1607 3236 1829 3306 privari.
1864 3234 2134 3300 Quocirca

571 3335 618 3391 si
692 3336 777 3389 oui
837 3333 1155 3403 praeclarum
1208 3338 1263 3384 et
1310 3327 1608 3398 Optandum
1662 3328 1876 3382 videtur
1929 3335 2138 3380 natura:

571 3425 769 3480 divina:
800 3424 914 3480 fieri
942 3423 1261 3493 participem
1284 3421 1352 3488 ⁸⁸,
1386 3429 1441 3475 et
1463 3421 1516 3474 in
1553 3419 1736 3475 cordis
1764 3420 2135 3489 penetralibus

570 3530 877 3573 versantem
915 3525 969 3570 et
1006 3516 1405 3569 inhabitanteni
1444 3513 1646 3568 habere
1686 3513 1928 3567 universi
1967 3512 2134 3566 Deum

569 3623 633 3664 ac
665 3608 877 3663 Patrem
934 3623 1030 3677 per
1081 3605 1277 3660 Filium
1337 3606 1391 3658 in
1452 3602 1681 3673 Spiritu,
1735 3612 1929 3675 purget
1977 3617 2132 3657 suam

570 3704 827 3765 animam,
857 3708 911 3755 et
940 3699 1307 3767 improbitatis
1339 3697 1531 3751 sordes
1560 3698 1761 3767 quibus
1797 3696 1969 3764 possit
2015 3710 2138 3749 mo-

568 3793 677 3854 dis,
710 3792 821 3846 imo
863 3804 990 3843 vero
1035 3803 1130 3858 per
1179 3802 1339 3842 omne
1382 3788 1586 3842 bonum
1635 3802 1779 3856 opus
1837 3787 2132 3855 abstergat.

569 3881 725 3935 Tune
746 3883 890 3935 enim
916 3895 1101 3934 revera
1135 3880 1227 3934 Dei
1257 3880 1516 3948 templum
1544 3880 1852 3942 vocabitur,
1882 3888 1935 3932 et
1955 3878 2135 3931 diver-

570 3973 782 4028 sabitur
812 3972 866 4024 in
896 3986 960 4024 eo
986 3979 1148 4038 atque
1178 3970 1529 4033 inhabitahit,
1561 3979 1620 4024 ut
1649 3970 1917 4038 scriptum
1947 3976 2032 4023 est
2063 3970 2130 4021 ³⁸.

568 4059 680 4114 Nec
709 4061 853 4114 enim
909 4058 1104 4113 similis
1136 4059 1240 4112 erit
1279 4059 1349 4122 ei,
1401 4059 1559 4127 cujus
1616 4059 1669 4111 in
1723 4057 2029 4127 Evangeliis
2073 4057 2132 4111 fit

570 4152 795 4214 mentio,
828 4149 962 4219 legis
1006 4148 1238 4216 doctori,
1270 4150 1364 4220 qui
1415 4165 1524 4203 non
1576 4158 1887 4218 exspectata
1927 4149 2129 4205 Serva-

567 4243 706 4296 toris
730 4241 903 4311 gratia
928 4248 1075 4293 motu
1098 4255 1200 4294 suo
1226 4240 1293 4293 ad
1318 4254 1441 4293 eum
1473 4240 1811 4310 sequendum
1846 4241 2129 4294 incitatum

568 4347 627 4387 se
665 4332 865 4394 aiebat,
894 4343 1130 4399 eumque
1171 4329 1278 4383 sibi
1320 4329 1582 4383 honorem
1611 4331 1885 4395 arripiens
1916 4349 1929 4385 :
1964 4351 1983 4384 ‹
2019 4332 2131 4386 Ma-

2238 3150 2357 3220 ούχὶ
2383 3150 2777 3222 προδηλότατω
2816 3151 2892 3214 ὡς
2924 3151 2981 3203 ἐν
3008 3148 3086 3219 τῷ
3113 3149 3186 3219 μὴ
3212 3148 3450 3219 τηρῆσαι
3486 3148 3585 3217 τῆς
3612 3146 3810 3208 κακίας

2237 3241 2271 3311 ἡ
2308 3242 2557 3309 γένεσις;
2616 3242 2927 3296 Ἀπόκειται
2960 3240 3016 3293 δέ
3058 3239 3247 3310 ὥσπερ
3275 3240 3353 3310 τῷ
3382 3240 3709 3311 τετηρηκότι
3752 3239 3810 3292 τὸ

2237 3331 2380 3401 ἔχειν
2408 3335 2465 3386 ἐν
2491 3332 2669 3403 ἐαυτῷ
2694 3334 2784 3386 τὸν
2820 3333 3038 3403 Πατέρα
3066 3333 3157 3385 καὶ
3185 3333 3274 3386 τὸν
3307 3332 3457 3395 Υίὺν,
3501 3333 3640 3403 ὅπερ
3666 3332 3809 3387 ἐστὶν

2237 3424 2455 3495 ἀπάσης
2481 3424 2747 3495 θυμηδίας
2776 3442 2834 3477 τε
2865 3425 2960 3477 καὶ
2998 3422 3155 3495 δόξης
3188 3424 3329 3495 ἀρχὴ
3376 3424 3470 3476 καὶ
3517 3424 3769 3488 ὑπόθεσις
3790 3439 3806 3455 °

2216 3514 2376 3580 ,οὕτω
2407 3514 2501 3569 καὶ
2525 3516 2585 3567 τὸ
2611 3514 2725 3586 [γρ.
2756 3514 2855 3586 τῷ]
2902 3514 2975 3585 μὴ
3003 3516 3305 3585 τηρήσαντι
3328 3514 3389 3567 τὸ
3418 3516 3618 3586 ἥκιστα
3649 3533 3807 3585 μετα-

2237 3607 2385 3674 σχεῖν
2421 3605 2521 3674 τῆς
2555 3603 2704 3668 θείας
2743 3622 2802 3657 τε
2832 3607 2923 3658 καὶ
2945 3606 3184 3676 ἀρρήτου
3214 3605 3450 3674 φύσεως,
3497 3608 3637 3676 ὅπερ
3664 3607 3809 3661 ἐστὶν

2235 3696 2445 3758 οὐδενὸς
2475 3696 2536 3748 τὸ
2580 3696 2801 3766 σύμπαν
2829 3696 3125 3760 ἀπόλαυσις
3160 3696 3388 3766 ἀγαθοῦ.
3421 3699 3633 3751 Οὐκοῦν
3657 3699 3711 3751 εἰ
3734 3715 3808 3768 τῳ

2236 3785 2397 3839 καλὸν
2426 3787 2519 3839 καὶ
2541 3786 2859 3858 ἀξιέραστον
2883 3784 3019 3841 εἷναι
3050 3788 3195 3841 δοκεῖ
3217 3789 3276 3841 τὸ
3296 3789 3395 3858 τῆς
3428 3789 3578 3853 θείας
3598 3790 3809 3860 φύσεως

2239 3877 2591 3947 μεταλαχεῖν,
2646 3875 3057 3946 ἐνδιαιτώμενόν
3104 3894 3164 3931 τε
3215 3878 3309 3931 καὶ
3343 3878 3659 3934 ἐνοικοῦντα
3701 3882 3810 3942 τοῖς

2234 3969 2332 4038 τῆς
2363 3968 2587 4038 καρδίας
2615 3969 2862 4038 ταμείοις
2886 3969 2977 4022 τὸν
3002 3968 3109 4023 τῶν
3141 3969 3275 4024 ὅλων
3305 3969 3449 4041 ἔχειν
3478 3972 3697 4041 Πατέρα
3720 3973 3808 4025 καὶ

2234 4058 2362 4110 Θεὸν
2409 4057 2474 4110 δι’
2522 4057 2648 4111 Υἱοῦ
2683 4059 2743 4111 ἐν
2788 4058 3085 4129 Πνεῦματι,
3139 4060 3422 4126 διανιζέτω
3464 4062 3564 4133 τὴν
3610 4062 3803 4116 ἑαυτοῦ

2233 4149 2428 4221 ψυχὴν,
2459 4152 2552 4203 καὶ
2586 4151 2685 4220 τὴν
2707 4151 2771 4203 ἐκ
2802 4152 2899 4220 τῆς
2928 4151 3279 4221 φαυλότητος,
3308 4152 3373 4206 δι’
3396 4147 3472 4206 ὧν
3502 4153 3569 4207 ἂν
3591 4155 3803 4208 δύναιτο

2233 4242 2466 4312 τρόπων,
2517 4241 2714 4311 μᾶλλον
2739 4241 2795 4293 δέ
2824 4242 2891 4296 δι’
2920 4243 3138 4313 ἀπάσης
3168 4244 3537 4315 ἀγαθουργίας
3580 4247 3801 4317 ἀποτρι-

2234 4330 2373 4382 cem
2404 4329 2615 4399 κηλῖδα.
2652 4330 2960 4399 Χρηματιεῖ
2991 4330 3099 4401 γὰρ
3128 4331 3248 4383 τότε
3280 4333 3404 4395 ναὸς
3429 4334 3595 4397 ὅντως
3624 4335 3757 4388 Θεοῦ
3782 4352 3796 4366 ·

567 4421 757 4491 gister,
790 4422 988 4490 inquit,
1022 4434 1221 4490 sequar
1256 4429 1306 4475 te
1353 4434 1685 4489 quocunque
1735 4422 1865 4477 ieris
1883 4423 1948 4478 ⁸ο.
1986 4442 2005 4475 ι
2063 4424 2131 4477 At

2239 4420 2604 4474 ἀναπαύσεται
2657 4419 2715 4472 δὲ
2767 4423 2826 4473 ἐν
2856 4420 3005 4491 αὐτῷ
3055 4424 3147 4475 καὶ
3195 4424 3510 4488 καταλύσει,
3557 4428 3700 4480 κατά
3744 4427 3799 4479 τὸ

565 4510 695 4580 (ιιιίά
719 4510 784 4565 ad
812 4525 936 4564 eum
978 4508 1286 4563 Dominus?
1314 4507 1682 4578 IEnigmatice
1712 4517 1766 4564 et
1814 4525 1911 4580 per
1960 4528 2126 4581 para-

564 4603 780 4657 holam:
813 4618 832 4651 ι
878 4599 1078 4668 Vulpes
1122 4598 1309 4655 foveas
1339 4599 1564 4666 habent,
1615 4608 1670 4655 ct
1704 4603 1957 4658 volucres
1996 4605 2122 4659 coeli

566 4691 764 4745 nidos:
800 4689 968 4746 Filius
1001 4703 1181 4746 autem
1226 4691 1467 4746 hominis
1500 4706 1609 4746 non
1643 4691 1806 4747 habet
1840 4694 1931 4748 ubi
1963 4703 2127 4764 caput

564 4786 793 4840 reclinet
817 4786 882 4839 ".
922 4803 941 4836 ι
970 4784 1172 4856 Vulpes
1207 4797 1387 4842 autem
1440 4794 1495 4842 et
1524 4787 1645 4841 θαιιί
1694 4802 1822 4841 aves
1856 4789 2126 4859 malignos

561 4885 615 4930 et
651 4875 892 4945 impuros
921 4878 1254 4947 nuncupavit
1277 4876 1581 4940 daemonas,
1634 4884 1689 4931 et
1745 4878 1910 4932 hosce
1966 4895 2127 4933 mun-

560 4965 735 5020 danos
762 4975 925 5036 atque
955 4967 1134 5022 aerios
1162 4966 1412 5036 spiritus,
1453 4967 1546 5036 qui
1598 4967 1653 5022 in
1703 4966 2127 5024 libidinosorum

561 5057 821 5113 cordibus
850 5068 1135 5114 versantur
1167 5069 1330 5128 atque
1379 5058 1709 5124 inhabitant,
1761 5076 1875 5116 sua:
1927 5061 2125 5115 volun-

561 5150 687 5204 tatis
736 5149 941 5204 exitum
980 5149 1287 5213 consecuti,
1334 5150 1673 5219 miserasque
1711 5165 1899 5205 eorum
1941 5167 1972 5205 a
1999 5152 2126 5221 qui-

559 5239 664 5296 bus
691 5242 1065 5311 suscipiuntur
1097 5239 1307 5294 animas
1335 5240 1390 5294 in
1420 5249 1634 5296 arctum
1669 5242 1806 5297 adeo
1829 5250 2116 5312 cogentes.

559 5338 619 5385 ut
655 5333 864 5385 nullum
913 5347 1147 5401 prorsus
1181 5332 1236 5386 in
1267 5332 1336 5388 iis
1383 5334 1760 5404 requiescendi
1796 5335 1949 5389 locus
2008 5333 2119 5390 Deo

557 5419 903 5488 relinquatur
928 5442 941 5477 :
972 5422 1025 5476 id
1054 5425 1197 5477 enim
1226 5424 1522 5494 significat,
1556 5445 1574 5478 ι
1601 5426 1865 5481 reclinare
1892 5436 2073 5495 caput.
2097 5447 2115 5479 ι

555 5508 860 5579 Purgemns
899 5512 1082 5583 itaque
1114 5515 1280 5569 corda
1322 5525 1508 5571 nostra
1547 5518 1615 5571 ah
1660 5520 1809 5572 omni
1841 5518 2000 5573 labe:
2039 5520 2119 5575 sic

624 5683 670 5715 "
705 5683 751 5736 ll
783 5682 922 5739 l’etr.
958 5703 996 5750 ι,
1027 5689 1078 5743 ί.
1155 5694 1200 5723 ’ν
1229 5690 1265 5755 1⁴
1296 5692 1420 5746 Cor.
1473 5709 1553 5753 ιιι.
1597 5692 1678 5747 l6.

2231 4512 2635 4581 γεγραμμένον.
2673 4512 2748 4565 Οὑ
2779 4513 2884 4583 γάρ
2915 4512 3067 4568 ἔσται
3098 4517 3216 4567 κατ’
3244 4517 3447 4569 ἐκεῖνον
3478 4517 3571 4571 τὸν
3596 4518 3657 4569 ἐν
3694 4520 3800 4579 τοῖς

2232 4603 2582 4670 Εὐαγγελίοις
2615 4604 2836 4674 νομικὸν
2865 4606 3270 4676 ὠνομασμένον,
3318 4608 3376 4671 ὃς
3404 4608 3502 4678 τὴν
3527 4610 3679 4679 παρά
3709 4607 3796 4662 τοῦ

2230 4695 2479 4765 Σωτῆρος
2509 4696 2570 4749 ού
2603 4698 2921 4767 περιμείνας
2947 4699 3127 4768 χάριν,
3153 4699 3484 4767 αὐτόκλητος
3507 4697 3646 4753 εἶναι
3669 4701 3799 4770 πρὸς

2230 4785 2585 4856 ἀκολούθησιν
2610 4786 2736 4858 ἔφη,
2762 4790 2854 4841 καὶ
2874 4791 2971 4858 τὴν
2992 4789 3163 4852 οὕτως
3188 4789 3514 4859 ἀξιάγαστον
3542 4792 3800 4864 ἁρπάξων

2232 4877 2420 4946 τιμὴν,
2451 4878 2619 4947 φησί’
2653 4879 3006 4941 (Διδάσκαλε,
3037 4880 3385 4953 ἀκολουθήσω
3419 4899 3520 4949 σοι,
3548 4884 3682 4935 ὅπου
3709 4884 3800 4936 ἐὰν

2232 4970 2466 5040 ἀπέρχῃ.
2500 4988 2518 5020 ι
2592 4970 2753 5024 Ἀλλά
2784 4972 2836 5023 τί
2872 4972 3006 5043 πρὸς
3037 4973 3199 5024 αὐτὸν
3243 4975 3272 5026 ό
3322 4975 3561 5044 Κύριος;
3627 4976 3714 5039 Ὠς
3746 4978 3801 5029 ἐν

2233 5062 2513 5132 παραϐολῇ
2563 5063 2657 5115 καὶ
2706 5062 3024 5131 αἰνίγματι·
3078 5082 3095 5114 ι
3126 5065 3191 5116 Al
3239 5064 3522 5129 ἀλώπεκες
3564 5068 3801 5136 φωλεοὺς

2231 5152 2433 5224 ἔχουσι,
2454 5154 2548 5207 καὶ
2570 5154 2640 5207 τὰ
2663 5155 2882 5208 πετεινά
2908 5154 3000 5207 τοῦ
3029 5156 3259 5225 οὐρανοῦ
3285 5158 3747 5228 κατασκηνώσεις
3774 5159 3800 5208 ὁ

2222 5245 2279 5298 δὲ
2298 5246 2423 5309 Υἱὸς
2442 5246 2535 5299 τοῦ
2551 5245 2837 5317 ἀνθρώπου
2855 5247 2954 5299 οὐκ
2971 5246 3081 5317 ἔχει
3099 5247 3200 5299 ποῦ
3219 5247 3316 5318 τὴν
3335 5248 3576 5317 κεφαλὴν
3594 5250 3763 5318 κλίνῃ.
3778 5268 3794 5296 ι

2236 5337 2549 5402 Ἀλώπεκας
2580 5338 2637 5391 δὲ
2672 5340 2766 5392 καὶ
2794 5340 3025 5411 οὐρανοῦ
3056 5340 3277 5394 πετεινά
3311 5342 3437 5404 τοὺς
3463 5343 3799 5411 πανούργους

2226 5430 2318 5483 καὶ
2338 5432 2679 5503 ἀκαθάρτους
2709 5432 2961 5502 ὠνόμασε
2993 5432 3273 5501 δαίμονας,
3305 5432 3398 5484 καὶ
3425 5434 3495 5485 τά
3531 5434 3798 5501 ἐγκὸσμια

2225 5523 2379 5574 ταυτῖ
2422 5523 2512 5575 καὶ
2572 5524 2732 5593 ἀέρια
2780 5523 3081 5594 πνεύματα,
3125 5522 3160 5576 ἂ
3189 5526 3307 5585 ταῖς
3339 5522 3640 5593 φιληδόνων
3669 5540 3797 5593 καρ-

1772 5696 1815 5726 ³ο
1844 5692 2031 5748 Matth.
2090 5711 2207 5750 vm.
2254 5694 2334 5748 l9.
2374 5697 2412 5727 ³⁸
2445 5695 2582 5750 Ibid.
2624 5696 2713 5751 9.0.
