4076 6270
502 369 607 423 399

1527 358 1583 416 s.
1618 357 1897 417 CYRILLI
1940 338 2413 415 ALEXANDRINI
2436 352 2757 414 ARCHIEP.

3644 348 3746 413 300

503 505 599 557 per
631 502 714 540 me
743 486 873 538 tunc
894 482 982 538 illa
1020 482 1290 536 veteribus
1318 481 1536 536 loculus
1565 487 1668 543 est,
1701 477 1893 532 cadent
1916 484 1971 530 et
2005 475 2068 531 ad

2177 478 2269 531 ἐπὶ
2301 481 2413 541 τοῖς
2443 478 2818 548 ἀρχαιοτέροις
2849 475 3090 546 θεσμοῖς,
3142 474 3255 528 ἀλλ’
3283 474 3403 528 οὐδὲ
3434 473 3510 536 ὡς
3539 475 3633 528 νῦν
3658 478 3747 543 ηὑ-

501 591 601 637 vos
651 587 796 634 hunc
854 576 1111 647 loquitur.
1168 572 1404 629 Verbum
1460 573 1663 628 etenim
1722 586 1842 626 sum
1883 571 2075 641 vivens

506 672 600 727 Dei
634 687 697 726 ac
725 670 900 723 Patris
926 666 1217 722 inell'abilis
1249 664 1547 719 voluntatis
1582 662 1889 732 interpres:
1927 660 2076 714 ideo-

503 779 610 834 que
652 768 878 815 vocatus
920 773 1049 833 sum
1093 758 1271 829 magni
1321 755 1539 810 consilii
1578 753 1821 824 Angelus
1844 752 1910 804 ³⁷.
1968 754 2076 804 Aut

501 857 644 912 enim
675 855 776 908 hac
803 852 1012 908 ratione
1045 850 1252 905 dictum
1286 840 1420 903 illud
1452 847 1806 917 accipiemus,
1839 860 2072 914 nempe:

505 967 524 1000 ι
582 944 900 1001 Sermonem
937 958 1097 1014 quem
1156 941 1417 1003 audistis,
1473 953 1581 992 non
1612 945 1695 992 est
1731 951 1923 994 meus.
1983 933 2073 988 sed

497 1038 618 1108 ejus
649 1036 742 1105 qui
772 1033 922 1089 misit
951 1047 1056 1095 me,
1081 1024 1292 1095 Patris;
1321 1049 1339 1079 ›
1373 1037 1467 1081 aut
1488 1036 1639 1082 certe
1671 1026 1828 1080 aliter
1856 1039 2077 1094 qucque

497 1130 892 1199 intelligemus.
932 1123 1024 1179 Dei
1067 1125 1210 1178 enim
1246 1138 1310 1177 ac
1352 1119 1532 1174 Patris
1567 1132 1728 1174 suum
1764 1130 2073 1172 sermonem

496 1223 651 1287 dicit,
689 1218 864 1289 utqui
894 1231 1018 1271 eum
1043 1223 1265 1270 servant
1295 1213 1476 1268 sciant
1500 1226 1559 1266 se
1593 1209 1759 1264 Deum
1785 1208 2074 1269 honorare,

495 1314 843 1371 sermonibus
874 1310 994 1379 ejus
1027 1306 1299 1379 persuasi.
1340 1304 1444 1372 Qui
1481 1318 1611 1358 vero
1647 1302 1703 1356 in
1737 1298 2074 1355 contrarium

496 1405 816 1461 ceciderunt
853 1410 910 1456 et
953 1399 1334 1454 incredulitate
1375 1412 1472 1450 sua
1504 1393 1693 1447 datum
1750 1390 2072 1445 mandatum

495 1497 699 1551 violare
733 1510 842 1548 non
880 1498 1160 1554 verentur,
1196 1488 1249 1541 in
1301 1487 1476 1555 ipsam
1542 1489 1775 1553 peccant
1826 1481 2074 1534 omnium

495 1586 738 1656 reginam
768 1589 1043 1637 naturam.
1078 1576 1300 1631 Duobus
1335 1581 1516 1628 autem
1556 1569 1735 1625 modis
1761 1569 2073 1623 auditorum

495 1678 713 1732 animus
745 1671 1062 1729 conﬁrmari
1082 1669 1309 1738 potest:
1343 1675 1437 1719 aut
1461 1663 1605 1718 enim
1641 1660 1947 1717 honorandi
1983 1659 2075 1714 Dei

492 1770 760 1823 voluntas
790 1764 858 1819 ad
886 1761 1220 1817 credendum
1250 1758 1442 1828 utique
1471 1755 1768 1825 impulerit,
1802 1761 1895 1807 aut
1923 1760 2073 1806 certe

2178 567 2424 639 ρημένης
2450 572 2547 637 τῆς
2572 567 2853 638 ἀμείνονος
2875 567 3113 637 ἐντολῆς,
3141 566 3255 620 ἀλλ’
3284 567 3361 630 ὡς
3388 566 3451 619 ἐν
3476 567 3654 638 καιρῷ
3677 566 3765 638 τῷν
3800 596 3813 606 ·

2175 660 2346 714 δέοντι
2382 660 2907 732 μεταπεπλασμένου
2955 660 3050 714 τοῦ
3092 658 3265 713 τύπου
3305 658 3440 731 πρὸς
3469 659 3747 730 ἀλήθειαν.

2189 751 2247 805 Ὀ
2273 750 2383 822 γὰρ
2426 753 2606 804 ὲκεῖνα
2652 751 2892 822 λαλήσας
2936 750 3003 804 δι’
3040 751 3174 822 ἐμοῦ
3214 754 3329 815 τοῖς
3377 752 3751 823 ἀρχαιοτέροις

2174 843 2317 906 τότε,
2347 842 2441 901 καὶ
2464 841 2637 895 ταῦτα
2668 842 2787 896 νυνὶ
2808 843 2944 914 πρὸς
2972 842 3135 913 ὑμᾶς.
3163 843 3337 911 Λόγος
3363 844 3474 914 γάρ
3503 845 3619 914 ειμι
3644 843 3752 910 ζῶν

2174 937 2272 1006 τῆς
2292 934 2385 988 τοῦ
2414 934 2548 987 Θεοῦ
2574 935 2666 988 καὶ
2685 936 2895 1003 Πατρὸς
2919 936 3160 1006 ἀρρήτου
3196 934 3468 1007 θελήσεως
3491 937 3753 1008 ἑρμηνευ-

2175 1026 2345 1088 τικδς,
2378 1023 2459 1077 διὸ
2484 1024 2576 1077 καὶ
2620 1023 2894 1094 κέκλημαι
2941 1025 3184 1095 μεγάλης
3230 1024 3426 1095 βουλῆς
3461 1025 3748 1094 Ἄγγελος.

2186 1116 2250 1171 Ἦ
2284 1116 2391 1187 γὰρ
2420 1116 2561 1170 κατὰ
2584 1117 2770 1171 τοῦτον
2795 1117 2886 1171 τὸν
2923 1117 3123 1188 τρόπον
3153 1117 3481 1188 ἐκδεξόμεθα
3504 1118 3567 1172 τὸ
3598 1121 3751 1190 εἰρη-

2179 1208 2361 1278 μένον,
2390 1209 2533 1279 φημὶ
2570 1209 2626 1263 δὲ
2654 1209 2736 1272 τὸ,
2782 1228 2802 1261 ι
2837 1211 2893 1264 ’0
2922 1210 3079 1278 λόγος
3103 1209 3163 1263 ὃν
3192 1210 3442 1275 ἀκούετε,
3475 1211 3576 1264 οὐκ
3607 1210 3753 1264 ἐστιν

2175 1299 2328 1368 ἐμὸς,
2375 1298 2512 1352 ἀλλά
2539 1299 2633 1353 τοῦ
2666 1299 2976 1372 πέμψαντός
3025 1316 3091 1371 με
3126 1301 3359 1371 Πατρὸς,
3390 1320 3407 1352 ι
3456 1301 3624 1372 ἦγουν
3659 1303 3749 1356 καὶ

2175 1388 2377 1461 ἑτέρως
2430 1391 2718 1463 νοήσομεν.
2769 1391 2876 1445 Τοῦ
2924 1393 3033 1463 γὰρ
3084 1392 3221 1446 Θεοῦ
3266 1393 3362 1447 καὶ
3405 1393 3621 1465 Πατρὸς
3661 1395 3752 1447 τὸν

2175 1480 2369 1533 ἑαυτοῦ
2415 1481 2571 1549 λόγον
2618 1484 2815 1552 φησὶν,
2866 1483 2955 1535 ἵνα
2985 1484 3034 1536 oi
3084 1484 3181 1553 μὲν
3234 1484 3531 1554 τηροῦντες
3564 1485 3752 1538 εἰδεῖεν

2174 1571 2253 1623 ὅτι
2277 1570 2409 1624 Θεὸν
2431 1571 2778 1641 τετιμήκασι,
2804 1575 2918 1630 τοῖς
2946 1573 3074 1643 παρ’
3108 1573 3274 1626 αὐτοῦ
3304 1576 3552 1643 γεγονόσι
3580 1595 3751 1632 κατα·

2175 1661 2487 1732 πειθόμενοι
2518 1660 2716 1728 λόγοις.
2753 1661 2814 1714 Οἱ
2843 1661 2899 1714 δέ
2936 1679 3000 1729 γε
3030 1663 3166 1734 πρὸς
3193 1664 3254 1716 τὸ
3284 1664 3459 1734 τούτῳ
3496 1666 3752 1730 πεσόντες

2174 1752 2436 1817 ἐναντίον,
2473 1754 2568 1806 καὶ
2615 1755 2733 1816 ταῖς
2774 1752 3085 1818 ἀπειθείαις
3127 1754 3225 1826 τὴν
3255 1755 3505 1810 δοθεῖσαν
3535 1759 3755 1827 ἐντολὴν

494 1862 643 1914 illius
671 1854 978 1913 oﬂ'endendi
1002 1860 1180 1908 metus
1204 1850 1447 1920 idipsum
1477 1847 1694 1902 elliciet.
1732 1846 1791 1900 ln
1836 1854 2068 1913 utroque

2174 1841 2474 1914 ἐξυϐρίζειν
2498 1843 2563 1896 οὐ
2592 1842 3041 1914 παραιτούμενοι,
3074 1844 3155 1908 είς
3186 1846 3354 1917 αὐτὴν
3379 1848 3751 1918 ἁμαρτάνουσι

492 1954 638 2009 enim
669 1960 815 2007 certa
866 1945 1117 2002 utilitatis
1152 1944 1292 1998 ratio
1350 1948 1652 2011 spectatur.
1708 1939 1845 1994 Cum
1889 1946 2071 1991 autem

491 2043 590 2106 ait,
628 2060 646 2093 ι
689 2036 803 2093 Non
835 2045 921 2092 est
959 2049 1142 2091 sermo
1174 2048 1351 2096 meus,
1413 2050 1431 2081 ›
1468 2030 1891 2101 haudquaquam
1927 2037 2076 2082 certe

491 2148 595 2189 nos
617 2147 646 2186 a
669 2145 768 2187 sua
799 2141 1031 2199 persona
1058 2131 1252 2178 avocat
1282 2137 1390 2192 qua
1421 2119 1659 2175 Verbum
1684 2129 1769 2175 est
1799 2133 1862 2172 ac
1890 2117 2070 2173 Deus:

492 2227 585 2282 sed
613 2224 740 2294 quia
777 2221 1031 2277 servilem
1077 2216 1306 2271 formam
1346 2215 1399 2268 in
1449 2229 1509 2268 se
1559 2212 1769 2267 habens
1801 2220 1857 2265 et
1910 2210 2074 2263 homo

490 2318 651 2373 sicuti
689 2329 788 2368 nos
822 2308 1181 2371 exsistens",
1229 2307 1341 2369 haec
1381 2304 1479 2369 ait,
1538 2314 1851 2356 sermonem
1909 2314 2071 2354 suum

491 2423 599 2463 non
636 2408 755 2460 vult
796 2405 1095 2456 lmmamun
1141 2396 1378 2461 censeri,
1434 2393 1529 2449 sed
1569 2393 1818 2447 divinum
1879 2405 2071 2445 revera

488 2508 545 2556 et
576 2497 811 2567 regium,
842 2509 966 2548 eum
1000 2490 1312 2545 necessario
1338 2488 1405 2543 ad
1446 2486 1625 2540 Patris
1661 2497 1952 2554 personam
1990 2497 2073 2536 re-

492 2590 702 2650 ferens,
746 2601 836 2649 ne,
873 2584 920 2638 si
971 2583 1219 2651 seipsum
1256 2577 1551 2638 divideret,
1588 2592 1778 2631 ansam
1811 2576 2073 2646 praeberet

489 2686 631 2739 duos
664 2680 804 2735 ﬁlios
839 2673 1203 2741 intelligendi,
1243 2686 1368 2726 cum
1406 2677 1533 2724 ante
1573 2676 1629 2724 et
1665 2675 1785 2739 post
1824 2668 2074 2720 incarna-

490 2777 694 2829 tionem
726 2785 866 2825 unus
897 2769 971 2822 sit
994 2765 1190 2819 Filius.
1230 2763 1382 2820 Unus
1411 2762 1556 2817 enim
1587 2769 1671 2816 est
1701 2760 1978 2823 Christus,
2007 2772 2071 2812 ac

492 2880 599 2918 nou
633 2862 761 2922 duo,
801 2857 967 2913 sit-uti
1004 2856 1196 2909 volunt
1226 2854 1420 2924 aliqui.
1456 2852 1600 2909 Deus
1630 2853 1772 2908 enim
1798 2854 2070 2907 exsistens

494 2952 733 3007 Verbum
788 2966 854 3004 es
898 2949 1060 3002 Patre
1094 2961 1226 3002 caro
1260 2946 1462 3000 factum
1506 2955 1611 3012 est,
1641 2944 1797 3014 juxta
1841 2940 2070 2999 Joannis

493 3059 682 3099 vocem
706 3042 774 3105 3’,
806 3056 913 3095 non
947 3040 1000 3093 in
1033 3053 1200 3093 carne
1236 3044 1689 3099 trausmutatum,
1716 3034 1813 3089 sed
1844 3035 2067 3104 templo,

491 3138 544 3192 id
574 3145 659 3191 est
697 3136 894 3200 carne‘,
921 3149 984 3187 ex
1019 3140 1211 3187 sancta
1246 3128 1467 3201 Virgine
1489 3129 1591 3184 sibi
1630 3136 1934 3198 assmnpto.
1985 3128 2067 3181 Ne

488 3244 620 3298 ergo
652 3216 947 3281 humanum
977 3239 1100 3279 esse
1137 3231 1394 3292 putemus
1438 3234 1748 3275 sermonem
1778 3219 1916 3289 ejus,
1967 3232 2068 3272 nec

486 3337 516 3373 a
557 3327 752 3373 natura
787 3317 973 3372 divina
1023 3313 1375 3384 disciplinam
1422 3311 1799 3381 evangelicam
1848 3311 2067 3365 abstra-

488 3411 708 3472 hamus,
740 3405 837 3461 sed
870 3404 962 3459 Dei
999 3402 1239 3476 supremi
1287 3416 1411 3457 esse
1440 3400 1751 3462 credamus,
1802 3397 2067 3469 singulari

486 3501 721 3555 consilio
757 3504 1016 3567 recteque
1041 3494 1361 3559 admodum,
1399 3502 1594 3565 utpote
1636 3507 1759 3546 cum
1789 3500 1842 3547 et
1876 3493 1927 3544 in
1967 3492 2068 3544 lm-

488 3608 649 3645 mana
687 3590 860 3643 forma
904 3594 1214 3658 appareret,
1259 3593 1471 3639 natura:
1526 3582 1726 3637 divinae
1758 3597 2067 3637 sermonem

486 3699 679 3737 rursus
712 3681 928 3743 tribuit,
952 3688 1218 3748 tanquam
1251 3678 1308 3731 in
1356 3691 1591 3747 persona
1621 3676 1717 3731 Dei
1741 3690 1807 3730 ac
1860 3674 2062 3738 Patris,

485 3791 550 3831 ex
582 3790 689 3844 quo
715 3783 767 3825 ct
794 3773 848 3826 in
877 3785 987 3842 quo
1017 3768 1325 3826 secundum
1352 3777 1607 3823 naturam
1639 3774 1743 3828 est,
1785 3775 1844 3818 ut
1879 3766 2066 3836 splen-

487 3866 589 3918 dor
617 3873 672 3917 et
706 3861 941 3916 Verbmn
972 3860 1134 3931 837
1169 3858 1314 3929 ejus,
1355 3866 1409 3913 et
1450 3859 1741 3912 character
1773 3859 1897 3926 ejus
1935 3857 2064 3911 sub-

484 3955 707 4008 stantia:
725 3952 794 4005 δί’.

2175 1935 2275 2002 τὴν
2305 1935 2521 1989 πάντων
2565 1934 2813 2006 βασιλίδα
2857 1935 3041 2005 φύσιν.
3081 1932 3190 1989 Ἦν
3222 1937 3281 1991 δὲ
3305 1938 3373 2009 δὴ
3412 1938 3573 1992 πάλιν
3612 1939 3752 1993 κατὰ

2174 2025 2269 2080 δύο
2315 2029 2550 2098 τρόπους
2615 2028 2705 2082 τὸν
2767 2027 2879 2083 τῶν
2934 2029 3300 2101 ἀκροωμένων
3348 2030 3752 2100 ἀσφαλίσασθαι

2175 2116 2318 2171 νοῦν.
2365 2117 2436 2169 Ἢ
2465 2116 2575 2187 γὰρ
2600 2117 2661 2170 τὸ
2696 2116 2870 2170 θέλειν
2905 2118 3130 2188 τιμῆσαι
3159 2118 3251 2173 τὸν
3283 2119 3415 2173 Θεὸν
3449 2123 3752 2194 προτρέψαι

2175 2208 2392 2272 πάντως
2412 2210 2490 2272 εἰς
2513 2208 2844 2273 εὐπείθειαν,
2869 2210 3035 2280 ῆγουν
3060 2211 3120 2263 τὸ
3141 2211 3367 2266 δεδιέναι
3391 2213 3753 2284 προσκρούειν

2173 2298 2320 2370 αὐτῷ
2352 2299 2507 2353 τοῦτο
2532 2299 2596 2370 δὴ
2627 2299 2788 2353 πάλιν
2827 2302 3142 2372 ἐργάσεται.
3169 2300 3287 2356 Eiet
3316 2305 3424 2375 γὰρ
3451 2304 3520 2357 δι’
3552 2307 3755 2375 ἀμφοῖν

2173 2395 2201 2446 ὁ
2232 2393 2325 2445 τοῦ
2352 2393 2621 2465 χρησίμου
2644 2410 2703 2446 τε
2732 2393 2826 2447 καὶ
2852 2394 3226 2465 συμφέροντος
3249 2396 3530 2468 λογισμός.
3561 2399 3754 2467 Λέγων

2171 2486 2229 2539 δὲ
2258 2487 2338 2539 ὅτι
2390 2503 2409 2536 ι
2441 2487 2555 2538 Οὐκ
2587 2485 2733 2539 ἐστιν
2776 2487 2906 2556 ὲμδς
2935 2487 2964 2539 ὁ
2998 2488 3174 2568 λόγος,
3209 2508 3228 2540 ι
3278 2490 3399 2560 οὐχὶ
3431 2490 3493 2560 δὴ
3520 2491 3755 2553 πάντως

2171 2579 2320 2649 ἡμᾶς
2360 2577 2602 2647 ἐξίστησι
2648 2578 2741 2631 τοῦ
2805 2579 2936 2639 ίδίου
2984 2580 3278 2651 προσώπου
3339 2582 3585 2655 καθάπερ
3637 2585 3754 2637 ἐστὶ

2173 2670 2344 2738 Λόγος
2372 2671 2464 2722 καὶ
2497 2669 2628 2730 Θεός
2659 2685 2671 2697 ·
2718 2670 2903 2740 ἐπειδὴ
2935 2671 2991 2724 δὲ
3018 2673 3118 2742 τὴν
3147 2666 3592 2744 οίκετικὴνῖχων
3625 2693 3757 2748 p.09-

2175 2759 2281 2831 φὴν
2314 2760 2393 2812 ἔτι
2438 2760 2533 2813 καλ⁷
2576 2761 2633 2812 έν
2670 2761 2992 2833 ἀνθρωπίνῳ
3033 2764 3359 2835 φαινόμενος
3389 2767 3633 2836 σχήματι
3666 2768 3756 2820 καὶ

2175 2853 2434 2926 ὑπάρχων
2490 2854 2706 2925 ἀληθῶς
2750 2854 2877 2908 καθ’
2923 2856 3091 2925 ἡμᾶς,
3156 2854 3226 2909 τὰ
3294 2854 3521 2909 τοιαῦτά
3564 2873 3754 2926 φησιν.

2171 2947 2272 3001 οὐκ
2298 2944 2636 3016 ἀνθρώπινον
2663 2946 2753 3000 τὸν
2784 2946 2979 3000 ἑαυτοῦ
3014 2946 3251 3000 νοεῖσθαι
3287 2946 3534 3017 βούλεται
3569 2947 3751 3016 λόγον,

2170 3037 2305 3091 ἀλλά
2337 3037 2477 3091 θεῖον
2506 3037 2678 3100 ὅντως
2719 3037 2816 3091 καὶ
2845 3037 3144 3107 βασιλικὸν,
3177 3038 3549 3109 περιενεγκὼν
3577 3040 3751 3108 ἀναγο

2171 3129 2340 3191 καίως
2372 3131 2450 3191 είς
2482 3127 2541 3181 τὸ
2582 3128 2674 3182 τοῦ
2709 3126 2923 3201 Πατρδς
2963 3129 3277 3200 πρόσωπον,
3298 3112 3401 3184 ’ἵνα
3431 3129 3529 3201 μὴ,
3560 3130 3754 3185 διελὼν

2095 3196 2135 3252 C
2169 3219 2381 3283 ἑαυτὸν,
2412 3220 2504 3273 δύο
2542 3220 2727 3273 λοιπὸν
2767 3196 2916 3285 υἱοὺς
2950 3196 3185 3275 νοεῖσθαι
3221 3196 3640 3294 παρασκευάσῃ,
3674 3217 3753 3288 εἷς

2165 3310 2241 3365 ὢν
2278 3312 2442 3377 Υἱὸς,
2495 3313 2590 3365 καὶ
2631 3312 2737 3384 πρὸ
2773 3310 2873 3382 τῆς
2929 3315 3260 3384 σαρκώσεως
3308 3315 3402 3369 καλ⁵
3452 3316 3591 3385 μετά
3646 3318 3749 3386 τὴν

2168 3406 2462 3476 σάρκωσιν.
2490 3399 2584 3468 Εἷς
2604 3404 2713 3476 γὰρ
2735 3407 2763 3458 ό
2789 3406 3042 3476 Χριστὸς,
3070 3405 3164 3460 καὶ
3184 3408 3243 3460 οὐ
3268 3407 3382 3472 δύο,
3405 3408 3547 3462 κατά
3570 3426 3751 3471 τινας.

2165 3497 2297 3561 Θεὸς
2327 3498 2435 3568 γὰρ
2463 3495 2536 3549 ὢν
2566 3498 2594 3549 ὁ
2627 3498 2798 3563 Λόγος
2827 3499 2892 3551 ὲκ
2924 3499 3137 3569 Πατρὸς
3168 3499 3361 3568 γέγονε
3402 3499 3560 3571 σὰρξ,
3609 3503 3755 3555 κατά

2164 3587 2263 3657 τὴν
2299 3587 2546 3641 Ἰωάννου
2571 3587 2774 3657 φωνὴν,
2806 3590 2907 3641 οὐκ
2936 3589 3017 3653 εἰς
3044 3582 3221 3661 σάρκα
3250 3590 3752 3662 μεταϐεϐλημένος,

2162 3680 2278 3734 ἀλλ’
2310 3679 2446 3753 ἱδίαλθ
2471 3680 2842 3749 ποιησάμενος
2864 3680 3043 3751 σάρκα
3071 3682 3163 3735 τὸν
3182 3685 3246 3736 ὲκ
3277 3683 3375 3753 τῆς
3408 3683 3572 3751 ἁγίας
3602 3686 3757 3756 Παρ-

2163 3771 2317 3825 θένου
2370 3770 2516 3823 ναόν.
2571 3769 2690 3823 ’Ἰνα
2734 3770 2912 3823 τοίνυν
2947 3771 3021 3842 μὴ
3053 3770 3392 3843 ἀνθρώπινον
3419 3768 3561 3826 εἶναι
3588 3774 3754 3845 νομί-

2162 3858 2345 3930 ζωμεν
2374 3859 2465 3913 τὸν
2494 3858 2653 3927 λόγον
2684 3858 2870 3925 αὐτοῦ,
2907 3860 3041 3929 μηδὲ
3073 3858 3174 3930 τῆς
3200 3861 3348 3924 θείας
3384 3861 3759 3934 ἐκστήσωμεν

2160 3951 2374 4019 φύσεως
2419 3951 2481 4004 τὸ
2530 3951 2762 4021 μάθημα
2796 3951 2856 4004 τὸ
2883 3952 3257 4021 εὐαγγελικὸν,
3300 3951 3436 4007 ἀλλὰ
3481 3953 3624 4007 Θεοῦ
3656 3953 3755 4009 τοῦ

488 4048 581 4101 ἐπὶ
628 4044 835 4107 πάντας
875 4039 1014 4096 εἶναι
1059 4042 1425 4114 πιστεύωμεν,
1471 4039 1832 4112 οἰκονομικῶς
1881 4041 1976 4094 καὶ
2015 4042 2218 4116 σφόδρα
2283 4044 2485 4108 καλῶς,
2532 4044 2628 4099 ἅτε
2672 4045 2736 4116 δὴ
2785 4045 2882 4099 καὶ
2940 4046 2999 4098 ὲν
3045 4044 3371 4118 ἀνθρωπίνῳ
3421 4032 3758 4118 φαινόμενος

489 4138 747 4208 σχήματι,
793 4136 861 4205 τῇ
909 4133 1030 4205 θείᾳ
1073 4131 1232 4202 φύσει
1270 4130 1536 4202 ἀπονέμει
1567 4131 1730 4185 πάλιν
1762 4131 1855 4184 τὸν
1881 4132 2061 4201 λόγον,
2098 4133 2172 4197 ὼς
2203 4136 2261 4189 ὲν
2295 4134 2573 4207 προσώπῳ
2601 4134 2696 4189 τοῦ
2736 4136 2873 4190 Θεοῦ
2922 4139 3017 4190 καὶ
3071 4138 3306 4209 Πατρὸς,
3349 4138 3407 4207 ἐξ
3439 4134 3501 4194 οὗ
3545 4141 3653 4209 καὶ⁵
3695 4144 3756 4194 ἐν

485 4222 530 4296 ᾧ
558 4228 698 4281 κατὰ
726 4226 884 4294 φύσιν
911 4226 1080 4287 ἐστὶν,
1109 4225 1185 4288 ὡς
1220 4224 1561 4294 ἀπαύγασμα
1593 4224 1685 4277 καὶ
1709 4224 1881 4293 Λόγος
1906 4225 2072 4279 αὑτοῦ
2112 4228 2206 4280 καὶ
2236 4228 2336 4297 τῆς
2368 4229 2719 4292 ὑποστάσεως
2745 4230 2909 4283 αὑτοῦ
2939 4233 3246 4301 χαρακτήρ.
3334 4273 3345 4280 .
3644 4206 3657 4217 κ

555 4317 697 4382 XIV,
723 4316 814 4381 25,
851 4317 940 4372 96.
976 4317 1099 4372 Han:
1143 4316 1350 4370 locutus
1402 4332 1516 4370 sum
1572 4316 1751 4377 vobis,
1789 4319 1930 4385 apud
1970 4333 2058 4371 vos

2241 4320 2431 4376 Ταῦτα
2459 4321 2771 4387 λελάληκα
2798 4321 2961 4390 ὑμῖν,
2995 4322 3129 4389 παρ’
3154 4322 3296 4391 ὑμῖν
3321 4322 3538 4393 μένων.
3587 4324 3654 4377 Ὀ
3684 4325 3757 4377 δὲ

486 4426 727 4465 manens.
760 4404 1079 4462 Paracletus
1115 4417 1292 4461 autem
1343 4404 1577 4475 Spiritus
1629 4418 1867 4474 sanctus,
1909 4424 2057 4479 quem

2168 4412 2553 4480 Παράκλητος
2583 4411 2648 4465 τὸ
2671 4412 2914 4481 Πνεῦμα
2949 4412 3016 4467 τὸ
3053 4413 3242 4482 ἄγνον,
3289 4414 3320 4468 ὃ
3353 4416 3576 4485 πέμψει
3604 4417 3756 4486 ὑμῖν

486 4507 657 4558 titillet
686 4502 851 4555 Pater
881 4501 941 4554 in
972 4501 1182 4555 nomine
1217 4517 1351 4563 meo,
1377 4500 1467 4554 ille
1497 4516 1584 4554 vos
1615 4499 1820 4554 docebit
1853 4500 2053 4566 omnia,

2168 4506 2198 4556 ό
2244 4503 2443 4572 Πατὴρ
2478 4503 2549 4555 ἐν
2590 4502 2670 4567 τῷ
2712 4504 2956 4573 ὀνόματί
2990 4523 3131 4572 μου,
3173 4506 3400 4573 ἐκεῖνος
3447 4508 3607 4576 ὺιιᾶς
3646 4512 3753 4564 ὄι-

485 4608 534 4654 et
567 4608 806 4669 suggeret
835 4596 978 4651 vobis
1005 4596 1187 4649 omnia
1220 4611 1541 4666 quiscunque
1569 4594 1756 4649 dixero
1787 4596 1952 4651 vobis.

559 4768 737 4826 llabet
768 4785 964 4825 rursus
996 4769 1086 4824 hic
1128 4784 1311 4825 sermo
1342 4769 1708 4825 humanitatis
1749 4769 2063 4840 expressio-

484 4878 635 4925 netn,
660 4870 715 4916 et
756 4878 785 4914 a
817 4870 1008 4917 nostra
1042 4859 1362 4915 conditione
1389 4878 1499 4915 non
1537 4862 1833 4917 admodum
1865 4846 2059 4927 dis’tat,

481 4956 525 5009 si
584 4953 693 5009 loci
739 4953 905 5021 hujus
966 4942 1190 5010 sensum
1242 4956 1664 5010 convenientem
1718 4966 2057 5027 spectemus.

480 5044 846 5111 Quandouam
875 5044 1045 5109 enim,
1078 5045 1294 5113 inquiet
1337 5045 1467 5115 jure
1512 5048 1739 5117 aliquis,
1783 5050 1925 5119 apud
1959 5065 2063 5103 nos

480 5138 744 5194 Christus
794 5153 904 5193 non
969 5147 1078 5201 est,
1114 5138 1338 5193 deitatis
1386 5137 1650 5193 nimirum
1714 5142 1959 5210 potentia
1999 5158 2063 5196 ac

482 5230 727 5293 virtute,
764 5231 956 5300 implet
992 5230 1198 5300 quippe
1242 5230 1531 5294 universa,
1559 5247 1659 5286 nec
1713 5233 1782 5287 ab
1840 5234 1948 5287 ulla
2007 5250 2064 5287 re

488 5320 649 5389 plane
700 5319 1011 5385 abest,sed
1060 5318 1322 5376 incll'abili
1364 5322 1571 5376 virtute
1620 5323 1803 5392 potius
1860 5334 2061 5378 cunt-ta

487 5419 752 5478 permeat,
786 5419 988 5464 terram
1023 5426 1087 5465 ac
1121 5411 1344 5474 omium,
1377 5427 1481 5466 nec
1531 5412 1686 5466 abest
1738 5428 1765 5465 a
1802 5427 2057 5482 penetra-

487 5503 632 5558 libus
663 5502 892 5571 abyssi?
924 5500 1023 5557 Ubi
1049 5504 1191 5557 enim
1224 5519 1331 5556 non
1367 5512 1453 5558 est
1495 5502 1674 5557 Deus?
1707 5502 1839 5557 Cum
1890 5505 2057 5573 igitur

486 5594 563 5648 ait
597 5613 610 5648 :
648 5611 669 5644 ι
707 5593 831 5652 11ωο
856 5594 1074 5649 locutus
1097 5610 1219 5650 sum
1239 5594 1419 5661 vobis,
1443 5595 1587 5664 apud
1617 5611 1713 5649 vos
1745 5611 1999 5659 manens,
2030 5616 2047 5647 ι

555 5771 599 5804 ’τ
630 5771 730 5828 lsa.
774 5786 850 5837 ut,
881 5770 912 5828 θ
954 5787 1065 5828 sec.
1106 5771 1269 5830 LXX.
1345 5776 1389 5807 ”'
1416 5773 1646 5841 Philipp.
1690 5788 1750 5835 ll,
1787 5774 1838 5827 τ.

2163 4593 2331 4658 δείξει
2362 4593 2580 4658 πάντα,
2619 4595 2717 4647 καί
2745 4595 3079 4665 ὑπομνήσει
3113 4598 3268 4667 ὑμᾶς
3288 4599 3485 4652 πάντα
3505 4599 3545 4654 d
3570 4597 3756 4655 εἷπον

2161 4684 2293 4754 ἐγώ.

2234 4776 2385 4845 Ἔχει
2419 4774 2580 4829 πάλιν
2605 4777 2631 4829 ὁ
2663 4774 2818 4845 λόγος
2847 4777 2906 4831 τὸ
2941 4777 3301 4851 ἀνθρώπινον,
3351 4779 3445 4832 καὶ
3472 4778 3583 4832 τῶν
3618 4779 3752 4833 καθ’

2160 4866 2306 4936 ἡμᾶς
2326 4866 2387 4918 οὐ
2415 4866 2535 4919 λίαν
2565 4868 2910 4939 ἀπήλλακται
2941 4869 3176 4938 μέτρων,
3206 4871 3328 4923 ὅσον
3359 4866 3493 4941 ἧκεν
3515 4870 3596 4933 είς
3615 4869 3752 4924 νοῦν

2158 4961 2271 5022 τοῖς
2301 4960 2685 5029 προκειμένοις
2711 4961 2803 5014 τὸν
2842 4962 3138 5033 πρέποντα.
3173 4963 3311 5016 Πότε
3339 4963 3469 5032 γὰρ,
3500 4962 3751 5029 εὐλόγως

2161 5048 2277 5115 ἐρεῖ
2317 5065 2422 5111 τις,
2457 5049 2531 5113 ὼς
2559 5051 2620 5103 ού
2672 5051 2803 5122 παρ’
2833 5054 2965 5121 ἡμῖν
2995 5054 3140 5106 ἐστιν
3168 5054 3196 5104 ὁ
3229 5051 3484 5124 Χριστὸς,
3509 5051 3657 5105 κατά
3682 5068 3752 5119 γε

2160 5140 2259 5210 τὴν
2300 5141 2399 5210 τῆς
2446 5140 2695 5211 θεότητος
2740 5143 2990 5215 δύναμιν,
3040 5146 3218 5197 καίτοι
3265 5145 3465 5215 πληροῖ
3518 5131 3617 5214 μὲν
3678 5144 3756 5197 τὰ

2160 5231 2359 5294 πάντα,
2382 5222 2481 5285 καὶ
2508 5233 2721 5297 οὐδενὸς
2748 5234 2810 5287 τὸ
2841 5234 3061 5306 σύμπαν
3088 5236 3379 5305 ἀποδημεῖ,
3403 5236 3663 5305 περιέπει
3691 5236 3755 5290 δὲ

2165 5319 2364 5388 μᾶλλον
2393 5324 2619 5396 ἀρρήτῳ
2647 5324 2894 5396 δυνάμει,
2922 5327 3027 5397 γῆν
3058 5344 3118 5379 τε
3152 5327 3247 5380 κα1⁷
3277 5328 3524 5400 οὐρανὸν,
3552 5328 3670 5380 τῶν
3688 5326 3755 5379 δὲ

2149 5411 2388 5466 ἀὸύσσου
2417 5417 2602 5485 μυχῶν
2624 5416 2723 5468 οὐκ
2746 5418 3215 5489 ἀπολιμπάνεταις
3246 5420 3352 5472 Ποῦ
3377 5419 3485 5489 γὰρ
3501 5419 3600 5471 οὐκ
3622 5417 3759 5471 ἐστι

2163 5506 2329 5568 Θεόςς
2381 5506 2551 5561 Ὅταν
2595 5505 2686 5562 οὖν
2727 5508 2859 5583 λέγῃ
2880 5527 2893 5542 ·
2953 5530 2969 5561 ι
3002 5511 3188 5564 Ταῦτα
3219 5512 3353 5580 πρὸς
3387 5511 3532 5579 ὑμᾶς
3563 5505 3755 5569 εἷπον.

2162 5602 2290 5669 παρ’
2320 5601 2445 5671 ὑμῖν
2484 5601 2677 5664 μένων,
2711 5620 2728 5653 ι
2759 5602 2897 5655 κατὰ
2919 5602 2979 5655 τὸ
3006 5601 3341 5673 ἀνθρώπινον
3364 5598 3757 5673 ὲκληψόμευα.

1918 5774 1962 5807 ³³
2001 5771 2161 5829 Joan.
2215 5789 2268 5839 t,
2324 5777 2409 5829 14.
2490 5776 2533 5807 ⁸ο
2579 5779 2744 5833 Hebr.
2787 5795 2833 5845 ι,
2877 5779 2931 5837 '5.
