4076 6270
335 469 434 523 501
1389 458 1453 512 lN
1494 443 1777 511 JOANNIS
1809 451 1934 508 EVA

2035 439 2252 505 .ELIUM
2295 451 2419 504 LIB.
2464 439 2528 505 Χ.
2815 507 2820 512 ,
3477 439 3579 504 302

338 587 455 640 Καὶ
508 580 734 649 ἐπείπερ
786 577 1009 649 ἔμελλεν
1050 574 1108 640 ἐξ
1165 574 1458 645 ὀφθαλμῶν
1506 571 1754 641 γενέσθαι
1802 569 1910 622 τῶν

2035 567 2377 622 inmanitatis
2430 569 2641 620 ratione
2686 565 2740 619 id
2788 554 3174 633 intelligemus.
3215 552 3279 618 Et
3313 565 3439 634 quia
3492 579 3578 619 re—

295 663 300 667 .
344 674 642 748 ἡμετέρων.
674 671 813 724 κατά
843 685 908 737 γε
934 667 1031 738 τὴν
1060 668 1236 736 σάρκα
1268 665 1430 735 φημὶ,
1465 665 1564 735 τὴν
1591 665 1649 716 ἐν
1677 663 1787 724 τοῖς
1820 661 1914 713 οὐ-

2035 673 2210 713 rersus
2246 656 2314 710 ad
2363 657 2536 712 caelos
2586 671 2914 712 evanescere
2964 655 3198 709 debebat
3249 671 3315 708 ex
3373 663 3580 709 nostris

350 769 527 838 ρανοτς
575 761 882 832 ἀποδημίαν
931 757 1301 827 στειλάμενος,
1349 755 1416 809 τὰ
1465 753 1695 808 τοιαῦτά
1741 764 1912 822 φησι·

344 858 440 926 τὴν
462 852 517 907 δέ
544 848 639 906 τοῦ
678 849 980 922 μυστηρίου
1010 849 1354 917 τελειοτάτην
1382 847 1474 900 καὶ
1516 845 1916 914 ἀκριῦεστάτην

344 947 473 1016 ἡμῖν
495 940 838 1008 ἀποκάλυψιν
857 933 946 992 διά
967 937 1060 991 τοῦ
1091 936 1448 1009 Παρακλήτου
1472 933 1723 1003 γενέσθαι
1745 932 1914 999 λέγει,

342 1037 482 1090 τοῦτ’
516 1034 652 1098 ἐστι,
681 1030 776 1085 τοῦ
807 1029 964 1097 ἁγὼν
993 1030 1309 1100 Πνεύματος
1343 1023 1741 1088 ἀποσταλέντος
1768 1022 1919 1095 παρά

341 1129 438 1182 τοῦ
463 1125 678 1198 Πατρδς
704 1119 794 1178 ἐπὶ
820 1123 898 1194 τῷ
920 1122 1146 1192 ὀνόματι
1171 1116 1357 1182 αὐτοῦ,
1383 1119 1526 1186 λέγω
1557 1116 1620 1189 δὴ
1649 1116 1740 1170 τοῦ
1765 1107 1915 1170 Υίοῦ.

353 1215 446 1285 Ὦς
493 1218 601 1288 γὰρ
645 1215 903 1287 Χριστὸς,
951 1213 1008 1265 ἐν
1052 1213 1186 1283 ἡμῖν
1227 1211 1288 1264 τὸ
1332 1209 1555 1280 Πνεῦμα
1582 1207 1766 1262 αὑτοῦ.
1822 1203 1921 1258 Διά

344 1311 504 1364 τοῦτό
533 1325 715 1380 φησιν,
750 1307 832 1360 ὅτι
863 1324 882 1357 ι
905 1305 1145 1365 Ἐκεῖνος
1175 1301 1374 1368 διδάξει
1401 1302 1552 1371 ὑμᾶς
1573 1300 1746 1354 πάντα
1777 1298 1812 1352 ἀ
1843 1293 1914 1350 εἱ·

347 1412 448 1455 πον
476 1401 604 1470 ὑμῖν
639 1398 769 1466 ἐγώ.
802 1417 818 1450 ι
863 1395 1082 1464 Ἐπειδὴ
1113 1394 1220 1465 γάρ
1255 1395 1368 1446 ἐστι
1415 1392 1638 1462 Πνεῦμα
1683 1387 1919 1462 Χριστοῦ

348 1487 443 1544 καὶ
467 1489 592 1552 νοῦς
623 1482 811 1551 αὺτοῦ,
847 1480 989 1540 κατά
1015 1485 1076 1538 τὺ
1102 1483 1504 1555 γεγραμμένον,
1537 1475 1634 1553 οὺχ
1660 1481 1846 1551 ἕτερον
1872 1498 1922 1532 τι

348 1581 479 1653 παρ’
515 1577 677 1634 αὑτὸν
700 1578 780 1643 ὃν,
813 1575 956 1631 κατά
987 1592 1051 1644 γε
1075 1569 1170 1628 τδν
1199 1576 1255 1627 tv
1282 1567 1568 1643 ταυτότητι
1599 1573 1802 1642 φυσικῇ
1837 1570 1918 1622 λό-

349 1687 471 1741 γον,
515 1671 694 1725 καίτοι
741 1668 1028 1740 νοούμενον
1071 1683 1132 1720 τε
1181 1665 1275 1719 καὶ
1319 1665 1560 1736 ὑπάρχον
1614 1664 1780 1725 ἰδίως,
1815 1659 1923 1714 οἶδε

351 1763 535 1816 πάντα
562 1760 630 1814 τὰ
662 1759 720 1812 ἐν
743 1757 911 1828 αὑτῷ.
934 1741 1047 1810 Καλ.
1077 1754 1414 1826 μαρτυρήσει
1435 1753 1608 1820 λέγων
1630 1755 1657 1806 ὁ
1679 1750 1888 1813 Παῦλος
1907 1767 1921 1780 ·

357 1874 377 1906 ι
401 1852 499 1916 Τίς
529 1851 637 1922 γὰρ
665 1846 774 1904 οἶδε
811 1854 881 1902 τά
921 1845 1014 1902 τοῦ
1047 1843 1348 1916 ἀνθρώπου,
1387 1847 1436 1898 εί
1486 1843 1564 1915 μὴ
1607 1844 1667 1897 τὸ
1710 1841 1926 1911 πνεῦμα

2015 751 2215 814 oculis,
2245 750 2392 821 quod
2429 749 2495 804 ad
2524 765 2749 805 carnem
2789 756 3021 820 spectat,
3051 748 3261 804 idcirco
3295 749 3410 805 haec
3455 750 3532 804 ait
3564 792 3579 805 .

1987 841 2266 911 .mysterii
2308 855 2440 896 vero
2491 839 2952 910 perfectissimam
3005 846 3056 893 et
3110 833 3580 894 accurati'ssimam

2018 933 2414 986 revelationem
2447 943 2543 1002 per
2567 930 2909 985 Paraclelum
2940 929 3101 984 nobis
3131 926 3332 983 factam
3361 929 3456 991 ait,
3480 929 3587 984 ho»

2016 1033 2102 1078 est
2128 1027 2223 1094 per
2253 1033 2504 1078 sanctqu
2543 1021 2836 1092 Spiritum,
2875 1021 2966 1092 qui
3007 1021 3208 1075 missus
3241 1029 3326 1075 est
3357 1034 3384 1073 a
3422 1019 3588 1074 Patre

2019 1115 2074 1168 in
2107 1113 2328 1168 nomine
2359 1114 2505 1182 ejus,
2562 1113 2612 1166 id
2647 1108 2743 1167 est‘
2765 1111 2908 1167 Filii.
2942 1113 3010 1167 Ut
3056 1113 3200 1165 enim
3242 1111 3496 1166 Christus
3530 1111 3584 1164 ir.

2021 1203 2202 1264 nobis,
2236 1201 2308 1254 ita
2339 1209 2392 1254 et
2428 1200 2670 1270 Spiritus
2704 1197 2845 1267 ejus.
2887 1199 3099 1253 Idcirco
3127 1199 3206 1273 ait
3236 1217 3248 1251 :
3281 1216 3299 1249 ι
3342 1200 3463 1266 Ipse
3489 1209 3584 1253 vos

2019 1291 2243 1348 docebit
2271 1290 2456 1345 omnia
2486 1305 2610 1360 qua:
2641 1305 2743 1360 ego
2770 1281 2882 1343 dixi
2918 1287 3096 1343 vobis.
3139 1307 3157 1340 ι
3194 1285 3326 1340 Nam
3359 1302 3483 1341 cum
3517 1299 3589 1340 sit

2023 1383 2233 1438 Christi
2281 1381 2524 1452 Spiritus
2551 1389 2606 1435 et
2648 1395 2802 1434 mens
2843 1379 2984 1448 ejus,
3019 1388 3078 1433 ut
3109 1379 3378 1448 scriptum
3409 1386 3494 1432 est
3520 1377 3587 1436 δ’.

2024 1490 2131 1529 non
2180 1474 2328 1527 aliud
2379 1471 2638 1542 quiddam
2685 1470 2958 1526 exsistens
3003 1469 3080 1522 .ab
3133 1470 3271 1538 ipso,
3322 1462 3591 1520 naturalis

2026 1564 2331 1619 identitatis
2363 1563 2745 1628 ratione,licet
2776 1562 2829 1615 in
2864 1561 3087 1631 propria
3114 1558 3392 1629 hypostasi
3424 1557 3588 1610 intel-

2027 1656 2228 1726 ligatur
2254 1668 2318 1708 ac
2357 1654 2450 1716 sit,
2479 1653 2664 1707 omnia
2705 1653 2858 1705 novit
2890 1665 3009 1719 quae
3041 1651 3096 1703 in
3128 1663 3194 1704 eo
3238 1656 3386 1702 sunt.
3418 1647 3593 1716 Cujus

2025 1748 2103 1802 rei
2150 1747 2312 1801 testis
2360 1745 2516 1802 nobis
2543 1745 2646 1799 erit
2678 1743 2900 1806 Paulus,
2929 1742 3124 1817 dicens
3158 1759 3170 1794 :
3206 1761 3223 1793 ι
3259 1740 3396 1808 Quis
3443 1741 3588 1793 enim

2028 1838 2133 1893 scit
2164 1853 2286 1906 quae
2330 1846 2462 1890 sunt
2499 1835 2764 1898 hominis,
2811 1835 2916 1888 nisi
2947 1832 3179 1904 spiritus
3226 1831 3466 1886 hominis
3495 1839 3589 1898 qui

349 1943 446 1997 τοῦ
477 1941 765 2012 ἀνθρώπου
790 1941 851 1994 τὸ
878 1938 938 1993 ὃν
967 1941 1024 1991 ὲν
1048 1938 1224 2009 aii-rip;
1274 1938 1431 1991 υῦτω
1461 1938 1553 1990 xui.
1578 1935 1646 1989 τά
1672 1935 1764 1989 τοῦ
1791 1933 1924 1988 Θεοῦ

2035 1932 2082 1984 in
2117 1931 2238 1998 ipso
2263 1929 2386 1983 est?
2413 1929 2488 1982 Ita
2519 1935 2573 1983 et
2621 1944 2744 1998 quae
2795 1927 2886 1982 Dei
2930 1933 3078 1989 sunt,
3112 1939 3273 1980 nemo
3312 1923 3592 1994 coguOvit,

351 2034 528 2095 οὐδεὶς
553 2033 824 2100 ἔγνωκεν,
845 2033 892 2083 εί
927 2031 998 2100 μὴ
1033 2030 1092 2081 τὸ
1120 2028 1345 2098 Πνεῦμα
1370 2028 1464 2082 τοῦ
1501 2027 1654 2081 Θεοῦ.
1693 2026 1923 2088 Οὐκοῦν,

355 2125 430 2187 ὼς
474 2123 612 2185 είδὸς
639 2121 708 2174 τά
739 2123 798 2174 ἐν
928 2119 1174 2190 βουλήσει
1203 2119 1296 2173 τοῦ
1341 2118 1706 2187 Μονογενοῦς,
1750 2118 1928 2171 πάντα.

358 2215 490 2283 ἡμῖν
519 2207 827 2280 ἁναγγέλει,
874 2207 974 2263 ούκ
1003 2211 1067 2263 ἐκ
1099 2209 1386 2280 μαθήσεως
1419 2208 1540 2278 έχον
1568 2208 1668 2278 τὴν
1699 2207 1926 2277 εἴδησιν,

362 2303 450 2355 ἵνα
483 2301 555 2372 μὴ
581 2302 840 2371 φαίνηται
865 2300 1111 2354 διακόνου
1134 2300 1285 2364 τάξιν
1307 2298 1660 2370 ἀποπληροῦν
1689 2298 1929 2360 καὶτοὺς

362 2391 553 2460 ἐτέρου
587 2389 746 2459 τυχὸν
777 2389 1188 2460 διαπορθμεύων
1222 2387 1432 2456 λόγους.
1468 2388 1580 2441 ἀλλ’
1603 2386 1679 2450 ὡς
1713 2387 1930 2456 πνεῦμα

366 2477 655 2548 ἀνθρώπου
685 2476 782 2546 (l),
815 2476 1061 2547 καθάπερ
1089 2476 1291 2546 ἀρτίως
1315 2477 1635 2546 εἰρήκαμεν,
1671 2475 1764 2528 καὶ
1793 2474 1930 2538 etab;

369 2567 663 2628 ἀδιδάκτως
689 2565 862 2618 πάντα
891 2566 958 2620 τά
987 2565 1044 2632 ἐξ
1073 2561 1132 2621 οῦ
1157 2567 1251 2620 καὶ
1283 2569 1340 2620 ἐν
1365 2560 1517 2636 ᾧπέρ
1545 2568 1682 2630 ἐστι,
1713 2566 1782 2619 τὰ
1811 2565 1932 2619 θεία

369 2658 484 2718 τοῖς
523 2653 698 2722 ἁγίοις
723 2654 1094 2707 ἀποκαλύπτει
1130 2655 1428 2724 μυστήρια,
1460 2654 1708 2724 καθάπερ
1740 2654 1931 2724 ἀμέλει

2027 2025 2133 2078 nisi
2162 2021 2408 2093 Spiritus
2437 2021 2528 2072 Dei
2555 2019 2620 2073 δ’.
2650 2038 2668 2070 ι
2703 2018 2974 2084 Quocirca
3010 2025 3069 2071 ut
3110 2016 3205 2086 qui
3233 2016 3383 2070 novit
3407 2019 3590 2068 omnia

2029 2130 2150 2185 qua:
2177 2123 2307 2168 sunt
2350 2113 2404 2166 in
2437 2112 2718 2165 voluntate
2754 2108 3052 2180 Uuigeniti,
3083 2105 3267 2160 omnia
3302 2105 3461 2158 nobis
3496 2118 3595 2156 an-

2030 2203 2270 2264 nuntiat,
2304 2216 2409 2255 non
2436 2199 2732 2268 disciplina
2761 2204 3135 2266 comparatam
3169 2193 3456 2250 scientiam
3492 2191 3584 2245 ha-

2033 2297 2188 2360 bens,
2228 2309 2298 2348 ne
2329 2291 2570 2346 ministri
2598 2291 2770 2344 vicem
2822 2290 3049 2359 implere
3082 2287 3330 2342 videatur
3355 2292 3411 2340 et
3459 2285 3597 2337 alte-

2031 2387 2148 2440 rius
2199 2397 2483 2439 sermones
2524 2379 2760 2442 del‘erre,
2806 2381 2898 2434 sed
2948 2387 3008 2432 ut
3058 2378 3285 2448 Spiritus
3336 2375 3595 2440 hominis,

2032 2475 2198 2532 sicuti
2231 2473 2394 2528 modo
2423 2471 2692 2534 diximus,
2726 2477 2779 2524 et
2808 2468 2900 2538 qui
2935 2468 3072 2521 citra
3099 2466 3343 2522 doctoris
3373 2476 3598 2534 operam

2034 2565 2188 2620 novit
2218 2565 2402 2618 omnia
2444 2577 2566 2632 qua:
2609 2567 2740 2616 sunt
2771 2560 2892 2628 ejus
2925 2573 2993 2614 ex
3038 2573 3149 2628 quo
3173 2565 3229 2612 et
3261 2557 3318 2611 in
3350 2569 3460 2626 quo
3487 2563 3595 2618 est,

2033 2656 2219 2711 divina
2256 2655 2468 2710 sanctis
2498 2654 2704 2708 revelat
2735 2650 3020 2722 mysteria,
3051 2648 3215 2704 sicuti
3248 2649 3508 2704 nimirum
3546 2652 3602 2703 ‘et

369 2747 462 2800 καὶ
488 2747 516 2798 ὁ
539 2743 872 2814 ἀνθρώπινος
901 2743 1022 2807 νοῦς
1051 2744 1230 2797 πάντα
1254 2739 1537 2811 γινώσκων
1568 2744 1636 2797 τὰ
1669 2745 1729 2796 ἐν
1761 2743 1932 2813 αὐτῷ,

2035 2763 2189 2802 mens
2235 2747 2474 2801 humana
2507 2744 2691 2801 omnia
2731 2759 2853 2814 quae
2899 2743 2952 2796 in
2983 2758 3041 2797 se
3091 2751 3221 2797 sunt
3263 2754 3598 2812 agnoscens,

363 2837 599 2891 διακονεῖ
624 2835 770 2904 πρὸς
788 2835 848 2888 τὸ
884 2835 1007 2901 ἔξω,
1038 2835 1182 2905 λόγῳ
1212 2836 1374 2906 τυχὸν
1402 2835 1483 2906 τῷ
1513 2834 1834 2906 προφορικῷ
1865 2835 1934 2890 τὰ

2035 2837 2383 2893 enuntiativo
2403 2835 2569 2890 verbo
2591 2843 2649 2888 ut
2669 2833 2815 2890 foras
2841 2834 3377 2890 cmittatvoluntates
3405 2835 3602 2889 animae

364 2926 646 2998 θελήματα
689 2928 788 2996 τῆς
818 2926 1020 2997 ψυχῆς,
1057 2922 1126 2999 ἧς
1149 2927 1388 3002 ἐστικαὶ
1418 2926 1560 2991 νοῦς,
1607 2927 1792 2996 ἕτερον
1835 2927 1934 2996 μέν

2039 2928 2341 2987 ministrat,
2374 2926 2532 2997 cujus
2561 2933 2645 2981 est
2675 2926 2839 2981 etiam
2892 2939 3068 2986 mens,
3105 2925 3253 2979 aliud
3281 2924 3503 2994 quidem
3532 2925 3602 2979 alt

284 3055 288 3060 -
362 3039 417 3074 τι
451 3022 580 3092 παρ’
611 3019 782 3089 αὐτὴν
809 3020 930 3081 ταῖς
954 3019 1220 3081 ἐπινοίαις
1244 3016 1516 3090 ὁρώμενός
1540 3034 1601 3070 τε
1629 3017 1724 3070 καὶ¹
1744 3017 1934 3086 ὀνομα-

2039 3019 2159 3089 ipsa
2195 3019 2420 3073 nomine
2469 3027 2523 3072 et
2563 3025 2856 3087 conceptu,
2885 3015 2980 3071 sed
3016 3016 3120 3069 alia
3165 3016 3466 3071 secundum
3504 3022 3602 3070 “na-

363 3113 610 3182 ζόμενος,
635 3111 720 3164 ἒτε
731 3126 821 3180 ρος
847 3110 903 3164 δὲ
929 3109 1073 3163 κατά
1091 3108 1251 3178 φύσιν
1275 3110 1373 3163 οὐκ
1391 3109 1486 3174 ὢν,
1516 3108 1631 3162 ἀλλ’
1651 3107 1726 3172 ὡς
1748 3107 1934 3180 μόριον

2040 3121 2220 3165 turam
2252 3125 2359 3165 non
2391 3109 2690 3172 exsistens,
2721 3109 2815 3164 sed
2844 3121 2966 3178 quaa
2993 3107 3161 3162 veluti
3196 3121 3324 3177 pars
3356 3108 3605 3177 comple-

362 3203 460 3256 τοῦ
491 3201 689 3265 παντὸς
717 3198 1176 3272 συμπληρωτικὸν
1205 3203 1262 3254 ἐν
1289 3201 1426 3271 αὐτῇ
1456 3217 1517 3252 τε
1548 3199 1811 3271 ὑπάρχον,
1841 3200 1934 3254 καὶ

2041 3203 2150 3255 tiva
2183 3201 2354 3255 totius
2383 3200 2437 3253 in
2466 3214 2529 3254 ea
2553 3198 2794 3264 exsistit,
2820 3207 2874 3252 et
2901 3214 2968 3253 ex
2997 3213 3059 3251 ea
3089 3198 3310 3267 prodire
3333 3198 3600 3252 creditur.

365 3293 426 3358 ἐξ
458 3294 627 3364 αὐτῆς
657 3293 990 3361 ἀναφύεσθαι
1017 3289 1425 3362 πιστευόμενον.
1481 3292 1650 3364 ’Υπὲρ
1684 3292 1743 3346 δέ
1779 3292 1934 3345 τοῦτο

2037 3293 2206 3364 838
2229 3293 2390 3362 Atqui
2414 3291 2596 3345 divina
2620 3301 2674 3345 et
2703 3289 2999 3345 inell'abilis
3031 3297 3222 3344 natura
3255 3303 3420 3359 supra
3457 3285 3604 3342 istud

255 3399 263 3407 '
363 3385 532 3440 πάλιν
575 3385 610 3455 ἠ
661 3383 780 3438 θεία
831 3399 890 3437 τε
942 3385 1037 3437 καὶ
1082 3384 1325 3455 ἄρρητος
1358 3382 1540 3451 φύσις.
1595 3382 1784 3454 Μικρά
1829 3382 1934 3454 γὰρ

2042 3384 2200 3452 longe
2234 3382 2413 3452 posita
2457 3387 2562 3435 est.
2608 3371 2708 3434 Vis
2757 3378 2903 3436 enim
2947 3379 3323 3449 exemplorum
3373 3378 3440 3432 ad
3482 3387 3603 3432 eam

368 3477 523 3529 πᾶσα
547 3473 1002 3545 παραδειγμάτων
1027 3474 1199 3544 ἰσχὺς,
1229 3473 1333 3528 κᾶν
1357 3475 1444 3527 διὰ
1476 3473 1687 3527 λεπτῶν
1711 3474 1934 3544 ἔρχηται

2040 3473 2419 3542 explicandam
2476 3470 2747 3525 imbecilla
2816 3486 3046 3540 prorsus
3093 3479 3197 3534 est,
3248 3473 3605 3541 quantumvis

369 3565 568 3634 λόγων.
615 3565 824 3618 Οὐκοῦν
853 3566 888 3634 ἡ
919 3564 1098 3618 τελεία
1132 3565 1367 3634 μάθησις
1391 3563 1481 3618 διὰ
1505 3563 1598 3617 τοῦ
1627 3565 1941 3634 Πνεύματος

371 3658 486 3716 τοῖς
513 3654 686 3721 ἁγίοις
715 3654 1038 3707 ἐντίκτεται.
1068 3655 1176 3708 Καὶ
1205 3654 1338 3721 γοῦν
1365 3656 1394 3708 ὁ
1419 3653 1702 3718 θεσπέσιος
1730 3654 1942 3719 Παῦλος

378 3744 689 3798 ἐπιστέλλει
733 3744 868 3814 πρός
920 3761 1109 3808 τινας·
1165 3764 1184 3796 ι
1211 3745 1386 3813 Κάγὼ
1425 3745 1663 3809 ἀκούσας
1700 3745 1797 3816 τὴν
1824 3742 1945 3799 καθ⁴

384 3836 532 3904 ὑμᾶς
550 3833 731 3886 πίστιν
757 3834 815 3886 ἐν
842 3831 920 3903 τῷ
950 3832 1138 3904 Κυρίῳ
1171 3833 1365 3903 Ἰησοῦ,
1390 3835 1486 3889 καὶ
1511 3834 1611 3905 τὴν
1640 3839 1718 3898 είς
1740 3835 1946 3897 πάντας

382 3923 512 3984 ⁸’τοὺς
541 3921 725 3990 ἁγίους
753 3920 1003 3994 ἀγάπην,
1053 3923 1116 3975 οὐ
1159 3923 1402 3993 παύομαι
1445 3921 1777 3994 εὐχαριστῶν
1809 3923 1947 3995 ὑπὲρ

383 4011 560 4083 ὑμῶν,
611 4011 802 4082 μνείαν
835 4011 1152 4082 ποιούμενος
1197 4013 1290 4066 ἐπὶ
1329 4012 1438 4066 τῶν
1473 4012 1786 4084 προσευχῶν
1821 4029 1944 4083 μου,

2043 3563 2340 3618 suhtilibus
2374 3561 2559 3616 verbis
2589 3560 2910 3615 ell'erantur.
2947 3561 3120 3630 Igitur
3160 3549 3402 3631 perfecta
3433 3561 3621 3616 discl-.

2046 3657 2192 3725 plina
2222 3670 2318 3723 per
2347 3653 2610 3723 Spiritum
2649 3653 2704 3706 in
2742 3652 2952 3708 sanctis
2981 3653 3245 3724 gignitur.
3280 3651 3437 3708 Unde
3467 3649 3605 3707 Pau-

2045 3747 2132 3801 lus
2178 3746 2269 3800 ille
2299 3744 2522 3799 divinus
2563 3743 2630 3798 ad
2663 3744 2961 3799 nonnullos
2996 3743 3228 3799 scribit:
3258 3761 3276 3794 ι
3314 3741 3607 3813 Propterea

2045 3845 2101 3892 et
2128 3851 2231 3905 ego
2267 3836 2497 3890 audiens
2527 3833 2683 3888 [idem
2730 3842 2992 3898 vestram,
3020 3843 3143 3902 quae
3187 3840 3270 3888 est
3302 3833 3355 3887 in
3389 3832 3610 3888 Christo

2047 3921 2200 3988 Jesu,
2235 3931 2290 3980 et
2316 3923 2662 3979 dilectionem
2701 3923 2755 3976 in
2785 3935 2976 3978 omnes
3031 3932 3276 3986 sanctos,
3309 3937 3418 3976 non
3449 3935 3610 3975 cesso

2053 4016 2264 4087 gratias
2308 4029 2478 4085 agens
2509 4029 2611 4084 pro
2636 4010 2816 4078 vobis,
2853 4014 3174 4067 memoriam
3203 4013 3372 4068 vestri
3404 4010 3612 4067 faciens

381 4101 470 4153 ἵνα
496 4103 524 4154 ὀ
553 4099 684 4168 Θεὸς
713 4099 807 4154 τοῦ
835 4101 1038 4170 Κυρίου
1067 4100 1222 4172 ἡμῶν
1264 4100 1438 4171 Ἰησοῦ
1471 4101 1729 4178 Χριστοῦ,
1774 4104 1803 4155 ὁ
1832 4104 1934 4157 Πα·

2049 4108 2106 4162 in
2137 4106 2486 4161 orationibus
2529 4104 2685 4169 meis,
2725 4112 2785 4157 ut
2830 4102 2975 4158 Deus
3015 4103 3224 4158 Domini
3267 4105 3442 4160 nostri
3481 4098 3612 4158 Jesu

377 4191 482 4263 τὴρ
501 4191 601 4260 τῆς
621 4189 796 4260 δόξης,
820 4191 929 4262 δῴη
950 4193 1077 4262 ὑμῖν
1099 4192 1321 4264 Πνεῦμα
1344 4193 1534 4262 σοφίας
1558 4195 1651 4248 καὶ
1677 4193 1934 4248 ἀποκαλύ·

2050 4197 2283 4261 Christi,
2316 4195 2480 4252 Pater
2506 4195 2714 4266 gloriae,
2746 4195 2838 4250 det
2860 4195 3014 4249 vobis
3035 4193 3305 4263 Spiritum
3333 4195 3612 4264 sapientia:

375 4286 524 4354 ψεως
551 4285 608 4336 ἐν
629 4281 919 4350 ἐπιγνώσει
940 4283 1125 4349 αὑτοῦ,
1148 4285 1594 4354 πεφωτισμένους
1608 4285 1734 4348 τοὺς
1751 4284 1934 4353 ὀφθαλ‹

2051 4299 2106 4345 et
2156 4287 2533 4352 revelationis,
2580 4287 2634 4341 in
2700 4286 2980 4357 agnitione
3047 4285 3173 4355 ejus
3220 4302 3234 4339 :
3277 4285 3614 4339 illuminatos

383 4374 518 4444 μοὺς
561 4374 660 4444 τῆς
688 4373 933 4444 καρδίας,
981 4376 1062 4438 είς
1100 4375 1161 4428 τὸ
1194 4375 1390 4428 ειδέναι
1421 4376 1564 4446 ὑμᾶς
1615 4372 1700 4437 τίς
1731 4377 1880 4428 ἐστιν
1917 4375 1934 4427 Ἰ

2053 4383 2247 4436 oculos
2281 4381 2470 4435 cordis
2493 4380 2682 4440 vestri,
2722 4387 2780 4431 ut
2811 4377 3006 4432 sciatis
3046 4392 3167 4445 quae
3199 4377 3271 4430 sit
3297 4389 3424 4443 spes
3458 4386 3614 4430 verae

381 4465 538 4528 ἐλπὶς
583 4465 684 4537 τῆς
728 4464 972 4535 κλήσεως
1003 4465 1190 4530 αὐτοῦ,
1243 4467 1338 4520 καὶ
1383 4467 1468 4530 τίς
1509 4468 1538 4520 ὁ
1579 4466 1808 4529 πλοῦτος
1851 4466 1934 4536 τῆς

2053 4473 2221 4528 tionis
2255 4471 2398 4541 ejus,
2428 4477 2482 4526 et
2512 4486 2634 4540 qua:
2661 4471 2867 4525 divitiae
2893 4469 3080 4540 gloriae
3128 4468 3461 4523 haereditatis
3493 4469 3616 4536 ejus

381 4557 540 4628 δόξης
575 4553 664 4627 τῆς
691 4557 1055 4627 κληρονομίας
1100 4558 1266 4611 αὑτοῦ
1296 4559 1353 4610 ἐν
1380 4560 1491 4621 τοῖς
1519 4558 1714 4626 ἁγίοις,
1763 4559 1856 4610 καὶ
1899 4575 1930 4610 τ

2056 4564 2110 4618 in
2151 4563 2381 4626 sanctis,
2431 4570 2485 4617 et
2532 4578 2653 4630 qua:
2708 4562 2782 4615 sit
2825 4561 3247 4631 supereminens
3295 4559 3615 4629 magnitudi-

381 4620 815 4719 τδνῦπερδάλλον.
836 4620 1064 4718 μέγεθος
1085 4649 1184 4718 τῆς
1207 4648 1486 4718 δυνάμεως
1515 4620 1686 4701 αῦτοῦὴ
1703 4620 1784 4711 είς
1806 4650 1934 4719 ἡμᾶς

2057 4653 2273 4708 virtutis
2306 4652 2427 4721 ejus
2465 4651 2520 4705 in
2551 4665 2652 4706 nos
2681 4651 2773 4720 qui
2806 4651 3105 4713 credimus,
3146 4648 3450 4705 secundum
3485 4659 3616 4716 ope-

384 4740 513 4800 τοὺς
542 4736 916 4802 πιστεύοντας,
961 4736 1105 4795 κατά
1131 4737 1230 4807 τὴν
1256 4739 1534 4807 ἐνέργειαν
1559 4739 1625 4811 ἣν
1652 4741 1934 4810 ἐνήργηκετ

2053 4748 2321 4801 rationem
2355 4744 2612 4816 potentiae
2633 4745 2859 4799 virtutis
2885 4744 3030 4813 ejus,
3051 4755 3213 4813 quam
3249 4749 3507 4811 operatus
3529 4747 3616 4794 est

384 4829 445 4882 ἐν
465 4827 547 4898 τῷ
565 4829 808 4900 Χριστῷ,
830 4829 1052 4900 ἐγείρας
1079 4829 1242 4883 αὑτὸν
1267 4831 1331 4884 ἐκ
1351 4831 1579 4901 νεκρῶν,
1607 4833 1700 4886 καὶ
1726 4833 1956 4896 καθίσας

386 4921 447 4971 tv
483 4919 634 4991 δεξιᾷ
665 4921 829 4974 αὐτοῦ
856 4921 915 4974 ἐν
941 4924 1056 4985 τοῖς
1082 4922 1446 4992 ἐπουρανίοις,
1496 4922 1748 4993 ὑπεράνω
1776 4923 1956 4994 πάσης

399 5008 620 5082 Ἀρχῆς,
668 5013 762 5066 καὶ
802 5013 1102 5078 Ἐξουσίας,
1150 5015 1243 5068 καὶ⁹
1267 5017 1579 5084 Δυνάμεως,
1627 5017 1719 5069 καὶ
1757 5017 1958 5087 Κύριό-

384 5119 570 5172 τητος,
615 5105 708 5157 καὶ
733 5105 933 5169 παντὸς
967 5105 1229 5174 ὀνόματος
1255 5106 1674 5176 ὀνομαζομένου,
1703 5093 1764 5159 ού
1799 5107 1957 5176 μόνον

385 5193 446 5243 ἐν
473 5191 551 5261 τῷ
591 5193 746 5246 αἰῶνι
773 5191 968 5262 τούτῳ,
1002 5194 1138 5248 ἀλλὰ
1179 5197 1274 5249 καὶ
1303 5197 1362 5248 ἐν
1388 5196 1467 5266 τῷ
1497 5197 1760 5266 μέλλοντι.
1792 5214 1812 5248 ι
1870 5199 1959 5250 Ἑν

385 5282 496 5353 γὰρ
521 5285 586 5352 τῇ
615 5282 724 5335 τῶν
750 5283 1004 5338 τοιούτων
1032 5286 1371 5355 ἀποκαλύψει
1402 5287 1488 5340 διὰ
1520 5286 1614 5340 τοῦ
1644 5288 1959 5357 Πνεύματος

385 5375 448 5425 ἐν
492 5375 627 5441 ἡμῖν
675 5375 1002 5445 ἁπορῤήτως
1027 5375 1413 5447 ἐνεργουμένη,
1458 5378 1557 5446 τῆς
1592 5377 1728 5445 μετὰ
1760 5378 1958 5446 σαρκὸς

384 5463 704 5533 οἰκονομίας
730 5465 794 5518 τὸ
820 5466 981 5535 βάθος
1002 5467 1096 5520 καὶ
1119 5466 1212 5520 τοῦ
1239 5467 1622 5538 κεκρυμμένου
1658 5468 1954 5538 μυστηρίου

381 5559 486 5629 τὴν
535 5556 764 5628 δύναμιν
813 5558 1144 5630 θεωροῦμεν.
1213 5561 1335 5614 ’Ότι
1382 5560 1440 5614 δὲ
1491 5560 1589 5631 τὴν
1650 5560 1812 5614 αὑτοῦ
1863 5562 1955 5615 τοῦ

2053 4839 2107 4892 in
2143 4837 2390 4900 Christo,
2421 4835 2701 4892 suscitans
2754 4835 2904 4889 illum
2954 4850 2985 4888 a
3020 4834 3276 4895 mortuis,
3309 4840 3363 4886 et
3402 4841 3617 4886 consu-

2055 4939 2215 4983 tuens
2266 4928 2331 4980 ad
2396 4927 2674 4982 dexteram
2729 4942 2883 4982 suam
2940 4927 3026 4980 in'
3057 4924 3404 4987 coelestibus,
3451 4931 3618 4991 supra

2057 5033 2272 5072 onmem
2311 5015 2711 5087 Principatum,
2737 5025 2792 5072 et
2839 5013 3197 5080 Potestatem,
3227 5022 3282 5068 et
3325 5013 3613 5077 Virtutem,

2055 5117 2107 5162 et
2140 5107 2600 5170 Dominatiouem,
2629 5116 2685 5162 et
2733 5119 2895 5162 omne
2927 5122 3124 5161 nomen
3177 5104 3322 5174 quod
3368 5104 3610 5158 nomina-

2057 5207 2164 5262 tur,
2197 5214 2302 5252 non
2338 5200 2512 5253 solum
2567 5199 2622 5252 in
2670 5198 2774 5251 hoc
2831 5198 3057 5259 saeculo,
3082 5195 3178 5251 sed
3213 5195 3378 5249 etiam
3427 5194 3483 5248 in
3534 5193 3620 5248 tua

2055 5297 2180 5342 turo
2204 5289 2268 5343 ".
2313 5308 2332 5342 ι
2365 5289 2424 5343 In
2463 5290 2694 5345 istorum
2741 5290 2941 5344 etenim
2989 5287 3326 5342 revelation‘e
3363 5299 3484 5355 quae
3523 5292 3621 5355 per

2057 5383 2322 5450 Spiritum
2357 5383 2412 5436 in
2458 5383 2619 5436 nobis
2650 5383 2949 5451 perlicitur,
2986 5379 3382 5435 incarnationis
3431 5380 3622 5433 altitua

2061 5475 2242 5526 dinem
2273 5483 2326 5528 et
2355 5473 2660 5527 absconditi
2692 5472 2938 5542 mysterii
2966 5471 3074 5525 vim
3109 5481 3439 5540 Spectamus.
3463 5463 3622 5537 Quod

2064 5573 2246 5619 autem
2286 5564 2459 5633 ipsius
2492 5563 2701 5617 Christi
2737 5563 3082 5631 praesentiam
3117 5569 3174 5618 ct
3217 5563 3475 5618 virtutem
3524 5563 3626 5616 imé

454 5695 498 5725 "
543 5693 558 5745 Ι
604 5694 751 5752 Petr.
791 5711 844 5761 I,
891 5696 977 5750 ll.
1055 5697 1100 5728 δ’
1142 5693 1314 5752 lCor.
1373 5713 1454 5763 ιι,
1498 5697 1585 5750 ll.
1665 5695 1712 5729 “
1749 5696 1948 5768 Ephcs.
1993 5715 2042 5763 ι,
2081 5701 2270 5754 lii-‘21.

456 5850 533 5920 (Ι)
578 5849 700 5914 Ed.,
733 5849 916 5914 αὐτοῦ,
943 5851 1078 5918 (jus,
1113 5853 1254 5920 quod
1285 5850 1436 5904 ﬂuxit
1461 5867 1523 5904 cx
1558 5851 1964 5906 abbreviatioue
2002 5852 2328 5922 dcscriptori
2365 5849 2502 5904 male
2535 5850 2829 5906 intcllccta.
2876 5852 3031 5906 Enn.
