4076 6270
457 403 569 461 305

1480 397 1542 452 S.
1581 391 1856 449 (LYRILLI
1893 384 2360 444 ALEXANDRINI
2399 381 2724 440 ARCHIEP.

3611 375 3715 427 301

466 530 610 596 pleat
635 523 884 594 Spiritus
913 521 1056 591 ejus,
1087 521 1141 574 in
1183 517 1391 573 sanctis
1420 515 1760 578 inhabitans,
1801 523 1854 568 et
1895 527 2036 565 cun-

2157 506 2376 580 Ι[ριστοῦ
2428 503 2736 576 παρουσίαν
2781 517 2842 553 τε
2891 498 2984 552 καὶ
3036 497 3267 566 δύναμιν
3313 493 3618 564 ἀναπληροῖ
3657 495 3717 545 τὸ

468 629 553 671 cta
608 619 801 672 doceat
848 627 1192 684 quaecunque
1243 613 1360 680 ipse
1403 609 1472 662 ad
1513 624 1617 664 nos
1665 608 1885 662 locutus
1930 611 2036 669 est,

466 705 673 760 Paulus
713 707 828 775 ipse
858 703 1030 758 nihilo
1057 702 1240 758 secius
1268 700 1428 754 nobis
1466 697 1789 768 explicabit,
1813 695 2037 749 dicens:

475 820 492 850 ι
536 797 710 866 llujus
740 797 817 852 rei
843 796 1022 865 gratia
1054 794 1212 848 llecto
1251 807 1427 863 genua
1452 805 1572 845 mea
1597 789 1672 843 ad
1705 787 1945 848 Patrem,
1975 801 2043 839 ex

469 904 579 958 quo
606 889 789 942 omnis
821 887 1124 956 paternitas
1156 886 1210 938 in
1245 884 1402 939 caelis
1435 885 1488 938 et
1517 883 1570 936 in
1603 890 1752 935 terra
1785 881 2038 935 nomina-

470 991 583 1045 tur,
612 991 669 1034 ut
707 979 798 1034 det
818 979 978 1033 vobis
1009 977 1316 1034 secundum
1345 974 1566 1030 divitias
1588 973 1776 1043 gloria:
1799 985 1912 1026 suae
1936 970 2046 1022 vir-

472 1078 585 1124 tute
625 1069 979 1123 corroborari
1025 1084 1120 1137 per
1151 1065 1416 1135 Spiritum
1453 1065 1576 1132 ejus
1623 1062 1678 1115 in
1723 1060 2044 1114 interiorem

465 1161 773 1224 hominem,
806 1159 1090 1214 Christum
1144 1157 1395 1211 habitare
1429 1169 1526 1223 per
1558 1152 1719 1206 [idem
1761 1151 1820 1205 in
1863 1148 2046 1204 cordi-

471 1251 576 1304 bus
612 1251 812 1304 vestris
849 1268 862 1302 :
894 1249 947 1302 in
998 1249 1270 1302 charitate
1319 1244 1550 1298 radicati
1597 1251 1652 1297 et
1700 1241 1938 1303 fundati,
1989 1246 2049 1292 ut

473 1343 702 1413 possitis
732 1340 1202 1410 comprehendere
1232 1353 1357 1392 cum
1387 1337 1644 1391 omnibus
1669 1333 1901 1399 sanctis,
1927 1345 2050 1400 quae

475 1436 547 1490 sit
599 1435 851 1496 latitudo,
882 1440 937 1486 et
986 1431 1292 1501 longitudo,
1335 1437 1390 1483 et
1428 1427 1770 1491 sublimitas,
1801 1431 1856 1478 et
1918 1437 2046 1494 pro-

474 1526 704 1580 fundum
761 1542 773 1578 :
830 1524 977 1578 scire
1026 1524 1190 1577 etiam
1245 1519 1742 1590 supereminenlem
1803 1513 2052 1570 scientiae

473 1619 798 1671 charitatem
835 1615 1064 1675 Christi,
1103 1623 1163 1666 ut
1211 1608 1550 1681 impleamini
1585 1607 1640 1676 in
1677 1621 1894 1662 onmem
1932 1605 2052 1674 ple-

474 1706 784 1762 nitudinem
811 1703 906 1759 Dei
932 1703 999 1755 “.
1042 1721 1060 1754 ι
1096 1701 1622 1756 Notandumautem
1647 1709 1847 1752 rursus
1879 1693 2048 1764 quod,

476 1815 602 1853 cum
655 1799 839 1852 omnia
899 1795 1110 1851 sanctis
1154 1810 1250 1866 per
1299 1791 1572 1863 Spiritum
1627 1791 1926 1846 revelatum
1986 1785 2052 1840 iri

2143 600 2366 669 Πνεῦμα
2412 596 2597 659 αὐτοῦ,
2642 596 2756 657 τοῖς
2789 592 2964 661 ἁγίοις
2998 588 3260 654 ἐνοικοῦν,
3294 589 3389 640 καὶ
3420 586 3600 640 πάντα
3641 585 3720 638 δι-

2142 695 2332 748 δάσκει
2363 689 2507 761 άπερ
2532 687 2692 748 αὐτὸς
2724 684 2990 754 λελάληκε
3029 681 3165 752 πρὸς
3195 680 3361 750 ἡμᾶς,
3395 676 3560 729 πάλιν
3589 677 3722 743 ἡμῖν

2143 783 2292 838 οὐδὲν
2311 778 2471 854 ἦττον
2498 782 2526 834 ὁ
2555 777 2765 838 Παῦλος
2789 775 3038 844 σαφηνιεῖ
3059 772 3232 838 λέγων
3259 784 3276 800 ·
3311 768 3544 854 (Τούτου
3564 767 3723 836 χάριν

2145 850 2384 945 κάμπτω
2410 871 2479 924 τὰ
2507 869 2711 939 γόνατά
2743 884 2844 938 μου
2871 865 3004 935 πρὸς
3025 864 3115 916 τὸν
3139 861 3376 930 Πατέρα,
3403 859 3462 923 ἐξ
3485 850 3546 911 οὗ
3576 858 3725 910 πᾶσα

2145 964 2354 1036 πατριὰ
2393 962 2449 1016 ἔν
2493 979 2555 1014 τε
2599 957 2813 1032 οὐρανῷ
2842 956 2936 1010 καὶ
2986 956 3080 1008 ἐπὶ
3107 954 3211 1022 γῆς
3245 951 3594 1021 ὀνομάζεται,
3639 948 3727 1001 ἴνα

2146 1058 2257 1127 δῴη
2282 1059 2410 1126 ὑμῖν
2436 1053 2578 1108 κατὰ
2616 1051 2706 1105 τὸν
2748 1048 2976 1102 πλοῦτον
3011 1047 3110 1116 τῆς
3141 1043 3298 1114 δόξης
3332 1042 3557 1112 δυνάμει
3589 1058 3719 1112 κρα-

2145 1151 2444 1221 ταιωθῆναι
2469 1148 2560 1201 διὰ
2594 1146 2688 1200 τοῦ
2719 1143 3034 1212 Πνεύματος
3068 1138 3231 1194 αὑτοῦ
3259 1141 3339 1201 είς
3372 1137 3462 1189 τὸν
3497 1135 3604 1188 ἔσω
3630 1137 3728 1189 άν-

2149 1243 2389 1315 θρωπον,
2423 1242 2748 1309 κατοικῆσαι
2771 1237 2862 1290 τὸν
2891 1234 3124 1307 Χριστὸν
3158 1232 3245 1286 διὰ
3270 1231 3370 1300 τῆς
3402 1229 3640 1290 πίστεως
3668 1230 3727 1280 ὲν

2149 1336 2265 1397 ταῖς
2299 1331 2550 1402 καρδίαις
2571 1323 2744 1400 ὑμῶν,
2771 1329 2827 1380 ὲν
2848 1326 3037 1396 ἀγάπῃ
3061 1319 3419 1394 ἐρριζωμένοι
3453 1319 3547 1370 καὶ
3572 1317 3726 1370 τεθεα

2153 1423 2500 1495 μελιωμένοι,
2537 1420 2624 1473 ἵνα
2661 1417 2979 1488 ἐξισχύσητε
3013 1409 3414 1467 καταλαϐέσθαι
3452 1409 3550 1461 σὺν
3594 1408 3729 1460 πᾶσι

2151 1519 2262 1579 τοῖς
2292 1513 2486 1583 ἁγίοις,
2507 1512 2559 1566 τί
2585 1511 2646 1565 τὸ
2678 1511 2900 1573 πλάτος,
2929 1509 3026 1562 καί⁹
3063 1505 3260 1575 μῆκος,
3289 1503 3384 1556 καὶ
3418 1500 3603 1572 βάθος,
3633 1499 3730 1552 καὶ

2153 1608 2307 1678 ὕψος,
2357 1605 2560 1673 γνῶναί
2602 1621 2662 1656 τε
2711 1603 2810 1673 τὴν
2849 1598 3294 1672 ὑπερϐάλλουσαν
3339 1593 3442 1663 τῆς
3475 1591 3730 1662 γνώσεως

2153 1700 2372 1771 ἀγάπην
2421 1698 2517 1753 τοῦ
2571 1698 2840 1767 Χριστοῦ,
2895 1695 2982 1748 ἵνα
3023 1687 3346 1760 πληρωθῆτε
3392 1687 3472 1750 είς
3515 1685 3624 1738 πᾶν
3669 1685 3732 1737 τὸ

2155 1792 2427 1863 πλήρωμα
2445 1789 2542 1844 τοῦ
2563 1787 2721 1842 Θεοῦ.
2754 1808 2771 1840 ι
2810 1788 2884 1858 Ση
2894 1783 3151 1856 μειωτέον
3177 1781 3234 1835 δὲ
3263 1779 3428 1833 πάλιν
3449 1779 3532 1832 ὅτι
3554 1779 3732 1832 πάντα

463 1893 646 1956 dicat,
690 1904 1038 1959 nequaquam
1090 1895 1270 1942 tamen
1306 1901 1401 1941 eos
1449 1884 1543 1938 alii
1593 1883 1806 1938 doctori
1855 1878 2048 1944 tradit,

2157 1886 2242 1940 5ιά
2287 1885 2384 1938 τοῦ
2433 1883 2750 1954 Πνεύματος
2796 1872 3352 1947 ἀποκαλυφθήσεσθαι
3393 1874 3507 1935 τοῖς
3555 1872 3732 1939 ἁγίοις

480 1983 574 2036 sed
613 1981 716 2036 sibi
750 1981 851 2048 ipsi
887 1995 985 2050 per
1019 1978 1313 2048 Spiritum,
1359 1977 1452 2046 qui
1502 1991 1613 2030 non
1650 1973 1888 2045 amplius
1929 1987 2054 2026 cor-

483 2076 631 2144 poris
660 2073 860 2138 oculis,
883 2071 978 2126 sed
1007 2067 1475 2125 intellectualibus
1512 2066 1698 2122 cordis
1729 2062 2050 2128 luminibus,

480 2180 580 2236 pro
606 2179 673 2220 eo
705 2179 768 2219 ac
799 2163 910 2219 Deo
942 2161 1223 2226 convenit,
1253 2157 1651 2230 conspicabilis
1675 2164 1780 2212 est.

545 2439 714 2510 839
759 2437 900 2499 XIV,
954 2437 1046 2492 27.
1100 2437 1296 2492 Pacem
1349 2435 1589 2507 relinquo
1645 2434 1830 2500 vobis,
1872 2450 2052 2504 pacem

480 2547 651 2582 meam
697 2529 764 2581 do
794 2530 937 2582 vobis
971 2544 1114 2581 :non
1150 2531 1411 2597 quomodo
1444 2526 1672 2580 mundus
1705 2525 1820 2591 dat,
1858 2542 1952 2596 ego
1985 2526 2052 2581 do

479 2621 622 2674 vobis
657 2635 674 2679 .'
706 2636 810 2672 non
843 2617 1084 2672 turbetur
1113 2634 1203 2671 cor
1226 2627 1476 2681 vestrum,
1509 2631 1672 2686 neque
1709 2616 1980 2684 formidet.

551 2793 650 2848 Sui
679 2792 732 2846 in
762 2791 935 2846 cmlos
959 2805 1228 2845 ascensus
1257 2791 1523 2845 memoria
1553 2791 1764 2845 sanctis
1791 2789 2054 2860 apostolis

478 2890 769 2946 renovata,
803 2883 1114 2951 injectaque
1145 2883 1462 2953 suspicione
1497 2882 1616 2938 fore
1655 2893 1715 2936 ιιι
1752 2883 1858 2937 soli
1889 2884 2056 2936 relin-

480 2989 803 3049 querentur,
832 2989 899 3030 ex
927 2989 994 3028 eo
1019 2973 1168 3044 quod
1196 2974 1410 3028 dixerat
1435 2989 1449 3027 :
1479 2993 1497 3026 ι
1533 2976 1659 3028 Haec
1687 2974 1908 3029 locutus
1932 2990 2054 3030 sum

481 3069 637 3124 vobis
661 3069 804 3138 apud
823 3081 925 3121 vos
951 3081 1202 3129 manens,
1231 3085 1249 3117 ι
1270 3065 1419 3119 illico
1438 3066 1844 3132 animadvertit,
1863 3072 2055 3136 utpote

479 3162 573 3232 qui
607 3158 911 3214 secundum
945 3167 1196 3211 naturam
1223 3155 1366 3211 Deus
1386 3166 1527 3222 erat,
1555 3171 1868 3212 sermonem
1898 3157 2054 3210 illum

477 3268 592 3308 non
628 3251 887 3306 mediocri
918 3249 1094 3306 fuisse
1129 3249 1199 3305 iis
1235 3249 1457 3313 terrori,
1491 3263 1668 3319 eoque
1704 3249 2056 3306 vehementer

480 3359 603 3398 esse
634 3341 909 3406 turbatos,
939 3348 996 3395 et
1029 3338 1298 3409 cujusque
1325 3340 1570 3394 animum
1601 3343 1873 3410 gravitate
1899 3342 2059 3397 dolo-

480 3438 560 3492 ris
602 3450 852 3505 pressum
891 3449 956 3488 ac
997 3433 1290 3502 dejectum.
1315 3430 1466 3496 Quid
1518 3433 1666 3486 enim
1707 3443 1793 3488 est
1835 3433 1930 3488 illo
1959 3434 2058 3488 do-

481 3529 600 3582 lore
629 3527 876 3599 gravius,
905 3533 1001 3578 aut
1035 3524 1170 3595 quid
1211 3531 1425 3578 tantum
1477 3524 1760 3580 interioris
1802 3528 2058 3581 maeroris

483 3619 685 3675 inferre
729 3626 932 3690 potest,
959 3632 1127 3688 quam
1175 3614 1606 3686 iucundissimis
1636 3618 1801 3673 rebus
1845 3618 2054 3683 orbari,

481 3728 786 3781 eorumque
815 3725 942 3780 quae
974 3708 1130 3763 cordi
1168 3708 1408 3762 maxime
1450 3709 1551 3763 tibi
1581 3709 1696 3763 sint
1717 3709 2059 3779 inopinatam

484 3803 627 3858 ferre
678 3799 988 3870 jacturam?
1029 3800 1323 3870 Componit
1375 3799 1566 3869 igitur
1597 3814 1693 3854 eos
1752 3800 1946 3854 dolore
1998 3816 2063 3855 ac

482 3899 633 3946 metu
665 3894 941 3946 turbatos.
969 3891 1150 3946 Causa
1179 3891 1324 3945 enim
1373 3898 1428 3945 et
1455 3891 1611 3944 radix
1645 3891 1881 3954 doloris,
1914 3893 2060 3961 quod

482 3985 840 4039 discessurus
881 3991 1029 4036 esset
1062 3982 1131 4035 ab
1157 3981 1228 4036 iis
1267 3990 1323 4038 et
1352 3981 1422 4035 ad
1453 3981 1670 4036 Patrem
1706 3998 2059 4048 reversurus,

479 4071 798 4142 justissima
845 4069 1252 4139 quodammodo
1279 4078 1418 4132 erat,
1442 4085 1544 4125 nec
1573 4072 1674 4126 abs
1721 4087 1782 4127 re
1811 4074 2064 4142 suspica-

482 4166 685 4219 bantur
717 4162 821 4217 sibi
861 4161 1052 4216 ultima
1087 4176 1320 4230 quaeque
1353 4170 1565 4231 parata,
1596 4163 1644 4216 si
1680 4177 1916 4234 corpore
1951 4181 2061 4219 non

484 4256 700 4310 adesset
739 4253 976 4322 amplius
1021 4252 1069 4306 is
1101 4253 1196 4321 qui
1246 4267 1469 4308 servare
1507 4263 1741 4323 poterat.
1776 4256 2062 4322 Quomodo

483 4353 664 4399 autem
701 4359 891 4398 eorum
925 4353 1130 4398 metum
1168 4343 1346 4407 sedat,
1375 4353 1471 4398 aut
1515 4362 1622 4415 quo
1664 4356 1822 4416 pacto
1851 4360 2062 4407 mentes

481 4450 675 4488 eorum
719 4432 788 4487 ad
817 4433 1057 4488 divinam
1105 4435 1564 4504 tranquillitatem
1609 4436 1855 4493 reducit?
1898 4460 1914 4490 ι
1960 4440 2063 4494 Pa-

2153 1975 2352 2041 είπὼν,
2405 1976 2505 2046 οὑχ
2552 1974 2724 2044 ἑτέρῳ
2776 1971 2992 2024 δίδωσιν
3044 1967 3240 2028 αὑτοὺς
3276 1962 3602 2033 διδασκάλῳ,
3655 1963 3732 2032 μὴ

2152 2068 2309 2122 τοῦτο
2347 2068 2594 2140 νομίσῃς,
2641 2061 2820 2133 ἐαυτῷ
2859 2062 2915 2116 δὲ
2959 2060 3257 2131 παρίστησι
3301 2055 3391 2110 διά
3421 2055 3514 2108 τοῦ
3561 2055 3734 2108 Πνεῦ-

2157 2176 2345 2231 ματος,
2384 2158 2664 2229 σαρκικοῖς
2699 2147 3014 2225 μὲνόὑκέτι
3045 2150 3371 2220 φαινόμενος
3407 2147 3730 2217 ὀφθαλμοῖς,

2151 2253 2264 2313 τοῖς
2293 2265 2358 2316 γε
2390 2250 2496 2319 μὴν
2525 2248 2736 2317 νοητοῖς
2772 2243 2872 2313 τῆς
2903 2241 3129 2314 καρδίας
3161 2239 3374 2311 ὄμμασι
3413 2236 3736 2308 θεοπρεπῶς

2154 2341 2546 2411 θεωρούμενος.
3533 2403 3548 2410 ἣ

2227 2431 2494 2500 Εἰρήνην
2512 2430 2724 2498 ἀφίημι
2750 2426 2911 2497 ὑμῖν,
2933 2425 3325 2496 εἰρήνηνστὴν
3345 2423 3498 2493 ἐμὴν
3527 2423 3735 2492 διδωμι

2155 2523 2298 2593 ὑμῖν
2320 2540 2336 2555 ο
2385 2525 2457 2577 οὐ
2490 2521 2684 2587 καθὼς
2733 2524 2766 2574 ὁ
2801 2521 3030 2589 κόσμος
3084 2518 3353 2582 δίδωσιν,
3384 2515 3499 2584 ἐγὼ
3528 2514 3738 2583 δίδωμι

2153 2613 2297 2681 ὑμῖν
2325 2630 2338 2642 ·
2401 2612 2487 2682 μὴ
2545 2609 2941 2680 ταρασσέσθω
2986 2607 3155 2680 ὑμῶν
3199 2611 3238 2676 ὴ
3297 2607 3542 2676 καρδία,
3581 2605 3740 2676 μηδὲ

2155 2704 2449 2758 δειλιάτω.

2230 2796 2323 2859 Et;
2371 2796 2675 2866 ἀνάμνησιν
2719 2793 2958 2862 ἐνεγκὼν
3011 2794 3138 2855 τοὺς
3182 2792 3374 2860 ἁγίους
3403 2789 3742 2853 ἀποστόλους

2155 2888 2254 2958 τῆς
2282 2889 2363 2951 είς
2395 2888 2656 2958 οὐρανοὺς
2684 2886 3024 2960 ἀναϐάσεως,
3051 2885 3147 2936 καὶ
3174 2885 3256 2936 ὅτι
3289 2881 3742 2953 περιλειφθήσον-

2154 2997 2245 3032 ται
2273 2978 2416 3034 κατὰ
2437 2979 2595 3032 τοῦτο
2639 2979 2788 3049 μόνοι
2831 2976 3255 3046 παρασκευάσας
3283 2976 3480 3026 ὲννοείν
3512 2972 3600 3026 διὰ
3643 2971 3740 3024 τοῦ

2159 3072 2346 3142 φῆναι,
2376 3089 2393 3122 ι
2422 3070 2607 3124 Ταῦτα
2649 3069 2920 3139 λελάληκα
2967 3067 3095 3137 ὑμῖν
3146 3066 3277 3137 παρ’
3307 3066 3435 3136 ὑμῖν
3476 3064 3672 3135 μένων,
3712 3083 3733 3113 ι

2163 3164 2407 3235 συνίησιν
2437 3160 2497 3217 εὖ
2529 3164 2672 3234 μάλα
2697 3161 2933 3234 γοργῶς,
2967 3161 3062 3214 ἁτε
3089 3160 3154 3231 δὴ
3189 3158 3283 3212 καὶ
3313 3157 3578 3228 ὑπάρχων
3599 3156 3744 3210 κατά

2163 3254 2324 3324 φύσιν
2377 3253 2529 3322 Θεὸς,
2579 3254 2654 3318 ὡς
2695 3255 2757 3306 οὑ
2806 3252 3032 3324 μετρίαν
3078 3251 3262 3313 αὐτοῖς
3319 3248 3592 3302 ὲντέθεικε
3639 3247 3742 3318 τὴν

2162 3347 2356 3399 πτοίαν
2393 3348 2420 3399 ό
2449 3345 2627 3414 λόγος,
2657 3343 2993 3416 τεθορύϐηκε
3031 3343 3088 3397 δὲ
3115 3341 3327 3406 δεινῶς,
3354 3341 3448 3394 καὶ
3476 3339 3553 3410 τῷ
3583 3340 3741 3410 βάρει

2161 3439 2260 3508 τῆς
2301 3437 2480 3508 λύπης
2529 3441 2935 3507 καταφορτίσας
2987 3436 3079 3489 τὸν
3124 3435 3356 3488 ἑκάστου
3398 3432 3741 3486 κατεθόλωσε
3782 3468 3786 3470 -

2162 3531 2305 3584 νοῦν.
2333 3531 2397 3584 Τί
2419 3530 2527 3602 γάρ
2551 3530 2619 3584 ἂν
2637 3530 2848 3598 γένοιτο
2869 3528 2968 3599 τῆς
2989 3529 3166 3598 λύπης
3193 3526 3254 3580 τὸ
3277 3525 3739 3596 δυσαχθέστερον;

2161 3625 2213 3678 τί
2241 3624 2296 3677 δὲ
2323 3621 2467 3676 οὕτω
2497 3621 2775 3692 φορτικὸν,
2806 3622 2882 3684 ὡς
2919 3619 3029 3673 τῶν
3059 3620 3288 3690 ἡδίστων
3319 3621 3352 3690 ὴ
3387 3618 3742 3689 παραίρεσις,

2163 3715 2257 3767 καὶ
2297 3713 2358 3766 τὸ
2397 3712 2504 3765 τῶν
2538 3712 2618 3764 ἔτι
2665 3711 2902 3782 μάλιστα
2935 3711 3262 3780 φιλαιτάτων
3310 3709 3572 3779 ἀδόκητον
3604 3709 3746 3762 ὑπο-

2167 3805 2346 3874 μένειν
2385 3803 2588 3874 ζημίαν
2616 3819 2631 3867 ;
2692 3799 2996 3872 Καθίστησι
3035 3799 3212 3853 τοίνυν
3241 3800 3440 3864 αὐτοὺς
3472 3800 3619 3874 λύπῃ
3648 3803 3747 3855 καὶ

2163 3893 2820 3966 φόϐῳιτεταραγμένους.
2864 3892 3144 3963 Πρόφασις
3177 3892 3274 3962 μὶν
3313 3891 3420 3963 γάρ
3460 3893 3557 3945 καὶ
3617 3893 3746 3964 ῥίζα

2163 3985 2362 4056 λύπης,
2417 3986 2478 4038 τὸ
2513 3985 2728 4056 μέλλειν
2770 3984 2952 4038 αὐτῶν
2982 3985 3304 4056 ἀποφοιτᾷν,
3348 3984 3442 4040 καὶ
3478 3985 3749 4054 ἀνακομί-

2164 4075 2352 4139 ζεσθαι
2383 4076 2519 4145 πρὸς
2539 4075 2632 4127 τὸν
2655 4073 2894 4144 Πατέρα,
2922 4073 3235 4142 δικαιοτάτη
3259 4087 3376 4134 πως
3397 4067 3486 4141 ἦν,
3509 4073 3748 4123 ἐποιεῖτο

2162 4169 2219 4220 δὲ
2254 4167 2467 4238 μητέρα
2510 4167 2608 4237 τὴν
2659 4164 2897 4234 ὑποψίαν
2935 4162 3030 4218 τοῦ
3065 4165 3242 4218 πάντα
3280 4163 3600 4227 πείσεσθαι,
3648 4165 3746 4217 καὶ

2163 4259 2286 4312 λίαν
2310 4258 2560 4328 ἑτοίμως,
2590 4258 2651 4310 οὑ
2695 4255 3078 4326 συμπαρόντος
3111 4254 3214 4320 ἔτι,
3247 4256 3388 4309 κατά
3419 4271 3483 4322 γε
3508 4255 3610 4327 τὴν
3639 4256 3743 4325 ἔμ-

2165 4351 2308 4420 φανῆ
2357 4350 2452 4403 τοῦ
2499 4349 2748 4417 σώματος
2792 4346 2936 4415 ὄψιν,
2973 4345 3069 4398 τοῦ
3107 4343 3393 4409 διασώζειν
3439 4345 3738 4414 ἰσχύοντος.

2168 4442 2290 4505 Πῶς
2321 4442 2376 4494 δὲ
2408 4439 2750 4509 καθίστησιν,
2790 4439 2822 4510 ἢ
2867 4439 2988 4491 τίνα
3012 4436 3212 4508 τρόπον
3240 4438 3424 4500 αὑτοῖς
3455 4439 3516 4490 τὸ
3549 4440 3614 4491 ὲκ
3643 4439 3742 4508 τῆς

480 4542 624 4588 cem.
655 4525 856 4594 inquit,
886 4539 1062 4579 meam
1112 4525 1184 4581 do
1215 4527 1400 4590 Vobis,
1440 4537 1495 4581 et
1525 4542 1716 4598 pacem
1751 4547 1927 4586 meam
1970 4549 2054 4588 re-

2166 4534 2425 4603 εὑθυμίας
2458 4531 2682 4601 φαιδρὸν
2711 4529 3085 4593 είσοικίζεται,
3127 4529 3221 4583 καὶ
3251 4531 3386 4601 πρὸς
3413 4529 3563 4583 θείαν
3587 4525 3743 4592 αὖθις

480 4618 670 4684 linquo
712 4618 890 4671 vobis.
931 4635 947 4668 ι
993 4615 1115 4670 Dixi
1150 4619 1448 4684 multoties,
1485 4619 1682 4690 inquit,
1711 4639 1796 4677 me
1823 4640 1922 4678 vos
1950 4640 2057 4680 non

481 4711 804 4765 relicturqu
870 4711 1169 4780 orphanos,
1249 4711 1348 4767 sed
1402 4729 1580 4782 neque
1639 4729 1734 4770 vos
1798 4717 1851 4770 in
1909 4725 2058 4772 terra

483 4819 786 4858 mansuros
817 4804 1160 4874 opitulatore
1194 4803 1515 4860 destitutos.
1563 4807 1744 4861 Adero
1781 4810 1922 4862 enim
1964 4827 2060 4864 vo-

483 4895 571 4949 bis
626 4909 859 4957 rursus,
906 4903 981 4957 et,
1027 4893 1227 4948 absens
1279 4909 1531 4964 corpore,
1578 4902 1790 4953 animos
1843 4910 2057 4956 vestros

481 4986 889 5056 tranquillitate
941 4985 1208 5047 muniam,
1245 4993 1306 5038 ut
1353 4985 1520 5048 Deus,
1558 5002 1656 5040 nec
1702 4990 1911 5043 turbari
1960 5006 2057 5046 vos

479 5080 681 5142 sinam,
709 5086 801 5130 aut
834 5077 999 5131 animi
1045 5076 1214 5130 vestri
1263 5077 1371 5131 vim
1405 5093 1467 5130 ac
1508 5079 1676 5132 rohur
1706 5097 1734 5133 a
1779 5099 2055 5152 quoquam

481 5171 754 5240 superari.
784 5167 982 5223 Omnis
1018 5169 1220 5238 quippe
1251 5177 1431 5223 metus
1462 5184 1524 5223 ac
1562 5173 1829 5229 timiditas
1865 5177 2056 5244 procul

483 5262 894 5325 amandahitur,
926 5268 981 5315 et
1015 5259 1201 5314 divina
1244 5258 1492 5326 quadam
1525 5262 1606 5316 vis
1636 5264 1688 5316 in
1730 5266 1885 5320 vobis
1914 5267 2059 5319 orie-

490 5363 601 5413 tur.
632 5368 753 5420 qua:
781 5363 970 5419 pacata
1005 5360 1190 5404 mente
1218 5360 1272 5404 et
1301 5351 1470 5406 corde
1503 5356 1822 5423 tranquillo,
1853 5373 1950 5412 vos
1991 5359 2060 5411 ad

483 5444 877 5514 r-evelatimiegn
915 5441 1147 5496 deducet
1175 5456 1366 5497 eorum
1399 5459 1521 5512 quae
1544 5455 1780 5500 mentem
1818 5447 2059 5504 hominis

483 5519 1064 5601 cxsuperant.‘l!unc
1120 5542 1325 5598 autem,
1369 5554 1388 5586 ι
1439 5551 1629 5606 pacem
1685 5539 1756 5592 do
1806 5543 1986 5601 vobis,
2038 5561 2056 5594 ι

485 5639 594 5677 ηοιι
641 5620 986 5688 simpliciter,
1031 5620 1123 5674 sed
1163 5641 1179 5672 ι
1217 5637 1407 5692 pacem
1465 5640 1666 5681 meam.
1707 5647 1725 5679 ι
1772 5627 2065 5687 Μἰιιιῑοιιι

553 5801 600 5834 ⁸⁵
638 5799 835 5869 Ephes.
878 5815 959 5864 ιιι,
1003 5802 1186 5858 15-19.

2164 4625 2404 4695 γαλήνην
2432 4625 2460 4676 ὁ
2491 4621 2615 4684 νοῦς
2641 4622 3060 4686 κατευνάζεταις
3103 4639 3122 4671 ι
3145 4620 3366 4689 Δίδωμι,
3403 4621 3584 4689 φησὶν,
3611 4622 3740 4691 ὑμῖν

2163 4717 2424 4786 εἰρήνην,
2476 4714 2571 4766 καὶ
2632 4710 2833 4781 ἀφίημι
2890 4711 3019 4780 ὑμῖν
3069 4710 3294 4780 είρήνην
3354 4709 3452 4777 τὴν
3515 4709 3674 4779 ἐμήν.
3711 4727 3731 4758 ι

2162 4807 2398 4876 Εἴρηκα,
2447 4804 2600 4874 φησὶ,
2658 4803 3010 4865 πλειστάκις,
3053 4801 3128 4864 ὡς
3182 4801 3284 4854 οὐκ
3345 4803 3540 4872 ἀφήσω
3595 4802 3738 4870 ὑμᾶς

2161 4898 2427 4969 ὀρφανούς
2451 4915 2464 4927 ⁸
2491 4897 2606 4950 ἀλλ’
2637 4897 2756 4949 οὑδὲ
2789 4896 2940 4967 μόνοι
2963 4895 3063 4966 τὴν
3085 4895 3188 4966 γῆν
3211 4895 3462 4964 οίκήσετε
3493 4893 3588 4947 τοῦ
3615 4894 3738 4964 βοη-

2163 4992 2402 5070 θοῦντος.
2441 4989 2638 5060 ἔρημοι
2685 4989 2779 5041 καὶ
2817 4987 3034 5056 γυμνοί.
3089 4985 3392 5054 Συνέσομαι
3429 4985 3539 5056 γὰρ
3577 4986 3734 5039 πάλιν

2163 5085 2290 5152 ὑμῖν
2312 5122 2325 5146 ,
2381 5081 2475 5136 καὶ
2508 5080 2662 5135 ἀπὼν
2693 5079 2771 5148 τῷ
2807 5077 3042 5149 σώματι,
3079 5078 3372 5149 ἀνατειχιῶ
3423 5078 3583 5132 πάλιν
3617 5079 3736 5139 ταῖς

2161 5176 2491 5244 εὑμενείαις,
2532 5173 2607 5236 ὡς
2657 5172 2810 5234 Θεὸς,
2852 5170 2963 5224 ἀνω
2990 5168 3228 5240 θήσομαι
3256 5170 3488 5242 θορύϐου
3517 5170 3733 5234 παντὸς,

2165 5265 2445 5335 περιέσται
2493 5263 2550 5316 δὲ
2597 5263 2696 5332 τῆς
2751 5263 3020 5332 ὑμετέρας
3075 5262 3367 5332 εὐτολμίας
3398 5260 3592 5324 οὐδείς.
3623 5263 3738 5322 Πᾶς

2160 5356 2269 5425 γὰρ
2293 5357 2550 5425 γάτονήσει
2579 5355 2762 5424 φόϐος,
2796 5355 2887 5405 καὶ
2919 5353 3087 5406 δειλία
3119 5356 3216 5424 μὲν
3249 5356 3489 5406 ὲκποδιιιν
3523 5356 3736 5423 οἰχήσε-

2161 5466 2272 5511 ται,
2318 5448 2437 5501 θεία
2485 5448 2541 5500 δέ
2575 5431 2657 5510 τις
2706 5449 2764 5498 ὲν
2798 5447 2925 5515 ὑμῖν
2957 5446 3207 5498 ἀνατελεῖ
3241 5446 3491 5516 δύναμις,
3536 5447 3739 5515 σχολά-

2164 5541 2307 5605 ζοντι
2357 5539 2454 5609 νῷ,
2510 5539 2603 5592 καὶ
2657 5537 2966 5609 γαληνιώσῃ
2998 5538 3215 5609 καρδίᾳ,
3259 5537 3563 5605 ξεναγοῦσα
3610 5538 3762 5608 πρὸξ

2164 5631 2505 5700 ἀποκάλυψιν
2557 5630 2663 5683 τῶν
2711 5629 2851 5699 ὑπὲρ
2913 5629 3255 5699 ἀνθρώπινον
3315 5629 3462 5683 νοῦν.
3513 5629 3632 5683 Νῦν
3687 5629 3746 5680 δὲ
