  <div class='ocr_page' id='page_1' title='image "/cluster/home/n/w/nwhite01/storage/ocr_20150623/74/mdp.39015078384487/160.png"; bbox 0 0 4076 6270; ppageno 0'>
   <div class='ocr_carea' id='block_1_1' title="bbox 466 401 577 461">
    <p class='ocr_par' dir='ltr' id='par_1_1' title="bbox 466 401 577 461">
     <span class='ocr_line' id='line_1_1' title="bbox 466 401 577 461; baseline 0.036 -4"><span class='ocrx_word' id='word_1_1' title='bbox 466 401 577 461; x_wconf 72' lang='lat'><strong>505</strong></span> 
     </span>
    </p>
   </div>
   <div class='ocr_carea' id='block_1_2' title="bbox 1501 387 2635 451">
    <p class='ocr_par' dir='ltr' id='par_1_2' title="bbox 1501 387 2635 451">
     <span class='ocr_line' id='line_1_2' title="bbox 1501 387 2635 451; baseline -0.001 -3"><span class='ocrx_word' id='word_1_2' title='bbox 1501 391 1571 448; x_wconf 85' lang='lat' dir='ltr'><strong>lN</strong></span> <span class='ocrx_word' id='word_1_3' title='bbox 1605 387 2359 451; x_wconf 63' lang='grc' dir='ltr'><strong>1ΟΔΝΝ15ΕἽΑΝ6ΕΙᾸΠΜ</strong></span> <span class='ocrx_word' id='word_1_4' title='bbox 2400 387 2525 444; x_wconf 85' lang='lat' dir='ltr'><strong>LIB.</strong></span> <span class='ocrx_word' id='word_1_5' title='bbox 2566 387 2635 447; x_wconf 76' lang='grc' dir='ltr'><strong>Χ.</strong></span> 
     </span>
    </p>
   </div>
   <div class='ocr_carea' id='block_1_3' title="bbox 3625 395 3731 455">
    <p class='ocr_par' dir='ltr' id='par_1_3' title="bbox 3625 395 3731 455">
     <span class='ocr_line' id='line_1_3' title="bbox 3625 395 3731 455; baseline 0 0"><span class='ocrx_word' id='word_1_6' title='bbox 3625 395 3731 455; x_wconf 75' lang='lat'><strong>306</strong></span> 
     </span>
    </p>
   </div>
   <div class='ocr_carea' id='block_1_4' title="bbox 474 503 2056 589">
    <p class='ocr_par' dir='ltr' id='par_1_4' title="bbox 474 511 2050 589">
     <span class='ocr_line' id='line_1_4' title="bbox 474 511 2050 589; baseline -0.006 -15"><span class='ocrx_word' id='word_1_7' title='bbox 474 543 493 574; x_wconf 76' lang='grc' dir='ltr'><strong>ι</strong></span> <span class='ocrx_word' id='word_1_8' title='bbox 525 520 718 589; x_wconf 79' lang='grc' dir='ltr'>δίδωμι</span> <span class='ocrx_word' id='word_1_9' title='bbox 754 516 884 587; x_wconf 76' lang='grc' dir='ltr'>ὑμῖν</span> <span class='ocrx_word' id='word_1_10' title='bbox 910 515 1157 588; x_wconf 83' lang='grc' dir='ltr'>εἰρήνην,</span> <span class='ocrx_word' id='word_1_11' title='bbox 1190 533 1208 566; x_wconf 73' lang='grc' dir='ltr'><strong>ι</strong></span> <span class='ocrx_word' id='word_1_12' title='bbox 1251 513 1350 583; x_wconf 81' lang='grc' dir='ltr'><strong>οὐχ</strong></span> <span class='ocrx_word' id='word_1_13' title='bbox 1393 511 1602 578; x_wconf 80' lang='grc' dir='ltr'>ἁπλῶς,</span> <span class='ocrx_word' id='word_1_14' title='bbox 1631 511 1745 566; x_wconf 81' lang='grc' dir='ltr'>ἀλλ’</span> <span class='ocrx_word' id='word_1_15' title='bbox 1782 530 1800 563; x_wconf 83' lang='grc' dir='ltr'><strong>ι</strong></span> <span class='ocrx_word' id='word_1_16' title='bbox 1825 511 2050 582; x_wconf 84' lang='grc' dir='ltr'>εἰρήνην</span> 
     </span>
    </p>
   </div>
   <div class='ocr_carea' id='block_1_5' title="bbox 2157 503 3729 589">
    <p class='ocr_par' dir='ltr' id='par_1_5' title="bbox 2157 503 3729 579">
     <span class='ocr_line' id='line_1_5' title="bbox 2157 503 3729 579; baseline 0.006 -18"><span class='ocrx_word' id='word_1_17' title='bbox 2157 506 2296 562; x_wconf 81' lang='lat' dir='ltr'><strong>nihil</strong></span> <span class='ocrx_word' id='word_1_18' title='bbox 2325 508 2476 563; x_wconf 85' lang='lat' dir='ltr'><strong>aliud</strong></span> <span class='ocrx_word' id='word_1_19' title='bbox 2508 514 2594 563; x_wconf 88' lang='lat' dir='ltr'><strong>est</strong></span> <span class='ocrx_word' id='word_1_20' title='bbox 2640 521 2829 579; x_wconf 88' lang='lat' dir='ltr'><strong>quam,</strong></span> <span class='ocrx_word' id='word_1_21' title='bbox 2856 506 3006 563; x_wconf 82' lang='lat' dir='ltr'><strong>Dabo</strong></span> <span class='ocrx_word' id='word_1_22' title='bbox 3038 503 3331 578; x_wconf 88' lang='lat' dir='ltr'><strong>Spiritum,</strong></span> <span class='ocrx_word' id='word_1_23' title='bbox 3360 518 3414 564; x_wconf 92' lang='lat' dir='ltr'><strong>et</strong></span> <span class='ocrx_word' id='word_1_24' title='bbox 3456 509 3621 566; x_wconf 82' lang='lat' dir='ltr'><strong>adero</strong></span> <span class='ocrx_word' id='word_1_25' title='bbox 3649 516 3729 570; x_wconf 81' lang='lat' dir='ltr'><strong>eis</strong></span> 
     </span>
    </p>
   </div>
   <div class='ocr_carea' id='block_1_6' title="bbox 466 599 2049 682">
    <p class='ocr_par' dir='ltr' id='par_1_6' title="bbox 466 599 2049 682">
     <span class='ocr_line' id='line_1_6' title="bbox 466 599 2049 682; baseline -0.008 -18"><span class='ocrx_word' id='word_1_26' title='bbox 466 610 572 682; x_wconf 74' lang='grc' dir='ltr'>τὴν</span> <span class='ocrx_word' id='word_1_27' title='bbox 600 609 756 679; x_wconf 85' lang='grc' dir='ltr'>ὲμήν.</span> <span class='ocrx_word' id='word_1_28' title='bbox 807 626 827 658; x_wconf 75' lang='lat' dir='ltr'><strong>r</strong></span> <span class='ocrx_word' id='word_1_29' title='bbox 870 606 1041 660; x_wconf 87' lang='grc' dir='ltr'>Τοῦτο</span> <span class='ocrx_word' id='word_1_30' title='bbox 1077 604 1138 660; x_wconf 73' lang='grc' dir='ltr'>δὲ</span> <span class='ocrx_word' id='word_1_31' title='bbox 1170 599 1238 676; x_wconf 74' lang='grc' dir='ltr'>ἦν</span> <span class='ocrx_word' id='word_1_32' title='bbox 1270 603 1513 675; x_wconf 76' lang='grc' dir='ltr'><strong>ἐναργῶς</strong></span> <span class='ocrx_word' id='word_1_33' title='bbox 1553 602 1705 656; x_wconf 80' lang='grc' dir='ltr'>οὐδὲν</span> <span class='ocrx_word' id='word_1_34' title='bbox 1743 602 1929 672; x_wconf 72' lang='grc' dir='ltr'>ἕτερον</span> <span class='ocrx_word' id='word_1_35' title='bbox 1972 601 2049 653; x_wconf 88' lang='grc' dir='ltr'><strong>εἰ-</strong></span> 
     </span>
    </p>
   </div>
   <div class='ocr_carea' id='block_1_7' title="bbox 478 692 2045 772">
    <p class='ocr_par' dir='ltr' id='par_1_7' title="bbox 478 692 2045 772">
     <span class='ocr_line' id='line_1_7' title="bbox 478 692 2045 772; baseline -0.006 -16"><span class='ocrx_word' id='word_1_36' title='bbox 478 706 615 766; x_wconf 80' lang='grc' dir='ltr'>πεῖν,</span> <span class='ocrx_word' id='word_1_37' title='bbox 644 702 678 772; x_wconf 86' lang='grc' dir='ltr'><strong>ή</strong></span> <span class='ocrx_word' id='word_1_38' title='bbox 706 702 786 754; x_wconf 83' lang='grc' dir='ltr'>ὅτι</span> <span class='ocrx_word' id='word_1_39' title='bbox 814 698 1123 770; x_wconf 77' lang='grc' dir='ltr'>Χορηγὴσω</span> <span class='ocrx_word' id='word_1_40' title='bbox 1148 697 1208 750; x_wconf 77' lang='grc' dir='ltr'>τὸ</span> <span class='ocrx_word' id='word_1_41' title='bbox 1239 695 1481 767; x_wconf 77' lang='grc' dir='ltr'><strong>Πνεῦμα,</strong></span> <span class='ocrx_word' id='word_1_42' title='bbox 1515 694 1613 748; x_wconf 74' lang='grc' dir='ltr'>καὶ</span> <span class='ocrx_word' id='word_1_43' title='bbox 1653 694 1949 764; x_wconf 82' lang='grc' dir='ltr'>συνέσομαι</span> <span class='ocrx_word' id='word_1_44' title='bbox 1981 692 2045 746; x_wconf 81' lang='grc' dir='ltr'>δι’</span> 
     </span>
    </p>
   </div>
   <div class='ocr_carea' id='block_1_8' title="bbox 474 785 2049 864">
    <p class='ocr_par' dir='ltr' id='par_1_8' title="bbox 474 785 2049 864">
     <span class='ocr_line' id='line_1_8' title="bbox 474 785 2049 864; baseline -0.007 -17"><span class='ocrx_word' id='word_1_45' title='bbox 474 793 705 864; x_wconf 76' lang='grc' dir='ltr'><strong>ἐμαυτοῦ</strong></span> <span class='ocrx_word' id='word_1_46' title='bbox 751 794 862 855; x_wconf 85' lang='grc' dir='ltr'>τοῖς</span> <span class='ocrx_word' id='word_1_47' title='bbox 908 790 1215 860; x_wconf 82' lang='grc' dir='ltr'><strong>δεχομένοις</strong></span> <span class='ocrx_word' id='word_1_48' title='bbox 1264 787 1415 842; x_wconf 79' lang='grc' dir='ltr'>αὑτό.</span> <span class='ocrx_word' id='word_1_49' title='bbox 1465 788 1589 840; x_wconf 86' lang='grc' dir='ltr'>Ὅτι</span> <span class='ocrx_word' id='word_1_50' title='bbox 1632 787 1742 857; x_wconf 83' lang='grc' dir='ltr'>γὰρ</span> <span class='ocrx_word' id='word_1_51' title='bbox 1785 788 1819 856; x_wconf 88' lang='grc' dir='ltr'><strong>ή</strong></span> <span class='ocrx_word' id='word_1_52' title='bbox 1859 785 2049 857; x_wconf 87' lang='grc' dir='ltr'>εἰρήνη</span> 
     </span>
    </p>
   </div>
   <div class='ocr_carea' id='block_1_9' title="bbox 470 872 2051 953">
    <p class='ocr_par' dir='ltr' id='par_1_9' title="bbox 470 872 2051 953">
     <span class='ocr_line' id='line_1_9' title="bbox 470 872 2051 953; baseline -0.006 -13"><span class='ocrx_word' id='word_1_53' title='bbox 470 883 705 953; x_wconf 78' lang='grc' dir='ltr'><strong>Χριστοῦ</strong></span> <span class='ocrx_word' id='word_1_54' title='bbox 739 881 800 937; x_wconf 85' lang='grc' dir='ltr'><strong>τδ</strong></span> <span class='ocrx_word' id='word_1_55' title='bbox 831 881 1059 952; x_wconf 87' lang='grc' dir='ltr'>Πνεῦμά</span> <span class='ocrx_word' id='word_1_56' title='bbox 1092 881 1240 933; x_wconf 75' lang='grc' dir='ltr'>ἐστιν</span> <span class='ocrx_word' id='word_1_57' title='bbox 1276 877 1466 943; x_wconf 85' lang='grc' dir='ltr'>αὑτοῦ,</span> <span class='ocrx_word' id='word_1_58' title='bbox 1504 875 1713 948; x_wconf 83' lang='grc' dir='ltr'>μακροῦ</span> <span class='ocrx_word' id='word_1_59' title='bbox 1755 876 1856 947; x_wconf 85' lang='grc' dir='ltr'>μὲν</span> <span class='ocrx_word' id='word_1_60' title='bbox 1896 872 2051 946; x_wconf 74' lang='grc' dir='ltr'>οἶμαι</span> 
     </span>
    </p>
   </div>
   <div class='ocr_carea' id='block_1_10' title="bbox 470 968 2048 1048">
    <p class='ocr_par' dir='ltr' id='par_1_10' title="bbox 470 968 2048 1048">
     <span class='ocr_line' id='line_1_10' title="bbox 470 968 2048 1048; baseline -0.005 -17"><span class='ocrx_word' id='word_1_61' title='bbox 470 976 547 1048; x_wconf 80' lang='grc' dir='ltr'>μὴ</span> <span class='ocrx_word' id='word_1_62' title='bbox 576 976 783 1031; x_wconf 85' lang='grc' dir='ltr'>δεῖσθαι</span> <span class='ocrx_word' id='word_1_63' title='bbox 813 975 976 1044; x_wconf 80' lang='grc' dir='ltr'>λόγου</span> <span class='ocrx_word' id='word_1_64' title='bbox 1028 972 1164 1045; x_wconf 70' lang='grc' dir='ltr'>πρὸς</span> <span class='ocrx_word' id='word_1_65' title='bbox 1217 970 1591 1043; x_wconf 81' lang='grc' dir='ltr'><strong>πληροφορίαν</strong></span> <span class='ocrx_word' id='word_1_66' title='bbox 1630 971 1723 1023; x_wconf 74' lang='grc' dir='ltr'><strong>καὶ</strong></span> <span class='ocrx_word' id='word_1_67' title='bbox 1753 968 2048 1033; x_wconf 79' lang='grc' dir='ltr'>ἀπόδειξιν.</span> 
     </span>
    </p>
   </div>
   <div class='ocr_carea' id='block_1_11' title="bbox 469 1060 2050 1139">
    <p class='ocr_par' dir='ltr' id='par_1_11' title="bbox 469 1060 2050 1139">
     <span class='ocr_line' id='line_1_11' title="bbox 469 1060 2050 1139; baseline -0.006 -17"><span class='ocrx_word' id='word_1_68' title='bbox 469 1069 617 1139; x_wconf 75' lang='grc' dir='ltr'>Πλὴν</span> <span class='ocrx_word' id='word_1_69' title='bbox 654 1069 836 1121; x_wconf 80' lang='grc' dir='ltr'>ἐκεῖνο</span> <span class='ocrx_word' id='word_1_70' title='bbox 866 1067 1032 1136; x_wconf 82' lang='grc' dir='ltr'>φάναι</span> <span class='ocrx_word' id='word_1_71' title='bbox 1074 1065 1183 1118; x_wconf 87' lang='grc' dir='ltr'>δεῖν</span> <span class='ocrx_word' id='word_1_72' title='bbox 1215 1062 1602 1134; x_wconf 57' lang='grc' dir='ltr'>ὑπολαμῶνω.</span> <span class='ocrx_word' id='word_1_73' title='bbox 1660 1063 1723 1115; x_wconf 85' lang='grc' dir='ltr'>Εἰ</span> <span class='ocrx_word' id='word_1_74' title='bbox 1754 1060 2050 1132; x_wconf 79' lang='grc' dir='ltr'>γὰραὺτός</span> 
     </span>
    </p>
   </div>
   <div class='ocr_carea' id='block_1_12' title="bbox 470 1150 2051 1230">
    <p class='ocr_par' dir='ltr' id='par_1_12' title="bbox 470 1150 2051 1230">
     <span class='ocr_line' id='line_1_12' title="bbox 470 1150 2051 1230; baseline -0.006 -19"><span class='ocrx_word' id='word_1_75' title='bbox 470 1160 620 1213; x_wconf 71' lang='grc' dir='ltr'>ἐστιν</span> <span class='ocrx_word' id='word_1_76' title='bbox 645 1160 678 1230; x_wconf 92' lang='grc' dir='ltr'><strong>ή</strong></span> <span class='ocrx_word' id='word_1_77' title='bbox 702 1160 760 1212; x_wconf 86' lang='grc' dir='ltr'>ὲν</span> <span class='ocrx_word' id='word_1_78' title='bbox 780 1160 896 1221; x_wconf 88' lang='grc' dir='ltr'>τοῖς</span> <span class='ocrx_word' id='word_1_79' title='bbox 920 1157 1167 1228; x_wconf 81' lang='grc' dir='ltr'>οὐρανοῖς</span> <span class='ocrx_word' id='word_1_80' title='bbox 1190 1155 1383 1226; x_wconf 77' lang='grc' dir='ltr'>εἰρήνη</span> <span class='ocrx_word' id='word_1_81' title='bbox 1413 1154 1509 1206; x_wconf 75' lang='grc' dir='ltr'><strong>καὶ</strong></span> <span class='ocrx_word' id='word_1_82' title='bbox 1536 1154 1627 1206; x_wconf 75' lang='grc' dir='ltr'><strong>ἐπὶ</strong></span> <span class='ocrx_word' id='word_1_83' title='bbox 1654 1150 1755 1221; x_wconf 85' lang='grc' dir='ltr'><strong>τῆς</strong></span> <span class='ocrx_word' id='word_1_84' title='bbox 1784 1153 1906 1221; x_wconf 77' lang='grc' dir='ltr'>γῆς,</span> <span class='ocrx_word' id='word_1_85' title='bbox 1935 1150 2051 1213; x_wconf 87' lang='grc' dir='ltr'>πῶς</span> 
     </span>
    </p>
   </div>
   <div class='ocr_carea' id='block_1_13' title="bbox 470 1241 2050 1321">
    <p class='ocr_par' dir='ltr' id='par_1_13' title="bbox 470 1241 2050 1321">
     <span class='ocr_line' id='line_1_13' title="bbox 470 1241 2050 1321; baseline -0.007 -17"><span class='ocrx_word' id='word_1_86' title='bbox 470 1252 571 1304; x_wconf 64' lang='grc' dir='ltr'>οὐκ</span> <span class='ocrx_word' id='word_1_87' title='bbox 598 1249 662 1303; x_wconf 77' lang='grc' dir='ltr'>ἂν</span> <span class='ocrx_word' id='word_1_88' title='bbox 696 1249 782 1321; x_wconf 74' lang='grc' dir='ltr'><strong>εἴη</strong></span> <span class='ocrx_word' id='word_1_89' title='bbox 813 1249 1002 1303; x_wconf 80' lang='grc' dir='ltr'>λοιπὸν</span> <span class='ocrx_word' id='word_1_90' title='bbox 1034 1246 1196 1304; x_wconf 86' lang='grc' dir='ltr'>παντί</span> <span class='ocrx_word' id='word_1_91' title='bbox 1240 1263 1319 1314; x_wconf 87' lang='grc' dir='ltr'>τῳ</span> <span class='ocrx_word' id='word_1_92' title='bbox 1349 1245 1521 1314; x_wconf 81' lang='grc' dir='ltr'>σαφὲς</span> <span class='ocrx_word' id='word_1_93' title='bbox 1546 1244 1647 1305; x_wconf 84' lang='grc' dir='ltr'>ὅτι,</span> <span class='ocrx_word' id='word_1_94' title='bbox 1687 1241 1937 1312; x_wconf 76' lang='grc' dir='ltr'>καθάπερ</span> <span class='ocrx_word' id='word_1_95' title='bbox 1973 1243 2050 1293; x_wconf 86' lang='grc' dir='ltr'>εἰ·</span> 
     </span>
    </p>
   </div>
   <div class='ocr_carea' id='block_1_14' title="bbox 475 1332 2053 1412">
    <p class='ocr_par' dir='ltr' id='par_1_14' title="bbox 475 1332 2053 1412">
     <span class='ocr_line' id='line_1_14' title="bbox 475 1332 2053 1412; baseline -0.006 -17"><span class='ocrx_word' id='word_1_96' title='bbox 475 1342 745 1412; x_wconf 81' lang='grc' dir='ltr'>ρήκαμεν,</span> <span class='ocrx_word' id='word_1_97' title='bbox 780 1342 814 1410; x_wconf 90' lang='grc' dir='ltr'><strong>ή</strong></span> <span class='ocrx_word' id='word_1_98' title='bbox 849 1340 1041 1410; x_wconf 87' lang='grc' dir='ltr'>εἰρήνη</span> <span class='ocrx_word' id='word_1_99' title='bbox 1083 1338 1148 1408; x_wconf 82' lang='grc' dir='ltr'>δὴ</span> <span class='ocrx_word' id='word_1_100' title='bbox 1183 1337 1399 1398; x_wconf 85' lang='grc' dir='ltr'>πάντως</span> <span class='ocrx_word' id='word_1_101' title='bbox 1443 1335 1558 1388; x_wconf 73' lang='grc' dir='ltr'>ἐστὶ</span> <span class='ocrx_word' id='word_1_102' title='bbox 1603 1332 1664 1387; x_wconf 81' lang='grc' dir='ltr'><strong>τδ</strong></span> <span class='ocrx_word' id='word_1_103' title='bbox 1693 1333 1918 1403; x_wconf 77' lang='grc' dir='ltr'>Πνεῦμα</span> <span class='ocrx_word' id='word_1_104' title='bbox 1953 1333 2053 1387; x_wconf 85' lang='grc' dir='ltr'><strong>αὑ·-</strong></span> 
     </span>
    </p>
   </div>
   <div class='ocr_carea' id='block_1_15' title="bbox 470 1423 2047 1500">
    <p class='ocr_par' dir='ltr' id='par_1_15' title="bbox 470 1423 2047 1500">
     <span class='ocr_line' id='line_1_15' title="bbox 470 1423 2047 1500; baseline -0.003 -16"><span class='ocrx_word' id='word_1_105' title='bbox 470 1431 565 1484; x_wconf 85' lang='grc' dir='ltr'><strong>τοῦ</strong></span> <span class='ocrx_word' id='word_1_106' title='bbox 588 1447 603 1495; x_wconf 91' lang='lat'><strong>;</strong></span> <span class='ocrx_word' id='word_1_107' title='bbox 646 1433 756 1485; x_wconf 76' lang='grc' dir='ltr'><strong>Καὶ</strong></span> <span class='ocrx_word' id='word_1_108' title='bbox 783 1430 917 1500; x_wconf 82' lang='grc' dir='ltr'>γοῦν</span> <span class='ocrx_word' id='word_1_109' title='bbox 949 1432 978 1483; x_wconf 88' lang='grc' dir='ltr'>ὁ</span> <span class='ocrx_word' id='word_1_110' title='bbox 1006 1429 1293 1491; x_wconf 81' lang='grc' dir='ltr'><strong>θεσπέσιος</strong></span> <span class='ocrx_word' id='word_1_111' title='bbox 1329 1425 1541 1489; x_wconf 80' lang='grc' dir='ltr'>Παῦλος</span> <span class='ocrx_word' id='word_1_112' title='bbox 1567 1425 1703 1497; x_wconf 89' lang='grc' dir='ltr'>πρός</span> <span class='ocrx_word' id='word_1_113' title='bbox 1730 1442 1884 1488; x_wconf 85' lang='grc' dir='ltr'>τινας</span> <span class='ocrx_word' id='word_1_114' title='bbox 1908 1423 2012 1496; x_wconf 79' lang='grc' dir='ltr'>ἔφη</span> <span class='ocrx_word' id='word_1_115' title='bbox 2034 1441 2047 1455; x_wconf 91' lang='grc'><strong>·</strong></span> 
     </span>
    </p>
   </div>
   <div class='ocr_carea' id='block_1_16' title="bbox 476 1517 2050 1594">
    <p class='ocr_par' dir='ltr' id='par_1_16' title="bbox 476 1517 2050 1594">
     <span class='ocr_line' id='line_1_16' title="bbox 476 1517 2050 1594; baseline -0.003 -20"><span class='ocrx_word' id='word_1_116' title='bbox 476 1543 498 1574; x_wconf 65' lang='grc' dir='ltr'>ς</span> <span class='ocrx_word' id='word_1_117' title='bbox 519 1524 630 1578; x_wconf 75' lang='grc' dir='ltr'><strong>Καὶ</strong></span> <span class='ocrx_word' id='word_1_118' title='bbox 655 1526 687 1594; x_wconf 95' lang='grc' dir='ltr'><strong>ή</strong></span> <span class='ocrx_word' id='word_1_119' title='bbox 717 1523 910 1594; x_wconf 79' lang='grc' dir='ltr'>εἰρήνη</span> <span class='ocrx_word' id='word_1_120' title='bbox 940 1520 1032 1576; x_wconf 88' lang='grc' dir='ltr'><strong>τοῦ</strong></span> <span class='ocrx_word' id='word_1_121' title='bbox 1063 1517 1221 1585; x_wconf 84' lang='grc' dir='ltr'>Θεοῦ,</span> <span class='ocrx_word' id='word_1_122' title='bbox 1252 1520 1286 1589; x_wconf 86' lang='grc' dir='ltr'><strong>ή</strong></span> <span class='ocrx_word' id='word_1_123' title='bbox 1321 1518 1659 1588; x_wconf 80' lang='grc' dir='ltr'>ὑπερέχουσα</span> <span class='ocrx_word' id='word_1_124' title='bbox 1688 1517 1869 1573; x_wconf 73' lang='grc' dir='ltr'>πάντα</span> <span class='ocrx_word' id='word_1_125' title='bbox 1903 1517 2050 1584; x_wconf 82' lang='grc' dir='ltr'>νοῦν,</span> 
     </span>
    </p>
   </div>
   <div class='ocr_carea' id='block_1_17' title="bbox 475 1608 2044 1687">
    <p class='ocr_par' dir='ltr' id='par_1_17' title="bbox 475 1608 2044 1687">
     <span class='ocr_line' id='line_1_17' title="bbox 475 1608 2044 1687; baseline -0.005 -17"><span class='ocrx_word' id='word_1_126' title='bbox 475 1616 764 1687; x_wconf 79' lang='grc' dir='ltr'>φρουρήσῃ</span> <span class='ocrx_word' id='word_1_127' title='bbox 792 1614 890 1678; x_wconf 76' lang='grc' dir='ltr'>τὰς</span> <span class='ocrx_word' id='word_1_128' title='bbox 918 1611 1147 1684; x_wconf 78' lang='grc' dir='ltr'>καρδίας</span> <span class='ocrx_word' id='word_1_129' title='bbox 1171 1610 1324 1682; x_wconf 84' lang='grc' dir='ltr'>ὑμῶν</span> <span class='ocrx_word' id='word_1_130' title='bbox 1348 1610 1443 1664; x_wconf 84' lang='grc' dir='ltr'><strong>καί</strong></span> <span class='ocrx_word' id='word_1_131' title='bbox 1466 1608 1533 1664; x_wconf 77' lang='grc' dir='ltr'><strong>τὰ</strong></span> <span class='ocrx_word' id='word_1_132' title='bbox 1554 1608 1799 1681; x_wconf 80' lang='grc' dir='ltr'><strong>νοήματα</strong></span> <span class='ocrx_word' id='word_1_133' title='bbox 1822 1608 1999 1678; x_wconf 76' lang='grc' dir='ltr'>ὑμῶν.</span> <span class='ocrx_word' id='word_1_134' title='bbox 2024 1628 2044 1662; x_wconf 73' lang='grc' dir='ltr'><strong>ι</strong></span> 
     </span>
    </p>
   </div>
   <div class='ocr_carea' id='block_1_18' title="bbox 474 1699 2052 1772">
    <p class='ocr_par' dir='ltr' id='par_1_18' title="bbox 474 1699 2052 1772">
     <span class='ocr_line' id='line_1_18' title="bbox 474 1699 2052 1772; baseline -0.004 -12"><span class='ocrx_word' id='word_1_135' title='bbox 474 1705 671 1760; x_wconf 78' lang='grc' dir='ltr'><strong>Καίτοι</strong></span> <span class='ocrx_word' id='word_1_136' title='bbox 702 1704 820 1768; x_wconf 84' lang='grc' dir='ltr'>πῶς</span> <span class='ocrx_word' id='word_1_137' title='bbox 854 1704 916 1757; x_wconf 83' lang='grc' dir='ltr'>οὐ</span> <span class='ocrx_word' id='word_1_138' title='bbox 946 1703 1152 1757; x_wconf 76' lang='grc' dir='ltr'>δίκαιον</span> <span class='ocrx_word' id='word_1_139' title='bbox 1181 1703 1400 1767; x_wconf 73' lang='grc' dir='ltr'>ἐννοεῖν,</span> <span class='ocrx_word' id='word_1_140' title='bbox 1446 1699 1522 1764; x_wconf 83' lang='grc' dir='ltr'>ὥς</span> <span class='ocrx_word' id='word_1_141' title='bbox 1562 1700 1624 1754; x_wconf 83' lang='grc' dir='ltr'>οὐ</span> <span class='ocrx_word' id='word_1_142' title='bbox 1659 1699 1787 1772; x_wconf 83' lang='grc' dir='ltr'><strong>περί</strong></span> <span class='ocrx_word' id='word_1_143' title='bbox 1817 1699 2052 1771; x_wconf 85' lang='grc' dir='ltr'>ταυτησί</span> 
     </span>
    </p>
   </div>
   <div class='ocr_carea' id='block_1_19' title="bbox 473 1792 2051 1868">
    <p class='ocr_par' dir='ltr' id='par_1_19' title="bbox 473 1792 2051 1868">
     <span class='ocr_line' id='line_1_19' title="bbox 473 1792 2051 1868; baseline -0.003 -18"><span class='ocrx_word' id='word_1_144' title='bbox 473 1797 576 1867; x_wconf 83' lang='grc' dir='ltr'>τῆς</span> <span class='ocrx_word' id='word_1_145' title='bbox 603 1797 839 1868; x_wconf 80' lang='grc' dir='ltr'>εἰρήνης.</span> <span class='ocrx_word' id='word_1_146' title='bbox 858 1796 956 1866; x_wconf 82' lang='grc' dir='ltr'><strong>τῆς</strong></span> <span class='ocrx_word' id='word_1_147' title='bbox 992 1796 1051 1849; x_wconf 81' lang='grc' dir='ltr'>ὲν</span> <span class='ocrx_word' id='word_1_148' title='bbox 1076 1793 1346 1864; x_wconf 74' lang='grc' dir='ltr'><strong>τῷοκοινῷ</strong></span> <span class='ocrx_word' id='word_1_149' title='bbox 1369 1793 1668 1865; x_wconf 80' lang='grc' dir='ltr'>νοουμένης</span> <span class='ocrx_word' id='word_1_150' title='bbox 1689 1792 1834 1863; x_wconf 84' lang='grc' dir='ltr'>λόγῳ</span> <span class='ocrx_word' id='word_1_151' title='bbox 1864 1810 1925 1846; x_wconf 87' lang='grc' dir='ltr'><strong>τε</strong></span> <span class='ocrx_word' id='word_1_152' title='bbox 1956 1792 2051 1848; x_wconf 78' lang='grc' dir='ltr'><strong>καὶ</strong></span> 
     </span>
    </p>
   </div>
   <div class='ocr_carea' id='block_1_20' title="bbox 472 1883 2050 1958">
    <p class='ocr_par' dir='ltr' id='par_1_20' title="bbox 472 1883 2050 1958">
     <span class='ocr_line' id='line_1_20' title="bbox 472 1883 2050 1958; baseline -0.002 -18"><span class='ocrx_word' id='word_1_153' title='bbox 472 1886 765 1958; x_wconf 74' lang='grc' dir='ltr'><strong>πράγματι</strong></span> <span class='ocrx_word' id='word_1_154' title='bbox 806 1885 875 1939; x_wconf 75' lang='grc' dir='ltr'>τὰ</span> <span class='ocrx_word' id='word_1_155' title='bbox 904 1884 1127 1939; x_wconf 77' lang='grc' dir='ltr'>τοιαῦτα</span> <span class='ocrx_word' id='word_1_156' title='bbox 1166 1901 1360 1955; x_wconf 86' lang='grc' dir='ltr'>φησιν;</span> <span class='ocrx_word' id='word_1_157' title='bbox 1415 1885 1482 1938; x_wconf 84' lang='grc' dir='ltr'><strong><em>Ἦ</em></strong></span> <span class='ocrx_word' id='word_1_158' title='bbox 1515 1885 1613 1955; x_wconf 80' lang='grc' dir='ltr'>μὲν</span> <span class='ocrx_word' id='word_1_159' title='bbox 1639 1884 1753 1955; x_wconf 82' lang='grc' dir='ltr'><strong>γὰρ</strong></span> <span class='ocrx_word' id='word_1_160' title='bbox 1778 1883 2050 1955; x_wconf 76' lang='grc' dir='ltr'>ἀφιλόμα-</span> 
     </span>
    </p>
   </div>
   <div class='ocr_carea' id='block_1_21' title="bbox 470 1976 2052 2048">
    <p class='ocr_par' dir='ltr' id='par_1_21' title="bbox 470 1976 2052 2048">
     <span class='ocr_line' id='line_1_21' title="bbox 470 1976 2052 2048; baseline -0.001 -18"><span class='ocrx_word' id='word_1_161' title='bbox 470 1996 567 2047; x_wconf 76' lang='grc' dir='ltr'><strong>χος</strong></span> <span class='ocrx_word' id='word_1_162' title='bbox 601 1979 695 2031; x_wconf 78' lang='grc' dir='ltr'>καὶ</span> <span class='ocrx_word' id='word_1_163' title='bbox 728 1977 1126 2048; x_wconf 78' lang='grc' dir='ltr'>ἀφιὶοπόλεμος</span> <span class='ocrx_word' id='word_1_164' title='bbox 1168 1976 1302 2044; x_wconf 70' lang='grc' dir='ltr'>ἕξις,</span> <span class='ocrx_word' id='word_1_165' title='bbox 1350 1977 1476 2031; x_wconf 82' lang='grc' dir='ltr'>ὅσον</span> <span class='ocrx_word' id='word_1_166' title='bbox 1507 1979 1567 2031; x_wconf 71' lang='grc' dir='ltr'>ὲν</span> <span class='ocrx_word' id='word_1_167' title='bbox 1600 1976 1831 2040; x_wconf 79' lang='grc' dir='ltr'>οἰκείαις</span> <span class='ocrx_word' id='word_1_168' title='bbox 1858 1978 2052 2048; x_wconf 77' lang='grc' dir='ltr'>ῥοπαῖς</span> 
     </span>
    </p>
   </div>
   <div class='ocr_carea' id='block_1_22' title="bbox 471 2064 2053 2138">
    <p class='ocr_par' dir='ltr' id='par_1_22' title="bbox 471 2064 2053 2138">
     <span class='ocr_line' id='line_1_22' title="bbox 471 2064 2053 2138; baseline 0.001 -20"><span class='ocrx_word' id='word_1_169' title='bbox 471 2067 568 2119; x_wconf 80' lang='grc' dir='ltr'><strong>καὶ</strong></span> <span class='ocrx_word' id='word_1_170' title='bbox 614 2067 681 2119; x_wconf 48' lang='grc' dir='ltr'>ὲν,</span> <span class='ocrx_word' id='word_1_171' title='bbox 723 2064 943 2137; x_wconf 81' lang='grc' dir='ltr'>Θελήσει</span> <span class='ocrx_word' id='word_1_172' title='bbox 992 2067 1057 2136; x_wconf 79' lang='grc' dir='ltr'>τῇ</span> <span class='ocrx_word' id='word_1_173' title='bbox 1104 2065 1226 2120; x_wconf 80' lang='grc' dir='ltr'>καθ’</span> <span class='ocrx_word' id='word_1_174' title='bbox 1277 2066 1480 2138; x_wconf 67' lang='grc' dir='ltr'>ἑαυτὴν</span> <span class='ocrx_word' id='word_1_175' title='bbox 1523 2066 1748 2137; x_wconf 88' lang='grc' dir='ltr'>εἰρήνην</span> <span class='ocrx_word' id='word_1_176' title='bbox 1797 2064 1911 2136; x_wconf 75' lang='grc' dir='ltr'>ἔχει</span> <span class='ocrx_word' id='word_1_177' title='bbox 1959 2066 2053 2120; x_wconf 72' lang='grc' dir='ltr'><strong>καὶ</strong></span> 
     </span>
    </p>
   </div>
   <div class='ocr_carea' id='block_1_23' title="bbox 471 2158 2054 2231">
    <p class='ocr_par' dir='ltr' id='par_1_23' title="bbox 471 2158 2054 2231">
     <span class='ocr_line' id='line_1_23' title="bbox 471 2158 2054 2231; baseline 0.002 -20"><span class='ocrx_word' id='word_1_178' title='bbox 471 2158 783 2228; x_wconf 71' lang='grc' dir='ltr'>ἐργάζεται.</span> <span class='ocrx_word' id='word_1_179' title='bbox 840 2158 951 2211; x_wconf 77' lang='grc' dir='ltr'><strong>Καὶ</strong></span> <span class='ocrx_word' id='word_1_180' title='bbox 1006 2158 1108 2212; x_wconf 85' lang='grc' dir='ltr'><strong>οὐκ</strong></span> <span class='ocrx_word' id='word_1_181' title='bbox 1163 2158 1525 2214; x_wconf 82' lang='grc' dir='ltr'>ὲνυπόστατόν</span> <span class='ocrx_word' id='word_1_182' title='bbox 1565 2176 1619 2213; x_wconf 90' lang='grc' dir='ltr'><strong>τι</strong></span> <span class='ocrx_word' id='word_1_183' title='bbox 1658 2159 1753 2214; x_wconf 77' lang='grc' dir='ltr'>καὶ</span> <span class='ocrx_word' id='word_1_184' title='bbox 1808 2158 2054 2231; x_wconf 78' lang='grc' dir='ltr'>ὑπάρχον</span> 
     </span>
    </p>
   </div>
   <div class='ocr_carea' id='block_1_24' title="bbox 478 2248 2051 2323">
    <p class='ocr_par' dir='ltr' id='par_1_24' title="bbox 478 2248 2051 2323">
     <span class='ocr_line' id='line_1_24' title="bbox 478 2248 2051 2323; baseline -0.001 -19"><span class='ocrx_word' id='word_1_185' title='bbox 478 2249 623 2314; x_wconf 87' lang='grc' dir='ltr'>ἰδίως</span> <span class='ocrx_word' id='word_1_186' title='bbox 670 2250 969 2321; x_wconf 78' lang='grc' dir='ltr'>οἰησόμεθα</span> <span class='ocrx_word' id='word_1_187' title='bbox 1002 2267 1132 2305; x_wconf 86' lang='grc' dir='ltr'>ποτε</span> <span class='ocrx_word' id='word_1_188' title='bbox 1179 2250 1279 2321; x_wconf 86' lang='grc' dir='ltr'>τὴν</span> <span class='ocrx_word' id='word_1_189' title='bbox 1307 2248 1450 2305; x_wconf 80' lang='grc' dir='ltr'>οὕτω</span> <span class='ocrx_word' id='word_1_190' title='bbox 1479 2249 1777 2321; x_wconf 82' lang='grc' dir='ltr'>νοουμένην</span> <span class='ocrx_word' id='word_1_191' title='bbox 1808 2251 2051 2323; x_wconf 85' lang='grc' dir='ltr'>εἰρήνην,</span> 
     </span>
    </p>
   </div>
   <div class='ocr_carea' id='block_1_25' title="bbox 479 2340 2055 2412">
    <p class='ocr_par' dir='ltr' id='par_1_25' title="bbox 479 2340 2055 2412">
     <span class='ocr_line' id='line_1_25' title="bbox 479 2340 2055 2412; baseline 0 -17"><span class='ocrx_word' id='word_1_192' title='bbox 479 2341 594 2395; x_wconf 86' lang='grc' dir='ltr'>ἀλλ’</span> <span class='ocrx_word' id='word_1_193' title='bbox 627 2343 684 2394; x_wconf 80' lang='grc' dir='ltr'>ὲν</span> <span class='ocrx_word' id='word_1_194' title='bbox 729 2340 838 2406; x_wconf 70' lang='grc' dir='ltr'><strong>ἕξει</strong></span> <span class='ocrx_word' id='word_1_195' title='bbox 882 2344 949 2412; x_wconf 79' lang='grc' dir='ltr'>τῇ</span> <span class='ocrx_word' id='word_1_196' title='bbox 983 2340 1094 2394; x_wconf 84' lang='grc' dir='ltr'><strong>τῶν</strong></span> <span class='ocrx_word' id='word_1_197' title='bbox 1140 2341 1480 2407; x_wconf 80' lang='grc' dir='ltr'>ἀγαπώντων</span> <span class='ocrx_word' id='word_1_198' title='bbox 1523 2340 1692 2410; x_wconf 78' lang='grc' dir='ltr'>αὐτὴν</span> <span class='ocrx_word' id='word_1_199' title='bbox 1737 2340 2055 2410; x_wconf 78' lang='grc' dir='ltr'>συμϐαίνειν</span> 
     </span>
    </p>
   </div>
   <div class='ocr_carea' id='block_1_26' title="bbox 482 2428 2055 2505">
    <p class='ocr_par' dir='ltr' id='par_1_26' title="bbox 482 2428 2055 2505">
     <span class='ocr_line' id='line_1_26' title="bbox 482 2428 2055 2505; baseline 0 -18"><span class='ocrx_word' id='word_1_200' title='bbox 482 2434 873 2505; x_wconf 77' lang='grc' dir='ltr'>ὑπονοήσομεν.</span> <span class='ocrx_word' id='word_1_201' title='bbox 904 2434 1025 2498; x_wconf 85' lang='grc' dir='ltr'><strong>Πῶς</strong></span> <span class='ocrx_word' id='word_1_202' title='bbox 1051 2428 1146 2487; x_wconf 82' lang='grc' dir='ltr'><strong>οῦν</strong></span> <span class='ocrx_word' id='word_1_203' title='bbox 1175 2433 1283 2504; x_wconf 79' lang='grc' dir='ltr'>ἄρα</span> <span class='ocrx_word' id='word_1_204' title='bbox 1310 2435 1501 2504; x_wconf 86' lang='grc' dir='ltr'>νοήσαι</span> <span class='ocrx_word' id='word_1_205' title='bbox 1521 2450 1608 2497; x_wconf 90' lang='grc' dir='ltr'><strong>τις</strong></span> <span class='ocrx_word' id='word_1_206' title='bbox 1631 2432 1698 2488; x_wconf 80' lang='grc' dir='ltr'>ἂν</span> <span class='ocrx_word' id='word_1_207' title='bbox 1728 2432 1905 2488; x_wconf 81' lang='grc' dir='ltr'>πάντα</span> <span class='ocrx_word' id='word_1_208' title='bbox 1928 2434 2055 2488; x_wconf 88' lang='grc' dir='ltr'>νοῦν</span> 
     </span>
    </p>
   </div>
   <div class='ocr_carea' id='block_1_27' title="bbox 483 2525 2053 2599">
    <p class='ocr_par' dir='ltr' id='par_1_27' title="bbox 483 2525 2053 2599">
     <span class='ocr_line' id='line_1_27' title="bbox 483 2525 2053 2599; baseline 0.002 -21"><span class='ocrx_word' id='word_1_209' title='bbox 483 2525 770 2596; x_wconf 75' lang='grc' dir='ltr'>ὑπερέχειν</span> <span class='ocrx_word' id='word_1_210' title='bbox 816 2526 912 2596; x_wconf 85' lang='grc' dir='ltr'>τὴν</span> <span class='ocrx_word' id='word_1_211' title='bbox 956 2527 1213 2598; x_wconf 81' lang='grc' dir='ltr'>τοιαύτην</span> <span class='ocrx_word' id='word_1_212' title='bbox 1256 2527 1516 2598; x_wconf 85' lang='grc' dir='ltr'>εἰρήνην;</span> <span class='ocrx_word' id='word_1_213' title='bbox 1572 2526 1645 2579; x_wconf 83' lang='grc' dir='ltr'>Τὸ</span> <span class='ocrx_word' id='word_1_214' title='bbox 1688 2525 2053 2599; x_wconf 67' lang='grc' dir='ltr'>ταριμηδαμῆ</span> 
     </span>
    </p>
   </div>
   <div class='ocr_carea' id='block_1_28' title="bbox 485 2616 2055 2689">
    <p class='ocr_par' dir='ltr' id='par_1_28' title="bbox 485 2616 2055 2689">
     <span class='ocr_line' id='line_1_28' title="bbox 485 2616 2055 2689; baseline 0.001 -20"><span class='ocrx_word' id='word_1_215' title='bbox 485 2616 749 2688; x_wconf 86' lang='grc' dir='ltr'>μηδαμῶς</span> <span class='ocrx_word' id='word_1_216' title='bbox 806 2618 864 2672; x_wconf 82' lang='grc' dir='ltr'>ὃν</span> <span class='ocrx_word' id='word_1_217' title='bbox 919 2619 1037 2672; x_wconf 84' lang='grc' dir='ltr'>κατ’</span> <span class='ocrx_word' id='word_1_218' title='bbox 1089 2619 1228 2672; x_wconf 89' lang='grc' dir='ltr'>ἰδίαν</span> <span class='ocrx_word' id='word_1_219' title='bbox 1292 2618 1560 2689; x_wconf 81' lang='grc' dir='ltr'>ὕπαρξιν,</span> <span class='ocrx_word' id='word_1_220' title='bbox 1607 2617 1725 2682; x_wconf 82' lang='grc' dir='ltr'>πῶς</span> <span class='ocrx_word' id='word_1_221' title='bbox 1765 2617 1830 2673; x_wconf 76' lang='grc' dir='ltr'>ἂν</span> <span class='ocrx_word' id='word_1_222' title='bbox 1881 2620 2055 2672; x_wconf 78' lang='grc' dir='ltr'>νοοῖτο</span> 
     </span>
    </p>
   </div>
   <div class='ocr_carea' id='block_1_29' title="bbox 480 2708 2056 2781">
    <p class='ocr_par' dir='ltr' id='par_1_29' title="bbox 480 2708 2056 2781">
     <span class='ocr_line' id='line_1_29' title="bbox 480 2708 2056 2781; baseline 0.001 -20"><span class='ocrx_word' id='word_1_223' title='bbox 480 2709 723 2778; x_wconf 84' lang='grc' dir='ltr'>κρεῖττόν</span> <span class='ocrx_word' id='word_1_224' title='bbox 758 2727 816 2763; x_wconf 89' lang='grc' dir='ltr'>τε</span> <span class='ocrx_word' id='word_1_225' title='bbox 849 2711 940 2764; x_wconf 81' lang='grc' dir='ltr'><strong>καὶ</strong></span> <span class='ocrx_word' id='word_1_226' title='bbox 975 2709 1196 2780; x_wconf 84' lang='grc' dir='ltr'>ἄμεινον</span> <span class='ocrx_word' id='word_1_227' title='bbox 1240 2708 1543 2781; x_wconf 81' lang='grc' dir='ltr'>ἀνθρώπων</span> <span class='ocrx_word' id='word_1_228' title='bbox 1585 2709 1768 2780; x_wconf 72' lang='grc' dir='ltr'>τυχὸν,</span> <span class='ocrx_word' id='word_1_229' title='bbox 1818 2709 1850 2779; x_wconf 80' lang='grc' dir='ltr'>ἦ</span> <span class='ocrx_word' id='word_1_230' title='bbox 1884 2709 2056 2778; x_wconf 82' lang='grc' dir='ltr'>ἀγγέ-</span> 
     </span>
    </p>
   </div>
   <div class='ocr_carea' id='block_1_30' title="bbox 475 2796 2056 2874">
    <p class='ocr_par' dir='ltr' id='par_1_30' title="bbox 475 2796 2056 2874">
     <span class='ocr_line' id='line_1_30' title="bbox 475 2796 2056 2874; baseline 0.003 -21"><span class='ocrx_word' id='word_1_231' title='bbox 475 2800 606 2867; x_wconf 86' lang='grc' dir='ltr'>λων,</span> <span class='ocrx_word' id='word_1_232' title='bbox 638 2802 671 2873; x_wconf 66' lang='lat' dir='ltr'>ﬂ</span> <span class='ocrx_word' id='word_1_233' title='bbox 703 2802 813 2856; x_wconf 85' lang='grc' dir='ltr'>τῶν</span> <span class='ocrx_word' id='word_1_234' title='bbox 842 2801 924 2856; x_wconf 78' lang='grc' dir='ltr'>ἔτι</span> <span class='ocrx_word' id='word_1_235' title='bbox 952 2802 1361 2874; x_wconf 72' lang='grc' dir='ltr'>προσάνωενοου</span> <span class='ocrx_word' id='word_1_236' title='bbox 1372 2802 1545 2873; x_wconf 83' lang='grc' dir='ltr'>μένων</span> <span class='ocrx_word' id='word_1_237' title='bbox 1570 2818 1597 2866; x_wconf 88' lang='lat'><strong>;.</strong></span> <span class='ocrx_word' id='word_1_238' title='bbox 1622 2801 1765 2855; x_wconf 87' lang='grc' dir='ltr'>Νοῦν</span> <span class='ocrx_word' id='word_1_239' title='bbox 1785 2800 1894 2872; x_wconf 87' lang='grc' dir='ltr'>γὰρ</span> <span class='ocrx_word' id='word_1_240' title='bbox 1916 2796 2056 2857; x_wconf 79' lang='grc' dir='ltr'>εἰναι</span> 
     </span>
    </p>
   </div>
   <div class='ocr_carea' id='block_1_31' title="bbox 473 2893 2057 2968">
    <p class='ocr_par' dir='ltr' id='par_1_31' title="bbox 473 2893 2057 2968">
     <span class='ocr_line' id='line_1_31' title="bbox 473 2893 2057 2968; baseline -0.001 -19"><span class='ocrx_word' id='word_1_241' title='bbox 473 2895 571 2949; x_wconf 79' lang='grc' dir='ltr'><strong>καὶ</strong></span> <span class='ocrx_word' id='word_1_242' title='bbox 618 2895 795 2951; x_wconf 87' lang='grc' dir='ltr'>ταῦτά</span> <span class='ocrx_word' id='word_1_243' title='bbox 844 2913 1047 2967; x_wconf 82' lang='grc' dir='ltr'>φαμεν.</span> <span class='ocrx_word' id='word_1_244' title='bbox 1097 2894 1368 2967; x_wconf 64' lang='grc' dir='ltr'>Οὐκοῦνή</span> <span class='ocrx_word' id='word_1_245' title='bbox 1416 2895 1556 2968; x_wconf 76' lang='grc' dir='ltr'>ὑπὲρ</span> <span class='ocrx_word' id='word_1_246' title='bbox 1599 2894 1817 2967; x_wconf 73' lang='grc' dir='ltr'>Ἀρχὰς,</span> <span class='ocrx_word' id='word_1_247' title='bbox 1849 2895 1883 2966; x_wconf 91' lang='grc' dir='ltr'><strong>ή</strong></span> <span class='ocrx_word' id='word_1_248' title='bbox 1915 2893 2057 2965; x_wconf 80' lang='grc' dir='ltr'><strong>ὑπὲρ</strong></span> 
     </span>
    </p>
   </div>
   <div class='ocr_carea' id='block_1_32' title="bbox 487 2985 2058 3059">
    <p class='ocr_par' dir='ltr' id='par_1_32' title="bbox 487 2985 2058 3059">
     <span class='ocr_line' id='line_1_32' title="bbox 487 2985 2058 3059; baseline -0.003 -17"><span class='ocrx_word' id='word_1_249' title='bbox 487 2985 790 3052; x_wconf 83' lang='grc' dir='ltr'>Ἐξουσίας,</span> <span class='ocrx_word' id='word_1_250' title='bbox 821 2988 855 3058; x_wconf 83' lang='grc' dir='ltr'><strong>ἡ</strong></span> <span class='ocrx_word' id='word_1_251' title='bbox 893 2986 1301 3059; x_wconf 69' lang='grc' dir='ltr'>ὑπὲριθρόνους</span> <span class='ocrx_word' id='word_1_252' title='bbox 1329 2987 1369 3059; x_wconf 73' lang='grc' dir='ltr'>ἢ</span> <span class='ocrx_word' id='word_1_253' title='bbox 1395 2987 1761 3059; x_wconf 85' lang='grc' dir='ltr'>Κυριότητας,</span> <span class='ocrx_word' id='word_1_254' title='bbox 1793 2987 1888 3041; x_wconf 80' lang='grc' dir='ltr'><strong>καὶ</strong></span> <span class='ocrx_word' id='word_1_255' title='bbox 1916 2986 2058 3057; x_wconf 85' lang='grc' dir='ltr'>ὑπὲρ</span> 
     </span>
    </p>
   </div>
   <div class='ocr_carea' id='block_1_33' title="bbox 474 3072 2056 3149">
    <p class='ocr_par' dir='ltr' id='par_1_33' title="bbox 474 3072 2056 3149">
     <span class='ocr_line' id='line_1_33' title="bbox 474 3072 2056 3149; baseline -0.001 -19"><span class='ocrx_word' id='word_1_256' title='bbox 474 3080 652 3133; x_wconf 81' lang='grc' dir='ltr'>πάντα</span> <span class='ocrx_word' id='word_1_257' title='bbox 685 3077 810 3132; x_wconf 91' lang='grc' dir='ltr'>νοῦν</span> <span class='ocrx_word' id='word_1_258' title='bbox 840 3079 1054 3149; x_wconf 83' lang='grc' dir='ltr'>εἰρήνη,</span> <span class='ocrx_word' id='word_1_259' title='bbox 1085 3078 1147 3132; x_wconf 82' lang='grc' dir='ltr'>τὸ</span> <span class='ocrx_word' id='word_1_260' title='bbox 1183 3078 1406 3148; x_wconf 81' lang='grc' dir='ltr'>Πνεῦμα</span> <span class='ocrx_word' id='word_1_261' title='bbox 1441 3077 1680 3149; x_wconf 83' lang='grc' dir='ltr'>Χριστοῦ</span> <span class='ocrx_word' id='word_1_262' title='bbox 1713 3078 1854 3141; x_wconf 78' lang='grc' dir='ltr'>ἐστι,</span> <span class='ocrx_word' id='word_1_263' title='bbox 1891 3076 1959 3130; x_wconf 80' lang='grc' dir='ltr'>δι’</span> <span class='ocrx_word' id='word_1_264' title='bbox 1992 3072 2056 3129; x_wconf 81' lang='grc' dir='ltr'><strong>οῦ</strong></span> 
     </span>
    </p>
   </div>
   <div class='ocr_carea' id='block_1_34' title="bbox 2151 601 3732 678">
    <p class='ocr_par' dir='ltr' id='par_1_34' title="bbox 2151 601 3732 678">
     <span class='ocr_line' id='line_1_34' title="bbox 2151 601 3732 678; baseline 0.006 -25"><span class='ocrx_word' id='word_1_265' title='bbox 2151 601 2244 671; x_wconf 85' lang='lat' dir='ltr'><strong>qui</strong></span> <span class='ocrx_word' id='word_1_266' title='bbox 2272 616 2369 671; x_wconf 91' lang='lat' dir='ltr'><strong>per</strong></span> <span class='ocrx_word' id='word_1_267' title='bbox 2396 601 2667 673; x_wconf 90' lang='lat' dir='ltr'><strong>meipsum</strong></span> <span class='ocrx_word' id='word_1_268' title='bbox 2710 602 2863 657; x_wconf 92' lang='lat' dir='ltr'><strong>illum</strong></span> <span class='ocrx_word' id='word_1_269' title='bbox 2897 603 3265 672; x_wconf 92' lang='lat' dir='ltr'><strong>susceperint.</strong></span> <span class='ocrx_word' id='word_1_270' title='bbox 3296 602 3493 660; x_wconf 82' lang='lat' dir='ltr'><strong>Pacem</strong></span> <span class='ocrx_word' id='word_1_271' title='bbox 3530 607 3732 678; x_wconf 81' lang='lat' dir='ltr'><strong>quippe</strong></span> 
     </span>
    </p>
   </div>
   <div class='ocr_carea' id='block_1_35' title="bbox 2149 690 3733 764">
    <p class='ocr_par' dir='ltr' id='par_1_35' title="bbox 2149 690 3733 764">
     <span class='ocr_line' id='line_1_35' title="bbox 2149 690 3733 764; baseline 0.004 -19"><span class='ocrx_word' id='word_1_272' title='bbox 2149 690 2362 748; x_wconf 89' lang='lat' dir='ltr'><strong>Christi</strong></span> <span class='ocrx_word' id='word_1_273' title='bbox 2393 691 2660 764; x_wconf 74' lang='lat' dir='ltr'><strong>Spiritum</strong></span> <span class='ocrx_word' id='word_1_274' title='bbox 2692 693 2815 763; x_wconf 83' lang='lat' dir='ltr'><strong>ejus</strong></span> <span class='ocrx_word' id='word_1_275' title='bbox 2849 708 3001 758; x_wconf 77' lang='lat' dir='ltr'><strong>esse,</strong></span> <span class='ocrx_word' id='word_1_276' title='bbox 3021 692 3184 764; x_wconf 79' lang='lat' dir='ltr'><strong>longa</strong></span> <span class='ocrx_word' id='word_1_277' title='bbox 3218 710 3325 747; x_wconf 89' lang='lat' dir='ltr'><strong>non</strong></span> <span class='ocrx_word' id='word_1_278' title='bbox 3364 702 3447 750; x_wconf 72' lang='lat' dir='ltr'><strong>est</strong></span> <span class='ocrx_word' id='word_1_279' title='bbox 3480 697 3733 752; x_wconf 70' lang='lat' dir='ltr'><strong>oratiouna</strong></span> 
     </span>
    </p>
   </div>
   <div class='ocr_carea' id='block_1_36' title="bbox 2150 783 3728 858">
    <p class='ocr_par' dir='ltr' id='par_1_36' title="bbox 2150 783 3728 858">
     <span class='ocr_line' id='line_1_36' title="bbox 2150 783 3728 858; baseline 0.004 -22"><span class='ocrx_word' id='word_1_280' title='bbox 2150 783 2517 853; x_wconf 88' lang='lat' dir='ltr'><strong>probandum.</strong></span> <span class='ocrx_word' id='word_1_281' title='bbox 2555 783 2942 839; x_wconf 74' lang='lat' dir='ltr'><strong>Verumtamen</strong></span> <span class='ocrx_word' id='word_1_282' title='bbox 2983 784 3051 840; x_wconf 86' lang='lat' dir='ltr'><strong>de</strong></span> <span class='ocrx_word' id='word_1_283' title='bbox 3087 784 3194 840; x_wconf 90' lang='lat' dir='ltr'><strong>hoc</strong></span> <span class='ocrx_word' id='word_1_284' title='bbox 3235 785 3533 842; x_wconf 88' lang='lat' dir='ltr'><strong>dicendum</strong></span> <span class='ocrx_word' id='word_1_285' title='bbox 3573 797 3728 858; x_wconf 88' lang='lat' dir='ltr'><strong>puto.</strong></span> 
     </span>
    </p>
   </div>
   <div class='ocr_carea' id='block_1_37' title="bbox 2152 868 3733 950">
    <p class='ocr_par' dir='ltr' id='par_1_37' title="bbox 2152 868 3733 950">
     <span class='ocr_line' id='line_1_37' title="bbox 2152 868 3733 950; baseline 0.004 -22"><span class='ocrx_word' id='word_1_286' title='bbox 2152 872 2209 928; x_wconf 89' lang='lat' dir='ltr'><strong>Si</strong></span> <span class='ocrx_word' id='word_1_287' title='bbox 2245 875 2391 929; x_wconf 91' lang='lat' dir='ltr'><strong>enim</strong></span> <span class='ocrx_word' id='word_1_288' title='bbox 2424 868 2544 946; x_wconf 80' lang='lat' dir='ltr'><strong>ipse</strong></span> <span class='ocrx_word' id='word_1_289' title='bbox 2565 887 2646 931; x_wconf 88' lang='lat' dir='ltr'><strong>est</strong></span> <span class='ocrx_word' id='word_1_290' title='bbox 2679 892 2783 947; x_wconf 84' lang='lat' dir='ltr'><strong>pax</strong></span> <span class='ocrx_word' id='word_1_291' title='bbox 2820 878 2872 931; x_wconf 92' lang='lat' dir='ltr'><strong>in</strong></span> <span class='ocrx_word' id='word_1_292' title='bbox 2900 877 3055 932; x_wconf 82' lang='lat' dir='ltr'><strong>caelis</strong></span> <span class='ocrx_word' id='word_1_293' title='bbox 3085 885 3140 932; x_wconf 88' lang='lat' dir='ltr'><strong>et</strong></span> <span class='ocrx_word' id='word_1_294' title='bbox 3172 879 3225 933; x_wconf 93' lang='lat' dir='ltr'><strong>in</strong></span> <span class='ocrx_word' id='word_1_295' title='bbox 3260 887 3430 943; x_wconf 83' lang='lat' dir='ltr'><strong>terra,</strong></span> <span class='ocrx_word' id='word_1_296' title='bbox 3456 881 3733 950; x_wconf 76' lang='lat' dir='ltr'><strong>quomodo</strong></span> 
     </span>
    </p>
   </div>
   <div class='ocr_carea' id='block_1_38' title="bbox 2150 960 3730 1040">
    <p class='ocr_par' dir='ltr' id='par_1_38' title="bbox 2150 960 3730 1040">
     <span class='ocr_line' id='line_1_38' title="bbox 2150 960 3730 1040; baseline 0.006 -21"><span class='ocrx_word' id='word_1_297' title='bbox 2150 967 2329 1022; x_wconf 80' lang='lat' dir='ltr'><strong>cuivis</strong></span> <span class='ocrx_word' id='word_1_298' title='bbox 2383 960 2766 1037; x_wconf 78' lang='lat' dir='ltr'><strong>non-patebit</strong></span> <span class='ocrx_word' id='word_1_299' title='bbox 2819 968 3046 1025; x_wconf 84' lang='lat' dir='ltr'><strong>omnino</strong></span> <span class='ocrx_word' id='word_1_300' title='bbox 3089 986 3301 1040; x_wconf 87' lang='lat' dir='ltr'><strong>pacem,</strong></span> <span class='ocrx_word' id='word_1_301' title='bbox 3345 980 3403 1025; x_wconf 92' lang='lat' dir='ltr'><strong>ut</strong></span> <span class='ocrx_word' id='word_1_302' title='bbox 3463 972 3730 1034; x_wconf 80' lang='lat' dir='ltr'><strong>diximus.</strong></span> 
     </span>
    </p>
   </div>
   <div class='ocr_carea' id='block_1_39' title="bbox 2151 1056 3730 1132">
    <p class='ocr_par' dir='ltr' id='par_1_39' title="bbox 2151 1056 3730 1132">
     <span class='ocr_line' id='line_1_39' title="bbox 2151 1056 3730 1132; baseline 0.006 -21"><span class='ocrx_word' id='word_1_303' title='bbox 2151 1071 2276 1111; x_wconf 85' lang='lat' dir='ltr'><strong>esse</strong></span> <span class='ocrx_word' id='word_1_304' title='bbox 2315 1056 2581 1128; x_wconf 77' lang='lat' dir='ltr'><strong>Spiritum</strong></span> <span class='ocrx_word' id='word_1_305' title='bbox 2625 1059 2786 1128; x_wconf 83' lang='lat' dir='ltr'><strong>ejus?</strong></span> <span class='ocrx_word' id='word_1_306' title='bbox 2814 1059 2879 1113; x_wconf 85' lang='lat' dir='ltr'><strong>Et</strong></span> <span class='ocrx_word' id='word_1_307' title='bbox 2921 1062 3142 1132; x_wconf 77' lang='lat' dir='ltr'><strong>quidem</strong></span> <span class='ocrx_word' id='word_1_308' title='bbox 3176 1062 3403 1119; x_wconf 87' lang='lat' dir='ltr'><strong>divinus</strong></span> <span class='ocrx_word' id='word_1_309' title='bbox 3429 1063 3633 1120; x_wconf 89' lang='lat' dir='ltr'><strong>Paulus</strong></span> <span class='ocrx_word' id='word_1_310' title='bbox 3662 1065 3730 1120; x_wconf 89' lang='lat' dir='ltr'><strong>ad</strong></span> 
     </span>
    </p>
   </div>
   <div class='ocr_carea' id='block_1_40' title="bbox 2151 1149 3732 1227">
    <p class='ocr_par' dir='ltr' id='par_1_40' title="bbox 2151 1149 3732 1227">
     <span class='ocr_line' id='line_1_40' title="bbox 2151 1149 3732 1227; baseline 0.005 -24"><span class='ocrx_word' id='word_1_311' title='bbox 2151 1149 2417 1219; x_wconf 90' lang='lat' dir='ltr'><strong>quosdam</strong></span> <span class='ocrx_word' id='word_1_312' title='bbox 2450 1151 2732 1207; x_wconf 72' lang='lat' dir='ltr'><strong>scribebat</strong></span> <span class='ocrx_word' id='word_1_313' title='bbox 2760 1171 2771 1205; x_wconf 89' lang='lat'><strong>:</strong></span> <span class='ocrx_word' id='word_1_314' title='bbox 2807 1171 2825 1203; x_wconf 80' lang='grc' dir='ltr'><strong>ι</strong></span> <span class='ocrx_word' id='word_1_315' title='bbox 2858 1153 2921 1208; x_wconf 86' lang='lat' dir='ltr'><strong>Et</strong></span> <span class='ocrx_word' id='word_1_316' title='bbox 2955 1169 3056 1223; x_wconf 85' lang='lat' dir='ltr'><strong>pax</strong></span> <span class='ocrx_word' id='word_1_317' title='bbox 3087 1153 3253 1227; x_wconf 70' lang='grc'><strong>840</strong></span> <span class='ocrx_word' id='word_1_318' title='bbox 3287 1155 3401 1220; x_wconf 83' lang='lat' dir='ltr'><strong>Dei,</strong></span> <span class='ocrx_word' id='word_1_319' title='bbox 3428 1173 3550 1225; x_wconf 70' lang='lat' dir='ltr'><strong>qua:</strong></span> <span class='ocrx_word' id='word_1_320' title='bbox 3569 1172 3732 1215; x_wconf 74' lang='lat' dir='ltr'><strong>essu-</strong></span> 
     </span>
    </p>
   </div>
   <div class='ocr_carea' id='block_1_41' title="bbox 2152 1245 3732 1310">
    <p class='ocr_par' dir='ltr' id='par_1_41' title="bbox 2152 1245 3732 1310">
     <span class='ocr_line' id='line_1_41' title="bbox 2152 1245 3732 1310; baseline 0.007 -17"><span class='ocrx_word' id='word_1_321' title='bbox 2152 1249 2309 1310; x_wconf 87' lang='lat' dir='ltr'><strong>perat</strong></span> <span class='ocrx_word' id='word_1_322' title='bbox 2352 1255 2571 1296; x_wconf 90' lang='lat' dir='ltr'><strong>omnem</strong></span> <span class='ocrx_word' id='word_1_323' title='bbox 2618 1257 2866 1307; x_wconf 88' lang='lat' dir='ltr'><strong>sensum,</strong></span> <span class='ocrx_word' id='word_1_324' title='bbox 2911 1245 3185 1300; x_wconf 83' lang='lat' dir='ltr'><strong>custodiat</strong></span> <span class='ocrx_word' id='word_1_325' title='bbox 3238 1247 3407 1303; x_wconf 80' lang='lat' dir='ltr'><strong>corda</strong></span> <span class='ocrx_word' id='word_1_326' title='bbox 3452 1258 3637 1305; x_wconf 85' lang='lat' dir='ltr'><strong>vestra</strong></span> <span class='ocrx_word' id='word_1_327' title='bbox 3677 1259 3732 1304; x_wconf 89' lang='lat' dir='ltr'><strong>et</strong></span> 
     </span>
    </p>
   </div>
   <div class='ocr_carea' id='block_1_42' title="bbox 2152 1329 3727 1410">
    <p class='ocr_par' dir='ltr' id='par_1_42' title="bbox 2152 1329 3727 1410">
     <span class='ocr_line' id='line_1_42' title="bbox 2152 1329 3727 1410; baseline 0.006 -26"><span class='ocrx_word' id='word_1_328' title='bbox 2152 1329 2547 1401; x_wconf 80' lang='lat' dir='ltr'><strong>intelligentias</strong></span> <span class='ocrx_word' id='word_1_329' title='bbox 2590 1341 2805 1389; x_wconf 88' lang='lat' dir='ltr'><strong>vestras</strong></span> <span class='ocrx_word' id='word_1_330' title='bbox 2830 1334 2972 1390; x_wconf 77' lang='lat'><strong>“&#39;“.</strong></span> <span class='ocrx_word' id='word_1_331' title='bbox 3022 1354 3040 1388; x_wconf 74' lang='grc' dir='ltr'><strong>ι</strong></span> <span class='ocrx_word' id='word_1_332' title='bbox 3078 1338 3146 1392; x_wconf 85' lang='lat' dir='ltr'><strong>At</strong></span> <span class='ocrx_word' id='word_1_333' title='bbox 3188 1339 3313 1409; x_wconf 88' lang='lat' dir='ltr'><strong>quis</strong></span> <span class='ocrx_word' id='word_1_334' title='bbox 3349 1340 3600 1410; x_wconf 84' lang='lat' dir='ltr'><strong>nonjure</strong></span> <span class='ocrx_word' id='word_1_335' title='bbox 3623 1341 3727 1397; x_wconf 87' lang='lat' dir='ltr'><strong>sibi</strong></span> 
     </span>
    </p>
   </div>
   <div class='ocr_carea' id='block_1_43' title="bbox 2153 1424 3729 1503">
    <p class='ocr_par' dir='ltr' id='par_1_43' title="bbox 2153 1424 3729 1503">
     <span class='ocr_line' id='line_1_43' title="bbox 2153 1424 3729 1503; baseline 0.009 -26"><span class='ocrx_word' id='word_1_336' title='bbox 2153 1425 2502 1493; x_wconf 84' lang='lat' dir='ltr'><strong>persuadeat,</strong></span> <span class='ocrx_word' id='word_1_337' title='bbox 2539 1439 2648 1479; x_wconf 90' lang='lat' dir='ltr'><strong>non</strong></span> <span class='ocrx_word' id='word_1_338' title='bbox 2680 1424 2748 1481; x_wconf 86' lang='lat' dir='ltr'><strong>de</strong></span> <span class='ocrx_word' id='word_1_339' title='bbox 2782 1427 2883 1481; x_wconf 84' lang='lat' dir='ltr'><strong>hac</strong></span> <span class='ocrx_word' id='word_1_340' title='bbox 2914 1442 3048 1497; x_wconf 83' lang='lat' dir='ltr'><strong>pace</strong></span> <span class='ocrx_word' id='word_1_341' title='bbox 3077 1444 3241 1499; x_wconf 87' lang='lat' dir='ltr'><strong>quam</strong></span> <span class='ocrx_word' id='word_1_342' title='bbox 3284 1430 3465 1503; x_wconf 67' lang='lat' dir='ltr'><strong>vulgo</strong></span> <span class='ocrx_word' id='word_1_343' title='bbox 3488 1432 3729 1491; x_wconf 83' lang='lat' dir='ltr'><strong>dicimus</strong></span> 
     </span>
    </p>
   </div>
   <div class='ocr_carea' id='block_1_44' title="bbox 2153 1512 3730 1585">
    <p class='ocr_par' dir='ltr' id='par_1_44' title="bbox 2153 1512 3730 1585">
     <span class='ocr_line' id='line_1_44' title="bbox 2153 1512 3730 1585; baseline 0.012 -21"><span class='ocrx_word' id='word_1_344' title='bbox 2153 1526 2219 1567; x_wconf 89' lang='lat' dir='ltr'><strong>ac</strong></span> <span class='ocrx_word' id='word_1_345' title='bbox 2242 1512 2601 1585; x_wconf 77' lang='lat' dir='ltr'><strong>intelligimus</strong></span> <span class='ocrx_word' id='word_1_346' title='bbox 2619 1515 2724 1571; x_wconf 90' lang='lat' dir='ltr'><strong>ista</strong></span> <span class='ocrx_word' id='word_1_347' title='bbox 2737 1516 2845 1572; x_wconf 92' lang='lat' dir='ltr'><strong>dici</strong></span> <span class='ocrx_word' id='word_1_348' title='bbox 2865 1516 2889 1571; x_wconf 73' lang='grc' dir='ltr'><strong>ἰ</strong></span> <span class='ocrx_word' id='word_1_349' title='bbox 2916 1518 3151 1575; x_wconf 85' lang='lat' dir='ltr'><strong>Animus</strong></span> <span class='ocrx_word' id='word_1_350' title='bbox 3163 1521 3310 1576; x_wconf 92' lang='lat' dir='ltr'><strong>enim</strong></span> <span class='ocrx_word' id='word_1_351' title='bbox 3328 1523 3477 1578; x_wconf 89' lang='lat' dir='ltr'><strong>omni</strong></span> <span class='ocrx_word' id='word_1_352' title='bbox 3497 1531 3730 1582; x_wconf 48' lang='lat' dir='ltr'><strong>conten-</strong></span> 
     </span>
    </p>
   </div>
   <div class='ocr_carea' id='block_1_45' title="bbox 2155 1605 3731 1680">
    <p class='ocr_par' dir='ltr' id='par_1_45' title="bbox 2155 1605 3731 1680">
     <span class='ocr_line' id='line_1_45' title="bbox 2155 1605 3731 1680; baseline 0.008 -23"><span class='ocrx_word' id='word_1_353' title='bbox 2155 1605 2323 1663; x_wconf 89' lang='lat' dir='ltr'><strong>tionis</strong></span> <span class='ocrx_word' id='word_1_354' title='bbox 2357 1606 2542 1663; x_wconf 88' lang='lat' dir='ltr'><strong>studio</strong></span> <span class='ocrx_word' id='word_1_355' title='bbox 2572 1622 2781 1665; x_wconf 89' lang='lat' dir='ltr'><strong>vacuus</strong></span> <span class='ocrx_word' id='word_1_356' title='bbox 2824 1609 2879 1663; x_wconf 91' lang='lat' dir='ltr'><strong>in</strong></span> <span class='ocrx_word' id='word_1_357' title='bbox 2913 1624 3011 1665; x_wconf 90' lang='lat' dir='ltr'><strong>sua</strong></span> <span class='ocrx_word' id='word_1_358' title='bbox 3043 1613 3409 1680; x_wconf 89' lang='lat' dir='ltr'><strong>propensione</strong></span> <span class='ocrx_word' id='word_1_359' title='bbox 3446 1630 3511 1670; x_wconf 86' lang='lat' dir='ltr'><strong>ac</strong></span> <span class='ocrx_word' id='word_1_360' title='bbox 3536 1617 3731 1670; x_wconf 85' lang='lat' dir='ltr'><strong>volun-</strong></span> 
     </span>
    </p>
   </div>
   <div class='ocr_carea' id='block_1_46' title="bbox 2153 1698 3729 1776">
    <p class='ocr_par' dir='ltr' id='par_1_46' title="bbox 2153 1698 3729 1776">
     <span class='ocr_line' id='line_1_46' title="bbox 2153 1698 3729 1776; baseline 0.009 -28"><span class='ocrx_word' id='word_1_361' title='bbox 2153 1701 2267 1752; x_wconf 87' lang='lat' dir='ltr'><strong>tate</strong></span> <span class='ocrx_word' id='word_1_362' title='bbox 2302 1711 2490 1767; x_wconf 77' lang='lat' dir='ltr'><strong>pacem</strong></span> <span class='ocrx_word' id='word_1_363' title='bbox 2526 1698 2689 1754; x_wconf 90' lang='lat' dir='ltr'><strong>habet</strong></span> <span class='ocrx_word' id='word_1_364' title='bbox 2723 1714 2956 1771; x_wconf 88' lang='lat' dir='ltr'><strong>eamque</strong></span> <span class='ocrx_word' id='word_1_365' title='bbox 2989 1703 3144 1758; x_wconf 87' lang='lat' dir='ltr'><strong>colit.</strong></span> <span class='ocrx_word' id='word_1_366' title='bbox 3167 1700 3356 1775; x_wconf 86' lang='lat' dir='ltr'><strong>Neque</strong></span> <span class='ocrx_word' id='word_1_367' title='bbox 3378 1721 3509 1760; x_wconf 89' lang='lat' dir='ltr'><strong>vero</strong></span> <span class='ocrx_word' id='word_1_368' title='bbox 3541 1722 3729 1776; x_wconf 88' lang='lat' dir='ltr'><strong>pacem</strong></span> 
     </span>
    </p>
   </div>
   <div class='ocr_carea' id='block_1_47' title="bbox 2155 1787 3730 1867">
    <p class='ocr_par' dir='ltr' id='par_1_47' title="bbox 2155 1787 3730 1867">
     <span class='ocr_line' id='line_1_47' title="bbox 2155 1787 3730 1867; baseline 0.009 -26"><span class='ocrx_word' id='word_1_369' title='bbox 2155 1787 2468 1845; x_wconf 88' lang='lat' dir='ltr'><strong>istiusmodi</strong></span> <span class='ocrx_word' id='word_1_370' title='bbox 2508 1805 2751 1861; x_wconf 81' lang='lat' dir='ltr'><strong>unquam</strong></span> <span class='ocrx_word' id='word_1_371' title='bbox 2799 1792 3119 1860; x_wconf 84' lang='lat' dir='ltr'><strong>putabimus</strong></span> <span class='ocrx_word' id='word_1_372' title='bbox 3155 1794 3396 1867; x_wconf 87' lang='lat' dir='ltr'><strong>aliquam</strong></span> <span class='ocrx_word' id='word_1_373' title='bbox 3442 1814 3567 1854; x_wconf 87' lang='lat' dir='ltr'><strong>esse</strong></span> <span class='ocrx_word' id='word_1_374' title='bbox 3596 1798 3730 1855; x_wconf 84' lang='lat' dir='ltr'><strong>sub-</strong></span> 
     </span>
    </p>
   </div>
   <div class='ocr_carea' id='block_1_48' title="bbox 2152 1880 3730 1960">
    <p class='ocr_par' dir='ltr' id='par_1_48' title="bbox 2152 1880 3730 1960">
     <span class='ocr_line' id='line_1_48' title="bbox 2152 1880 3730 1960; baseline 0.008 -27"><span class='ocrx_word' id='word_1_375' title='bbox 2152 1880 2440 1944; x_wconf 84' lang='lat' dir='ltr'><strong>stantiam,</strong></span> <span class='ocrx_word' id='word_1_376' title='bbox 2469 1881 2567 1936; x_wconf 87' lang='lat' dir='ltr'><strong>sed</strong></span> <span class='ocrx_word' id='word_1_377' title='bbox 2617 1881 2673 1936; x_wconf 91' lang='lat' dir='ltr'><strong>in</strong></span> <span class='ocrx_word' id='word_1_378' title='bbox 2712 1896 2906 1937; x_wconf 88' lang='lat' dir='ltr'><strong>eorum</strong></span> <span class='ocrx_word' id='word_1_379' title='bbox 2942 1885 3142 1942; x_wconf 89' lang='lat' dir='ltr'><strong>animis</strong></span> <span class='ocrx_word' id='word_1_380' title='bbox 3173 1886 3269 1957; x_wconf 92' lang='lat' dir='ltr'><strong>qui</strong></span> <span class='ocrx_word' id='word_1_381' title='bbox 3322 1887 3561 1960; x_wconf 79' lang='lat' dir='ltr'><strong>diligunt</strong></span> <span class='ocrx_word' id='word_1_382' title='bbox 3607 1906 3730 1946; x_wconf 89' lang='lat' dir='ltr'><strong>eam</strong></span> 
     </span>
    </p>
   </div>
   <div class='ocr_carea' id='block_1_49' title="bbox 2152 1968 3733 2051">
    <p class='ocr_par' dir='ltr' id='par_1_49' title="bbox 2152 1968 3733 2051">
     <span class='ocr_line' id='line_1_49' title="bbox 2152 1968 3733 2051; baseline 0.009 -27"><span class='ocrx_word' id='word_1_383' title='bbox 2152 1968 2340 2025; x_wconf 80' lang='lat' dir='ltr'><strong>habitu</strong></span> <span class='ocrx_word' id='word_1_384' title='bbox 2412 1970 2727 2028; x_wconf 82' lang='lat' dir='ltr'><strong>formatam.</strong></span> <span class='ocrx_word' id='word_1_385' title='bbox 2781 1973 3070 2040; x_wconf 87' lang='lat' dir='ltr'><strong>Quomodo</strong></span> <span class='ocrx_word' id='word_1_386' title='bbox 3131 1993 3263 2051; x_wconf 76' lang='lat' dir='ltr'><strong>ergo</strong></span> <span class='ocrx_word' id='word_1_387' title='bbox 3327 1995 3517 2050; x_wconf 86' lang='lat' dir='ltr'><strong>pacem</strong></span> <span class='ocrx_word' id='word_1_388' title='bbox 3586 1982 3733 2038; x_wconf 87' lang='lat' dir='ltr'><strong>hanc</strong></span> 
     </span>
    </p>
   </div>
   <div class='ocr_carea' id='block_1_50' title="bbox 2153 2068 3733 2141">
    <p class='ocr_par' dir='ltr' id='par_1_50' title="bbox 2153 2068 3733 2141">
     <span class='ocr_line' id='line_1_50' title="bbox 2153 2068 3733 2141; baseline 0.007 -24"><span class='ocrx_word' id='word_1_389' title='bbox 2153 2077 2371 2119; x_wconf 80' lang='lat' dir='ltr'><strong>onmem</strong></span> <span class='ocrx_word' id='word_1_390' title='bbox 2421 2078 2645 2120; x_wconf 84' lang='lat' dir='ltr'><strong>sensum</strong></span> <span class='ocrx_word' id='word_1_391' title='bbox 2709 2082 3049 2138; x_wconf 82' lang='lat' dir='ltr'><strong>exsuperare</strong></span> <span class='ocrx_word' id='word_1_392' title='bbox 3115 2068 3525 2141; x_wconf 81' lang='lat' dir='ltr'><strong>intelligemus?</strong></span> <span class='ocrx_word' id='word_1_393' title='bbox 3575 2071 3733 2140; x_wconf 83' lang='lat' dir='ltr'><strong>Quod</strong></span> 
     </span>
    </p>
   </div>
   <div class='ocr_carea' id='block_1_51' title="bbox 2151 2152 3733 2233">
    <p class='ocr_par' dir='ltr' id='par_1_51' title="bbox 2151 2152 3733 2233">
     <span class='ocr_line' id='line_1_51' title="bbox 2151 2152 3733 2233; baseline 0.008 -25"><span class='ocrx_word' id='word_1_394' title='bbox 2151 2152 2299 2208; x_wconf 82' lang='lat' dir='ltr'><strong>enim</strong></span> <span class='ocrx_word' id='word_1_395' title='bbox 2344 2168 2617 2225; x_wconf 88' lang='lat' dir='ltr'><strong>nusquam</strong></span> <span class='ocrx_word' id='word_1_396' title='bbox 2651 2157 2879 2212; x_wconf 89' lang='lat' dir='ltr'><strong>omnino</strong></span> <span class='ocrx_word' id='word_1_397' title='bbox 2910 2173 3008 2227; x_wconf 89' lang='lat' dir='ltr'><strong>per</strong></span> <span class='ocrx_word' id='word_1_398' title='bbox 3035 2174 3098 2215; x_wconf 91' lang='lat' dir='ltr'><strong>se</strong></span> <span class='ocrx_word' id='word_1_399' title='bbox 3130 2160 3410 2227; x_wconf 87' lang='lat' dir='ltr'><strong>subsistit,</strong></span> <span class='ocrx_word' id='word_1_400' title='bbox 3452 2165 3733 2233; x_wconf 89' lang='lat' dir='ltr'><strong>quomodo</strong></span> 
     </span>
    </p>
   </div>
   <div class='ocr_carea' id='block_1_52' title="bbox 2153 2246 3730 2324">
    <p class='ocr_par' dir='ltr' id='par_1_52' title="bbox 2153 2246 3730 2324">
     <span class='ocr_line' id='line_1_52' title="bbox 2153 2246 3730 2324; baseline 0.008 -26"><span class='ocrx_word' id='word_1_401' title='bbox 2153 2246 2511 2313; x_wconf 69' lang='lat' dir='ltr'><strong>praestantius</strong></span> <span class='ocrx_word' id='word_1_402' title='bbox 2535 2248 2642 2301; x_wconf 90' lang='lat' dir='ltr'><strong>erit</strong></span> <span class='ocrx_word' id='word_1_403' title='bbox 2671 2247 3013 2316; x_wconf 89' lang='lat' dir='ltr'><strong>hominibus,</strong></span> <span class='ocrx_word' id='word_1_404' title='bbox 3037 2258 3133 2307; x_wconf 91' lang='lat' dir='ltr'><strong>aut</strong></span> <span class='ocrx_word' id='word_1_405' title='bbox 3163 2254 3399 2324; x_wconf 74' lang='lat' dir='ltr'><strong>angelis.</strong></span> <span class='ocrx_word' id='word_1_406' title='bbox 3424 2255 3542 2311; x_wconf 76' lang='lat' dir='ltr'><strong>sive</strong></span> <span class='ocrx_word' id='word_1_407' title='bbox 3568 2256 3730 2311; x_wconf 85' lang='lat' dir='ltr'><strong>etiam</strong></span> 
     </span>
    </p>
   </div>
   <div class='ocr_carea' id='block_1_53' title="bbox 2155 2338 3734 2413">
    <p class='ocr_par' dir='ltr' id='par_1_53' title="bbox 2155 2338 3734 2413">
     <span class='ocr_line' id='line_1_53' title="bbox 2155 2338 3734 2413; baseline 0.008 -23"><span class='ocrx_word' id='word_1_408' title='bbox 2155 2338 2681 2411; x_wconf 71' lang='lat' dir='ltr'><strong>archangelis,quos</strong></span> <span class='ocrx_word' id='word_1_409' title='bbox 2707 2350 2916 2398; x_wconf 88' lang='lat' dir='ltr'><strong>mentes</strong></span> <span class='ocrx_word' id='word_1_410' title='bbox 2937 2341 3102 2398; x_wconf 87' lang='lat' dir='ltr'><strong>etiam</strong></span> <span class='ocrx_word' id='word_1_411' title='bbox 3127 2359 3248 2400; x_wconf 88' lang='lat' dir='ltr'><strong>esse</strong></span> <span class='ocrx_word' id='word_1_412' title='bbox 3266 2344 3539 2401; x_wconf 76' lang='lat' dir='ltr'><strong>dicimus?</strong></span> <span class='ocrx_word' id='word_1_413' title='bbox 3552 2345 3734 2413; x_wconf 84' lang='lat' dir='ltr'><strong>Quare</strong></span> 
     </span>
    </p>
   </div>
   <div class='ocr_carea' id='block_1_54' title="bbox 2154 2430 3730 2506">
    <p class='ocr_par' dir='ltr' id='par_1_54' title="bbox 2154 2430 3730 2506">
     <span class='ocr_line' id='line_1_54' title="bbox 2154 2430 3730 2506; baseline 0.007 -22"><span class='ocrx_word' id='word_1_414' title='bbox 2154 2444 2257 2499; x_wconf 92' lang='lat' dir='ltr'><strong>pax</strong></span> <span class='ocrx_word' id='word_1_415' title='bbox 2288 2430 2381 2484; x_wconf 92' lang='lat' dir='ltr'><strong>illa</strong></span> <span class='ocrx_word' id='word_1_416' title='bbox 2418 2446 2539 2501; x_wconf 73' lang='lat' dir='ltr'><strong>quae</strong></span> <span class='ocrx_word' id='word_1_417' title='bbox 2572 2443 2871 2504; x_wconf 76' lang='lat' dir='ltr'><strong>exsuperat</strong></span> <span class='ocrx_word' id='word_1_418' title='bbox 2902 2434 3273 2506; x_wconf 87' lang='lat' dir='ltr'><strong>Principatus,</strong></span> <span class='ocrx_word' id='word_1_419' title='bbox 3306 2446 3356 2491; x_wconf 87' lang='lat' dir='ltr'><strong>et</strong></span> <span class='ocrx_word' id='word_1_420' title='bbox 3398 2435 3730 2505; x_wconf 86' lang='lat' dir='ltr'><strong>Potestates,</strong></span> 
     </span>
    </p>
   </div>
   <div class='ocr_carea' id='block_1_55' title="bbox 2156 2520 3731 2599">
    <p class='ocr_par' dir='ltr' id='par_1_55' title="bbox 2156 2520 3731 2599">
     <span class='ocr_line' id='line_1_55' title="bbox 2156 2520 3731 2599; baseline 0.006 -24"><span class='ocrx_word' id='word_1_421' title='bbox 2156 2529 2211 2575; x_wconf 93' lang='lat' dir='ltr'><strong>ct</strong></span> <span class='ocrx_word' id='word_1_422' title='bbox 2234 2520 2489 2577; x_wconf 89' lang='lat' dir='ltr'><strong>Thronos</strong></span> <span class='ocrx_word' id='word_1_423' title='bbox 2521 2524 2672 2595; x_wconf 91' lang='lat' dir='ltr'><strong>ipsos</strong></span> <span class='ocrx_word' id='word_1_424' title='bbox 2692 2534 2746 2581; x_wconf 91' lang='lat' dir='ltr'><strong>et</strong></span> <span class='ocrx_word' id='word_1_425' title='bbox 2769 2525 3205 2592; x_wconf 88' lang='lat' dir='ltr'><strong>Dominationes,</strong></span> <span class='ocrx_word' id='word_1_426' title='bbox 3238 2529 3485 2599; x_wconf 87' lang='lat' dir='ltr'><strong>adeoque</strong></span> <span class='ocrx_word' id='word_1_427' title='bbox 3513 2546 3731 2586; x_wconf 84' lang='lat' dir='ltr'><strong>onmem</strong></span> 
     </span>
    </p>
   </div>
   <div class='ocr_carea' id='block_1_56' title="bbox 2158 2613 3733 2690">
    <p class='ocr_par' dir='ltr' id='par_1_56' title="bbox 2158 2613 3733 2690">
     <span class='ocr_line' id='line_1_56' title="bbox 2158 2613 3733 2690; baseline 0.007 -25"><span class='ocrx_word' id='word_1_428' title='bbox 2158 2622 2422 2678; x_wconf 82' lang='lat' dir='ltr'><strong>mentem,</strong></span> <span class='ocrx_word' id='word_1_429' title='bbox 2446 2613 2684 2685; x_wconf 88' lang='lat' dir='ltr'><strong>Spiritus</strong></span> <span class='ocrx_word' id='word_1_430' title='bbox 2711 2617 2917 2674; x_wconf 87' lang='lat' dir='ltr'><strong>Christi</strong></span> <span class='ocrx_word' id='word_1_431' title='bbox 2946 2630 3053 2684; x_wconf 90' lang='lat' dir='ltr'><strong>est,</strong></span> <span class='ocrx_word' id='word_1_432' title='bbox 3081 2634 3180 2690; x_wconf 88' lang='lat' dir='ltr'><strong>per</strong></span> <span class='ocrx_word' id='word_1_433' title='bbox 3210 2636 3371 2690; x_wconf 89' lang='lat' dir='ltr'><strong>quem</strong></span> <span class='ocrx_word' id='word_1_434' title='bbox 3404 2622 3589 2678; x_wconf 81' lang='lat' dir='ltr'><strong>omnia</strong></span> <span class='ocrx_word' id='word_1_435' title='bbox 3624 2622 3733 2676; x_wconf 76' lang='lat' dir='ltr'><strong>Deo</strong></span> 
     </span>
    </p>
   </div>
   <div class='ocr_carea' id='block_1_57' title="bbox 2156 2708 3730 2781">
    <p class='ocr_par' dir='ltr' id='par_1_57' title="bbox 2156 2708 3730 2781">
     <span class='ocr_line' id='line_1_57' title="bbox 2156 2708 3730 2781; baseline 0.005 -19"><span class='ocrx_word' id='word_1_436' title='bbox 2156 2722 2225 2763; x_wconf 87' lang='lat' dir='ltr'><strong>ac</strong></span> <span class='ocrx_word' id='word_1_437' title='bbox 2259 2708 2405 2763; x_wconf 89' lang='lat' dir='ltr'><strong>Patri</strong></span> <span class='ocrx_word' id='word_1_438' title='bbox 2437 2712 2838 2776; x_wconf 81' lang='lat' dir='ltr'><strong>reconciliavit.</strong></span> <span class='ocrx_word' id='word_1_439' title='bbox 2862 2713 2993 2768; x_wconf 87' lang='lat' dir='ltr'><strong>dum</strong></span> <span class='ocrx_word' id='word_1_440' title='bbox 3022 2715 3158 2768; x_wconf 89' lang='lat' dir='ltr'><strong>nihil</strong></span> <span class='ocrx_word' id='word_1_441' title='bbox 3186 2714 3334 2769; x_wconf 85' lang='lat' dir='ltr'><strong>aliud</strong></span> <span class='ocrx_word' id='word_1_442' title='bbox 3374 2717 3509 2779; x_wconf 88' lang='lat' dir='ltr'><strong>vult,</strong></span> <span class='ocrx_word' id='word_1_443' title='bbox 3544 2716 3730 2781; x_wconf 72' lang='lat' dir='ltr'><strong>sentit,</strong></span> 
     </span>
    </p>
   </div>
   <div class='ocr_carea' id='block_1_58' title="bbox 2156 2800 3734 2866">
    <p class='ocr_par' dir='ltr' id='par_1_58' title="bbox 2156 2800 3734 2866">
     <span class='ocr_line' id='line_1_58' title="bbox 2156 2800 3734 2866; baseline 0.006 -13"><span class='ocrx_word' id='word_1_444' title='bbox 2156 2808 2253 2854; x_wconf 77' lang='lat' dir='ltr'><strong>aut</strong></span> <span class='ocrx_word' id='word_1_445' title='bbox 2282 2800 2435 2866; x_wconf 89' lang='lat' dir='ltr'><strong>facit,</strong></span> <span class='ocrx_word' id='word_1_446' title='bbox 2462 2818 2563 2857; x_wconf 87' lang='lat' dir='ltr'><strong>nec</strong></span> <span class='ocrx_word' id='word_1_447' title='bbox 2589 2804 2963 2865; x_wconf 77' lang='lat' dir='ltr'><strong>conversione</strong></span> <span class='ocrx_word' id='word_1_448' title='bbox 2997 2805 3064 2861; x_wconf 87' lang='lat' dir='ltr'><strong>ad</strong></span> <span class='ocrx_word' id='word_1_449' title='bbox 3110 2806 3315 2860; x_wconf 86' lang='lat' dir='ltr'><strong>malum</strong></span> <span class='ocrx_word' id='word_1_450' title='bbox 3340 2806 3450 2861; x_wconf 85' lang='lat' dir='ltr'><strong>alio</strong></span> <span class='ocrx_word' id='word_1_451' title='bbox 3491 2806 3734 2862; x_wconf 81' lang='lat' dir='ltr'><strong>deflectit</strong></span> 
     </span>
    </p>
   </div>
   <div class='ocr_carea' id='block_1_59' title="bbox 2156 2889 3734 2961">
    <p class='ocr_par' dir='ltr' id='par_1_59' title="bbox 2156 2889 3734 2961">
     <span class='ocr_line' id='line_1_59' title="bbox 2156 2889 3734 2961; baseline 0.004 -18"><span class='ocrx_word' id='word_1_452' title='bbox 2156 2890 2226 2945; x_wconf 82' lang='lat' dir='ltr'><strong>ab</strong></span> <span class='ocrx_word' id='word_1_453' title='bbox 2267 2891 2410 2961; x_wconf 87' lang='lat' dir='ltr'><strong>ipso.</strong></span> <span class='ocrx_word' id='word_1_454' title='bbox 2443 2889 2591 2948; x_wconf 85' lang='lat' dir='ltr'><strong>Nihil</strong></span> <span class='ocrx_word' id='word_1_455' title='bbox 2636 2901 2829 2948; x_wconf 81' lang='lat' dir='ltr'><strong>autem.</strong></span> <span class='ocrx_word' id='word_1_456' title='bbox 2875 2893 3034 2950; x_wconf 84' lang='lat' dir='ltr'><strong>obest</strong></span> <span class='ocrx_word' id='word_1_457' title='bbox 3085 2894 3583 2950; x_wconf 82' lang='lat' dir='ltr'><strong>considerationem</strong></span> <span class='ocrx_word' id='word_1_458' title='bbox 3643 2894 3734 2949; x_wconf 87' lang='lat' dir='ltr'><strong>hic</strong></span> 
     </span>
    </p>
   </div>
   <div class='ocr_carea' id='block_1_60' title="bbox 2157 2983 3732 3056">
    <p class='ocr_par' dir='ltr' id='par_1_60' title="bbox 2157 2983 3732 3056">
     <span class='ocr_line' id='line_1_60' title="bbox 2157 2983 3732 3056; baseline 0.003 -19"><span class='ocrx_word' id='word_1_459' title='bbox 2157 2997 2322 3051; x_wconf 84' lang='lat' dir='ltr'><strong>porro</strong></span> <span class='ocrx_word' id='word_1_460' title='bbox 2362 2983 2559 3039; x_wconf 82' lang='lat' dir='ltr'><strong>afferre</strong></span> <span class='ocrx_word' id='word_1_461' title='bbox 2610 2999 2738 3040; x_wconf 63' lang='lat' dir='ltr'><strong>non</strong></span> <span class='ocrx_word' id='word_1_462' title='bbox 2776 2984 3046 3042; x_wconf 78' lang='lat' dir='ltr'><strong>insulsam</strong></span> <span class='ocrx_word' id='word_1_463' title='bbox 3090 2993 3243 3041; x_wconf 89' lang='lat' dir='ltr'><strong>certe</strong></span> <span class='ocrx_word' id='word_1_464' title='bbox 3281 2986 3365 3041; x_wconf 91' lang='lat' dir='ltr'><strong>vel</strong></span> <span class='ocrx_word' id='word_1_465' title='bbox 3397 2987 3732 3056; x_wconf 85' lang='lat' dir='ltr'><strong>imperitam.</strong></span> 
     </span>
    </p>
   </div>
   <div class='ocr_carea' id='block_1_61' title="bbox 2155 3058 3731 3137">
    <p class='ocr_par' dir='ltr' id='par_1_61' title="bbox 2155 3058 3731 3137">
     <span class='ocr_line' id='line_1_61' title="bbox 2155 3058 3731 3137; baseline 0.002 -12"><span class='ocrx_word' id='word_1_466' title='bbox 2155 3058 2626 3137; x_wconf 85' lang='lat' dir='ltr'><strong>Quemadmodum</strong></span> <span class='ocrx_word' id='word_1_467' title='bbox 2657 3075 2806 3130; x_wconf 80' lang='lat' dir='ltr'><strong>enim</strong></span> <span class='ocrx_word' id='word_1_468' title='bbox 2842 3090 2968 3130; x_wconf 90' lang='lat' dir='ltr'><strong>cum</strong></span> <span class='ocrx_word' id='word_1_469' title='bbox 2998 3074 3111 3128; x_wconf 91' lang='lat' dir='ltr'><strong>vita</strong></span> <span class='ocrx_word' id='word_1_470' title='bbox 3139 3075 3441 3130; x_wconf 84' lang='lat' dir='ltr'><strong>secundum</strong></span> <span class='ocrx_word' id='word_1_471' title='bbox 3478 3084 3731 3129; x_wconf 79' lang='lat' dir='ltr'><strong>naturam</strong></span> 
     </span>
    </p>
   </div>
   <div class='ocr_carea' id='block_1_62' title="bbox 471 3161 2056 3269">
    <p class='ocr_par' dir='ltr' id='par_1_62' title="bbox 471 3169 2056 3243">
     <span class='ocr_line' id='line_1_62' title="bbox 471 3169 2056 3243; baseline 0.001 -18"><span class='ocrx_word' id='word_1_472' title='bbox 471 3172 543 3243; x_wconf 44' lang='lat' dir='ltr'><strong>ei,</strong></span> <span class='ocrx_word' id='word_1_473' title='bbox 572 3170 752 3225; x_wconf 79' lang='grc' dir='ltr'>πάντα</span> <span class='ocrx_word' id='word_1_474' title='bbox 788 3169 866 3241; x_wconf 83' lang='grc' dir='ltr'>τῷ</span> <span class='ocrx_word' id='word_1_475' title='bbox 890 3170 1010 3242; x_wconf 85' lang='grc' dir='ltr'><strong>Θεῷ</strong></span> <span class='ocrx_word' id='word_1_476' title='bbox 1042 3171 1136 3227; x_wconf 76' lang='grc' dir='ltr'><strong>καὶ</strong></span> <span class='ocrx_word' id='word_1_477' title='bbox 1169 3171 1345 3241; x_wconf 78' lang='grc' dir='ltr'>Πατρί</span> <span class='ocrx_word' id='word_1_478' title='bbox 1372 3170 1709 3242; x_wconf 78' lang='grc' dir='ltr'>κατήλλαξεν</span> <span class='ocrx_word' id='word_1_479' title='bbox 1739 3173 1768 3224; x_wconf 88' lang='grc' dir='ltr'><strong>ό</strong></span> <span class='ocrx_word' id='word_1_480' title='bbox 1798 3172 1944 3237; x_wconf 78' lang='grc' dir='ltr'>Υἰδς,</span> <span class='ocrx_word' id='word_1_481' title='bbox 1977 3171 2056 3243; x_wconf 85' lang='grc' dir='ltr'>τῷ</span> 
     </span>
    </p>
   </div>
   <div class='ocr_carea' id='block_1_63' title="bbox 2157 3161 3734 3269">
    <p class='ocr_par' dir='ltr' id='par_1_63' title="bbox 2159 3161 3734 3236">
     <span class='ocr_line' id='line_1_63' title="bbox 2159 3161 3734 3236; baseline 0.001 -17"><span class='ocrx_word' id='word_1_482' title='bbox 2159 3164 2234 3220; x_wconf 91' lang='lat' dir='ltr'><strong>sit</strong></span> <span class='ocrx_word' id='word_1_483' title='bbox 2276 3161 2472 3227; x_wconf 88' lang='lat' dir='ltr'><strong>Filius,</strong></span> <span class='ocrx_word' id='word_1_484' title='bbox 2516 3173 2571 3220; x_wconf 92' lang='lat' dir='ltr'><strong>et</strong></span> <span class='ocrx_word' id='word_1_485' title='bbox 2623 3166 2920 3235; x_wconf 88' lang='lat' dir='ltr'><strong>sapientia,</strong></span> <span class='ocrx_word' id='word_1_486' title='bbox 2964 3181 3028 3221; x_wconf 89' lang='lat' dir='ltr'><strong>ac</strong></span> <span class='ocrx_word' id='word_1_487' title='bbox 3061 3166 3260 3232; x_wconf 84' lang='lat' dir='ltr'><strong>virtus,</strong></span> <span class='ocrx_word' id='word_1_488' title='bbox 3300 3175 3354 3221; x_wconf 81' lang='lat' dir='ltr'><strong>et</strong></span> <span class='ocrx_word' id='word_1_489' title='bbox 3388 3165 3622 3236; x_wconf 71' lang='lat' dir='ltr'><strong>Spiritus</strong></span> <span class='ocrx_word' id='word_1_490' title='bbox 3660 3170 3734 3223; x_wconf 89' lang='lat' dir='ltr'><strong>sit</strong></span> 
     </span>
    </p>
   </div>
   <div class='ocr_carea' id='block_1_64' title="bbox 471 3260 2055 3335">
    <p class='ocr_par' dir='ltr' id='par_1_64' title="bbox 471 3260 2055 3335">
     <span class='ocr_line' id='line_1_64' title="bbox 471 3260 2055 3335; baseline 0 -19"><span class='ocrx_word' id='word_1_491' title='bbox 471 3261 544 3316; x_wconf 71' lang='grc' dir='ltr'>τὰ</span> <span class='ocrx_word' id='word_1_492' title='bbox 574 3262 773 3316; x_wconf 78' lang='grc' dir='ltr'>ἑαυτοῦ</span> <span class='ocrx_word' id='word_1_493' title='bbox 803 3261 978 3316; x_wconf 80' lang='grc' dir='ltr'>θέλειν</span> <span class='ocrx_word' id='word_1_494' title='bbox 1007 3263 1102 3317; x_wconf 77' lang='grc' dir='ltr'><strong>καὶ</strong></span> <span class='ocrx_word' id='word_1_495' title='bbox 1133 3260 1436 3332; x_wconf 82' lang='grc' dir='ltr'>βούλεσθαι,</span> <span class='ocrx_word' id='word_1_496' title='bbox 1477 3264 1618 3315; x_wconf 89' lang='grc' dir='ltr'>νοεῖν</span> <span class='ocrx_word' id='word_1_497' title='bbox 1648 3279 1709 3317; x_wconf 88' lang='grc' dir='ltr'>τε</span> <span class='ocrx_word' id='word_1_498' title='bbox 1754 3264 1847 3317; x_wconf 78' lang='grc' dir='ltr'><strong>καὶ</strong></span> <span class='ocrx_word' id='word_1_499' title='bbox 1881 3263 2055 3335; x_wconf 87' lang='grc' dir='ltr'>πράτ-</span> 
     </span>
    </p>
   </div>
   <div class='ocr_carea' id='block_1_65' title="bbox 470 3352 2057 3424">
    <p class='ocr_par' dir='ltr' id='par_1_65' title="bbox 470 3352 2057 3424">
     <span class='ocr_line' id='line_1_65' title="bbox 470 3352 2057 3424; baseline 0 -17"><span class='ocrx_word' id='word_1_500' title='bbox 470 3369 609 3415; x_wconf 87' lang='grc' dir='ltr'>τειν,</span> <span class='ocrx_word' id='word_1_501' title='bbox 644 3353 739 3407; x_wconf 82' lang='grc' dir='ltr'><strong>καὶ</strong></span> <span class='ocrx_word' id='word_1_502' title='bbox 775 3352 852 3424; x_wconf 79' lang='grc' dir='ltr'>μὴ</span> <span class='ocrx_word' id='word_1_503' title='bbox 893 3352 1127 3423; x_wconf 75' lang='grc' dir='ltr'>ἑτέρωσέ</span> <span class='ocrx_word' id='word_1_504' title='bbox 1159 3369 1250 3407; x_wconf 91' lang='grc' dir='ltr'><strong>ποι</strong></span> <span class='ocrx_word' id='word_1_505' title='bbox 1277 3355 1476 3423; x_wconf 84' lang='grc' dir='ltr'>χωρεῖν</span> <span class='ocrx_word' id='word_1_506' title='bbox 1500 3354 1580 3416; x_wconf 90' lang='grc' dir='ltr'>εἰς</span> <span class='ocrx_word' id='word_1_507' title='bbox 1614 3353 1936 3419; x_wconf 80' lang='grc' dir='ltr'>ἀπόστασιν,</span> <span class='ocrx_word' id='word_1_508' title='bbox 1967 3353 2057 3407; x_wconf 81' lang='grc' dir='ltr'>διὰ</span> 
     </span>
    </p>
   </div>
   <div class='ocr_carea' id='block_1_66' title="bbox 470 3441 2056 3515">
    <p class='ocr_par' dir='ltr' id='par_1_66' title="bbox 470 3441 2056 3515">
     <span class='ocr_line' id='line_1_66' title="bbox 470 3441 2056 3515; baseline 0.001 -18"><span class='ocrx_word' id='word_1_509' title='bbox 470 3446 573 3515; x_wconf 80' lang='grc' dir='ltr'>τῆς</span> <span class='ocrx_word' id='word_1_510' title='bbox 599 3444 680 3507; x_wconf 84' lang='grc' dir='ltr'><strong>εἰς</strong></span> <span class='ocrx_word' id='word_1_511' title='bbox 707 3441 783 3496; x_wconf 73' lang='grc' dir='ltr'><strong>τὰ</strong></span> <span class='ocrx_word' id='word_1_512' title='bbox 823 3442 1007 3511; x_wconf 80' lang='grc' dir='ltr'>φαῦλα</span> <span class='ocrx_word' id='word_1_513' title='bbox 1046 3443 1426 3514; x_wconf 84' lang='grc' dir='ltr'>παρατροπῆς.</span> <span class='ocrx_word' id='word_1_514' title='bbox 1472 3443 1649 3497; x_wconf 84' lang='grc' dir='ltr'>Λυπεῖ</span> <span class='ocrx_word' id='word_1_515' title='bbox 1695 3444 1754 3498; x_wconf 77' lang='grc' dir='ltr'>δὲ</span> <span class='ocrx_word' id='word_1_516' title='bbox 1780 3443 1934 3498; x_wconf 79' lang='grc' dir='ltr'>οὐδὲν</span> <span class='ocrx_word' id='word_1_517' title='bbox 1962 3444 2056 3499; x_wconf 76' lang='grc' dir='ltr'><strong>καὶ</strong></span> 
     </span>
    </p>
   </div>
   <div class='ocr_carea' id='block_1_67' title="bbox 472 3532 2056 3609">
    <p class='ocr_par' dir='ltr' id='par_1_67' title="bbox 472 3532 2056 3609">
     <span class='ocr_line' id='line_1_67' title="bbox 472 3532 2056 3609; baseline 0.003 -23"><span class='ocrx_word' id='word_1_518' title='bbox 472 3532 737 3603; x_wconf 82' lang='grc' dir='ltr'>λογισμὸν</span> <span class='ocrx_word' id='word_1_519' title='bbox 768 3533 865 3585; x_wconf 69' lang='grc' dir='ltr'><strong>ἐπὶ</strong></span> <span class='ocrx_word' id='word_1_520' title='bbox 881 3534 1058 3604; x_wconf 83' lang='grc' dir='ltr'>τούτῳ</span> <span class='ocrx_word' id='word_1_521' title='bbox 1076 3532 1262 3587; x_wconf 78' lang='grc' dir='ltr'>λαϐεῖν</span> <span class='ocrx_word' id='word_1_522' title='bbox 1286 3534 1386 3587; x_wconf 81' lang='grc' dir='ltr'>οὐκ</span> <span class='ocrx_word' id='word_1_523' title='bbox 1408 3533 1686 3588; x_wconf 82' lang='grc' dir='ltr'>ἀσύνετον.</span> <span class='ocrx_word' id='word_1_524' title='bbox 1714 3535 1924 3608; x_wconf 85' lang='grc' dir='ltr'>Ὀνπερ</span> <span class='ocrx_word' id='word_1_525' title='bbox 1944 3537 2056 3609; x_wconf 84' lang='grc' dir='ltr'><strong>γὰρ</strong></span> 
     </span>
    </p>
   </div>
   <div class='ocr_carea' id='block_1_68' title="bbox 476 3621 2056 3695">
    <p class='ocr_par' dir='ltr' id='par_1_68' title="bbox 476 3621 2056 3695">
     <span class='ocr_line' id='line_1_68' title="bbox 476 3621 2056 3695; baseline 0.004 -20"><span class='ocrx_word' id='word_1_526' title='bbox 476 3622 681 3693; x_wconf 80' lang='grc' dir='ltr'>τρόπον</span> <span class='ocrx_word' id='word_1_527' title='bbox 726 3621 958 3693; x_wconf 74' lang='grc' dir='ltr'>ἐπείπερ</span> <span class='ocrx_word' id='word_1_528' title='bbox 1005 3621 1121 3695; x_wconf 74' lang='grc' dir='ltr'><strong>ζωὴ</strong></span> <span class='ocrx_word' id='word_1_529' title='bbox 1157 3624 1299 3678; x_wconf 77' lang='grc' dir='ltr'>κατὰ</span> <span class='ocrx_word' id='word_1_530' title='bbox 1326 3624 1487 3694; x_wconf 82' lang='grc' dir='ltr'>φύσιν</span> <span class='ocrx_word' id='word_1_531' title='bbox 1514 3625 1660 3679; x_wconf 71' lang='grc' dir='ltr'>ἐστὶν</span> <span class='ocrx_word' id='word_1_532' title='bbox 1689 3628 1717 3679; x_wconf 84' lang='grc' dir='ltr'><strong>ὁ</strong></span> <span class='ocrx_word' id='word_1_533' title='bbox 1750 3627 1877 3691; x_wconf 78' lang='grc' dir='ltr'>Υἰὺς</span> <span class='ocrx_word' id='word_1_534' title='bbox 1897 3668 1912 3688; x_wconf 87' lang='grc'><strong>.</strong></span> <span class='ocrx_word' id='word_1_535' title='bbox 1962 3631 2056 3682; x_wconf 76' lang='grc' dir='ltr'>καὶ</span> 
     </span>
    </p>
   </div>
   <div class='ocr_carea' id='block_1_69' title="bbox 484 3709 2057 3787">
    <p class='ocr_par' dir='ltr' id='par_1_69' title="bbox 484 3709 2057 3787">
     <span class='ocr_line' id='line_1_69' title="bbox 484 3709 2057 3787; baseline 0.005 -25"><span class='ocrx_word' id='word_1_536' title='bbox 484 3710 649 3777; x_wconf 80' lang='grc' dir='ltr'>σοφία</span> <span class='ocrx_word' id='word_1_537' title='bbox 695 3712 791 3763; x_wconf 74' lang='grc' dir='ltr'><strong>καὶ</strong></span> <span class='ocrx_word' id='word_1_538' title='bbox 818 3709 1045 3781; x_wconf 83' lang='grc' dir='ltr'>δύναμις</span> <span class='ocrx_word' id='word_1_539' title='bbox 1084 3710 1332 3764; x_wconf 80' lang='grc' dir='ltr'>καλεῖται</span> <span class='ocrx_word' id='word_1_540' title='bbox 1365 3711 1422 3764; x_wconf 83' lang='grc' dir='ltr'>δὲ</span> <span class='ocrx_word' id='word_1_541' title='bbox 1450 3712 1546 3766; x_wconf 72' lang='grc' dir='ltr'><strong>καὶ</strong></span> <span class='ocrx_word' id='word_1_542' title='bbox 1576 3712 1694 3765; x_wconf 76' lang='grc' dir='ltr'>ἐστι</span> <span class='ocrx_word' id='word_1_543' title='bbox 1742 3714 1804 3767; x_wconf 85' lang='grc' dir='ltr'><strong>τὺ</strong></span> <span class='ocrx_word' id='word_1_544' title='bbox 1833 3716 2057 3787; x_wconf 90' lang='grc' dir='ltr'>Πνεῦμα</span> 
     </span>
    </p>
   </div>
   <div class='ocr_carea' id='block_1_70' title="bbox 484 3800 2053 3877">
    <p class='ocr_par' dir='ltr' id='par_1_70' title="bbox 484 3800 2053 3877">
     <span class='ocr_line' id='line_1_70' title="bbox 484 3800 2053 3877; baseline 0.004 -23"><span class='ocrx_word' id='word_1_545' title='bbox 484 3801 674 3867; x_wconf 83' lang='grc' dir='ltr'>αὑτοῦ,</span> <span class='ocrx_word' id='word_1_546' title='bbox 699 3801 923 3872; x_wconf 82' lang='grc' dir='ltr'>Πνεῦμά</span> <span class='ocrx_word' id='word_1_547' title='bbox 946 3804 1061 3855; x_wconf 76' lang='grc' dir='ltr'>ἐστι</span> <span class='ocrx_word' id='word_1_548' title='bbox 1084 3800 1249 3873; x_wconf 76' lang='grc' dir='ltr'>ζωῆς,</span> <span class='ocrx_word' id='word_1_549' title='bbox 1275 3804 1368 3857; x_wconf 75' lang='grc' dir='ltr'><strong>καὶ</strong></span> <span class='ocrx_word' id='word_1_550' title='bbox 1392 3804 1602 3873; x_wconf 82' lang='grc' dir='ltr'>σοφίας,</span> <span class='ocrx_word' id='word_1_551' title='bbox 1628 3805 1719 3858; x_wconf 85' lang='grc' dir='ltr'><strong>καί</strong></span> <span class='ocrx_word' id='word_1_552' title='bbox 1745 3806 2021 3877; x_wconf 76' lang='grc' dir='ltr'>δυνάμεως</span> <span class='ocrx_word' id='word_1_553' title='bbox 2040 3826 2053 3842; x_wconf 80' lang='grc' dir='ltr'><strong>ο</strong></span> 
     </span>
    </p>
   </div>
   <div class='ocr_carea' id='block_1_71' title="bbox 485 3888 2055 3970">
    <p class='ocr_par' dir='ltr' id='par_1_71' title="bbox 485 3888 2055 3970">
     <span class='ocr_line' id='line_1_71' title="bbox 485 3888 2055 3970; baseline 0.008 -30"><span class='ocrx_word' id='word_1_554' title='bbox 485 3888 660 3951; x_wconf 75' lang='grc' dir='ltr'>οὕτως</span> <span class='ocrx_word' id='word_1_555' title='bbox 706 3888 938 3960; x_wconf 75' lang='grc' dir='ltr'>ἐπείπερ</span> <span class='ocrx_word' id='word_1_556' title='bbox 980 3891 1129 3943; x_wconf 77' lang='grc' dir='ltr'>ἐστὶν</span> <span class='ocrx_word' id='word_1_557' title='bbox 1162 3890 1326 3954; x_wconf 82' lang='grc' dir='ltr'>αὐτός</span> <span class='ocrx_word' id='word_1_558' title='bbox 1367 3909 1428 3945; x_wconf 87' lang='grc' dir='ltr'><strong>τε</strong></span> <span class='ocrx_word' id='word_1_559' title='bbox 1482 3894 1726 3966; x_wconf 55' lang='grc' dir='ltr'>καί,οὐχ</span> <span class='ocrx_word' id='word_1_560' title='bbox 1775 3894 1978 3969; x_wconf 73' lang='grc' dir='ltr'>ἔτερος,</span> <span class='ocrx_word' id='word_1_561' title='bbox 2020 3900 2055 3970; x_wconf 83' lang='grc' dir='ltr'><strong>ή</strong></span> 
     </span>
    </p>
   </div>
   <div class='ocr_carea' id='block_1_72' title="bbox 483 3978 2059 4054">
    <p class='ocr_par' dir='ltr' id='par_1_72' title="bbox 483 3978 2059 4054">
     <span class='ocr_line' id='line_1_72' title="bbox 483 3978 2059 4054; baseline 0.008 -23"><span class='ocrx_word' id='word_1_562' title='bbox 483 3978 701 4048; x_wconf 81' lang='grc' dir='ltr'>ἀληθῶς</span> <span class='ocrx_word' id='word_1_563' title='bbox 721 3996 781 4032; x_wconf 85' lang='grc' dir='ltr'><strong>τε</strong></span> <span class='ocrx_word' id='word_1_564' title='bbox 812 3980 904 4032; x_wconf 78' lang='grc' dir='ltr'><strong>καὶ</strong></span> <span class='ocrx_word' id='word_1_565' title='bbox 934 3981 1139 4052; x_wconf 85' lang='grc' dir='ltr'>κυρίως</span> <span class='ocrx_word' id='word_1_566' title='bbox 1159 3981 1372 4053; x_wconf 89' lang='grc' dir='ltr'>εἰρήνη,</span> <span class='ocrx_word' id='word_1_567' title='bbox 1408 3983 1602 4054; x_wconf 78' lang='grc' dir='ltr'>λέγοιτ’</span> <span class='ocrx_word' id='word_1_568' title='bbox 1624 3984 1689 4040; x_wconf 81' lang='grc' dir='ltr'>ἂν</span> <span class='ocrx_word' id='word_1_569' title='bbox 1716 3987 1941 4053; x_wconf 78' lang='grc' dir='ltr'>εἰκότως</span> <span class='ocrx_word' id='word_1_570' title='bbox 1963 3991 2059 4044; x_wconf 80' lang='grc' dir='ltr'><strong>καὶ</strong></span> 
     </span>
    </p>
   </div>
   <div class='ocr_carea' id='block_1_73' title="bbox 480 4069 2052 4149">
    <p class='ocr_par' dir='ltr' id='par_1_73' title="bbox 480 4069 2052 4149">
     <span class='ocr_line' id='line_1_73' title="bbox 480 4069 2052 4149; baseline 0.009 -26"><span class='ocrx_word' id='word_1_571' title='bbox 480 4072 656 4123; x_wconf 86' lang='grc' dir='ltr'>νοοῖτο</span> <span class='ocrx_word' id='word_1_572' title='bbox 705 4069 869 4124; x_wconf 84' lang='grc' dir='ltr'>πάλιν</span> <span class='ocrx_word' id='word_1_573' title='bbox 910 4071 1031 4124; x_wconf 86' lang='grc' dir='ltr'>κατ’</span> <span class='ocrx_word' id='word_1_574' title='bbox 1062 4070 1223 4126; x_wconf 82' lang='grc' dir='ltr'>αὑτὸν</span> <span class='ocrx_word' id='word_1_575' title='bbox 1269 4072 1463 4145; x_wconf 81' lang='grc' dir='ltr'>εἰρήνη</span> <span class='ocrx_word' id='word_1_576' title='bbox 1512 4075 1575 4129; x_wconf 78' lang='grc' dir='ltr'>τὸ</span> <span class='ocrx_word' id='word_1_577' title='bbox 1610 4078 1834 4149; x_wconf 82' lang='grc' dir='ltr'>Πνεῦμα</span> <span class='ocrx_word' id='word_1_578' title='bbox 1863 4080 2052 4139; x_wconf 75' lang='grc' dir='ltr'>αὐτοῦ.</span> 
     </span>
    </p>
   </div>
   <div class='ocr_carea' id='block_1_74' title="bbox 479 4160 2067 4244">
    <p class='ocr_par' dir='ltr' id='par_1_74' title="bbox 479 4160 2067 4244">
     <span class='ocr_line' id='line_1_74' title="bbox 479 4160 2067 4244; baseline 0.008 -31"><span class='ocrx_word' id='word_1_579' title='bbox 479 4161 581 4215; x_wconf 85' lang='grc' dir='ltr'>Διόι</span> <span class='ocrx_word' id='word_1_580' title='bbox 598 4178 681 4215; x_wconf 88' lang='grc' dir='ltr'><strong>τοι</strong></span> <span class='ocrx_word' id='word_1_581' title='bbox 708 4160 875 4215; x_wconf 71' lang='grc' dir='ltr'>τοῦτό</span> <span class='ocrx_word' id='word_1_582' title='bbox 893 4163 987 4216; x_wconf 78' lang='grc' dir='ltr'><strong>καὶ</strong></span> <span class='ocrx_word' id='word_1_583' title='bbox 1018 4163 1200 4229; x_wconf 89' lang='grc' dir='ltr'>ίδικῶς</span> <span class='ocrx_word' id='word_1_584' title='bbox 1223 4166 1443 4232; x_wconf 78' lang='grc' dir='ltr'>ἀναθεὶς</span> <span class='ocrx_word' id='word_1_585' title='bbox 1458 4171 1526 4240; x_wconf 72' lang='grc' dir='ltr'>τῇ</span> <span class='ocrx_word' id='word_1_586' title='bbox 1545 4170 1740 4225; x_wconf 79' lang='grc' dir='ltr'>ἑαυτοῦ</span> <span class='ocrx_word' id='word_1_587' title='bbox 1769 4172 1931 4242; x_wconf 85' lang='grc' dir='ltr'>φύσει</span> <span class='ocrx_word' id='word_1_588' title='bbox 1959 4172 2067 4244; x_wconf 75' lang='grc' dir='ltr'>τὴν</span> 
     </span>
    </p>
   </div>
   <div class='ocr_carea' id='block_1_75' title="bbox 483 4253 2060 4336">
    <p class='ocr_par' dir='ltr' id='par_1_75' title="bbox 483 4253 2060 4336">
     <span class='ocr_line' id='line_1_75' title="bbox 483 4253 2060 4336; baseline 0.01 -33"><span class='ocrx_word' id='word_1_589' title='bbox 483 4253 619 4307; x_wconf 80' lang='grc' dir='ltr'>ἰδίαν</span> <span class='ocrx_word' id='word_1_590' title='bbox 669 4255 911 4325; x_wconf 89' lang='grc' dir='ltr'>εἰρήνην,</span> <span class='ocrx_word' id='word_1_591' title='bbox 965 4253 1113 4307; x_wconf 85' lang='grc' dir='ltr'>τοῦτ’</span> <span class='ocrx_word' id='word_1_592' title='bbox 1143 4255 1258 4309; x_wconf 72' lang='grc' dir='ltr'>ἐστι</span> <span class='ocrx_word' id='word_1_593' title='bbox 1305 4258 1367 4311; x_wconf 81' lang='grc' dir='ltr'>τὸ</span> <span class='ocrx_word' id='word_1_594' title='bbox 1415 4259 1679 4331; x_wconf 86' lang='grc' dir='ltr'>Πνεῦμα,</span> <span class='ocrx_word' id='word_1_595' title='bbox 1733 4262 1883 4332; x_wconf 85' lang='grc' dir='ltr'>λέγει</span> <span class='ocrx_word' id='word_1_596' title='bbox 1928 4267 2060 4336; x_wconf 69' lang='grc' dir='ltr'>περὶ</span> 
     </span>
    </p>
   </div>
   <div class='ocr_carea' id='block_1_76' title="bbox 479 4344 2063 4423">
    <p class='ocr_par' dir='ltr' id='par_1_76' title="bbox 479 4344 2063 4423">
     <span class='ocr_line' id='line_1_76' title="bbox 479 4344 2063 4423; baseline 0.008 -25"><span class='ocrx_word' id='word_1_597' title='bbox 479 4344 643 4398; x_wconf 77' lang='grc' dir='ltr'>αὑτοῦ</span> <span class='ocrx_word' id='word_1_598' title='bbox 669 4360 685 4375; x_wconf 68' lang='grc'><strong>⁸</strong></span> <span class='ocrx_word' id='word_1_599' title='bbox 741 4362 760 4397; x_wconf 83' lang='grc' dir='ltr'><strong>ι</strong></span> <span class='ocrx_word' id='word_1_600' title='bbox 794 4346 1027 4417; x_wconf 86' lang='grc' dir='ltr'>Εἰρήνην</span> <span class='ocrx_word' id='word_1_601' title='bbox 1055 4346 1155 4417; x_wconf 77' lang='grc' dir='ltr'><strong>τὴν</strong></span> <span class='ocrx_word' id='word_1_602' title='bbox 1188 4348 1326 4420; x_wconf 67' lang='grc' dir='ltr'>ἐμήν</span> <span class='ocrx_word' id='word_1_603' title='bbox 1356 4349 1560 4421; x_wconf 82' lang='grc' dir='ltr'>ἀφίημι</span> <span class='ocrx_word' id='word_1_604' title='bbox 1593 4352 1745 4423; x_wconf 83' lang='grc' dir='ltr'>ὑμῖν.</span> <span class='ocrx_word' id='word_1_605' title='bbox 1777 4373 1796 4406; x_wconf 72' lang='grc' dir='ltr'><strong>ι</strong></span> <span class='ocrx_word' id='word_1_606' title='bbox 1847 4356 1970 4410; x_wconf 77' lang='grc' dir='ltr'><strong>Ὀτι</strong></span> <span class='ocrx_word' id='word_1_607' title='bbox 2002 4357 2063 4411; x_wconf 68' lang='grc' dir='ltr'>δὲ</span> 
     </span>
    </p>
   </div>
   <div class='ocr_carea' id='block_1_77' title="bbox 482 4435 2057 4513">
    <p class='ocr_par' dir='ltr' id='par_1_77' title="bbox 482 4435 2057 4513">
     <span class='ocr_line' id='line_1_77' title="bbox 482 4435 2057 4513; baseline 0.008 -26"><span class='ocrx_word' id='word_1_608' title='bbox 482 4435 574 4488; x_wconf 80' lang='grc' dir='ltr'><strong>καὶ</strong></span> <span class='ocrx_word' id='word_1_609' title='bbox 604 4436 753 4505; x_wconf 79' lang='grc' dir='ltr'>παρὰ</span> <span class='ocrx_word' id='word_1_610' title='bbox 783 4437 893 4499; x_wconf 89' lang='grc' dir='ltr'>τοῖς</span> <span class='ocrx_word' id='word_1_611' title='bbox 923 4436 1097 4505; x_wconf 85' lang='grc' dir='ltr'>ἁγίοις</span> <span class='ocrx_word' id='word_1_612' title='bbox 1127 4439 1434 4509; x_wconf 79' lang='grc' dir='ltr'>προφήταις</span> <span class='ocrx_word' id='word_1_613' title='bbox 1462 4438 1608 4493; x_wconf 71' lang='grc' dir='ltr'>οὕτω</span> <span class='ocrx_word' id='word_1_614' title='bbox 1637 4443 2057 4513; x_wconf 84' lang='grc' dir='ltr'>κατωνόμασται</span> 
     </span>
    </p>
   </div>
   <div class='ocr_carea' id='block_1_78' title="bbox 2160 3255 3735 3326">
    <p class='ocr_par' dir='ltr' id='par_1_78' title="bbox 2160 3255 3735 3326">
     <span class='ocr_line' id='line_1_78' title="bbox 2160 3255 3735 3326; baseline 0.001 -17"><span class='ocrx_word' id='word_1_615' title='bbox 2160 3264 2325 3324; x_wconf 84' lang='lat' dir='ltr'><strong>atque</strong></span> <span class='ocrx_word' id='word_1_616' title='bbox 2358 3263 2594 3311; x_wconf 76' lang='lat' dir='ltr'><strong>Vocetun</strong></span> <span class='ocrx_word' id='word_1_617' title='bbox 2626 3255 2754 3326; x_wconf 87' lang='lat' dir='ltr'><strong>ejus</strong></span> <span class='ocrx_word' id='word_1_618' title='bbox 2787 3255 3051 3325; x_wconf 85' lang='lat' dir='ltr'><strong>Spiritus,</strong></span> <span class='ocrx_word' id='word_1_619' title='bbox 3088 3256 3341 3326; x_wconf 74' lang='lat' dir='ltr'><strong>Spiritus.</strong></span> <span class='ocrx_word' id='word_1_620' title='bbox 3367 3266 3454 3310; x_wconf 87' lang='lat' dir='ltr'><strong>est</strong></span> <span class='ocrx_word' id='word_1_621' title='bbox 3492 3258 3735 3322; x_wconf 63' lang='lat' dir='ltr'><strong>vitae.-ct</strong></span> 
     </span>
    </p>
   </div>
   <div class='ocr_carea' id='block_1_79' title="bbox 2160 3344 3731 3415">
    <p class='ocr_par' dir='ltr' id='par_1_79' title="bbox 2160 3344 3731 3415">
     <span class='ocr_line' id='line_1_79' title="bbox 2160 3344 3731 3415; baseline 0.001 -15"><span class='ocrx_word' id='word_1_622' title='bbox 2160 3346 2465 3415; x_wconf 58' lang='lat' dir='ltr'><strong>sapientia).</strong></span> <span class='ocrx_word' id='word_1_623' title='bbox 2518 3361 2582 3400; x_wconf 89' lang='lat' dir='ltr'><strong>ac</strong></span> <span class='ocrx_word' id='word_1_624' title='bbox 2623 3347 2843 3401; x_wconf 83' lang='lat' dir='ltr'><strong>virtutis</strong></span> <span class='ocrx_word' id='word_1_625' title='bbox 2893 3365 2908 3401; x_wconf 89' lang='lat'>:</span> <span class='ocrx_word' id='word_1_626' title='bbox 2952 3344 3027 3399; x_wconf 92' lang='lat' dir='ltr'><strong>ita</strong></span> <span class='ocrx_word' id='word_1_627' title='bbox 3071 3360 3196 3399; x_wconf 89' lang='lat' dir='ltr'><strong>cum</strong></span> <span class='ocrx_word' id='word_1_628' title='bbox 3232 3346 3304 3400; x_wconf 90' lang='lat' dir='ltr'><strong>sit</strong></span> <span class='ocrx_word' id='word_1_629' title='bbox 3341 3345 3458 3415; x_wconf 89' lang='lat' dir='ltr'><strong>ipse</strong></span> <span class='ocrx_word' id='word_1_630' title='bbox 3512 3357 3566 3401; x_wconf 87' lang='lat' dir='ltr'><strong>et</strong></span> <span class='ocrx_word' id='word_1_631' title='bbox 3622 3362 3731 3402; x_wconf 88' lang='lat' dir='ltr'><strong>non</strong></span> 
     </span>
    </p>
   </div>
   <div class='ocr_carea' id='block_1_80' title="bbox 2159 3436 3733 3509">
    <p class='ocr_par' dir='ltr' id='par_1_80' title="bbox 2159 3436 3733 3509">
     <span class='ocr_line' id='line_1_80' title="bbox 2159 3436 3733 3509; baseline 0.002 -17"><span class='ocrx_word' id='word_1_632' title='bbox 2159 3437 2301 3494; x_wconf 87' lang='lat' dir='ltr'><strong>alius</strong></span> <span class='ocrx_word' id='word_1_633' title='bbox 2327 3452 2457 3493; x_wconf 86' lang='lat' dir='ltr'><strong>vera</strong></span> <span class='ocrx_word' id='word_1_634' title='bbox 2474 3446 2537 3494; x_wconf 77' lang='lat' dir='ltr'><strong>.et</strong></span> <span class='ocrx_word' id='word_1_635' title='bbox 2583 3440 2813 3509; x_wconf 86' lang='lat' dir='ltr'><strong>propria</strong></span> <span class='ocrx_word' id='word_1_636' title='bbox 2859 3453 2986 3508; x_wconf 84' lang='lat' dir='ltr'><strong>pax,</strong></span> <span class='ocrx_word' id='word_1_637' title='bbox 3016 3437 3141 3507; x_wconf 76' lang='lat' dir='ltr'><strong>iure</strong></span> <span class='ocrx_word' id='word_1_638' title='bbox 3187 3436 3402 3492; x_wconf 89' lang='lat' dir='ltr'><strong>dicetur</strong></span> <span class='ocrx_word' id='word_1_639' title='bbox 3433 3453 3499 3492; x_wconf 82' lang='lat' dir='ltr'><strong>ac</strong></span> <span class='ocrx_word' id='word_1_640' title='bbox 3533 3454 3733 3495; x_wconf 88' lang='lat' dir='ltr'><strong>cense-</strong></span> 
     </span>
    </p>
   </div>
   <div class='ocr_carea' id='block_1_81' title="bbox 2159 3527 3731 3599">
    <p class='ocr_par' dir='ltr' id='par_1_81' title="bbox 2159 3527 3731 3599">
     <span class='ocr_line' id='line_1_81' title="bbox 2159 3527 3731 3599; baseline 0 -15"><span class='ocrx_word' id='word_1_641' title='bbox 2159 3529 2323 3584; x_wconf 76' lang='lat' dir='ltr'><strong>hitur.</strong></span> <span class='ocrx_word' id='word_1_642' title='bbox 2346 3529 2492 3585; x_wconf 84' lang='lat' dir='ltr'><strong>sicut</strong></span> <span class='ocrx_word' id='word_1_643' title='bbox 2540 3529 2659 3598; x_wconf 82' lang='lat' dir='ltr'><strong>ipse</strong></span> <span class='ocrx_word' id='word_1_644' title='bbox 2712 3544 2817 3599; x_wconf 87' lang='lat' dir='ltr'><strong>pax</strong></span> <span class='ocrx_word' id='word_1_645' title='bbox 2869 3527 3111 3599; x_wconf 88' lang='lat' dir='ltr'><strong>Spiritus</strong></span> <span class='ocrx_word' id='word_1_646' title='bbox 3157 3527 3296 3598; x_wconf 71' lang='lat' dir='ltr'><strong>eius.</strong></span> <span class='ocrx_word' id='word_1_647' title='bbox 3329 3528 3564 3599; x_wconf 82' lang='lat' dir='ltr'><strong>Ideoque</strong></span> <span class='ocrx_word' id='word_1_648' title='bbox 3619 3544 3731 3586; x_wconf 78' lang='lat' dir='ltr'><strong>sua:</strong></span> 
     </span>
    </p>
   </div>
   <div class='ocr_carea' id='block_1_82' title="bbox 2159 3620 3733 3692">
    <p class='ocr_par' dir='ltr' id='par_1_82' title="bbox 2159 3620 3733 3692">
     <span class='ocr_line' id='line_1_82' title="bbox 2159 3620 3733 3692; baseline -0.001 -16"><span class='ocrx_word' id='word_1_649' title='bbox 2159 3622 2336 3692; x_wconf 90' lang='lat' dir='ltr'><strong>ipsius</strong></span> <span class='ocrx_word' id='word_1_650' title='bbox 2379 3630 2589 3676; x_wconf 85' lang='lat' dir='ltr'><strong>naturae</strong></span> <span class='ocrx_word' id='word_1_651' title='bbox 2639 3621 2927 3690; x_wconf 57' lang='lat' dir='ltr'><strong>propriam.</strong></span> <span class='ocrx_word' id='word_1_652' title='bbox 2954 3634 3144 3691; x_wconf 80' lang='lat' dir='ltr'><strong>pacem</strong></span> <span class='ocrx_word' id='word_1_653' title='bbox 3193 3620 3545 3690; x_wconf 78' lang='lat' dir='ltr'><strong>peculiariter</strong></span> <span class='ocrx_word' id='word_1_654' title='bbox 3572 3623 3733 3676; x_wconf 88' lang='lat' dir='ltr'><strong>attri-</strong></span> 
     </span>
    </p>
   </div>
   <div class='ocr_carea' id='block_1_83' title="bbox 2159 3711 3732 3783">
    <p class='ocr_par' dir='ltr' id='par_1_83' title="bbox 2159 3711 3732 3783">
     <span class='ocr_line' id='line_1_83' title="bbox 2159 3711 3732 3783; baseline -0.003 -13"><span class='ocrx_word' id='word_1_655' title='bbox 2159 3715 2358 3781; x_wconf 87' lang='lat' dir='ltr'><strong>buens,</strong></span> <span class='ocrx_word' id='word_1_656' title='bbox 2411 3714 2466 3770; x_wconf 88' lang='lat' dir='ltr'><strong>id</strong></span> <span class='ocrx_word' id='word_1_657' title='bbox 2527 3720 2613 3770; x_wconf 87' lang='lat' dir='ltr'><strong>est</strong></span> <span class='ocrx_word' id='word_1_658' title='bbox 2660 3712 2961 3783; x_wconf 78' lang='lat' dir='ltr'><strong>Spiritum,</strong></span> <span class='ocrx_word' id='word_1_659' title='bbox 2998 3711 3072 3768; x_wconf 91' lang='lat' dir='ltr'><strong>de</strong></span> <span class='ocrx_word' id='word_1_660' title='bbox 3115 3712 3236 3781; x_wconf 84' lang='lat' dir='ltr'><strong>ipso</strong></span> <span class='ocrx_word' id='word_1_661' title='bbox 3290 3712 3368 3766; x_wconf 88' lang='lat' dir='ltr'><strong>ait</strong></span> <span class='ocrx_word' id='word_1_662' title='bbox 3406 3732 3419 3769; x_wconf 88' lang='lat'><strong>:</strong></span> <span class='ocrx_word' id='word_1_663' title='bbox 3461 3732 3480 3764; x_wconf 78' lang='grc' dir='ltr'><strong>ι</strong></span> <span class='ocrx_word' id='word_1_664' title='bbox 3531 3714 3732 3770; x_wconf 86' lang='lat' dir='ltr'><strong>Pacem</strong></span> 
     </span>
    </p>
   </div>
   <div class='ocr_carea' id='block_1_84' title="bbox 2161 3801 3734 3876">
    <p class='ocr_par' dir='ltr' id='par_1_84' title="bbox 2161 3801 3734 3876">
     <span class='ocr_line' id='line_1_84' title="bbox 2161 3801 3734 3876; baseline 0 -16"><span class='ocrx_word' id='word_1_665' title='bbox 2161 3820 2337 3861; x_wconf 81' lang='lat' dir='ltr'><strong>meam</strong></span> <span class='ocrx_word' id='word_1_666' title='bbox 2391 3805 2643 3876; x_wconf 80' lang='lat' dir='ltr'><strong>relinquo</strong></span> <span class='ocrx_word' id='word_1_667' title='bbox 2682 3804 2858 3860; x_wconf 81' lang='lat' dir='ltr'><strong>vobis.</strong></span> <span class='ocrx_word' id='word_1_668' title='bbox 2896 3822 2915 3856; x_wconf 74' lang='grc' dir='ltr'><strong>ι</strong></span> <span class='ocrx_word' id='word_1_669' title='bbox 2950 3801 3107 3869; x_wconf 87' lang='lat' dir='ltr'><strong>Quod</strong></span> <span class='ocrx_word' id='word_1_670' title='bbox 3151 3813 3333 3857; x_wconf 84' lang='lat' dir='ltr'><strong>autem</strong></span> <span class='ocrx_word' id='word_1_671' title='bbox 3378 3804 3546 3858; x_wconf 88' lang='lat' dir='ltr'><strong>etiam</strong></span> <span class='ocrx_word' id='word_1_672' title='bbox 3588 3804 3734 3874; x_wconf 86' lang='lat' dir='ltr'><strong>apud</strong></span> 
     </span>
    </p>
   </div>
   <div class='ocr_carea' id='block_1_85' title="bbox 2162 3893 3736 3967">
    <p class='ocr_par' dir='ltr' id='par_1_85' title="bbox 2162 3893 3736 3967">
     <span class='ocr_line' id='line_1_85' title="bbox 2162 3893 3736 3967; baseline -0.003 -16"><span class='ocrx_word' id='word_1_673' title='bbox 2162 3904 2386 3952; x_wconf 86' lang='lat' dir='ltr'><strong>sanctos</strong></span> <span class='ocrx_word' id='word_1_674' title='bbox 2416 3897 2713 3967; x_wconf 81' lang='lat' dir='ltr'><strong>prophetas</strong></span> <span class='ocrx_word' id='word_1_675' title='bbox 2762 3894 2836 3949; x_wconf 89' lang='lat' dir='ltr'><strong>ita</strong></span> <span class='ocrx_word' id='word_1_676' title='bbox 2867 3902 3221 3964; x_wconf 88' lang='lat' dir='ltr'><strong>nuncupatus</strong></span> <span class='ocrx_word' id='word_1_677' title='bbox 3264 3894 3336 3950; x_wconf 84' lang='lat' dir='ltr'><strong>sit</strong></span> <span class='ocrx_word' id='word_1_678' title='bbox 3373 3893 3583 3948; x_wconf 87' lang='lat' dir='ltr'><strong>Christi</strong></span> <span class='ocrx_word' id='word_1_679' title='bbox 3614 3894 3736 3964; x_wconf 62' lang='lat' dir='ltr'><strong>Spi.</strong></span> 
     </span>
    </p>
   </div>
   <div class='ocr_carea' id='block_1_86' title="bbox 2162 3983 3733 4055">
    <p class='ocr_par' dir='ltr' id='par_1_86' title="bbox 2162 3983 3733 4055">
     <span class='ocr_line' id='line_1_86' title="bbox 2162 3983 3733 4055; baseline -0.001 -14"><span class='ocrx_word' id='word_1_680' title='bbox 2162 3988 2323 4049; x_wconf 86' lang='lat' dir='ltr'><strong>ritus.</strong></span> <span class='ocrx_word' id='word_1_681' title='bbox 2351 4002 2417 4041; x_wconf 88' lang='lat' dir='ltr'><strong>ex</strong></span> <span class='ocrx_word' id='word_1_682' title='bbox 2454 3986 2613 4042; x_wconf 66' lang='lat' dir='ltr'><strong>Isaiae</strong></span> <span class='ocrx_word' id='word_1_683' title='bbox 2654 3985 2836 4041; x_wconf 86' lang='lat' dir='ltr'><strong>verbis</strong></span> <span class='ocrx_word' id='word_1_684' title='bbox 2881 3994 3035 4040; x_wconf 91' lang='lat' dir='ltr'><strong>recte</strong></span> <span class='ocrx_word' id='word_1_685' title='bbox 3078 3984 3394 4055; x_wconf 74' lang='lat' dir='ltr'><strong>intelliges:</strong></span> <span class='ocrx_word' id='word_1_686' title='bbox 3425 4002 3443 4035; x_wconf 79' lang='grc' dir='ltr'><strong>ι</strong></span> <span class='ocrx_word' id='word_1_687' title='bbox 3483 3983 3733 4047; x_wconf 79' lang='lat' dir='ltr'><strong>Damiue,</strong></span> 
     </span>
    </p>
   </div>
   <div class='ocr_carea' id='block_1_87' title="bbox 2161 4076 3735 4151">
    <p class='ocr_par' dir='ltr' id='par_1_87' title="bbox 2161 4076 3735 4151">
     <span class='ocr_line' id='line_1_87' title="bbox 2161 4076 3735 4151; baseline -0.002 -17"><span class='ocrx_word' id='word_1_688' title='bbox 2161 4079 2344 4151; x_wconf 91' lang='lat' dir='ltr'><strong>inquit</strong></span> <span class='ocrx_word' id='word_1_689' title='bbox 2375 4078 2543 4138; x_wconf 87' lang='lat' dir='ltr'><strong>enim,</strong></span> <span class='ocrx_word' id='word_1_690' title='bbox 2572 4077 2717 4134; x_wconf 90' lang='lat' dir='ltr'><strong>Deus</strong></span> <span class='ocrx_word' id='word_1_691' title='bbox 2747 4084 2960 4138; x_wconf 82' lang='lat' dir='ltr'><strong>noster,</strong></span> <span class='ocrx_word' id='word_1_692' title='bbox 2997 4092 3188 4146; x_wconf 90' lang='lat' dir='ltr'><strong>pacem</strong></span> <span class='ocrx_word' id='word_1_693' title='bbox 3216 4076 3285 4131; x_wconf 90' lang='lat' dir='ltr'><strong>da</strong></span> <span class='ocrx_word' id='word_1_694' title='bbox 3316 4077 3477 4132; x_wconf 90' lang='lat' dir='ltr'><strong>nobis</strong></span> <span class='ocrx_word' id='word_1_695' title='bbox 3507 4096 3518 4131; x_wconf 93' lang='lat'><strong>:</strong></span> <span class='ocrx_word' id='word_1_696' title='bbox 3550 4078 3735 4131; x_wconf 87' lang='lat' dir='ltr'><strong>omnia</strong></span> 
     </span>
    </p>
   </div>
   <div class='ocr_carea' id='block_1_88' title="bbox 2160 4168 3737 4234">
    <p class='ocr_par' dir='ltr' id='par_1_88' title="bbox 2160 4168 3737 4234">
     <span class='ocr_line' id='line_1_88' title="bbox 2160 4168 3737 4234; baseline -0.003 -6"><span class='ocrx_word' id='word_1_697' title='bbox 2160 4171 2304 4233; x_wconf 85' lang='lat' dir='ltr'><strong>enim</strong></span> <span class='ocrx_word' id='word_1_698' title='bbox 2358 4170 2644 4227; x_wconf 89' lang='lat' dir='ltr'><strong>reddidisti</strong></span> <span class='ocrx_word' id='word_1_699' title='bbox 2698 4171 2857 4227; x_wconf 88' lang='lat' dir='ltr'><strong>nobis</strong></span> <span class='ocrx_word' id='word_1_700' title='bbox 2877 4171 2945 4227; x_wconf 87' lang='grc'><strong>⁸⁷.</strong></span> <span class='ocrx_word' id='word_1_701' title='bbox 2990 4188 3009 4222; x_wconf 74' lang='grc' dir='ltr'><strong>ι</strong></span> <span class='ocrx_word' id='word_1_702' title='bbox 3053 4168 3225 4234; x_wconf 89' lang='lat' dir='ltr'><strong>Quasi</strong></span> <span class='ocrx_word' id='word_1_703' title='bbox 3271 4170 3418 4224; x_wconf 91' lang='lat' dir='ltr'><strong>enim</strong></span> <span class='ocrx_word' id='word_1_704' title='bbox 3465 4170 3552 4225; x_wconf 87' lang='lat' dir='ltr'><strong>lex</strong></span> <span class='ocrx_word' id='word_1_705' title='bbox 3599 4171 3737 4224; x_wconf 87' lang='lat' dir='ltr'><strong>nihil</strong></span> 
     </span>
    </p>
   </div>
   <div class='ocr_carea' id='block_1_89' title="bbox 2162 4261 3734 4334">
    <p class='ocr_par' dir='ltr' id='par_1_89' title="bbox 2162 4261 3734 4334">
     <span class='ocr_line' id='line_1_89' title="bbox 2162 4261 3734 4334; baseline -0.001 -16"><span class='ocrx_word' id='word_1_706' title='bbox 2162 4263 2243 4318; x_wconf 76' lang='lat' dir='ltr'><strong>ad</strong></span> <span class='ocrx_word' id='word_1_707' title='bbox 2267 4264 2566 4334; x_wconf 86' lang='lat' dir='ltr'><strong>perfectum</strong></span> <span class='ocrx_word' id='word_1_708' title='bbox 2601 4263 2911 4328; x_wconf 79' lang='lat' dir='ltr'><strong>adduxerit,</strong></span> <span class='ocrx_word' id='word_1_709' title='bbox 2957 4277 3137 4333; x_wconf 87' lang='lat' dir='ltr'><strong>neque</strong></span> <span class='ocrx_word' id='word_1_710' title='bbox 3173 4262 3311 4316; x_wconf 88' lang='lat' dir='ltr'><strong>adeo</strong></span> <span class='ocrx_word' id='word_1_711' title='bbox 3340 4261 3572 4317; x_wconf 76' lang='lat' dir='ltr'><strong>sufﬁciat</strong></span> <span class='ocrx_word' id='word_1_712' title='bbox 3611 4262 3734 4330; x_wconf 86' lang='lat' dir='ltr'><strong>ejus</strong></span> 
     </span>
    </p>
   </div>
   <div class='ocr_carea' id='block_1_90' title="bbox 2157 4353 3735 4424">
    <p class='ocr_par' dir='ltr' id='par_1_90' title="bbox 2157 4353 3735 4424">
     <span class='ocr_line' id='line_1_90' title="bbox 2157 4353 3735 4424; baseline -0.001 -14"><span class='ocrx_word' id='word_1_713' title='bbox 2157 4355 2401 4424; x_wconf 66' lang='lat' dir='ltr'><strong>iustitia,</strong></span> <span class='ocrx_word' id='word_1_714' title='bbox 2428 4368 2489 4410; x_wconf 82' lang='lat' dir='ltr'><strong>ut</strong></span> <span class='ocrx_word' id='word_1_715' title='bbox 2521 4355 2585 4409; x_wconf 87' lang='lat' dir='ltr'><strong>ad</strong></span> <span class='ocrx_word' id='word_1_716' title='bbox 2623 4355 2999 4424; x_wconf 84' lang='lat' dir='ltr'><strong>plenissimam</strong></span> <span class='ocrx_word' id='word_1_717' title='bbox 3022 4362 3078 4409; x_wconf 93' lang='lat' dir='ltr'><strong>et</strong></span> <span class='ocrx_word' id='word_1_718' title='bbox 3125 4353 3582 4423; x_wconf 85' lang='lat' dir='ltr'><strong>perfectissimam</strong></span> <span class='ocrx_word' id='word_1_719' title='bbox 3617 4355 3735 4422; x_wconf 89' lang='lat' dir='ltr'><strong>pie-</strong></span> 
     </span>
    </p>
   </div>
   <div class='ocr_carea' id='block_1_91' title="bbox 2163 4445 3732 4513">
    <p class='ocr_par' dir='ltr' id='par_1_91' title="bbox 2163 4445 3732 4513">
     <span class='ocr_line' id='line_1_91' title="bbox 2163 4445 3732 4513; baseline -0.003 -15"><span class='ocrx_word' id='word_1_720' title='bbox 2163 4455 2331 4501; x_wconf 86' lang='lat' dir='ltr'><strong>tatem</strong></span> <span class='ocrx_word' id='word_1_721' title='bbox 2389 4447 2662 4501; x_wconf 81' lang='lat' dir='ltr'><strong>hominem</strong></span> <span class='ocrx_word' id='word_1_722' title='bbox 2718 4455 2959 4508; x_wconf 83' lang='lat' dir='ltr'><strong>revocet,</strong></span> <span class='ocrx_word' id='word_1_723' title='bbox 3006 4446 3251 4499; x_wconf 86' lang='lat' dir='ltr'><strong>divinum</strong></span> <span class='ocrx_word' id='word_1_724' title='bbox 3311 4446 3429 4500; x_wconf 84' lang='lat' dir='ltr'><strong>dari</strong></span> <span class='ocrx_word' id='word_1_725' title='bbox 3471 4445 3732 4513; x_wconf 88' lang='lat' dir='ltr'><strong>Spiritum</strong></span> 
     </span>
    </p>
   </div>
   <div class='ocr_carea' id='block_1_92' title="bbox 479 4525 2056 4608">
    <p class='ocr_par' dir='ltr' id='par_1_92' title="bbox 479 4525 2056 4606">
     <span class='ocr_line' id='line_1_92' title="bbox 479 4525 2056 4606; baseline 0.008 -29"><span class='ocrx_word' id='word_1_726' title='bbox 479 4525 541 4578; x_wconf 67' lang='grc' dir='ltr'><strong>τ’)</strong></span> <span class='ocrx_word' id='word_1_727' title='bbox 574 4526 795 4595; x_wconf 79' lang='grc' dir='ltr'>Πνεῦμα</span> <span class='ocrx_word' id='word_1_728' title='bbox 820 4526 1078 4597; x_wconf 83' lang='grc' dir='ltr'>Χριστοῦ,</span> <span class='ocrx_word' id='word_1_729' title='bbox 1123 4529 1375 4598; x_wconf 86' lang='grc' dir='ltr'>συνήσεις</span> <span class='ocrx_word' id='word_1_730' title='bbox 1401 4525 1465 4582; x_wconf 83' lang='grc' dir='ltr'>εῦ</span> <span class='ocrx_word' id='word_1_731' title='bbox 1493 4529 1638 4600; x_wconf 80' lang='grc' dir='ltr'>μάλα</span> <span class='ocrx_word' id='word_1_732' title='bbox 1664 4531 1726 4585; x_wconf 72' lang='grc' dir='ltr'><strong>τὸ</strong></span> <span class='ocrx_word' id='word_1_733' title='bbox 1757 4533 1844 4587; x_wconf 81' lang='grc' dir='ltr'>διὰ</span> <span class='ocrx_word' id='word_1_734' title='bbox 1872 4536 2056 4606; x_wconf 84' lang='grc' dir='ltr'>φωνῆς</span> 
     </span>
    </p>
   </div>
   <div class='ocr_carea' id='block_1_93' title="bbox 2157 4525 3735 4608">
    <p class='ocr_par' dir='ltr' id='par_1_93' title="bbox 2169 4537 3735 4608">
     <span class='ocr_line' id='line_1_93' title="bbox 2169 4537 3735 4608; baseline -0.001 -17"><span class='ocrx_word' id='word_1_735' title='bbox 2169 4537 2399 4606; x_wconf 78' lang='lat' dir='ltr'><strong>ﬂagitat,</strong></span> <span class='ocrx_word' id='word_1_736' title='bbox 2444 4552 2539 4608; x_wconf 85' lang='lat' dir='ltr'><strong>per</strong></span> <span class='ocrx_word' id='word_1_737' title='bbox 2585 4553 2745 4607; x_wconf 90' lang='lat' dir='ltr'><strong>quem</strong></span> <span class='ocrx_word' id='word_1_738' title='bbox 2806 4537 3145 4592; x_wconf 86' lang='lat' dir='ltr'><strong>reconciliati</strong></span> <span class='ocrx_word' id='word_1_739' title='bbox 3204 4538 3314 4593; x_wconf 91' lang='lat' dir='ltr'><strong>Deo</strong></span> <span class='ocrx_word' id='word_1_740' title='bbox 3360 4553 3424 4591; x_wconf 90' lang='lat' dir='ltr'><strong>ac</strong></span> <span class='ocrx_word' id='word_1_741' title='bbox 3482 4537 3630 4590; x_wconf 86' lang='lat' dir='ltr'><strong>Patri</strong></span> <span class='ocrx_word' id='word_1_742' title='bbox 3669 4538 3735 4590; x_wconf 83' lang='lat' dir='ltr'><strong>ad</strong></span> 
     </span>
    </p>
   </div>
   <div class='ocr_carea' id='block_1_94' title="bbox 491 4614 2057 4695">
    <p class='ocr_par' dir='ltr' id='par_1_94' title="bbox 491 4614 2057 4695">
     <span class='ocr_line' id='line_1_94' title="bbox 491 4614 2057 4695; baseline 0.006 -28"><span class='ocrx_word' id='word_1_743' title='bbox 491 4615 718 4667; x_wconf 70' lang='grc' dir='ltr'>Ἠσαίου</span> <span class='ocrx_word' id='word_1_744' title='bbox 763 4615 947 4684; x_wconf 84' lang='grc' dir='ltr'>μαθών</span> <span class='ocrx_word' id='word_1_745' title='bbox 969 4631 983 4645; x_wconf 88' lang='grc'><strong>·</strong></span> <span class='ocrx_word' id='word_1_746' title='bbox 1023 4634 1042 4666; x_wconf 80' lang='grc' dir='ltr'><strong>ι</strong></span> <span class='ocrx_word' id='word_1_747' title='bbox 1066 4614 1239 4685; x_wconf 78' lang='grc' dir='ltr'>Κύριε</span> <span class='ocrx_word' id='word_1_748' title='bbox 1270 4615 1398 4687; x_wconf 79' lang='grc' dir='ltr'>γὰρ,</span> <span class='ocrx_word' id='word_1_749' title='bbox 1433 4619 1618 4688; x_wconf 74' lang='grc' dir='ltr'>φησὶν,</span> <span class='ocrx_word' id='word_1_750' title='bbox 1652 4619 1681 4672; x_wconf 85' lang='grc' dir='ltr'><strong>ό</strong></span> <span class='ocrx_word' id='word_1_751' title='bbox 1709 4620 1842 4681; x_wconf 82' lang='grc' dir='ltr'><strong>Θεὸς</strong></span> <span class='ocrx_word' id='word_1_752' title='bbox 1876 4624 2057 4695; x_wconf 84' lang='grc' dir='ltr'>ήμῶν,</span> 
     </span>
    </p>
   </div>
   <div class='ocr_carea' id='block_1_95' title="bbox 480 4703 2064 4781">
    <p class='ocr_par' dir='ltr' id='par_1_95' title="bbox 480 4703 2064 4781">
     <span class='ocr_line' id='line_1_95' title="bbox 480 4703 2064 4781; baseline 0.008 -27"><span class='ocrx_word' id='word_1_753' title='bbox 480 4704 704 4774; x_wconf 87' lang='grc' dir='ltr'>εἰρήνην</span> <span class='ocrx_word' id='word_1_754' title='bbox 733 4703 820 4766; x_wconf 84' lang='grc' dir='ltr'>δὸς</span> <span class='ocrx_word' id='word_1_755' title='bbox 848 4705 978 4773; x_wconf 89' lang='grc' dir='ltr'>ήμῖν</span> <span class='ocrx_word' id='word_1_756' title='bbox 1004 4720 1018 4734; x_wconf 87' lang='grc'><strong>·</strong></span> <span class='ocrx_word' id='word_1_757' title='bbox 1052 4703 1229 4758; x_wconf 83' lang='grc' dir='ltr'>πάντα</span> <span class='ocrx_word' id='word_1_758' title='bbox 1259 4704 1369 4775; x_wconf 86' lang='grc' dir='ltr'><strong>γὰρ</strong></span> <span class='ocrx_word' id='word_1_759' title='bbox 1397 4706 1683 4772; x_wconf 82' lang='grc' dir='ltr'>ἀπέδωκας</span> <span class='ocrx_word' id='word_1_760' title='bbox 1713 4711 1863 4781; x_wconf 85' lang='grc' dir='ltr'>ήμῖν.</span> <span class='ocrx_word' id='word_1_761' title='bbox 1896 4730 1917 4763; x_wconf 70' lang='grc' dir='ltr'><strong>ι</strong></span> <span class='ocrx_word' id='word_1_762' title='bbox 1974 4713 2064 4778; x_wconf 85' lang='grc' dir='ltr'>Ὠς</span> 
     </span>
    </p>
   </div>
   <div class='ocr_carea' id='block_1_96' title="bbox 481 4795 2062 4875">
    <p class='ocr_par' dir='ltr' id='par_1_96' title="bbox 481 4795 2062 4875">
     <span class='ocr_line' id='line_1_96' title="bbox 481 4795 2062 4875; baseline 0.004 -25"><span class='ocrx_word' id='word_1_763' title='bbox 481 4798 590 4866; x_wconf 79' lang='grc' dir='ltr'>γὰρ</span> <span class='ocrx_word' id='word_1_764' title='bbox 621 4797 773 4851; x_wconf 76' lang='grc' dir='ltr'>οὐδὲν</span> <span class='ocrx_word' id='word_1_765' title='bbox 801 4796 897 4851; x_wconf 85' lang='grc' dir='ltr'><strong>τοῦ</strong></span> <span class='ocrx_word' id='word_1_766' title='bbox 932 4795 1100 4867; x_wconf 82' lang='grc' dir='ltr'>νόμου</span> <span class='ocrx_word' id='word_1_767' title='bbox 1130 4797 1562 4864; x_wconf 80' lang='grc' dir='ltr'>τετελειωκότος,</span> <span class='ocrx_word' id='word_1_768' title='bbox 1604 4799 1728 4853; x_wconf 78' lang='grc' dir='ltr'>οὗτε</span> <span class='ocrx_word' id='word_1_769' title='bbox 1761 4803 1868 4874; x_wconf 82' lang='grc' dir='ltr'>μὴν</span> <span class='ocrx_word' id='word_1_770' title='bbox 1900 4804 2062 4875; x_wconf 77' lang='grc' dir='ltr'>ἐξαρ-</span> 
     </span>
    </p>
   </div>
   <div class='ocr_carea' id='block_1_97' title="bbox 483 4886 2063 4966">
    <p class='ocr_par' dir='ltr' id='par_1_97' title="bbox 483 4886 2063 4966">
     <span class='ocr_line' id='line_1_97' title="bbox 483 4886 2063 4966; baseline 0.007 -29"><span class='ocrx_word' id='word_1_771' title='bbox 483 4886 686 4956; x_wconf 80' lang='grc' dir='ltr'>κοῦσης</span> <span class='ocrx_word' id='word_1_772' title='bbox 713 4887 812 4958; x_wconf 85' lang='grc' dir='ltr'>τῆς</span> <span class='ocrx_word' id='word_1_773' title='bbox 850 4886 970 4940; x_wconf 86' lang='grc' dir='ltr'>κατ’</span> <span class='ocrx_word' id='word_1_774' title='bbox 1001 4888 1166 4941; x_wconf 84' lang='grc' dir='ltr'>αὑτὸν</span> <span class='ocrx_word' id='word_1_775' title='bbox 1192 4888 1540 4959; x_wconf 79' lang='grc' dir='ltr'>δικαιοσύνης</span> <span class='ocrx_word' id='word_1_776' title='bbox 1574 4891 1652 4954; x_wconf 89' lang='grc' dir='ltr'><strong>εἰς</strong></span> <span class='ocrx_word' id='word_1_777' title='bbox 1683 4892 2063 4966; x_wconf 79' lang='grc' dir='ltr'>πληρεστάτην</span> 
     </span>
    </p>
   </div>
   <div class='ocr_carea' id='block_1_98' title="bbox 484 4979 2064 5058">
    <p class='ocr_par' dir='ltr' id='par_1_98' title="bbox 484 4979 2064 5058">
     <span class='ocr_line' id='line_1_98' title="bbox 484 4979 2064 5058; baseline 0.008 -27"><span class='ocrx_word' id='word_1_778' title='bbox 484 4979 765 5033; x_wconf 76' lang='grc' dir='ltr'>εὗσέόειαν</span> <span class='ocrx_word' id='word_1_779' title='bbox 790 4981 1122 5051; x_wconf 84' lang='grc' dir='ltr'>ἀνακομίσαι</span> <span class='ocrx_word' id='word_1_780' title='bbox 1168 4982 1259 5034; x_wconf 88' lang='grc' dir='ltr'>τὸν</span> <span class='ocrx_word' id='word_1_781' title='bbox 1289 4982 1593 5054; x_wconf 77' lang='grc' dir='ltr'>ἄνθρωπον,</span> <span class='ocrx_word' id='word_1_782' title='bbox 1636 4985 1697 5039; x_wconf 77' lang='grc' dir='ltr'>τὸ</span> <span class='ocrx_word' id='word_1_783' title='bbox 1744 4986 1974 5058; x_wconf 86' lang='grc' dir='ltr'>Πνεῦμα</span> <span class='ocrx_word' id='word_1_784' title='bbox 2000 4990 2064 5043; x_wconf 75' lang='grc' dir='ltr'>τὸ</span> 
     </span>
    </p>
   </div>
   <div class='ocr_carea' id='block_1_99' title="bbox 483 5068 2063 5152">
    <p class='ocr_par' dir='ltr' id='par_1_99' title="bbox 483 5068 2063 5152">
     <span class='ocr_line' id='line_1_99' title="bbox 483 5068 2063 5152; baseline 0.01 -32"><span class='ocrx_word' id='word_1_785' title='bbox 483 5070 624 5123; x_wconf 61' lang='grc' dir='ltr'>οτῖον</span> <span class='ocrx_word' id='word_1_786' title='bbox 669 5072 886 5142; x_wconf 83' lang='grc' dir='ltr'>δοθῆναι</span> <span class='ocrx_word' id='word_1_787' title='bbox 933 5073 1274 5145; x_wconf 84' lang='grc' dir='ltr'>παρακαλεῖ,</span> <span class='ocrx_word' id='word_1_788' title='bbox 1317 5075 1383 5129; x_wconf 89' lang='grc' dir='ltr'><strong>δι’</strong></span> <span class='ocrx_word' id='word_1_789' title='bbox 1422 5068 1482 5129; x_wconf 76' lang='grc' dir='ltr'>οὗ</span> <span class='ocrx_word' id='word_1_790' title='bbox 1518 5078 1955 5151; x_wconf 85' lang='grc' dir='ltr'>κατηλλαγμένοι</span> <span class='ocrx_word' id='word_1_791' title='bbox 1983 5082 2063 5152; x_wconf 87' lang='grc' dir='ltr'>τῷ</span> 
     </span>
    </p>
   </div>
   <div class='ocr_carea' id='block_1_100' title="bbox 482 5162 2063 5241">
    <p class='ocr_par' dir='ltr' id='par_1_100' title="bbox 482 5162 2063 5241">
     <span class='ocr_line' id='line_1_100' title="bbox 482 5162 2063 5241; baseline 0.009 -27"><span class='ocrx_word' id='word_1_792' title='bbox 482 5162 603 5234; x_wconf 80' lang='grc' dir='ltr'><strong>Θεῷ</strong></span> <span class='ocrx_word' id='word_1_793' title='bbox 628 5164 721 5217; x_wconf 73' lang='grc' dir='ltr'><strong>καὶ</strong></span> <span class='ocrx_word' id='word_1_794' title='bbox 741 5165 915 5234; x_wconf 86' lang='grc' dir='ltr'>Πατρί</span> <span class='ocrx_word' id='word_1_795' title='bbox 946 5165 1083 5237; x_wconf 83' lang='grc' dir='ltr'>πρὸς</span> <span class='ocrx_word' id='word_1_796' title='bbox 1116 5167 1297 5235; x_wconf 82' lang='grc' dir='ltr'>φιλίαν</span> <span class='ocrx_word' id='word_1_797' title='bbox 1324 5169 1765 5240; x_wconf 83' lang='grc' dir='ltr'>ἀνακεκλήμεοα,</span> <span class='ocrx_word' id='word_1_798' title='bbox 1797 5171 2063 5241; x_wconf 86' lang='grc' dir='ltr'>δραπέται</span> 
     </span>
    </p>
   </div>
   <div class='ocr_carea' id='block_1_101' title="bbox 481 5254 2061 5331">
    <p class='ocr_par' dir='ltr' id='par_1_101' title="bbox 481 5254 2061 5331">
     <span class='ocr_line' id='line_1_101' title="bbox 481 5254 2061 5331; baseline 0.007 -25"><span class='ocrx_word' id='word_1_799' title='bbox 481 5254 544 5306; x_wconf 79' lang='grc' dir='ltr'>τὸ</span> <span class='ocrx_word' id='word_1_800' title='bbox 572 5258 698 5326; x_wconf 78' lang='grc' dir='ltr'>πρὶν</span> <span class='ocrx_word' id='word_1_801' title='bbox 730 5256 1162 5326; x_wconf 84' lang='grc' dir='ltr'>ἀναδεδειγμένοι</span> <span class='ocrx_word' id='word_1_802' title='bbox 1191 5258 1278 5311; x_wconf 79' lang='grc' dir='ltr'><strong>διὰ</strong></span> <span class='ocrx_word' id='word_1_803' title='bbox 1308 5259 1408 5330; x_wconf 84' lang='grc' dir='ltr'>τὴν</span> <span class='ocrx_word' id='word_1_804' title='bbox 1433 5261 1517 5328; x_wconf 75' lang='grc' dir='ltr'><strong>ἐφ’</strong></span> <span class='ocrx_word' id='word_1_805' title='bbox 1551 5261 1697 5330; x_wconf 77' lang='grc' dir='ltr'>ἡμᾶς</span> <span class='ocrx_word' id='word_1_806' title='bbox 1747 5261 2061 5331; x_wconf 80' lang='grc' dir='ltr'>βασιλεύου-</span> 
     </span>
    </p>
   </div>
   <div class='ocr_carea' id='block_1_102' title="bbox 487 5348 2058 5426">
    <p class='ocr_par' dir='ltr' id='par_1_102' title="bbox 487 5348 2058 5426">
     <span class='ocr_line' id='line_1_102' title="bbox 487 5348 2058 5426; baseline 0.008 -28"><span class='ocrx_word' id='word_1_807' title='bbox 487 5363 586 5399; x_wconf 84' lang='grc' dir='ltr'><strong>σαν</strong></span> <span class='ocrx_word' id='word_1_808' title='bbox 645 5348 939 5418; x_wconf 84' lang='grc' dir='ltr'>ἁμαρτίαν.</span> <span class='ocrx_word' id='word_1_809' title='bbox 988 5348 1087 5412; x_wconf 80' lang='grc' dir='ltr'><strong>Δὸς</strong></span> <span class='ocrx_word' id='word_1_810' title='bbox 1136 5350 1426 5422; x_wconf 89' lang='grc' dir='ltr'>τοιγαροῦν</span> <span class='ocrx_word' id='word_1_811' title='bbox 1478 5350 1577 5422; x_wconf 85' lang='grc' dir='ltr'>τὴν</span> <span class='ocrx_word' id='word_1_812' title='bbox 1623 5354 1845 5425; x_wconf 82' lang='grc' dir='ltr'>εἰρήνην</span> <span class='ocrx_word' id='word_1_813' title='bbox 1891 5358 2058 5426; x_wconf 83' lang='grc' dir='ltr'>ἡμῖν,</span> 
     </span>
    </p>
   </div>
   <div class='ocr_carea' id='block_1_103' title="bbox 485 5433 2123 5516">
    <p class='ocr_par' dir='ltr' id='par_1_103' title="bbox 485 5433 2123 5516">
     <span class='ocr_line' id='line_1_103' title="bbox 485 5433 2123 5516; baseline 0.007 -26"><span class='ocrx_word' id='word_1_814' title='bbox 485 5440 674 5507; x_wconf 67' lang='grc' dir='ltr'>φησιν,</span> <span class='ocrx_word' id='word_1_815' title='bbox 713 5433 756 5493; x_wconf 83' lang='grc' dir='ltr'>ὧ</span> <span class='ocrx_word' id='word_1_816' title='bbox 782 5442 1045 5506; x_wconf 86' lang='grc' dir='ltr'>Δέσποτα,</span> <span class='ocrx_word' id='word_1_817' title='bbox 1081 5442 1258 5496; x_wconf 86' lang='grc' dir='ltr'>πάντα</span> <span class='ocrx_word' id='word_1_818' title='bbox 1285 5443 1393 5512; x_wconf 73' lang='grc' dir='ltr'><strong>γὰρ</strong></span> <span class='ocrx_word' id='word_1_819' title='bbox 1429 5443 1717 5509; x_wconf 81' lang='grc' dir='ltr'>ἀπέδωκας</span> <span class='ocrx_word' id='word_1_820' title='bbox 1747 5447 1897 5516; x_wconf 86' lang='grc' dir='ltr'>ἡμῖν.</span> <span class='ocrx_word' id='word_1_821' title='bbox 1949 5448 2060 5501; x_wconf 73' lang='grc' dir='ltr'><strong>Καὶ</strong></span> <span class='ocrx_word' id='word_1_822' title='bbox 2118 5434 2123 5437; x_wconf 35' lang='grc'><strong>⁷</strong></span> 
     </span>
    </p>
   </div>
   <div class='ocr_carea' id='block_1_104' title="bbox 486 5527 2059 5603">
    <p class='ocr_par' dir='ltr' id='par_1_104' title="bbox 486 5527 2059 5603">
     <span class='ocr_line' id='line_1_104' title="bbox 486 5527 2059 5603; baseline 0.006 -21"><span class='ocrx_word' id='word_1_823' title='bbox 486 5530 514 5582; x_wconf 81' lang='grc' dir='ltr'><strong>δ</strong></span> <span class='ocrx_word' id='word_1_824' title='bbox 566 5527 809 5599; x_wconf 80' lang='grc' dir='ltr'>βούλεται</span> <span class='ocrx_word' id='word_1_825' title='bbox 859 5531 1051 5602; x_wconf 85' lang='grc' dir='ltr'>δηλοῦν</span> <span class='ocrx_word' id='word_1_826' title='bbox 1099 5528 1238 5585; x_wconf 77' lang='grc' dir='ltr'><strong>εἷναί</strong></span> <span class='ocrx_word' id='word_1_827' title='bbox 1292 5550 1437 5603; x_wconf 83' lang='grc' dir='ltr'>φημι</span> <span class='ocrx_word' id='word_1_828' title='bbox 1493 5534 1767 5589; x_wconf 86' lang='grc' dir='ltr'>τοιοῦτον·</span> <span class='ocrx_word' id='word_1_829' title='bbox 1828 5539 2059 5602; x_wconf 85' lang='grc' dir='ltr'>Ἐπίδος,</span> 
     </span>
    </p>
   </div>
   <div class='ocr_carea' id='block_1_105' title="bbox 485 5616 2055 5700">
    <p class='ocr_par' dir='ltr' id='par_1_105' title="bbox 485 5616 2055 5700">
     <span class='ocr_line' id='line_1_105' title="bbox 485 5616 2055 5700; baseline 0.005 -26"><span class='ocrx_word' id='word_1_830' title='bbox 485 5616 742 5693; x_wconf 81' lang='grc' dir='ltr'>φησίν,ὦ</span> <span class='ocrx_word' id='word_1_831' title='bbox 785 5622 1049 5689; x_wconf 80' lang='grc' dir='ltr'>Δέσποτα,</span> <span class='ocrx_word' id='word_1_832' title='bbox 1094 5625 1192 5696; x_wconf 78' lang='grc' dir='ltr'>τὴν</span> <span class='ocrx_word' id='word_1_833' title='bbox 1239 5627 1482 5697; x_wconf 83' lang='grc' dir='ltr'>εἰρήνην.</span> <span class='ocrx_word' id='word_1_834' title='bbox 1538 5627 1722 5681; x_wconf 83' lang='grc' dir='ltr'>Πάντα</span> <span class='ocrx_word' id='word_1_835' title='bbox 1762 5629 1869 5699; x_wconf 84' lang='grc' dir='ltr'><strong>γὰρ</strong></span> <span class='ocrx_word' id='word_1_836' title='bbox 1913 5629 2055 5700; x_wconf 82' lang='grc' dir='ltr'>ἔχειν</span> 
     </span>
    </p>
   </div>
   <div class='ocr_carea' id='block_1_106' title="bbox 2163 4628 3733 4699">
    <p class='ocr_par' dir='ltr' id='par_1_106' title="bbox 2163 4628 3733 4699">
     <span class='ocr_line' id='line_1_106' title="bbox 2163 4628 3733 4699; baseline 0.001 -19"><span class='ocrx_word' id='word_1_837' title='bbox 2163 4628 2459 4682; x_wconf 80' lang='lat' dir='ltr'><strong>amicitiam</strong></span> <span class='ocrx_word' id='word_1_838' title='bbox 2504 4630 2742 4683; x_wconf 89' lang='lat' dir='ltr'><strong>revocati</strong></span> <span class='ocrx_word' id='word_1_839' title='bbox 2777 4644 2992 4694; x_wconf 89' lang='lat' dir='ltr'><strong>sumus,</strong></span> <span class='ocrx_word' id='word_1_840' title='bbox 3022 4630 3113 4698; x_wconf 91' lang='lat' dir='ltr'><strong>qui</strong></span> <span class='ocrx_word' id='word_1_841' title='bbox 3155 4638 3372 4699; x_wconf 78' lang='lat' dir='ltr'><strong>propter</strong></span> <span class='ocrx_word' id='word_1_842' title='bbox 3406 4644 3643 4698; x_wconf 74' lang='lat' dir='ltr'><strong>regnans</strong></span> <span class='ocrx_word' id='word_1_843' title='bbox 3680 4629 3733 4682; x_wconf 87' lang='lat' dir='ltr'><strong>in</strong></span> 
     </span>
    </p>
   </div>
   <div class='ocr_carea' id='block_1_107' title="bbox 2163 4717 3733 4790">
    <p class='ocr_par' dir='ltr' id='par_1_107' title="bbox 2163 4717 3733 4790">
     <span class='ocr_line' id='line_1_107' title="bbox 2163 4717 3733 4790; baseline -0.002 -16"><span class='ocrx_word' id='word_1_844' title='bbox 2163 4734 2264 4774; x_wconf 86' lang='lat' dir='ltr'><strong>nos</strong></span> <span class='ocrx_word' id='word_1_845' title='bbox 2297 4728 2586 4789; x_wconf 88' lang='lat' dir='ltr'><strong>peccatum</strong></span> <span class='ocrx_word' id='word_1_846' title='bbox 2636 4718 2852 4790; x_wconf 79' lang='lat' dir='ltr'><strong>fugitivi</strong></span> <span class='ocrx_word' id='word_1_847' title='bbox 2894 4719 3050 4790; x_wconf 90' lang='lat' dir='ltr'><strong>prius</strong></span> <span class='ocrx_word' id='word_1_848' title='bbox 3094 4734 3334 4774; x_wconf 89' lang='lat' dir='ltr'><strong>eramus.</strong></span> <span class='ocrx_word' id='word_1_849' title='bbox 3376 4736 3394 4768; x_wconf 78' lang='grc' dir='ltr'><strong>ι</strong></span> <span class='ocrx_word' id='word_1_850' title='bbox 3432 4717 3506 4771; x_wconf 88' lang='lat' dir='ltr'><strong>Da</strong></span> <span class='ocrx_word' id='word_1_851' title='bbox 3546 4733 3733 4785; x_wconf 86' lang='lat' dir='ltr'><strong>pacem</strong></span> 
     </span>
    </p>
   </div>
   <div class='ocr_carea' id='block_1_108' title="bbox 2163 4809 3734 4883">
    <p class='ocr_par' dir='ltr' id='par_1_108' title="bbox 2163 4809 3734 4883">
     <span class='ocr_line' id='line_1_108' title="bbox 2163 4809 3734 4883; baseline -0.001 -18"><span class='ocrx_word' id='word_1_852' title='bbox 2163 4814 2323 4867; x_wconf 88' lang='lat' dir='ltr'><strong>nobis</strong></span> <span class='ocrx_word' id='word_1_853' title='bbox 2371 4812 2567 4883; x_wconf 75' lang='lat' dir='ltr'><strong>igitur,</strong></span> <span class='ocrx_word' id='word_1_854' title='bbox 2608 4828 2641 4867; x_wconf 89' lang='grc' dir='ltr'>ο</span> <span class='ocrx_word' id='word_1_855' title='bbox 2681 4811 2911 4867; x_wconf 91' lang='lat' dir='ltr'><strong>Domine</strong></span> <span class='ocrx_word' id='word_1_856' title='bbox 2961 4832 2975 4867; x_wconf 88' lang='lat'><strong>:</strong></span> <span class='ocrx_word' id='word_1_857' title='bbox 3008 4813 3205 4868; x_wconf 43' lang='lat' dir='ltr'><strong>omnia.</strong></span> <span class='ocrx_word' id='word_1_858' title='bbox 3246 4811 3391 4864; x_wconf 90' lang='lat' dir='ltr'><strong>enim</strong></span> <span class='ocrx_word' id='word_1_859' title='bbox 3447 4809 3734 4865; x_wconf 85' lang='lat' dir='ltr'><strong>reddidisti</strong></span> 
     </span>
    </p>
   </div>
   <div class='ocr_carea' id='block_1_109' title="bbox 2163 4900 3735 4970">
    <p class='ocr_par' dir='ltr' id='par_1_109' title="bbox 2163 4900 3735 4970">
     <span class='ocr_line' id='line_1_109' title="bbox 2163 4900 3735 4970; baseline -0.001 -13"><span class='ocrx_word' id='word_1_860' title='bbox 2163 4905 2346 4959; x_wconf 84' lang='lat' dir='ltr'><strong>nobis.</strong></span> <span class='ocrx_word' id='word_1_861' title='bbox 2382 4923 2399 4955; x_wconf 76' lang='grc' dir='ltr'><strong>ι</strong></span> <span class='ocrx_word' id='word_1_862' title='bbox 2435 4903 2581 4959; x_wconf 86' lang='lat' dir='ltr'><strong>idem</strong></span> <span class='ocrx_word' id='word_1_863' title='bbox 2613 4913 2697 4959; x_wconf 89' lang='lat' dir='ltr'><strong>est</strong></span> <span class='ocrx_word' id='word_1_864' title='bbox 2734 4920 2801 4959; x_wconf 88' lang='lat' dir='ltr'><strong>ac</strong></span> <span class='ocrx_word' id='word_1_865' title='bbox 2832 4905 2877 4960; x_wconf 92' lang='lat' dir='ltr'><strong>si</strong></span> <span class='ocrx_word' id='word_1_866' title='bbox 2907 4906 3113 4960; x_wconf 89' lang='lat' dir='ltr'><strong>diceret</strong></span> <span class='ocrx_word' id='word_1_867' title='bbox 3145 4920 3156 4955; x_wconf 90' lang='lat'>:</span> <span class='ocrx_word' id='word_1_868' title='bbox 3194 4902 3290 4967; x_wconf 90' lang='lat' dir='ltr'><strong>Da,</strong></span> <span class='ocrx_word' id='word_1_869' title='bbox 3333 4901 3530 4970; x_wconf 89' lang='lat' dir='ltr'><strong>inquit,</strong></span> <span class='ocrx_word' id='word_1_870' title='bbox 3564 4918 3596 4955; x_wconf 92' lang='grc' dir='ltr'>ο</span> <span class='ocrx_word' id='word_1_871' title='bbox 3629 4900 3735 4955; x_wconf 75' lang='grc' dir='ltr'>Πυο</span> 
     </span>
    </p>
   </div>
   <div class='ocr_carea' id='block_1_110' title="bbox 2166 4993 3736 5066">
    <p class='ocr_par' dir='ltr' id='par_1_110' title="bbox 2166 4993 3736 5066">
     <span class='ocr_line' id='line_1_110' title="bbox 2166 4993 3736 5066; baseline -0.001 -17"><span class='ocrx_word' id='word_1_872' title='bbox 2166 4997 2331 5056; x_wconf 83' lang='lat' dir='ltr'><strong>mine,</strong></span> <span class='ocrx_word' id='word_1_873' title='bbox 2363 5011 2573 5066; x_wconf 85' lang='lat' dir='ltr'><strong>pacem.</strong></span> <span class='ocrx_word' id='word_1_874' title='bbox 2619 4995 2817 5051; x_wconf 91' lang='lat' dir='ltr'><strong>Omnia</strong></span> <span class='ocrx_word' id='word_1_875' title='bbox 2864 4997 3009 5052; x_wconf 85' lang='lat' dir='ltr'><strong>enim</strong></span> <span class='ocrx_word' id='word_1_876' title='bbox 3042 5003 3175 5050; x_wconf 91' lang='lat' dir='ltr'><strong>tunc</strong></span> <span class='ocrx_word' id='word_1_877' title='bbox 3210 5009 3312 5048; x_wconf 84' lang='lat' dir='ltr'><strong>nos</strong></span> <span class='ocrx_word' id='word_1_878' title='bbox 3348 4994 3551 5048; x_wconf 87' lang='lat' dir='ltr'><strong>habere</strong></span> <span class='ocrx_word' id='word_1_879' title='bbox 3598 4993 3736 5049; x_wconf 84' lang='lat' dir='ltr'><strong>fate-</strong></span> 
     </span>
    </p>
   </div>
   <div class='ocr_carea' id='block_1_111' title="bbox 2164 5086 3738 5159">
    <p class='ocr_par' dir='ltr' id='par_1_111' title="bbox 2164 5086 3738 5159">
     <span class='ocr_line' id='line_1_111' title="bbox 2164 5086 3738 5159; baseline -0.001 -18"><span class='ocrx_word' id='word_1_880' title='bbox 2164 5088 2367 5151; x_wconf 87' lang='lat' dir='ltr'><strong>bimur,</strong></span> <span class='ocrx_word' id='word_1_881' title='bbox 2396 5088 2644 5159; x_wconf 86' lang='lat' dir='ltr'><strong>nihilque</strong></span> <span class='ocrx_word' id='word_1_882' title='bbox 2678 5090 2807 5144; x_wconf 89' lang='lat' dir='ltr'><strong>boni</strong></span> <span class='ocrx_word' id='word_1_883' title='bbox 2856 5091 3051 5145; x_wconf 88' lang='lat' dir='ltr'><strong>deesse</strong></span> <span class='ocrx_word' id='word_1_884' title='bbox 3080 5088 3353 5143; x_wconf 82' lang='lat' dir='ltr'><strong>videbitur</strong></span> <span class='ocrx_word' id='word_1_885' title='bbox 3390 5086 3438 5139; x_wconf 93' lang='lat' dir='ltr'><strong>ei</strong></span> <span class='ocrx_word' id='word_1_886' title='bbox 3485 5086 3577 5155; x_wconf 88' lang='lat' dir='ltr'><strong>qui</strong></span> <span class='ocrx_word' id='word_1_887' title='bbox 3621 5087 3738 5153; x_wconf 85' lang='lat' dir='ltr'><strong>ple-</strong></span> 
     </span>
    </p>
   </div>
   <div class='ocr_carea' id='block_1_112' title="bbox 2166 5176 3738 5252">
    <p class='ocr_par' dir='ltr' id='par_1_112' title="bbox 2166 5176 3738 5252">
     <span class='ocr_line' id='line_1_112' title="bbox 2166 5176 3738 5252; baseline -0.001 -20"><span class='ocrx_word' id='word_1_888' title='bbox 2166 5179 2471 5235; x_wconf 91' lang='lat' dir='ltr'><strong>nitudinem</strong></span> <span class='ocrx_word' id='word_1_889' title='bbox 2520 5181 2683 5252; x_wconf 66' lang='lat'><strong>841</strong></span> <span class='ocrx_word' id='word_1_890' title='bbox 2717 5181 2921 5236; x_wconf 87' lang='lat' dir='ltr'><strong>Christi</strong></span> <span class='ocrx_word' id='word_1_891' title='bbox 2969 5178 3266 5247; x_wconf 88' lang='lat' dir='ltr'><strong>acceperit.</strong></span> <span class='ocrx_word' id='word_1_892' title='bbox 3304 5176 3495 5231; x_wconf 89' lang='lat' dir='ltr'><strong>Omnis</strong></span> <span class='ocrx_word' id='word_1_893' title='bbox 3523 5178 3738 5247; x_wconf 77' lang='lat' dir='ltr'><strong>.q&#39;uippc</strong></span> 
     </span>
    </p>
   </div>
   <div class='ocr_carea' id='block_1_113' title="bbox 2164 5267 3739 5341">
    <p class='ocr_par' dir='ltr' id='par_1_113' title="bbox 2164 5267 3739 5341">
     <span class='ocr_line' id='line_1_113' title="bbox 2164 5267 3739 5341; baseline -0.002 -18"><span class='ocrx_word' id='word_1_894' title='bbox 2164 5270 2294 5324; x_wconf 89' lang='lat' dir='ltr'><strong>boui</strong></span> <span class='ocrx_word' id='word_1_895' title='bbox 2331 5271 2613 5341; x_wconf 90' lang='lat' dir='ltr'><strong>plenitudo</strong></span> <span class='ocrx_word' id='word_1_896' title='bbox 2659 5281 2764 5335; x_wconf 92' lang='lat' dir='ltr'><strong>est,</strong></span> <span class='ocrx_word' id='word_1_897' title='bbox 2810 5271 2977 5324; x_wconf 87' lang='lat' dir='ltr'><strong>Deum</strong></span> <span class='ocrx_word' id='word_1_898' title='bbox 3024 5271 3076 5321; x_wconf 87' lang='lat' dir='ltr'><strong>in</strong></span> <span class='ocrx_word' id='word_1_899' title='bbox 3127 5268 3291 5321; x_wconf 86' lang='lat' dir='ltr'><strong>nobis</strong></span> <span class='ocrx_word' id='word_1_900' title='bbox 3343 5267 3590 5323; x_wconf 82' lang='lat' dir='ltr'><strong>habitare</strong></span> <span class='ocrx_word' id='word_1_901' title='bbox 3639 5283 3739 5337; x_wconf 88' lang='lat' dir='ltr'><strong>per</strong></span> 
     </span>
    </p>
   </div>
   <div class='ocr_carea' id='block_1_114' title="bbox 2170 5356 3735 5429">
    <p class='ocr_par' dir='ltr' id='par_1_114' title="bbox 2170 5356 3735 5429">
     <span class='ocr_line' id='line_1_114' title="bbox 2170 5356 3735 5429; baseline -0.001 -17"><span class='ocrx_word' id='word_1_902' title='bbox 2170 5359 2435 5429; x_wconf 84' lang='lat' dir='ltr'><strong>Spiritum</strong></span> <span class='ocrx_word' id='word_1_903' title='bbox 2479 5360 2546 5416; x_wconf 81' lang='grc'>⁸⁸.</span> <span class='ocrx_word' id='word_1_904' title='bbox 2599 5363 2873 5427; x_wconf 84' lang='lat' dir='ltr'><strong>Quoniam</strong></span> <span class='ocrx_word' id='word_1_905' title='bbox 2913 5374 3044 5428; x_wconf 76' lang='lat' dir='ltr'><strong>ergo</strong></span> <span class='ocrx_word' id='word_1_906' title='bbox 3090 5356 3331 5427; x_wconf 86' lang='lat' dir='ltr'><strong>Spiritus</strong></span> <span class='ocrx_word' id='word_1_907' title='bbox 3363 5373 3523 5411; x_wconf 90' lang='lat' dir='ltr'><strong>omne</strong></span> <span class='ocrx_word' id='word_1_908' title='bbox 3563 5358 3735 5411; x_wconf 88' lang='lat' dir='ltr'><strong>animi</strong></span> 
     </span>
    </p>
   </div>
   <div class='ocr_carea' id='block_1_115' title="bbox 2169 5448 3739 5518">
    <p class='ocr_par' dir='ltr' id='par_1_115' title="bbox 2169 5448 3739 5518">
     <span class='ocr_line' id='line_1_115' title="bbox 2169 5448 3739 5518; baseline -0.003 -14"><span class='ocrx_word' id='word_1_909' title='bbox 2169 5454 2574 5508; x_wconf 87' lang='lat' dir='ltr'><strong>turbamentum</strong></span> <span class='ocrx_word' id='word_1_910' title='bbox 2609 5453 2822 5516; x_wconf 89' lang='lat' dir='ltr'><strong>sedare,</strong></span> <span class='ocrx_word' id='word_1_911' title='bbox 2846 5463 3173 5518; x_wconf 88' lang='lat' dir='ltr'><strong>omnemque</strong></span> <span class='ocrx_word' id='word_1_912' title='bbox 3204 5448 3257 5502; x_wconf 90' lang='lat' dir='ltr'><strong>in</strong></span> <span class='ocrx_word' id='word_1_913' title='bbox 3302 5449 3460 5504; x_wconf 87' lang='lat' dir='ltr'><strong>nobis</strong></span> <span class='ocrx_word' id='word_1_914' title='bbox 3497 5449 3739 5502; x_wconf 79' lang='lat' dir='ltr'><strong>formidi-</strong></span> 
     </span>
    </p>
   </div>
   <div class='ocr_carea' id='block_1_116' title="bbox 2168 5536 3749 5613">
    <p class='ocr_par' dir='ltr' id='par_1_116' title="bbox 2168 5536 3749 5613">
     <span class='ocr_line' id='line_1_116' title="bbox 2168 5536 3749 5613; baseline -0.005 -17"><span class='ocrx_word' id='word_1_915' title='bbox 2168 5560 2290 5596; x_wconf 87' lang='lat' dir='ltr'><strong>nem</strong></span> <span class='ocrx_word' id='word_1_916' title='bbox 2318 5557 2669 5613; x_wconf 89' lang='lat' dir='ltr'><strong>compescere</strong></span> <span class='ocrx_word' id='word_1_917' title='bbox 2699 5542 2934 5595; x_wconf 82' lang='lat' dir='ltr'><strong>maxime</strong></span> <span class='ocrx_word' id='word_1_918' title='bbox 2960 5548 3156 5611; x_wconf 89' lang='lat' dir='ltr'><strong>potest,</strong></span> <span class='ocrx_word' id='word_1_919' title='bbox 3177 5539 3308 5592; x_wconf 85' lang='lat' dir='ltr'><strong>illud</strong></span> <span class='ocrx_word' id='word_1_920' title='bbox 3333 5536 3749 5610; x_wconf 70' lang='lat' dir='ltr'><strong>quodammodo</strong></span> 
     </span>
    </p>
   </div>
   <div class='ocr_carea' id='block_1_117' title="bbox 2170 5622 3742 5700">
    <p class='ocr_par' dir='ltr' id='par_1_117' title="bbox 2170 5622 3742 5700">
     <span class='ocr_line' id='line_1_117' title="bbox 2170 5622 3742 5700; baseline -0.008 -12"><span class='ocrx_word' id='word_1_921' title='bbox 2170 5635 2478 5690; x_wconf 89' lang='lat' dir='ltr'><strong>subsidium</strong></span> <span class='ocrx_word' id='word_1_922' title='bbox 2515 5633 2580 5687; x_wconf 89' lang='lat' dir='ltr'><strong>ad</strong></span> <span class='ocrx_word' id='word_1_923' title='bbox 2612 5633 2777 5686; x_wconf 87' lang='lat' dir='ltr'><strong>animi</strong></span> <span class='ocrx_word' id='word_1_924' title='bbox 2814 5632 2980 5686; x_wconf 82' lang='lat' dir='ltr'><strong>robur</strong></span> <span class='ocrx_word' id='word_1_925' title='bbox 3002 5630 3059 5686; x_wconf 77' lang='lat' dir='ltr'><strong>et</strong></span> <span class='ocrx_word' id='word_1_926' title='bbox 3088 5630 3521 5700; x_wconf 86' lang='lat' dir='ltr'><strong>perturbationis</strong></span> <span class='ocrx_word' id='word_1_927' title='bbox 3552 5622 3742 5679; x_wconf 79' lang='lat' dir='ltr'><strong>vacui-</strong></span> 
     </span>
    </p>
   </div>
   <div class='ocr_carea' id='block_1_118' title="bbox 556 5796 2318 5876">
    <p class='ocr_par' dir='ltr' id='par_1_118' title="bbox 556 5796 2318 5876">
     <span class='ocr_line' id='line_1_118' title="bbox 556 5796 2318 5876; baseline 0.006 -16"><span class='ocrx_word' id='word_1_928' title='bbox 556 5796 675 5861; x_wconf 63' lang='lat' dir='ltr'><strong>“J”</strong></span> <span class='ocrx_word' id='word_1_929' title='bbox 710 5797 946 5870; x_wconf 73' lang='lat' dir='ltr'><strong>Philipp.</strong></span> <span class='ocrx_word' id='word_1_930' title='bbox 978 5816 1052 5865; x_wconf 85' lang='lat' dir='ltr'><strong>Iv,</strong></span> <span class='ocrx_word' id='word_1_931' title='bbox 1093 5799 1141 5856; x_wconf 87' lang='lat'><strong>7.</strong></span> <span class='ocrx_word' id='word_1_932' title='bbox 1220 5802 1263 5834; x_wconf 79' lang='grc'>⁸⁷</span> <span class='ocrx_word' id='word_1_933' title='bbox 1302 5801 1405 5858; x_wconf 75' lang='lat' dir='ltr'><strong>lsa.</strong></span> <span class='ocrx_word' id='word_1_934' title='bbox 1446 5819 1592 5870; x_wconf 78' lang='lat' dir='ltr'><strong>xxvi,</strong></span> <span class='ocrx_word' id='word_1_935' title='bbox 1642 5805 1723 5860; x_wconf 73' lang='lat' dir='ltr'><strong>f2.</strong></span> <span class='ocrx_word' id='word_1_936' title='bbox 1806 5808 1853 5839; x_wconf 81' lang='grc'>⁸³</span> <span class='ocrx_word' id='word_1_937' title='bbox 1893 5808 2105 5864; x_wconf 89' lang='lat' dir='ltr'><strong>Coloss.</strong></span> <span class='ocrx_word' id='word_1_938' title='bbox 2149 5824 2193 5876; x_wconf 81' lang='grc' dir='ltr'><strong>ι,</strong></span> <span class='ocrx_word' id='word_1_939' title='bbox 2235 5812 2318 5867; x_wconf 80' lang='grc'><strong>19.</strong></span> 
     </span>
    </p>
   </div>
  </div>
