  <div class='ocr_page' id='page_1' title='image "/cluster/home/n/w/nwhite01/storage/ocr_20150623/74/mdp.39015078384487/162.png"; bbox 0 0 4076 6270; ppageno 0'>
   <div class='ocr_carea' id='block_1_1' title="bbox 416 362 533 420">
    <p class='ocr_par' dir='ltr' id='par_1_1' title="bbox 416 362 533 420">
     <span class='ocr_line' id='line_1_1' title="bbox 416 362 533 420; baseline -0.009 -1"><span class='ocrx_word' id='word_1_1' title='bbox 416 362 533 420; x_wconf 71' lang='lat'><strong>309</strong></span> 
     </span>
    </p>
   </div>
   <div class='ocr_carea' id='block_1_2' title="bbox 1455 355 2617 414">
    <p class='ocr_par' dir='ltr' id='par_1_2' title="bbox 1455 355 2617 414">
     <span class='ocr_line' id='line_1_2' title="bbox 1455 355 2617 414; baseline 0 -3"><span class='ocrx_word' id='word_1_2' title='bbox 1455 356 1523 412; x_wconf 84' lang='lat' dir='ltr'><strong>IN</strong></span> <span class='ocrx_word' id='word_1_3' title='bbox 1560 355 1847 413; x_wconf 76' lang='lat' dir='ltr'><strong>JOANNIS</strong></span> <span class='ocrx_word' id='word_1_4' title='bbox 1878 355 2335 414; x_wconf 74' lang='lat' dir='ltr'><strong>EVANGELIUM</strong></span> <span class='ocrx_word' id='word_1_5' title='bbox 2377 357 2505 413; x_wconf 80' lang='lat' dir='ltr'><strong>LIB.</strong></span> <span class='ocrx_word' id='word_1_6' title='bbox 2553 355 2617 411; x_wconf 73' lang='grc' dir='ltr'><strong>Χ.</strong></span> 
     </span>
    </p>
   </div>
   <div class='ocr_carea' id='block_1_3' title="bbox 3568 349 3673 408">
    <p class='ocr_par' dir='ltr' id='par_1_3' title="bbox 3568 349 3673 408">
     <span class='ocr_line' id='line_1_3' title="bbox 3568 349 3673 408; baseline 0.019 -3"><span class='ocrx_word' id='word_1_7' title='bbox 3568 349 3673 408; x_wconf 75' lang='grc' dir='ltr'><strong>5ῑο</strong></span> 
     </span>
    </p>
   </div>
   <div class='ocr_carea' id='block_1_4' title="bbox 421 450 2015 562">
    <p class='ocr_par' dir='ltr' id='par_1_4' title="bbox 421 475 1999 554">
     <span class='ocr_line' id='line_1_4' title="bbox 421 475 1999 554; baseline -0.005 -18"><span class='ocrx_word' id='word_1_8' title='bbox 421 482 523 554; x_wconf 71' lang='grc' dir='ltr'>ἡδύ</span> <span class='ocrx_word' id='word_1_9' title='bbox 549 498 610 535; x_wconf 86' lang='grc' dir='ltr'><strong>τε</strong></span> <span class='ocrx_word' id='word_1_10' title='bbox 643 477 737 533; x_wconf 74' lang='grc' dir='ltr'>καὶ</span> <span class='ocrx_word' id='word_1_11' title='bbox 763 477 931 548; x_wconf 91' lang='grc' dir='ltr'>φίλον,</span> <span class='ocrx_word' id='word_1_12' title='bbox 953 475 1089 531; x_wconf 80' lang='grc' dir='ltr'>ἀλλά</span> <span class='ocrx_word' id='word_1_13' title='bbox 1118 477 1213 530; x_wconf 73' lang='grc' dir='ltr'>καὶ</span> <span class='ocrx_word' id='word_1_14' title='bbox 1237 478 1350 540; x_wconf 87' lang='grc' dir='ltr'>τοῖς</span> <span class='ocrx_word' id='word_1_15' title='bbox 1381 476 1769 547; x_wconf 79' lang='grc' dir='ltr'>ἀγαπωμένοις</span> <span class='ocrx_word' id='word_1_16' title='bbox 1784 477 1999 529; x_wconf 81' lang='grc' dir='ltr'>λυσιτε-</span> 
     </span>
    </p>
   </div>
   <div class='ocr_carea' id='block_1_5' title="bbox 2118 450 3701 562">
    <p class='ocr_par' dir='ltr' id='par_1_5' title="bbox 2118 450 3701 562">
     <span class='ocr_line' id='line_1_5' title="bbox 2118 450 3701 562; baseline -0.003 -34"><span class='ocrx_word' id='word_1_17' title='bbox 2118 476 2174 562; x_wconf 67' lang='lat' dir='ltr'><strong>lis</strong></span> <span class='ocrx_word' id='word_1_18' title='bbox 2213 492 2357 546; x_wconf 87' lang='lat' dir='ltr'><strong>quos</strong></span> <span class='ocrx_word' id='word_1_19' title='bbox 2404 475 2663 545; x_wconf 80' lang='lat' dir='ltr'><strong>diligunt,</strong></span> <span class='ocrx_word' id='word_1_20' title='bbox 2706 471 3002 527; x_wconf 84' lang='lat' dir='ltr'><strong>occasione</strong></span> <span class='ocrx_word' id='word_1_21' title='bbox 3055 469 3112 527; x_wconf 91' lang='lat' dir='ltr'><strong>id</strong></span> <span class='ocrx_word' id='word_1_22' title='bbox 3159 468 3492 541; x_wconf 82' lang='lat' dir='ltr'><strong>postulante.</strong></span> <span class='ocrx_word' id='word_1_23' title='bbox 3527 450 3701 537; x_wconf 40' lang='lat' dir='ltr'><strong>Quo?</strong></span> 
     </span>
    </p>
   </div>
   <div class='ocr_carea' id='block_1_6' title="bbox 424 566 2003 643">
    <p class='ocr_par' dir='ltr' id='par_1_6' title="bbox 424 566 2003 643">
     <span class='ocr_line' id='line_1_6' title="bbox 424 566 2003 643; baseline -0.003 -18"><span class='ocrx_word' id='word_1_24' title='bbox 424 573 537 639; x_wconf 76' lang='grc' dir='ltr'>λὲς,</span> <span class='ocrx_word' id='word_1_25' title='bbox 574 570 766 643; x_wconf 81' lang='grc' dir='ltr'><strong>καιροῦ</strong></span> <span class='ocrx_word' id='word_1_26' title='bbox 792 570 884 623; x_wconf 81' lang='grc' dir='ltr'>καὶ</span> <span class='ocrx_word' id='word_1_27' title='bbox 908 568 1067 622; x_wconf 86' lang='grc' dir='ltr'>τοῦτο</span> <span class='ocrx_word' id='word_1_28' title='bbox 1094 568 1228 639; x_wconf 73' lang='grc' dir='ltr'>δρᾷν</span> <span class='ocrx_word' id='word_1_29' title='bbox 1278 567 1690 632; x_wconf 86' lang='grc' dir='ltr'>ἀναπείθοντος.</span> <span class='ocrx_word' id='word_1_30' title='bbox 1718 569 1816 622; x_wconf 76' lang='grc' dir='ltr'>Διὰ</span> <span class='ocrx_word' id='word_1_31' title='bbox 1843 566 2003 620; x_wconf 86' lang='grc' dir='ltr'>τοῦτο</span> 
     </span>
    </p>
   </div>
   <div class='ocr_carea' id='block_1_7' title="bbox 426 658 2002 728">
    <p class='ocr_par' dir='ltr' id='par_1_7' title="bbox 426 658 2002 728">
     <span class='ocr_line' id='line_1_7' title="bbox 426 658 2002 728; baseline -0.004 -11"><span class='ocrx_word' id='word_1_32' title='bbox 426 666 523 718; x_wconf 79' lang='grc' dir='ltr'>καὶ</span> <span class='ocrx_word' id='word_1_33' title='bbox 572 664 600 715; x_wconf 86' lang='grc' dir='ltr'><strong>ό</strong></span> <span class='ocrx_word' id='word_1_34' title='bbox 652 659 861 725; x_wconf 80' lang='grc' dir='ltr'><strong>Παῦλος</strong></span> <span class='ocrx_word' id='word_1_35' title='bbox 907 659 1259 723; x_wconf 77' lang='grc' dir='ltr'><strong>ἐπιστέλλων,</strong></span> <span class='ocrx_word' id='word_1_36' title='bbox 1320 659 1507 728; x_wconf 84' lang='grc' dir='ltr'>φησίν·</span> <span class='ocrx_word' id='word_1_37' title='bbox 1546 678 1565 710; x_wconf 80' lang='grc' dir='ltr'><strong>ι</strong></span> <span class='ocrx_word' id='word_1_38' title='bbox 1608 659 1672 711; x_wconf 83' lang='grc' dir='ltr'><strong><em>Ἡ</em></strong></span> <span class='ocrx_word' id='word_1_39' title='bbox 1724 660 1912 727; x_wconf 89' lang='grc' dir='ltr'>ἀγάπη</span> <span class='ocrx_word' id='word_1_40' title='bbox 1940 658 2002 711; x_wconf 89' lang='grc' dir='ltr'><strong>οὑ</strong></span> 
     </span>
    </p>
   </div>
   <div class='ocr_carea' id='block_1_8' title="bbox 427 747 2004 824">
    <p class='ocr_par' dir='ltr' id='par_1_8' title="bbox 427 747 2004 824">
     <span class='ocr_line' id='line_1_8' title="bbox 427 747 2004 824; baseline -0.004 -17"><span class='ocrx_word' id='word_1_41' title='bbox 427 751 842 824; x_wconf 76' lang='grc' dir='ltr'><strong>περπερεύεται,</strong></span> <span class='ocrx_word' id='word_1_42' title='bbox 876 751 938 804; x_wconf 81' lang='grc' dir='ltr'><strong>οὑ</strong></span> <span class='ocrx_word' id='word_1_43' title='bbox 978 747 1290 820; x_wconf 78' lang='grc' dir='ltr'><strong>φυσιοῦται,</strong></span> <span class='ocrx_word' id='word_1_44' title='bbox 1314 750 1415 802; x_wconf 77' lang='grc' dir='ltr'>οὐκ</span> <span class='ocrx_word' id='word_1_45' title='bbox 1458 751 1781 820; x_wconf 84' lang='grc' dir='ltr'>ἀσχημονεῖ,</span> <span class='ocrx_word' id='word_1_46' title='bbox 1813 751 1876 803; x_wconf 86' lang='grc' dir='ltr'><strong>οὑ</strong></span> <span class='ocrx_word' id='word_1_47' title='bbox 1903 749 2004 820; x_wconf 78' lang='grc' dir='ltr'><strong>ζη-</strong></span> 
     </span>
    </p>
   </div>
   <div class='ocr_carea' id='block_1_9' title="bbox 425 840 2006 914">
    <p class='ocr_par' dir='ltr' id='par_1_9' title="bbox 425 840 2006 914">
     <span class='ocr_line' id='line_1_9' title="bbox 425 840 2006 914; baseline -0.001 -16"><span class='ocrx_word' id='word_1_48' title='bbox 425 843 597 898; x_wconf 87' lang='grc' dir='ltr'>τεῖτά</span> <span class='ocrx_word' id='word_1_49' title='bbox 618 842 837 914; x_wconf 79' lang='grc' dir='ltr'>ἑαυτῆς.</span> <span class='ocrx_word' id='word_1_50' title='bbox 865 860 884 893; x_wconf 73' lang='grc' dir='ltr'><strong>ι</strong></span> <span class='ocrx_word' id='word_1_51' title='bbox 909 841 1073 910; x_wconf 82' lang='grc' dir='ltr'>Λέγει</span> <span class='ocrx_word' id='word_1_52' title='bbox 1099 841 1154 894; x_wconf 80' lang='grc' dir='ltr'>δὲ</span> <span class='ocrx_word' id='word_1_53' title='bbox 1177 840 1314 912; x_wconf 88' lang='grc' dir='ltr'>πρός</span> <span class='ocrx_word' id='word_1_54' title='bbox 1336 858 1504 905; x_wconf 87' lang='grc' dir='ltr'>τινας·</span> <span class='ocrx_word' id='word_1_55' title='bbox 1539 860 1560 891; x_wconf 73' lang='grc' dir='ltr'><strong>ι</strong></span> <span class='ocrx_word' id='word_1_56' title='bbox 1581 842 1671 910; x_wconf 79' lang='grc' dir='ltr'><strong>Μὴ</strong></span> <span class='ocrx_word' id='word_1_57' title='bbox 1703 841 1774 895; x_wconf 78' lang='grc' dir='ltr'><strong>τὰ</strong></span> <span class='ocrx_word' id='word_1_58' title='bbox 1798 841 2006 896; x_wconf 79' lang='grc' dir='ltr'><strong>ἑαυτῶν</strong></span> 
     </span>
    </p>
   </div>
   <div class='ocr_carea' id='block_1_10' title="bbox 425 932 2010 1006">
    <p class='ocr_par' dir='ltr' id='par_1_10' title="bbox 425 932 2010 1006">
     <span class='ocr_line' id='line_1_10' title="bbox 425 932 2010 1006; baseline -0.005 -18"><span class='ocrx_word' id='word_1_59' title='bbox 425 933 738 1004; x_wconf 75' lang='grc' dir='ltr'>ζητοῦντες,</span> <span class='ocrx_word' id='word_1_60' title='bbox 767 932 905 987; x_wconf 80' lang='grc' dir='ltr'>ἀ).λά</span> <span class='ocrx_word' id='word_1_61' title='bbox 936 934 1032 986; x_wconf 68' lang='grc' dir='ltr'><strong>καλ⁵</strong></span> <span class='ocrx_word' id='word_1_62' title='bbox 1065 932 1134 987; x_wconf 75' lang='grc' dir='ltr'><strong>τά</strong></span> <span class='ocrx_word' id='word_1_63' title='bbox 1174 934 1397 1005; x_wconf 82' lang='grc' dir='ltr'>ἐτέρων.</span> <span class='ocrx_word' id='word_1_64' title='bbox 1435 952 1455 987; x_wconf 77' lang='grc' dir='ltr'><strong>ι</strong></span> <span class='ocrx_word' id='word_1_65' title='bbox 1499 933 1746 1003; x_wconf 77' lang='grc' dir='ltr'>’Δγάπης</span> <span class='ocrx_word' id='word_1_66' title='bbox 1770 933 1880 1006; x_wconf 77' lang='grc' dir='ltr'>γὰρ</span> <span class='ocrx_word' id='word_1_67' title='bbox 1919 932 2010 1005; x_wconf 76' lang='grc' dir='ltr'>ἐρ.</span> 
     </span>
    </p>
   </div>
   <div class='ocr_carea' id='block_1_11' title="bbox 427 1024 2008 1097">
    <p class='ocr_par' dir='ltr' id='par_1_11' title="bbox 427 1024 2008 1097">
     <span class='ocr_line' id='line_1_11' title="bbox 427 1024 2008 1097; baseline -0.001 -18"><span class='ocrx_word' id='word_1_68' title='bbox 427 1043 523 1096; x_wconf 89' lang='grc' dir='ltr'><strong>γον</strong></span> <span class='ocrx_word' id='word_1_69' title='bbox 544 1027 642 1097; x_wconf 80' lang='grc' dir='ltr'>τῆς</span> <span class='ocrx_word' id='word_1_70' title='bbox 676 1024 963 1096; x_wconf 79' lang='grc' dir='ltr'>ἀκριϐοῦς,</span> <span class='ocrx_word' id='word_1_71' title='bbox 994 1026 1117 1095; x_wconf 63' lang='grc' dir='ltr'>οὑχ).</span> <span class='ocrx_word' id='word_1_72' title='bbox 1135 1025 1312 1096; x_wconf 79' lang='grc' dir='ltr'>δήπου</span> <span class='ocrx_word' id='word_1_73' title='bbox 1342 1026 1561 1090; x_wconf 87' lang='grc' dir='ltr'>πάντως</span> <span class='ocrx_word' id='word_1_74' title='bbox 1589 1024 1650 1078; x_wconf 83' lang='grc' dir='ltr'>τὸ</span> <span class='ocrx_word' id='word_1_75' title='bbox 1682 1025 1841 1095; x_wconf 88' lang='grc' dir='ltr'>μόνον</span> <span class='ocrx_word' id='word_1_76' title='bbox 1862 1026 2008 1096; x_wconf 79' lang='grc' dir='ltr'>ἡμᾶς</span> 
     </span>
    </p>
   </div>
   <div class='ocr_carea' id='block_1_12' title="bbox 428 1116 2009 1191">
    <p class='ocr_par' dir='ltr' id='par_1_12' title="bbox 428 1116 2009 1191">
     <span class='ocr_line' id='line_1_12' title="bbox 428 1116 2009 1191; baseline -0.003 -18"><span class='ocrx_word' id='word_1_77' title='bbox 428 1120 680 1191; x_wconf 83' lang='grc' dir='ltr'>προνοεῖν</span> <span class='ocrx_word' id='word_1_78' title='bbox 725 1118 833 1172; x_wconf 83' lang='grc' dir='ltr'><strong>τῶν</strong></span> <span class='ocrx_word' id='word_1_79' title='bbox 888 1117 1035 1170; x_wconf 78' lang='grc' dir='ltr'>ἰδίων</span> <span class='ocrx_word' id='word_1_80' title='bbox 1066 1117 1309 1185; x_wconf 79' lang='grc' dir='ltr'>ἀγαθῶν,</span> <span class='ocrx_word' id='word_1_81' title='bbox 1358 1116 1492 1170; x_wconf 88' lang='grc' dir='ltr'><strong>ἀλλά</strong></span> <span class='ocrx_word' id='word_1_82' title='bbox 1530 1118 1625 1170; x_wconf 68' lang='grc' dir='ltr'>καὶ</span> <span class='ocrx_word' id='word_1_83' title='bbox 1671 1116 1749 1185; x_wconf 82' lang='grc' dir='ltr'>τῷ</span> <span class='ocrx_word' id='word_1_84' title='bbox 1778 1116 2009 1187; x_wconf 76' lang='grc' dir='ltr'>πλησίον</span> 
     </span>
    </p>
   </div>
   <div class='ocr_carea' id='block_1_13' title="bbox 431 1204 2010 1280">
    <p class='ocr_par' dir='ltr' id='par_1_13' title="bbox 431 1204 2010 1280">
     <span class='ocr_line' id='line_1_13' title="bbox 431 1204 2010 1280; baseline -0.003 -17"><span class='ocrx_word' id='word_1_85' title='bbox 431 1207 891 1280; x_wconf 86' lang='grc' dir='ltr'>περισκέπτεσθαι</span> <span class='ocrx_word' id='word_1_86' title='bbox 909 1206 970 1260; x_wconf 81' lang='grc' dir='ltr'>τὸ</span> <span class='ocrx_word' id='word_1_87' title='bbox 999 1208 1289 1277; x_wconf 58' lang='grc' dir='ltr'>χρήσιμον</span> <span class='ocrx_word' id='word_1_88' title='bbox 1312 1206 1471 1259; x_wconf 87' lang='grc' dir='ltr'>τοῦτο</span> <span class='ocrx_word' id='word_1_89' title='bbox 1499 1204 1608 1277; x_wconf 85' lang='grc' dir='ltr'><strong>γὰρ</strong></span> <span class='ocrx_word' id='word_1_90' title='bbox 1634 1208 1850 1277; x_wconf 81' lang='grc' dir='ltr'>φρονεῖν</span> <span class='ocrx_word' id='word_1_91' title='bbox 1880 1205 2010 1259; x_wconf 90' lang='grc' dir='ltr'>ἀνα-</span> 
     </span>
    </p>
   </div>
   <div class='ocr_carea' id='block_1_14' title="bbox 431 1296 2012 1373">
    <p class='ocr_par' dir='ltr' id='par_1_14' title="bbox 431 1296 2012 1373">
     <span class='ocr_line' id='line_1_14' title="bbox 431 1296 2012 1373; baseline -0.004 -17"><span class='ocrx_word' id='word_1_92' title='bbox 431 1301 606 1357; x_wconf 80' lang='grc' dir='ltr'>πείθει</span> <span class='ocrx_word' id='word_1_93' title='bbox 625 1300 750 1363; x_wconf 82' lang='grc' dir='ltr'>τοὺς</span> <span class='ocrx_word' id='word_1_94' title='bbox 775 1297 969 1373; x_wconf 77' lang='grc' dir='ltr'>ἑαυτοῦ</span> <span class='ocrx_word' id='word_1_95' title='bbox 1025 1297 1273 1368; x_wconf 77' lang='grc' dir='ltr'>μαθητάς</span> <span class='ocrx_word' id='word_1_96' title='bbox 1326 1297 1415 1352; x_wconf 68' lang='grc' dir='ltr'>διὰ</span> <span class='ocrx_word' id='word_1_97' title='bbox 1440 1296 1550 1350; x_wconf 82' lang='grc' dir='ltr'>τῶν</span> <span class='ocrx_word' id='word_1_98' title='bbox 1581 1296 1958 1368; x_wconf 79' lang='grc' dir='ltr'>προκειμένων</span> <span class='ocrx_word' id='word_1_99' title='bbox 1982 1299 2012 1350; x_wconf 89' lang='grc' dir='ltr'><strong>ό</strong></span> 
     </span>
    </p>
   </div>
   <div class='ocr_carea' id='block_1_15' title="bbox 430 1385 2010 1464">
    <p class='ocr_par' dir='ltr' id='par_1_15' title="bbox 430 1385 2010 1464">
     <span class='ocr_line' id='line_1_15' title="bbox 430 1385 2010 1464; baseline -0.008 -15"><span class='ocrx_word' id='word_1_100' title='bbox 430 1394 645 1464; x_wconf 84' lang='grc' dir='ltr'>Σωτήρ.</span> <span class='ocrx_word' id='word_1_101' title='bbox 676 1392 789 1446; x_wconf 69' lang='grc' dir='ltr'><strong>Καὶ</strong></span> <span class='ocrx_word' id='word_1_102' title='bbox 819 1389 953 1461; x_wconf 87' lang='grc' dir='ltr'>φέρε</span> <span class='ocrx_word' id='word_1_103' title='bbox 976 1390 1040 1459; x_wconf 85' lang='grc' dir='ltr'>δὴ</span> <span class='ocrx_word' id='word_1_104' title='bbox 1073 1390 1237 1443; x_wconf 89' lang='grc' dir='ltr'>πάλιν</span> <span class='ocrx_word' id='word_1_105' title='bbox 1264 1390 1347 1458; x_wconf 81' lang='grc' dir='ltr'>ἐφ’</span> <span class='ocrx_word' id='word_1_106' title='bbox 1379 1390 1511 1459; x_wconf 77' lang='grc' dir='ltr'>ημῖν</span> <span class='ocrx_word' id='word_1_107' title='bbox 1544 1388 1729 1451; x_wconf 88' lang='grc' dir='ltr'>αὑτοῖς</span> <span class='ocrx_word' id='word_1_108' title='bbox 1757 1385 2010 1458; x_wconf 86' lang='grc' dir='ltr'>καθάπερ</span> 
     </span>
    </p>
   </div>
   <div class='ocr_carea' id='block_1_16' title="bbox 431 1477 2014 1551">
    <p class='ocr_par' dir='ltr' id='par_1_16' title="bbox 431 1477 2014 1551">
     <span class='ocr_line' id='line_1_16' title="bbox 431 1477 2014 1551; baseline -0.006 -12"><span class='ocrx_word' id='word_1_109' title='bbox 431 1485 526 1539; x_wconf 72' lang='grc' dir='ltr'>ἐπὶ</span> <span class='ocrx_word' id='word_1_110' title='bbox 552 1484 760 1548; x_wconf 88' lang='grc' dir='ltr'>πίνακι,</span> <span class='ocrx_word' id='word_1_111' title='bbox 795 1480 1141 1551; x_wconf 82' lang='grc' dir='ltr'>λεπτοτέροις</span> <span class='ocrx_word' id='word_1_112' title='bbox 1169 1479 1455 1550; x_wconf 82' lang='grc' dir='ltr'>γραφείοις</span> <span class='ocrx_word' id='word_1_113' title='bbox 1476 1477 1573 1550; x_wconf 81' lang='grc' dir='ltr'>τὴν</span> <span class='ocrx_word' id='word_1_114' title='bbox 1602 1478 1696 1531; x_wconf 85' lang='grc' dir='ltr'><strong>τοῦ</strong></span> <span class='ocrx_word' id='word_1_115' title='bbox 1730 1478 2014 1549; x_wconf 82' lang='grc' dir='ltr'>θεωρήμα-</span> 
     </span>
    </p>
   </div>
   <div class='ocr_carea' id='block_1_17' title="bbox 432 1569 2012 1642">
    <p class='ocr_par' dir='ltr' id='par_1_17' title="bbox 432 1569 2012 1642">
     <span class='ocr_line' id='line_1_17' title="bbox 432 1569 2012 1642; baseline -0.004 -13"><span class='ocrx_word' id='word_1_116' title='bbox 432 1592 527 1639; x_wconf 90' lang='grc' dir='ltr'><strong>τος</strong></span> <span class='ocrx_word' id='word_1_117' title='bbox 558 1575 961 1637; x_wconf 84' lang='grc' dir='ltr'>ἀνατυποῦντες</span> <span class='ocrx_word' id='word_1_118' title='bbox 1014 1572 1267 1642; x_wconf 88' lang='grc' dir='ltr'>δύναμιν,</span> <span class='ocrx_word' id='word_1_119' title='bbox 1330 1572 1707 1642; x_wconf 80' lang='grc' dir='ltr'>ἀναϐαίνωμεν</span> <span class='ocrx_word' id='word_1_120' title='bbox 1764 1569 2012 1625; x_wconf 81' lang='grc' dir='ltr'>ἐντεῦθεν</span> 
     </span>
    </p>
   </div>
   <div class='ocr_carea' id='block_1_18' title="bbox 436 1663 2015 1739">
    <p class='ocr_par' dir='ltr' id='par_1_18' title="bbox 436 1663 2015 1739">
     <span class='ocr_line' id='line_1_18' title="bbox 436 1663 2015 1739; baseline -0.004 -17"><span class='ocrx_word' id='word_1_121' title='bbox 436 1670 531 1722; x_wconf 78' lang='grc' dir='ltr'>ἐπὶ</span> <span class='ocrx_word' id='word_1_122' title='bbox 549 1669 610 1722; x_wconf 76' lang='grc' dir='ltr'>τὸ</span> <span class='ocrx_word' id='word_1_123' title='bbox 636 1667 874 1739; x_wconf 83' lang='grc' dir='ltr'>Χριστοῦ</span> <span class='ocrx_word' id='word_1_124' title='bbox 911 1668 1228 1739; x_wconf 83' lang='grc' dir='ltr'>μυστήριον.</span> <span class='ocrx_word' id='word_1_125' title='bbox 1282 1666 1537 1739; x_wconf 78' lang='grc' dir='ltr'>Προξενεῖ</span> <span class='ocrx_word' id='word_1_126' title='bbox 1563 1664 1670 1736; x_wconf 82' lang='grc' dir='ltr'><strong>γάρ</strong></span> <span class='ocrx_word' id='word_1_127' title='bbox 1704 1663 1961 1726; x_wconf 80' lang='grc' dir='ltr'>πολλάκις</span> <span class='ocrx_word' id='word_1_128' title='bbox 1987 1665 2015 1716; x_wconf 88' lang='grc' dir='ltr'><strong>ό</strong></span> 
     </span>
    </p>
   </div>
   <div class='ocr_carea' id='block_1_19' title="bbox 433 1756 2013 1826">
    <p class='ocr_par' dir='ltr' id='par_1_19' title="bbox 433 1756 2013 1826">
     <span class='ocr_line' id='line_1_19' title="bbox 433 1756 2013 1826; baseline -0.003 -13"><span class='ocrx_word' id='word_1_129' title='bbox 433 1762 496 1813; x_wconf 80' lang='grc' dir='ltr'><strong>ἐν</strong></span> <span class='ocrx_word' id='word_1_130' title='bbox 514 1763 629 1824; x_wconf 89' lang='grc' dir='ltr'>τοῖς</span> <span class='ocrx_word' id='word_1_131' title='bbox 654 1760 903 1813; x_wconf 81' lang='grc' dir='ltr'>ἐλάττοσι</span> <span class='ocrx_word' id='word_1_132' title='bbox 922 1758 1093 1822; x_wconf 80' lang='grc' dir='ltr'>τύπος</span> <span class='ocrx_word' id='word_1_133' title='bbox 1107 1759 1168 1812; x_wconf 83' lang='grc' dir='ltr'>τὸ</span> <span class='ocrx_word' id='word_1_134' title='bbox 1186 1758 1467 1826; x_wconf 78' lang='grc' dir='ltr'>ἐφικέσθαι</span> <span class='ocrx_word' id='word_1_135' title='bbox 1493 1757 1757 1812; x_wconf 86' lang='grc' dir='ltr'>δύνασθαι</span> <span class='ocrx_word' id='word_1_136' title='bbox 1792 1758 1887 1810; x_wconf 70' lang='grc' dir='ltr'>καὶ</span> <span class='ocrx_word' id='word_1_137' title='bbox 1905 1756 2013 1811; x_wconf 79' lang='grc' dir='ltr'>τῶν</span> 
     </span>
    </p>
   </div>
   <div class='ocr_carea' id='block_1_20' title="bbox 2104 563 3674 635">
    <p class='ocr_par' dir='ltr' id='par_1_20' title="bbox 2104 563 3674 635">
     <span class='ocr_line' id='line_1_20' title="bbox 2104 563 3674 635; baseline -0.003 -13"><span class='ocrx_word' id='word_1_138' title='bbox 2104 568 2252 622; x_wconf 76' lang='lat' dir='ltr'><strong>circa</strong></span> <span class='ocrx_word' id='word_1_139' title='bbox 2281 579 2334 622; x_wconf 88' lang='lat' dir='ltr'><strong>et</strong></span> <span class='ocrx_word' id='word_1_140' title='bbox 2355 566 2560 621; x_wconf 83' lang='lat' dir='ltr'><strong>Paulus</strong></span> <span class='ocrx_word' id='word_1_141' title='bbox 2584 565 2650 620; x_wconf 84' lang='lat' dir='ltr'><strong>ad</strong></span> <span class='ocrx_word' id='word_1_142' title='bbox 2682 565 2949 635; x_wconf 88' lang='lat' dir='ltr'><strong>quosdam</strong></span> <span class='ocrx_word' id='word_1_143' title='bbox 2984 563 3209 618; x_wconf 87' lang='lat' dir='ltr'><strong>scribit:</strong></span> <span class='ocrx_word' id='word_1_144' title='bbox 3244 563 3536 617; x_wconf 66' lang='lat' dir='ltr'><strong>«Charitas</strong></span> <span class='ocrx_word' id='word_1_145' title='bbox 3569 579 3674 618; x_wconf 87' lang='lat' dir='ltr'><strong>non</strong></span> 
     </span>
    </p>
   </div>
   <div class='ocr_carea' id='block_1_21' title="bbox 2105 655 3676 729">
    <p class='ocr_par' dir='ltr' id='par_1_21' title="bbox 2105 655 3676 729">
     <span class='ocr_line' id='line_1_21' title="bbox 2105 655 3676 729; baseline -0.001 -18"><span class='ocrx_word' id='word_1_146' title='bbox 2105 661 2214 729; x_wconf 75' lang='lat' dir='ltr'><strong>agit</strong></span> <span class='ocrx_word' id='word_1_147' title='bbox 2244 674 2550 729; x_wconf 81' lang='lat' dir='ltr'><strong>perperam,</strong></span> <span class='ocrx_word' id='word_1_148' title='bbox 2581 674 2689 713; x_wconf 90' lang='lat' dir='ltr'><strong>non</strong></span> <span class='ocrx_word' id='word_1_149' title='bbox 2716 656 2949 722; x_wconf 82' lang='lat' dir='ltr'><strong>inﬂatur,</strong></span> <span class='ocrx_word' id='word_1_150' title='bbox 2975 671 3084 710; x_wconf 89' lang='lat' dir='ltr'><strong>non</strong></span> <span class='ocrx_word' id='word_1_151' title='bbox 3105 662 3190 710; x_wconf 87' lang='lat' dir='ltr'><strong>est</strong></span> <span class='ocrx_word' id='word_1_152' title='bbox 3225 655 3542 719; x_wconf 79' lang='lat' dir='ltr'><strong>ambitiosa,</strong></span> <span class='ocrx_word' id='word_1_153' title='bbox 3569 672 3676 709; x_wconf 89' lang='lat' dir='ltr'><strong>non</strong></span> 
     </span>
    </p>
   </div>
   <div class='ocr_carea' id='block_1_22' title="bbox 2105 747 3678 822">
    <p class='ocr_par' dir='ltr' id='par_1_22' title="bbox 2105 747 3678 822">
     <span class='ocr_line' id='line_1_22' title="bbox 2105 747 3678 822; baseline -0.003 -16"><span class='ocrx_word' id='word_1_154' title='bbox 2105 755 2305 822; x_wconf 69' lang='lat' dir='ltr'><strong>quaerit</strong></span> <span class='ocrx_word' id='word_1_155' title='bbox 2336 768 2457 822; x_wconf 67' lang='lat' dir='ltr'><strong>quae</strong></span> <span class='ocrx_word' id='word_1_156' title='bbox 2491 766 2590 806; x_wconf 89' lang='lat' dir='ltr'><strong>sua</strong></span> <span class='ocrx_word' id='word_1_157' title='bbox 2621 758 2753 806; x_wconf 85' lang='lat' dir='ltr'><strong>sunt</strong></span> <span class='ocrx_word' id='word_1_158' title='bbox 2776 750 2841 802; x_wconf 80' lang='grc'><strong>⁸⁸.</strong></span> <span class='ocrx_word' id='word_1_159' title='bbox 2892 767 2911 800; x_wconf 77' lang='grc' dir='ltr'><strong>ι</strong></span> <span class='ocrx_word' id='word_1_160' title='bbox 2956 748 3036 803; x_wconf 84' lang='lat' dir='ltr'><strong>Ad</strong></span> <span class='ocrx_word' id='word_1_161' title='bbox 3066 748 3206 802; x_wconf 89' lang='lat' dir='ltr'><strong>alios</strong></span> <span class='ocrx_word' id='word_1_162' title='bbox 3240 755 3422 801; x_wconf 88' lang='lat' dir='ltr'><strong>autem</strong></span> <span class='ocrx_word' id='word_1_163' title='bbox 3455 764 3469 800; x_wconf 89' lang='lat'><strong>:</strong></span> <span class='ocrx_word' id='word_1_164' title='bbox 3504 767 3522 799; x_wconf 80' lang='grc' dir='ltr'><strong>ι</strong></span> <span class='ocrx_word' id='word_1_165' title='bbox 3558 747 3678 801; x_wconf 79' lang='lat' dir='ltr'><strong>Non</strong></span> 
     </span>
    </p>
   </div>
   <div class='ocr_carea' id='block_1_23' title="bbox 2108 837 3682 915">
    <p class='ocr_par' dir='ltr' id='par_1_23' title="bbox 2108 837 3682 915">
     <span class='ocr_line' id='line_1_23' title="bbox 2108 837 3682 915; baseline -0.005 -15"><span class='ocrx_word' id='word_1_166' title='bbox 2108 859 2207 900; x_wconf 86' lang='lat' dir='ltr'><strong>sua</strong></span> <span class='ocrx_word' id='word_1_167' title='bbox 2248 852 2580 915; x_wconf 67' lang='lat' dir='ltr'><strong>quaerentes,</strong></span> <span class='ocrx_word' id='word_1_168' title='bbox 2610 842 2704 897; x_wconf 85' lang='lat' dir='ltr'><strong>sed</strong></span> <span class='ocrx_word' id='word_1_169' title='bbox 2755 856 2877 912; x_wconf 68' lang='lat' dir='ltr'><strong>quae</strong></span> <span class='ocrx_word' id='word_1_170' title='bbox 2920 847 3051 895; x_wconf 91' lang='lat' dir='ltr'><strong>sunt</strong></span> <span class='ocrx_word' id='word_1_171' title='bbox 3099 840 3422 894; x_wconf 82' lang='lat' dir='ltr'><strong>aliorum&quot;.</strong></span> <span class='ocrx_word' id='word_1_172' title='bbox 3466 858 3485 891; x_wconf 80' lang='grc' dir='ltr'><strong>ι</strong></span> <span class='ocrx_word' id='word_1_173' title='bbox 3526 837 3682 893; x_wconf 67' lang='lat' dir='ltr'><strong>Vera:</strong></span> 
     </span>
    </p>
   </div>
   <div class='ocr_carea' id='block_1_24' title="bbox 2107 932 3687 1004">
    <p class='ocr_par' dir='ltr' id='par_1_24' title="bbox 2107 932 3687 1004">
     <span class='ocr_line' id='line_1_24' title="bbox 2107 932 3687 1004; baseline -0.009 -11"><span class='ocrx_word' id='word_1_174' title='bbox 2107 938 2313 993; x_wconf 85' lang='lat' dir='ltr'><strong>etenim</strong></span> <span class='ocrx_word' id='word_1_175' title='bbox 2363 936 2652 991; x_wconf 88' lang='lat' dir='ltr'><strong>ebaritatis</strong></span> <span class='ocrx_word' id='word_1_176' title='bbox 2705 949 2843 1004; x_wconf 81' lang='lat' dir='ltr'><strong>Opus</strong></span> <span class='ocrx_word' id='word_1_177' title='bbox 2888 941 3011 999; x_wconf 90' lang='lat' dir='ltr'><strong>est,</strong></span> <span class='ocrx_word' id='word_1_178' title='bbox 3044 946 3152 986; x_wconf 90' lang='lat' dir='ltr'><strong>non</strong></span> <span class='ocrx_word' id='word_1_179' title='bbox 3190 932 3376 1003; x_wconf 78' lang='lat' dir='ltr'><strong>utique</strong></span> <span class='ocrx_word' id='word_1_180' title='bbox 3425 945 3528 986; x_wconf 80' lang='lat' dir='ltr'><strong>nos</strong></span> <span class='ocrx_word' id='word_1_181' title='bbox 3587 946 3687 984; x_wconf 83' lang='lat' dir='ltr'><strong>no-</strong></span> 
     </span>
    </p>
   </div>
   <div class='ocr_carea' id='block_1_25' title="bbox 2109 1018 3675 1095">
    <p class='ocr_par' dir='ltr' id='par_1_25' title="bbox 2109 1018 3675 1095">
     <span class='ocr_line' id='line_1_25' title="bbox 2109 1018 3675 1095; baseline -0.007 -10"><span class='ocrx_word' id='word_1_182' title='bbox 2109 1039 2350 1085; x_wconf 79' lang='lat' dir='ltr'><strong>strorum</strong></span> <span class='ocrx_word' id='word_1_183' title='bbox 2380 1029 2649 1084; x_wconf 90' lang='lat' dir='ltr'><strong>bonorum</strong></span> <span class='ocrx_word' id='word_1_184' title='bbox 2675 1018 2943 1080; x_wconf 74' lang='lat' dir='ltr'><strong>duntaxat</strong></span> <span class='ocrx_word' id='word_1_185' title='bbox 2970 1039 3160 1078; x_wconf 88' lang='lat' dir='ltr'><strong>curam</strong></span> <span class='ocrx_word' id='word_1_186' title='bbox 3193 1040 3402 1095; x_wconf 81' lang='lat' dir='ltr'><strong>gerere,</strong></span> <span class='ocrx_word' id='word_1_187' title='bbox 3426 1023 3523 1079; x_wconf 80' lang='lat' dir='ltr'><strong>sed</strong></span> <span class='ocrx_word' id='word_1_188' title='bbox 3551 1036 3675 1092; x_wconf 86' lang='lat' dir='ltr'><strong>pro-</strong></span> 
     </span>
    </p>
   </div>
   <div class='ocr_carea' id='block_1_26' title="bbox 2109 1117 3675 1190">
    <p class='ocr_par' dir='ltr' id='par_1_26' title="bbox 2109 1117 3675 1190">
     <span class='ocr_line' id='line_1_26' title="bbox 2109 1117 3675 1190; baseline -0.001 -18"><span class='ocrx_word' id='word_1_189' title='bbox 2109 1120 2317 1190; x_wconf 78' lang='lat' dir='ltr'><strong>pinquo</strong></span> <span class='ocrx_word' id='word_1_190' title='bbox 2354 1120 2501 1189; x_wconf 88' lang='lat' dir='ltr'><strong>quod</strong></span> <span class='ocrx_word' id='word_1_191' title='bbox 2537 1119 2659 1173; x_wconf 84' lang='lat' dir='ltr'><strong>usui</strong></span> <span class='ocrx_word' id='word_1_192' title='bbox 2718 1118 2791 1173; x_wconf 88' lang='lat' dir='ltr'><strong>sit</strong></span> <span class='ocrx_word' id='word_1_193' title='bbox 2827 1117 3134 1188; x_wconf 79' lang='lat' dir='ltr'><strong>providere.</strong></span> <span class='ocrx_word' id='word_1_194' title='bbox 3168 1117 3228 1171; x_wconf 94' lang='lat' dir='ltr'><strong>ld</strong></span> <span class='ocrx_word' id='word_1_195' title='bbox 3275 1117 3423 1171; x_wconf 88' lang='lat' dir='ltr'><strong>enim</strong></span> <span class='ocrx_word' id='word_1_196' title='bbox 3474 1118 3675 1171; x_wconf 82' lang='lat' dir='ltr'><strong>sentire</strong></span> 
     </span>
    </p>
   </div>
   <div class='ocr_carea' id='block_1_27' title="bbox 2110 1204 3679 1280">
    <p class='ocr_par' dir='ltr' id='par_1_27' title="bbox 2110 1204 3679 1280">
     <span class='ocr_line' id='line_1_27' title="bbox 2110 1204 3679 1280; baseline -0.006 -14"><span class='ocrx_word' id='word_1_197' title='bbox 2110 1226 2241 1266; x_wconf 88' lang='lat' dir='ltr'><strong>suos</strong></span> <span class='ocrx_word' id='word_1_198' title='bbox 2291 1210 2598 1280; x_wconf 82' lang='lat' dir='ltr'><strong>discipulos</strong></span> <span class='ocrx_word' id='word_1_199' title='bbox 2650 1210 2753 1264; x_wconf 90' lang='lat' dir='ltr'><strong>hoc</strong></span> <span class='ocrx_word' id='word_1_200' title='bbox 2787 1210 2909 1263; x_wconf 88' lang='lat' dir='ltr'><strong>loco</strong></span> <span class='ocrx_word' id='word_1_201' title='bbox 2962 1208 3220 1265; x_wconf 86' lang='lat' dir='ltr'><strong>Servator</strong></span> <span class='ocrx_word' id='word_1_202' title='bbox 3263 1208 3537 1263; x_wconf 85' lang='lat' dir='ltr'><strong>admonet.</strong></span> <span class='ocrx_word' id='word_1_203' title='bbox 3575 1204 3679 1260; x_wconf 87' lang='lat' dir='ltr'><strong>Sed</strong></span> 
     </span>
    </p>
   </div>
   <div class='ocr_carea' id='block_1_28' title="bbox 2111 1299 3681 1373">
    <p class='ocr_par' dir='ltr' id='par_1_28' title="bbox 2111 1299 3681 1373">
     <span class='ocr_line' id='line_1_28' title="bbox 2111 1299 3681 1373; baseline -0.002 -16"><span class='ocrx_word' id='word_1_204' title='bbox 2111 1319 2230 1372; x_wconf 77' lang='lat' dir='ltr'><strong>age,</strong></span> <span class='ocrx_word' id='word_1_205' title='bbox 2269 1317 2467 1357; x_wconf 84' lang='lat' dir='ltr'><strong>rursus</strong></span> <span class='ocrx_word' id='word_1_206' title='bbox 2517 1303 2571 1356; x_wconf 90' lang='lat' dir='ltr'><strong>in</strong></span> <span class='ocrx_word' id='word_1_207' title='bbox 2614 1303 2775 1358; x_wconf 88' lang='lat' dir='ltr'><strong>nobis</strong></span> <span class='ocrx_word' id='word_1_208' title='bbox 2823 1301 2959 1373; x_wconf 84' lang='lat' dir='ltr'><strong>ipsis</strong></span> <span class='ocrx_word' id='word_1_209' title='bbox 2991 1302 3141 1359; x_wconf 88' lang='lat' dir='ltr'><strong>velut</strong></span> <span class='ocrx_word' id='word_1_210' title='bbox 3182 1301 3238 1355; x_wconf 90' lang='lat' dir='ltr'><strong>in</strong></span> <span class='ocrx_word' id='word_1_211' title='bbox 3274 1300 3463 1356; x_wconf 86' lang='lat' dir='ltr'><strong>tabula</strong></span> <span class='ocrx_word' id='word_1_212' title='bbox 3514 1299 3681 1370; x_wconf 80' lang='lat' dir='ltr'><strong>hujus</strong></span> 
     </span>
    </p>
   </div>
   <div class='ocr_carea' id='block_1_29' title="bbox 2098 1388 3681 1465">
    <p class='ocr_par' dir='ltr' id='par_1_29' title="bbox 2098 1388 3681 1465">
     <span class='ocr_line' id='line_1_29' title="bbox 2098 1388 3681 1465; baseline -0.003 -16"><span class='ocrx_word' id='word_1_213' title='bbox 2098 1388 2297 1450; x_wconf 62' lang='lat' dir='ltr'><strong>&#39;textus</strong></span> <span class='ocrx_word' id='word_1_214' title='bbox 2321 1394 2431 1448; x_wconf 88' lang='lat' dir='ltr'><strong>vim</strong></span> <span class='ocrx_word' id='word_1_215' title='bbox 2465 1402 2520 1450; x_wconf 86' lang='lat' dir='ltr'><strong>et</strong></span> <span class='ocrx_word' id='word_1_216' title='bbox 2551 1394 2818 1449; x_wconf 86' lang='lat' dir='ltr'><strong>rationem</strong></span> <span class='ocrx_word' id='word_1_217' title='bbox 2867 1393 3143 1465; x_wconf 71' lang='lat' dir='ltr'><strong>subtiliori</strong></span> <span class='ocrx_word' id='word_1_218' title='bbox 3195 1392 3451 1463; x_wconf 83' lang='lat' dir='ltr'><strong>penicillo</strong></span> <span class='ocrx_word' id='word_1_219' title='bbox 3479 1390 3681 1462; x_wconf 87' lang='lat' dir='ltr'><strong>depin-</strong></span> 
     </span>
    </p>
   </div>
   <div class='ocr_carea' id='block_1_30' title="bbox 2111 1483 3680 1556">
    <p class='ocr_par' dir='ltr' id='par_1_30' title="bbox 2111 1483 3680 1556">
     <span class='ocr_line' id='line_1_30' title="bbox 2111 1483 3680 1556; baseline -0.001 -16"><span class='ocrx_word' id='word_1_220' title='bbox 2111 1495 2324 1556; x_wconf 76' lang='lat' dir='ltr'><strong>gentes,</strong></span> <span class='ocrx_word' id='word_1_221' title='bbox 2372 1486 2502 1539; x_wconf 87' lang='lat' dir='ltr'><strong>hinc</strong></span> <span class='ocrx_word' id='word_1_222' title='bbox 2557 1486 2622 1540; x_wconf 90' lang='lat' dir='ltr'><strong>ad</strong></span> <span class='ocrx_word' id='word_1_223' title='bbox 2658 1486 2860 1541; x_wconf 84' lang='lat' dir='ltr'><strong>Christi</strong></span> <span class='ocrx_word' id='word_1_224' title='bbox 2915 1484 3240 1556; x_wconf 85' lang='lat' dir='ltr'><strong>mysterium</strong></span> <span class='ocrx_word' id='word_1_225' title='bbox 3293 1483 3680 1540; x_wconf 83' lang='lat' dir='ltr'><strong>ascendamus.</strong></span> 
     </span>
    </p>
   </div>
   <div class='ocr_carea' id='block_1_31' title="bbox 2115 1573 3683 1645">
    <p class='ocr_par' dir='ltr' id='par_1_31' title="bbox 2115 1573 3683 1645">
     <span class='ocr_line' id='line_1_31' title="bbox 2115 1573 3683 1645; baseline -0.003 -14"><span class='ocrx_word' id='word_1_226' title='bbox 2115 1574 2269 1645; x_wconf 72' lang='lat' dir='ltr'><strong>Saepe</strong></span> <span class='ocrx_word' id='word_1_227' title='bbox 2302 1576 2446 1631; x_wconf 89' lang='lat' dir='ltr'><strong>enim</strong></span> <span class='ocrx_word' id='word_1_228' title='bbox 2500 1591 2687 1630; x_wconf 90' lang='lat' dir='ltr'><strong>rerum</strong></span> <span class='ocrx_word' id='word_1_229' title='bbox 2735 1577 3048 1631; x_wconf 83' lang='lat' dir='ltr'><strong>tenuiorum</strong></span> <span class='ocrx_word' id='word_1_230' title='bbox 3098 1576 3408 1645; x_wconf 76' lang='lat' dir='ltr'><strong>exemplum</strong></span> <span class='ocrx_word' id='word_1_231' title='bbox 3465 1573 3593 1628; x_wconf 80' lang='lat' dir='ltr'><strong>facit</strong></span> <span class='ocrx_word' id='word_1_232' title='bbox 3625 1580 3683 1626; x_wconf 89' lang='lat' dir='ltr'><strong>nt</strong></span> 
     </span>
    </p>
   </div>
   <div class='ocr_carea' id='block_1_32' title="bbox 2114 1666 3682 1737">
    <p class='ocr_par' dir='ltr' id='par_1_32' title="bbox 2114 1666 3682 1737">
     <span class='ocr_line' id='line_1_32' title="bbox 2114 1666 3682 1737; baseline -0.002 -16"><span class='ocrx_word' id='word_1_233' title='bbox 2114 1667 2180 1721; x_wconf 91' lang='lat' dir='ltr'><strong>ad</strong></span> <span class='ocrx_word' id='word_1_234' title='bbox 2234 1683 2324 1722; x_wconf 82' lang='lat' dir='ltr'><strong>res</strong></span> <span class='ocrx_word' id='word_1_235' title='bbox 2376 1668 2841 1736; x_wconf 76' lang='lat' dir='ltr'><strong>incomparabiles</strong></span> <span class='ocrx_word' id='word_1_236' title='bbox 2897 1667 3214 1722; x_wconf 87' lang='lat' dir='ltr'><strong>evehamur.</strong></span> <span class='ocrx_word' id='word_1_237' title='bbox 3249 1666 3418 1737; x_wconf 72' lang='lat' dir='ltr'><strong>Igitur</strong></span> <span class='ocrx_word' id='word_1_238' title='bbox 3473 1675 3682 1736; x_wconf 70' lang='lat' dir='ltr'><strong>gratum</strong></span> 
     </span>
    </p>
   </div>
   <div class='ocr_carea' id='block_1_33' title="bbox 2114 1754 3685 1827">
    <p class='ocr_par' dir='ltr' id='par_1_33' title="bbox 2114 1754 3685 1827">
     <span class='ocr_line' id='line_1_33' title="bbox 2114 1754 3685 1827; baseline -0.004 -15"><span class='ocrx_word' id='word_1_239' title='bbox 2114 1763 2253 1821; x_wconf 88' lang='lat' dir='ltr'><strong>erat,</strong></span> <span class='ocrx_word' id='word_1_240' title='bbox 2282 1755 2434 1811; x_wconf 86' lang='lat' dir='ltr'><strong>verbi</strong></span> <span class='ocrx_word' id='word_1_241' title='bbox 2468 1756 2667 1826; x_wconf 77' lang='lat' dir='ltr'><strong>gratia,</strong></span> <span class='ocrx_word' id='word_1_242' title='bbox 2699 1754 2854 1810; x_wconf 84' lang='lat' dir='ltr'><strong>Pauli</strong></span> <span class='ocrx_word' id='word_1_243' title='bbox 2890 1756 3182 1827; x_wconf 88' lang='lat' dir='ltr'><strong>discipulis</strong></span> <span class='ocrx_word' id='word_1_244' title='bbox 3213 1771 3341 1810; x_wconf 86' lang='lat' dir='ltr'><strong>cum</strong></span> <span class='ocrx_word' id='word_1_245' title='bbox 3371 1770 3437 1810; x_wconf 86' lang='lat' dir='ltr'><strong>eo</strong></span> <span class='ocrx_word' id='word_1_246' title='bbox 3470 1769 3685 1823; x_wconf 78' lang='lat' dir='ltr'><strong>semper</strong></span> 
     </span>
    </p>
   </div>
   <div class='ocr_carea' id='block_1_34' title="bbox 431 1829 2015 1922">
    <p class='ocr_par' dir='ltr' id='par_1_34' title="bbox 431 1850 2010 1922">
     <span class='ocr_line' id='line_1_34' title="bbox 431 1850 2010 1922; baseline -0.001 -17"><span class='ocrx_word' id='word_1_247' title='bbox 431 1852 780 1922; x_wconf 85' lang='grc' dir='ltr'>ἀσυγκρίτως</span> <span class='ocrx_word' id='word_1_248' title='bbox 811 1850 956 1921; x_wconf 73' lang='grc' dir='ltr'>ἔχειν</span> <span class='ocrx_word' id='word_1_249' title='bbox 985 1850 1454 1920; x_wconf 79' lang='grc' dir='ltr'>πεπιστευμένων.</span> <span class='ocrx_word' id='word_1_250' title='bbox 1482 1850 1696 1905; x_wconf 78' lang='grc' dir='ltr'>Οὐκοῦν</span> <span class='ocrx_word' id='word_1_251' title='bbox 1736 1851 1833 1920; x_wconf 77' lang='grc' dir='ltr'><strong>ἡδὺ</strong></span> <span class='ocrx_word' id='word_1_252' title='bbox 1876 1851 1973 1921; x_wconf 76' lang='grc' dir='ltr'>μὲν</span> <span class='ocrx_word' id='word_1_253' title='bbox 1994 1890 2010 1914; x_wconf 95' lang='grc'><strong>,</strong></span> 
     </span>
    </p>
   </div>
   <div class='ocr_carea' id='block_1_35' title="bbox 2118 1829 3684 1922">
    <p class='ocr_par' dir='ltr' id='par_1_35' title="bbox 2118 1846 3684 1903">
     <span class='ocr_line' id='line_1_35' title="bbox 2118 1846 3684 1903; baseline -0.001 -3"><span class='ocrx_word' id='word_1_254' title='bbox 2118 1848 2322 1902; x_wconf 85' lang='lat' dir='ltr'><strong>versari</strong></span> <span class='ocrx_word' id='word_1_255' title='bbox 2361 1865 2375 1902; x_wconf 91' lang='lat'>:</span> <span class='ocrx_word' id='word_1_256' title='bbox 2410 1847 2506 1902; x_wconf 87' lang='lat' dir='ltr'><strong>sed</strong></span> <span class='ocrx_word' id='word_1_257' title='bbox 2560 1848 2757 1903; x_wconf 90' lang='lat' dir='ltr'><strong>melius</strong></span> <span class='ocrx_word' id='word_1_258' title='bbox 2790 1846 2963 1902; x_wconf 82' lang='lat' dir='ltr'><strong>Paulo</strong></span> <span class='ocrx_word' id='word_1_259' title='bbox 3010 1863 3075 1902; x_wconf 90' lang='lat' dir='ltr'><strong>ac</strong></span> <span class='ocrx_word' id='word_1_260' title='bbox 3129 1846 3306 1902; x_wconf 89' lang='lat' dir='ltr'><strong>satius</strong></span> <span class='ocrx_word' id='word_1_261' title='bbox 3360 1846 3583 1900; x_wconf 75' lang='lat' dir='ltr'><strong>dissolvi</strong></span> <span class='ocrx_word' id='word_1_262' title='bbox 3633 1853 3684 1899; x_wconf 77' lang='lat' dir='ltr'><strong>et</strong></span> 
     </span>
    </p>
   </div>
   <div class='ocr_carea' id='block_1_36' title="bbox 431 1941 2012 2014">
    <p class='ocr_par' dir='ltr' id='par_1_36' title="bbox 431 1941 2012 2014">
     <span class='ocr_line' id='line_1_36' title="bbox 431 1941 2012 2014; baseline 0.001 -21"><span class='ocrx_word' id='word_1_263' title='bbox 431 1942 566 2014; x_wconf 81' lang='grc' dir='ltr'>φέρε</span> <span class='ocrx_word' id='word_1_264' title='bbox 598 1945 794 2004; x_wconf 72' lang='grc' dir='ltr'>εἰπεῖν,</span> <span class='ocrx_word' id='word_1_265' title='bbox 818 1944 931 2005; x_wconf 90' lang='grc' dir='ltr'>τοῖς</span> <span class='ocrx_word' id='word_1_266' title='bbox 960 1941 1171 1995; x_wconf 84' lang='grc' dir='ltr'>Παύλου</span> <span class='ocrx_word' id='word_1_267' title='bbox 1199 1941 1472 2013; x_wconf 79' lang='grc' dir='ltr'>μαθηταῖς</span> <span class='ocrx_word' id='word_1_268' title='bbox 1509 1942 1570 1995; x_wconf 76' lang='grc' dir='ltr'>τὸ</span> <span class='ocrx_word' id='word_1_269' title='bbox 1598 1942 1749 2012; x_wconf 81' lang='grc' dir='ltr'>αύτῷ</span> <span class='ocrx_word' id='word_1_270' title='bbox 1776 1944 2012 1995; x_wconf 85' lang='grc' dir='ltr'>συνεῖναι</span> 
     </span>
    </p>
   </div>
   <div class='ocr_carea' id='block_1_37' title="bbox 428 2032 2013 2103">
    <p class='ocr_par' dir='ltr' id='par_1_37' title="bbox 428 2032 2013 2103">
     <span class='ocr_line' id='line_1_37' title="bbox 428 2032 2013 2103; baseline -0.001 -16"><span class='ocrx_word' id='word_1_271' title='bbox 428 2034 519 2088; x_wconf 85' lang='grc' dir='ltr'><strong>διά</strong></span> <span class='ocrx_word' id='word_1_272' title='bbox 542 2033 768 2097; x_wconf 82' lang='grc' dir='ltr'>παντὸς·</span> <span class='ocrx_word' id='word_1_273' title='bbox 800 2033 938 2087; x_wconf 80' lang='grc' dir='ltr'>ἀλλὰ</span> <span class='ocrx_word' id='word_1_274' title='bbox 970 2034 1217 2103; x_wconf 86' lang='grc' dir='ltr'>κρεῖττον</span> <span class='ocrx_word' id='word_1_275' title='bbox 1276 2033 1356 2103; x_wconf 81' lang='grc' dir='ltr'><strong>τῷ</strong></span> <span class='ocrx_word' id='word_1_276' title='bbox 1406 2033 1605 2103; x_wconf 81' lang='grc' dir='ltr'>Παύλῳ</span> <span class='ocrx_word' id='word_1_277' title='bbox 1656 2036 1717 2086; x_wconf 79' lang='grc' dir='ltr'><strong>το</strong></span> <span class='ocrx_word' id='word_1_278' title='bbox 1751 2032 2013 2085; x_wconf 87' lang='grc' dir='ltr'>ἀναλῦσαι</span> 
     </span>
    </p>
   </div>
   <div class='ocr_carea' id='block_1_38' title="bbox 430 2106 2015 2192">
    <p class='ocr_par' dir='ltr' id='par_1_38' title="bbox 430 2106 2015 2192">
     <span class='ocr_line' id='line_1_38' title="bbox 430 2106 2015 2192; baseline -0.001 -17"><span class='ocrx_word' id='word_1_279' title='bbox 430 2123 528 2176; x_wconf 78' lang='grc' dir='ltr'>καὶ</span> <span class='ocrx_word' id='word_1_280' title='bbox 548 2122 647 2175; x_wconf 80' lang='grc' dir='ltr'>σὺν</span> <span class='ocrx_word' id='word_1_281' title='bbox 680 2119 903 2192; x_wconf 87' lang='grc' dir='ltr'>Χριστῴ</span> <span class='ocrx_word' id='word_1_282' title='bbox 924 2116 1089 2185; x_wconf 73' lang='grc' dir='ltr'>εἶναι,</span> <span class='ocrx_word' id='word_1_283' title='bbox 1120 2106 1374 2192; x_wconf 72' lang='grc' dir='ltr'>καθάπερ</span> <span class='ocrx_word' id='word_1_284' title='bbox 1406 2122 1567 2182; x_wconf 70' lang='grc' dir='ltr'>αὐτὸς</span> <span class='ocrx_word' id='word_1_285' title='bbox 1593 2120 2015 2174; x_wconf 72' lang='grc' dir='ltr'>διεϐεϐαιώσατο</span> 
     </span>
    </p>
   </div>
   <div class='ocr_carea' id='block_1_39' title="bbox 431 2209 2012 2286">
    <p class='ocr_par' dir='ltr' id='par_1_39' title="bbox 431 2209 2012 2286">
     <span class='ocr_line' id='line_1_39' title="bbox 431 2209 2012 2286; baseline 0 -19"><span class='ocrx_word' id='word_1_286' title='bbox 431 2214 678 2283; x_wconf 81' lang='grc' dir='ltr'>γράφων.</span> <span class='ocrx_word' id='word_1_287' title='bbox 708 2209 818 2266; x_wconf 84' lang='grc' dir='ltr'>Ἦν</span> <span class='ocrx_word' id='word_1_288' title='bbox 850 2209 944 2267; x_wconf 79' lang='grc' dir='ltr'><strong>οὖν</strong></span> <span class='ocrx_word' id='word_1_289' title='bbox 992 2213 1153 2283; x_wconf 74' lang='grc' dir='ltr'>ἔργον</span> <span class='ocrx_word' id='word_1_290' title='bbox 1191 2217 1305 2277; x_wconf 87' lang='grc' dir='ltr'>τοῖς</span> <span class='ocrx_word' id='word_1_291' title='bbox 1337 2215 1558 2286; x_wconf 78' lang='grc' dir='ltr'>ἀγαπᾷν</span> <span class='ocrx_word' id='word_1_292' title='bbox 1601 2213 1876 2283; x_wconf 77' lang='grc' dir='ltr'>ἑλομένοις</span> <span class='ocrx_word' id='word_1_293' title='bbox 1913 2214 2012 2267; x_wconf 83' lang='grc' dir='ltr'>αὑ-</span> 
     </span>
    </p>
   </div>
   <div class='ocr_carea' id='block_1_40' title="bbox 436 2302 2017 2375">
    <p class='ocr_par' dir='ltr' id='par_1_40' title="bbox 436 2302 2017 2375">
     <span class='ocr_line' id='line_1_40' title="bbox 436 2302 2017 2375; baseline -0.001 -19"><span class='ocrx_word' id='word_1_294' title='bbox 436 2304 548 2367; x_wconf 69' lang='grc' dir='ltr'>τὸν,</span> <span class='ocrx_word' id='word_1_295' title='bbox 569 2304 631 2357; x_wconf 62' lang='lat' dir='ltr'><strong>eo</strong></span> <span class='ocrx_word' id='word_1_296' title='bbox 650 2302 889 2375; x_wconf 85' lang='grc' dir='ltr'>πληροῦν</span> <span class='ocrx_word' id='word_1_297' title='bbox 924 2304 1244 2373; x_wconf 87' lang='grc' dir='ltr'>ἐπείγεσθαι</span> <span class='ocrx_word' id='word_1_298' title='bbox 1279 2306 1377 2374; x_wconf 81' lang='grc' dir='ltr'>τὴν</span> <span class='ocrx_word' id='word_1_299' title='bbox 1419 2307 1497 2368; x_wconf 87' lang='grc' dir='ltr'><strong>εἰς</strong></span> <span class='ocrx_word' id='word_1_300' title='bbox 1525 2305 1685 2358; x_wconf 79' lang='grc' dir='ltr'>αὑτὸν</span> <span class='ocrx_word' id='word_1_301' title='bbox 1719 2306 2017 2373; x_wconf 77' lang='grc' dir='ltr'>ἀγάπησιν,</span> 
     </span>
    </p>
   </div>
   <div class='ocr_carea' id='block_1_41' title="bbox 442 2394 2017 2466">
    <p class='ocr_par' dir='ltr' id='par_1_41' title="bbox 442 2394 2017 2466">
     <span class='ocr_line' id='line_1_41' title="bbox 442 2394 2017 2466; baseline 0 -19"><span class='ocrx_word' id='word_1_302' title='bbox 442 2395 538 2447; x_wconf 77' lang='grc' dir='ltr'>καὶ</span> <span class='ocrx_word' id='word_1_303' title='bbox 579 2395 655 2466; x_wconf 75' lang='grc' dir='ltr'>μὴ</span> <span class='ocrx_word' id='word_1_304' title='bbox 686 2394 961 2449; x_wconf 79' lang='grc' dir='ltr'>δύσοιστον</span> <span class='ocrx_word' id='word_1_305' title='bbox 1002 2396 1092 2449; x_wconf 76' lang='grc' dir='ltr'>ἀεὶ</span> <span class='ocrx_word' id='word_1_306' title='bbox 1142 2396 1414 2450; x_wconf 88' lang='grc' dir='ltr'>ποιεῖσθαι</span> <span class='ocrx_word' id='word_1_307' title='bbox 1436 2397 1498 2449; x_wconf 82' lang='grc' dir='ltr'>τὸ</span> <span class='ocrx_word' id='word_1_308' title='bbox 1523 2396 1706 2459; x_wconf 85' lang='grc' dir='ltr'>αὑτοῖς</span> <span class='ocrx_word' id='word_1_309' title='bbox 1737 2397 1827 2449; x_wconf 76' lang='grc' dir='ltr'>καὶ</span> <span class='ocrx_word' id='word_1_310' title='bbox 1858 2396 2017 2466; x_wconf 86' lang='grc' dir='ltr'>μόνον</span> 
     </span>
    </p>
   </div>
   <div class='ocr_carea' id='block_1_42' title="bbox 442 2484 2020 2556">
    <p class='ocr_par' dir='ltr' id='par_1_42' title="bbox 442 2484 2020 2556">
     <span class='ocr_line' id='line_1_42' title="bbox 442 2484 2020 2556; baseline 0 -19"><span class='ocrx_word' id='word_1_311' title='bbox 442 2485 563 2553; x_wconf 73' lang='grc' dir='ltr'>ἡδὺ,</span> <span class='ocrx_word' id='word_1_312' title='bbox 597 2484 1018 2555; x_wconf 86' lang='grc' dir='ltr'>περιαθροῦντας</span> <span class='ocrx_word' id='word_1_313' title='bbox 1055 2487 1114 2540; x_wconf 79' lang='grc' dir='ltr'>δὲ</span> <span class='ocrx_word' id='word_1_314' title='bbox 1167 2487 1372 2556; x_wconf 75' lang='grc' dir='ltr'>μᾶλλον</span> <span class='ocrx_word' id='word_1_315' title='bbox 1396 2487 1501 2540; x_wconf 68' lang='grc' dir='ltr'>καὶ</span> <span class='ocrx_word' id='word_1_316' title='bbox 1515 2488 1575 2539; x_wconf 61' lang='lat' dir='ltr'><strong>to</strong></span> <span class='ocrx_word' id='word_1_317' title='bbox 1607 2486 1684 2556; x_wconf 83' lang='grc' dir='ltr'>τῷ</span> <span class='ocrx_word' id='word_1_318' title='bbox 1714 2486 2020 2556; x_wconf 74' lang='grc' dir='ltr'>διδασκάλῳ</span> 
     </span>
    </p>
   </div>
   <div class='ocr_carea' id='block_1_43' title="bbox 444 2574 2015 2649">
    <p class='ocr_par' dir='ltr' id='par_1_43' title="bbox 444 2574 2015 2649">
     <span class='ocr_line' id='line_1_43' title="bbox 444 2574 2015 2649; baseline 0.001 -21"><span class='ocrx_word' id='word_1_319' title='bbox 444 2576 807 2645; x_wconf 81' lang='grc' dir='ltr'>ἀποδημοῦντι</span> <span class='ocrx_word' id='word_1_320' title='bbox 836 2578 1137 2647; x_wconf 81' lang='grc' dir='ltr'>συμφέρον,</span> <span class='ocrx_word' id='word_1_321' title='bbox 1174 2579 1490 2645; x_wconf 74' lang='grc' dir='ltr'>ἐπείγεσθαι</span> <span class='ocrx_word' id='word_1_322' title='bbox 1519 2581 1755 2631; x_wconf 90' lang='grc' dir='ltr'>συνεῖναι</span> <span class='ocrx_word' id='word_1_323' title='bbox 1777 2574 2015 2649; x_wconf 83' lang='grc' dir='ltr'>Χριστῷ.</span> 
     </span>
    </p>
   </div>
   <div class='ocr_carea' id='block_1_44' title="bbox 445 2668 2008 2741">
    <p class='ocr_par' dir='ltr' id='par_1_44' title="bbox 445 2668 2008 2741">
     <span class='ocr_line' id='line_1_44' title="bbox 445 2668 2008 2741; baseline 0 -21"><span class='ocrx_word' id='word_1_324' title='bbox 445 2669 628 2737; x_wconf 83' lang='grc' dir='ltr'>Ἔχεις</span> <span class='ocrx_word' id='word_1_325' title='bbox 650 2668 743 2720; x_wconf 90' lang='grc' dir='ltr'><strong>τοῦ</strong></span> <span class='ocrx_word' id='word_1_326' title='bbox 777 2668 1128 2741; x_wconf 82' lang='grc' dir='ltr'>θεωρήματος</span> <span class='ocrx_word' id='word_1_327' title='bbox 1162 2670 1219 2724; x_wconf 85' lang='grc' dir='ltr'><strong>ἐν</strong></span> <span class='ocrx_word' id='word_1_328' title='bbox 1248 2672 1360 2731; x_wconf 85' lang='grc' dir='ltr'>τοῖς</span> <span class='ocrx_word' id='word_1_329' title='bbox 1389 2671 1511 2724; x_wconf 75' lang='grc' dir='ltr'>καθ’</span> <span class='ocrx_word' id='word_1_330' title='bbox 1534 2672 1679 2741; x_wconf 79' lang='grc' dir='ltr'>ἡμᾶς</span> <span class='ocrx_word' id='word_1_331' title='bbox 1701 2669 1798 2741; x_wconf 79' lang='grc' dir='ltr'>τὴν</span> <span class='ocrx_word' id='word_1_332' title='bbox 1830 2668 2008 2722; x_wconf 88' lang='grc' dir='ltr'>σκιάν.</span> 
     </span>
    </p>
   </div>
   <div class='ocr_carea' id='block_1_45' title="bbox 435 2758 2012 2832">
    <p class='ocr_par' dir='ltr' id='par_1_45' title="bbox 435 2758 2012 2832">
     <span class='ocr_line' id='line_1_45' title="bbox 435 2758 2012 2832; baseline 0 -22"><span class='ocrx_word' id='word_1_333' title='bbox 435 2759 571 2830; x_wconf 73' lang='grc' dir='ltr'>Φέρε</span> <span class='ocrx_word' id='word_1_334' title='bbox 596 2759 660 2829; x_wconf 83' lang='grc' dir='ltr'>δὴ</span> <span class='ocrx_word' id='word_1_335' title='bbox 688 2760 887 2823; x_wconf 80' lang='grc' dir='ltr'>τοίνυν,</span> <span class='ocrx_word' id='word_1_336' title='bbox 919 2761 1027 2813; x_wconf 85' lang='grc' dir='ltr'><strong>τῶν</strong></span> <span class='ocrx_word' id='word_1_337' title='bbox 1067 2762 1161 2813; x_wconf 81' lang='grc' dir='ltr'><strong>ἐπὶ</strong></span> <span class='ocrx_word' id='word_1_338' title='bbox 1195 2760 1416 2832; x_wconf 78' lang='grc' dir='ltr'>Χριστῷ</span> <span class='ocrx_word' id='word_1_339' title='bbox 1451 2762 1768 2831; x_wconf 87' lang='grc' dir='ltr'>μυστηρίων</span> <span class='ocrx_word' id='word_1_340' title='bbox 1797 2761 1896 2828; x_wconf 84' lang='grc' dir='ltr'>τὴν</span> <span class='ocrx_word' id='word_1_341' title='bbox 1919 2758 2012 2811; x_wconf 82' lang='grc' dir='ltr'>δύ-</span> 
     </span>
    </p>
   </div>
   <div class='ocr_carea' id='block_1_46' title="bbox 2110 1934 3686 2007">
    <p class='ocr_par' dir='ltr' id='par_1_46' title="bbox 2110 1934 3686 2007">
     <span class='ocr_line' id='line_1_46' title="bbox 2110 1934 3686 2007; baseline -0.002 -15"><span class='ocrx_word' id='word_1_342' title='bbox 2110 1952 2233 1994; x_wconf 88' lang='lat' dir='ltr'><strong>esse</strong></span> <span class='ocrx_word' id='word_1_343' title='bbox 2290 1953 2416 1991; x_wconf 89' lang='lat' dir='ltr'><strong>cum</strong></span> <span class='ocrx_word' id='word_1_344' title='bbox 2472 1937 2717 2003; x_wconf 81' lang='lat' dir='ltr'><strong>Christo,</strong></span> <span class='ocrx_word' id='word_1_345' title='bbox 2760 1938 2906 1993; x_wconf 88' lang='lat' dir='ltr'><strong>sicut</strong></span> <span class='ocrx_word' id='word_1_346' title='bbox 2963 1938 3080 2007; x_wconf 90' lang='lat' dir='ltr'><strong>ipse</strong></span> <span class='ocrx_word' id='word_1_347' title='bbox 3129 1936 3499 1991; x_wconf 75' lang='lat' dir='ltr'><strong>conﬁrmavit.</strong></span> <span class='ocrx_word' id='word_1_348' title='bbox 3537 1934 3686 2001; x_wconf 83' lang='lat' dir='ltr'><strong>Opus</strong></span> 
     </span>
    </p>
   </div>
   <div class='ocr_carea' id='block_1_47' title="bbox 2111 2018 3687 2101">
    <p class='ocr_par' dir='ltr' id='par_1_47' title="bbox 2111 2018 3687 2101">
     <span class='ocr_line' id='line_1_47' title="bbox 2111 2018 3687 2101; baseline -0.002 -19"><span class='ocrx_word' id='word_1_349' title='bbox 2111 2028 2279 2098; x_wconf 81' lang='lat' dir='ltr'><strong>igitur</strong></span> <span class='ocrx_word' id='word_1_350' title='bbox 2310 2038 2394 2083; x_wconf 90' lang='lat' dir='ltr'><strong>est</strong></span> <span class='ocrx_word' id='word_1_351' title='bbox 2450 2036 2509 2082; x_wconf 89' lang='lat' dir='ltr'><strong>ut</strong></span> <span class='ocrx_word' id='word_1_352' title='bbox 2551 2018 2647 2098; x_wconf 87' lang='lat' dir='ltr'><strong>qui</strong></span> <span class='ocrx_word' id='word_1_353' title='bbox 2696 2045 2819 2082; x_wconf 88' lang='lat' dir='ltr'><strong>eum</strong></span> <span class='ocrx_word' id='word_1_354' title='bbox 2863 2029 3122 2101; x_wconf 72' lang='lat' dir='ltr'><strong>diligunt,</strong></span> <span class='ocrx_word' id='word_1_355' title='bbox 3160 2027 3507 2084; x_wconf 87' lang='lat' dir='ltr'><strong>dilectionem</strong></span> <span class='ocrx_word' id='word_1_356' title='bbox 3556 2040 3687 2095; x_wconf 79' lang='lat' dir='ltr'><strong>erga</strong></span> 
     </span>
    </p>
   </div>
   <div class='ocr_carea' id='block_1_48' title="bbox 2109 2119 3688 2190">
    <p class='ocr_par' dir='ltr' id='par_1_48' title="bbox 2109 2119 3688 2190">
     <span class='ocr_line' id='line_1_48' title="bbox 2109 2119 3688 2190; baseline -0.003 -16"><span class='ocrx_word' id='word_1_357' title='bbox 2109 2133 2233 2174; x_wconf 88' lang='lat' dir='ltr'><strong>eum</strong></span> <span class='ocrx_word' id='word_1_358' title='bbox 2265 2120 2495 2189; x_wconf 84' lang='lat' dir='ltr'><strong>implere</strong></span> <span class='ocrx_word' id='word_1_359' title='bbox 2524 2128 2819 2182; x_wconf 88' lang='lat' dir='ltr'><strong>conentur,</strong></span> <span class='ocrx_word' id='word_1_360' title='bbox 2846 2136 3025 2190; x_wconf 86' lang='lat' dir='ltr'><strong>neque</strong></span> <span class='ocrx_word' id='word_1_361' title='bbox 3057 2130 3272 2174; x_wconf 86' lang='lat' dir='ltr'><strong>tantum</strong></span> <span class='ocrx_word' id='word_1_362' title='bbox 3311 2134 3470 2189; x_wconf 64' lang='lat' dir='ltr'><strong>aequo</strong></span> <span class='ocrx_word' id='word_1_363' title='bbox 3504 2119 3688 2171; x_wconf 89' lang='lat' dir='ltr'><strong>animo</strong></span> 
     </span>
    </p>
   </div>
   <div class='ocr_carea' id='block_1_49' title="bbox 2110 2209 3690 2281">
    <p class='ocr_par' dir='ltr' id='par_1_49' title="bbox 2110 2209 3690 2281">
     <span class='ocr_line' id='line_1_49' title="bbox 2110 2209 3690 2281; baseline -0.003 -15"><span class='ocrx_word' id='word_1_364' title='bbox 2110 2226 2174 2267; x_wconf 88' lang='lat' dir='ltr'><strong>ea</strong></span> <span class='ocrx_word' id='word_1_365' title='bbox 2215 2209 2393 2265; x_wconf 67' lang='lat' dir='ltr'><strong>ferant</strong></span> <span class='ocrx_word' id='word_1_366' title='bbox 2442 2225 2567 2279; x_wconf 65' lang='lat' dir='ltr'><strong>quae</strong></span> <span class='ocrx_word' id='word_1_367' title='bbox 2605 2210 2709 2265; x_wconf 84' lang='lat' dir='ltr'><strong>sibi</strong></span> <span class='ocrx_word' id='word_1_368' title='bbox 2760 2212 2888 2267; x_wconf 91' lang='lat' dir='ltr'><strong>nnis</strong></span> <span class='ocrx_word' id='word_1_369' title='bbox 2920 2219 3077 2281; x_wconf 77' lang='lat' dir='ltr'><strong>grata</strong></span> <span class='ocrx_word' id='word_1_370' title='bbox 3118 2222 3266 2273; x_wconf 89' lang='lat' dir='ltr'><strong>sunt,</strong></span> <span class='ocrx_word' id='word_1_371' title='bbox 3296 2211 3392 2266; x_wconf 88' lang='lat' dir='ltr'><strong>sed</strong></span> <span class='ocrx_word' id='word_1_372' title='bbox 3437 2210 3690 2265; x_wconf 87' lang='lat' dir='ltr'><strong>conside-</strong></span> 
     </span>
    </p>
   </div>
   <div class='ocr_carea' id='block_1_50' title="bbox 2117 2301 3690 2372">
    <p class='ocr_par' dir='ltr' id='par_1_50' title="bbox 2117 2301 3690 2372">
     <span class='ocr_line' id='line_1_50' title="bbox 2117 2301 3690 2372; baseline -0.001 -16"><span class='ocrx_word' id='word_1_373' title='bbox 2117 2310 2307 2357; x_wconf 86' lang='lat' dir='ltr'><strong>rantes</strong></span> <span class='ocrx_word' id='word_1_374' title='bbox 2343 2302 2531 2370; x_wconf 87' lang='lat' dir='ltr'><strong>potius</strong></span> <span class='ocrx_word' id='word_1_375' title='bbox 2564 2302 2709 2371; x_wconf 90' lang='lat' dir='ltr'><strong>quod</strong></span> <span class='ocrx_word' id='word_1_376' title='bbox 2745 2302 3050 2359; x_wconf 90' lang='lat' dir='ltr'><strong>discedenti</strong></span> <span class='ocrx_word' id='word_1_377' title='bbox 3103 2303 3367 2372; x_wconf 77' lang='lat' dir='ltr'><strong>magistro</strong></span> <span class='ocrx_word' id='word_1_378' title='bbox 3411 2301 3690 2357; x_wconf 78' lang='lat' dir='ltr'><strong>conduce-</strong></span> 
     </span>
    </p>
   </div>
   <div class='ocr_carea' id='block_1_51' title="bbox 2117 2393 3689 2458">
    <p class='ocr_par' dir='ltr' id='par_1_51' title="bbox 2117 2393 3689 2458">
     <span class='ocr_line' id='line_1_51' title="bbox 2117 2393 3689 2458; baseline -0.001 -11"><span class='ocrx_word' id='word_1_379' title='bbox 2117 2401 2220 2458; x_wconf 89' lang='lat' dir='ltr'><strong>ret,</strong></span> <span class='ocrx_word' id='word_1_380' title='bbox 2266 2394 2490 2448; x_wconf 88' lang='lat' dir='ltr'><strong>studere</strong></span> <span class='ocrx_word' id='word_1_381' title='bbox 2531 2407 2656 2446; x_wconf 90' lang='lat' dir='ltr'><strong>cum</strong></span> <span class='ocrx_word' id='word_1_382' title='bbox 2685 2393 2908 2449; x_wconf 84' lang='lat' dir='ltr'><strong>Christo</strong></span> <span class='ocrx_word' id='word_1_383' title='bbox 2939 2396 3171 2449; x_wconf 88' lang='lat' dir='ltr'><strong>versari.</strong></span> <span class='ocrx_word' id='word_1_384' title='bbox 3210 2393 3391 2449; x_wconf 81' lang='lat' dir='ltr'><strong>Habes</strong></span> <span class='ocrx_word' id='word_1_385' title='bbox 3440 2395 3499 2447; x_wconf 90' lang='lat' dir='ltr'><strong>iu</strong></span> <span class='ocrx_word' id='word_1_386' title='bbox 3532 2394 3689 2448; x_wconf 86' lang='lat' dir='ltr'><strong>nobis</strong></span> 
     </span>
    </p>
   </div>
   <div class='ocr_carea' id='block_1_52' title="bbox 2116 2484 3692 2557">
    <p class='ocr_par' dir='ltr' id='par_1_52' title="bbox 2116 2484 3692 2557">
     <span class='ocr_line' id='line_1_52' title="bbox 2116 2484 3692 2557; baseline -0.001 -20"><span class='ocrx_word' id='word_1_387' title='bbox 2116 2484 2477 2557; x_wconf 81' lang='lat' dir='ltr'><strong>theorematis</strong></span> <span class='ocrx_word' id='word_1_388' title='bbox 2516 2485 2665 2539; x_wconf 89' lang='lat' dir='ltr'><strong>illius</strong></span> <span class='ocrx_word' id='word_1_389' title='bbox 2701 2486 2975 2540; x_wconf 87' lang='lat' dir='ltr'><strong>umbram.</strong></span> <span class='ocrx_word' id='word_1_390' title='bbox 3009 2486 3251 2557; x_wconf 71' lang='lat' dir='ltr'><strong>Agedum</strong></span> <span class='ocrx_word' id='word_1_391' title='bbox 3284 2500 3435 2555; x_wconf 77' lang='lat' dir='ltr'><strong>ergo,</strong></span> <span class='ocrx_word' id='word_1_392' title='bbox 3480 2485 3587 2536; x_wconf 91' lang='lat' dir='ltr'><strong>vim</strong></span> <span class='ocrx_word' id='word_1_393' title='bbox 3637 2492 3692 2535; x_wconf 79' lang='lat' dir='ltr'><strong>et</strong></span> 
     </span>
    </p>
   </div>
   <div class='ocr_carea' id='block_1_53' title="bbox 2117 2555 3691 2644">
    <p class='ocr_par' dir='ltr' id='par_1_53' title="bbox 2117 2555 3691 2644">
     <span class='ocr_line' id='line_1_53' title="bbox 2117 2555 3691 2644; baseline -0.001 -17"><span class='ocrx_word' id='word_1_394' title='bbox 2117 2555 2381 2630; x_wconf 74' lang='lat' dir='ltr'><strong>rationem</strong></span> <span class='ocrx_word' id='word_1_395' title='bbox 2413 2575 2621 2632; x_wconf 86' lang='lat' dir='ltr'><strong>Christi</strong></span> <span class='ocrx_word' id='word_1_396' title='bbox 2666 2555 3078 2644; x_wconf 78' lang='lat' dir='ltr'><strong>mysteriorum</strong></span> <span class='ocrx_word' id='word_1_397' title='bbox 3111 2592 3212 2631; x_wconf 90' lang='lat' dir='ltr'><strong>ceu</strong></span> <span class='ocrx_word' id='word_1_398' title='bbox 3258 2576 3475 2630; x_wconf 75' lang='lat' dir='ltr'><strong>colores</strong></span> <span class='ocrx_word' id='word_1_399' title='bbox 3510 2576 3691 2628; x_wconf 77' lang='lat' dir='ltr'><strong>varios</strong></span> 
     </span>
    </p>
   </div>
   <div class='ocr_carea' id='block_1_54' title="bbox 2119 2666 3693 2738">
    <p class='ocr_par' dir='ltr' id='par_1_54' title="bbox 2119 2666 3693 2738">
     <span class='ocr_line' id='line_1_54' title="bbox 2119 2666 3693 2738; baseline -0.001 -18"><span class='ocrx_word' id='word_1_400' title='bbox 2119 2668 2328 2721; x_wconf 88' lang='lat' dir='ltr'><strong>mnbris</strong></span> <span class='ocrx_word' id='word_1_401' title='bbox 2380 2668 2727 2733; x_wconf 87' lang='lat' dir='ltr'><strong>inducentes,</strong></span> <span class='ocrx_word' id='word_1_402' title='bbox 2759 2669 2932 2738; x_wconf 86' lang='lat' dir='ltr'><strong>ipsam</strong></span> <span class='ocrx_word' id='word_1_403' title='bbox 2973 2670 3120 2724; x_wconf 84' lang='lat' dir='ltr'><strong>clare</strong></span> <span class='ocrx_word' id='word_1_404' title='bbox 3168 2669 3388 2725; x_wconf 89' lang='lat' dir='ltr'><strong>demum</strong></span> <span class='ocrx_word' id='word_1_405' title='bbox 3436 2666 3693 2723; x_wconf 82' lang='lat' dir='ltr'><strong>ostenda-</strong></span> 
     </span>
    </p>
   </div>
   <div class='ocr_carea' id='block_1_55' title="bbox 2121 2761 2575 2816">
    <p class='ocr_par' dir='ltr' id='par_1_55' title="bbox 2121 2761 2575 2816">
     <span class='ocr_line' id='line_1_55' title="bbox 2121 2761 2575 2816; baseline 0.004 -3"><span class='ocrx_word' id='word_1_406' title='bbox 2121 2775 2242 2815; x_wconf 88' lang='lat' dir='ltr'><strong>mus</strong></span> <span class='ocrx_word' id='word_1_407' title='bbox 2265 2761 2575 2816; x_wconf 83' lang='lat' dir='ltr'><strong>veritatem.</strong></span> 
     </span>
    </p>
   </div>
   <div class='ocr_carea' id='block_1_56' title="bbox 433 2852 3691 2928">
    <p class='ocr_par' dir='ltr' id='par_1_56' title="bbox 433 2852 3691 2928">
     <span class='ocr_line' id='line_1_56' title="bbox 433 2852 3691 2928; baseline 0.002 -24"><span class='ocrx_word' id='word_1_408' title='bbox 433 2868 599 2923; x_wconf 81' lang='grc' dir='ltr'>ναμιν</span> <span class='ocrx_word' id='word_1_409' title='bbox 644 2853 895 2927; x_wconf 85' lang='grc' dir='ltr'>καθάπερ</span> <span class='ocrx_word' id='word_1_410' title='bbox 931 2873 985 2907; x_wconf 91' lang='grc' dir='ltr'><strong>τι</strong></span> <span class='ocrx_word' id='word_1_411' title='bbox 1019 2854 1221 2927; x_wconf 85' lang='grc' dir='ltr'>χρῶμα</span> <span class='ocrx_word' id='word_1_412' title='bbox 1254 2855 1542 2919; x_wconf 54' lang='grc' dir='ltr'>,πολυειδὲς</span> <span class='ocrx_word' id='word_1_413' title='bbox 1570 2859 1695 2918; x_wconf 81' lang='grc' dir='ltr'>,ταῖς</span> <span class='ocrx_word' id='word_1_414' title='bbox 1735 2856 1913 2917; x_wconf 86' lang='grc' dir='ltr'>σκιαῖς</span> <span class='ocrx_word' id='word_1_415' title='bbox 1957 2852 2364 2922; x_wconf 63' lang='grc' dir='ltr'>ἐπαλείφοντες,</span> <span class='ocrx_word' id='word_1_416' title='bbox 2418 2856 2599 2927; x_wconf 72' lang='grc' dir='ltr'>αὐτὴν</span> <span class='ocrx_word' id='word_1_417' title='bbox 2626 2856 2725 2928; x_wconf 67' lang='grc' dir='ltr'>ἤδη</span> <span class='ocrx_word' id='word_1_418' title='bbox 2772 2855 2958 2927; x_wconf 77' lang='grc' dir='ltr'>σαφῶς</span> <span class='ocrx_word' id='word_1_419' title='bbox 3005 2856 3359 2928; x_wconf 77' lang='grc' dir='ltr'>ἐπιδείξωμεν</span> <span class='ocrx_word' id='word_1_420' title='bbox 3410 2858 3508 2927; x_wconf 81' lang='grc' dir='ltr'>τὴν</span> <span class='ocrx_word' id='word_1_421' title='bbox 3557 2856 3691 2926; x_wconf 82' lang='grc' dir='ltr'>ἀλή-</span> 
     </span>
    </p>
   </div>
   <div class='ocr_carea' id='block_1_57' title="bbox 433 2950 607 3005">
    <p class='ocr_par' dir='ltr' id='par_1_57' title="bbox 433 2950 607 3005">
     <span class='ocr_line' id='line_1_57' title="bbox 433 2950 607 3005; baseline 0.011 -2"><span class='ocrx_word' id='word_1_422' title='bbox 433 2950 607 3005; x_wconf 84' lang='grc' dir='ltr'>θειαν.</span> 
     </span>
    </p>
   </div>
   <div class='ocr_carea' id='block_1_58' title="bbox 515 3036 2015 3119">
    <p class='ocr_par' dir='ltr' id='par_1_58' title="bbox 515 3046 2015 3119">
     <span class='ocr_line' id='line_1_58' title="bbox 515 3046 2015 3119; baseline 0.001 -21"><span class='ocrx_word' id='word_1_423' title='bbox 515 3047 607 3098; x_wconf 81' lang='grc' dir='ltr'><strong>Ἐν</strong></span> <span class='ocrx_word' id='word_1_424' title='bbox 636 3048 816 3118; x_wconf 80' lang='grc' dir='ltr'>μορφῇ</span> <span class='ocrx_word' id='word_1_425' title='bbox 846 3047 957 3119; x_wconf 76' lang='grc' dir='ltr'><strong>γάρ</strong></span> <span class='ocrx_word' id='word_1_426' title='bbox 994 3046 1255 3119; x_wconf 75' lang='grc' dir='ltr'>ὑπάρχων</span> <span class='ocrx_word' id='word_1_427' title='bbox 1297 3048 1383 3101; x_wconf 79' lang='grc' dir='ltr'><strong>τοῦ</strong></span> <span class='ocrx_word' id='word_1_428' title='bbox 1432 3049 1566 3101; x_wconf 82' lang='grc' dir='ltr'>Θεοῦ</span> <span class='ocrx_word' id='word_1_429' title='bbox 1600 3049 1693 3102; x_wconf 70' lang='grc' dir='ltr'>καὶ</span> <span class='ocrx_word' id='word_1_430' title='bbox 1735 3048 1948 3119; x_wconf 77' lang='grc' dir='ltr'>Πατρὺς</span> <span class='ocrx_word' id='word_1_431' title='bbox 1989 3049 2015 3100; x_wconf 81' lang='grc' dir='ltr'><strong>ὁ</strong></span> 
     </span>
    </p>
   </div>
   <div class='ocr_carea' id='block_1_59' title="bbox 2118 3036 3695 3119">
    <p class='ocr_par' dir='ltr' id='par_1_59' title="bbox 2189 3036 3695 3105">
     <span class='ocr_line' id='line_1_59' title="bbox 2189 3036 3695 3105; baseline -0.003 -9"><span class='ocrx_word' id='word_1_432' title='bbox 2189 3042 2324 3096; x_wconf 85' lang='lat' dir='ltr'><strong>Nam</strong></span> <span class='ocrx_word' id='word_1_433' title='bbox 2381 3056 2506 3096; x_wconf 91' lang='lat' dir='ltr'><strong>eum</strong></span> <span class='ocrx_word' id='word_1_434' title='bbox 2535 3043 2590 3094; x_wconf 92' lang='lat' dir='ltr'><strong>in</strong></span> <span class='ocrx_word' id='word_1_435' title='bbox 2638 3041 2814 3094; x_wconf 82' lang='lat' dir='ltr'><strong>forma</strong></span> <span class='ocrx_word' id='word_1_436' title='bbox 2853 3038 2947 3094; x_wconf 89' lang='lat' dir='ltr'><strong>Dei</strong></span> <span class='ocrx_word' id='word_1_437' title='bbox 2995 3053 3058 3095; x_wconf 84' lang='lat' dir='ltr'><strong>ac</strong></span> <span class='ocrx_word' id='word_1_438' title='bbox 3094 3039 3279 3094; x_wconf 86' lang='lat' dir='ltr'><strong>Patris</strong></span> <span class='ocrx_word' id='word_1_439' title='bbox 3317 3046 3463 3094; x_wconf 88' lang='lat' dir='ltr'><strong>esset</strong></span> <span class='ocrx_word' id='word_1_440' title='bbox 3496 3036 3695 3105; x_wconf 75' lang='lat' dir='ltr'><strong>Unigc-</strong></span> 
     </span>
    </p>
   </div>
   <div class='ocr_carea' id='block_1_60' title="bbox 435 3136 2016 3211">
    <p class='ocr_par' dir='ltr' id='par_1_60' title="bbox 435 3136 2016 3211">
     <span class='ocr_line' id='line_1_60' title="bbox 435 3136 2016 3211; baseline 0.001 -21"><span class='ocrx_word' id='word_1_441' title='bbox 435 3136 766 3205; x_wconf 78' lang='grc' dir='ltr'>Μονογενὴς,</span> <span class='ocrx_word' id='word_1_442' title='bbox 798 3137 892 3190; x_wconf 76' lang='grc' dir='ltr'>καὶ</span> <span class='ocrx_word' id='word_1_443' title='bbox 945 3139 1005 3191; x_wconf 87' lang='grc' dir='ltr'><strong>ἐν</strong></span> <span class='ocrx_word' id='word_1_444' title='bbox 1065 3139 1267 3209; x_wconf 80' lang='grc' dir='ltr'>ἰσότητι</span> <span class='ocrx_word' id='word_1_445' title='bbox 1304 3142 1370 3211; x_wconf 83' lang='grc' dir='ltr'>τῇ</span> <span class='ocrx_word' id='word_1_446' title='bbox 1402 3140 1545 3193; x_wconf 84' lang='grc' dir='ltr'>κατὰ</span> <span class='ocrx_word' id='word_1_447' title='bbox 1604 3140 1867 3209; x_wconf 86' lang='grc' dir='ltr'>Πνεῦμα,</span> <span class='ocrx_word' id='word_1_448' title='bbox 1918 3139 2016 3209; x_wconf 88' lang='grc' dir='ltr'><strong>οὑχ</strong></span> 
     </span>
    </p>
   </div>
   <div class='ocr_carea' id='block_1_61' title="bbox 438 3222 2016 3303">
    <p class='ocr_par' dir='ltr' id='par_1_61' title="bbox 438 3222 2016 3303">
     <span class='ocr_line' id='line_1_61' title="bbox 438 3222 2016 3303; baseline 0.003 -24"><span class='ocrx_word' id='word_1_449' title='bbox 438 3229 733 3298; x_wconf 72' lang='grc' dir='ltr'>ἁρπαγμὸν</span> <span class='ocrx_word' id='word_1_450' title='bbox 773 3231 1020 3301; x_wconf 78' lang='grc' dir='ltr'>ἡγήσατο</span> <span class='ocrx_word' id='word_1_451' title='bbox 1050 3230 1112 3283; x_wconf 80' lang='grc' dir='ltr'>τὸ</span> <span class='ocrx_word' id='word_1_452' title='bbox 1139 3222 1277 3285; x_wconf 72' lang='grc' dir='ltr'>εἶναι</span> <span class='ocrx_word' id='word_1_453' title='bbox 1306 3232 1397 3287; x_wconf 85' lang='grc' dir='ltr'><strong>ίσα</strong></span> <span class='ocrx_word' id='word_1_454' title='bbox 1421 3232 1560 3303; x_wconf 79' lang='grc' dir='ltr'>Θεῷ,</span> <span class='ocrx_word' id='word_1_455' title='bbox 1601 3232 1690 3286; x_wconf 89' lang='grc' dir='ltr'><strong>διά</strong></span> <span class='ocrx_word' id='word_1_456' title='bbox 1713 3249 1771 3284; x_wconf 86' lang='grc' dir='ltr'><strong>τε</strong></span> <span class='ocrx_word' id='word_1_457' title='bbox 1804 3231 1901 3302; x_wconf 85' lang='grc' dir='ltr'>τὴν</span> <span class='ocrx_word' id='word_1_458' title='bbox 1933 3232 2016 3293; x_wconf 82' lang='grc' dir='ltr'><strong>εἰς</strong></span> 
     </span>
    </p>
   </div>
   <div class='ocr_carea' id='block_1_62' title="bbox 437 3321 2015 3394">
    <p class='ocr_par' dir='ltr' id='par_1_62' title="bbox 437 3321 2015 3394">
     <span class='ocr_line' id='line_1_62' title="bbox 437 3321 2015 3394; baseline 0 -21"><span class='ocrx_word' id='word_1_459' title='bbox 437 3322 586 3388; x_wconf 79' lang='grc' dir='ltr'>ἡμᾶς</span> <span class='ocrx_word' id='word_1_460' title='bbox 620 3321 897 3390; x_wconf 81' lang='grc' dir='ltr'>ἀγάπησιν</span> <span class='ocrx_word' id='word_1_461' title='bbox 948 3322 1252 3376; x_wconf 87' lang='grc' dir='ltr'>κεκένωκεν</span> <span class='ocrx_word' id='word_1_462' title='bbox 1305 3323 1520 3387; x_wconf 82' lang='grc' dir='ltr'>ἐαυτὸν,</span> <span class='ocrx_word' id='word_1_463' title='bbox 1573 3321 1786 3394; x_wconf 87' lang='grc' dir='ltr'>μορφὴν</span> <span class='ocrx_word' id='word_1_464' title='bbox 1828 3321 2015 3375; x_wconf 88' lang='grc' dir='ltr'>δούλου</span> 
     </span>
    </p>
   </div>
   <div class='ocr_carea' id='block_1_63' title="bbox 435 3412 2017 3484">
    <p class='ocr_par' dir='ltr' id='par_1_63' title="bbox 435 3412 2017 3484">
     <span class='ocr_line' id='line_1_63' title="bbox 435 3412 2017 3484; baseline 0.003 -19"><span class='ocrx_word' id='word_1_465' title='bbox 435 3412 637 3471; x_wconf 77' lang='grc' dir='ltr'>λαϐὼν.</span> <span class='ocrx_word' id='word_1_466' title='bbox 664 3413 760 3466; x_wconf 71' lang='grc' dir='ltr'>καὶ</span> <span class='ocrx_word' id='word_1_467' title='bbox 781 3414 990 3483; x_wconf 79' lang='grc' dir='ltr'>ὑπέστη</span> <span class='ocrx_word' id='word_1_468' title='bbox 1009 3430 1070 3481; x_wconf 88' lang='grc' dir='ltr'><strong>γε</strong></span> <span class='ocrx_word' id='word_1_469' title='bbox 1090 3414 1249 3467; x_wconf 86' lang='grc' dir='ltr'>τοῦτο</span> <span class='ocrx_word' id='word_1_470' title='bbox 1275 3414 1481 3479; x_wconf 84' lang='grc' dir='ltr'>παθὼν,</span> <span class='ocrx_word' id='word_1_471' title='bbox 1514 3416 1605 3477; x_wconf 73' lang='grc' dir='ltr'>Ινα</span> <span class='ocrx_word' id='word_1_472' title='bbox 1641 3416 1846 3479; x_wconf 80' lang='grc' dir='ltr'>πάντας</span> <span class='ocrx_word' id='word_1_473' title='bbox 1868 3415 2017 3484; x_wconf 78' lang='grc' dir='ltr'>ἡμᾶς</span> 
     </span>
    </p>
   </div>
   <div class='ocr_carea' id='block_1_64' title="bbox 439 3502 2018 3578">
    <p class='ocr_par' dir='ltr' id='par_1_64' title="bbox 439 3502 2018 3578">
     <span class='ocr_line' id='line_1_64' title="bbox 439 3502 2018 3578; baseline 0.003 -22"><span class='ocrx_word' id='word_1_474' title='bbox 439 3502 721 3574; x_wconf 77' lang='grc' dir='ltr'>ἀπευθύνῃ</span> <span class='ocrx_word' id='word_1_475' title='bbox 756 3504 892 3573; x_wconf 80' lang='grc' dir='ltr'>πρὸς</span> <span class='ocrx_word' id='word_1_476' title='bbox 922 3506 1102 3557; x_wconf 81' lang='grc' dir='ltr'>πᾶσαν</span> <span class='ocrx_word' id='word_1_477' title='bbox 1145 3504 1357 3575; x_wconf 77' lang='grc' dir='ltr'>ιίδησιν</span> <span class='ocrx_word' id='word_1_478' title='bbox 1390 3507 1611 3577; x_wconf 80' lang='grc' dir='ltr'>ἀρετῆς,</span> <span class='ocrx_word' id='word_1_479' title='bbox 1643 3507 1752 3571; x_wconf 83' lang='grc' dir='ltr'>ἵνα,</span> <span class='ocrx_word' id='word_1_480' title='bbox 1792 3506 1881 3560; x_wconf 82' lang='grc' dir='ltr'>διὰ</span> <span class='ocrx_word' id='word_1_481' title='bbox 1918 3507 2018 3578; x_wconf 76' lang='grc' dir='ltr'>τῆς</span> 
     </span>
    </p>
   </div>
   <div class='ocr_carea' id='block_1_65' title="bbox 440 3591 2020 3668">
    <p class='ocr_par' dir='ltr' id='par_1_65' title="bbox 440 3591 2020 3668">
     <span class='ocr_line' id='line_1_65' title="bbox 440 3591 2020 3668; baseline 0.004 -24"><span class='ocrx_word' id='word_1_482' title='bbox 440 3591 550 3644; x_wconf 84' lang='grc' dir='ltr'><strong>τῶν</strong></span> <span class='ocrx_word' id='word_1_483' title='bbox 579 3591 873 3661; x_wconf 81' lang='grc' dir='ltr'>θαυμάτων</span> <span class='ocrx_word' id='word_1_484' title='bbox 893 3593 1227 3664; x_wconf 85' lang='grc' dir='ltr'>ἀσυγκρίτου</span> <span class='ocrx_word' id='word_1_485' title='bbox 1254 3596 1631 3665; x_wconf 77' lang='grc' dir='ltr'>’φαιδρότητος,</span> <span class='ocrx_word' id='word_1_486' title='bbox 1665 3596 1903 3668; x_wconf 76' lang='grc' dir='ltr'>θεωροὺς</span> <span class='ocrx_word' id='word_1_487' title='bbox 1927 3614 2020 3666; x_wconf 80' lang='grc' dir='ltr'>γε-</span> 
     </span>
    </p>
   </div>
   <div class='ocr_carea' id='block_1_66' title="bbox 444 3683 2019 3758">
    <p class='ocr_par' dir='ltr' id='par_1_66' title="bbox 444 3683 2019 3758">
     <span class='ocr_line' id='line_1_66' title="bbox 444 3683 2019 3758; baseline 0.005 -24"><span class='ocrx_word' id='word_1_488' title='bbox 444 3683 634 3735; x_wconf 80' lang='grc' dir='ltr'>νέσθαι</span> <span class='ocrx_word' id='word_1_489' title='bbox 659 3683 1057 3754; x_wconf 77' lang='grc' dir='ltr'>παρασκευάσῃ</span> <span class='ocrx_word' id='word_1_490' title='bbox 1077 3684 1176 3752; x_wconf 81' lang='grc' dir='ltr'>τῆς</span> <span class='ocrx_word' id='word_1_491' title='bbox 1206 3684 1431 3755; x_wconf 84' lang='grc' dir='ltr'>ἐνούσης</span> <span class='ocrx_word' id='word_1_492' title='bbox 1481 3690 1545 3756; x_wconf 80' lang='grc' dir='ltr'><strong>τῇ</strong></span> <span class='ocrx_word' id='word_1_493' title='bbox 1595 3686 1713 3758; x_wconf 79' lang='grc' dir='ltr'>θείᾳ</span> <span class='ocrx_word' id='word_1_494' title='bbox 1742 3689 1900 3754; x_wconf 89' lang='grc' dir='ltr'>φύσει</span> <span class='ocrx_word' id='word_1_495' title='bbox 1928 3688 2019 3741; x_wconf 89' lang='grc' dir='ltr'>δυ-</span> 
     </span>
    </p>
   </div>
   <div class='ocr_carea' id='block_1_67' title="bbox 449 3770 2021 3845">
    <p class='ocr_par' dir='ltr' id='par_1_67' title="bbox 449 3770 2021 3845">
     <span class='ocr_line' id='line_1_67' title="bbox 449 3770 2021 3845; baseline 0.005 -23"><span class='ocrx_word' id='word_1_496' title='bbox 449 3770 665 3839; x_wconf 84' lang='grc' dir='ltr'>νάμεώς</span> <span class='ocrx_word' id='word_1_497' title='bbox 692 3787 751 3824; x_wconf 88' lang='grc' dir='ltr'><strong>τε</strong></span> <span class='ocrx_word' id='word_1_498' title='bbox 771 3770 866 3824; x_wconf 75' lang='grc' dir='ltr'>καὶ</span> <span class='ocrx_word' id='word_1_499' title='bbox 898 3771 1075 3841; x_wconf 82' lang='grc' dir='ltr'>δόξης,</span> <span class='ocrx_word' id='word_1_500' title='bbox 1109 3772 1203 3824; x_wconf 74' lang='grc' dir='ltr'>καὶ</span> <span class='ocrx_word' id='word_1_501' title='bbox 1233 3773 1544 3845; x_wconf 81' lang='grc' dir='ltr'>ὑπερφυοῦς</span> <span class='ocrx_word' id='word_1_502' title='bbox 1578 3773 1842 3840; x_wconf 84' lang='grc' dir='ltr'>ἐξουσίας.</span> <span class='ocrx_word' id='word_1_503' title='bbox 1862 3775 2021 3830; x_wconf 75' lang='grc' dir='ltr'>Οὑτω</span> 
     </span>
    </p>
   </div>
   <div class='ocr_carea' id='block_1_68' title="bbox 448 3856 2021 3941">
    <p class='ocr_par' dir='ltr' id='par_1_68' title="bbox 448 3856 2021 3941">
     <span class='ocr_line' id='line_1_68' title="bbox 448 3856 2021 3941; baseline 0.004 -28"><span class='ocrx_word' id='word_1_504' title='bbox 448 3860 555 3930; x_wconf 85' lang='grc' dir='ltr'><strong>γὰρ</strong></span> <span class='ocrx_word' id='word_1_505' title='bbox 578 3856 648 3930; x_wconf 85' lang='grc' dir='ltr'>ἦν</span> <span class='ocrx_word' id='word_1_506' title='bbox 672 3861 960 3914; x_wconf 88' lang='grc' dir='ltr'>ἀναπεῖσαι</span> <span class='ocrx_word' id='word_1_507' title='bbox 988 3862 1115 3924; x_wconf 66' lang='grc' dir='ltr'>τοῦς</span> <span class='ocrx_word' id='word_1_508' title='bbox 1155 3864 1236 3926; x_wconf 82' lang='grc' dir='ltr'>εὶς</span> <span class='ocrx_word' id='word_1_509' title='bbox 1264 3864 1501 3933; x_wconf 79' lang='grc' dir='ltr'>ἐσχάτην</span> <span class='ocrx_word' id='word_1_510' title='bbox 1526 3865 1764 3941; x_wconf 81' lang='grc' dir='ltr'>ἀμαθίαν</span> <span class='ocrx_word' id='word_1_511' title='bbox 1792 3866 2021 3939; x_wconf 85' lang='grc' dir='ltr'>ὠλισθη-</span> 
     </span>
    </p>
   </div>
   <div class='ocr_carea' id='block_1_69' title="bbox 450 3951 2019 4028">
    <p class='ocr_par' dir='ltr' id='par_1_69' title="bbox 450 3951 2019 4028">
     <span class='ocr_line' id='line_1_69' title="bbox 450 3951 2019 4028; baseline 0.007 -26"><span class='ocrx_word' id='word_1_512' title='bbox 450 3951 631 4014; x_wconf 79' lang='grc' dir='ltr'>κότας,</span> <span class='ocrx_word' id='word_1_513' title='bbox 657 3952 966 4024; x_wconf 83' lang='grc' dir='ltr'>ἀνασφῆλαι</span> <span class='ocrx_word' id='word_1_514' title='bbox 991 3952 1153 4006; x_wconf 79' lang='grc' dir='ltr'>πάλιν</span> <span class='ocrx_word' id='word_1_515' title='bbox 1190 3956 1270 4016; x_wconf 82' lang='grc' dir='ltr'><strong>είς</strong></span> <span class='ocrx_word' id='word_1_516' title='bbox 1303 3954 1535 4022; x_wconf 88' lang='grc' dir='ltr'>σύνεσιν,</span> <span class='ocrx_word' id='word_1_517' title='bbox 1562 3957 1655 4011; x_wconf 81' lang='grc' dir='ltr'>καὶ</span> <span class='ocrx_word' id='word_1_518' title='bbox 1696 3963 2019 4028; x_wconf 83' lang='grc' dir='ltr'>προσκυνεῖν</span> 
     </span>
    </p>
   </div>
   <div class='ocr_carea' id='block_1_70' title="bbox 448 4043 2019 4119">
    <p class='ocr_par' dir='ltr' id='par_1_70' title="bbox 448 4043 2019 4119">
     <span class='ocr_line' id='line_1_70' title="bbox 448 4043 2019 4119; baseline 0.006 -25"><span class='ocrx_word' id='word_1_519' title='bbox 448 4043 548 4110; x_wconf 82' lang='grc' dir='ltr'>μὲν</span> <span class='ocrx_word' id='word_1_520' title='bbox 574 4043 757 4096; x_wconf 83' lang='grc' dir='ltr'>οὐκέτι</span> <span class='ocrx_word' id='word_1_521' title='bbox 783 4046 849 4113; x_wconf 83' lang='grc' dir='ltr'><strong>τῇ</strong></span> <span class='ocrx_word' id='word_1_522' title='bbox 881 4044 1056 4096; x_wconf 88' lang='grc' dir='ltr'>κτίσει</span> <span class='ocrx_word' id='word_1_523' title='bbox 1082 4044 1233 4116; x_wconf 88' lang='grc' dir='ltr'><strong>παρά</strong></span> <span class='ocrx_word' id='word_1_524' title='bbox 1257 4045 1348 4098; x_wconf 84' lang='grc' dir='ltr'>τὸν</span> <span class='ocrx_word' id='word_1_525' title='bbox 1378 4046 1660 4113; x_wconf 86' lang='grc' dir='ltr'>κτίσαντα,</span> <span class='ocrx_word' id='word_1_526' title='bbox 1686 4049 1781 4101; x_wconf 71' lang='grc' dir='ltr'><strong>τὸν</strong></span> <span class='ocrx_word' id='word_1_527' title='bbox 1801 4050 1861 4102; x_wconf 75' lang='grc' dir='ltr'>δὲ</span> <span class='ocrx_word' id='word_1_528' title='bbox 1880 4050 2019 4119; x_wconf 84' lang='grc' dir='ltr'>ἀλη-</span> 
     </span>
    </p>
   </div>
   <div class='ocr_carea' id='block_1_71' title="bbox 336 4133 2019 4217">
    <p class='ocr_par' dir='ltr' id='par_1_71' title="bbox 336 4133 2019 4217">
     <span class='ocr_line' id='line_1_71' title="bbox 336 4133 2019 4217; baseline 0.008 -36"><span class='ocrx_word' id='word_1_529' title='bbox 336 4177 340 4181; x_wconf 90' lang='grc'>.</span> <span class='ocrx_word' id='word_1_530' title='bbox 443 4133 552 4197; x_wconf 82' lang='grc' dir='ltr'>θῶς</span> <span class='ocrx_word' id='word_1_531' title='bbox 579 4134 674 4187; x_wconf 72' lang='grc' dir='ltr'>ἕνα</span> <span class='ocrx_word' id='word_1_532' title='bbox 712 4137 807 4187; x_wconf 78' lang='grc' dir='ltr'><strong>καὶ</strong></span> <span class='ocrx_word' id='word_1_533' title='bbox 837 4135 995 4205; x_wconf 88' lang='grc' dir='ltr'>φύσει</span> <span class='ocrx_word' id='word_1_534' title='bbox 1021 4136 1153 4189; x_wconf 87' lang='grc' dir='ltr'>Θεὸν</span> <span class='ocrx_word' id='word_1_535' title='bbox 1202 4138 1627 4217; x_wconf 80' lang='grc' dir='ltr'>ἐπιγράφεσθαι.</span> <span class='ocrx_word' id='word_1_536' title='bbox 1669 4140 1931 4210; x_wconf 83' lang='grc' dir='ltr'>Ὠφέλησε</span> <span class='ocrx_word' id='word_1_537' title='bbox 1962 4142 2019 4194; x_wconf 82' lang='grc' dir='ltr'>δὲ</span> 
     </span>
    </p>
   </div>
   <div class='ocr_carea' id='block_1_72' title="bbox 440 4225 2021 4303">
    <p class='ocr_par' dir='ltr' id='par_1_72' title="bbox 440 4225 2021 4303">
     <span class='ocr_line' id='line_1_72' title="bbox 440 4225 2021 4303; baseline 0.004 -26"><span class='ocrx_word' id='word_1_538' title='bbox 440 4225 535 4278; x_wconf 80' lang='grc' dir='ltr'>καὶ</span> <span class='ocrx_word' id='word_1_539' title='bbox 565 4225 683 4278; x_wconf 88' lang='grc' dir='ltr'>καθ’</span> <span class='ocrx_word' id='word_1_540' title='bbox 711 4225 926 4297; x_wconf 84' lang='grc' dir='ltr'>ἐτέρους</span> <span class='ocrx_word' id='word_1_541' title='bbox 948 4228 1183 4298; x_wconf 75' lang='grc' dir='ltr'>τρόπους</span> <span class='ocrx_word' id='word_1_542' title='bbox 1204 4230 1353 4298; x_wconf 78' lang='grc' dir='ltr'>ἡμᾶς</span> <span class='ocrx_word' id='word_1_543' title='bbox 1368 4232 1395 4282; x_wconf 90' lang='grc' dir='ltr'><strong>ό</strong></span> <span class='ocrx_word' id='word_1_544' title='bbox 1414 4230 1723 4301; x_wconf 81' lang='grc' dir='ltr'>Μονογενὴς</span> <span class='ocrx_word' id='word_1_545' title='bbox 1751 4232 1906 4284; x_wconf 85' lang='grc' dir='ltr'>ἐνανο</span> <span class='ocrx_word' id='word_1_546' title='bbox 1916 4251 2021 4303; x_wconf 85' lang='grc' dir='ltr'>ρω-</span> 
     </span>
    </p>
   </div>
   <div class='ocr_carea' id='block_1_73' title="bbox 440 4317 2017 4391">
    <p class='ocr_par' dir='ltr' id='par_1_73' title="bbox 440 4317 2017 4391">
     <span class='ocr_line' id='line_1_73' title="bbox 440 4317 2017 4391; baseline 0.003 -22"><span class='ocrx_word' id='word_1_547' title='bbox 440 4318 637 4385; x_wconf 75' lang='grc' dir='ltr'>πὴσας·</span> <span class='ocrx_word' id='word_1_548' title='bbox 671 4317 999 4388; x_wconf 77' lang='grc' dir='ltr'>κατέστρεψε</span> <span class='ocrx_word' id='word_1_549' title='bbox 1022 4319 1131 4387; x_wconf 83' lang='grc' dir='ltr'><strong>γάρ</strong></span> <span class='ocrx_word' id='word_1_550' title='bbox 1164 4319 1264 4371; x_wconf 89' lang='grc' dir='ltr'><strong>τοῦ</strong></span> <span class='ocrx_word' id='word_1_551' title='bbox 1291 4319 1522 4374; x_wconf 83' lang='grc' dir='ltr'>θανάτου</span> <span class='ocrx_word' id='word_1_552' title='bbox 1546 4321 1607 4375; x_wconf 83' lang='grc' dir='ltr'>τὸ</span> <span class='ocrx_word' id='word_1_553' title='bbox 1632 4322 1860 4391; x_wconf 87' lang='grc' dir='ltr'>κράτος,</span> <span class='ocrx_word' id='word_1_554' title='bbox 1885 4340 2017 4376; x_wconf 85' lang='grc' dir='ltr'>κατ-</span> 
     </span>
    </p>
   </div>
   <div class='ocr_carea' id='block_1_74' title="bbox 2122 3125 3742 3200">
    <p class='ocr_par' dir='ltr' id='par_1_74' title="bbox 2122 3125 3742 3200">
     <span class='ocr_line' id='line_1_74' title="bbox 2122 3125 3742 3200; baseline -0.007 -10"><span class='ocrx_word' id='word_1_555' title='bbox 2122 3135 2292 3197; x_wconf 86' lang='lat' dir='ltr'><strong>nitus,</strong></span> <span class='ocrx_word' id='word_1_556' title='bbox 2343 3142 2398 3185; x_wconf 88' lang='lat' dir='ltr'><strong>et</strong></span> <span class='ocrx_word' id='word_1_557' title='bbox 2444 3132 2511 3185; x_wconf 29' lang='lat' dir='ltr'><strong>in.</strong></span> <span class='ocrx_word' id='word_1_558' title='bbox 2547 3130 2862 3200; x_wconf 59' lang='lat' dir='ltr'><strong>aequalitate</strong></span> <span class='ocrx_word' id='word_1_559' title='bbox 2912 3128 3214 3184; x_wconf 87' lang='lat' dir='ltr'><strong>secundum</strong></span> <span class='ocrx_word' id='word_1_560' title='bbox 3256 3125 3544 3197; x_wconf 88' lang='lat' dir='ltr'><strong>Spiritum,</strong></span> <span class='ocrx_word' id='word_1_561' title='bbox 3584 3142 3692 3180; x_wconf 90' lang='lat' dir='ltr'><strong>non</strong></span> <span class='ocrx_word' id='word_1_562' title='bbox 3735 3165 3742 3171; x_wconf 86' lang='lat'><strong>.</strong></span> 
     </span>
    </p>
   </div>
   <div class='ocr_carea' id='block_1_75' title="bbox 2123 3210 3692 3295">
    <p class='ocr_par' dir='ltr' id='par_1_75' title="bbox 2123 3210 3692 3295">
     <span class='ocr_line' id='line_1_75' title="bbox 2123 3210 3692 3295; baseline -0.006 -15"><span class='ocrx_word' id='word_1_563' title='bbox 2123 3226 2385 3295; x_wconf 81' lang='lat' dir='ltr'><strong>rapinam</strong></span> <span class='ocrx_word' id='word_1_564' title='bbox 2415 3223 2718 3277; x_wconf 78' lang='lat' dir='ltr'><strong>arbitratus</strong></span> <span class='ocrx_word' id='word_1_565' title='bbox 2751 3229 2835 3277; x_wconf 89' lang='lat' dir='ltr'><strong>est</strong></span> <span class='ocrx_word' id='word_1_566' title='bbox 2866 3237 2989 3277; x_wconf 88' lang='lat' dir='ltr'><strong>esse</strong></span> <span class='ocrx_word' id='word_1_567' title='bbox 3023 3210 3098 3276; x_wconf 51' lang='lat' dir='ltr'><strong>se&#39;</strong></span> <span class='ocrx_word' id='word_1_568' title='bbox 3130 3220 3395 3289; x_wconf 67' lang='lat' dir='ltr'><strong>aequalem</strong></span> <span class='ocrx_word' id='word_1_569' title='bbox 3433 3217 3563 3283; x_wconf 79' lang='lat' dir='ltr'><strong>Deo,</strong></span> <span class='ocrx_word' id='word_1_570' title='bbox 3598 3218 3692 3272; x_wconf 75' lang='lat' dir='ltr'><strong>sed</strong></span> 
     </span>
    </p>
   </div>
   <div class='ocr_carea' id='block_1_76' title="bbox 2124 3309 3693 3387">
    <p class='ocr_par' dir='ltr' id='par_1_76' title="bbox 2124 3309 3693 3387">
     <span class='ocr_line' id='line_1_76' title="bbox 2124 3309 3693 3387; baseline -0.003 -18"><span class='ocrx_word' id='word_1_571' title='bbox 2124 3324 2347 3387; x_wconf 87' lang='lat' dir='ltr'><strong>propter</strong></span> <span class='ocrx_word' id='word_1_572' title='bbox 2394 3329 2552 3369; x_wconf 88' lang='lat' dir='ltr'><strong>suam</strong></span> <span class='ocrx_word' id='word_1_573' title='bbox 2609 3313 2664 3367; x_wconf 92' lang='lat' dir='ltr'><strong>in</strong></span> <span class='ocrx_word' id='word_1_574' title='bbox 2722 3328 2822 3368; x_wconf 90' lang='lat' dir='ltr'><strong>nos</strong></span> <span class='ocrx_word' id='word_1_575' title='bbox 2882 3313 3207 3365; x_wconf 85' lang='lat' dir='ltr'><strong>charitatcm</strong></span> <span class='ocrx_word' id='word_1_576' title='bbox 3249 3309 3551 3363; x_wconf 74' lang='lat' dir='ltr'><strong>exiuanivit</strong></span> <span class='ocrx_word' id='word_1_577' title='bbox 3607 3324 3693 3364; x_wconf 89' lang='lat' dir='ltr'><strong>se-</strong></span> 
     </span>
    </p>
   </div>
   <div class='ocr_carea' id='block_1_77' title="bbox 2125 3400 3692 3477">
    <p class='ocr_par' dir='ltr' id='par_1_77' title="bbox 2125 3400 3692 3477">
     <span class='ocr_line' id='line_1_77' title="bbox 2125 3400 3692 3477; baseline -0.004 -17"><span class='ocrx_word' id='word_1_578' title='bbox 2125 3408 2441 3477; x_wconf 88' lang='lat' dir='ltr'><strong>metipsum,</strong></span> <span class='ocrx_word' id='word_1_579' title='bbox 2481 3404 2708 3459; x_wconf 83' lang='lat' dir='ltr'><strong>formam</strong></span> <span class='ocrx_word' id='word_1_580' title='bbox 2744 3404 2889 3459; x_wconf 84' lang='lat' dir='ltr'><strong>servi</strong></span> <span class='ocrx_word' id='word_1_581' title='bbox 2919 3402 3082 3474; x_wconf 60' lang='lat'><strong>84,3</strong></span> <span class='ocrx_word' id='word_1_582' title='bbox 3113 3402 3393 3468; x_wconf 84' lang='lat' dir='ltr'><strong>accipiens</strong></span> <span class='ocrx_word' id='word_1_583' title='bbox 3421 3402 3489 3464; x_wconf 83' lang='lat'><strong>&quot;,</strong></span> <span class='ocrx_word' id='word_1_584' title='bbox 3526 3400 3692 3469; x_wconf 85' lang='lat' dir='ltr'><strong>idque</strong></span> 
     </span>
    </p>
   </div>
   <div class='ocr_carea' id='block_1_78' title="bbox 2124 3494 3695 3564">
    <p class='ocr_par' dir='ltr' id='par_1_78' title="bbox 2124 3494 3695 3564">
     <span class='ocr_line' id='line_1_78' title="bbox 2124 3494 3695 3564; baseline -0.007 -9"><span class='ocrx_word' id='word_1_585' title='bbox 2124 3500 2413 3564; x_wconf 73' lang='lat' dir='ltr'><strong>Sustinuit,</strong></span> <span class='ocrx_word' id='word_1_586' title='bbox 2440 3506 2501 3551; x_wconf 90' lang='lat' dir='ltr'><strong>ut</strong></span> <span class='ocrx_word' id='word_1_587' title='bbox 2534 3514 2637 3552; x_wconf 91' lang='lat' dir='ltr'><strong>nos</strong></span> <span class='ocrx_word' id='word_1_588' title='bbox 2675 3512 2867 3550; x_wconf 91' lang='lat' dir='ltr'><strong>omnes</strong></span> <span class='ocrx_word' id='word_1_589' title='bbox 2901 3496 2966 3549; x_wconf 87' lang='lat' dir='ltr'><strong>ad</strong></span> <span class='ocrx_word' id='word_1_590' title='bbox 2994 3509 3210 3548; x_wconf 89' lang='lat' dir='ltr'><strong>onmem</strong></span> <span class='ocrx_word' id='word_1_591' title='bbox 3249 3494 3475 3547; x_wconf 91' lang='lat' dir='ltr'><strong>virtutis</strong></span> <span class='ocrx_word' id='word_1_592' title='bbox 3505 3494 3695 3561; x_wconf 81' lang='lat' dir='ltr'><strong>cogni-</strong></span> 
     </span>
    </p>
   </div>
   <div class='ocr_carea' id='block_1_79' title="bbox 2126 3585 3697 3656">
    <p class='ocr_par' dir='ltr' id='par_1_79' title="bbox 2126 3585 3697 3656">
     <span class='ocr_line' id='line_1_79' title="bbox 2126 3585 3697 3656; baseline -0.006 -12"><span class='ocrx_word' id='word_1_593' title='bbox 2126 3590 2701 3650; x_wconf 84' lang='lat' dir='ltr'><strong>tioneminl‘ormaret,</strong></span> <span class='ocrx_word' id='word_1_594' title='bbox 2726 3597 2784 3642; x_wconf 91' lang='lat' dir='ltr'><strong>ut</strong></span> <span class='ocrx_word' id='word_1_595' title='bbox 2809 3602 2904 3656; x_wconf 85' lang='lat' dir='ltr'><strong>per</strong></span> <span class='ocrx_word' id='word_1_596' title='bbox 2941 3585 3427 3654; x_wconf 88' lang='lat' dir='ltr'><strong>incomparabilem</strong></span> <span class='ocrx_word' id='word_1_597' title='bbox 3467 3585 3697 3638; x_wconf 80' lang='lat' dir='ltr'><strong>miracu-</strong></span> 
     </span>
    </p>
   </div>
   <div class='ocr_carea' id='block_1_80' title="bbox 2125 3676 3699 3750">
    <p class='ocr_par' dir='ltr' id='par_1_80' title="bbox 2125 3676 3699 3750">
     <span class='ocr_line' id='line_1_80' title="bbox 2125 3676 3699 3750; baseline -0.004 -14"><span class='ocrx_word' id='word_1_598' title='bbox 2125 3683 2300 3737; x_wconf 87' lang='lat' dir='ltr'><strong>lorum</strong></span> <span class='ocrx_word' id='word_1_599' title='bbox 2332 3680 2636 3735; x_wconf 80' lang='lat' dir='ltr'><strong>claritatem</strong></span> <span class='ocrx_word' id='word_1_600' title='bbox 2665 3688 3001 3750; x_wconf 82' lang='lat' dir='ltr'><strong>spectatores</strong></span> <span class='ocrx_word' id='word_1_601' title='bbox 3032 3693 3133 3734; x_wconf 92' lang='lat' dir='ltr'><strong>nos</strong></span> <span class='ocrx_word' id='word_1_602' title='bbox 3158 3677 3390 3733; x_wconf 70' lang='lat' dir='ltr'><strong>ediceret</strong></span> <span class='ocrx_word' id='word_1_603' title='bbox 3421 3676 3546 3747; x_wconf 80' lang='lat' dir='ltr'><strong>ejus</strong></span> <span class='ocrx_word' id='word_1_604' title='bbox 3573 3692 3699 3745; x_wconf 66' lang='lat' dir='ltr'><strong>(tua:</strong></span> 
     </span>
    </p>
   </div>
   <div class='ocr_carea' id='block_1_81' title="bbox 2124 3770 3695 3840">
    <p class='ocr_par' dir='ltr' id='par_1_81' title="bbox 2124 3770 3695 3840">
     <span class='ocr_line' id='line_1_81' title="bbox 2124 3770 3695 3840; baseline -0.004 -12"><span class='ocrx_word' id='word_1_605' title='bbox 2124 3784 2338 3829; x_wconf 76' lang='lat' dir='ltr'><strong>natura:</strong></span> <span class='ocrx_word' id='word_1_606' title='bbox 2369 3770 2571 3827; x_wconf 80' lang='lat' dir='ltr'><strong>divinae</strong></span> <span class='ocrx_word' id='word_1_607' title='bbox 2606 3771 2748 3826; x_wconf 83' lang='lat' dir='ltr'><strong>inest</strong></span> <span class='ocrx_word' id='word_1_608' title='bbox 2778 3770 3003 3825; x_wconf 90' lang='lat' dir='ltr'><strong>virtutis</strong></span> <span class='ocrx_word' id='word_1_609' title='bbox 3030 3776 3085 3825; x_wconf 87' lang='lat' dir='ltr'><strong>et</strong></span> <span class='ocrx_word' id='word_1_610' title='bbox 3112 3770 3319 3840; x_wconf 70' lang='lat' dir='ltr'><strong>gloriae,</strong></span> <span class='ocrx_word' id='word_1_611' title='bbox 3345 3784 3411 3824; x_wconf 87' lang='lat' dir='ltr'><strong>ac</strong></span> <span class='ocrx_word' id='word_1_612' title='bbox 3435 3783 3695 3838; x_wconf 85' lang='lat' dir='ltr'><strong>superna-</strong></span> 
     </span>
    </p>
   </div>
   <div class='ocr_carea' id='block_1_82' title="bbox 2127 3861 3699 3935">
    <p class='ocr_par' dir='ltr' id='par_1_82' title="bbox 2127 3861 3699 3935">
     <span class='ocr_line' id='line_1_82' title="bbox 2127 3861 3699 3935; baseline -0.005 -15"><span class='ocrx_word' id='word_1_613' title='bbox 2127 3866 2324 3921; x_wconf 79' lang='lat' dir='ltr'><strong>turalis</strong></span> <span class='ocrx_word' id='word_1_614' title='bbox 2380 3863 2653 3935; x_wconf 66' lang='lat' dir='ltr'><strong>potentia}.</strong></span> <span class='ocrx_word' id='word_1_615' title='bbox 2688 3862 2780 3917; x_wconf 82' lang='lat' dir='ltr'><strong>Sir.</strong></span> <span class='ocrx_word' id='word_1_616' title='bbox 2834 3863 2981 3918; x_wconf 90' lang='lat' dir='ltr'><strong>enim</strong></span> <span class='ocrx_word' id='word_1_617' title='bbox 3040 3863 3093 3917; x_wconf 94' lang='lat' dir='ltr'><strong>in</strong></span> <span class='ocrx_word' id='word_1_618' title='bbox 3154 3862 3454 3918; x_wconf 79' lang='lat' dir='ltr'><strong>extremam</strong></span> <span class='ocrx_word' id='word_1_619' title='bbox 3513 3861 3699 3929; x_wconf 82' lang='lat' dir='ltr'><strong>lapsos</strong></span> 
     </span>
    </p>
   </div>
   <div class='ocr_carea' id='block_1_83' title="bbox 2126 3954 3696 4019">
    <p class='ocr_par' dir='ltr' id='par_1_83' title="bbox 2126 3954 3696 4019">
     <span class='ocr_line' id='line_1_83' title="bbox 2126 3954 3696 4019; baseline -0.003 -7"><span class='ocrx_word' id='word_1_620' title='bbox 2126 3958 2399 4013; x_wconf 89' lang='lat' dir='ltr'><strong>inscitiam</strong></span> <span class='ocrx_word' id='word_1_621' title='bbox 2448 3955 2514 4010; x_wconf 89' lang='lat' dir='ltr'><strong>ad</strong></span> <span class='ocrx_word' id='word_1_622' title='bbox 2551 3970 2741 4011; x_wconf 88' lang='lat' dir='ltr'><strong>sanam</strong></span> <span class='ocrx_word' id='word_1_623' title='bbox 2775 3966 3011 4010; x_wconf 88' lang='lat' dir='ltr'><strong>mentem</strong></span> <span class='ocrx_word' id='word_1_624' title='bbox 3060 3954 3242 4009; x_wconf 89' lang='lat' dir='ltr'><strong>denuo</strong></span> <span class='ocrx_word' id='word_1_625' title='bbox 3290 3967 3554 4009; x_wconf 85' lang='lat' dir='ltr'><strong>revocare</strong></span> <span class='ocrx_word' id='word_1_626' title='bbox 3604 3968 3696 4019; x_wconf 72' lang='lat' dir='ltr'><strong>po-</strong></span> 
     </span>
    </p>
   </div>
   <div class='ocr_carea' id='block_1_84' title="bbox 2128 4045 3701 4116">
    <p class='ocr_par' dir='ltr' id='par_1_84' title="bbox 2128 4045 3701 4116">
     <span class='ocr_line' id='line_1_84' title="bbox 2128 4045 3701 4116; baseline -0.005 -12"><span class='ocrx_word' id='word_1_627' title='bbox 2128 4058 2286 4113; x_wconf 82' lang='lat' dir='ltr'><strong>terat,</strong></span> <span class='ocrx_word' id='word_1_628' title='bbox 2322 4049 2395 4102; x_wconf 88' lang='lat' dir='ltr'><strong>ita</strong></span> <span class='ocrx_word' id='word_1_629' title='bbox 2430 4058 2489 4101; x_wconf 90' lang='lat' dir='ltr'><strong>ut</strong></span> <span class='ocrx_word' id='word_1_630' title='bbox 2520 4057 2829 4103; x_wconf 88' lang='lat' dir='ltr'><strong>creaturam</strong></span> <span class='ocrx_word' id='word_1_631' title='bbox 2865 4063 2970 4100; x_wconf 91' lang='lat' dir='ltr'><strong>non</strong></span> <span class='ocrx_word' id='word_1_632' title='bbox 2997 4047 3237 4116; x_wconf 88' lang='lat' dir='ltr'><strong>amplius</strong></span> <span class='ocrx_word' id='word_1_633' title='bbox 3262 4045 3559 4099; x_wconf 84' lang='lat' dir='ltr'><strong>adorarent</strong></span> <span class='ocrx_word' id='word_1_634' title='bbox 3588 4059 3701 4113; x_wconf 78' lang='lat' dir='ltr'><strong>pra:</strong></span> 
     </span>
    </p>
   </div>
   <div class='ocr_carea' id='block_1_85' title="bbox 2126 4135 3698 4205">
    <p class='ocr_par' dir='ltr' id='par_1_85' title="bbox 2126 4135 3698 4205">
     <span class='ocr_line' id='line_1_85' title="bbox 2126 4135 3698 4205; baseline -0.004 -10"><span class='ocrx_word' id='word_1_635' title='bbox 2126 4141 2410 4205; x_wconf 85' lang='lat' dir='ltr'><strong>Creatore,</strong></span> <span class='ocrx_word' id='word_1_636' title='bbox 2441 4140 2536 4195; x_wconf 85' lang='lat' dir='ltr'><strong>sed</strong></span> <span class='ocrx_word' id='word_1_637' title='bbox 2579 4155 2746 4194; x_wconf 90' lang='lat' dir='ltr'><strong>unum</strong></span> <span class='ocrx_word' id='word_1_638' title='bbox 2780 4152 2904 4192; x_wconf 83' lang='lat' dir='ltr'><strong>vere</strong></span> <span class='ocrx_word' id='word_1_639' title='bbox 2936 4152 3001 4192; x_wconf 86' lang='lat' dir='ltr'><strong>ac</strong></span> <span class='ocrx_word' id='word_1_640' title='bbox 3037 4146 3232 4191; x_wconf 88' lang='lat' dir='ltr'><strong>natura</strong></span> <span class='ocrx_word' id='word_1_641' title='bbox 3266 4135 3434 4191; x_wconf 88' lang='lat' dir='ltr'><strong>Deum</strong></span> <span class='ocrx_word' id='word_1_642' title='bbox 3484 4150 3698 4194; x_wconf 80' lang='lat' dir='ltr'><strong>nuncu-</strong></span> 
     </span>
    </p>
   </div>
   <div class='ocr_carea' id='block_1_86' title="bbox 2128 4225 3700 4301">
    <p class='ocr_par' dir='ltr' id='par_1_86' title="bbox 2128 4225 3700 4301">
     <span class='ocr_line' id='line_1_86' title="bbox 2128 4225 3700 4301; baseline -0.006 -17"><span class='ocrx_word' id='word_1_643' title='bbox 2128 4238 2343 4301; x_wconf 85' lang='lat' dir='ltr'><strong>parent.</strong></span> <span class='ocrx_word' id='word_1_644' title='bbox 2376 4229 2481 4283; x_wconf 88' lang='lat' dir='ltr'><strong>Sed</strong></span> <span class='ocrx_word' id='word_1_645' title='bbox 2528 4239 2581 4283; x_wconf 88' lang='lat' dir='ltr'><strong>et</strong></span> <span class='ocrx_word' id='word_1_646' title='bbox 2612 4230 2737 4284; x_wconf 88' lang='lat' dir='ltr'><strong>aliis</strong></span> <span class='ocrx_word' id='word_1_647' title='bbox 2772 4228 2948 4283; x_wconf 89' lang='lat' dir='ltr'><strong>modis</strong></span> <span class='ocrx_word' id='word_1_648' title='bbox 2986 4243 3085 4283; x_wconf 90' lang='lat' dir='ltr'><strong>nos</strong></span> <span class='ocrx_word' id='word_1_649' title='bbox 3122 4225 3453 4297; x_wconf 76' lang='lat' dir='ltr'><strong>Unigenitus</strong></span> <span class='ocrx_word' id='word_1_650' title='bbox 3483 4240 3700 4280; x_wconf 88' lang='lat' dir='ltr'><strong>assum-</strong></span> 
     </span>
    </p>
   </div>
   <div class='ocr_carea' id='block_1_87' title="bbox 2130 4317 3699 4391">
    <p class='ocr_par' dir='ltr' id='par_1_87' title="bbox 2130 4317 3699 4391">
     <span class='ocr_line' id='line_1_87' title="bbox 2130 4317 3699 4391; baseline -0.004 -16"><span class='ocrx_word' id='word_1_651' title='bbox 2130 4332 2217 4391; x_wconf 87' lang='lat' dir='ltr'><strong>pta</strong></span> <span class='ocrx_word' id='word_1_652' title='bbox 2277 4338 2444 4377; x_wconf 87' lang='lat' dir='ltr'><strong>carne</strong></span> <span class='ocrx_word' id='word_1_653' title='bbox 2504 4320 2997 4390; x_wconf 76' lang='lat' dir='ltr'><strong>juvitzdestruxit</strong></span> <span class='ocrx_word' id='word_1_654' title='bbox 3063 4319 3210 4373; x_wconf 87' lang='lat' dir='ltr'><strong>enim</strong></span> <span class='ocrx_word' id='word_1_655' title='bbox 3273 4318 3467 4372; x_wconf 84' lang='lat' dir='ltr'><strong>mortis</strong></span> <span class='ocrx_word' id='word_1_656' title='bbox 3529 4317 3699 4385; x_wconf 88' lang='lat' dir='ltr'><strong>impe-</strong></span> 
     </span>
    </p>
   </div>
   <div class='ocr_carea' id='block_1_88' title="bbox 442 4408 2015 4495">
    <p class='ocr_par' dir='ltr' id='par_1_88' title="bbox 442 4410 2015 4495">
     <span class='ocr_line' id='line_1_88' title="bbox 442 4410 2015 4495; baseline 0.004 -34"><span class='ocrx_word' id='word_1_657' title='bbox 442 4410 600 4462; x_wconf 82' lang='grc' dir='ltr'>έλυσε</span> <span class='ocrx_word' id='word_1_658' title='bbox 633 4410 728 4479; x_wconf 81' lang='grc' dir='ltr'>τῆς</span> <span class='ocrx_word' id='word_1_659' title='bbox 764 4412 1038 4480; x_wconf 84' lang='grc' dir='ltr'>ἁμαρτίας</span> <span class='ocrx_word' id='word_1_660' title='bbox 1076 4411 1174 4482; x_wconf 82' lang='grc' dir='ltr'>τὴν</span> <span class='ocrx_word' id='word_1_661' title='bbox 1200 4411 1453 4482; x_wconf 78' lang='grc' dir='ltr'>δύναμιν,</span> <span class='ocrx_word' id='word_1_662' title='bbox 1486 4414 1719 4467; x_wconf 77' lang='grc' dir='ltr'>δέδωκεν</span> <span class='ocrx_word' id='word_1_663' title='bbox 1745 4416 2015 4495; x_wconf 24' lang='grc' dir='ltr'>ἡμῖνκπα·</span> 
     </span>
    </p>
   </div>
   <div class='ocr_carea' id='block_1_89' title="bbox 2118 4408 3699 4495">
    <p class='ocr_par' dir='ltr' id='par_1_89' title="bbox 2128 4411 3699 4483">
     <span class='ocr_line' id='line_1_89' title="bbox 2128 4411 3699 4483; baseline -0.005 -16"><span class='ocrx_word' id='word_1_664' title='bbox 2128 4414 2267 4468; x_wconf 89' lang='lat' dir='ltr'><strong>rium</strong></span> <span class='ocrx_word' id='word_1_665' title='bbox 2296 4413 2364 4478; x_wconf 80' lang='grc'><strong>⁸³,</strong></span> <span class='ocrx_word' id='word_1_666' title='bbox 2410 4413 2519 4467; x_wconf 87' lang='lat' dir='ltr'><strong>vim</strong></span> <span class='ocrx_word' id='word_1_667' title='bbox 2559 4414 2767 4483; x_wconf 85' lang='lat' dir='ltr'><strong>peccati</strong></span> <span class='ocrx_word' id='word_1_668' title='bbox 2820 4411 3070 4472; x_wconf 82' lang='lat' dir='ltr'><strong>resolvit,</strong></span> <span class='ocrx_word' id='word_1_669' title='bbox 3106 4425 3271 4480; x_wconf 89' lang='lat' dir='ltr'><strong>supra</strong></span> <span class='ocrx_word' id='word_1_670' title='bbox 3312 4412 3596 4480; x_wconf 76' lang='lat' dir='ltr'><strong>serpentes</strong></span> <span class='ocrx_word' id='word_1_671' title='bbox 3645 4414 3699 4461; x_wconf 84' lang='lat' dir='ltr'><strong>et</strong></span> 
     </span>
    </p>
   </div>
   <div class='ocr_carea' id='block_1_90' title="bbox 440 4498 2019 4573">
    <p class='ocr_par' dir='ltr' id='par_1_90' title="bbox 440 4498 2019 4573">
     <span class='ocr_line' id='line_1_90' title="bbox 440 4498 2019 4573; baseline 0.004 -24"><span class='ocrx_word' id='word_1_672' title='bbox 440 4501 550 4550; x_wconf 77' lang='grc' dir='ltr'>τεῖν</span> <span class='ocrx_word' id='word_1_673' title='bbox 583 4499 766 4550; x_wconf 83' lang='grc' dir='ltr'>ἐπάνω</span> <span class='ocrx_word' id='word_1_674' title='bbox 794 4498 971 4567; x_wconf 73' lang='grc' dir='ltr'>ὄφεων</span> <span class='ocrx_word' id='word_1_675' title='bbox 1016 4499 1110 4551; x_wconf 68' lang='grc' dir='ltr'>καὶ</span> <span class='ocrx_word' id='word_1_676' title='bbox 1138 4500 1437 4570; x_wconf 85' lang='grc' dir='ltr'>σκορπίων,</span> <span class='ocrx_word' id='word_1_677' title='bbox 1472 4502 1567 4555; x_wconf 75' lang='grc' dir='ltr'>καὶ</span> <span class='ocrx_word' id='word_1_678' title='bbox 1599 4502 1691 4553; x_wconf 71' lang='grc' dir='ltr'>ἐπὶ</span> <span class='ocrx_word' id='word_1_679' title='bbox 1722 4504 1899 4555; x_wconf 76' lang='grc' dir='ltr'>πᾶσαν</span> <span class='ocrx_word' id='word_1_680' title='bbox 1923 4502 2019 4573; x_wconf 81' lang='grc' dir='ltr'>τὴν</span> 
     </span>
    </p>
   </div>
   <div class='ocr_carea' id='block_1_91' title="bbox 440 4586 2017 4661">
    <p class='ocr_par' dir='ltr' id='par_1_91' title="bbox 440 4586 2017 4661">
     <span class='ocr_line' id='line_1_91' title="bbox 440 4586 2017 4661; baseline 0.004 -20"><span class='ocrx_word' id='word_1_681' title='bbox 440 4589 667 4658; x_wconf 68' lang='grc' dir='ltr'>δύναμιν</span> <span class='ocrx_word' id='word_1_682' title='bbox 700 4588 794 4641; x_wconf 89' lang='grc' dir='ltr'><strong>τοῦ</strong></span> <span class='ocrx_word' id='word_1_683' title='bbox 829 4589 1044 4661; x_wconf 86' lang='grc' dir='ltr'>ἐχθροῦ.</span> <span class='ocrx_word' id='word_1_684' title='bbox 1079 4586 1186 4641; x_wconf 85' lang='grc' dir='ltr'>Ἦν</span> <span class='ocrx_word' id='word_1_685' title='bbox 1216 4586 1307 4643; x_wconf 78' lang='grc' dir='ltr'>οὖν</span> <span class='ocrx_word' id='word_1_686' title='bbox 1330 4591 1458 4660; x_wconf 79' lang='grc' dir='ltr'>ἄρα,</span> <span class='ocrx_word' id='word_1_687' title='bbox 1482 4593 1578 4645; x_wconf 80' lang='grc' dir='ltr'>καὶ</span> <span class='ocrx_word' id='word_1_688' title='bbox 1624 4592 1744 4645; x_wconf 91' lang='grc' dir='ltr'>λίαν</span> <span class='ocrx_word' id='word_1_689' title='bbox 1769 4594 2017 4656; x_wconf 78' lang='grc' dir='ltr'>εἰκότως,</span> 
     </span>
    </p>
   </div>
   <div class='ocr_carea' id='block_1_92' title="bbox 450 4680 2016 4753">
    <p class='ocr_par' dir='ltr' id='par_1_92' title="bbox 450 4680 2016 4753">
     <span class='ocr_line' id='line_1_92' title="bbox 450 4680 2016 4753; baseline 0.003 -22"><span class='ocrx_word' id='word_1_690' title='bbox 450 4683 576 4749; x_wconf 66' lang='grc' dir='ltr'>ἡμῖν</span> <span class='ocrx_word' id='word_1_691' title='bbox 604 4680 700 4750; x_wconf 88' lang='grc' dir='ltr'><strong>μέν</strong></span> <span class='ocrx_word' id='word_1_692' title='bbox 733 4681 936 4743; x_wconf 84' lang='grc' dir='ltr'>αὐτοῖς,</span> <span class='ocrx_word' id='word_1_693' title='bbox 972 4680 1017 4750; x_wconf 81' lang='grc' dir='ltr'>ἦ.</span> <span class='ocrx_word' id='word_1_694' title='bbox 1042 4680 1136 4732; x_wconf 72' lang='grc' dir='ltr'>καὶ</span> <span class='ocrx_word' id='word_1_695' title='bbox 1173 4683 1285 4744; x_wconf 86' lang='grc' dir='ltr'>τοῖς</span> <span class='ocrx_word' id='word_1_696' title='bbox 1309 4681 1484 4747; x_wconf 85' lang='grc' dir='ltr'>ἁγίοις</span> <span class='ocrx_word' id='word_1_697' title='bbox 1497 4682 1803 4752; x_wconf 76' lang='grc' dir='ltr'>μαθηταῖς,</span> <span class='ocrx_word' id='word_1_698' title='bbox 1834 4683 1931 4753; x_wconf 83' lang='grc' dir='ltr'>ήδύ</span> <span class='ocrx_word' id='word_1_699' title='bbox 1958 4701 2016 4735; x_wconf 84' lang='grc' dir='ltr'><strong>τε</strong></span> 
     </span>
    </p>
   </div>
   <div class='ocr_carea' id='block_1_93' title="bbox 443 4770 2024 4845">
    <p class='ocr_par' dir='ltr' id='par_1_93' title="bbox 443 4770 2024 4845">
     <span class='ocr_line' id='line_1_93' title="bbox 443 4770 2024 4845; baseline 0.002 -21"><span class='ocrx_word' id='word_1_700' title='bbox 443 4773 538 4825; x_wconf 74' lang='grc' dir='ltr'>καὶ</span> <span class='ocrx_word' id='word_1_701' title='bbox 557 4771 727 4845; x_wconf 83' lang='grc' dir='ltr'>φίλον,</span> <span class='ocrx_word' id='word_1_702' title='bbox 760 4771 855 4825; x_wconf 77' lang='grc' dir='ltr'>καὶ</span> <span class='ocrx_word' id='word_1_703' title='bbox 885 4771 1084 4834; x_wconf 79' lang='grc' dir='ltr'>παντὸς</span> <span class='ocrx_word' id='word_1_704' title='bbox 1123 4770 1270 4835; x_wconf 76' lang='grc' dir='ltr'>ἀξιον</span> <span class='ocrx_word' id='word_1_705' title='bbox 1318 4772 1501 4839; x_wconf 79' lang='grc' dir='ltr'>λόγου,</span> <span class='ocrx_word' id='word_1_706' title='bbox 1537 4773 1597 4826; x_wconf 80' lang='grc' dir='ltr'>τὸ</span> <span class='ocrx_word' id='word_1_707' title='bbox 1653 4777 1888 4828; x_wconf 90' lang='grc' dir='ltr'>συνεῖναι</span> <span class='ocrx_word' id='word_1_708' title='bbox 1935 4775 2024 4827; x_wconf 80' lang='grc' dir='ltr'><strong>διά</strong></span> 
     </span>
    </p>
   </div>
   <div class='ocr_carea' id='block_1_94' title="bbox 445 4863 2021 4937">
    <p class='ocr_par' dir='ltr' id='par_1_94' title="bbox 445 4863 2021 4937">
     <span class='ocr_line' id='line_1_94' title="bbox 445 4863 2021 4937; baseline 0.001 -22"><span class='ocrx_word' id='word_1_709' title='bbox 445 4863 642 4927; x_wconf 81' lang='grc' dir='ltr'>παντὸς</span> <span class='ocrx_word' id='word_1_710' title='bbox 672 4863 751 4933; x_wconf 83' lang='grc' dir='ltr'>τῷ</span> <span class='ocrx_word' id='word_1_711' title='bbox 778 4863 1051 4916; x_wconf 86' lang='grc' dir='ltr'>τοσούτων</span> <span class='ocrx_word' id='word_1_712' title='bbox 1100 4864 1230 4932; x_wconf 83' lang='grc' dir='ltr'>ἡμῖν</span> <span class='ocrx_word' id='word_1_713' title='bbox 1264 4864 1487 4930; x_wconf 84' lang='grc' dir='ltr'>ἀγαθῶν</span> <span class='ocrx_word' id='word_1_714' title='bbox 1531 4864 1717 4935; x_wconf 78' lang='grc' dir='ltr'>δοτῆρι</span> <span class='ocrx_word' id='word_1_715' title='bbox 1743 4866 1986 4937; x_wconf 20' lang='grc' dir='ltr'>*Χριστῴ</span> <span class='ocrx_word' id='word_1_716' title='bbox 2006 4908 2021 4929; x_wconf 88' lang='grc'><strong>,</strong></span> 
     </span>
    </p>
   </div>
   <div class='ocr_carea' id='block_1_95' title="bbox 448 4951 2023 5024">
    <p class='ocr_par' dir='ltr' id='par_1_95' title="bbox 448 4951 2023 5024">
     <span class='ocr_line' id='line_1_95' title="bbox 448 4951 2023 5024; baseline 0.003 -21"><span class='ocrx_word' id='word_1_717' title='bbox 448 4951 801 5023; x_wconf 85' lang='grc' dir='ltr'>συμπαρόντα</span> <span class='ocrx_word' id='word_1_718' title='bbox 834 4967 893 5003; x_wconf 86' lang='grc' dir='ltr'><strong>τε</strong></span> <span class='ocrx_word' id='word_1_719' title='bbox 934 4951 1021 5004; x_wconf 77' lang='grc' dir='ltr'>ἀεὶ</span> <span class='ocrx_word' id='word_1_720' title='bbox 1047 4952 1140 5004; x_wconf 73' lang='grc' dir='ltr'>καὶ</span> <span class='ocrx_word' id='word_1_721' title='bbox 1192 4951 1643 5021; x_wconf 84' lang='grc' dir='ltr'>συνδιαιτώμενον</span> <span class='ocrx_word' id='word_1_722' title='bbox 1679 4955 1840 5024; x_wconf 77' lang='grc' dir='ltr'>ἔχειν.</span> <span class='ocrx_word' id='word_1_723' title='bbox 1883 4956 2023 5008; x_wconf 81' lang='grc' dir='ltr'>Ἀλλ’</span> 
     </span>
    </p>
   </div>
   <div class='ocr_carea' id='block_1_96' title="bbox 445 5042 2026 5117">
    <p class='ocr_par' dir='ltr' id='par_1_96' title="bbox 445 5042 2026 5117">
     <span class='ocr_line' id='line_1_96' title="bbox 445 5042 2026 5117; baseline 0.003 -22"><span class='ocrx_word' id='word_1_724' title='bbox 445 5042 507 5095; x_wconf 84' lang='grc' dir='ltr'><strong>ού</strong></span> <span class='ocrx_word' id='word_1_725' title='bbox 544 5042 748 5112; x_wconf 81' lang='grc' dir='ltr'>σφόδρα</span> <span class='ocrx_word' id='word_1_726' title='bbox 789 5042 1057 5113; x_wconf 87' lang='grc' dir='ltr'>χρήσιμον</span> <span class='ocrx_word' id='word_1_727' title='bbox 1113 5043 1262 5112; x_wconf 83' lang='grc' dir='ltr'><strong>αύτῷ</strong></span> <span class='ocrx_word' id='word_1_728' title='bbox 1315 5044 1653 5110; x_wconf 81' lang='grc' dir='ltr'>διεφαίνετο,</span> <span class='ocrx_word' id='word_1_729' title='bbox 1707 5048 1765 5098; x_wconf 82' lang='grc' dir='ltr'><strong>ἐν</strong></span> <span class='ocrx_word' id='word_1_730' title='bbox 1797 5048 2026 5117; x_wconf 76' lang='grc' dir='ltr'>μακροῖς</span> 
     </span>
    </p>
   </div>
   <div class='ocr_carea' id='block_1_97' title="bbox 444 5132 2025 5203">
    <p class='ocr_par' dir='ltr' id='par_1_97' title="bbox 444 5132 2025 5203">
     <span class='ocr_line' id='line_1_97' title="bbox 444 5132 2025 5203; baseline 0.001 -18"><span class='ocrx_word' id='word_1_731' title='bbox 444 5132 589 5185; x_wconf 72' lang='grc' dir='ltr'>οὕτω</span> <span class='ocrx_word' id='word_1_732' title='bbox 649 5134 859 5203; x_wconf 86' lang='grc' dir='ltr'>χρόνοις</span> <span class='ocrx_word' id='word_1_733' title='bbox 908 5133 1307 5203; x_wconf 81' lang='grc' dir='ltr'>ἐμφιλοχωρεῖν</span> <span class='ocrx_word' id='word_1_734' title='bbox 1363 5132 1441 5203; x_wconf 80' lang='grc' dir='ltr'><strong>τῷ</strong></span> <span class='ocrx_word' id='word_1_735' title='bbox 1490 5134 1588 5200; x_wconf 76' lang='grc' dir='ltr'>τῆς</span> <span class='ocrx_word' id='word_1_736' title='bbox 1644 5134 2025 5198; x_wconf 86' lang='grc' dir='ltr'>ταπεινώσεως</span> 
     </span>
    </p>
   </div>
   <div class='ocr_carea' id='block_1_98' title="bbox 447 5222 2024 5296">
    <p class='ocr_par' dir='ltr' id='par_1_98' title="bbox 447 5222 2024 5296">
     <span class='ocr_line' id='line_1_98' title="bbox 447 5222 2024 5296; baseline 0.001 -20"><span class='ocrx_word' id='word_1_737' title='bbox 447 5225 691 5296; x_wconf 73' lang='grc' dir='ltr'>σχήματι</span> <span class='ocrx_word' id='word_1_738' title='bbox 722 5222 1115 5293; x_wconf 83' lang='grc' dir='ltr'>παραδεχθέντι</span> <span class='ocrx_word' id='word_1_739' title='bbox 1168 5224 1457 5295; x_wconf 87' lang='grc' dir='ltr'>χρησίμως</span> <span class='ocrx_word' id='word_1_740' title='bbox 1501 5225 1591 5277; x_wconf 81' lang='grc' dir='ltr'><strong>διά</strong></span> <span class='ocrx_word' id='word_1_741' title='bbox 1616 5224 1715 5294; x_wconf 81' lang='grc' dir='ltr'>τὴν</span> <span class='ocrx_word' id='word_1_742' title='bbox 1765 5228 1843 5287; x_wconf 78' lang='grc' dir='ltr'>εἰς</span> <span class='ocrx_word' id='word_1_743' title='bbox 1879 5228 2024 5295; x_wconf 77' lang='grc' dir='ltr'>ἡμᾶς</span> 
     </span>
    </p>
   </div>
   <div class='ocr_carea' id='block_1_99' title="bbox 443 5315 2026 5388">
    <p class='ocr_par' dir='ltr' id='par_1_99' title="bbox 443 5315 2026 5388">
     <span class='ocr_line' id='line_1_99' title="bbox 443 5315 2026 5388; baseline 0.001 -20"><span class='ocrx_word' id='word_1_744' title='bbox 443 5316 746 5385; x_wconf 85' lang='grc' dir='ltr'>ἀγάπησιν,</span> <span class='ocrx_word' id='word_1_745' title='bbox 774 5315 1025 5386; x_wconf 87' lang='grc' dir='ltr'>καθάπερ</span> <span class='ocrx_word' id='word_1_746' title='bbox 1056 5317 1157 5386; x_wconf 70' lang='grc' dir='ltr'>ἤδη</span> <span class='ocrx_word' id='word_1_747' title='bbox 1186 5318 1542 5387; x_wconf 82' lang='grc' dir='ltr'>προείπομεν.</span> <span class='ocrx_word' id='word_1_748' title='bbox 1579 5318 1726 5371; x_wconf 84' lang='grc' dir='ltr'>Ἔδει</span> <span class='ocrx_word' id='word_1_749' title='bbox 1748 5319 1857 5388; x_wconf 79' lang='grc' dir='ltr'><strong>γάρ</strong></span> <span class='ocrx_word' id='word_1_750' title='bbox 1892 5320 2026 5387; x_wconf 74' lang='grc' dir='ltr'><strong>μᾶλ-</strong></span> 
     </span>
    </p>
   </div>
   <div class='ocr_carea' id='block_1_100' title="bbox 446 5405 2025 5481">
    <p class='ocr_par' dir='ltr' id='par_1_100' title="bbox 446 5405 2025 5481">
     <span class='ocr_line' id='line_1_100' title="bbox 446 5405 2025 5481; baseline 0.005 -26"><span class='ocrx_word' id='word_1_751' title='bbox 446 5405 539 5457; x_wconf 81' lang='grc' dir='ltr'><strong>λον</strong></span> <span class='ocrx_word' id='word_1_752' title='bbox 564 5407 659 5474; x_wconf 70' lang='grc' dir='ltr'>τῆς</span> <span class='ocrx_word' id='word_1_753' title='bbox 692 5407 812 5460; x_wconf 79' lang='grc' dir='ltr'>καθ’</span> <span class='ocrx_word' id='word_1_754' title='bbox 842 5410 993 5479; x_wconf 78' lang='grc' dir='ltr'>ἡμᾶς</span> <span class='ocrx_word' id='word_1_755' title='bbox 1022 5409 1334 5479; x_wconf 74' lang='grc' dir='ltr'>οἰκονομίας</span> <span class='ocrx_word' id='word_1_756' title='bbox 1366 5409 1676 5472; x_wconf 85' lang='grc' dir='ltr'>ἀκολούθως</span> <span class='ocrx_word' id='word_1_757' title='bbox 1721 5411 1821 5481; x_wconf 72' lang='grc' dir='ltr'>ἥδη</span> <span class='ocrx_word' id='word_1_758' title='bbox 1854 5428 2025 5463; x_wconf 82' lang='grc' dir='ltr'>πεπε-</span> 
     </span>
    </p>
   </div>
   <div class='ocr_carea' id='block_1_101' title="bbox 449 5497 2019 5571">
    <p class='ocr_par' dir='ltr' id='par_1_101' title="bbox 449 5497 2019 5571">
     <span class='ocr_line' id='line_1_101' title="bbox 449 5497 2019 5571; baseline 0.003 -23"><span class='ocrx_word' id='word_1_759' title='bbox 449 5497 747 5568; x_wconf 80' lang='grc' dir='ltr'>ρασμένης,</span> <span class='ocrx_word' id='word_1_760' title='bbox 779 5501 857 5562; x_wconf 80' lang='grc' dir='ltr'><strong>είς</strong></span> <span class='ocrx_word' id='word_1_761' title='bbox 887 5499 987 5570; x_wconf 83' lang='grc' dir='ltr'>τὴν</span> <span class='ocrx_word' id='word_1_762' title='bbox 1036 5500 1171 5553; x_wconf 86' lang='grc' dir='ltr'>ἰδίαν</span> <span class='ocrx_word' id='word_1_763' title='bbox 1228 5502 1590 5571; x_wconf 81' lang='grc' dir='ltr'>ἀναφοιτῆσαι</span> <span class='ocrx_word' id='word_1_764' title='bbox 1621 5501 1776 5565; x_wconf 78' lang='grc' dir='ltr'>δόξαν</span> <span class='ocrx_word' id='word_1_765' title='bbox 1828 5504 2019 5566; x_wconf 73' lang='grc' dir='ltr'>αὑτὸν,</span> 
     </span>
    </p>
   </div>
   <div class='ocr_carea' id='block_1_102' title="bbox 445 5588 2021 5662">
    <p class='ocr_par' dir='ltr' id='par_1_102' title="bbox 445 5588 2021 5662">
     <span class='ocr_line' id='line_1_102' title="bbox 445 5588 2021 5662; baseline 0.001 -22"><span class='ocrx_word' id='word_1_766' title='bbox 445 5605 540 5640; x_wconf 75' lang='grc' dir='ltr'><strong>και</strong></span> <span class='ocrx_word' id='word_1_767' title='bbox 577 5588 714 5656; x_wconf 75' lang='grc' dir='ltr'>μετὰ</span> <span class='ocrx_word' id='word_1_768' title='bbox 748 5588 844 5658; x_wconf 79' lang='grc' dir='ltr'>τῆς</span> <span class='ocrx_word' id='word_1_769' title='bbox 889 5590 957 5642; x_wconf 79' lang='grc' dir='ltr'><strong>δι’</strong></span> <span class='ocrx_word' id='word_1_770' title='bbox 1001 5592 1151 5662; x_wconf 77' lang='grc' dir='ltr'>ἡμᾶς</span> <span class='ocrx_word' id='word_1_771' title='bbox 1178 5590 1484 5661; x_wconf 80' lang='grc' dir='ltr'>ληφθείσης</span> <span class='ocrx_word' id='word_1_772' title='bbox 1513 5591 1710 5661; x_wconf 82' lang='grc' dir='ltr'>σαρκὸς</span> <span class='ocrx_word' id='word_1_773' title='bbox 1735 5590 2021 5661; x_wconf 79' lang='grc' dir='ltr'>παλινδρο-</span> 
     </span>
    </p>
   </div>
   <div class='ocr_carea' id='block_1_103' title="bbox 518 5763 1131 5832">
    <p class='ocr_par' dir='ltr' id='par_1_103' title="bbox 518 5763 1131 5832">
     <span class='ocr_line' id='line_1_103' title="bbox 518 5763 1131 5832; baseline 0.007 -16"><span class='ocrx_word' id='word_1_774' title='bbox 518 5763 565 5794; x_wconf 76' lang='lat'><strong>“</strong></span> <span class='ocrx_word' id='word_1_775' title='bbox 605 5763 622 5816; x_wconf 88' lang='lat' dir='ltr'><strong>l</strong></span> <span class='ocrx_word' id='word_1_776' title='bbox 661 5765 790 5818; x_wconf 83' lang='lat' dir='ltr'><strong>Cor.</strong></span> <span class='ocrx_word' id='word_1_777' title='bbox 822 5781 949 5830; x_wconf 80' lang='lat' dir='ltr'><strong>xm,</strong></span> <span class='ocrx_word' id='word_1_778' title='bbox 983 5766 1044 5832; x_wconf 76' lang='grc'>4,</span> <span class='ocrx_word' id='word_1_779' title='bbox 1082 5768 1131 5820; x_wconf 71' lang='lat' dir='ltr'><strong>ii.</strong></span> 
     </span>
    </p>
   </div>
   <div class='ocr_carea' id='block_1_104' title="bbox 2126 4500 3789 4573">
    <p class='ocr_par' dir='ltr' id='par_1_104' title="bbox 2126 4500 3789 4573">
     <span class='ocr_line' id='line_1_104' title="bbox 2126 4500 3789 4573; baseline -0.004 -17"><span class='ocrx_word' id='word_1_780' title='bbox 2126 4504 2483 4573; x_wconf 86' lang='lat' dir='ltr'><strong>scorpiones,</strong></span> <span class='ocrx_word' id='word_1_781' title='bbox 2539 4510 2593 4556; x_wconf 92' lang='lat' dir='ltr'><strong>et</strong></span> <span class='ocrx_word' id='word_1_782' title='bbox 2653 4517 2822 4570; x_wconf 87' lang='lat' dir='ltr'><strong>supra</strong></span> <span class='ocrx_word' id='word_1_783' title='bbox 2882 4516 3099 4555; x_wconf 90' lang='lat' dir='ltr'><strong>omnem</strong></span> <span class='ocrx_word' id='word_1_784' title='bbox 3159 4501 3335 4555; x_wconf 88' lang='lat' dir='ltr'><strong>hostis</strong></span> <span class='ocrx_word' id='word_1_785' title='bbox 3399 4500 3697 4570; x_wconf 85' lang='lat' dir='ltr'><strong>potentiam</strong></span> <span class='ocrx_word' id='word_1_786' title='bbox 3770 4521 3789 4543; x_wconf 73' lang='grc' dir='ltr'><strong>ι</strong></span> 
     </span>
    </p>
   </div>
   <div class='ocr_carea' id='block_1_105' title="bbox 2127 4591 3698 4661">
    <p class='ocr_par' dir='ltr' id='par_1_105' title="bbox 2127 4591 3698 4661">
     <span class='ocr_line' id='line_1_105' title="bbox 2127 4591 3698 4661; baseline -0.004 -14"><span class='ocrx_word' id='word_1_787' title='bbox 2127 4594 2341 4648; x_wconf 86' lang='lat' dir='ltr'><strong>calcare</strong></span> <span class='ocrx_word' id='word_1_788' title='bbox 2371 4592 2499 4646; x_wconf 82' lang='lat' dir='ltr'><strong>fecit</strong></span> <span class='ocrx_word' id='word_1_789' title='bbox 2523 4592 2594 4645; x_wconf 64' lang='grc'><strong>⁵⁸.</strong></span> <span class='ocrx_word' id='word_1_790' title='bbox 2620 4591 2749 4644; x_wconf 86' lang='lat' dir='ltr'><strong>Erat</strong></span> <span class='ocrx_word' id='word_1_791' title='bbox 2778 4592 2945 4661; x_wconf 68' lang='lat' dir='ltr'><strong>igitur</strong></span> <span class='ocrx_word' id='word_1_792' title='bbox 2974 4591 3441 4661; x_wconf 83' lang='lat' dir='ltr'><strong>jneundissimnm</strong></span> <span class='ocrx_word' id='word_1_793' title='bbox 3467 4598 3517 4643; x_wconf 87' lang='lat' dir='ltr'><strong>et</strong></span> <span class='ocrx_word' id='word_1_794' title='bbox 3543 4597 3698 4658; x_wconf 52' lang='lat' dir='ltr'><strong>opta.</strong></span> 
     </span>
    </p>
   </div>
   <div class='ocr_carea' id='block_1_106' title="bbox 2126 4681 3695 4754">
    <p class='ocr_par' dir='ltr' id='par_1_106' title="bbox 2126 4681 3695 4754">
     <span class='ocr_line' id='line_1_106' title="bbox 2126 4681 3695 4754; baseline -0.005 -15"><span class='ocrx_word' id='word_1_795' title='bbox 2126 4687 2421 4750; x_wconf 85' lang='lat' dir='ltr'><strong>tissimum,</strong></span> <span class='ocrx_word' id='word_1_796' title='bbox 2452 4700 2576 4739; x_wconf 89' lang='lat' dir='ltr'><strong>cum</strong></span> <span class='ocrx_word' id='word_1_797' title='bbox 2603 4684 2765 4738; x_wconf 85' lang='lat' dir='ltr'><strong>nobis</strong></span> <span class='ocrx_word' id='word_1_798' title='bbox 2798 4685 2956 4754; x_wconf 89' lang='lat' dir='ltr'><strong>ipsis,</strong></span> <span class='ocrx_word' id='word_1_799' title='bbox 2989 4694 3100 4738; x_wconf 89' lang='lat' dir='ltr'><strong>tum</strong></span> <span class='ocrx_word' id='word_1_800' title='bbox 3139 4684 3349 4738; x_wconf 88' lang='lat' dir='ltr'><strong>sanctis</strong></span> <span class='ocrx_word' id='word_1_801' title='bbox 3381 4681 3695 4749; x_wconf 84' lang='lat' dir='ltr'><strong>discipulis,</strong></span> 
     </span>
    </p>
   </div>
   <div class='ocr_carea' id='block_1_107' title="bbox 2127 4772 3700 4845">
    <p class='ocr_par' dir='ltr' id='par_1_107' title="bbox 2127 4772 3700 4845">
     <span class='ocr_line' id='line_1_107' title="bbox 2127 4772 3700 4845; baseline -0.004 -14"><span class='ocrx_word' id='word_1_802' title='bbox 2127 4792 2342 4845; x_wconf 84' lang='lat' dir='ltr'><strong>semper</strong></span> <span class='ocrx_word' id='word_1_803' title='bbox 2372 4792 2494 4831; x_wconf 89' lang='lat' dir='ltr'><strong>esse</strong></span> <span class='ocrx_word' id='word_1_804' title='bbox 2531 4791 2638 4829; x_wconf 84' lang='lat' dir='ltr'><strong>una</strong></span> <span class='ocrx_word' id='word_1_805' title='bbox 2662 4790 2785 4829; x_wconf 89' lang='lat' dir='ltr'><strong>cum</strong></span> <span class='ocrx_word' id='word_1_806' title='bbox 2820 4784 3099 4830; x_wconf 91' lang='lat' dir='ltr'><strong>tantorum</strong></span> <span class='ocrx_word' id='word_1_807' title='bbox 3142 4775 3406 4829; x_wconf 92' lang='lat' dir='ltr'><strong>bonorum</strong></span> <span class='ocrx_word' id='word_1_808' title='bbox 3440 4772 3700 4843; x_wconf 74' lang='lat' dir='ltr'><strong>largitore</strong></span> 
     </span>
    </p>
   </div>
   <div class='ocr_carea' id='block_1_108' title="bbox 2123 4863 3698 4934">
    <p class='ocr_par' dir='ltr' id='par_1_108' title="bbox 2123 4863 3698 4934">
     <span class='ocr_line' id='line_1_108' title="bbox 2123 4863 3698 4934; baseline -0.004 -14"><span class='ocrx_word' id='word_1_809' title='bbox 2123 4866 2362 4928; x_wconf 84' lang='lat' dir='ltr'><strong>Christo,</strong></span> <span class='ocrx_word' id='word_1_810' title='bbox 2400 4880 2463 4918; x_wconf 89' lang='lat' dir='ltr'><strong>ac</strong></span> <span class='ocrx_word' id='word_1_811' title='bbox 2512 4872 2839 4934; x_wconf 64' lang='lat' dir='ltr'><strong>prmsentem</strong></span> <span class='ocrx_word' id='word_1_812' title='bbox 2886 4880 3105 4934; x_wconf 89' lang='lat' dir='ltr'><strong>semper</strong></span> <span class='ocrx_word' id='word_1_813' title='bbox 3136 4880 3261 4918; x_wconf 88' lang='lat' dir='ltr'><strong>eum</strong></span> <span class='ocrx_word' id='word_1_814' title='bbox 3308 4878 3371 4917; x_wconf 93' lang='lat' dir='ltr'><strong>ac</strong></span> <span class='ocrx_word' id='word_1_815' title='bbox 3407 4863 3698 4917; x_wconf 86' lang='lat' dir='ltr'><strong>uobiscum</strong></span> 
     </span>
    </p>
   </div>
   <div class='ocr_carea' id='block_1_109' title="bbox 2124 4951 3697 5009">
    <p class='ocr_par' dir='ltr' id='par_1_109' title="bbox 2124 4951 3697 5009">
     <span class='ocr_line' id='line_1_109' title="bbox 2124 4951 3697 5009; baseline -0.003 -1"><span class='ocrx_word' id='word_1_816' title='bbox 2124 4965 2434 5009; x_wconf 67' lang='lat' dir='ltr'><strong>versantem</strong></span> <span class='ocrx_word' id='word_1_817' title='bbox 2469 4955 2670 5009; x_wconf 82' lang='lat' dir='ltr'><strong>habere</strong></span> <span class='ocrx_word' id='word_1_818' title='bbox 2702 4973 2715 5009; x_wconf 87' lang='lat'><strong>:</strong></span> <span class='ocrx_word' id='word_1_819' title='bbox 2752 4955 2847 5008; x_wconf 88' lang='lat' dir='ltr'><strong>sed</strong></span> <span class='ocrx_word' id='word_1_820' title='bbox 2884 4970 2994 5008; x_wconf 91' lang='lat' dir='ltr'><strong>non</strong></span> <span class='ocrx_word' id='word_1_821' title='bbox 3029 4955 3259 5008; x_wconf 89' lang='lat' dir='ltr'><strong>multmu</strong></span> <span class='ocrx_word' id='word_1_822' title='bbox 3288 4953 3336 5006; x_wconf 93' lang='lat' dir='ltr'><strong>ei</strong></span> <span class='ocrx_word' id='word_1_823' title='bbox 3383 4952 3518 5006; x_wconf 89' lang='lat' dir='ltr'><strong>utile</strong></span> <span class='ocrx_word' id='word_1_824' title='bbox 3546 4951 3697 5005; x_wconf 89' lang='lat' dir='ltr'><strong>vide-</strong></span> 
     </span>
    </p>
   </div>
   <div class='ocr_carea' id='block_1_110' title="bbox 2125 5041 3696 5115">
    <p class='ocr_par' dir='ltr' id='par_1_110' title="bbox 2125 5041 3696 5115">
     <span class='ocr_line' id='line_1_110' title="bbox 2125 5041 3696 5115; baseline -0.004 -16"><span class='ocrx_word' id='word_1_825' title='bbox 2125 5046 2306 5106; x_wconf 82' lang='lat' dir='ltr'><strong>batur.</strong></span> <span class='ocrx_word' id='word_1_826' title='bbox 2337 5056 2446 5099; x_wconf 90' lang='lat' dir='ltr'><strong>tam</strong></span> <span class='ocrx_word' id='word_1_827' title='bbox 2494 5046 2680 5115; x_wconf 77' lang='lat' dir='ltr'><strong>longis</strong></span> <span class='ocrx_word' id='word_1_828' title='bbox 2717 5046 3059 5114; x_wconf 89' lang='lat' dir='ltr'><strong>temporibus</strong></span> <span class='ocrx_word' id='word_1_829' title='bbox 3108 5042 3438 5098; x_wconf 86' lang='lat' dir='ltr'><strong>commorari</strong></span> <span class='ocrx_word' id='word_1_830' title='bbox 3489 5041 3545 5095; x_wconf 88' lang='lat' dir='ltr'><strong>in</strong></span> <span class='ocrx_word' id='word_1_831' title='bbox 3598 5041 3696 5093; x_wconf 83' lang='lat' dir='ltr'><strong>hu-</strong></span> 
     </span>
    </p>
   </div>
   <div class='ocr_carea' id='block_1_111' title="bbox 2126 5135 3703 5206">
    <p class='ocr_par' dir='ltr' id='par_1_111' title="bbox 2126 5135 3703 5206">
     <span class='ocr_line' id='line_1_111' title="bbox 2126 5135 3703 5206; baseline -0.004 -16"><span class='ocrx_word' id='word_1_832' title='bbox 2126 5139 2376 5191; x_wconf 75' lang='lat' dir='ltr'><strong>utilitatis</strong></span> <span class='ocrx_word' id='word_1_833' title='bbox 2437 5136 2615 5189; x_wconf 82' lang='lat' dir='ltr'><strong>forma</strong></span> <span class='ocrx_word' id='word_1_834' title='bbox 2668 5152 2834 5206; x_wconf 90' lang='lat' dir='ltr'><strong>quam</strong></span> <span class='ocrx_word' id='word_1_835' title='bbox 2894 5147 3119 5206; x_wconf 83' lang='lat' dir='ltr'><strong>prOpter</strong></span> <span class='ocrx_word' id='word_1_836' title='bbox 3167 5135 3512 5187; x_wconf 86' lang='lat' dir='ltr'><strong>dilectionem</strong></span> <span class='ocrx_word' id='word_1_837' title='bbox 3565 5146 3703 5200; x_wconf 76' lang='lat' dir='ltr'><strong>erga-</strong></span> 
     </span>
    </p>
   </div>
   <div class='ocr_carea' id='block_1_112' title="bbox 2126 5224 3699 5295">
    <p class='ocr_par' dir='ltr' id='par_1_112' title="bbox 2126 5224 3699 5295">
     <span class='ocr_line' id='line_1_112' title="bbox 2126 5224 3699 5295; baseline -0.001 -17"><span class='ocrx_word' id='word_1_838' title='bbox 2126 5242 2224 5279; x_wconf 83' lang='lat' dir='ltr'><strong>nos</strong></span> <span class='ocrx_word' id='word_1_839' title='bbox 2282 5235 2683 5295; x_wconf 80' lang='lat' dir='ltr'><strong>assumpscrat,</strong></span> <span class='ocrx_word' id='word_1_840' title='bbox 2719 5227 2886 5281; x_wconf 89' lang='lat' dir='ltr'><strong>sicuti</strong></span> <span class='ocrx_word' id='word_1_841' title='bbox 2929 5227 3042 5295; x_wconf 86' lang='lat' dir='ltr'><strong>jam</strong></span> <span class='ocrx_word' id='word_1_842' title='bbox 3085 5226 3343 5279; x_wconf 78' lang='lat' dir='ltr'><strong>diximus.</strong></span> <span class='ocrx_word' id='word_1_843' title='bbox 3396 5224 3699 5292; x_wconf 86' lang='lat' dir='ltr'><strong>Oportebat</strong></span> 
     </span>
    </p>
   </div>
   <div class='ocr_carea' id='block_1_113' title="bbox 2121 5316 3695 5389">
    <p class='ocr_par' dir='ltr' id='par_1_113' title="bbox 2121 5316 3695 5389">
     <span class='ocr_line' id='line_1_113' title="bbox 2121 5316 3695 5389; baseline -0.003 -16"><span class='ocrx_word' id='word_1_844' title='bbox 2121 5321 2292 5383; x_wconf 82' lang='lat' dir='ltr'><strong>enim,</strong></span> <span class='ocrx_word' id='word_1_845' title='bbox 2324 5331 2508 5374; x_wconf 82' lang='lat' dir='ltr'><strong>nostra</strong></span> <span class='ocrx_word' id='word_1_846' title='bbox 2530 5321 2943 5389; x_wconf 85' lang='lat' dir='ltr'><strong>dispensatione</strong></span> <span class='ocrx_word' id='word_1_847' title='bbox 2959 5320 3073 5386; x_wconf 81' lang='lat' dir='ltr'><strong>jam</strong></span> <span class='ocrx_word' id='word_1_848' title='bbox 3096 5316 3163 5369; x_wconf 89' lang='lat' dir='ltr'><strong>ad</strong></span> <span class='ocrx_word' id='word_1_849' title='bbox 3183 5317 3389 5370; x_wconf 84' lang='lat' dir='ltr'><strong>exitum</strong></span> <span class='ocrx_word' id='word_1_850' title='bbox 3412 5316 3695 5387; x_wconf 74' lang='lat' dir='ltr'><strong>perducta,</strong></span> 
     </span>
    </p>
   </div>
   <div class='ocr_carea' id='block_1_114' title="bbox 2123 5406 3697 5479">
    <p class='ocr_par' dir='ltr' id='par_1_114' title="bbox 2123 5406 3697 5479">
     <span class='ocr_line' id='line_1_114' title="bbox 2123 5406 3697 5479; baseline -0.002 -20"><span class='ocrx_word' id='word_1_851' title='bbox 2123 5409 2188 5461; x_wconf 88' lang='lat' dir='ltr'><strong>ad</strong></span> <span class='ocrx_word' id='word_1_852' title='bbox 2222 5425 2375 5463; x_wconf 83' lang='lat' dir='ltr'><strong>suam</strong></span> <span class='ocrx_word' id='word_1_853' title='bbox 2404 5409 2636 5479; x_wconf 81' lang='lat' dir='ltr'><strong>gloriam</strong></span> <span class='ocrx_word' id='word_1_854' title='bbox 2676 5410 2856 5477; x_wconf 85' lang='lat' dir='ltr'><strong>ipsum</strong></span> <span class='ocrx_word' id='word_1_855' title='bbox 2898 5406 3102 5470; x_wconf 82' lang='lat' dir='ltr'><strong>redire,</strong></span> <span class='ocrx_word' id='word_1_856' title='bbox 3131 5417 3332 5462; x_wconf 88' lang='lat' dir='ltr'><strong>etcum</strong></span> <span class='ocrx_word' id='word_1_857' title='bbox 3368 5421 3539 5460; x_wconf 84' lang='lat' dir='ltr'><strong>carne</strong></span> <span class='ocrx_word' id='word_1_858' title='bbox 3569 5419 3697 5474; x_wconf 90' lang='lat' dir='ltr'><strong>pro-</strong></span> 
     </span>
    </p>
   </div>
   <div class='ocr_carea' id='block_1_115' title="bbox 2123 5497 3696 5568">
    <p class='ocr_par' dir='ltr' id='par_1_115' title="bbox 2123 5497 3696 5568">
     <span class='ocr_line' id='line_1_115' title="bbox 2123 5497 3696 5568; baseline -0.003 -18"><span class='ocrx_word' id='word_1_859' title='bbox 2123 5509 2247 5566; x_wconf 77' lang='lat' dir='ltr'><strong>pler</strong></span> <span class='ocrx_word' id='word_1_860' title='bbox 2286 5515 2386 5555; x_wconf 90' lang='lat' dir='ltr'><strong>nos</strong></span> <span class='ocrx_word' id='word_1_861' title='bbox 2446 5509 2726 5567; x_wconf 87' lang='lat' dir='ltr'><strong>assumpta</strong></span> <span class='ocrx_word' id='word_1_862' title='bbox 2775 5498 2843 5552; x_wconf 86' lang='lat' dir='ltr'><strong>ad</strong></span> <span class='ocrx_word' id='word_1_863' title='bbox 2889 5498 3258 5568; x_wconf 68' lang='lat' dir='ltr'><strong>mqualitatem</strong></span> <span class='ocrx_word' id='word_1_864' title='bbox 3311 5512 3435 5552; x_wconf 90' lang='lat' dir='ltr'><strong>cum</strong></span> <span class='ocrx_word' id='word_1_865' title='bbox 3476 5497 3585 5549; x_wconf 87' lang='lat' dir='ltr'><strong>Deo</strong></span> <span class='ocrx_word' id='word_1_866' title='bbox 3632 5507 3696 5545; x_wconf 87' lang='lat' dir='ltr'><strong>ac</strong></span> 
     </span>
    </p>
   </div>
   <div class='ocr_carea' id='block_1_116' title="bbox 2124 5591 3697 5661">
    <p class='ocr_par' dir='ltr' id='par_1_116' title="bbox 2124 5591 3697 5661">
     <span class='ocr_line' id='line_1_116' title="bbox 2124 5591 3697 5661; baseline -0.003 -18"><span class='ocrx_word' id='word_1_867' title='bbox 2124 5591 2280 5646; x_wconf 79' lang='lat' dir='ltr'><strong>Patre</strong></span> <span class='ocrx_word' id='word_1_868' title='bbox 2330 5593 2553 5657; x_wconf 78' lang='lat' dir='ltr'><strong>reverti,</strong></span> <span class='ocrx_word' id='word_1_869' title='bbox 2590 5607 2752 5661; x_wconf 90' lang='lat' dir='ltr'><strong>quam</strong></span> <span class='ocrx_word' id='word_1_870' title='bbox 2804 5607 2927 5645; x_wconf 84' lang='lat' dir='ltr'><strong>cum</strong></span> <span class='ocrx_word' id='word_1_871' title='bbox 2966 5592 3212 5660; x_wconf 83' lang='lat' dir='ltr'><strong>rapinam</strong></span> <span class='ocrx_word' id='word_1_872' title='bbox 3247 5591 3548 5645; x_wconf 87' lang='lat' dir='ltr'><strong>arbitratus</strong></span> <span class='ocrx_word' id='word_1_873' title='bbox 3587 5597 3697 5637; x_wconf 78' lang='lat' dir='ltr'><strong>non</strong></span> 
     </span>
    </p>
   </div>
   <div class='ocr_carea' id='block_1_117' title="bbox 1212 5760 2015 5833">
    <p class='ocr_par' dir='ltr' id='par_1_117' title="bbox 1212 5763 2015 5832">
     <span class='ocr_line' id='line_1_117' title="bbox 1212 5763 2015 5832; baseline -0.007 -10"><span class='ocrx_word' id='word_1_874' title='bbox 1212 5768 1250 5797; x_wconf 85' lang='lat'><strong>&quot;</strong></span> <span class='ocrx_word' id='word_1_875' title='bbox 1295 5767 1311 5821; x_wconf 87' lang='grc'><strong>1</strong></span> <span class='ocrx_word' id='word_1_876' title='bbox 1347 5767 1479 5820; x_wconf 71' lang='lat' dir='ltr'><strong>(lor.</strong></span> <span class='ocrx_word' id='word_1_877' title='bbox 1522 5766 1692 5831; x_wconf 66' lang='lat' dir='ltr'><strong>x,21.</strong></span> <span class='ocrx_word' id='word_1_878' title='bbox 1771 5766 1817 5797; x_wconf 71' lang='grc' dir='ltr'><strong>ε’</strong></span> <span class='ocrx_word' id='word_1_879' title='bbox 1854 5763 2015 5832; x_wconf 62' lang='lat' dir='ltr'><strong>Phili;</strong></span> 
     </span>
    </p>
   </div>
   <div class='ocr_carea' id='block_1_118' title="bbox 2118 5760 3449 5833">
    <p class='ocr_par' dir='ltr' id='par_1_118' title="bbox 2135 5760 3449 5832">
     <span class='ocr_line' id='line_1_118' title="bbox 2135 5760 3449 5832; baseline -0.006 -15"><span class='ocrx_word' id='word_1_880' title='bbox 2135 5780 2194 5826; x_wconf 89' lang='lat' dir='ltr'><strong>tr,</strong></span> <span class='ocrx_word' id='word_1_881' title='bbox 2241 5766 2359 5817; x_wconf 78' lang='lat'><strong>6-8.</strong></span> <span class='ocrx_word' id='word_1_882' title='bbox 2439 5766 2482 5795; x_wconf 78' lang='grc'><strong>⁸³</strong></span> <span class='ocrx_word' id='word_1_883' title='bbox 2518 5765 2560 5817; x_wconf 88' lang='grc' dir='ltr'><strong>ιι</strong></span> <span class='ocrx_word' id='word_1_884' title='bbox 2601 5766 2743 5819; x_wconf 81' lang='lat' dir='ltr'><strong>Tim.</strong></span> <span class='ocrx_word' id='word_1_885' title='bbox 2781 5783 2817 5832; x_wconf 87' lang='grc' dir='ltr'><strong>ι,</strong></span> <span class='ocrx_word' id='word_1_886' title='bbox 2857 5768 2936 5819; x_wconf 72' lang='lat' dir='ltr'><strong>Hi.</strong></span> <span class='ocrx_word' id='word_1_887' title='bbox 3014 5766 3057 5797; x_wconf 74' lang='lat'><strong>‘”</strong></span> <span class='ocrx_word' id='word_1_888' title='bbox 3096 5764 3227 5817; x_wconf 80' lang='lat' dir='ltr'><strong>Luc.</strong></span> <span class='ocrx_word' id='word_1_889' title='bbox 3262 5780 3326 5824; x_wconf 70' lang='grc' dir='ltr'><strong>ι,</strong></span> <span class='ocrx_word' id='word_1_890' title='bbox 3368 5760 3449 5810; x_wconf 76' lang='grc'><strong>19.</strong></span> 
     </span>
    </p>
   </div>
  </div>
