  <div class='ocr_page' id='page_1' title='image "/cluster/home/n/w/nwhite01/storage/ocr_20150623/74/mdp.39015078384487/163.png"; bbox 0 0 4076 6270; ppageno 0'>
   <div class='ocr_carea' id='block_1_1' title="bbox 467 345 575 407">
    <p class='ocr_par' dir='ltr' id='par_1_1' title="bbox 467 345 575 407">
     <span class='ocr_line' id='line_1_1' title="bbox 467 345 575 407; baseline -0.065 -1"><span class='ocrx_word' id='word_1_1' title='bbox 467 345 529 407; x_wconf 66' lang='grc' dir='ltr'>δῖ</span> <span class='ocrx_word' id='word_1_2' title='bbox 551 349 575 400; x_wconf 80' lang='grc' dir='ltr'><strong>ι</strong></span> 
     </span>
    </p>
   </div>
   <div class='ocr_carea' id='block_1_2' title="bbox 1492 351 2734 414">
    <p class='ocr_par' dir='ltr' id='par_1_2' title="bbox 1492 351 2734 414">
     <span class='ocr_line' id='line_1_2' title="bbox 1492 351 2734 414; baseline 0.006 -9"><span class='ocrx_word' id='word_1_3' title='bbox 1492 351 1549 406; x_wconf 93' lang='lat' dir='ltr'><strong>S.</strong></span> <span class='ocrx_word' id='word_1_4' title='bbox 1592 351 1872 409; x_wconf 71' lang='lat' dir='ltr'><strong>CYRILIJ</strong></span> <span class='ocrx_word' id='word_1_5' title='bbox 1906 353 2377 412; x_wconf 75' lang='lat' dir='ltr'><strong>ALEXANDRINI</strong></span> <span class='ocrx_word' id='word_1_6' title='bbox 2414 356 2734 414; x_wconf 74' lang='lat' dir='ltr'><strong>ARCHIEP.</strong></span> 
     </span>
    </p>
   </div>
   <div class='ocr_carea' id='block_1_3' title="bbox 3612 347 3717 404">
    <p class='ocr_par' dir='ltr' id='par_1_3' title="bbox 3612 347 3717 404">
     <span class='ocr_line' id='line_1_3' title="bbox 3612 347 3717 404; baseline 0.01 -1"><span class='ocrx_word' id='word_1_7' title='bbox 3612 347 3717 404; x_wconf 67' lang='lat' dir='ltr'><strong>5i!</strong></span> 
     </span>
    </p>
   </div>
   <div class='ocr_carea' id='block_1_4' title="bbox 467 462 2019 544">
    <p class='ocr_par' dir='ltr' id='par_1_4' title="bbox 467 464 2019 537">
     <span class='ocr_line' id='line_1_4' title="bbox 467 464 2019 537; baseline 0.001 -20"><span class='ocrx_word' id='word_1_8' title='bbox 467 472 618 519; x_wconf 78' lang='lat' dir='ltr'><strong>esset</strong></span> <span class='ocrx_word' id='word_1_9' title='bbox 654 464 854 534; x_wconf 86' lang='lat' dir='ltr'><strong>(ipsam</strong></span> <span class='ocrx_word' id='word_1_10' title='bbox 904 465 1049 518; x_wconf 86' lang='lat' dir='ltr'><strong>enim</strong></span> <span class='ocrx_word' id='word_1_11' title='bbox 1102 478 1202 519; x_wconf 90' lang='lat' dir='ltr'><strong>ceu</strong></span> <span class='ocrx_word' id='word_1_12' title='bbox 1259 466 1540 537; x_wconf 79' lang='lat' dir='ltr'><strong>preprium</strong></span> <span class='ocrx_word' id='word_1_13' title='bbox 1591 467 1797 522; x_wconf 89' lang='lat' dir='ltr'><strong>bonum</strong></span> <span class='ocrx_word' id='word_1_14' title='bbox 1839 468 2019 529; x_wconf 54' lang='lat' dir='ltr'><strong>haberi</strong></span> 
     </span>
    </p>
   </div>
   <div class='ocr_carea' id='block_1_5' title="bbox 2122 462 3717 544">
    <p class='ocr_par' dir='ltr' id='par_1_5' title="bbox 2149 462 3717 544">
     <span class='ocr_line' id='line_1_5' title="bbox 2149 462 3717 544; baseline -0.008 -18"><span class='ocrx_word' id='word_1_15' title='bbox 2149 475 2269 543; x_wconf 88' lang='grc' dir='ltr'>μεῖν</span> <span class='ocrx_word' id='word_1_16' title='bbox 2299 477 2378 538; x_wconf 84' lang='grc' dir='ltr'><strong>είς</strong></span> <span class='ocrx_word' id='word_1_17' title='bbox 2401 474 2623 543; x_wconf 78' lang='grc' dir='ltr'>ἰσότητα</span> <span class='ocrx_word' id='word_1_18' title='bbox 2652 474 2751 544; x_wconf 72' lang='grc' dir='ltr'>τὴν</span> <span class='ocrx_word' id='word_1_19' title='bbox 2781 472 2917 542; x_wconf 78' lang='grc' dir='ltr'>πρὸς</span> <span class='ocrx_word' id='word_1_20' title='bbox 2948 468 3081 523; x_wconf 71' lang='grc' dir='ltr'>Θεδν</span> <span class='ocrx_word' id='word_1_21' title='bbox 3124 468 3218 521; x_wconf 63' lang='grc' dir='ltr'><strong>καλ⁵</strong></span> <span class='ocrx_word' id='word_1_22' title='bbox 3248 463 3491 535; x_wconf 81' lang='grc' dir='ltr'><strong>Πατέρα,</strong></span> <span class='ocrx_word' id='word_1_23' title='bbox 3524 462 3590 532; x_wconf 74' lang='grc' dir='ltr'>ἦν</span> <span class='ocrx_word' id='word_1_24' title='bbox 3616 462 3717 533; x_wconf 60' lang='grc' dir='ltr'><strong>οἰχ</strong></span> 
     </span>
    </p>
   </div>
   <div class='ocr_carea' id='block_1_6' title="bbox 470 555 2033 626">
    <p class='ocr_par' dir='ltr' id='par_1_6' title="bbox 470 555 2033 626">
     <span class='ocr_line' id='line_1_6' title="bbox 470 555 2033 626; baseline 0.004 -17"><span class='ocrx_word' id='word_1_25' title='bbox 470 556 731 618; x_wconf 81' lang='lat' dir='ltr'><strong>licebat),</strong></span> <span class='ocrx_word' id='word_1_26' title='bbox 790 555 844 610; x_wconf 86' lang='lat' dir='ltr'><strong>in</strong></span> <span class='ocrx_word' id='word_1_27' title='bbox 907 556 1201 609; x_wconf 83' lang='lat' dir='ltr'><strong>humanam</strong></span> <span class='ocrx_word' id='word_1_28' title='bbox 1262 557 1657 626; x_wconf 72' lang='lat' dir='ltr'><strong>ignobilitatem</strong></span> <span class='ocrx_word' id='word_1_29' title='bbox 1728 560 2033 616; x_wconf 88' lang='lat' dir='ltr'><strong>descendit.</strong></span> 
     </span>
    </p>
   </div>
   <div class='ocr_carea' id='block_1_7' title="bbox 469 644 2034 719">
    <p class='ocr_par' dir='ltr' id='par_1_7' title="bbox 469 644 2034 719">
     <span class='ocr_line' id='line_1_7' title="bbox 469 644 2034 719; baseline 0.004 -21"><span class='ocrx_word' id='word_1_30' title='bbox 469 644 724 710; x_wconf 78' lang='lat' dir='ltr'><strong>Quandiu</strong></span> <span class='ocrx_word' id='word_1_31' title='bbox 774 646 920 700; x_wconf 91' lang='lat' dir='ltr'><strong>enim</strong></span> <span class='ocrx_word' id='word_1_32' title='bbox 970 654 1092 700; x_wconf 88' lang='lat' dir='ltr'><strong>erat</strong></span> <span class='ocrx_word' id='word_1_33' title='bbox 1122 647 1375 711; x_wconf 87' lang='lat' dir='ltr'><strong>interra,</strong></span> <span class='ocrx_word' id='word_1_34' title='bbox 1405 647 1532 704; x_wconf 89' lang='lat' dir='ltr'><strong>licet</strong></span> <span class='ocrx_word' id='word_1_35' title='bbox 1568 649 1711 706; x_wconf 85' lang='lat' dir='ltr'><strong>Deus</strong></span> <span class='ocrx_word' id='word_1_36' title='bbox 1756 652 2034 719; x_wconf 83' lang='lat' dir='ltr'><strong>sitverus,</strong></span> 
     </span>
    </p>
   </div>
   <div class='ocr_carea' id='block_1_8' title="bbox 2144 554 3716 638">
    <p class='ocr_par' dir='ltr' id='par_1_8' title="bbox 2144 554 3716 638">
     <span class='ocr_line' id='line_1_8' title="bbox 2144 554 3716 638; baseline -0.01 -18"><span class='ocrx_word' id='word_1_37' title='bbox 2144 568 2439 638; x_wconf 79' lang='grc' dir='ltr'>ἁρπαγμὸν</span> <span class='ocrx_word' id='word_1_38' title='bbox 2494 567 2838 637; x_wconf 80' lang='grc' dir='ltr'><strong>ἡγησάμενος</strong></span> <span class='ocrx_word' id='word_1_39' title='bbox 2900 561 3077 634; x_wconf 76' lang='grc' dir='ltr'>(ἐξῆν</span> <span class='ocrx_word' id='word_1_40' title='bbox 3118 559 3227 628; x_wconf 81' lang='grc' dir='ltr'>γὰρ</span> <span class='ocrx_word' id='word_1_41' title='bbox 3274 557 3437 628; x_wconf 76' lang='grc' dir='ltr'>ἔχειν,</span> <span class='ocrx_word' id='word_1_42' title='bbox 3473 554 3548 618; x_wconf 85' lang='grc' dir='ltr'>ὼς</span> <span class='ocrx_word' id='word_1_43' title='bbox 3589 554 3716 607; x_wconf 84' lang='grc' dir='ltr'>ίδιον</span> 
     </span>
    </p>
   </div>
   <div class='ocr_carea' id='block_1_9' title="bbox 2142 646 3718 731">
    <p class='ocr_par' dir='ltr' id='par_1_9' title="bbox 2142 646 3718 731">
     <span class='ocr_line' id='line_1_9' title="bbox 2142 646 3718 731; baseline -0.01 -17"><span class='ocrx_word' id='word_1_44' title='bbox 2142 659 2398 731; x_wconf 82' lang='grc' dir='ltr'>ἀγαθὸν),</span> <span class='ocrx_word' id='word_1_45' title='bbox 2431 661 2506 722; x_wconf 83' lang='grc' dir='ltr'><strong>είς</strong></span> <span class='ocrx_word' id='word_1_46' title='bbox 2534 656 2879 730; x_wconf 78' lang='grc' dir='ltr'><strong>ἀνθρωπίνην</strong></span> <span class='ocrx_word' id='word_1_47' title='bbox 2909 652 3286 722; x_wconf 78' lang='grc' dir='ltr'>καταϐέϐηκεν</span> <span class='ocrx_word' id='word_1_48' title='bbox 3315 647 3549 714; x_wconf 82' lang='grc' dir='ltr'>ἀδοξίαν.</span> <span class='ocrx_word' id='word_1_49' title='bbox 3570 646 3718 708; x_wconf 83' lang='grc' dir='ltr'>Ἕως</span> 
     </span>
    </p>
   </div>
   <div class='ocr_carea' id='block_1_10' title="bbox 466 737 2019 822">
    <p class='ocr_par' dir='ltr' id='par_1_10' title="bbox 466 737 2019 813">
     <span class='ocr_line' id='line_1_10' title="bbox 466 737 2019 813; baseline 0.005 -24"><span class='ocrx_word' id='word_1_50' title='bbox 466 752 531 790; x_wconf 81' lang='lat' dir='ltr'><strong>ac</strong></span> <span class='ocrx_word' id='word_1_51' title='bbox 577 737 817 790; x_wconf 77' lang='lat' dir='ltr'><strong>universi</strong></span> <span class='ocrx_word' id='word_1_52' title='bbox 856 737 1144 798; x_wconf 77' lang='lat' dir='ltr'><strong>Dominus,</strong></span> <span class='ocrx_word' id='word_1_53' title='bbox 1173 739 1323 793; x_wconf 87' lang='lat' dir='ltr'><strong>nullo</strong></span> <span class='ocrx_word' id='word_1_54' title='bbox 1353 748 1535 795; x_wconf 80' lang='lat' dir='ltr'><strong>tamen</strong></span> <span class='ocrx_word' id='word_1_55' title='bbox 1572 751 1820 796; x_wconf 84' lang='lat' dir='ltr'><strong>nostrum</strong></span> <span class='ocrx_word' id='word_1_56' title='bbox 1855 745 2019 813; x_wconf 71' lang='lat' dir='ltr'><strong>potia!</strong></span> 
     </span>
    </p>
   </div>
   <div class='ocr_carea' id='block_1_11' title="bbox 2122 737 3717 822">
    <p class='ocr_par' dir='ltr' id='par_1_11' title="bbox 2143 739 3717 822">
     <span class='ocr_line' id='line_1_11' title="bbox 2143 739 3717 822; baseline -0.009 -17"><span class='ocrx_word' id='word_1_57' title='bbox 2143 752 2242 822; x_wconf 82' lang='grc' dir='ltr'><strong>μὲν</strong></span> <span class='ocrx_word' id='word_1_58' title='bbox 2267 753 2377 822; x_wconf 73' lang='grc' dir='ltr'><strong>γὰρ</strong></span> <span class='ocrx_word' id='word_1_59' title='bbox 2398 746 2581 822; x_wconf 74' lang='grc' dir='ltr'>ἦνὲπὶ</span> <span class='ocrx_word' id='word_1_60' title='bbox 2624 750 2723 820; x_wconf 87' lang='grc' dir='ltr'>τῆς</span> <span class='ocrx_word' id='word_1_61' title='bbox 2765 749 2872 818; x_wconf 84' lang='grc' dir='ltr'>γῆς</span> <span class='ocrx_word' id='word_1_62' title='bbox 2902 746 3002 812; x_wconf 73' lang='grc' dir='ltr'>ἔτι,</span> <span class='ocrx_word' id='word_1_63' title='bbox 3050 744 3229 798; x_wconf 91' lang='grc' dir='ltr'>καίτοι</span> <span class='ocrx_word' id='word_1_64' title='bbox 3271 741 3406 804; x_wconf 81' lang='grc' dir='ltr'>Θεδς</span> <span class='ocrx_word' id='word_1_65' title='bbox 3454 739 3717 810; x_wconf 77' lang='grc' dir='ltr'><strong>ὑπάρχων</strong></span> 
     </span>
    </p>
   </div>
   <div class='ocr_carea' id='block_1_12' title="bbox 461 828 2030 903">
    <p class='ocr_par' dir='ltr' id='par_1_12' title="bbox 461 828 2030 903">
     <span class='ocr_line' id='line_1_12' title="bbox 461 828 2030 903; baseline 0.007 -23"><span class='ocrx_word' id='word_1_66' title='bbox 461 828 828 897; x_wconf 75' lang='lat' dir='ltr'><strong>reputabatur</strong></span> <span class='ocrx_word' id='word_1_67' title='bbox 856 829 925 883; x_wconf 89' lang='lat' dir='ltr'><strong>ab</strong></span> <span class='ocrx_word' id='word_1_68' title='bbox 951 828 1019 885; x_wconf 89' lang='lat' dir='ltr'><strong>iis</strong></span> <span class='ocrx_word' id='word_1_69' title='bbox 1045 830 1160 900; x_wconf 63' lang='lat' dir='ltr'><strong>qui‘</strong></span> <span class='ocrx_word' id='word_1_70' title='bbox 1181 831 1414 903; x_wconf 79' lang='lat' dir='ltr'><strong>gloriam</strong></span> <span class='ocrx_word' id='word_1_71' title='bbox 1449 832 1570 902; x_wconf 82' lang='lat' dir='ltr'><strong>ejus</strong></span> <span class='ocrx_word' id='word_1_72' title='bbox 1599 848 1710 888; x_wconf 90' lang='lat' dir='ltr'><strong>non</strong></span> <span class='ocrx_word' id='word_1_73' title='bbox 1742 844 2030 891; x_wconf 90' lang='lat' dir='ltr'><strong>noverant.</strong></span> 
     </span>
    </p>
   </div>
   <div class='ocr_carea' id='block_1_13' title="bbox 465 914 2034 994">
    <p class='ocr_par' dir='ltr' id='par_1_13' title="bbox 465 914 2034 994">
     <span class='ocr_line' id='line_1_13' title="bbox 465 914 2034 994; baseline 0.007 -25"><span class='ocrx_word' id='word_1_74' title='bbox 465 914 620 972; x_wconf 77' lang='lat' dir='ltr'><strong>Unde</strong></span> <span class='ocrx_word' id='word_1_75' title='bbox 665 924 725 971; x_wconf 86' lang='lat' dir='ltr'><strong>et</strong></span> <span class='ocrx_word' id='word_1_76' title='bbox 751 917 1006 988; x_wconf 74' lang='lat' dir='ltr'><strong>colaphis</strong></span> <span class='ocrx_word' id='word_1_77' title='bbox 1042 934 1240 986; x_wconf 82' lang='lat' dir='ltr'><strong>caesus,</strong></span> <span class='ocrx_word' id='word_1_78' title='bbox 1279 923 1562 992; x_wconf 84' lang='lat' dir='ltr'><strong>et-sputis</strong></span> <span class='ocrx_word' id='word_1_79' title='bbox 1614 924 1954 994; x_wconf 87' lang='lat' dir='ltr'><strong>inquinatus,</strong></span> <span class='ocrx_word' id='word_1_80' title='bbox 1979 933 2034 981; x_wconf 88' lang='lat' dir='ltr'><strong>et</strong></span> 
     </span>
    </p>
   </div>
   <div class='ocr_carea' id='block_1_14' title="bbox 457 1009 2034 1090">
    <p class='ocr_par' dir='ltr' id='par_1_14' title="bbox 457 1009 2034 1090">
     <span class='ocr_line' id='line_1_14' title="bbox 457 1009 2034 1090; baseline 0.009 -29"><span class='ocrx_word' id='word_1_81' title='bbox 457 1009 760 1064; x_wconf 75' lang='lat' dir='ltr'><strong>cruciﬁxus</strong></span> <span class='ocrx_word' id='word_1_82' title='bbox 802 1022 906 1076; x_wconf 80' lang='lat' dir='ltr'><strong>est,</strong></span> <span class='ocrx_word' id='word_1_83' title='bbox 944 1023 998 1068; x_wconf 91' lang='lat' dir='ltr'><strong>et</strong></span> <span class='ocrx_word' id='word_1_84' title='bbox 1040 1011 1357 1069; x_wconf 72' lang='lat' dir='ltr'><strong>Iudaeorum</strong></span> <span class='ocrx_word' id='word_1_85' title='bbox 1400 1031 1603 1072; x_wconf 85' lang='lat' dir='ltr'><strong>sannas</strong></span> <span class='ocrx_word' id='word_1_86' title='bbox 1639 1019 1785 1081; x_wconf 91' lang='lat' dir='ltr'><strong>tulit,</strong></span> <span class='ocrx_word' id='word_1_87' title='bbox 1817 1019 1914 1090; x_wconf 92' lang='lat' dir='ltr'><strong>qui</strong></span> <span class='ocrx_word' id='word_1_88' title='bbox 1951 1020 2034 1075; x_wconf 93' lang='lat' dir='ltr'><strong>di-</strong></span> 
     </span>
    </p>
   </div>
   <div class='ocr_carea' id='block_1_15' title="bbox 456 1103 2032 1170">
    <p class='ocr_par' dir='ltr' id='par_1_15' title="bbox 456 1103 2032 1170">
     <span class='ocr_line' id='line_1_15' title="bbox 456 1103 2032 1170; baseline 0.013 -22"><span class='ocrx_word' id='word_1_89' title='bbox 456 1116 584 1154; x_wconf 69' lang='lat' dir='ltr'><strong>rere</strong></span> <span class='ocrx_word' id='word_1_90' title='bbox 638 1103 762 1159; x_wconf 83' lang='lat' dir='ltr'><strong>ausi</strong></span> <span class='ocrx_word' id='word_1_91' title='bbox 813 1112 942 1158; x_wconf 84' lang='lat' dir='ltr'><strong>sunt</strong></span> <span class='ocrx_word' id='word_1_92' title='bbox 976 1122 989 1158; x_wconf 91' lang='lat'><strong>:</strong></span> <span class='ocrx_word' id='word_1_93' title='bbox 1029 1124 1048 1158; x_wconf 86' lang='grc' dir='ltr'><strong>ι</strong></span> <span class='ocrx_word' id='word_1_94' title='bbox 1085 1104 1141 1160; x_wconf 86' lang='lat' dir='ltr'><strong>Si</strong></span> <span class='ocrx_word' id='word_1_95' title='bbox 1195 1104 1365 1162; x_wconf 82' lang='lat' dir='ltr'><strong>Filius</strong></span> <span class='ocrx_word' id='word_1_96' title='bbox 1408 1106 1504 1162; x_wconf 89' lang='lat' dir='ltr'><strong>Dei</strong></span> <span class='ocrx_word' id='word_1_97' title='bbox 1541 1124 1622 1170; x_wconf 86' lang='lat' dir='ltr'><strong>es,</strong></span> <span class='ocrx_word' id='word_1_98' title='bbox 1659 1110 1930 1167; x_wconf 85' lang='lat' dir='ltr'><strong>descende</strong></span> <span class='ocrx_word' id='word_1_99' title='bbox 1964 1113 2032 1168; x_wconf 89' lang='lat' dir='ltr'><strong>de</strong></span> 
     </span>
    </p>
   </div>
   <div class='ocr_carea' id='block_1_16' title="bbox 457 1194 2030 1267">
    <p class='ocr_par' dir='ltr' id='par_1_16' title="bbox 457 1194 2030 1267">
     <span class='ocr_line' id='line_1_16' title="bbox 457 1194 2030 1267; baseline 0.009 -25"><span class='ocrx_word' id='word_1_100' title='bbox 457 1206 642 1255; x_wconf 84' lang='lat' dir='ltr'><strong>cruce,</strong></span> <span class='ocrx_word' id='word_1_101' title='bbox 678 1201 737 1246; x_wconf 87' lang='lat' dir='ltr'><strong>et</strong></span> <span class='ocrx_word' id='word_1_102' title='bbox 761 1194 1053 1250; x_wconf 84' lang='lat' dir='ltr'><strong>credemus</strong></span> <span class='ocrx_word' id='word_1_103' title='bbox 1097 1196 1194 1250; x_wconf 90' lang='lat' dir='ltr'><strong>tibi</strong></span> <span class='ocrx_word' id='word_1_104' title='bbox 1218 1196 1285 1252; x_wconf 82' lang='grc'><strong>³⁸.</strong></span> <span class='ocrx_word' id='word_1_105' title='bbox 1322 1217 1341 1249; x_wconf 74' lang='grc' dir='ltr'><strong>ι</strong></span> <span class='ocrx_word' id='word_1_106' title='bbox 1388 1196 1686 1267; x_wconf 76' lang='lat' dir='ltr'><strong>Postquam</strong></span> <span class='ocrx_word' id='word_1_107' title='bbox 1724 1214 1905 1254; x_wconf 87' lang='lat' dir='ltr'><strong>autem</strong></span> <span class='ocrx_word' id='word_1_108' title='bbox 1949 1201 2030 1255; x_wconf 88' lang='lat' dir='ltr'><strong>in-</strong></span> 
     </span>
    </p>
   </div>
   <div class='ocr_carea' id='block_1_17' title="bbox 455 1286 2031 1371">
    <p class='ocr_par' dir='ltr' id='par_1_17' title="bbox 455 1286 2031 1371">
     <span class='ocr_line' id='line_1_17' title="bbox 455 1286 2031 1371; baseline 0.005 -33"><span class='ocrx_word' id='word_1_109' title='bbox 455 1286 796 1343; x_wconf 74' lang='lat' dir='ltr'><strong>carnationis</strong></span> <span class='ocrx_word' id='word_1_110' title='bbox 848 1288 1094 1359; x_wconf 77' lang='lat' dir='ltr'><strong>implevit</strong></span> <span class='ocrx_word' id='word_1_111' title='bbox 1119 1292 1465 1361; x_wconf 78' lang='lat' dir='ltr'><strong>mysterium,</strong></span> <span class='ocrx_word' id='word_1_112' title='bbox 1502 1292 1577 1346; x_wconf 86' lang='lat' dir='ltr'><strong>ad</strong></span> <span class='ocrx_word' id='word_1_113' title='bbox 1602 1292 1880 1348; x_wconf 70' lang='lat' dir='ltr'><strong>caelestem</strong></span> <span class='ocrx_word' id='word_1_114' title='bbox 1928 1291 2031 1371; x_wconf 68' lang='lat' dir='ltr'><strong>Pa-</strong></span> 
     </span>
    </p>
   </div>
   <div class='ocr_carea' id='block_1_18' title="bbox 455 1377 2031 1451">
    <p class='ocr_par' dir='ltr' id='par_1_18' title="bbox 455 1377 2031 1451">
     <span class='ocr_line' id='line_1_18' title="bbox 455 1377 2031 1451; baseline 0.008 -23"><span class='ocrx_word' id='word_1_115' title='bbox 455 1385 599 1430; x_wconf 82' lang='lat' dir='ltr'><strong>trem</strong></span> <span class='ocrx_word' id='word_1_116' title='bbox 627 1393 692 1433; x_wconf 89' lang='lat' dir='ltr'><strong>ac</strong></span> <span class='ocrx_word' id='word_1_117' title='bbox 725 1377 897 1434; x_wconf 83' lang='lat' dir='ltr'><strong>Deum</strong></span> <span class='ocrx_word' id='word_1_118' title='bbox 933 1394 993 1435; x_wconf 90' lang='lat' dir='ltr'><strong>se</strong></span> <span class='ocrx_word' id='word_1_119' title='bbox 1034 1383 1264 1451; x_wconf 75' lang='lat' dir='ltr'><strong>recepit,</strong></span> <span class='ocrx_word' id='word_1_120' title='bbox 1296 1393 1490 1438; x_wconf 78' lang='lat' dir='ltr'><strong>exacto</strong></span> <span class='ocrx_word' id='word_1_121' title='bbox 1517 1384 1774 1439; x_wconf 90' lang='lat' dir='ltr'><strong>nimirum</strong></span> <span class='ocrx_word' id='word_1_122' title='bbox 1812 1386 2031 1441; x_wconf 89' lang='lat' dir='ltr'><strong>humili-</strong></span> 
     </span>
    </p>
   </div>
   <div class='ocr_carea' id='block_1_19' title="bbox 455 1470 2029 1547">
    <p class='ocr_par' dir='ltr' id='par_1_19' title="bbox 455 1470 2029 1547">
     <span class='ocr_line' id='line_1_19' title="bbox 455 1470 2029 1547; baseline 0.009 -30"><span class='ocrx_word' id='word_1_123' title='bbox 455 1470 585 1521; x_wconf 78' lang='lat' dir='ltr'><strong>tatis</strong></span> <span class='ocrx_word' id='word_1_124' title='bbox 609 1478 873 1540; x_wconf 90' lang='lat' dir='ltr'><strong>tempore.</strong></span> <span class='ocrx_word' id='word_1_125' title='bbox 896 1481 949 1525; x_wconf 89' lang='lat' dir='ltr'><strong>et</strong></span> <span class='ocrx_word' id='word_1_126' title='bbox 981 1472 1307 1528; x_wconf 58' lang='lat' dir='ltr'><strong>voluntaria;</strong></span> <span class='ocrx_word' id='word_1_127' title='bbox 1332 1474 1653 1531; x_wconf 78' lang='lat' dir='ltr'><strong>inanitionis</strong></span> <span class='ocrx_word' id='word_1_128' title='bbox 1687 1477 2029 1547; x_wconf 81' lang='lat' dir='ltr'><strong>temporibus</strong></span> 
     </span>
    </p>
   </div>
   <div class='ocr_carea' id='block_1_20' title="bbox 455 1560 2027 1636">
    <p class='ocr_par' dir='ltr' id='par_1_20' title="bbox 455 1560 2027 1636">
     <span class='ocr_line' id='line_1_20' title="bbox 455 1560 2027 1636; baseline 0.006 -26"><span class='ocrx_word' id='word_1_129' title='bbox 455 1560 528 1612; x_wconf 77' lang='lat' dir='ltr'><strong>ad</strong></span> <span class='ocrx_word' id='word_1_130' title='bbox 563 1561 767 1614; x_wconf 81' lang='lat' dir='ltr'><strong>exitum</strong></span> <span class='ocrx_word' id='word_1_131' title='bbox 824 1563 1124 1632; x_wconf 81' lang='lat' dir='ltr'><strong>perductis,</strong></span> <span class='ocrx_word' id='word_1_132' title='bbox 1168 1562 1312 1619; x_wconf 84' lang='lat' dir='ltr'><strong>Deus</strong></span> <span class='ocrx_word' id='word_1_133' title='bbox 1366 1564 1586 1619; x_wconf 82' lang='lat' dir='ltr'><strong>tandem</strong></span> <span class='ocrx_word' id='word_1_134' title='bbox 1629 1566 1885 1633; x_wconf 79' lang='lat' dir='ltr'><strong>supernis</strong></span> <span class='ocrx_word' id='word_1_135' title='bbox 1929 1582 2027 1636; x_wconf 91' lang='lat' dir='ltr'><strong>po-</strong></span> 
     </span>
    </p>
   </div>
   <div class='ocr_carea' id='block_1_21' title="bbox 455 1651 2025 1722">
    <p class='ocr_par' dir='ltr' id='par_1_21' title="bbox 455 1651 2025 1722">
     <span class='ocr_line' id='line_1_21' title="bbox 455 1651 2025 1722; baseline 0.008 -21"><span class='ocrx_word' id='word_1_136' title='bbox 455 1651 749 1706; x_wconf 60' lang='lat' dir='ltr'><strong>testatibus</strong></span> <span class='ocrx_word' id='word_1_137' title='bbox 791 1654 1068 1722; x_wconf 85' lang='lat' dir='ltr'><strong>apparuit.</strong></span> <span class='ocrx_word' id='word_1_138' title='bbox 1101 1653 1209 1709; x_wconf 83' lang='lat' dir='ltr'><strong>Nec</strong></span> <span class='ocrx_word' id='word_1_139' title='bbox 1257 1657 1404 1709; x_wconf 86' lang='lat' dir='ltr'><strong>enim</strong></span> <span class='ocrx_word' id='word_1_140' title='bbox 1446 1657 1744 1712; x_wconf 81' lang='lat' dir='ltr'><strong>ascendere</strong></span> <span class='ocrx_word' id='word_1_141' title='bbox 1784 1657 2025 1715; x_wconf 90' lang='lat' dir='ltr'><strong>universi</strong></span> 
     </span>
    </p>
   </div>
   <div class='ocr_carea' id='block_1_22' title="bbox 422 1738 2024 1819">
    <p class='ocr_par' dir='ltr' id='par_1_22' title="bbox 422 1738 2024 1819">
     <span class='ocr_line' id='line_1_22' title="bbox 422 1738 2024 1819; baseline 0.01 -29"><span class='ocrx_word' id='word_1_142' title='bbox 422 1738 749 1803; x_wconf 81' lang='lat' dir='ltr'><strong>_Dominum</strong></span> <span class='ocrx_word' id='word_1_143' title='bbox 780 1744 980 1797; x_wconf 67' lang='lat' dir='ltr'><strong>caelum</strong></span> <span class='ocrx_word' id='word_1_144' title='bbox 1008 1743 1300 1815; x_wconf 74' lang='lat' dir='ltr'><strong>ignora-vit,</strong></span> <span class='ocrx_word' id='word_1_145' title='bbox 1334 1745 1427 1802; x_wconf 89' lang='lat' dir='ltr'><strong>sed</strong></span> <span class='ocrx_word' id='word_1_146' title='bbox 1459 1747 1602 1816; x_wconf 87' lang='lat' dir='ltr'><strong>jussi</strong></span> <span class='ocrx_word' id='word_1_147' title='bbox 1643 1756 1770 1803; x_wconf 91' lang='lat' dir='ltr'><strong>sunt</strong></span> <span class='ocrx_word' id='word_1_148' title='bbox 1804 1751 1900 1819; x_wconf 89' lang='lat' dir='ltr'><strong>qui</strong></span> <span class='ocrx_word' id='word_1_149' title='bbox 1932 1767 2024 1805; x_wconf 88' lang='lat' dir='ltr'><strong>su-</strong></span> 
     </span>
    </p>
   </div>
   <div class='ocr_carea' id='block_1_23' title="bbox 2139 829 3777 915">
    <p class='ocr_par' dir='ltr' id='par_1_23' title="bbox 2139 829 3777 915">
     <span class='ocr_line' id='line_1_23' title="bbox 2139 829 3777 915; baseline -0.01 -17"><span class='ocrx_word' id='word_1_150' title='bbox 2139 845 2410 915; x_wconf 81' lang='grc' dir='ltr'>ἀληθινὸς,</span> <span class='ocrx_word' id='word_1_151' title='bbox 2447 845 2541 897; x_wconf 75' lang='grc' dir='ltr'><strong>καὶ</strong></span> <span class='ocrx_word' id='word_1_152' title='bbox 2570 842 2678 896; x_wconf 89' lang='grc' dir='ltr'><strong>τῶν</strong></span> <span class='ocrx_word' id='word_1_153' title='bbox 2704 840 2840 896; x_wconf 73' lang='grc' dir='ltr'>ὅλων</span> <span class='ocrx_word' id='word_1_154' title='bbox 2862 839 3087 909; x_wconf 85' lang='grc' dir='ltr'>Κύριος,</span> <span class='ocrx_word' id='word_1_155' title='bbox 3108 834 3322 897; x_wconf 77' lang='grc' dir='ltr'>οὒδενδς</span> <span class='ocrx_word' id='word_1_156' title='bbox 3348 832 3586 903; x_wconf 85' lang='grc' dir='ltr'>ἀμείνων</span> <span class='ocrx_word' id='word_1_157' title='bbox 3605 829 3717 884; x_wconf 88' lang='grc' dir='ltr'><strong>τῶν</strong></span> <span class='ocrx_word' id='word_1_158' title='bbox 3774 852 3777 855; x_wconf 58' lang='grc' dir='ltr'><strong>λ</strong></span> 
     </span>
    </p>
   </div>
   <div class='ocr_carea' id='block_1_24' title="bbox 2137 922 3715 1010">
    <p class='ocr_par' dir='ltr' id='par_1_24' title="bbox 2137 922 3715 1010">
     <span class='ocr_line' id='line_1_24' title="bbox 2137 922 3715 1010; baseline -0.011 -18"><span class='ocrx_word' id='word_1_159' title='bbox 2137 936 2261 992; x_wconf 83' lang='grc' dir='ltr'>καθ’</span> <span class='ocrx_word' id='word_1_160' title='bbox 2290 939 2440 1010; x_wconf 77' lang='grc' dir='ltr'>ἡμᾶς</span> <span class='ocrx_word' id='word_1_161' title='bbox 2482 935 2755 1004; x_wconf 72' lang='grc' dir='ltr'><strong>ἐλογίζετο</strong></span> <span class='ocrx_word' id='word_1_162' title='bbox 2802 932 2957 1003; x_wconf 86' lang='grc' dir='ltr'>παρά</span> <span class='ocrx_word' id='word_1_163' title='bbox 2994 947 3058 999; x_wconf 89' lang='grc' dir='ltr'><strong>γε</strong></span> <span class='ocrx_word' id='word_1_164' title='bbox 3111 930 3224 992; x_wconf 89' lang='grc' dir='ltr'>τοῖς</span> <span class='ocrx_word' id='word_1_165' title='bbox 3262 926 3362 980; x_wconf 78' lang='grc' dir='ltr'><strong>οὐκ</strong></span> <span class='ocrx_word' id='word_1_166' title='bbox 3417 923 3585 977; x_wconf 68' lang='grc' dir='ltr'>εἰδόσι</span> <span class='ocrx_word' id='word_1_167' title='bbox 3616 922 3715 992; x_wconf 69' lang='grc' dir='ltr'><strong>τὴν</strong></span> 
     </span>
    </p>
   </div>
   <div class='ocr_carea' id='block_1_25' title="bbox 2136 1013 3713 1097">
    <p class='ocr_par' dir='ltr' id='par_1_25' title="bbox 2136 1013 3713 1097">
     <span class='ocr_line' id='line_1_25' title="bbox 2136 1013 3713 1097; baseline -0.012 -13"><span class='ocrx_word' id='word_1_168' title='bbox 2136 1031 2295 1097; x_wconf 84' lang='grc' dir='ltr'>δόξαν</span> <span class='ocrx_word' id='word_1_169' title='bbox 2321 1028 2506 1082; x_wconf 80' lang='grc' dir='ltr'>αὐτοῦ.</span> <span class='ocrx_word' id='word_1_170' title='bbox 2539 1029 2650 1081; x_wconf 75' lang='grc' dir='ltr'><strong>Καὶ</strong></span> <span class='ocrx_word' id='word_1_171' title='bbox 2697 1023 2829 1094; x_wconf 86' lang='grc' dir='ltr'>γοῦν</span> <span class='ocrx_word' id='word_1_172' title='bbox 2874 1019 3205 1095; x_wconf 81' lang='grc' dir='ltr'>ὲρῤαπίσθη,</span> <span class='ocrx_word' id='word_1_173' title='bbox 3250 1018 3347 1071; x_wconf 78' lang='grc' dir='ltr'><strong>καὶ</strong></span> <span class='ocrx_word' id='word_1_174' title='bbox 3374 1013 3676 1083; x_wconf 79' lang='grc' dir='ltr'>ὲνεπτύσθη</span> <span class='ocrx_word' id='word_1_175' title='bbox 3697 1052 3713 1073; x_wconf 85' lang='grc'><strong>.</strong></span> 
     </span>
    </p>
   </div>
   <div class='ocr_carea' id='block_1_26' title="bbox 2137 1104 3712 1191">
    <p class='ocr_par' dir='ltr' id='par_1_26' title="bbox 2137 1104 3712 1191">
     <span class='ocr_line' id='line_1_26' title="bbox 2137 1104 3712 1191; baseline -0.013 -16"><span class='ocrx_word' id='word_1_176' title='bbox 2137 1122 2231 1183; x_wconf 75' lang='grc' dir='ltr'><strong>καὶ</strong></span> <span class='ocrx_word' id='word_1_177' title='bbox 2253 1119 2591 1191; x_wconf 77' lang='grc' dir='ltr'>ἐσταυρώθη,</span> <span class='ocrx_word' id='word_1_178' title='bbox 2610 1117 2705 1173; x_wconf 85' lang='grc' dir='ltr'><strong>καί</strong></span> <span class='ocrx_word' id='word_1_179' title='bbox 2726 1116 2824 1186; x_wconf 84' lang='grc' dir='ltr'>τῆς</span> <span class='ocrx_word' id='word_1_180' title='bbox 2851 1112 3119 1168; x_wconf 73' lang='grc' dir='ltr'><strong>Ἰουδαίων</strong></span> <span class='ocrx_word' id='word_1_181' title='bbox 3140 1108 3486 1177; x_wconf 77' lang='grc' dir='ltr'><strong>ἀνοσιότητος</strong></span> <span class='ocrx_word' id='word_1_182' title='bbox 3502 1104 3712 1172; x_wconf 74' lang='grc' dir='ltr'>ὑπέστη</span> 
     </span>
    </p>
   </div>
   <div class='ocr_carea' id='block_1_27' title="bbox 2135 1191 3710 1280">
    <p class='ocr_par' dir='ltr' id='par_1_27' title="bbox 2135 1191 3710 1280">
     <span class='ocr_line' id='line_1_27' title="bbox 2135 1191 3710 1280; baseline -0.015 -14"><span class='ocrx_word' id='word_1_183' title='bbox 2135 1212 2225 1266; x_wconf 74' lang='grc' dir='ltr'><strong>τὸν</strong></span> <span class='ocrx_word' id='word_1_184' title='bbox 2245 1212 2477 1280; x_wconf 81' lang='grc' dir='ltr'>γέλωτα,</span> <span class='ocrx_word' id='word_1_185' title='bbox 2499 1207 2882 1279; x_wconf 79' lang='grc' dir='ltr'>τολμησάντων</span> <span class='ocrx_word' id='word_1_186' title='bbox 2897 1205 3090 1256; x_wconf 74' lang='grc' dir='ltr'>εἰπεῖν’</span> <span class='ocrx_word' id='word_1_187' title='bbox 3116 1221 3133 1251; x_wconf 81' lang='grc' dir='ltr'><strong>ι</strong></span> <span class='ocrx_word' id='word_1_188' title='bbox 3147 1201 3208 1253; x_wconf 87' lang='grc' dir='ltr'><strong>Εἰ</strong></span> <span class='ocrx_word' id='word_1_189' title='bbox 3228 1197 3355 1260; x_wconf 81' lang='grc' dir='ltr'><strong>Υἱὸς</strong></span> <span class='ocrx_word' id='word_1_190' title='bbox 3367 1191 3416 1249; x_wconf 74' lang='grc' dir='ltr'>εἰ</span> <span class='ocrx_word' id='word_1_191' title='bbox 3439 1193 3534 1248; x_wconf 77' lang='grc' dir='ltr'>τοῦ</span> <span class='ocrx_word' id='word_1_192' title='bbox 3551 1192 3710 1254; x_wconf 73' lang='grc' dir='ltr'>Θεοῦ,</span> 
     </span>
    </p>
   </div>
   <div class='ocr_carea' id='block_1_28' title="bbox 2136 1284 3713 1373">
    <p class='ocr_par' dir='ltr' id='par_1_28' title="bbox 2136 1284 3713 1373">
     <span class='ocr_line' id='line_1_28' title="bbox 2136 1284 3713 1373; baseline -0.015 -13"><span class='ocrx_word' id='word_1_193' title='bbox 2136 1304 2404 1373; x_wconf 80' lang='grc' dir='ltr'>κατάϐηθι</span> <span class='ocrx_word' id='word_1_194' title='bbox 2433 1303 2528 1355; x_wconf 80' lang='grc' dir='ltr'>νῦν</span> <span class='ocrx_word' id='word_1_195' title='bbox 2579 1300 2686 1354; x_wconf 82' lang='grc' dir='ltr'><strong>ἀπὸ</strong></span> <span class='ocrx_word' id='word_1_196' title='bbox 2731 1297 2827 1352; x_wconf 84' lang='grc' dir='ltr'>τοῦ</span> <span class='ocrx_word' id='word_1_197' title='bbox 2886 1292 3293 1366; x_wconf 78' lang='grc' dir='ltr'>σταυροῦ,’καὶ</span> <span class='ocrx_word' id='word_1_198' title='bbox 3347 1284 3713 1355; x_wconf 86' lang='grc' dir='ltr'>πιστεύσομέν</span> 
     </span>
    </p>
   </div>
   <div class='ocr_carea' id='block_1_29' title="bbox 2136 1377 3708 1463">
    <p class='ocr_par' dir='ltr' id='par_1_29' title="bbox 2136 1377 3708 1463">
     <span class='ocr_line' id='line_1_29' title="bbox 2136 1377 3708 1463; baseline -0.016 -14"><span class='ocrx_word' id='word_1_199' title='bbox 2136 1413 2237 1450; x_wconf 85' lang='grc' dir='ltr'>σοι.</span> <span class='ocrx_word' id='word_1_200' title='bbox 2254 1414 2273 1446; x_wconf 71' lang='grc' dir='ltr'><strong>ι</strong></span> <span class='ocrx_word' id='word_1_201' title='bbox 2307 1392 2524 1463; x_wconf 80' lang='grc' dir='ltr'>Ἐπειδὴ</span> <span class='ocrx_word' id='word_1_202' title='bbox 2558 1389 2619 1443; x_wconf 79' lang='grc' dir='ltr'>τὸ</span> <span class='ocrx_word' id='word_1_203' title='bbox 2647 1388 2766 1443; x_wconf 81' lang='grc' dir='ltr'>καθ’</span> <span class='ocrx_word' id='word_1_204' title='bbox 2787 1387 2936 1459; x_wconf 82' lang='grc' dir='ltr'>ἡμᾶς</span> <span class='ocrx_word' id='word_1_205' title='bbox 2962 1380 3370 1452; x_wconf 81' lang='grc' dir='ltr'>ἀποπληρώσας</span> <span class='ocrx_word' id='word_1_206' title='bbox 3393 1377 3708 1449; x_wconf 79' lang='grc' dir='ltr'>μυστήριον,</span> 
     </span>
    </p>
   </div>
   <div class='ocr_carea' id='block_1_30' title="bbox 2134 1466 3708 1556">
    <p class='ocr_par' dir='ltr' id='par_1_30' title="bbox 2134 1466 3708 1556">
     <span class='ocr_line' id='line_1_30' title="bbox 2134 1466 3708 1556; baseline -0.015 -15"><span class='ocrx_word' id='word_1_207' title='bbox 2134 1487 2271 1556; x_wconf 73' lang='grc' dir='ltr'>πρὸς</span> <span class='ocrx_word' id='word_1_208' title='bbox 2301 1485 2389 1539; x_wconf 80' lang='grc' dir='ltr'><strong>τὸν</strong></span> <span class='ocrx_word' id='word_1_209' title='bbox 2428 1486 2485 1537; x_wconf 81' lang='grc' dir='ltr'>ὲν</span> <span class='ocrx_word' id='word_1_210' title='bbox 2512 1484 2624 1545; x_wconf 82' lang='grc' dir='ltr'>τοῖς</span> <span class='ocrx_word' id='word_1_211' title='bbox 2654 1480 2902 1552; x_wconf 78' lang='grc' dir='ltr'>οὐρανοῖς</span> <span class='ocrx_word' id='word_1_212' title='bbox 2939 1470 3294 1543; x_wconf 74' lang='grc' dir='ltr'>ἀνεκομίζετο</span> <span class='ocrx_word' id='word_1_213' title='bbox 3345 1467 3567 1539; x_wconf 85' lang='grc' dir='ltr'>Πατέρα</span> <span class='ocrx_word' id='word_1_214' title='bbox 3618 1466 3708 1518; x_wconf 77' lang='grc' dir='ltr'><strong>καὶ</strong></span> 
     </span>
    </p>
   </div>
   <div class='ocr_carea' id='block_1_31' title="bbox 2132 1557 3706 1645">
    <p class='ocr_par' dir='ltr' id='par_1_31' title="bbox 2132 1557 3706 1645">
     <span class='ocr_line' id='line_1_31' title="bbox 2132 1557 3706 1645; baseline -0.015 -14"><span class='ocrx_word' id='word_1_215' title='bbox 2132 1579 2288 1640; x_wconf 80' lang='grc' dir='ltr'>Θεὸν,</span> <span class='ocrx_word' id='word_1_216' title='bbox 2310 1576 2404 1631; x_wconf 82' lang='grc' dir='ltr'><strong>ἀτε</strong></span> <span class='ocrx_word' id='word_1_217' title='bbox 2425 1574 2490 1645; x_wconf 81' lang='grc' dir='ltr'>δὴ</span> <span class='ocrx_word' id='word_1_218' title='bbox 2516 1571 2922 1643; x_wconf 86' lang='grc' dir='ltr'>παρελάσαντος</span> <span class='ocrx_word' id='word_1_219' title='bbox 2950 1566 3050 1638; x_wconf 71' lang='grc' dir='ltr'>ἥδη</span> <span class='ocrx_word' id='word_1_220' title='bbox 3079 1562 3174 1617; x_wconf 77' lang='grc' dir='ltr'>τοῦ</span> <span class='ocrx_word' id='word_1_221' title='bbox 3205 1560 3306 1632; x_wconf 73' lang='grc' dir='ltr'><strong>τῆς</strong></span> <span class='ocrx_word' id='word_1_222' title='bbox 3326 1557 3706 1619; x_wconf 76' lang='grc' dir='ltr'>ταπεινώσεως</span> 
     </span>
    </p>
   </div>
   <div class='ocr_carea' id='block_1_32' title="bbox 2134 1648 3705 1741">
    <p class='ocr_par' dir='ltr' id='par_1_32' title="bbox 2134 1648 3705 1741">
     <span class='ocr_line' id='line_1_32' title="bbox 2134 1648 3705 1741; baseline -0.016 -17"><span class='ocrx_word' id='word_1_223' title='bbox 2134 1670 2326 1741; x_wconf 81' lang='grc' dir='ltr'>χρόνου</span> <span class='ocrx_word' id='word_1_224' title='bbox 2356 1668 2450 1720; x_wconf 71' lang='grc' dir='ltr'><strong>καὶ</strong></span> <span class='ocrx_word' id='word_1_225' title='bbox 2476 1661 2913 1734; x_wconf 80' lang='grc' dir='ltr'>πεπερασμένων</span> <span class='ocrx_word' id='word_1_226' title='bbox 2938 1656 3047 1711; x_wconf 91' lang='grc' dir='ltr'><strong>τῶν</strong></span> <span class='ocrx_word' id='word_1_227' title='bbox 3084 1653 3293 1725; x_wconf 87' lang='grc' dir='ltr'>καιρῶν</span> <span class='ocrx_word' id='word_1_228' title='bbox 3326 1652 3426 1720; x_wconf 80' lang='grc' dir='ltr'><strong>τῆς</strong></span> <span class='ocrx_word' id='word_1_229' title='bbox 3459 1648 3705 1704; x_wconf 78' lang='grc' dir='ltr'>ἑκουσίου</span> 
     </span>
    </p>
   </div>
   <div class='ocr_carea' id='block_1_33' title="bbox 2133 1740 3702 1826">
    <p class='ocr_par' dir='ltr' id='par_1_33' title="bbox 2133 1740 3702 1826">
     <span class='ocr_line' id='line_1_33' title="bbox 2133 1740 3702 1826; baseline -0.013 -12"><span class='ocrx_word' id='word_1_230' title='bbox 2133 1740 2436 1821; x_wconf 82' lang='grc' dir='ltr'>κενώσεως,</span> <span class='ocrx_word' id='word_1_231' title='bbox 2467 1755 2600 1818; x_wconf 79' lang='grc' dir='ltr'>Θεὸς</span> <span class='ocrx_word' id='word_1_232' title='bbox 2623 1753 2724 1826; x_wconf 68' lang='grc' dir='ltr'>ἤδη</span> <span class='ocrx_word' id='word_1_233' title='bbox 2754 1754 2876 1815; x_wconf 87' lang='grc' dir='ltr'>ταῖς</span> <span class='ocrx_word' id='word_1_234' title='bbox 2926 1749 3039 1803; x_wconf 81' lang='grc' dir='ltr'><strong>ἀνω</strong></span> <span class='ocrx_word' id='word_1_235' title='bbox 3070 1746 3333 1815; x_wconf 80' lang='grc' dir='ltr'>δυνάμεσι</span> <span class='ocrx_word' id='word_1_236' title='bbox 3381 1740 3702 1810; x_wconf 73' lang='grc' dir='ltr'>διεφαίνετο.</span> 
     </span>
    </p>
   </div>
   <div class='ocr_carea' id='block_1_34' title="bbox 454 1830 2019 1922">
    <p class='ocr_par' dir='ltr' id='par_1_34' title="bbox 454 1833 2019 1907">
     <span class='ocr_line' id='line_1_34' title="bbox 454 1833 2019 1907; baseline 0.006 -21"><span class='ocrx_word' id='word_1_237' title='bbox 454 1833 642 1901; x_wconf 82' lang='lat' dir='ltr'><strong>pernis</strong></span> <span class='ocrx_word' id='word_1_238' title='bbox 688 1833 877 1903; x_wconf 77' lang='lat' dir='ltr'><strong>januis</strong></span> <span class='ocrx_word' id='word_1_239' title='bbox 912 1845 1174 1905; x_wconf 68' lang='lat' dir='ltr'><strong>praesunt,</strong></span> <span class='ocrx_word' id='word_1_240' title='bbox 1209 1845 1538 1907; x_wconf 87' lang='lat' dir='ltr'><strong>potestatmn</strong></span> <span class='ocrx_word' id='word_1_241' title='bbox 1588 1837 1880 1895; x_wconf 87' lang='lat' dir='ltr'><strong>Dominum</strong></span> <span class='ocrx_word' id='word_1_242' title='bbox 1931 1842 2019 1896; x_wconf 91' lang='lat' dir='ltr'><strong>ad-</strong></span> 
     </span>
    </p>
   </div>
   <div class='ocr_carea' id='block_1_35' title="bbox 2122 1830 3706 1922">
    <p class='ocr_par' dir='ltr' id='par_1_35' title="bbox 2133 1830 3706 1922">
     <span class='ocr_line' id='line_1_35' title="bbox 2133 1830 3706 1922; baseline -0.015 -16"><span class='ocrx_word' id='word_1_243' title='bbox 2133 1854 2207 1906; x_wconf 89' lang='grc' dir='ltr'>Ού</span> <span class='ocrx_word' id='word_1_244' title='bbox 2233 1851 2341 1922; x_wconf 89' lang='grc' dir='ltr'><strong>γάρ</strong></span> <span class='ocrx_word' id='word_1_245' title='bbox 2368 1848 2634 1919; x_wconf 73' lang='grc' dir='ltr'>ἠγνόησεν</span> <span class='ocrx_word' id='word_1_246' title='bbox 2663 1842 3022 1901; x_wconf 81' lang='grc' dir='ltr'>ἀναϐαίνοντα</span> <span class='ocrx_word' id='word_1_247' title='bbox 3070 1837 3160 1891; x_wconf 73' lang='grc' dir='ltr'><strong>τδν</strong></span> <span class='ocrx_word' id='word_1_248' title='bbox 3189 1836 3298 1889; x_wconf 89' lang='grc' dir='ltr'><strong>τῶν</strong></span> <span class='ocrx_word' id='word_1_249' title='bbox 3328 1834 3466 1888; x_wconf 76' lang='grc' dir='ltr'>ὅλων</span> <span class='ocrx_word' id='word_1_250' title='bbox 3500 1830 3706 1885; x_wconf 77' lang='grc' dir='ltr'>Δεσπό-</span> 
     </span>
    </p>
   </div>
   <div class='ocr_carea' id='block_1_36' title="bbox 453 1924 2025 2007">
    <p class='ocr_par' dir='ltr' id='par_1_36' title="bbox 453 1924 2025 2007">
     <span class='ocr_line' id='line_1_36' title="bbox 453 1924 2025 2007; baseline 0.008 -30"><span class='ocrx_word' id='word_1_251' title='bbox 453 1924 690 1986; x_wconf 77' lang='lat' dir='ltr'><strong>tnittere,</strong></span> <span class='ocrx_word' id='word_1_252' title='bbox 721 1926 847 1981; x_wconf 88' lang='lat' dir='ltr'><strong>licet</strong></span> <span class='ocrx_word' id='word_1_253' title='bbox 869 1942 992 1981; x_wconf 91' lang='lat' dir='ltr'><strong>cum</strong></span> <span class='ocrx_word' id='word_1_254' title='bbox 1022 1942 1190 1983; x_wconf 86' lang='lat' dir='ltr'><strong>carne</strong></span> <span class='ocrx_word' id='word_1_255' title='bbox 1221 1929 1627 1996; x_wconf 78' lang='lat' dir='ltr'><strong>ascendentem,</strong></span> <span class='ocrx_word' id='word_1_256' title='bbox 1647 1932 1809 2001; x_wconf 90' lang='lat' dir='ltr'><strong>eique</strong></span> <span class='ocrx_word' id='word_1_257' title='bbox 1839 1940 2025 2007; x_wconf 86' lang='lat' dir='ltr'><strong>portas</strong></span> 
     </span>
    </p>
   </div>
   <div class='ocr_carea' id='block_1_37' title="bbox 454 2015 2027 2093">
    <p class='ocr_par' dir='ltr' id='par_1_37' title="bbox 454 2015 2027 2093">
     <span class='ocr_line' id='line_1_37' title="bbox 454 2015 2027 2093; baseline 0.009 -28"><span class='ocrx_word' id='word_1_258' title='bbox 454 2015 712 2091; x_wconf 83' lang='lat' dir='ltr'><strong>attollere</strong></span> <span class='ocrx_word' id='word_1_259' title='bbox 746 2017 1043 2072; x_wconf 77' lang='lat' dir='ltr'><strong>mandabat</strong></span> <span class='ocrx_word' id='word_1_260' title='bbox 1064 2016 1327 2088; x_wconf 86' lang='lat' dir='ltr'><strong>Spiritus,</strong></span> <span class='ocrx_word' id='word_1_261' title='bbox 1350 2019 1539 2077; x_wconf 87' lang='lat' dir='ltr'><strong>dicens</strong></span> <span class='ocrx_word' id='word_1_262' title='bbox 1567 2039 1581 2075; x_wconf 88' lang='lat'><strong>:</strong></span> <span class='ocrx_word' id='word_1_263' title='bbox 1622 2040 1641 2074; x_wconf 77' lang='grc' dir='ltr'><strong>ι</strong></span> <span class='ocrx_word' id='word_1_264' title='bbox 1682 2020 1878 2078; x_wconf 79' lang='lat' dir='ltr'><strong>Tollite</strong></span> <span class='ocrx_word' id='word_1_265' title='bbox 1904 2039 2027 2093; x_wconf 52' lang='lat' dir='ltr'><strong>por:</strong></span> 
     </span>
    </p>
   </div>
   <div class='ocr_carea' id='block_1_38' title="bbox 451 2108 2022 2183">
    <p class='ocr_par' dir='ltr' id='par_1_38' title="bbox 451 2108 2022 2183">
     <span class='ocr_line' id='line_1_38' title="bbox 451 2108 2022 2183; baseline 0.002 -19"><span class='ocrx_word' id='word_1_266' title='bbox 451 2113 560 2171; x_wconf 73' lang='lat' dir='ltr'><strong>tas,</strong></span> <span class='ocrx_word' id='word_1_267' title='bbox 600 2108 897 2178; x_wconf 78' lang='lat' dir='ltr'><strong>principes,</strong></span> <span class='ocrx_word' id='word_1_268' title='bbox 927 2121 1162 2175; x_wconf 86' lang='lat' dir='ltr'><strong>vestras,</strong></span> <span class='ocrx_word' id='word_1_269' title='bbox 1193 2118 1255 2166; x_wconf 74' lang='lat' dir='ltr'><strong>et</strong></span> <span class='ocrx_word' id='word_1_270' title='bbox 1291 2111 1605 2174; x_wconf 84' lang='lat' dir='ltr'><strong>elevamini,</strong></span> <span class='ocrx_word' id='word_1_271' title='bbox 1638 2121 1810 2183; x_wconf 64' lang='lat' dir='ltr'><strong>portae</strong></span> <span class='ocrx_word' id='word_1_272' title='bbox 1860 2123 2022 2167; x_wconf 56' lang='lat' dir='ltr'><strong>arter-</strong></span> 
     </span>
    </p>
   </div>
   <div class='ocr_carea' id='block_1_39' title="bbox 452 2198 2025 2274">
    <p class='ocr_par' dir='ltr' id='par_1_39' title="bbox 452 2198 2025 2274">
     <span class='ocr_line' id='line_1_39' title="bbox 452 2198 2025 2274; baseline 0.008 -25"><span class='ocrx_word' id='word_1_273' title='bbox 452 2198 636 2262; x_wconf 76' lang='lat' dir='ltr'><strong>naies,</strong></span> <span class='ocrx_word' id='word_1_274' title='bbox 671 2208 726 2254; x_wconf 87' lang='lat' dir='ltr'><strong>et</strong></span> <span class='ocrx_word' id='word_1_275' title='bbox 759 2200 1008 2257; x_wconf 81' lang='lat' dir='ltr'><strong>introibit</strong></span> <span class='ocrx_word' id='word_1_276' title='bbox 1043 2201 1155 2258; x_wconf 67' lang='lat' dir='ltr'><strong>Hes</strong></span> <span class='ocrx_word' id='word_1_277' title='bbox 1204 2203 1411 2274; x_wconf 53' lang='lat' dir='ltr'><strong>glurizet</strong></span> <span class='ocrx_word' id='word_1_278' title='bbox 1454 2202 1717 2260; x_wconf 83' lang='lat' dir='ltr'><strong>Dominus</strong></span> <span class='ocrx_word' id='word_1_279' title='bbox 1771 2204 1926 2261; x_wconf 81' lang='lat' dir='ltr'><strong>fortis</strong></span> <span class='ocrx_word' id='word_1_280' title='bbox 1969 2215 2025 2262; x_wconf 88' lang='lat' dir='ltr'><strong>et</strong></span> 
     </span>
    </p>
   </div>
   <div class='ocr_carea' id='block_1_40' title="bbox 450 2290 2022 2365">
    <p class='ocr_par' dir='ltr' id='par_1_40' title="bbox 450 2290 2022 2365">
     <span class='ocr_line' id='line_1_40' title="bbox 450 2290 2022 2365; baseline 0.009 -26"><span class='ocrx_word' id='word_1_281' title='bbox 450 2296 666 2355; x_wconf 87' lang='lat' dir='ltr'><strong>potens,</strong></span> <span class='ocrx_word' id='word_1_282' title='bbox 698 2290 866 2363; x_wconf 63' lang='lat'><strong>841‘</strong></span> <span class='ocrx_word' id='word_1_283' title='bbox 893 2293 1242 2364; x_wconf 86' lang='lat' dir='ltr'><strong>omnipotens</strong></span> <span class='ocrx_word' id='word_1_284' title='bbox 1271 2295 1335 2350; x_wconf 15' lang='lat' dir='ltr'><strong>in,</strong></span> <span class='ocrx_word' id='word_1_285' title='bbox 1358 2295 1567 2365; x_wconf 67' lang='lat' dir='ltr'><strong>praelia.</strong></span> <span class='ocrx_word' id='word_1_286' title='bbox 1621 2295 1886 2354; x_wconf 80' lang='lat' dir='ltr'><strong>Dominus</strong></span> <span class='ocrx_word' id='word_1_287' title='bbox 1909 2299 2022 2353; x_wconf 79' lang='lat' dir='ltr'><strong>vir—</strong></span> 
     </span>
    </p>
   </div>
   <div class='ocr_carea' id='block_1_41' title="bbox 450 2386 2023 2459">
    <p class='ocr_par' dir='ltr' id='par_1_41' title="bbox 450 2386 2023 2459">
     <span class='ocr_line' id='line_1_41' title="bbox 450 2386 2023 2459; baseline 0.01 -26"><span class='ocrx_word' id='word_1_288' title='bbox 450 2390 625 2437; x_wconf 80' lang='lat' dir='ltr'><strong>tutum</strong></span> <span class='ocrx_word' id='word_1_289' title='bbox 659 2386 777 2455; x_wconf 90' lang='lat' dir='ltr'><strong>ipse</strong></span> <span class='ocrx_word' id='word_1_290' title='bbox 816 2396 901 2442; x_wconf 86' lang='lat' dir='ltr'><strong>est</strong></span> <span class='ocrx_word' id='word_1_291' title='bbox 946 2387 1061 2444; x_wconf 78' lang='lat' dir='ltr'><strong>Rex</strong></span> <span class='ocrx_word' id='word_1_292' title='bbox 1101 2390 1288 2459; x_wconf 68' lang='lat' dir='ltr'><strong>gloria:</strong></span> <span class='ocrx_word' id='word_1_293' title='bbox 1315 2391 1382 2444; x_wconf 80' lang='lat'><strong>“.</strong></span> <span class='ocrx_word' id='word_1_294' title='bbox 1431 2410 1450 2443; x_wconf 76' lang='grc' dir='ltr'><strong>ι</strong></span> <span class='ocrx_word' id='word_1_295' title='bbox 1513 2392 1756 2446; x_wconf 79' lang='lat' dir='ltr'><strong>innotuit</strong></span> <span class='ocrx_word' id='word_1_296' title='bbox 1792 2393 1935 2447; x_wconf 86' lang='lat' dir='ltr'><strong>enim</strong></span> <span class='ocrx_word' id='word_1_297' title='bbox 1970 2404 2023 2449; x_wconf 89' lang='lat' dir='ltr'><strong>et</strong></span> 
     </span>
    </p>
   </div>
   <div class='ocr_carea' id='block_1_42' title="bbox 447 2472 2020 2557">
    <p class='ocr_par' dir='ltr' id='par_1_42' title="bbox 447 2472 2020 2557">
     <span class='ocr_line' id='line_1_42' title="bbox 447 2472 2020 2557; baseline 0.01 -31"><span class='ocrx_word' id='word_1_298' title='bbox 447 2472 859 2557; x_wconf 81' lang='lat' dir='ltr'><strong>Principatihus</strong></span> <span class='ocrx_word' id='word_1_299' title='bbox 885 2487 939 2534; x_wconf 88' lang='lat' dir='ltr'><strong>et</strong></span> <span class='ocrx_word' id='word_1_300' title='bbox 969 2480 1343 2539; x_wconf 79' lang='lat' dir='ltr'><strong>Potestatibus</strong></span> <span class='ocrx_word' id='word_1_301' title='bbox 1365 2481 1722 2541; x_wconf 82' lang='lat' dir='ltr'><strong>multiformis</strong></span> <span class='ocrx_word' id='word_1_302' title='bbox 1751 2486 2020 2557; x_wconf 86' lang='lat' dir='ltr'><strong>sapientia</strong></span> 
     </span>
    </p>
   </div>
   <div class='ocr_carea' id='block_1_43' title="bbox 448 2554 2019 2648">
    <p class='ocr_par' dir='ltr' id='par_1_43' title="bbox 448 2554 2019 2648">
     <span class='ocr_line' id='line_1_43' title="bbox 448 2554 2019 2648; baseline 0.009 -29"><span class='ocrx_word' id='word_1_303' title='bbox 448 2566 566 2627; x_wconf 86' lang='lat' dir='ltr'><strong>Dei,</strong></span> <span class='ocrx_word' id='word_1_304' title='bbox 592 2554 894 2623; x_wconf 83' lang='lat' dir='ltr'><strong>secundum</strong></span> <span class='ocrx_word' id='word_1_305' title='bbox 928 2571 1341 2640; x_wconf 66' lang='lat' dir='ltr'><strong>praeﬁnitionem</strong></span> <span class='ocrx_word' id='word_1_306' title='bbox 1382 2576 1709 2630; x_wconf 64' lang='lat' dir='ltr'><strong>saeculorum</strong></span> <span class='ocrx_word' id='word_1_307' title='bbox 1741 2554 1902 2648; x_wconf 77' lang='lat' dir='ltr'><strong>quam</strong></span> <span class='ocrx_word' id='word_1_308' title='bbox 1940 2578 2019 2633; x_wconf 77' lang='lat' dir='ltr'><strong>fe-</strong></span> 
     </span>
    </p>
   </div>
   <div class='ocr_carea' id='block_1_44' title="bbox 446 2659 2019 2725">
    <p class='ocr_par' dir='ltr' id='par_1_44' title="bbox 446 2659 2019 2725">
     <span class='ocr_line' id='line_1_44' title="bbox 446 2659 2019 2725; baseline 0.008 -14"><span class='ocrx_word' id='word_1_309' title='bbox 446 2660 522 2711; x_wconf 78' lang='lat' dir='ltr'><strong>cit</strong></span> <span class='ocrx_word' id='word_1_310' title='bbox 557 2660 610 2713; x_wconf 91' lang='lat' dir='ltr'><strong>in</strong></span> <span class='ocrx_word' id='word_1_311' title='bbox 644 2659 887 2725; x_wconf 85' lang='lat' dir='ltr'><strong>Christo,</strong></span> <span class='ocrx_word' id='word_1_312' title='bbox 931 2663 1096 2718; x_wconf 88' lang='lat' dir='ltr'><strong>sicuti</strong></span> <span class='ocrx_word' id='word_1_313' title='bbox 1134 2662 1340 2719; x_wconf 81' lang='lat' dir='ltr'><strong>Paulus</strong></span> <span class='ocrx_word' id='word_1_314' title='bbox 1372 2665 1537 2721; x_wconf 79' lang='lat' dir='ltr'><strong>ait&quot;.</strong></span> <span class='ocrx_word' id='word_1_315' title='bbox 1569 2665 1845 2723; x_wconf 74' lang='lat' dir='ltr'><strong>Reversus</strong></span> <span class='ocrx_word' id='word_1_316' title='bbox 1873 2670 2019 2723; x_wconf 87' lang='lat' dir='ltr'><strong>enim</strong></span> 
     </span>
    </p>
   </div>
   <div class='ocr_carea' id='block_1_45' title="bbox 447 2750 2016 2828">
    <p class='ocr_par' dir='ltr' id='par_1_45' title="bbox 447 2750 2016 2828">
     <span class='ocr_line' id='line_1_45' title="bbox 447 2750 2016 2828; baseline 0.006 -25"><span class='ocrx_word' id='word_1_317' title='bbox 447 2751 513 2804; x_wconf 80' lang='lat' dir='ltr'><strong>ad</strong></span> <span class='ocrx_word' id='word_1_318' title='bbox 549 2750 791 2818; x_wconf 81' lang='lat' dir='ltr'><strong>Patrem,</strong></span> <span class='ocrx_word' id='word_1_319' title='bbox 828 2754 955 2809; x_wconf 85' lang='lat' dir='ltr'><strong>licet</strong></span> <span class='ocrx_word' id='word_1_320' title='bbox 989 2756 1165 2825; x_wconf 88' lang='lat' dir='ltr'><strong>major</strong></span> <span class='ocrx_word' id='word_1_321' title='bbox 1196 2772 1360 2826; x_wconf 85' lang='lat' dir='ltr'><strong>quam</strong></span> <span class='ocrx_word' id='word_1_322' title='bbox 1392 2757 1511 2828; x_wconf 89' lang='lat' dir='ltr'><strong>ipse</strong></span> <span class='ocrx_word' id='word_1_323' title='bbox 1550 2758 1673 2813; x_wconf 92' lang='lat' dir='ltr'><strong>ideo</strong></span> <span class='ocrx_word' id='word_1_324' title='bbox 1705 2768 2016 2825; x_wconf 89' lang='lat' dir='ltr'><strong>censeatur,</strong></span> 
     </span>
    </p>
   </div>
   <div class='ocr_carea' id='block_1_46' title="bbox 445 2843 2020 2921">
    <p class='ocr_par' dir='ltr' id='par_1_46' title="bbox 445 2843 2020 2921">
     <span class='ocr_line' id='line_1_46' title="bbox 445 2843 2020 2921; baseline 0.007 -28"><span class='ocrx_word' id='word_1_325' title='bbox 445 2843 593 2909; x_wconf 88' lang='lat' dir='ltr'><strong>quod</strong></span> <span class='ocrx_word' id='word_1_326' title='bbox 628 2844 716 2899; x_wconf 91' lang='lat' dir='ltr'><strong>hic</strong></span> <span class='ocrx_word' id='word_1_327' title='bbox 764 2845 983 2914; x_wconf 84' lang='lat' dir='ltr'><strong>quidem</strong></span> <span class='ocrx_word' id='word_1_328' title='bbox 1021 2848 1221 2903; x_wconf 86' lang='lat' dir='ltr'><strong>mansit</strong></span> <span class='ocrx_word' id='word_1_329' title='bbox 1262 2849 1317 2903; x_wconf 91' lang='lat' dir='ltr'><strong>in</strong></span> <span class='ocrx_word' id='word_1_330' title='bbox 1366 2849 1432 2903; x_wconf 91' lang='lat' dir='ltr'><strong>iis</strong></span> <span class='ocrx_word' id='word_1_331' title='bbox 1463 2849 1517 2903; x_wconf 91' lang='lat' dir='ltr'><strong>in</strong></span> <span class='ocrx_word' id='word_1_332' title='bbox 1562 2849 1764 2920; x_wconf 84' lang='lat' dir='ltr'><strong>quibus</strong></span> <span class='ocrx_word' id='word_1_333' title='bbox 1801 2866 2020 2921; x_wconf 88' lang='lat' dir='ltr'><strong>semper</strong></span> 
     </span>
    </p>
   </div>
   <div class='ocr_carea' id='block_1_47' title="bbox 444 2936 2016 3007">
    <p class='ocr_par' dir='ltr' id='par_1_47' title="bbox 444 2936 2016 3007">
     <span class='ocr_line' id='line_1_47' title="bbox 444 2936 2016 3007; baseline 0.008 -23"><span class='ocrx_word' id='word_1_334' title='bbox 444 2943 584 2995; x_wconf 80' lang='lat' dir='ltr'><strong>erat,</strong></span> <span class='ocrx_word' id='word_1_335' title='bbox 612 2936 703 2990; x_wconf 89' lang='lat' dir='ltr'><strong>ille</strong></span> <span class='ocrx_word' id='word_1_336' title='bbox 727 2952 855 2992; x_wconf 91' lang='lat' dir='ltr'><strong>vero</strong></span> <span class='ocrx_word' id='word_1_337' title='bbox 882 2939 1246 2993; x_wconf 90' lang='lat' dir='ltr'><strong>voluntariam</strong></span> <span class='ocrx_word' id='word_1_338' title='bbox 1280 2940 1639 2995; x_wconf 88' lang='lat' dir='ltr'><strong>inanitionem</strong></span> <span class='ocrx_word' id='word_1_339' title='bbox 1675 2942 1918 3007; x_wconf 86' lang='lat' dir='ltr'><strong>subiens,</strong></span> <span class='ocrx_word' id='word_1_340' title='bbox 1962 2942 2016 2996; x_wconf 89' lang='lat' dir='ltr'><strong>in</strong></span> 
     </span>
    </p>
   </div>
   <div class='ocr_carea' id='block_1_48' title="bbox 445 3023 2017 3100">
    <p class='ocr_par' dir='ltr' id='par_1_48' title="bbox 445 3023 2017 3100">
     <span class='ocr_line' id='line_1_48' title="bbox 445 3023 2017 3100; baseline 0.007 -24"><span class='ocrx_word' id='word_1_341' title='bbox 445 3026 589 3077; x_wconf 79' lang='lat' dir='ltr'><strong>servi</strong></span> <span class='ocrx_word' id='word_1_342' title='bbox 629 3024 803 3080; x_wconf 77' lang='lat' dir='ltr'><strong>ferina</strong></span> <span class='ocrx_word' id='word_1_343' title='bbox 834 3028 1143 3092; x_wconf 88' lang='lat' dir='ltr'><strong>descendit,</strong></span> <span class='ocrx_word' id='word_1_344' title='bbox 1165 3028 1230 3083; x_wconf 89' lang='lat' dir='ltr'><strong>ad</strong></span> <span class='ocrx_word' id='word_1_345' title='bbox 1256 3024 1542 3100; x_wconf 30' lang='lat' dir='ltr'><strong>“propriam</strong></span> <span class='ocrx_word' id='word_1_346' title='bbox 1578 3047 1772 3088; x_wconf 87' lang='lat' dir='ltr'><strong>rursus</strong></span> <span class='ocrx_word' id='word_1_347' title='bbox 1795 3023 2017 3087; x_wconf 82' lang='lat' dir='ltr'><strong>evectus</strong></span> 
     </span>
    </p>
   </div>
   <div class='ocr_carea' id='block_1_49' title="bbox 441 3118 2013 3193">
    <p class='ocr_par' dir='ltr' id='par_1_49' title="bbox 441 3118 2013 3193">
     <span class='ocr_line' id='line_1_49' title="bbox 441 3118 2013 3193; baseline 0.007 -23"><span class='ocrx_word' id='word_1_348' title='bbox 441 3124 529 3170; x_wconf 76' lang='lat' dir='ltr'><strong>est</strong></span> <span class='ocrx_word' id='word_1_349' title='bbox 578 3118 832 3187; x_wconf 60' lang='lat' dir='ltr'><strong>gloriam,</strong></span> <span class='ocrx_word' id='word_1_350' title='bbox 889 3121 1254 3193; x_wconf 87' lang='lat' dir='ltr'><strong>audivitque:</strong></span> <span class='ocrx_word' id='word_1_351' title='bbox 1293 3142 1312 3175; x_wconf 82' lang='grc' dir='ltr'><strong>ι</strong></span> <span class='ocrx_word' id='word_1_352' title='bbox 1354 3120 1494 3179; x_wconf 89' lang='lat' dir='ltr'><strong>Sede</strong></span> <span class='ocrx_word' id='word_1_353' title='bbox 1523 3140 1551 3178; x_wconf 91' lang='lat' dir='ltr'><strong>a</strong></span> <span class='ocrx_word' id='word_1_354' title='bbox 1597 3125 1805 3181; x_wconf 81' lang='lat' dir='ltr'><strong>dextris</strong></span> <span class='ocrx_word' id='word_1_355' title='bbox 1856 3127 2013 3191; x_wconf 89' lang='lat' dir='ltr'><strong>meis,</strong></span> 
     </span>
    </p>
   </div>
   <div class='ocr_carea' id='block_1_50' title="bbox 2133 1922 3703 2014">
    <p class='ocr_par' dir='ltr' id='par_1_50' title="bbox 2133 1922 3703 2014">
     <span class='ocr_line' id='line_1_50' title="bbox 2133 1922 3703 2014; baseline -0.015 -16"><span class='ocrx_word' id='word_1_356' title='bbox 2133 1963 2232 2014; x_wconf 88' lang='grc' dir='ltr'><strong>την</strong></span> <span class='ocrx_word' id='word_1_357' title='bbox 2261 1943 2289 1995; x_wconf 85' lang='lat'><strong>6</strong></span> <span class='ocrx_word' id='word_1_358' title='bbox 2312 1941 2559 2013; x_wconf 78' lang='grc' dir='ltr'>οὐρανὸς,</span> <span class='ocrx_word' id='word_1_359' title='bbox 2590 1938 2707 1992; x_wconf 72' lang='grc' dir='ltr'>ἀλλ*</span> <span class='ocrx_word' id='word_1_360' title='bbox 2754 1934 3066 1990; x_wconf 78' lang='grc' dir='ltr'>ἐκελεύοντο</span> <span class='ocrx_word' id='word_1_361' title='bbox 3100 1931 3200 2002; x_wconf 82' lang='grc' dir='ltr'>μὲν</span> <span class='ocrx_word' id='word_1_362' title='bbox 3224 1931 3274 1983; x_wconf 85' lang='grc' dir='ltr'>οἱ</span> <span class='ocrx_word' id='word_1_363' title='bbox 3306 1930 3426 1990; x_wconf 80' lang='grc' dir='ltr'>ταῖς</span> <span class='ocrx_word' id='word_1_364' title='bbox 3457 1925 3570 1979; x_wconf 84' lang='grc' dir='ltr'><strong>ἀνω</strong></span> <span class='ocrx_word' id='word_1_365' title='bbox 3600 1922 3703 1977; x_wconf 83' lang='grc' dir='ltr'>πύ-</span> 
     </span>
    </p>
   </div>
   <div class='ocr_carea' id='block_1_51' title="bbox 2131 2016 3703 2104">
    <p class='ocr_par' dir='ltr' id='par_1_51' title="bbox 2131 2016 3703 2104">
     <span class='ocr_line' id='line_1_51' title="bbox 2131 2016 3703 2104; baseline -0.013 -15"><span class='ocrx_word' id='word_1_366' title='bbox 2131 2036 2249 2100; x_wconf 82' lang='grc' dir='ltr'>λαις</span> <span class='ocrx_word' id='word_1_367' title='bbox 2277 2032 2658 2104; x_wconf 74' lang='grc' dir='ltr'>ἐφεστηκότες,</span> <span class='ocrx_word' id='word_1_368' title='bbox 2691 2031 2771 2094; x_wconf 77' lang='grc' dir='ltr'><strong>ὡς·</strong></span> <span class='ocrx_word' id='word_1_369' title='bbox 2793 2028 2884 2082; x_wconf 79' lang='grc' dir='ltr'>τὸν</span> <span class='ocrx_word' id='word_1_370' title='bbox 2921 2025 3029 2080; x_wconf 91' lang='grc' dir='ltr'><strong>τῶν</strong></span> <span class='ocrx_word' id='word_1_371' title='bbox 3072 2022 3353 2093; x_wconf 84' lang='grc' dir='ltr'>δυνάμεων</span> <span class='ocrx_word' id='word_1_372' title='bbox 3382 2016 3703 2091; x_wconf 74' lang='grc' dir='ltr'>προσίεσθαι</span> 
     </span>
    </p>
   </div>
   <div class='ocr_carea' id='block_1_52' title="bbox 2131 2109 3703 2199">
    <p class='ocr_par' dir='ltr' id='par_1_52' title="bbox 2131 2109 3703 2199">
     <span class='ocr_line' id='line_1_52' title="bbox 2131 2109 3703 2199; baseline -0.014 -19"><span class='ocrx_word' id='word_1_373' title='bbox 2131 2126 2354 2199; x_wconf 82' lang='grc' dir='ltr'>Κύριον,</span> <span class='ocrx_word' id='word_1_374' title='bbox 2381 2123 2557 2177; x_wconf 85' lang='grc' dir='ltr'>καίτοι</span> <span class='ocrx_word' id='word_1_375' title='bbox 2598 2120 2735 2192; x_wconf 87' lang='grc' dir='ltr'><strong>μετά</strong></span> <span class='ocrx_word' id='word_1_376' title='bbox 2769 2117 2969 2189; x_wconf 80' lang='grc' dir='ltr'>σαρκὸς</span> <span class='ocrx_word' id='word_1_377' title='bbox 3000 2112 3403 2183; x_wconf 65' lang='grc' dir='ltr'>ἀνιπτάμενονι</span> <span class='ocrx_word' id='word_1_378' title='bbox 3436 2109 3614 2178; x_wconf 72' lang='grc' dir='ltr'>αἴρειν</span> <span class='ocrx_word' id='word_1_379' title='bbox 3643 2123 3703 2159; x_wconf 85' lang='grc' dir='ltr'><strong>τε</strong></span> 
     </span>
    </p>
   </div>
   <div class='ocr_carea' id='block_1_53' title="bbox 2130 2199 3702 2280">
    <p class='ocr_par' dir='ltr' id='par_1_53' title="bbox 2130 2199 3702 2280">
     <span class='ocr_line' id='line_1_53' title="bbox 2130 2199 3702 2280; baseline -0.013 -11"><span class='ocrx_word' id='word_1_380' title='bbox 2130 2216 2228 2279; x_wconf 77' lang='grc' dir='ltr'>τὰς</span> <span class='ocrx_word' id='word_1_381' title='bbox 2257 2215 2434 2278; x_wconf 83' lang='grc' dir='ltr'>πύλας</span> <span class='ocrx_word' id='word_1_382' title='bbox 2452 2211 2601 2280; x_wconf 79' lang='grc' dir='ltr'>αὐτῷ</span> <span class='ocrx_word' id='word_1_383' title='bbox 2628 2208 2881 2264; x_wconf 88' lang='grc' dir='ltr'>διετύπου</span> <span class='ocrx_word' id='word_1_384' title='bbox 2907 2206 2969 2260; x_wconf 76' lang='grc' dir='ltr'><strong>τὸ</strong></span> <span class='ocrx_word' id='word_1_385' title='bbox 2992 2200 3433 2273; x_wconf 78' lang='grc' dir='ltr'>Πνεῦμα,λέγον·</span> <span class='ocrx_word' id='word_1_386' title='bbox 3462 2218 3479 2250; x_wconf 84' lang='grc' dir='ltr'><strong>ι</strong></span> <span class='ocrx_word' id='word_1_387' title='bbox 3502 2199 3702 2266; x_wconf 71' lang='grc' dir='ltr'>Ἄρατε</span> 
     </span>
    </p>
   </div>
   <div class='ocr_carea' id='block_1_54' title="bbox 2132 2289 3703 2376">
    <p class='ocr_par' dir='ltr' id='par_1_54' title="bbox 2132 2289 3703 2376">
     <span class='ocr_line' id='line_1_54' title="bbox 2132 2289 3703 2376; baseline -0.014 -14"><span class='ocrx_word' id='word_1_388' title='bbox 2132 2309 2327 2371; x_wconf 87' lang='grc' dir='ltr'>πύλας,</span> <span class='ocrx_word' id='word_1_389' title='bbox 2380 2306 2430 2360; x_wconf 85' lang='grc' dir='ltr'>οἱ</span> <span class='ocrx_word' id='word_1_390' title='bbox 2482 2304 2763 2376; x_wconf 80' lang='grc' dir='ltr'>ἄρχοντες,</span> <span class='ocrx_word' id='word_1_391' title='bbox 2793 2299 2972 2372; x_wconf 82' lang='grc' dir='ltr'>ὑμῶν,</span> <span class='ocrx_word' id='word_1_392' title='bbox 3024 2297 3120 2351; x_wconf 77' lang='grc' dir='ltr'>καὶ</span> <span class='ocrx_word' id='word_1_393' title='bbox 3171 2292 3481 2366; x_wconf 80' lang='grc' dir='ltr'>ὲπάρθητε,</span> <span class='ocrx_word' id='word_1_394' title='bbox 3536 2289 3703 2343; x_wconf 82' lang='grc' dir='ltr'>πύλαι</span> 
     </span>
    </p>
   </div>
   <div class='ocr_carea' id='block_1_55' title="bbox 2130 2379 3701 2460">
    <p class='ocr_par' dir='ltr' id='par_1_55' title="bbox 2130 2379 3701 2460">
     <span class='ocr_line' id='line_1_55' title="bbox 2130 2379 3701 2460; baseline -0.015 -6"><span class='ocrx_word' id='word_1_395' title='bbox 2130 2399 2359 2458; x_wconf 85' lang='grc' dir='ltr'>αἱώνιοι.</span> <span class='ocrx_word' id='word_1_396' title='bbox 2387 2398 2482 2451; x_wconf 83' lang='lat' dir='ltr'><strong>xa‘t</strong></span> <span class='ocrx_word' id='word_1_397' title='bbox 2508 2392 2877 2449; x_wconf 73' lang='grc' dir='ltr'>εἰσελεύσεται</span> <span class='ocrx_word' id='word_1_398' title='bbox 2898 2392 2926 2444; x_wconf 98' lang='lat'><strong>6</strong></span> <span class='ocrx_word' id='word_1_399' title='bbox 2961 2387 3213 2460; x_wconf 79' lang='grc' dir='ltr'>βασιλεὺς</span> <span class='ocrx_word' id='word_1_400' title='bbox 3234 2386 3334 2454; x_wconf 82' lang='grc' dir='ltr'>τῆς</span> <span class='ocrx_word' id='word_1_401' title='bbox 3378 2381 3555 2452; x_wconf 74' lang='grc' dir='ltr'>δόξης.</span> <span class='ocrx_word' id='word_1_402' title='bbox 3590 2379 3701 2433; x_wconf 81' lang='grc' dir='ltr'><strong>Κύ-</strong></span> 
     </span>
    </p>
   </div>
   <div class='ocr_carea' id='block_1_56' title="bbox 2132 2473 3698 2561">
    <p class='ocr_par' dir='ltr' id='par_1_56' title="bbox 2132 2473 3698 2561">
     <span class='ocr_line' id='line_1_56' title="bbox 2132 2473 3698 2561; baseline -0.015 -16"><span class='ocrx_word' id='word_1_403' title='bbox 2132 2508 2242 2561; x_wconf 85' lang='grc' dir='ltr'>ριος</span> <span class='ocrx_word' id='word_1_404' title='bbox 2266 2488 2543 2559; x_wconf 81' lang='grc' dir='ltr'>κραταιὸς,</span> <span class='ocrx_word' id='word_1_405' title='bbox 2576 2485 2671 2539; x_wconf 79' lang='grc' dir='ltr'>καὶ</span> <span class='ocrx_word' id='word_1_406' title='bbox 2722 2483 2964 2544; x_wconf 85' lang='grc' dir='ltr'>δυνατὸς,</span> <span class='ocrx_word' id='word_1_407' title='bbox 3021 2478 3224 2550; x_wconf 77' lang='grc' dir='ltr'>Κύριος</span> <span class='ocrx_word' id='word_1_408' title='bbox 3268 2473 3493 2536; x_wconf 80' lang='grc' dir='ltr'>δυνατὸς</span> <span class='ocrx_word' id='word_1_409' title='bbox 3516 2473 3573 2561; x_wconf 54' lang='grc' dir='ltr'><strong>έν</strong></span> <span class='ocrx_word' id='word_1_410' title='bbox 3603 2486 3698 2523; x_wconf 83' lang='grc' dir='ltr'>πο-</span> 
     </span>
    </p>
   </div>
   <div class='ocr_carea' id='block_1_57' title="bbox 2127 2556 3700 2653">
    <p class='ocr_par' dir='ltr' id='par_1_57' title="bbox 2127 2556 3700 2653">
     <span class='ocr_line' id='line_1_57' title="bbox 2127 2556 3700 2653; baseline -0.015 -15"><span class='ocrx_word' id='word_1_411' title='bbox 2127 2556 2536 2653; x_wconf 45' lang='grc' dir='ltr'>λέμῳίΚύριος</span> <span class='ocrx_word' id='word_1_412' title='bbox 2587 2576 2697 2630; x_wconf 87' lang='grc' dir='ltr'><strong>τῶν</strong></span> <span class='ocrx_word' id='word_1_413' title='bbox 2749 2573 3030 2642; x_wconf 81' lang='grc' dir='ltr'>δυνάμεων</span> <span class='ocrx_word' id='word_1_414' title='bbox 3084 2569 3246 2632; x_wconf 79' lang='grc' dir='ltr'>αύτύς</span> <span class='ocrx_word' id='word_1_415' title='bbox 3292 2569 3437 2620; x_wconf 80' lang='grc' dir='ltr'>ἐστιν</span> <span class='ocrx_word' id='word_1_416' title='bbox 3488 2556 3700 2624; x_wconf 72' lang='grc' dir='ltr'>οὗτοςό</span> 
     </span>
    </p>
   </div>
   <div class='ocr_carea' id='block_1_58' title="bbox 2130 2656 3703 2749">
    <p class='ocr_par' dir='ltr' id='par_1_58' title="bbox 2130 2656 3703 2749">
     <span class='ocr_line' id='line_1_58' title="bbox 2130 2656 3703 2749; baseline -0.016 -19"><span class='ocrx_word' id='word_1_417' title='bbox 2130 2675 2378 2749; x_wconf 83' lang='grc' dir='ltr'>βασιλεὺς</span> <span class='ocrx_word' id='word_1_418' title='bbox 2433 2672 2530 2741; x_wconf 79' lang='grc' dir='ltr'>τῆς</span> <span class='ocrx_word' id='word_1_419' title='bbox 2560 2669 2737 2739; x_wconf 72' lang='grc' dir='ltr'>δόξης.</span> <span class='ocrx_word' id='word_1_420' title='bbox 2764 2688 2784 2721; x_wconf 74' lang='grc' dir='ltr'><strong>ι</strong></span> <span class='ocrx_word' id='word_1_421' title='bbox 2832 2663 3109 2736; x_wconf 85' lang='grc' dir='ltr'>Ἐγνὼσθη</span> <span class='ocrx_word' id='word_1_422' title='bbox 3138 2661 3248 2732; x_wconf 80' lang='grc' dir='ltr'>γὰρ</span> <span class='ocrx_word' id='word_1_423' title='bbox 3305 2660 3422 2720; x_wconf 90' lang='grc' dir='ltr'>ταῖς</span> <span class='ocrx_word' id='word_1_424' title='bbox 3481 2656 3703 2749; x_wconf 36' lang='lat' dir='ltr'><strong>EAg-mai:</strong></span> 
     </span>
    </p>
   </div>
   <div class='ocr_carea' id='block_1_59' title="bbox 2127 2744 3701 2829">
    <p class='ocr_par' dir='ltr' id='par_1_59' title="bbox 2127 2744 3701 2829">
     <span class='ocr_line' id='line_1_59' title="bbox 2127 2744 3701 2829; baseline -0.016 -8"><span class='ocrx_word' id='word_1_425' title='bbox 2127 2744 2220 2821; x_wconf 76' lang='grc' dir='ltr'>καὶ</span> <span class='ocrx_word' id='word_1_426' title='bbox 2259 2767 2377 2827; x_wconf 88' lang='grc' dir='ltr'>ταῖς</span> <span class='ocrx_word' id='word_1_427' title='bbox 2418 2760 2718 2828; x_wconf 83' lang='grc' dir='ltr'>Ἑξουσίαις</span> <span class='ocrx_word' id='word_1_428' title='bbox 2745 2761 2778 2829; x_wconf 88' lang='grc' dir='ltr'><strong>ή</strong></span> <span class='ocrx_word' id='word_1_429' title='bbox 2826 2753 3209 2815; x_wconf 83' lang='grc' dir='ltr'>πολυποίκιλος</span> <span class='ocrx_word' id='word_1_430' title='bbox 3235 2749 3396 2818; x_wconf 79' lang='grc' dir='ltr'>σοφία</span> <span class='ocrx_word' id='word_1_431' title='bbox 3422 2746 3518 2801; x_wconf 81' lang='grc' dir='ltr'>τοῦ</span> <span class='ocrx_word' id='word_1_432' title='bbox 3541 2744 3701 2806; x_wconf 68' lang='grc' dir='ltr'>Θεοῦ,</span> 
     </span>
    </p>
   </div>
   <div class='ocr_carea' id='block_1_60' title="bbox 2125 2839 3693 2929">
    <p class='ocr_par' dir='ltr' id='par_1_60' title="bbox 2125 2839 3693 2929">
     <span class='ocr_line' id='line_1_60' title="bbox 2125 2839 3693 2929; baseline -0.015 -19"><span class='ocrx_word' id='word_1_433' title='bbox 2125 2859 2191 2929; x_wconf 74' lang='grc' dir='ltr'>ἢν</span> <span class='ocrx_word' id='word_1_434' title='bbox 2210 2855 2462 2926; x_wconf 76' lang='grc' dir='ltr'>εποίησεν</span> <span class='ocrx_word' id='word_1_435' title='bbox 2490 2855 2547 2906; x_wconf 82' lang='grc' dir='ltr'>ὲν</span> <span class='ocrx_word' id='word_1_436' title='bbox 2573 2851 2650 2923; x_wconf 81' lang='grc' dir='ltr'>τῷ</span> <span class='ocrx_word' id='word_1_437' title='bbox 2668 2849 2907 2922; x_wconf 83' lang='grc' dir='ltr'>Χριστῷ,</span> <span class='ocrx_word' id='word_1_438' title='bbox 2939 2847 3189 2929; x_wconf 77' lang='grc' dir='ltr'>καθάπερ</span> <span class='ocrx_word' id='word_1_439' title='bbox 3219 2844 3248 2895; x_wconf 92' lang='lat'><strong>6</strong></span> <span class='ocrx_word' id='word_1_440' title='bbox 3276 2839 3486 2903; x_wconf 76' lang='grc' dir='ltr'>Παῦλός</span> <span class='ocrx_word' id='word_1_441' title='bbox 3514 2854 3693 2907; x_wconf 77' lang='grc' dir='ltr'>φησιν.</span> 
     </span>
    </p>
   </div>
   <div class='ocr_carea' id='block_1_61' title="bbox 2136 2924 3698 3017">
    <p class='ocr_par' dir='ltr' id='par_1_61' title="bbox 2136 2924 3698 3017">
     <span class='ocr_line' id='line_1_61' title="bbox 2136 2924 3698 3017; baseline -0.013 -14"><span class='ocrx_word' id='word_1_442' title='bbox 2136 2924 2549 3017; x_wconf 61' lang='grc' dir='ltr'>’Ᾰνακομισθεὶς</span> <span class='ocrx_word' id='word_1_443' title='bbox 2582 2944 2691 3015; x_wconf 84' lang='grc' dir='ltr'>γὰρ</span> <span class='ocrx_word' id='word_1_444' title='bbox 2720 2943 2857 3014; x_wconf 67' lang='grc' dir='ltr'>πρὲις</span> <span class='ocrx_word' id='word_1_445' title='bbox 2891 2941 2983 2995; x_wconf 82' lang='grc' dir='ltr'>τὸν</span> <span class='ocrx_word' id='word_1_446' title='bbox 3004 2924 3242 3011; x_wconf 63' lang='grc' dir='ltr'>Πατέρα,</span> <span class='ocrx_word' id='word_1_447' title='bbox 3275 2935 3453 2989; x_wconf 85' lang='grc' dir='ltr'>καίτοι</span> <span class='ocrx_word' id='word_1_448' title='bbox 3476 2929 3698 3002; x_wconf 76' lang='grc' dir='ltr'>μείζονα</span> 
     </span>
    </p>
   </div>
   <div class='ocr_carea' id='block_1_62' title="bbox 2123 3020 3694 3113">
    <p class='ocr_par' dir='ltr' id='par_1_62' title="bbox 2123 3020 3694 3113">
     <span class='ocr_line' id='line_1_62' title="bbox 2123 3020 3694 3113; baseline -0.017 -17"><span class='ocrx_word' id='word_1_449' title='bbox 2123 3042 2169 3113; x_wconf 66' lang='grc' dir='ltr'>ἢ</span> <span class='ocrx_word' id='word_1_450' title='bbox 2191 3041 2311 3094; x_wconf 82' lang='grc' dir='ltr'>κατ’</span> <span class='ocrx_word' id='word_1_451' title='bbox 2338 3038 2500 3091; x_wconf 81' lang='grc' dir='ltr'>αὐτὸν</span> <span class='ocrx_word' id='word_1_452' title='bbox 2530 3037 2651 3091; x_wconf 86' lang='grc' dir='ltr'>κατ’</span> <span class='ocrx_word' id='word_1_453' title='bbox 2681 3036 2856 3088; x_wconf 84' lang='grc' dir='ltr'>ὲκεῖνο</span> <span class='ocrx_word' id='word_1_454' title='bbox 2885 3030 3193 3101; x_wconf 86' lang='grc' dir='ltr'>νοούμενον,</span> <span class='ocrx_word' id='word_1_455' title='bbox 3227 3025 3347 3079; x_wconf 73' lang='grc' dir='ltr'>καθ’</span> <span class='ocrx_word' id='word_1_456' title='bbox 3374 3025 3511 3093; x_wconf 83' lang='grc' dir='ltr'>ὅπερ</span> <span class='ocrx_word' id='word_1_457' title='bbox 3539 3022 3568 3073; x_wconf 85' lang='lat'><strong>6</strong></span> <span class='ocrx_word' id='word_1_458' title='bbox 3599 3020 3694 3089; x_wconf 81' lang='grc' dir='ltr'><strong>μὲν</strong></span> 
     </span>
    </p>
   </div>
   <div class='ocr_carea' id='block_1_63' title="bbox 2123 3113 3692 3202">
    <p class='ocr_par' dir='ltr' id='par_1_63' title="bbox 2123 3113 3692 3202">
     <span class='ocr_line' id='line_1_63' title="bbox 2123 3113 3692 3202; baseline -0.01 -16"><span class='ocrx_word' id='word_1_459' title='bbox 2123 3133 2337 3202; x_wconf 70' lang='grc' dir='ltr'>ἔμεινεν</span> <span class='ocrx_word' id='word_1_460' title='bbox 2368 3133 2426 3184; x_wconf 78' lang='grc' dir='ltr'>ὲν</span> <span class='ocrx_word' id='word_1_461' title='bbox 2454 3124 2535 3193; x_wconf 78' lang='grc' dir='ltr'>οἷς</span> <span class='ocrx_word' id='word_1_462' title='bbox 2565 3124 2635 3199; x_wconf 75' lang='grc' dir='ltr'>ἦν</span> <span class='ocrx_word' id='word_1_463' title='bbox 2663 3127 2769 3188; x_wconf 79' lang='grc' dir='ltr'>ἀεὶ,</span> <span class='ocrx_word' id='word_1_464' title='bbox 2794 3128 2822 3180; x_wconf 95' lang='lat'><strong>6</strong></span> <span class='ocrx_word' id='word_1_465' title='bbox 2854 3125 2910 3178; x_wconf 83' lang='grc' dir='ltr'>δὲ</span> <span class='ocrx_word' id='word_1_466' title='bbox 2936 3124 3038 3194; x_wconf 79' lang='grc' dir='ltr'>τὴν</span> <span class='ocrx_word' id='word_1_467' title='bbox 3089 3120 3335 3176; x_wconf 74' lang='grc' dir='ltr'>ἑκούσιον</span> <span class='ocrx_word' id='word_1_468' title='bbox 3394 3113 3692 3184; x_wconf 76' lang='grc' dir='ltr'>ὑπομείνας</span> 
     </span>
    </p>
   </div>
   <div class='ocr_carea' id='block_1_64' title="bbox 442 3202 2019 3292">
    <p class='ocr_par' dir='ltr' id='par_1_64' title="bbox 442 3208 2015 3285">
     <span class='ocr_line' id='line_1_64' title="bbox 442 3208 2015 3285; baseline 0.005 -25"><span class='ocrx_word' id='word_1_469' title='bbox 442 3208 617 3263; x_wconf 78' lang='lat' dir='ltr'><strong>donec</strong></span> <span class='ocrx_word' id='word_1_470' title='bbox 652 3225 849 3280; x_wconf 75' lang='lat' dir='ltr'><strong>portam</strong></span> <span class='ocrx_word' id='word_1_471' title='bbox 884 3213 1141 3271; x_wconf 88' lang='lat' dir='ltr'><strong>inimicos</strong></span> <span class='ocrx_word' id='word_1_472' title='bbox 1164 3225 1290 3271; x_wconf 69' lang='lat' dir='ltr'><strong>tuos</strong></span> <span class='ocrx_word' id='word_1_473' title='bbox 1323 3217 1626 3272; x_wconf 88' lang='lat' dir='ltr'><strong>scabellum</strong></span> <span class='ocrx_word' id='word_1_474' title='bbox 1662 3214 1857 3285; x_wconf 88' lang='lat' dir='ltr'><strong>pedum</strong></span> <span class='ocrx_word' id='word_1_475' title='bbox 1893 3225 2015 3269; x_wconf 81' lang='lat' dir='ltr'><strong>tue-</strong></span> 
     </span>
    </p>
   </div>
   <div class='ocr_carea' id='block_1_65' title="bbox 2122 3202 3692 3292">
    <p class='ocr_par' dir='ltr' id='par_1_65' title="bbox 2122 3204 3692 3292">
     <span class='ocr_line' id='line_1_65' title="bbox 2122 3204 3692 3292; baseline -0.013 -15"><span class='ocrx_word' id='word_1_476' title='bbox 2122 3224 2372 3287; x_wconf 84' lang='grc' dir='ltr'>κένωσιν,</span> <span class='ocrx_word' id='word_1_477' title='bbox 2399 3224 2457 3275; x_wconf 81' lang='grc' dir='ltr'>ὲν</span> <span class='ocrx_word' id='word_1_478' title='bbox 2486 3223 2557 3292; x_wconf 82' lang='grc' dir='ltr'>τῇ</span> <span class='ocrx_word' id='word_1_479' title='bbox 2581 3218 2675 3273; x_wconf 81' lang='grc' dir='ltr'>τοῦ</span> <span class='ocrx_word' id='word_1_480' title='bbox 2702 3218 2888 3272; x_wconf 85' lang='grc' dir='ltr'>δούλου</span> <span class='ocrx_word' id='word_1_481' title='bbox 2929 3213 3133 3284; x_wconf 78' lang='grc' dir='ltr'>κατέϐη</span> <span class='ocrx_word' id='word_1_482' title='bbox 3188 3212 3390 3283; x_wconf 77' lang='grc' dir='ltr'>μορφῇ,</span> <span class='ocrx_word' id='word_1_483' title='bbox 3434 3206 3570 3276; x_wconf 73' lang='grc' dir='ltr'>πρὸς</span> <span class='ocrx_word' id='word_1_484' title='bbox 3596 3204 3692 3263; x_wconf 65' lang='grc' dir='ltr'>τὴν</span> 
     </span>
    </p>
   </div>
   <div class='ocr_carea' id='block_1_66' title="bbox 443 3301 2017 3376">
    <p class='ocr_par' dir='ltr' id='par_1_66' title="bbox 443 3301 2017 3376">
     <span class='ocr_line' id='line_1_66' title="bbox 443 3301 2017 3376; baseline 0.005 -23"><span class='ocrx_word' id='word_1_485' title='bbox 443 3316 563 3354; x_wconf 83' lang='lat' dir='ltr'><strong>rum</strong></span> <span class='ocrx_word' id='word_1_486' title='bbox 588 3301 658 3356; x_wconf 81' lang='grc'><strong>⁸⁸.</strong></span> <span class='ocrx_word' id='word_1_487' title='bbox 693 3322 710 3356; x_wconf 78' lang='grc' dir='ltr'><strong>ι</strong></span> <span class='ocrx_word' id='word_1_488' title='bbox 747 3301 856 3359; x_wconf 86' lang='lat' dir='ltr'><strong>Sed</strong></span> <span class='ocrx_word' id='word_1_489' title='bbox 906 3321 975 3361; x_wconf 91' lang='lat' dir='ltr'><strong>ne</strong></span> <span class='ocrx_word' id='word_1_490' title='bbox 1009 3307 1127 3376; x_wconf 85' lang='lat' dir='ltr'><strong>ipse</strong></span> <span class='ocrx_word' id='word_1_491' title='bbox 1161 3307 1442 3363; x_wconf 86' lang='lat' dir='ltr'><strong>videretur</strong></span> <span class='ocrx_word' id='word_1_492' title='bbox 1493 3308 1756 3363; x_wconf 87' lang='lat' dir='ltr'><strong>honorem</strong></span> <span class='ocrx_word' id='word_1_493' title='bbox 1793 3309 1896 3362; x_wconf 84' lang='lat' dir='ltr'><strong>sibi</strong></span> <span class='ocrx_word' id='word_1_494' title='bbox 1930 3324 2017 3361; x_wconf 86' lang='lat' dir='ltr'><strong>ra-</strong></span> 
     </span>
    </p>
   </div>
   <div class='ocr_carea' id='block_1_67' title="bbox 443 3382 2013 3468">
    <p class='ocr_par' dir='ltr' id='par_1_67' title="bbox 443 3382 2013 3468">
     <span class='ocr_line' id='line_1_67' title="bbox 443 3382 2013 3468; baseline 0.008 -25"><span class='ocrx_word' id='word_1_495' title='bbox 443 3392 649 3460; x_wconf 86' lang='lat' dir='ltr'><strong>puisse,</strong></span> <span class='ocrx_word' id='word_1_496' title='bbox 683 3394 959 3468; x_wconf 78' lang='lat' dir='ltr'><strong>Paterque</strong></span> <span class='ocrx_word' id='word_1_497' title='bbox 1002 3382 1243 3455; x_wconf 65' lang='lat' dir='ltr'><strong>caelestis</strong></span> <span class='ocrx_word' id='word_1_498' title='bbox 1289 3401 1373 3455; x_wconf 82' lang='lat' dir='ltr'><strong>vel</strong></span> <span class='ocrx_word' id='word_1_499' title='bbox 1432 3400 1639 3456; x_wconf 80' lang='lat' dir='ltr'><strong>invitus</strong></span> <span class='ocrx_word' id='word_1_500' title='bbox 1691 3398 1889 3454; x_wconf 83' lang='lat' dir='ltr'><strong>Filium</strong></span> <span class='ocrx_word' id='word_1_501' title='bbox 1949 3401 2013 3455; x_wconf 89' lang='lat' dir='ltr'><strong>ad</strong></span> 
     </span>
    </p>
   </div>
   <div class='ocr_carea' id='block_1_68' title="bbox 442 3485 2012 3561">
    <p class='ocr_par' dir='ltr' id='par_1_68' title="bbox 442 3485 2012 3561">
     <span class='ocr_line' id='line_1_68' title="bbox 442 3485 2012 3561; baseline 0.004 -21"><span class='ocrx_word' id='word_1_502' title='bbox 442 3485 690 3540; x_wconf 77' lang='lat' dir='ltr'><strong>dextram</strong></span> <span class='ocrx_word' id='word_1_503' title='bbox 721 3490 1046 3554; x_wconf 82' lang='lat' dir='ltr'><strong>collocasse,</strong></span> <span class='ocrx_word' id='word_1_504' title='bbox 1084 3491 1200 3561; x_wconf 91' lang='lat' dir='ltr'><strong>ipse</strong></span> <span class='ocrx_word' id='word_1_505' title='bbox 1258 3491 1421 3549; x_wconf 90' lang='lat' dir='ltr'><strong>Pater</strong></span> <span class='ocrx_word' id='word_1_506' title='bbox 1455 3491 1845 3557; x_wconf 88' lang='lat' dir='ltr'><strong>introducitur,</strong></span> <span class='ocrx_word' id='word_1_507' title='bbox 1879 3491 2012 3546; x_wconf 88' lang='lat' dir='ltr'><strong>illud</strong></span> 
     </span>
    </p>
   </div>
   <div class='ocr_carea' id='block_1_69' title="bbox 439 3577 2016 3659">
    <p class='ocr_par' dir='ltr' id='par_1_69' title="bbox 439 3577 2016 3659">
     <span class='ocr_line' id='line_1_69' title="bbox 439 3577 2016 3659; baseline 0.006 -30"><span class='ocrx_word' id='word_1_508' title='bbox 439 3577 631 3634; x_wconf 88' lang='lat' dir='ltr'><strong>dicens</strong></span> <span class='ocrx_word' id='word_1_509' title='bbox 659 3597 674 3634; x_wconf 89' lang='lat'><strong>:</strong></span> <span class='ocrx_word' id='word_1_510' title='bbox 708 3599 726 3630; x_wconf 79' lang='grc' dir='ltr'><strong>ι</strong></span> <span class='ocrx_word' id='word_1_511' title='bbox 771 3583 913 3637; x_wconf 85' lang='lat' dir='ltr'><strong>Sede</strong></span> <span class='ocrx_word' id='word_1_512' title='bbox 942 3598 975 3637; x_wconf 87' lang='lat' dir='ltr'><strong>a</strong></span> <span class='ocrx_word' id='word_1_513' title='bbox 1006 3583 1219 3659; x_wconf 75' lang='lat' dir='ltr'><strong>dextris</strong></span> <span class='ocrx_word' id='word_1_514' title='bbox 1246 3585 1406 3641; x_wconf 90' lang='lat' dir='ltr'><strong>meis.</strong></span> <span class='ocrx_word' id='word_1_515' title='bbox 1446 3604 1465 3637; x_wconf 73' lang='grc' dir='ltr'><strong>ι</strong></span> <span class='ocrx_word' id='word_1_516' title='bbox 1497 3585 1684 3655; x_wconf 87' lang='lat' dir='ltr'><strong>Neque</strong></span> <span class='ocrx_word' id='word_1_517' title='bbox 1716 3601 1844 3640; x_wconf 87' lang='lat' dir='ltr'><strong>vero</strong></span> <span class='ocrx_word' id='word_1_518' title='bbox 1888 3600 2016 3639; x_wconf 86' lang='lat' dir='ltr'><strong>cor-</strong></span> 
     </span>
    </p>
   </div>
   <div class='ocr_carea' id='block_1_70' title="bbox 441 3668 2015 3745">
    <p class='ocr_par' dir='ltr' id='par_1_70' title="bbox 441 3668 2015 3745">
     <span class='ocr_line' id='line_1_70' title="bbox 441 3668 2015 3745; baseline 0.007 -23"><span class='ocrx_word' id='word_1_519' title='bbox 441 3668 601 3725; x_wconf 83' lang='lat' dir='ltr'><strong>datus</strong></span> <span class='ocrx_word' id='word_1_520' title='bbox 641 3674 931 3745; x_wconf 89' lang='lat' dir='ltr'><strong>quisquam</strong></span> <span class='ocrx_word' id='word_1_521' title='bbox 978 3677 1178 3733; x_wconf 80' lang='lat' dir='ltr'><strong>dixerit</strong></span> <span class='ocrx_word' id='word_1_522' title='bbox 1203 3676 1421 3731; x_wconf 84' lang='lat' dir='ltr'><strong>Patrem</strong></span> <span class='ocrx_word' id='word_1_523' title='bbox 1459 3675 1733 3733; x_wconf 82' lang='lat' dir='ltr'><strong>secundas</strong></span> <span class='ocrx_word' id='word_1_524' title='bbox 1788 3676 2015 3732; x_wconf 82' lang='lat' dir='ltr'><strong>honoris</strong></span> 
     </span>
    </p>
   </div>
   <div class='ocr_carea' id='block_1_71' title="bbox 442 3764 2012 3838">
    <p class='ocr_par' dir='ltr' id='par_1_71' title="bbox 442 3764 2012 3838">
     <span class='ocr_line' id='line_1_71' title="bbox 442 3764 2012 3838; baseline 0.004 -25"><span class='ocrx_word' id='word_1_525' title='bbox 442 3771 629 3831; x_wconf 83' lang='lat' dir='ltr'><strong>partes</strong></span> <span class='ocrx_word' id='word_1_526' title='bbox 675 3764 895 3822; x_wconf 90' lang='lat' dir='ltr'><strong>dedisse</strong></span> <span class='ocrx_word' id='word_1_527' title='bbox 944 3765 1105 3830; x_wconf 84' lang='lat' dir='ltr'><strong>Filio,</strong></span> <span class='ocrx_word' id='word_1_528' title='bbox 1146 3768 1294 3838; x_wconf 91' lang='lat' dir='ltr'><strong>quod</strong></span> <span class='ocrx_word' id='word_1_529' title='bbox 1324 3784 1448 3824; x_wconf 91' lang='lat' dir='ltr'><strong>eum</strong></span> <span class='ocrx_word' id='word_1_530' title='bbox 1489 3783 1518 3821; x_wconf 86' lang='lat' dir='ltr'><strong>a</strong></span> <span class='ocrx_word' id='word_1_531' title='bbox 1553 3768 1763 3824; x_wconf 77' lang='lat' dir='ltr'><strong>dextris</strong></span> <span class='ocrx_word' id='word_1_532' title='bbox 1793 3767 2012 3828; x_wconf 80' lang='lat' dir='ltr'><strong>haheat,</strong></span> 
     </span>
    </p>
   </div>
   <div class='ocr_carea' id='block_1_72' title="bbox 441 3853 2065 3929">
    <p class='ocr_par' dir='ltr' id='par_1_72' title="bbox 441 3853 2065 3929">
     <span class='ocr_line' id='line_1_72' title="bbox 441 3853 2065 3929; baseline 0.002 -23"><span class='ocrx_word' id='word_1_533' title='bbox 441 3853 538 3907; x_wconf 85' lang='lat' dir='ltr'><strong>sed</strong></span> <span class='ocrx_word' id='word_1_534' title='bbox 570 3854 705 3909; x_wconf 90' lang='lat' dir='ltr'><strong>illud</strong></span> <span class='ocrx_word' id='word_1_535' title='bbox 733 3857 876 3925; x_wconf 89' lang='lat' dir='ltr'><strong>apud</strong></span> <span class='ocrx_word' id='word_1_536' title='bbox 907 3874 966 3912; x_wconf 90' lang='lat' dir='ltr'><strong>se</strong></span> <span class='ocrx_word' id='word_1_537' title='bbox 1010 3858 1287 3929; x_wconf 83' lang='lat' dir='ltr'><strong>reputabit</strong></span> <span class='ocrx_word' id='word_1_538' title='bbox 1311 3860 1516 3929; x_wconf 88' lang='lat' dir='ltr'><strong>potius,</strong></span> <span class='ocrx_word' id='word_1_539' title='bbox 1548 3859 1865 3928; x_wconf 84' lang='lat' dir='ltr'><strong>oportuisse</strong></span> <span class='ocrx_word' id='word_1_540' title='bbox 1893 3874 2013 3912; x_wconf 86' lang='lat' dir='ltr'><strong>om—</strong></span> <span class='ocrx_word' id='word_1_541' title='bbox 2061 3894 2065 3899; x_wconf 66' lang='grc' dir='ltr'><strong>ι</strong></span> 
     </span>
    </p>
   </div>
   <div class='ocr_carea' id='block_1_73' title="bbox 442 3943 2013 4017">
    <p class='ocr_par' dir='ltr' id='par_1_73' title="bbox 442 3943 2013 4017">
     <span class='ocr_line' id='line_1_73' title="bbox 442 3943 2013 4017; baseline 0.003 -23"><span class='ocrx_word' id='word_1_542' title='bbox 442 3943 574 3996; x_wconf 83' lang='lat' dir='ltr'><strong>nino</strong></span> <span class='ocrx_word' id='word_1_543' title='bbox 606 3944 891 3999; x_wconf 83' lang='lat' dir='ltr'><strong>dexterum</strong></span> <span class='ocrx_word' id='word_1_544' title='bbox 918 3955 974 4001; x_wconf 89' lang='lat' dir='ltr'><strong>et</strong></span> <span class='ocrx_word' id='word_1_545' title='bbox 1007 3950 1213 4005; x_wconf 74' lang='lat' dir='ltr'><strong>nullius</strong></span> <span class='ocrx_word' id='word_1_546' title='bbox 1256 3949 1657 4003; x_wconf 88' lang='lat' dir='ltr'><strong>imminutionis</strong></span> <span class='ocrx_word' id='word_1_547' title='bbox 1692 3957 2013 4017; x_wconf 85' lang='lat' dir='ltr'><strong>suspectum</strong></span> 
     </span>
    </p>
   </div>
   <div class='ocr_carea' id='block_1_74' title="bbox 442 4031 2015 4107">
    <p class='ocr_par' dir='ltr' id='par_1_74' title="bbox 442 4031 2015 4107">
     <span class='ocr_line' id='line_1_74' title="bbox 442 4031 2015 4107; baseline 0.004 -24"><span class='ocrx_word' id='word_1_548' title='bbox 442 4031 646 4093; x_wconf 87' lang='lat' dir='ltr'><strong>locum,</strong></span> <span class='ocrx_word' id='word_1_549' title='bbox 675 4047 781 4086; x_wconf 89' lang='lat' dir='ltr'><strong>non</strong></span> <span class='ocrx_word' id='word_1_550' title='bbox 813 4034 1033 4103; x_wconf 87' lang='lat' dir='ltr'><strong>quidem</strong></span> <span class='ocrx_word' id='word_1_551' title='bbox 1062 4035 1335 4104; x_wconf 86' lang='lat' dir='ltr'><strong>Patri,sed</strong></span> <span class='ocrx_word' id='word_1_552' title='bbox 1362 4036 1499 4091; x_wconf 85' lang='lat' dir='ltr'><strong>Filio</strong></span> <span class='ocrx_word' id='word_1_553' title='bbox 1533 4037 1782 4100; x_wconf 86' lang='lat' dir='ltr'><strong>attribui,</strong></span> <span class='ocrx_word' id='word_1_554' title='bbox 1813 4038 2015 4107; x_wconf 88' lang='lat' dir='ltr'><strong>quippe</strong></span> 
     </span>
    </p>
   </div>
   <div class='ocr_carea' id='block_1_75' title="bbox 439 4122 2014 4196">
    <p class='ocr_par' dir='ltr' id='par_1_75' title="bbox 439 4122 2014 4196">
     <span class='ocr_line' id='line_1_75' title="bbox 439 4122 2014 4196; baseline 0.003 -20"><span class='ocrx_word' id='word_1_555' title='bbox 439 4122 557 4191; x_wconf 83' lang='lat' dir='ltr'><strong>qui,</strong></span> <span class='ocrx_word' id='word_1_556' title='bbox 588 4132 812 4193; x_wconf 84' lang='lat' dir='ltr'><strong>propter</strong></span> <span class='ocrx_word' id='word_1_557' title='bbox 868 4128 1231 4183; x_wconf 86' lang='lat' dir='ltr'><strong>voluntariam</strong></span> <span class='ocrx_word' id='word_1_558' title='bbox 1292 4129 1652 4183; x_wconf 88' lang='lat' dir='ltr'><strong>inauitionem</strong></span> <span class='ocrx_word' id='word_1_559' title='bbox 1713 4137 1768 4183; x_wconf 90' lang='lat' dir='ltr'><strong>et</strong></span> <span class='ocrx_word' id='word_1_560' title='bbox 1829 4130 2014 4196; x_wconf 77' lang='lat' dir='ltr'><strong>subje-</strong></span> 
     </span>
    </p>
   </div>
   <div class='ocr_carea' id='block_1_76' title="bbox 439 4213 2011 4290">
    <p class='ocr_par' dir='ltr' id='par_1_76' title="bbox 439 4213 2011 4290">
     <span class='ocr_line' id='line_1_76' title="bbox 439 4213 2011 4290; baseline 0.006 -27"><span class='ocrx_word' id='word_1_561' title='bbox 439 4213 696 4274; x_wconf 80' lang='lat' dir='ltr'><strong>ctionem,</strong></span> <span class='ocrx_word' id='word_1_562' title='bbox 726 4224 783 4267; x_wconf 92' lang='lat' dir='ltr'><strong>ut</strong></span> <span class='ocrx_word' id='word_1_563' title='bbox 821 4216 1003 4271; x_wconf 91' lang='lat' dir='ltr'><strong>minor</strong></span> <span class='ocrx_word' id='word_1_564' title='bbox 1026 4218 1359 4290; x_wconf 70' lang='lat' dir='ltr'><strong>arguebatur</strong></span> <span class='ocrx_word' id='word_1_565' title='bbox 1390 4220 1457 4272; x_wconf 86' lang='lat' dir='ltr'><strong>ab</strong></span> <span class='ocrx_word' id='word_1_566' title='bbox 1486 4219 1552 4273; x_wconf 91' lang='lat' dir='ltr'><strong>iis</strong></span> <span class='ocrx_word' id='word_1_567' title='bbox 1576 4220 1666 4289; x_wconf 91' lang='lat' dir='ltr'><strong>qui</strong></span> <span class='ocrx_word' id='word_1_568' title='bbox 1692 4219 2011 4289; x_wconf 81' lang='lat' dir='ltr'><strong>mysterium</strong></span> 
     </span>
    </p>
   </div>
   <div class='ocr_carea' id='block_1_77' title="bbox 441 4304 2012 4379">
    <p class='ocr_par' dir='ltr' id='par_1_77' title="bbox 441 4304 2012 4379">
     <span class='ocr_line' id='line_1_77' title="bbox 441 4304 2012 4379; baseline 0.006 -24"><span class='ocrx_word' id='word_1_569' title='bbox 441 4304 837 4361; x_wconf 68' lang='lat' dir='ltr'><strong>incarnationis</strong></span> <span class='ocrx_word' id='word_1_570' title='bbox 864 4318 1060 4378; x_wconf 85' lang='lat' dir='ltr'><strong>capere</strong></span> <span class='ocrx_word' id='word_1_571' title='bbox 1092 4324 1199 4363; x_wconf 89' lang='lat' dir='ltr'><strong>non</strong></span> <span class='ocrx_word' id='word_1_572' title='bbox 1238 4320 1479 4379; x_wconf 88' lang='lat' dir='ltr'><strong>possent.</strong></span> <span class='ocrx_word' id='word_1_573' title='bbox 1508 4309 1720 4363; x_wconf 81' lang='lat' dir='ltr'><strong>Idcirco</strong></span> <span class='ocrx_word' id='word_1_574' title='bbox 1746 4325 1775 4362; x_wconf 87' lang='lat' dir='ltr'><strong>a</strong></span> <span class='ocrx_word' id='word_1_575' title='bbox 1802 4309 2012 4375; x_wconf 73' lang='lat' dir='ltr'><strong>dextris</strong></span> 
     </span>
    </p>
   </div>
   <div class='ocr_carea' id='block_1_78' title="bbox 437 4395 2014 4471">
    <p class='ocr_par' dir='ltr' id='par_1_78' title="bbox 437 4395 2014 4471">
     <span class='ocr_line' id='line_1_78' title="bbox 437 4395 2014 4471; baseline 0.004 -22"><span class='ocrx_word' id='word_1_576' title='bbox 437 4403 524 4449; x_wconf 78' lang='lat' dir='ltr'><strong>est</strong></span> <span class='ocrx_word' id='word_1_577' title='bbox 576 4395 779 4463; x_wconf 74' lang='lat' dir='ltr'><strong>Patris,</strong></span> <span class='ocrx_word' id='word_1_578' title='bbox 823 4400 917 4469; x_wconf 83' lang='lat' dir='ltr'><strong>qui</strong></span> <span class='ocrx_word' id='word_1_579' title='bbox 969 4402 1284 4456; x_wconf 81' lang='lat' dir='ltr'><strong>nullatenus</strong></span> <span class='ocrx_word' id='word_1_580' title='bbox 1330 4403 1483 4471; x_wconf 80' lang='lat' dir='ltr'><strong>argui</strong></span> <span class='ocrx_word' id='word_1_581' title='bbox 1545 4408 1744 4471; x_wconf 89' lang='lat' dir='ltr'><strong>potest,</strong></span> <span class='ocrx_word' id='word_1_582' title='bbox 1784 4412 1841 4455; x_wconf 87' lang='lat' dir='ltr'><strong>ut</strong></span> <span class='ocrx_word' id='word_1_583' title='bbox 1879 4400 2014 4456; x_wconf 75' lang='lat' dir='ltr'><strong>Filio</strong></span> 
     </span>
    </p>
   </div>
   <div class='ocr_carea' id='block_1_79' title="bbox 438 4488 1280 4561">
    <p class='ocr_par' dir='ltr' id='par_1_79' title="bbox 438 4488 1280 4561">
     <span class='ocr_line' id='line_1_79' title="bbox 438 4488 1280 4561; baseline 0.01 -24"><span class='ocrx_word' id='word_1_584' title='bbox 438 4493 686 4539; x_wconf 75' lang='lat' dir='ltr'><strong>servetur</strong></span> <span class='ocrx_word' id='word_1_585' title='bbox 727 4488 951 4546; x_wconf 78' lang='lat' dir='ltr'><strong>honoris</strong></span> <span class='ocrx_word' id='word_1_586' title='bbox 977 4493 1280 4561; x_wconf 66' lang='lat' dir='ltr'><strong>aequalitas.</strong></span> 
     </span>
    </p>
   </div>
   <div class='ocr_carea' id='block_1_80' title="bbox 2116 3295 3690 3377">
    <p class='ocr_par' dir='ltr' id='par_1_80' title="bbox 2116 3295 3690 3377">
     <span class='ocr_line' id='line_1_80' title="bbox 2116 3295 3690 3377; baseline -0.016 -6"><span class='ocrx_word' id='word_1_587' title='bbox 2116 3317 2322 3371; x_wconf 87' lang='grc' dir='ltr'>οίκείαν</span> <span class='ocrx_word' id='word_1_588' title='bbox 2349 3311 2504 3377; x_wconf 78' lang='grc' dir='ltr'>αὖθις</span> <span class='ocrx_word' id='word_1_589' title='bbox 2555 3309 2886 3377; x_wconf 66' lang='grc' dir='ltr'>ἀνεϐιϐάσθη</span> <span class='ocrx_word' id='word_1_590' title='bbox 2917 3305 3101 3372; x_wconf 76' lang='grc' dir='ltr'>δόξαν,</span> <span class='ocrx_word' id='word_1_591' title='bbox 3152 3302 3413 3363; x_wconf 81' lang='grc' dir='ltr'>ἀκούσας·</span> <span class='ocrx_word' id='word_1_592' title='bbox 3450 3318 3471 3350; x_wconf 88' lang='grc'><em>‹</em></span> <span class='ocrx_word' id='word_1_593' title='bbox 3511 3295 3690 3349; x_wconf 83' lang='grc' dir='ltr'>Κάθου</span> 
     </span>
    </p>
   </div>
   <div class='ocr_carea' id='block_1_81' title="bbox 2116 3387 3693 3478">
    <p class='ocr_par' dir='ltr' id='par_1_81' title="bbox 2116 3387 3693 3478">
     <span class='ocr_line' id='line_1_81' title="bbox 2116 3387 3693 3478; baseline -0.016 -15"><span class='ocrx_word' id='word_1_594' title='bbox 2116 3411 2181 3463; x_wconf 82' lang='grc' dir='ltr'>ὲκ</span> <span class='ocrx_word' id='word_1_595' title='bbox 2214 3407 2404 3474; x_wconf 79' lang='grc' dir='ltr'>δεξιῶν</span> <span class='ocrx_word' id='word_1_596' title='bbox 2430 3423 2553 3478; x_wconf 86' lang='grc' dir='ltr'>μου,</span> <span class='ocrx_word' id='word_1_597' title='bbox 2594 3405 2699 3467; x_wconf 75' lang='grc' dir='ltr'>ἕως</span> <span class='ocrx_word' id='word_1_598' title='bbox 2719 3403 2787 3457; x_wconf 84' lang='grc' dir='ltr'><strong>ἂν</strong></span> <span class='ocrx_word' id='word_1_599' title='bbox 2816 3400 2894 3454; x_wconf 87' lang='grc' dir='ltr'><strong>θῶ</strong></span> <span class='ocrx_word' id='word_1_600' title='bbox 2931 3403 3056 3463; x_wconf 81' lang='grc' dir='ltr'>τοὺς</span> <span class='ocrx_word' id='word_1_601' title='bbox 3107 3394 3336 3467; x_wconf 76' lang='grc' dir='ltr'>ἐχθρούς</span> <span class='ocrx_word' id='word_1_602' title='bbox 3364 3408 3459 3445; x_wconf 88' lang='grc' dir='ltr'><strong>σου</strong></span> <span class='ocrx_word' id='word_1_603' title='bbox 3490 3387 3693 3443; x_wconf 76' lang='grc' dir='ltr'>ὑποπό-</span> 
     </span>
    </p>
   </div>
   <div class='ocr_carea' id='block_1_82' title="bbox 2114 3480 3688 3561">
    <p class='ocr_par' dir='ltr' id='par_1_82' title="bbox 2114 3480 3688 3561">
     <span class='ocr_line' id='line_1_82' title="bbox 2114 3480 3688 3561; baseline -0.017 -6"><span class='ocrx_word' id='word_1_604' title='bbox 2114 3502 2225 3555; x_wconf 82' lang='grc' dir='ltr'>διον</span> <span class='ocrx_word' id='word_1_605' title='bbox 2253 3500 2362 3552; x_wconf 85' lang='grc' dir='ltr'><strong>τῶν</strong></span> <span class='ocrx_word' id='word_1_606' title='bbox 2402 3496 2580 3551; x_wconf 82' lang='grc' dir='ltr'>ποδῶν</span> <span class='ocrx_word' id='word_1_607' title='bbox 2600 3512 2712 3549; x_wconf 85' lang='grc' dir='ltr'>σου.</span> <span class='ocrx_word' id='word_1_608' title='bbox 2744 3514 2761 3546; x_wconf 76' lang='grc' dir='ltr'><strong>ι</strong></span> <span class='ocrx_word' id='word_1_609' title='bbox 2797 3494 2912 3547; x_wconf 77' lang='grc' dir='ltr'>Ἵνα</span> <span class='ocrx_word' id='word_1_610' title='bbox 2935 3492 2991 3545; x_wconf 76' lang='grc' dir='ltr'>δὲ</span> <span class='ocrx_word' id='word_1_611' title='bbox 3023 3489 3099 3561; x_wconf 85' lang='grc' dir='ltr'>μὴ</span> <span class='ocrx_word' id='word_1_612' title='bbox 3147 3485 3330 3556; x_wconf 86' lang='grc' dir='ltr'>δοκοίη</span> <span class='ocrx_word' id='word_1_613' title='bbox 3362 3480 3688 3546; x_wconf 83' lang='grc' dir='ltr'>πλεονεκτή-</span> 
     </span>
    </p>
   </div>
   <div class='ocr_carea' id='block_1_83' title="bbox 2119 3569 3688 3656">
    <p class='ocr_par' dir='ltr' id='par_1_83' title="bbox 2119 3569 3688 3656">
     <span class='ocr_line' id='line_1_83' title="bbox 2119 3569 3688 3656; baseline -0.013 -15"><span class='ocrx_word' id='word_1_614' title='bbox 2119 3605 2237 3652; x_wconf 86' lang='grc' dir='ltr'>σας,</span> <span class='ocrx_word' id='word_1_615' title='bbox 2273 3587 2368 3640; x_wconf 74' lang='grc' dir='ltr'>καὶ</span> <span class='ocrx_word' id='word_1_616' title='bbox 2397 3587 2496 3656; x_wconf 76' lang='grc' dir='ltr'>οὐχ</span> <span class='ocrx_word' id='word_1_617' title='bbox 2534 3584 2728 3638; x_wconf 80' lang='grc' dir='ltr'>ἑκόντα</span> <span class='ocrx_word' id='word_1_618' title='bbox 2753 3582 2915 3652; x_wconf 83' lang='grc' dir='ltr'>τυχὸν</span> <span class='ocrx_word' id='word_1_619' title='bbox 2948 3580 3039 3633; x_wconf 82' lang='grc' dir='ltr'><strong>τὸν</strong></span> <span class='ocrx_word' id='word_1_620' title='bbox 3071 3580 3130 3631; x_wconf 78' lang='grc' dir='ltr'>ἐν</span> <span class='ocrx_word' id='word_1_621' title='bbox 3151 3579 3265 3639; x_wconf 82' lang='grc' dir='ltr'>τοῖς</span> <span class='ocrx_word' id='word_1_622' title='bbox 3297 3573 3549 3644; x_wconf 78' lang='grc' dir='ltr'>οὐρανοῖς</span> <span class='ocrx_word' id='word_1_623' title='bbox 3580 3569 3688 3622; x_wconf 86' lang='grc' dir='ltr'><strong>Πα-</strong></span> 
     </span>
    </p>
   </div>
   <div class='ocr_carea' id='block_1_84' title="bbox 2115 3663 3693 3750">
    <p class='ocr_par' dir='ltr' id='par_1_84' title="bbox 2115 3663 3693 3750">
     <span class='ocr_line' id='line_1_84' title="bbox 2115 3663 3693 3750; baseline -0.013 -17"><span class='ocrx_word' id='word_1_624' title='bbox 2115 3680 2249 3750; x_wconf 80' lang='grc' dir='ltr'>τέρα</span> <span class='ocrx_word' id='word_1_625' title='bbox 2279 3679 2374 3733; x_wconf 76' lang='grc' dir='ltr'>καὶ</span> <span class='ocrx_word' id='word_1_626' title='bbox 2423 3678 2557 3730; x_wconf 76' lang='grc' dir='ltr'>Θεὸν</span> <span class='ocrx_word' id='word_1_627' title='bbox 2606 3676 2827 3730; x_wconf 82' lang='grc' dir='ltr'>καθίσαι</span> <span class='ocrx_word' id='word_1_628' title='bbox 2873 3673 3009 3744; x_wconf 75' lang='grc' dir='ltr'>πρὸς</span> <span class='ocrx_word' id='word_1_629' title='bbox 3032 3673 3145 3732; x_wconf 84' lang='grc' dir='ltr'>τοῖς</span> <span class='ocrx_word' id='word_1_630' title='bbox 3175 3668 3368 3733; x_wconf 82' lang='grc' dir='ltr'>δεξιοῖς</span> <span class='ocrx_word' id='word_1_631' title='bbox 3409 3666 3501 3719; x_wconf 87' lang='grc' dir='ltr'><strong>τὸν</strong></span> <span class='ocrx_word' id='word_1_632' title='bbox 3538 3663 3693 3723; x_wconf 71' lang='grc' dir='ltr'>Υἱὺν,</span> 
     </span>
    </p>
   </div>
   <div class='ocr_carea' id='block_1_85' title="bbox 2116 3753 3693 3835">
    <p class='ocr_par' dir='ltr' id='par_1_85' title="bbox 2116 3753 3693 3835">
     <span class='ocr_line' id='line_1_85' title="bbox 2116 3753 3693 3835; baseline -0.012 -14"><span class='ocrx_word' id='word_1_633' title='bbox 2116 3770 2280 3832; x_wconf 75' lang='grc' dir='ltr'>αὐτὸς</span> <span class='ocrx_word' id='word_1_634' title='bbox 2304 3766 2462 3820; x_wconf 84' lang='grc' dir='ltr'>τοῦτο</span> <span class='ocrx_word' id='word_1_635' title='bbox 2490 3766 2663 3833; x_wconf 87' lang='grc' dir='ltr'>λέγων</span> <span class='ocrx_word' id='word_1_636' title='bbox 2691 3766 2719 3819; x_wconf 90' lang='lat'><strong>6</strong></span> <span class='ocrx_word' id='word_1_637' title='bbox 2752 3763 2945 3835; x_wconf 81' lang='grc' dir='ltr'>Πατὴρ</span> <span class='ocrx_word' id='word_1_638' title='bbox 2976 3763 3346 3830; x_wconf 77' lang='grc' dir='ltr'>εἰσενήνεκται</span> <span class='ocrx_word' id='word_1_639' title='bbox 3377 3755 3469 3816; x_wconf 67' lang='grc' dir='ltr'><strong>τὸ,</strong></span> <span class='ocrx_word' id='word_1_640' title='bbox 3531 3771 3551 3804; x_wconf 77' lang='grc' dir='ltr'><strong>ι</strong></span> <span class='ocrx_word' id='word_1_641' title='bbox 3601 3753 3693 3803; x_wconf 76' lang='grc' dir='ltr'>Ἐκ</span> 
     </span>
    </p>
   </div>
   <div class='ocr_carea' id='block_1_86' title="bbox 2115 3843 3688 3930">
    <p class='ocr_par' dir='ltr' id='par_1_86' title="bbox 2115 3843 3688 3930">
     <span class='ocr_line' id='line_1_86' title="bbox 2115 3843 3688 3930; baseline -0.012 -16"><span class='ocrx_word' id='word_1_642' title='bbox 2115 3860 2303 3927; x_wconf 82' lang='grc' dir='ltr'>δεξιῶν</span> <span class='ocrx_word' id='word_1_643' title='bbox 2329 3878 2429 3930; x_wconf 91' lang='grc' dir='ltr'><strong>μου</strong></span> <span class='ocrx_word' id='word_1_644' title='bbox 2459 3858 2650 3921; x_wconf 83' lang='grc' dir='ltr'>κάθου,</span> <span class='ocrx_word' id='word_1_645' title='bbox 2680 3878 2697 3909; x_wconf 74' lang='grc' dir='ltr'><strong>ι</strong></span> <span class='ocrx_word' id='word_1_646' title='bbox 2754 3856 2907 3926; x_wconf 54' lang='lat' dir='ltr'><strong>ensi;</strong></span> <span class='ocrx_word' id='word_1_647' title='bbox 2947 3853 3142 3908; x_wconf 64' lang='lat' dir='ltr'><strong>Kal&#39;ob</strong></span> <span class='ocrx_word' id='word_1_648' title='bbox 3181 3851 3244 3921; x_wconf 83' lang='grc' dir='ltr'>δή</span> <span class='ocrx_word' id='word_1_649' title='bbox 3297 3867 3383 3912; x_wconf 85' lang='grc' dir='ltr'><strong>τις</strong></span> <span class='ocrx_word' id='word_1_650' title='bbox 3429 3848 3546 3919; x_wconf 73' lang='grc' dir='ltr'>ἐρεῖ</span> <span class='ocrx_word' id='word_1_651' title='bbox 3566 3843 3688 3897; x_wconf 81' lang='grc' dir='ltr'>νοῦν</span> 
     </span>
    </p>
   </div>
   <div class='ocr_carea' id='block_1_87' title="bbox 2116 3937 3719 4021">
    <p class='ocr_par' dir='ltr' id='par_1_87' title="bbox 2116 3937 3719 4021">
     <span class='ocr_line' id='line_1_87' title="bbox 2116 3937 3719 4021; baseline -0.011 -17"><span class='ocrx_word' id='word_1_652' title='bbox 2116 3951 2275 4021; x_wconf 81' lang='grc' dir='ltr'>ἔχων,</span> <span class='ocrx_word' id='word_1_653' title='bbox 2309 3952 2385 4014; x_wconf 85' lang='grc' dir='ltr'>ὡς</span> <span class='ocrx_word' id='word_1_654' title='bbox 2402 3951 2513 4013; x_wconf 86' lang='grc' dir='ltr'>τοῖς</span> <span class='ocrx_word' id='word_1_655' title='bbox 2537 3949 2809 4020; x_wconf 80' lang='grc' dir='ltr'>δευτέροις</span> <span class='ocrx_word' id='word_1_656' title='bbox 2829 3948 2859 4000; x_wconf 90' lang='lat'><strong>6</strong></span> <span class='ocrx_word' id='word_1_657' title='bbox 2879 3944 3070 4015; x_wconf 81' lang='grc' dir='ltr'>Πατὴρ</span> <span class='ocrx_word' id='word_1_658' title='bbox 3101 3943 3392 4012; x_wconf 85' lang='grc' dir='ltr'>τετίμηται</span> <span class='ocrx_word' id='word_1_659' title='bbox 3422 3938 3512 3991; x_wconf 86' lang='grc' dir='ltr'><strong>τὸν</strong></span> <span class='ocrx_word' id='word_1_660' title='bbox 3538 3937 3719 3999; x_wconf 64' lang='grc' dir='ltr'>Υίὺν,“</span> 
     </span>
    </p>
   </div>
   <div class='ocr_carea' id='block_1_88' title="bbox 2117 4026 3688 4112">
    <p class='ocr_par' dir='ltr' id='par_1_88' title="bbox 2117 4026 3688 4112">
     <span class='ocr_line' id='line_1_88' title="bbox 2117 4026 3688 4112; baseline -0.01 -18"><span class='ocrx_word' id='word_1_661' title='bbox 2117 4041 2276 4112; x_wconf 80' lang='grc' dir='ltr'>ἔχων,</span> <span class='ocrx_word' id='word_1_662' title='bbox 2300 4042 2363 4095; x_wconf 79' lang='grc' dir='ltr'>ὲκ</span> <span class='ocrx_word' id='word_1_663' title='bbox 2398 4039 2609 4106; x_wconf 81' lang='grc' dir='ltr'>δεξιῶν,</span> <span class='ocrx_word' id='word_1_664' title='bbox 2628 4039 2888 4106; x_wconf 84' lang='grc' dir='ltr'>λογιεῖται</span> <span class='ocrx_word' id='word_1_665' title='bbox 2914 4035 2972 4088; x_wconf 84' lang='grc' dir='ltr'>δὲ</span> <span class='ocrx_word' id='word_1_666' title='bbox 2997 4033 3195 4103; x_wconf 82' lang='grc' dir='ltr'>μᾶλλον</span> <span class='ocrx_word' id='word_1_667' title='bbox 3226 4032 3420 4092; x_wconf 77' lang='grc' dir='ltr'>ἐκεῖνο,</span> <span class='ocrx_word' id='word_1_668' title='bbox 3450 4030 3544 4081; x_wconf 72' lang='grc' dir='ltr'><strong>καὶ</strong></span> <span class='ocrx_word' id='word_1_669' title='bbox 3573 4026 3688 4079; x_wconf 77' lang='grc' dir='ltr'>δια-ι</span> 
     </span>
    </p>
   </div>
   <div class='ocr_carea' id='block_1_89' title="bbox 2118 4117 3686 4200">
    <p class='ocr_par' dir='ltr' id='par_1_89' title="bbox 2118 4117 3686 4200">
     <span class='ocr_line' id='line_1_89' title="bbox 2118 4117 3686 4200; baseline -0.011 -15"><span class='ocrx_word' id='word_1_670' title='bbox 2118 4132 2395 4200; x_wconf 69' lang='grc' dir='ltr'>σκέψεται·</span> <span class='ocrx_word' id='word_1_671' title='bbox 2429 4130 2535 4184; x_wconf 82' lang='grc' dir='ltr'>ἔδει</span> <span class='ocrx_word' id='word_1_672' title='bbox 2566 4130 2672 4200; x_wconf 82' lang='grc' dir='ltr'>γὰρ</span> <span class='ocrx_word' id='word_1_673' title='bbox 2697 4129 2863 4191; x_wconf 76' lang='grc' dir='ltr'>ὅντως</span> <span class='ocrx_word' id='word_1_674' title='bbox 2895 4128 2959 4180; x_wconf 83' lang='grc' dir='ltr'><strong>ἐκ</strong></span> <span class='ocrx_word' id='word_1_675' title='bbox 2976 4124 3166 4190; x_wconf 80' lang='grc' dir='ltr'>δεξιῶν</span> <span class='ocrx_word' id='word_1_676' title='bbox 3188 4121 3444 4183; x_wconf 77' lang='grc' dir='ltr'>νοεῖσθαι,</span> <span class='ocrx_word' id='word_1_677' title='bbox 3470 4118 3567 4171; x_wconf 70' lang='grc' dir='ltr'><strong>καὶ</strong></span> <span class='ocrx_word' id='word_1_678' title='bbox 3596 4117 3686 4169; x_wconf 76' lang='grc' dir='ltr'><strong>τὸν</strong></span> 
     </span>
    </p>
   </div>
   <div class='ocr_carea' id='block_1_90' title="bbox 2114 4211 3686 4288">
    <p class='ocr_par' dir='ltr' id='par_1_90' title="bbox 2114 4211 3686 4288">
     <span class='ocr_line' id='line_1_90' title="bbox 2114 4211 3686 4288; baseline -0.01 -11"><span class='ocrx_word' id='word_1_679' title='bbox 2114 4225 2423 4277; x_wconf 84' lang='grc' dir='ltr'>ἀνύποπτον</span> <span class='ocrx_word' id='word_1_680' title='bbox 2480 4223 2558 4286; x_wconf 87' lang='grc' dir='ltr'><strong>είς</strong></span> <span class='ocrx_word' id='word_1_681' title='bbox 2617 4221 2911 4277; x_wconf 77' lang='grc' dir='ltr'>ἐλάττωσιν</span> <span class='ocrx_word' id='word_1_682' title='bbox 2954 4217 3099 4288; x_wconf 75' lang='grc' dir='ltr'>ἔχειν</span> <span class='ocrx_word' id='word_1_683' title='bbox 3145 4216 3329 4276; x_wconf 82' lang='grc' dir='ltr'>τόπον,</span> <span class='ocrx_word' id='word_1_684' title='bbox 3356 4213 3475 4285; x_wconf 78' lang='grc' dir='ltr'>οὐχὶ</span> <span class='ocrx_word' id='word_1_685' title='bbox 3512 4211 3686 4282; x_wconf 79' lang='grc' dir='ltr'>δήπου</span> 
     </span>
    </p>
   </div>
   <div class='ocr_carea' id='block_1_91' title="bbox 2114 4302 3685 4384">
    <p class='ocr_par' dir='ltr' id='par_1_91' title="bbox 2114 4302 3685 4384">
     <span class='ocr_line' id='line_1_91' title="bbox 2114 4302 3685 4384; baseline -0.011 -14"><span class='ocrx_word' id='word_1_686' title='bbox 2114 4316 2332 4376; x_wconf 84' lang='grc' dir='ltr'>πάντως</span> <span class='ocrx_word' id='word_1_687' title='bbox 2363 4314 2453 4368; x_wconf 80' lang='grc' dir='ltr'><strong>τὸν</strong></span> <span class='ocrx_word' id='word_1_688' title='bbox 2516 4314 2752 4384; x_wconf 81' lang='grc' dir='ltr'>Πατέρα,</span> <span class='ocrx_word' id='word_1_689' title='bbox 2784 4311 2986 4381; x_wconf 83' lang='grc' dir='ltr'>μᾶλλον</span> <span class='ocrx_word' id='word_1_690' title='bbox 3018 4309 3074 4362; x_wconf 85' lang='grc' dir='ltr'><strong>δὲ</strong></span> <span class='ocrx_word' id='word_1_691' title='bbox 3125 4308 3217 4360; x_wconf 84' lang='grc' dir='ltr'>τὸν</span> <span class='ocrx_word' id='word_1_692' title='bbox 3261 4307 3411 4365; x_wconf 79' lang='grc' dir='ltr'>Υίὸν,</span> <span class='ocrx_word' id='word_1_693' title='bbox 3471 4303 3559 4357; x_wconf 78' lang='grc' dir='ltr'>διὰ</span> <span class='ocrx_word' id='word_1_694' title='bbox 3586 4302 3685 4370; x_wconf 68' lang='grc' dir='ltr'>τὴν</span> 
     </span>
    </p>
   </div>
   <div class='ocr_carea' id='block_1_92' title="bbox 2114 4396 3684 4472">
    <p class='ocr_par' dir='ltr' id='par_1_92' title="bbox 2114 4396 3684 4472">
     <span class='ocr_line' id='line_1_92' title="bbox 2114 4396 3684 4472; baseline -0.011 -10"><span class='ocrx_word' id='word_1_695' title='bbox 2114 4407 2360 4468; x_wconf 79' lang='grc' dir='ltr'>ἑκούσιον</span> <span class='ocrx_word' id='word_1_696' title='bbox 2394 4406 2624 4459; x_wconf 84' lang='grc' dir='ltr'>κένωσιν</span> <span class='ocrx_word' id='word_1_697' title='bbox 2679 4404 2773 4457; x_wconf 73' lang='grc' dir='ltr'><strong>καὶ</strong></span> <span class='ocrx_word' id='word_1_698' title='bbox 2825 4402 3137 4472; x_wconf 78' lang='grc' dir='ltr'>ὑποταγὴν,</span> <span class='ocrx_word' id='word_1_699' title='bbox 3192 4400 3266 4463; x_wconf 84' lang='grc' dir='ltr'>ὡς</span> <span class='ocrx_word' id='word_1_700' title='bbox 3320 4397 3406 4450; x_wconf 68' lang='grc' dir='ltr'><strong>ὲπῗ</strong></span> <span class='ocrx_word' id='word_1_701' title='bbox 3439 4396 3684 4449; x_wconf 78' lang='grc' dir='ltr'>ἐλάττοσι</span> 
     </span>
    </p>
   </div>
   <div class='ocr_carea' id='block_1_93' title="bbox 2115 4484 3683 4568">
    <p class='ocr_par' dir='ltr' id='par_1_93' title="bbox 2115 4484 3683 4568">
     <span class='ocr_line' id='line_1_93' title="bbox 2115 4484 3683 4568; baseline -0.013 -17"><span class='ocrx_word' id='word_1_702' title='bbox 2115 4496 2595 4568; x_wconf 84' lang='grc' dir='ltr'>κατηγορούμενον</span> <span class='ocrx_word' id='word_1_703' title='bbox 2624 4492 2776 4563; x_wconf 80' lang='grc' dir='ltr'><strong>παρά</strong></span> <span class='ocrx_word' id='word_1_704' title='bbox 2805 4491 2914 4543; x_wconf 87' lang='grc' dir='ltr'><strong>τῶν</strong></span> <span class='ocrx_word' id='word_1_705' title='bbox 2973 4490 3212 4544; x_wconf 81' lang='grc' dir='ltr'>συνιέναι</span> <span class='ocrx_word' id='word_1_706' title='bbox 3266 4486 3341 4559; x_wconf 84' lang='grc' dir='ltr'>μὴ</span> <span class='ocrx_word' id='word_1_707' title='bbox 3370 4484 3683 4554; x_wconf 84' lang='grc' dir='ltr'>δυναμένων</span> 
     </span>
    </p>
   </div>
   <div class='ocr_carea' id='block_1_94' title="bbox 433 4574 3682 4664">
    <p class='ocr_par' dir='ltr' id='par_1_94' title="bbox 433 4574 3682 4664">
     <span class='ocr_line' id='line_1_94' title="bbox 433 4574 3682 4664; baseline 0 -35"><span class='ocrx_word' id='word_1_708' title='bbox 433 4578 498 4629; x_wconf 79' lang='grc' dir='ltr'>τὸ</span> <span class='ocrx_word' id='word_1_709' title='bbox 527 4580 781 4653; x_wconf 65' lang='grc' dir='ltr'>ὲπάὂτῷ</span> <span class='ocrx_word' id='word_1_710' title='bbox 813 4586 1130 4656; x_wconf 86' lang='grc' dir='ltr'>μυστήριον.</span> <span class='ocrx_word' id='word_1_711' title='bbox 1154 4586 1251 4641; x_wconf 76' lang='grc' dir='ltr'><strong>Διὰ</strong></span> <span class='ocrx_word' id='word_1_712' title='bbox 1278 4586 1433 4642; x_wconf 70' lang='grc' dir='ltr'>τοῦτο</span> <span class='ocrx_word' id='word_1_713' title='bbox 1496 4592 1561 4645; x_wconf 86' lang='grc' dir='ltr'>ἐκ</span> <span class='ocrx_word' id='word_1_714' title='bbox 1624 4590 1811 4656; x_wconf 76' lang='grc' dir='ltr'>δεξιῶν</span> <span class='ocrx_word' id='word_1_715' title='bbox 1848 4592 1939 4646; x_wconf 73' lang='grc' dir='ltr'>τοῦ</span> <span class='ocrx_word' id='word_1_716' title='bbox 2005 4591 2314 4664; x_wconf 79' lang='grc' dir='ltr'>μηδαμόθεν</span> <span class='ocrx_word' id='word_1_717' title='bbox 2373 4586 2796 4658; x_wconf 81' lang='grc' dir='ltr'>κατηγορεῖσθαι</span> <span class='ocrx_word' id='word_1_718' title='bbox 2843 4574 3139 4654; x_wconf 74' lang='grc' dir='ltr'>δύναμένου</span> <span class='ocrx_word' id='word_1_719' title='bbox 3176 4580 3444 4651; x_wconf 78' lang='grc' dir='ltr'>-Πατρδς,</span> <span class='ocrx_word' id='word_1_720' title='bbox 3499 4578 3584 4630; x_wconf 84' lang='grc' dir='ltr'>ἵνα</span> <span class='ocrx_word' id='word_1_721' title='bbox 3618 4574 3682 4626; x_wconf 73' lang='grc' dir='ltr'><strong>τὸ</strong></span> 
     </span>
    </p>
   </div>
   <div class='ocr_carea' id='block_1_95' title="bbox 436 4671 1224 4747">
    <p class='ocr_par' dir='ltr' id='par_1_95' title="bbox 436 4671 1224 4747">
     <span class='ocr_line' id='line_1_95' title="bbox 436 4671 1224 4747; baseline 0.006 -22"><span class='ocrx_word' id='word_1_722' title='bbox 436 4671 944 4745; x_wconf 66' lang='grc' dir='ltr'>ίσὸτιμονιτώζηται</span> <span class='ocrx_word' id='word_1_723' title='bbox 981 4675 1062 4746; x_wconf 80' lang='grc' dir='ltr'>τῷ</span> <span class='ocrx_word' id='word_1_724' title='bbox 1092 4676 1224 4747; x_wconf 82' lang='grc' dir='ltr'><strong>Υίῷ.</strong></span> 
     </span>
    </p>
   </div>
   <div class='ocr_carea' id='block_1_96' title="bbox 507 4757 2019 4834">
    <p class='ocr_par' dir='ltr' id='par_1_96' title="bbox 507 4763 2000 4834">
     <span class='ocr_line' id='line_1_96' title="bbox 507 4763 2000 4834; baseline 0.007 -20"><span class='ocrx_word' id='word_1_725' title='bbox 507 4763 685 4831; x_wconf 79' lang='lat' dir='ltr'><strong>Atque</strong></span> <span class='ocrx_word' id='word_1_726' title='bbox 739 4764 852 4819; x_wconf 73' lang='lat' dir='ltr'><strong>haec</strong></span> <span class='ocrx_word' id='word_1_727' title='bbox 898 4766 1117 4834; x_wconf 83' lang='lat' dir='ltr'><strong>quidem</strong></span> <span class='ocrx_word' id='word_1_728' title='bbox 1187 4778 1316 4822; x_wconf 83' lang='lat' dir='ltr'><strong>sunt</strong></span> <span class='ocrx_word' id='word_1_729' title='bbox 1361 4783 1390 4823; x_wconf 90' lang='lat' dir='ltr'><strong>a</strong></span> <span class='ocrx_word' id='word_1_730' title='bbox 1460 4771 1621 4825; x_wconf 87' lang='lat' dir='ltr'><strong>nobis</strong></span> <span class='ocrx_word' id='word_1_731' title='bbox 1686 4773 1890 4827; x_wconf 84' lang='lat' dir='ltr'><strong>utiliter</strong></span> <span class='ocrx_word' id='word_1_732' title='bbox 1946 4772 2000 4825; x_wconf 90' lang='lat' dir='ltr'><strong>in</strong></span> 
     </span>
    </p>
   </div>
   <div class='ocr_carea' id='block_1_97' title="bbox 2122 4757 3678 4834">
    <p class='ocr_par' dir='ltr' id='par_1_97' title="bbox 2178 4757 3678 4831">
     <span class='ocr_line' id='line_1_97' title="bbox 2178 4757 3678 4831; baseline -0.009 -13"><span class='ocrx_word' id='word_1_733' title='bbox 2178 4765 2286 4818; x_wconf 75' lang='grc' dir='ltr'>Καὶ</span> <span class='ocrx_word' id='word_1_734' title='bbox 2323 4761 2480 4815; x_wconf 75' lang='grc' dir='ltr'>ταυτὶ</span> <span class='ocrx_word' id='word_1_735' title='bbox 2515 4760 2614 4831; x_wconf 81' lang='grc' dir='ltr'><strong>μὲν</strong></span> <span class='ocrx_word' id='word_1_736' title='bbox 2664 4761 2795 4830; x_wconf 76' lang='grc' dir='ltr'>ἡμῖν</span> <span class='ocrx_word' id='word_1_737' title='bbox 2852 4758 3201 4829; x_wconf 79' lang='grc' dir='ltr'>είσεκομίσθη</span> <span class='ocrx_word' id='word_1_738' title='bbox 3244 4757 3312 4810; x_wconf 77' lang='grc' dir='ltr'>τὰ</span> <span class='ocrx_word' id='word_1_739' title='bbox 3363 4758 3678 4830; x_wconf 67' lang='grc' dir='ltr'>διηγήματα</span> 
     </span>
    </p>
   </div>
   <div class='ocr_carea' id='block_1_98' title="bbox 436 4850 2007 4931">
    <p class='ocr_par' dir='ltr' id='par_1_98' title="bbox 436 4850 2007 4931">
     <span class='ocr_line' id='line_1_98' title="bbox 436 4850 2007 4931; baseline 0.008 -27"><span class='ocrx_word' id='word_1_740' title='bbox 436 4868 679 4921; x_wconf 64' lang='lat' dir='ltr'><strong>praesens</strong></span> <span class='ocrx_word' id='word_1_741' title='bbox 726 4850 996 4925; x_wconf 72' lang='lat' dir='ltr'><strong>exposita,</strong></span> <span class='ocrx_word' id='word_1_742' title='bbox 1023 4873 1145 4927; x_wconf 80' lang='lat' dir='ltr'><strong>qua:</strong></span> <span class='ocrx_word' id='word_1_743' title='bbox 1183 4860 1249 4913; x_wconf 91' lang='lat' dir='ltr'><strong>ad</strong></span> <span class='ocrx_word' id='word_1_744' title='bbox 1310 4874 1423 4914; x_wconf 81' lang='lat' dir='ltr'><strong>rem</strong></span> <span class='ocrx_word' id='word_1_745' title='bbox 1472 4862 1809 4931; x_wconf 77' lang='lat' dir='ltr'><strong>propositam</strong></span> <span class='ocrx_word' id='word_1_746' title='bbox 1869 4877 2007 4916; x_wconf 91' lang='lat' dir='ltr'><strong>con-</strong></span> 
     </span>
    </p>
   </div>
   <div class='ocr_carea' id='block_1_99' title="bbox 436 4945 2008 5022">
    <p class='ocr_par' dir='ltr' id='par_1_99' title="bbox 436 4945 2008 5022">
     <span class='ocr_line' id='line_1_99' title="bbox 436 4945 2008 5022; baseline 0.006 -23"><span class='ocrx_word' id='word_1_747' title='bbox 436 4945 667 5001; x_wconf 80' lang='lat' dir='ltr'><strong>ducunt.</strong></span> <span class='ocrx_word' id='word_1_748' title='bbox 728 4946 835 5003; x_wconf 88' lang='lat' dir='ltr'><strong>Sed</strong></span> <span class='ocrx_word' id='word_1_749' title='bbox 908 4948 1088 5003; x_wconf 88' lang='lat' dir='ltr'><strong>dequ</strong></span> <span class='ocrx_word' id='word_1_750' title='bbox 1146 4959 1423 5020; x_wconf 88' lang='lat' dir='ltr'><strong>repetens,</strong></span> <span class='ocrx_word' id='word_1_751' title='bbox 1472 4962 1654 5022; x_wconf 86' lang='lat' dir='ltr'><strong>atque,</strong></span> <span class='ocrx_word' id='word_1_752' title='bbox 1706 4961 1765 5006; x_wconf 89' lang='lat' dir='ltr'><strong>ut</strong></span> <span class='ocrx_word' id='word_1_753' title='bbox 1843 4955 2008 5008; x_wconf 76' lang='lat' dir='ltr'><strong>verbo</strong></span> 
     </span>
    </p>
   </div>
   <div class='ocr_carea' id='block_1_100' title="bbox 432 5037 2006 5113">
    <p class='ocr_par' dir='ltr' id='par_1_100' title="bbox 432 5037 2006 5113">
     <span class='ocr_line' id='line_1_100' title="bbox 432 5037 2006 5113; baseline 0.005 -24"><span class='ocrx_word' id='word_1_754' title='bbox 432 5037 637 5103; x_wconf 81' lang='lat' dir='ltr'><strong>dicam,</strong></span> <span class='ocrx_word' id='word_1_755' title='bbox 665 5048 836 5094; x_wconf 91' lang='lat' dir='ltr'><strong>totum</strong></span> <span class='ocrx_word' id='word_1_756' title='bbox 864 5038 937 5102; x_wconf 75' lang='lat' dir='ltr'><strong>ab</strong></span> <span class='ocrx_word' id='word_1_757' title='bbox 982 5040 1141 5094; x_wconf 85' lang='lat' dir='ltr'><strong>initio</strong></span> <span class='ocrx_word' id='word_1_758' title='bbox 1187 5043 1524 5106; x_wconf 84' lang='lat' dir='ltr'><strong>narrationis</strong></span> <span class='ocrx_word' id='word_1_759' title='bbox 1560 5059 1785 5113; x_wconf 89' lang='lat' dir='ltr'><strong>scopum</strong></span> <span class='ocrx_word' id='word_1_760' title='bbox 1831 5046 2006 5098; x_wconf 84' lang='lat' dir='ltr'><strong>revol-</strong></span> 
     </span>
    </p>
   </div>
   <div class='ocr_carea' id='block_1_101' title="bbox 438 5131 2008 5204">
    <p class='ocr_par' dir='ltr' id='par_1_101' title="bbox 438 5131 2008 5204">
     <span class='ocr_line' id='line_1_101' title="bbox 438 5131 2008 5204; baseline 0.007 -26"><span class='ocrx_word' id='word_1_761' title='bbox 438 5145 594 5195; x_wconf 79' lang='lat' dir='ltr'><strong>vens,</strong></span> <span class='ocrx_word' id='word_1_762' title='bbox 645 5131 822 5187; x_wconf 87' lang='lat' dir='ltr'><strong>dicam</strong></span> <span class='ocrx_word' id='word_1_763' title='bbox 875 5132 1120 5197; x_wconf 85' lang='lat' dir='ltr'><strong>tandem,</strong></span> <span class='ocrx_word' id='word_1_764' title='bbox 1165 5142 1378 5204; x_wconf 77' lang='lat' dir='ltr'><strong>gratum</strong></span> <span class='ocrx_word' id='word_1_765' title='bbox 1444 5135 1603 5190; x_wconf 87' lang='lat' dir='ltr'><strong>nobis</strong></span> <span class='ocrx_word' id='word_1_766' title='bbox 1657 5143 1712 5190; x_wconf 91' lang='lat' dir='ltr'><strong>et</strong></span> <span class='ocrx_word' id='word_1_767' title='bbox 1767 5136 2008 5204; x_wconf 81' lang='lat' dir='ltr'><strong>Optabile</strong></span> 
     </span>
    </p>
   </div>
   <div class='ocr_carea' id='block_1_102' title="bbox 429 5220 2002 5297">
    <p class='ocr_par' dir='ltr' id='par_1_102' title="bbox 429 5220 2002 5297">
     <span class='ocr_line' id='line_1_102' title="bbox 429 5220 2002 5297; baseline 0.004 -24"><span class='ocrx_word' id='word_1_768' title='bbox 429 5235 558 5275; x_wconf 80' lang='lat' dir='ltr'><strong>esse</strong></span> <span class='ocrx_word' id='word_1_769' title='bbox 587 5235 712 5275; x_wconf 91' lang='lat' dir='ltr'><strong>cum</strong></span> <span class='ocrx_word' id='word_1_770' title='bbox 743 5220 1034 5279; x_wconf 60' lang='lat' dir='ltr'><strong>bervatorc</strong></span> <span class='ocrx_word' id='word_1_771' title='bbox 1063 5222 1286 5279; x_wconf 82' lang='lat' dir='ltr'><strong>Christo</strong></span> <span class='ocrx_word' id='word_1_772' title='bbox 1308 5226 1512 5279; x_wconf 84' lang='lat' dir='ltr'><strong>versari</strong></span> <span class='ocrx_word' id='word_1_773' title='bbox 1548 5242 1782 5297; x_wconf 89' lang='lat' dir='ltr'><strong>semper.</strong></span> <span class='ocrx_word' id='word_1_774' title='bbox 1810 5242 2002 5296; x_wconf 90' lang='lat' dir='ltr'><strong>qnam-</strong></span> 
     </span>
    </p>
   </div>
   <div class='ocr_carea' id='block_1_103' title="bbox 435 5310 2000 5387">
    <p class='ocr_par' dir='ltr' id='par_1_103' title="bbox 435 5310 2000 5387">
     <span class='ocr_line' id='line_1_103' title="bbox 435 5310 2000 5387; baseline 0.004 -22"><span class='ocrx_word' id='word_1_775' title='bbox 435 5310 518 5365; x_wconf 77' lang='lat' dir='ltr'><strong>vis</strong></span> <span class='ocrx_word' id='word_1_776' title='bbox 546 5322 769 5381; x_wconf 86' lang='lat' dir='ltr'><strong>propter</strong></span> <span class='ocrx_word' id='word_1_777' title='bbox 806 5330 910 5370; x_wconf 79' lang='lat' dir='ltr'><strong>nos</strong></span> <span class='ocrx_word' id='word_1_778' title='bbox 957 5316 1199 5386; x_wconf 85' lang='lat' dir='ltr'><strong>scipsum</strong></span> <span class='ocrx_word' id='word_1_779' title='bbox 1254 5318 1602 5381; x_wconf 61' lang='lat' dir='ltr'><strong>cxinauierit,</strong></span> <span class='ocrx_word' id='word_1_780' title='bbox 1639 5327 1700 5371; x_wconf 90' lang='lat' dir='ltr'><strong>ut</strong></span> <span class='ocrx_word' id='word_1_781' title='bbox 1736 5318 2000 5387; x_wconf 89' lang='lat' dir='ltr'><strong>scriptum</strong></span> 
     </span>
    </p>
   </div>
   <div class='ocr_carea' id='block_1_104' title="bbox 432 5401 2001 5477">
    <p class='ocr_par' dir='ltr' id='par_1_104' title="bbox 432 5401 2001 5477">
     <span class='ocr_line' id='line_1_104' title="bbox 432 5401 2001 5477; baseline 0.008 -28"><span class='ocrx_word' id='word_1_782' title='bbox 432 5407 518 5453; x_wconf 78' lang='lat' dir='ltr'><strong>est</strong></span> <span class='ocrx_word' id='word_1_783' title='bbox 547 5401 615 5463; x_wconf 86' lang='lat'><strong>&quot;,</strong></span> <span class='ocrx_word' id='word_1_784' title='bbox 639 5412 687 5456; x_wconf 91' lang='lat' dir='ltr'><strong>et</strong></span> <span class='ocrx_word' id='word_1_785' title='bbox 719 5402 772 5455; x_wconf 92' lang='lat' dir='ltr'><strong>iu</strong></span> <span class='ocrx_word' id='word_1_786' title='bbox 804 5403 979 5458; x_wconf 76' lang='lat' dir='ltr'><strong>forum</strong></span> <span class='ocrx_word' id='word_1_787' title='bbox 1013 5406 1158 5462; x_wconf 88' lang='lat' dir='ltr'><strong>servi</strong></span> <span class='ocrx_word' id='word_1_788' title='bbox 1194 5404 1377 5472; x_wconf 81' lang='lat' dir='ltr'><strong>fuerit,</strong></span> <span class='ocrx_word' id='word_1_789' title='bbox 1399 5415 1455 5461; x_wconf 89' lang='lat' dir='ltr'><strong>et</strong></span> <span class='ocrx_word' id='word_1_790' title='bbox 1477 5407 1528 5461; x_wconf 89' lang='lat' dir='ltr'><strong>in</strong></span> <span class='ocrx_word' id='word_1_791' title='bbox 1569 5410 1819 5463; x_wconf 70' lang='lat' dir='ltr'><strong>humana&#39;</strong></span> <span class='ocrx_word' id='word_1_792' title='bbox 1851 5409 2001 5477; x_wconf 80' lang='lat' dir='ltr'><strong>igno—</strong></span> 
     </span>
    </p>
   </div>
   <div class='ocr_carea' id='block_1_105' title="bbox 432 5490 2001 5562">
    <p class='ocr_par' dir='ltr' id='par_1_105' title="bbox 432 5490 2001 5562">
     <span class='ocr_line' id='line_1_105' title="bbox 432 5490 2001 5562; baseline 0.006 -20"><span class='ocrx_word' id='word_1_793' title='bbox 432 5490 642 5545; x_wconf 76' lang='lat' dir='ltr'><strong>hilitate</strong></span> <span class='ocrx_word' id='word_1_794' title='bbox 671 5500 896 5549; x_wconf 54' lang='lat' dir='ltr'><strong>natura».</strong></span> <span class='ocrx_word' id='word_1_795' title='bbox 922 5495 1058 5562; x_wconf 82' lang='lat' dir='ltr'><strong>Quid</strong></span> <span class='ocrx_word' id='word_1_796' title='bbox 1095 5497 1239 5550; x_wconf 88' lang='lat' dir='ltr'><strong>enim</strong></span> <span class='ocrx_word' id='word_1_797' title='bbox 1267 5506 1349 5551; x_wconf 87' lang='lat' dir='ltr'><strong>est</strong></span> <span class='ocrx_word' id='word_1_798' title='bbox 1381 5506 1575 5552; x_wconf 81' lang='lat' dir='ltr'><strong>natura</strong></span> <span class='ocrx_word' id='word_1_799' title='bbox 1614 5500 1853 5553; x_wconf 84' lang='lat' dir='ltr'><strong>hominis</strong></span> <span class='ocrx_word' id='word_1_800' title='bbox 1878 5509 2001 5551; x_wconf 89' lang='lat' dir='ltr'><strong>cum</strong></span> 
     </span>
    </p>
   </div>
   <div class='ocr_carea' id='block_1_106' title="bbox 433 5586 2000 5660">
    <p class='ocr_par' dir='ltr' id='par_1_106' title="bbox 433 5586 2000 5660">
     <span class='ocr_line' id='line_1_106' title="bbox 433 5586 2000 5660; baseline 0.006 -27"><span class='ocrx_word' id='word_1_801' title='bbox 433 5586 543 5649; x_wconf 69' lang='lat' dir='ltr'><strong>pen</strong></span> <span class='ocrx_word' id='word_1_802' title='bbox 576 5587 930 5654; x_wconf 79' lang='lat' dir='ltr'><strong>comparata?</strong></span> <span class='ocrx_word' id='word_1_803' title='bbox 955 5588 1117 5658; x_wconf 76' lang='lat' dir='ltr'><strong>Atqui</strong></span> <span class='ocrx_word' id='word_1_804' title='bbox 1171 5604 1277 5643; x_wconf 88' lang='lat' dir='ltr'><strong>non</strong></span> <span class='ocrx_word' id='word_1_805' title='bbox 1309 5600 1390 5644; x_wconf 74' lang='lat' dir='ltr'><strong>est</strong></span> <span class='ocrx_word' id='word_1_806' title='bbox 1442 5591 1492 5644; x_wconf 93' lang='lat' dir='ltr'><strong>id</strong></span> <span class='ocrx_word' id='word_1_807' title='bbox 1530 5590 1632 5660; x_wconf 82' lang='lat' dir='ltr'><strong>ipsi</strong></span> <span class='ocrx_word' id='word_1_808' title='bbox 1672 5589 1809 5645; x_wconf 85' lang='lat' dir='ltr'><strong>Filio</strong></span> <span class='ocrx_word' id='word_1_809' title='bbox 1849 5591 2000 5650; x_wconf 77' lang='lat' dir='ltr'><strong>utile.</strong></span> 
     </span>
    </p>
   </div>
   <div class='ocr_carea' id='block_1_107' title="bbox 502 5698 1902 5810">
    <p class='ocr_par' dir='ltr' id='par_1_107' title="bbox 502 5698 1902 5810">
     <span class='ocr_line' id='line_1_107' title="bbox 502 5698 1902 5810; baseline 0.017 -60"><span class='ocrx_word' id='word_1_810' title='bbox 502 5698 573 5810; x_wconf 60' lang='lat'><strong>“7</strong></span> <span class='ocrx_word' id='word_1_811' title='bbox 592 5698 778 5769; x_wconf 67' lang='lat' dir='ltr'><strong>Matth.</strong></span> <span class='ocrx_word' id='word_1_812' title='bbox 823 5717 1016 5775; x_wconf 55' lang='lat' dir='ltr'><strong>ut”,</strong></span> <span class='ocrx_word' id='word_1_813' title='bbox 1058 5704 1143 5758; x_wconf 65' lang='grc'><strong>40.</strong></span> <span class='ocrx_word' id='word_1_814' title='bbox 1260 5704 1305 5736; x_wconf 83' lang='grc'>⁸⁸</span> <span class='ocrx_word' id='word_1_815' title='bbox 1346 5704 1491 5760; x_wconf 75' lang='lat' dir='ltr'><strong>l&#39;sul.</strong></span> <span class='ocrx_word' id='word_1_816' title='bbox 1536 5721 1706 5772; x_wconf 53' lang='lat' dir='ltr'><strong>xx”):</strong></span> <span class='ocrx_word' id='word_1_817' title='bbox 1747 5705 1902 5779; x_wconf 47' lang='lat'><strong>718‘-</strong></span> 
     </span>
    </p>
   </div>
   <div class='ocr_carea' id='block_1_108' title="bbox 433 5782 598 5841">
    <p class='ocr_par' dir='ltr' id='par_1_108' title="bbox 433 5782 598 5841">
     <span class='ocr_line' id='line_1_108' title="bbox 433 5782 598 5841; baseline 0.018 -23"><span class='ocrx_word' id='word_1_818' title='bbox 433 5782 509 5841; x_wconf 53' lang='grc' dir='ltr'>δι,</span> <span class='ocrx_word' id='word_1_819' title='bbox 554 5782 598 5821; x_wconf 72' lang='grc' dir='ltr'>ι.</span> 
     </span>
    </p>
   </div>
   <div class='ocr_carea' id='block_1_109' title="bbox 2015 5699 2563 5770">
    <p class='ocr_par' dir='ltr' id='par_1_109' title="bbox 2015 5699 2563 5770">
     <span class='ocr_line' id='line_1_109' title="bbox 2015 5699 2563 5770; baseline -0.013 -14"><span class='ocrx_word' id='word_1_820' title='bbox 2015 5706 2057 5735; x_wconf 84' lang='grc'><strong>⁵⁷</strong></span> <span class='ocrx_word' id='word_1_821' title='bbox 2101 5699 2301 5770; x_wconf 73' lang='grc' dir='ltr'>Ερίιεδ.</span> <span class='ocrx_word' id='word_1_822' title='bbox 2341 5716 2435 5762; x_wconf 88' lang='grc' dir='ltr'>ιιι,</span> <span class='ocrx_word' id='word_1_823' title='bbox 2479 5699 2563 5769; x_wconf 64' lang='grc' dir='ltr'><strong>υ).</strong></span> 
     </span>
    </p>
   </div>
   <div class='ocr_carea' id='block_1_110' title="bbox 2104 4849 3676 4929">
    <p class='ocr_par' dir='ltr' id='par_1_110' title="bbox 2104 4849 3676 4929">
     <span class='ocr_line' id='line_1_110' title="bbox 2104 4849 3676 4929; baseline -0.005 -18"><span class='ocrx_word' id='word_1_824' title='bbox 2104 4857 2388 4929; x_wconf 67' lang='grc' dir='ltr'>χρησίμως</span> <span class='ocrx_word' id='word_1_825' title='bbox 2422 4855 2501 4916; x_wconf 76' lang='grc' dir='ltr'><strong>είς</strong></span> <span class='ocrx_word' id='word_1_826' title='bbox 2526 4853 2586 4906; x_wconf 82' lang='grc' dir='ltr'>τὸ</span> <span class='ocrx_word' id='word_1_827' title='bbox 2612 4853 2805 4923; x_wconf 79' lang='grc' dir='ltr'>παρὸν,</span> <span class='ocrx_word' id='word_1_828' title='bbox 2831 4852 2929 4904; x_wconf 79' lang='grc' dir='ltr'><strong>οὐκ</strong></span> <span class='ocrx_word' id='word_1_829' title='bbox 2950 4849 3217 4919; x_wconf 80' lang='grc' dir='ltr'>ἀσυντελῆ</span> <span class='ocrx_word' id='word_1_830' title='bbox 3240 4853 3353 4913; x_wconf 82' lang='grc' dir='ltr'>τοῖς</span> <span class='ocrx_word' id='word_1_831' title='bbox 3386 4851 3676 4920; x_wconf 84' lang='grc' dir='ltr'>προκειμέ-</span> 
     </span>
    </p>
   </div>
   <div class='ocr_carea' id='block_1_111' title="bbox 2103 4940 3672 5017">
    <p class='ocr_par' dir='ltr' id='par_1_111' title="bbox 2103 4940 3672 5017">
     <span class='ocr_line' id='line_1_111' title="bbox 2103 4940 3672 5017; baseline -0.007 -15"><span class='ocrx_word' id='word_1_832' title='bbox 2103 4967 2215 5012; x_wconf 88' lang='grc' dir='ltr'>νοις</span> <span class='ocrx_word' id='word_1_833' title='bbox 2241 4948 2432 5017; x_wconf 75' lang='grc' dir='ltr'>ἔχοντα</span> <span class='ocrx_word' id='word_1_834' title='bbox 2490 4944 2583 4998; x_wconf 77' lang='grc' dir='ltr'><strong>τὸν</strong></span> <span class='ocrx_word' id='word_1_835' title='bbox 2627 4944 2806 5012; x_wconf 82' lang='grc' dir='ltr'>λόγον.</span> <span class='ocrx_word' id='word_1_836' title='bbox 2851 4941 3162 4995; x_wconf 79' lang='grc' dir='ltr'>Ἀναλαόὼν</span> <span class='ocrx_word' id='word_1_837' title='bbox 3205 4941 3261 4994; x_wconf 83' lang='grc' dir='ltr'>δὲ</span> <span class='ocrx_word' id='word_1_838' title='bbox 3298 4940 3541 5005; x_wconf 72' lang='grc' dir='ltr'>ἐσαῦθις,</span> <span class='ocrx_word' id='word_1_839' title='bbox 3580 4942 3672 4996; x_wconf 63' lang='grc' dir='ltr'>καὶ</span> 
     </span>
    </p>
   </div>
   <div class='ocr_carea' id='block_1_112' title="bbox 2103 5033 3671 5105">
    <p class='ocr_par' dir='ltr' id='par_1_112' title="bbox 2103 5033 3671 5105">
     <span class='ocr_line' id='line_1_112' title="bbox 2103 5033 3671 5105; baseline -0.006 -11"><span class='ocrx_word' id='word_1_840' title='bbox 2103 5040 2243 5102; x_wconf 78' lang='grc' dir='ltr'>ὅλον,</span> <span class='ocrx_word' id='word_1_841' title='bbox 2271 5039 2347 5102; x_wconf 84' lang='grc' dir='ltr'>ὡς</span> <span class='ocrx_word' id='word_1_842' title='bbox 2375 5037 2503 5099; x_wconf 76' lang='grc' dir='ltr'>ἔπος</span> <span class='ocrx_word' id='word_1_843' title='bbox 2528 5037 2718 5096; x_wconf 74' lang='grc' dir='ltr'>εἰπεῖν,</span> <span class='ocrx_word' id='word_1_844' title='bbox 2747 5034 2807 5099; x_wconf 72' lang='grc' dir='ltr'><strong>ἐξ</strong></span> <span class='ocrx_word' id='word_1_845' title='bbox 2856 5034 3031 5105; x_wconf 79' lang='grc' dir='ltr'>ἀρχῆς</span> <span class='ocrx_word' id='word_1_846' title='bbox 3057 5033 3552 5104; x_wconf 82' lang='grc' dir='ltr'>ἁναμηρυσάμενος</span> <span class='ocrx_word' id='word_1_847' title='bbox 3577 5034 3671 5102; x_wconf 77' lang='grc' dir='ltr'>τῆς</span> 
     </span>
    </p>
   </div>
   <div class='ocr_carea' id='block_1_113' title="bbox 2104 5118 3674 5201">
    <p class='ocr_par' dir='ltr' id='par_1_113' title="bbox 2104 5118 3674 5201">
     <span class='ocr_line' id='line_1_113' title="bbox 2104 5118 3674 5201; baseline -0.003 -19"><span class='ocrx_word' id='word_1_848' title='bbox 2104 5129 2416 5201; x_wconf 76' lang='grc' dir='ltr'>ἐξηγήσεως</span> <span class='ocrx_word' id='word_1_849' title='bbox 2443 5129 2531 5179; x_wconf 71' lang='grc' dir='ltr'><strong>τὸν</strong></span> <span class='ocrx_word' id='word_1_850' title='bbox 2567 5127 2788 5189; x_wconf 82' lang='grc' dir='ltr'>σκοπὸν,</span> <span class='ocrx_word' id='word_1_851' title='bbox 2825 5125 2935 5193; x_wconf 80' lang='grc' dir='ltr'><strong>ἐρῶ</strong></span> <span class='ocrx_word' id='word_1_852' title='bbox 2971 5124 3034 5194; x_wconf 82' lang='grc' dir='ltr'>δὴ</span> <span class='ocrx_word' id='word_1_853' title='bbox 3067 5118 3276 5187; x_wconf 61' lang='grc' dir='ltr'>λοιπὸν,</span> <span class='ocrx_word' id='word_1_854' title='bbox 3331 5122 3406 5186; x_wconf 81' lang='grc' dir='ltr'><strong>ὡς</strong></span> <span class='ocrx_word' id='word_1_855' title='bbox 3447 5122 3544 5193; x_wconf 68' lang='grc' dir='ltr'>ἡδὺ</span> <span class='ocrx_word' id='word_1_856' title='bbox 3573 5123 3674 5193; x_wconf 63' lang='grc' dir='ltr'>μὶν</span> 
     </span>
    </p>
   </div>
   <div class='ocr_carea' id='block_1_114' title="bbox 2102 5212 3671 5288">
    <p class='ocr_par' dir='ltr' id='par_1_114' title="bbox 2102 5212 3671 5288">
     <span class='ocr_line' id='line_1_114' title="bbox 2102 5212 3671 5288; baseline -0.003 -19"><span class='ocrx_word' id='word_1_857' title='bbox 2102 5219 2256 5288; x_wconf 70' lang='grc' dir='ltr'>ἡμῖν,</span> <span class='ocrx_word' id='word_1_858' title='bbox 2295 5216 2389 5268; x_wconf 68' lang='grc' dir='ltr'><strong>καὶ</strong></span> <span class='ocrx_word' id='word_1_859' title='bbox 2416 5215 2483 5267; x_wconf 79' lang='grc' dir='ltr'>δι’</span> <span class='ocrx_word' id='word_1_860' title='bbox 2511 5215 2693 5285; x_wconf 73' lang='grc' dir='ltr'>εὐχῆς,</span> <span class='ocrx_word' id='word_1_861' title='bbox 2737 5214 2832 5266; x_wconf 80' lang='grc' dir='ltr'><strong>καί</strong></span> <span class='ocrx_word' id='word_1_862' title='bbox 2878 5212 3029 5282; x_wconf 85' lang='grc' dir='ltr'>φίλον</span> <span class='ocrx_word' id='word_1_863' title='bbox 3062 5212 3123 5264; x_wconf 84' lang='grc' dir='ltr'>τὸ</span> <span class='ocrx_word' id='word_1_864' title='bbox 3158 5215 3396 5265; x_wconf 86' lang='grc' dir='ltr'>συνεῖναι</span> <span class='ocrx_word' id='word_1_865' title='bbox 3426 5212 3516 5266; x_wconf 88' lang='grc' dir='ltr'><strong>διά</strong></span> <span class='ocrx_word' id='word_1_866' title='bbox 3537 5230 3671 5266; x_wconf 78' lang='grc' dir='ltr'>παν-</span> 
     </span>
    </p>
   </div>
   <div class='ocr_carea' id='block_1_115' title="bbox 2101 5305 3673 5380">
    <p class='ocr_par' dir='ltr' id='par_1_115' title="bbox 2101 5305 3673 5380">
     <span class='ocr_line' id='line_1_115' title="bbox 2101 5305 3673 5380; baseline -0.001 -18"><span class='ocrx_word' id='word_1_867' title='bbox 2101 5312 2192 5372; x_wconf 76' lang='grc' dir='ltr'><strong>τὸς</strong></span> <span class='ocrx_word' id='word_1_868' title='bbox 2217 5309 2294 5379; x_wconf 78' lang='grc' dir='ltr'>τῷ</span> <span class='ocrx_word' id='word_1_869' title='bbox 2333 5312 2548 5380; x_wconf 68' lang='grc' dir='ltr'>Σωτῆρι</span> <span class='ocrx_word' id='word_1_870' title='bbox 2576 5307 2816 5379; x_wconf 82' lang='grc' dir='ltr'>Χριστῷ,</span> <span class='ocrx_word' id='word_1_871' title='bbox 2851 5307 3028 5359; x_wconf 78' lang='grc' dir='ltr'>καίτοι</span> <span class='ocrx_word' id='word_1_872' title='bbox 3058 5305 3126 5359; x_wconf 91' lang='grc' dir='ltr'>δι’</span> <span class='ocrx_word' id='word_1_873' title='bbox 3165 5306 3314 5377; x_wconf 80' lang='grc' dir='ltr'>ἡμᾶς</span> <span class='ocrx_word' id='word_1_874' title='bbox 3347 5309 3673 5362; x_wconf 87' lang='grc' dir='ltr'>κεκενωκότι</span> 
     </span>
    </p>
   </div>
   <div class='ocr_carea' id='block_1_116' title="bbox 2102 5397 3675 5470">
    <p class='ocr_par' dir='ltr' id='par_1_116' title="bbox 2102 5397 3675 5470">
     <span class='ocr_line' id='line_1_116' title="bbox 2102 5397 3675 5470; baseline -0.003 -16"><span class='ocrx_word' id='word_1_875' title='bbox 2102 5404 2309 5461; x_wconf 72' lang='grc' dir='ltr'>ἑαυτὸν,</span> <span class='ocrx_word' id='word_1_876' title='bbox 2335 5402 2475 5456; x_wconf 88' lang='grc' dir='ltr'><strong>καθά</strong></span> <span class='ocrx_word' id='word_1_877' title='bbox 2497 5401 2825 5470; x_wconf 81' lang='grc' dir='ltr'>γέγραπται,</span> <span class='ocrx_word' id='word_1_878' title='bbox 2850 5398 2943 5451; x_wconf 71' lang='grc' dir='ltr'><strong>καὶ</strong></span> <span class='ocrx_word' id='word_1_879' title='bbox 2972 5399 3053 5461; x_wconf 83' lang='grc' dir='ltr'>εἰς</span> <span class='ocrx_word' id='word_1_880' title='bbox 3088 5398 3149 5451; x_wconf 82' lang='grc' dir='ltr'><strong>τὸ</strong></span> <span class='ocrx_word' id='word_1_881' title='bbox 3180 5397 3368 5468; x_wconf 76' lang='grc' dir='ltr'>σχῆμα</span> <span class='ocrx_word' id='word_1_882' title='bbox 3394 5399 3675 5468; x_wconf 74' lang='grc' dir='ltr'>γενομένῳ</span> 
     </span>
    </p>
   </div>
   <div class='ocr_carea' id='block_1_117' title="bbox 2100 5490 3676 5561">
    <p class='ocr_par' dir='ltr' id='par_1_117' title="bbox 2100 5490 3676 5561">
     <span class='ocr_line' id='line_1_117' title="bbox 2100 5490 3676 5561; baseline -0.004 -15"><span class='ocrx_word' id='word_1_883' title='bbox 2100 5492 2161 5546; x_wconf 73' lang='grc' dir='ltr'>τὸ</span> <span class='ocrx_word' id='word_1_884' title='bbox 2190 5494 2474 5557; x_wconf 76' lang='grc' dir='ltr'>οἰκετικὸν,</span> <span class='ocrx_word' id='word_1_885' title='bbox 2536 5494 2631 5546; x_wconf 73' lang='grc' dir='ltr'><strong>καὶ</strong></span> <span class='ocrx_word' id='word_1_886' title='bbox 2686 5493 2762 5554; x_wconf 79' lang='grc' dir='ltr'>εἰς</span> <span class='ocrx_word' id='word_1_887' title='bbox 2824 5491 2922 5561; x_wconf 79' lang='grc' dir='ltr'><strong>τὴν</strong></span> <span class='ocrx_word' id='word_1_888' title='bbox 2953 5491 3052 5560; x_wconf 79' lang='grc' dir='ltr'><strong>τῆς</strong></span> <span class='ocrx_word' id='word_1_889' title='bbox 3081 5490 3427 5557; x_wconf 79' lang='grc' dir='ltr'>ἀνθρωπίνης</span> <span class='ocrx_word' id='word_1_890' title='bbox 3459 5490 3676 5558; x_wconf 75' lang='grc' dir='ltr'>φύσεως</span> 
     </span>
    </p>
   </div>
   <div class='ocr_carea' id='block_1_118' title="bbox 2103 5579 3668 5655">
    <p class='ocr_par' dir='ltr' id='par_1_118' title="bbox 2103 5579 3668 5655">
     <span class='ocr_line' id='line_1_118' title="bbox 2103 5579 3668 5655; baseline -0.004 -18"><span class='ocrx_word' id='word_1_891' title='bbox 2103 5584 2332 5649; x_wconf 81' lang='grc' dir='ltr'>ἀδοξίαν.</span> <span class='ocrx_word' id='word_1_892' title='bbox 2384 5585 2449 5636; x_wconf 88' lang='grc' dir='ltr'>Τί</span> <span class='ocrx_word' id='word_1_893' title='bbox 2488 5586 2597 5655; x_wconf 77' lang='grc' dir='ltr'><strong>γὰρ</strong></span> <span class='ocrx_word' id='word_1_894' title='bbox 2644 5585 2677 5654; x_wconf 84' lang='grc' dir='ltr'>ἠ</span> <span class='ocrx_word' id='word_1_895' title='bbox 2712 5583 2996 5653; x_wconf 75' lang='grc' dir='ltr'>ἀνθρώπου</span> <span class='ocrx_word' id='word_1_896' title='bbox 3023 5580 3183 5649; x_wconf 80' lang='grc' dir='ltr'>φύσις</span> <span class='ocrx_word' id='word_1_897' title='bbox 3235 5581 3311 5644; x_wconf 81' lang='grc' dir='ltr'>ὡς</span> <span class='ocrx_word' id='word_1_898' title='bbox 3337 5580 3468 5651; x_wconf 74' lang='grc' dir='ltr'>πρὸς</span> <span class='ocrx_word' id='word_1_899' title='bbox 3497 5579 3668 5647; x_wconf 77' lang='grc' dir='ltr'>Θεόν;</span> 
     </span>
    </p>
   </div>
   <div class='ocr_carea' id='block_1_119' title="bbox 2678 5688 3663 5763">
    <p class='ocr_par' dir='ltr' id='par_1_119' title="bbox 2678 5688 3663 5763">
     <span class='ocr_line' id='line_1_119' title="bbox 2678 5688 3663 5763; baseline -0.01 -12"><span class='ocrx_word' id='word_1_900' title='bbox 2678 5698 2720 5726; x_wconf 65' lang='grc'><strong>⁸⁸</strong></span> <span class='ocrx_word' id='word_1_901' title='bbox 2756 5695 2899 5761; x_wconf 64' lang='grc' dir='ltr'><strong>Γδηι.</strong></span> <span class='ocrx_word' id='word_1_902' title='bbox 2931 5711 3053 5763; x_wconf 53' lang='grc' dir='ltr'>δικ,</span> <span class='ocrx_word' id='word_1_903' title='bbox 3097 5693 3156 5758; x_wconf 78' lang='grc'>1,</span> <span class='ocrx_word' id='word_1_904' title='bbox 3198 5693 3253 5761; x_wconf 69' lang='lat'><strong>2.</strong></span> <span class='ocrx_word' id='word_1_905' title='bbox 3328 5693 3378 5733; x_wconf 56' lang='grc' dir='ltr'><strong>ει</strong></span> <span class='ocrx_word' id='word_1_906' title='bbox 3419 5688 3663 5759; x_wconf 74' lang='lat' dir='ltr'><strong>Philipp.</strong></span> 
     </span>
    </p>
   </div>
  </div>
