4076 6270
322 375 428 429 515

1392 361 1460 417 IN
1494 357 1780 418 JOANNIS
1812 356 2271 415 EVANGEJUM
2296 358 2426 415 LIB.
2470 361 2536 417 Χ.

3476 363 3582 420 3η

331 491 475 545 Ἀλλ’
499 489 599 542 οὐκ
627 486 774 556 αὐτῷ
802 485 877 556 τῷ
897 483 1010 554 Υίῷ
1040 483 1197 536 τοῦτο
1224 445 1527 561 χρήσιμον,
1550 477 1821 540 λυσιτελὲς
1837 475 1892 528 δὲ

2000 480 2095 531 sed
2131 478 2393 534 conducit
2415 480 2599 549 potius
2627 478 2691 533 ad
2720 477 2939 534 Patrem
2970 478 3290 541 ascendere,
3315 494 3583 551 suamque

324 583 528 655 μᾶλλον
544 580 603 633 τὸ
626 577 891 647 ἀναϐῆναι
914 575 1048 646 πρὸς
1071 575 1163 627 τὸν
1175 573 1417 644 Πατέρα,
1448 572 1544 625 καὶ
1571 571 1667 641 τὴν
1693 568 1899 622 οἰκείαν

324 668 755 743 ἀνακομίσασθαι
787 667 947 734 δόξαν
975 683 1034 719 τε
1064 665 1158 720 καὶ
1180 663 1431 731 ἐξουσίαν
1468 662 1565 715 καὶ
1598 660 1813 728 ἀξίωμα
1840 655 1900 710 τδ

2004 570 2237 640 gloriam
2269 582 2323 625 et
2351 580 2673 642 potestatem
2692 587 2755 626 ac
2781 571 3104 642 dignitatem
3135 572 3377 626 divinam
3405 573 3581 641 palam

2003 670 2058 716 et
2106 678 2215 717 non
2263 663 2375 732 jam
2434 664 2650 717 occulte
2699 670 2865 733 atque
2922 662 3250 717 adumbrate
3313 659 3624 732 recipere.’

323 761 625 833 θεοπρεπὲς
669 758 996 829 ἀναφανδὸν,
1023 758 1120 811 καὶ
1162 756 1344 810 ούκέτι
1393 750 1892 820 κατεσκιασμένως.

2006 753 2160 808 Sedit
2184 755 2330 808 enim
2354 770 2383 807 a
2416 755 2645 821 dextris,
2670 755 2722 809 id
2752 757 2874 825 ipso
2900 770 3122 826 quoque
3143 756 3362 810 volente
3385 754 3583 812 Patre:

319 853 594 910 Κεκάθικε
621 851 732 923 γὰρ
764 853 828 904 ἐκ
850 850 1062 916 δεξιῶν,
1112 849 1385 911 ἐθέλοντος
1416 844 1575 900 τοῦτο
1603 845 1697 898 καὶ¹
1730 841 1897 896 αὑτοῦ

315 943 412 999 τού
447 942 679 1016 Πατρός
709 941 855 1011 φιλεῖ
878 940 990 1011 γὰρ
1007 939 1085 1002 ώς
1115 939 1247 992 ῐδιον
1267 938 1533 1008 γέννημα,
1560 937 1653 988 καὶ
1667 933 1743 997 ώς
1771 947 1901 1003 καρ-

319 1039 423 1090 πὸν
456 1036 557 1107 τῆς
609 1030 1046 1098 obnixe-adma.
1088 1030 1301 1085 υύκοῦν
1345 1030 1435 1083 διὰ
1483 1026 1641 1082 τοῦτό
1691 1040 1894 1095 φησιν’

318 1127 386 1180 El
415 1118 669 1195 ἠγαπᾶτέ
712 1142 801 1197 με,
837 1124 1072 1196 ἐχάρητε
1119 1121 1188 1175 ἂν
1213 1122 1297 1175 δτι
1320 1119 1623 1191 πορεύομαι
1651 1116 1786 1187 πρὸς
1806 1113 1898 1197 τὸν

319 1217 565 1289 Πατέρα,
609 1216 691 1268 ὅτι
739 1216 769 1268 6
802 1214 992 1285 Πατὴρ
1027 1210 1232 1283 μείζων
1269 1226 1369 1281 μου
1419 1204 1588 1262 ἐστίν.
1631 1224 1650 1257 ι
1688 1207 1896 1269 Ὄντως

317 1308 423 1377 τῆς
452 1310 532 1369 εἷς
560 1307 722 1363 αὑτὸν
756 1307 976 1376 ἀγάπης
1006 1301 1278 1368 ἀπόδειξις
1304 1296 1373 1373 ἦν
1419 1300 1482 1354 τὸ
1508 1299 1585 1371 μὴ
1609 1295 1898 1351 λυπεῖσθαι

315 1399 576 1453 τοσοῦτον
603 1397 693 1453 διὰ
713 1397 811 1470 τὴν
834 1396 1101 1451 δοκοῦσαν
1131 1393 1414 1464 ἀπόλειψιν
1459 1393 1555 1446 καὶ
1583 1388 1898 1459 ἀναγκαίως

316 1490 774 1562 παραληφθεῖσαν
803 1488 1133 1558 ἀποδημίαν⁹
1157 1483 1558 1555 διενθυμεῖσθαι
1580 1483 1637 1537 δὲ
1672 1481 1894 1553 μᾶλλον,

313 1581 400 1635 ὅτι
428 1582 564 1653 πρὸς
585 1581 683 1651 τὴν
716 1581 862 1651 αὐτῴ
913 1577 1230 1651 πρέπουσάν
1288 1592 1348 1631 τε
1399 1576 1493 1628 καὶ
1537 1571 1896 1643 ὀφειλομένην

315 1674 620 1744 πεφοίτηκε
660 1672 838 1737 δόξαν,
887 1672 983 1725 καὶ
1025 1671 1107 1735 είς
1142 1669 1205 1724 τὸ
1234 1670 1459 1739 ἀρχαῖον
1484 1665 1722 1735 ἀξίωμα,
1748 1663 1895 1726 τοῦτ’

311 1765 458 1830 εστι,
481 1765 543 1818 τὸ
566 1764 871 1835 θεοπρεπὲς
898 1762 1165 1835 ἐναργῶς.
1214 1763 1323 1816 Καὶ
1368 1759 1500 1829 γοῦν
1536 1761 1565 1812 6
1597 1756 1853 1828 Μελῳδὸς
1877 1794 1893 1821 ,

2005 854 2151 900 amat
2182 848 2382 917 quippe
2414 855 2475 900 ut
2504 862 2662 902 suum
2699 847 2975 917 genimen,
3009 854 3063 902 et
3088 857 3145 900 ut
3178 845 3417 900 fructmn
3445 846 3581 900 sub—

2005 939 2222 994 stantiae
2256 955 2389 996 suae.
2413 940 2682 1007 Quocirca
2715 941 2826 993 ait:
2855 958 2874 991 ‹
2911 938 2966 994 Si
2992 938 3293 1010 diligeretis
3315 952 3422 1003 me,
3449 952 3580 1007 gau-

2004 1030 2212 1086 deretis
2248 1032 2459 1102 utique,
2500 1032 2629 1104 quia
2675 1032 2814 1087 vado
2848 1030 2918 1086 ad
2960 1029 3177 1086 Patrem
3213 1026 3235 1085 :'
3263 1030 3391 1101 quia
3418 1029 3582 1084 Pater

2002 1122 2183 1193 major
2210 1137 2299 1179 tne
2331 1132 2437 1180 est.
2482 1142 2503 1177 ι
2550 1122 2617 1178 Et
2644 1134 2791 1180 certe
2822 1122 3136 1178 dilectionis
3169 1136 3296 1193 erga
3331 1137 3457 1177 eum
3488 1136 3582 1175 ar-

2003 1226 2319 1285 gumentum
2364 1217 2582 1283 fuisset,
2620 1230 2975 1286 nequaquam
3015 1222 3228 1270 tantum
3260 1213 3468 1269 doloris
3513 1229 3580 1269 ex

2003 1306 2125 1376 ejus
2156 1307 2405 1363 absentia
2440 1317 2494 1363 et
2531 1307 2654 1377 ejus
2687 1308 2939 1362 discessu
2979 1320 3199 1377 capere,
3239 1306 3334 1360 sed
3372 1305 3427 1358 in
3464 1304 3576 1358 ani-

2006 1415 2153 1453 mum
2192 1401 2376 1470 potius
2414 1398 2702 1464 inducere,
2739 1399 2809 1454 ad
2841 1398 3259 1454 convenientem
3298 1395 3464 1468 845
3502 1396 3581 1450 si-

2004 1487 2171 1558 bique
2205 1488 2725 1567 debitamvgloriam,
2754 1495 2809 1541 et
2847 1486 2916 1542 ad
2951 1494 3192 1542 veterem
3231 1485 3576 1556 dignitatem,

2006 1577 2110 1633 hoc
2139 1587 2223 1635 est
2254 1579 2365 1634 Deo
2390 1580 2580 1651 utique
2609 1579 2853 1651 dignam,
2875 1579 3056 1649 ipsum
3081 1577 3403 1634 ascendere.
3424 1574 3581 1630 Unde

2005 1670 2318 1737 Psalmista,
2350 1673 2444 1742 qui
2474 1687 2570 1743 per
2598 1670 2864 1742 Spiritum
2894 1670 3152 1743 mysteria
3201 1669 3528 1739 loquebatur
3560 1685 3576 1723 :

2010 1782 2029 1815 ι
2070 1762 2273 1818 Omnes
2316 1772 2526 1833 gentes,
2589 1763 2788 1835 inquit,
2849 1763 3090 1833 plaudite
3141 1761 3396 1816 manibus
3432 1760 3509 1827 “;
3554 1778 3574 1811 ι

310 1856 497 1912 καίτοι
531 1855 622 1910 διὰ
643 1856 737 1910 τοῦ
778 1854 1093 1925 Πνεύματος
1114 1852 1291 1907 λαλῶν
1336 1852 1633 1924 μυστήρια,
1665 1869 1681 1901 ι
1710 1849 1892 1903 Πάντα

1998 1852 2195 1908 deinde
2252 1853 2569 1910 festivitatis
2625 1870 2851 1910 causam
2915 1850 3579 1924 explicans,Servatoris

308 1949 382 2000 τὰ
410 1945 559 2014 ἔθνη,
595 1946 751 2016 φησὶ,
787 1946 1089 2016 κροτήσατε
1120 1946 1330 2016 χεῖρας
1368 1961 1388 1996 ι
1420 1938 1540 1996 εἶτα
1570 1941 1671 2011 τῆς
1699 1939 1895 2011 ἑορτῆς

307 2037 410 2107 τὴν
440 2036 623 2090 αἰτίαν
655 2035 1024 2107 ἐξηγούμενος
1052 2035 1148 2109 τὴν
1182 2037 1263 2098 εἰς
1310 2036 1577 2106 οὐρανοὺς
1627 2032 1896 2104 ἀνάληψιν

306 2125 408 2178 τοῦ
438 2126 694 2195 Σωτῆρος
736 2124 1103 2197 παρεκόμιζε,
1139 2123 1334 2193 λέγων’
1406 2143 1425 2175 ι
1471 2124 1663 2193 Ἀνέϐη
1704 2125 1733 2177 6
1764 2122 1897 2186 Θεὸς

308 2218 371 2270 ὲν
394 2215 710 2287 ἀλαλαγμῷ,
730 2216 935 2288 Κύριος
951 2217 1011 2270 ὲν
1028 2219 1179 2288 φωνῇ
1208 2216 1526 2285 σάλπιγγος,
1540 2233 1557 2267 ι
1581 2214 1896 2285 ἀλαλαγμὸν

308 2310 595 2381 ὀνομάζων
631 2311 728 2364 καὶ
766 2310 1045 2380 σάλπιγγα
1084 2310 1183 2380 τὴν
1211 2308 1420 2381 ὑψηλὴν
1455 2308 1553 2363 καὶ
1571 2306 1897 2373 ἐξάκουστον

311 2401 412 2454 τοῦ
442 2400 754 2470 Πνεύματος
803 2403 1007 2472 φωνήνο
1053 2401 1142 2455 ὃτε
1184 2402 1304 2463 ταῖς
1361 2399 1475 2453 ἄνω
1504 2398 1771 2469 δυνάμεσι
1797 2396 1897 2462 τὰς

316 2490 495 2554 πύλας
518 2492 694 2561 αἴρειν
719 2490 1067 2558 διεκελεύετο,
1089 2491 1183 2545 καὶ⁵
1217 2490 1423 2562 Κύριον
1455 2490 1620 2544 αὐτὸν
1641 2489 1895 2560 ὠνόμαζε

314 2585 431 2637 τῶν
466 2584 766 2653 δυνάμεων,
788 2583 1036 2657 καθάπερ
1065 2583 1326 2654 ἐλέγομεν
1358 2583 1582 2655 ἀρτίως.
1614 2583 1729 2636 Ἐπ’
1750 2582 1897 2652 αὐτῷ

313 2678 373 2730 δὲ
405 2676 468 2748 δὴ
503 2676 675 2747 τούτῳ
724 2677 816 2729 καὶ
862 2677 1028 2730 αὐτὸν
1072 2676 1379 2749 εὑρήσομεν
1420 2675 1512 2728 τὸν
1562 2676 1673 2728 τῶν
1728 2676 1897 2741 ἁγίων

310 2767 475 2838 χορὸν
510 2767 603 2820 καὶ
630 2767 688 2820 έν
718 2766 939 2830 πολλαῖς
959 2765 1225 2834 γεγονότα
1270 2768 1395 2829 ταῖς
1425 2764 1735 2835 θυμηδίαις.
1777 2766 1898 2817 Τοι-

306 2859 500 2930 γάρτοι
527 2859 621 2913 καὶ
651 2858 879 2928 ἔφασκε,
914 2859 1045 2911 ποτὲ
1073 2860 1174 2928 μὲν
1201 2859 1282 2912 ὅτι
1318 2878 1337 2911 ι
1384 2859 1443 2912 '0
1469 2857 1676 2930 Κύριος
1709 2857 1895 2912 ἐϐασί-

303 2951 516 3008 λευσεν.
545 2950 897 3019 ἀγαλλιάσθω
945 2952 978 3020 ἡ
1010 2951 1103 3020 γῆ,
1131 2971 1149 3002 ι
1179 2951 1311 3004 ποτὲ
1367 2951 1423 3005 δὲ
1468 2946 1535 3004 αὖ
1563 2951 1746 3004 πάλιν·
1778 2970 1795 3001 ι
1841 2951 1898 3005 Ὀ

304 3040 511 3112 Κύριος
538 3042 909 3106 ἐϐασίλευσεν,
929 3041 1264 3112 εὐπρέπειαν
1291 3040 1596 3094 ἂνεδύσατο·
1611 3040 1898 3095 ἐνεδύσατο

301 3130 510 3203 Κύριος
535 3129 786 3201 δύναμιν.
839 3129 934 3182 καὶ
994 3129 1387 3200 περιεζώσατο.
1422 3149 1441 3182 ι
1507 3131 1567 3183 '0
1615 3130 1727 3201 γάρ
1774 3129 1896 3201 μεθ’
1921 3170 1966 3229 C

301 3221 467 3294 ἡμῶν
495 3222 803 3292 ἄνθρωπος,
860 3220 965 3291 πρὸ
991 3222 1092 3292 τῆς
1120 3222 1184 3273 ἐκ
1236 3218 1446 3293 νεκρῶν
1505 3221 1856 3287 ἀναστάσεως
1876 3263 1891 3287 ,

298 3316 393 3367 ϐτε
420 3314 556 3385 πρὸς
585 3313 676 3367 τὸν
709 3315 764 3365 ὲν
789 3315 903 3375 τοῖς
923 3313 1171 3382 οὐρανοῖς
1194 3313 1359 3385 ἀνέϐη
1388 3313 1625 3386 Πατέρα,
1655 3314 1777 3367 τότε
1798 3313 1895 3385 τὴν

300 3406 443 3459 ἰδίαν
475 3404 812 3476 εὐπρέπειαν
834 3404 1143 3471 ἐνεδύσατο,
1171 3407 1268 3459 καὶ
1299 3407 1398 3475 τὴν
1429 3405 1489 3471 ἐξ
1512 3407 1686 3477 ἀρχῆς
1716 3406 1895 3478 ύπάρο

294 3512 506 3568 χουσαν
556 3495 706 3565 αὐτῷ
753 3493 1127 3564 περιεζώσατο
1187 3494 1436 3564 δύναμιν.
1479 3497 1752 3551 Κεκάθικε
1782 3497 1894 3568 γάρ

300 3585 612 3657 βασιλεύων
655 3586 791 3655 μετά
823 3586 1059 3657 Πατρός.
1092 3587 1320 3656 Χαίρειν
1349 3582 1443 3640 οὖν
1479 3587 1588 3657 ἄρα
1607 3587 1811 3641 δίκαιόν
1831 3605 1891 3641 τε

300 3678 404 3728 καὶ
441 3677 653 3745 πρέπον
678 3678 804 3739 τοὺς
833 3677 1165 3744 ἀγαπῶντας
1186 3676 1372 3742 αὑτὸν,
1429 3678 1511 3731 ὃτι
1562 3678 1893 3748 πεπόρευται

304 3770 452 3842 πρὸς
480 3769 570 3820 τὸν
596 3769 653 3821 ὲν
674 3770 784 3830 τοῖς
821 3768 1069 3839 οὐρανοῖς
1122 3768 1375 3840 Πατέρα,
1410 3769 1509 3841 τὴν
1556 3770 1691 3824 ἰδίαν
1739 3770 1893 3836 δόξαν

304 3860 751 3930 ἀναληψόμενος,
779 3860 871 3913 καὶ
905 3860 1067 3915 πάλιν
1110 3860 1258 3932 αὐτῷ
1289 3861 1766 3933 συμϐασιλεύσων,
1796 3882 1894 3918 κα-

304 3951 494 4023 θάπερ
523 3947 592 4024 ἦν
620 3954 678 4004 ἐν
710 3952 873 4023 ἀρχῇ.
906 3951 1143 4017 Μείζονα
1165 3953 1223 4006 δέ
1258 3971 1425 4025 φησιν
1458 3956 1637 4019 αὐτὸν,
1679 3958 1776 4029 οὐχ
1806 3958 1887 4012 ὅτι

300 4043 608 4098 κεκάθικεν
644 4045 708 4097 ἐκ
738 4044 950 4111 δεξιῶν,
979 4044 1054 4108 ὡς
1083 4045 1235 4109 Θεὸς,
1265 4046 1381 4099 ἀλλ’
1409 4047 1484 4110 ὡς
1518 4043 1585 4119 ἦν
1631 4048 1709 4101 ἔτι
1768 4050 1888 4121 μεθ’

295 4137 482 4206 ἡμῶν,
509 4136 652 4189 τοῦτ’
686 4134 851 4202 ἔστιν,
877 4138 935 4189 ὲν
962 4139 1074 4200 τοῖς
1104 4136 1227 4190 καθ’
1258 4139 1425 4209 ἡμᾶς.
1459 4139 1548 4202 Ὠς
1576 4140 1684 4210 γὰρ
1716 4140 1794 4194 ἔτι
1828 4142 1889 4195 τὸ

291 4229 669 4300 δουλοπρεπὲς
696 4228 833 4299 ἔχων
858 4231 1063 4301 σχῆμα,
1095 4230 1188 4284 καὶ
1238 4232 1509 4304 παρόντος
1557 4233 1704 4305 αὐτῷ
1733 4233 1890 4289 οὔπω

289 4319 395 4372 τοῦ
429 4318 620 4389 καιροῦ
642 4319 763 4371 καθ’
791 4320 850 4373 ὃν
883 4320 990 4373 ἔδει
1019 4320 1330 4385 ἀναλαϐεῖν,
1356 4320 1425 4374 τά
1463 4320 1692 4376 τοιαῦτά
1730 4339 1885 4393 φησι.

289 4413 414 4464 Καὶ
448 4412 577 4478 γοῦν
597 4412 684 4464 ὅτε
707 4411 799 4465 τὸν
836 4413 1017 4482 τίμιον
1042 4414 1182 4484 ὑπὲρ
1208 4413 1368 4485 ἡμῶν
1388 4415 1603 4486 ὑπέστη
1632 4416 1884 4487 σταυρὸν,

2000 1945 2055 1999 in
2085 1945 2259 2000 eteius
2288 1946 2672 2015 ascensionem
2708 1947 2962 2017 protulit,
2993 1946 3222 2000 dicens:
3262 1965 3280 1996 ι
3316 1943 3581 1999 Ascendit

1998 2035 2144 2092 Deus
2201 2038 2256 2091 in
2330 2037 2537 2108 jubilo,
2596 2036 2864 2093 Dominus
2934 2038 2988 2091 in
3049 2052 3184 2092 voce
3242 2038 3388 2092 tuba:
3426 2037 3495 2101 ⁶¹,
3555 2056 3575 2090 ι

1994 2127 2378 2199 jubilationem
2424 2135 2480 2184 et
2514 2130 2704 2184 tubam
2750 2128 3045 2183 nominans
3099 2129 3389 2183 altisonam
3428 2127 3579 2181 illam

1999 2220 2176 2275 sancti
2218 2217 2462 2289 Spiritus
2495 2234 2708 2287 vocem,
2755 2219 2978 2290 quando
3034 2219 3289 2289 superuis
3333 2226 3581 2288 potesta-

2000 2312 2146 2366 tibus
2173 2321 2363 2381 porlas
2392 2312 2649 2366 attollere
2690 2311 2878 2380 jussit,
2904 2320 2958 2364 ct
3000 2309 3288 2365 Dominum
3316 2309 3577 2362 virtutum

1999 2404 2182 2475 ipsum
2215 2403 2574 2473 nuncupavit,
2622 2403 2785 2457 sicuti
2823 2402 2989 2457 modo
3024 2402 3363 2457 dicebamus.
3403 2400 3578 2465 Quam

1998 2498 2073 2553 ob
2120 2512 2231 2551 rem
2267 2495 2445 2565 ipsum
2478 2510 2698 2565 quoque
2732 2502 3052 2549 sanctorum
3090 2484 3321 2548 cliorum
3370 2490 3580 2561 ingenti

2000 2591 2186 2646 laetitia
2220 2589 2530 2644 exsultasse
2583 2588 3008 2658 comperiemus.
3042 2586 3284 2655 Ideoque
3312 2583 3578 2648 vdicebat,

1999 2682 2162 2737 modo
2227 2681 2447 2751 quidem
2504 2699 2518 2735 :
2579 2699 2599 2732 ι
2662 2679 2926 2736 Dominus
3001 2678 3283 2749 regnavit,
3349 2677 3584 2733 exsultet

1998 2780 2144 2827 terra
2189 2772 2267 2838 ⁶¹;
2314 2792 2333 2825 ι
2361 2770 2523 2827 modo
2551 2786 2750 2826 rursus
2785 2789 2798 2825 :
2840 2790 2858 2823 ι
2895 2769 3162 2826 Dominus
3188 2767 3459 2840 regnavit,
3488 2768 3582 2823 de-

1966 2844 2182 2919 Χθοι-ειη
2243 2862 2422 2917 induit
2455 2881 2469 2917 :
2502 2862 2684 2917 induit
2736 2860 3005 2917 Dominus
3059 2854 3479 2922 fortitudinem,
3527 2864 3583 2914 et

1999 2946 2287 3025 praecinxit
2319 2970 2382 3009 se
2417 2953 2483 3007 ⁸³.
2525 2972 2545 3002 ι
2580 2950 2686 3018 Qui
2712 2953 2864 3007 enim
2886 2952 3202 3017 nobiscum,
3234 2957 3362 3004 ante
3393 2963 3581 3004 resur-

1999 3047 2299 3101 rectionem
2330 3062 2396 3100 ex
2428 3044 2684 3111 mortuis,
2718 3045 2884 3098 homo
2920 3044 3268 3106 versabatur,
3288 3051 3579 3113 postquam

1999 3137 2067 3192 ad
2113 3138 2331 3191 Patrem
2365 3136 2461 3207 qui
2515 3136 2570 3190 in
2615 3135 2771 3191 cmlis
2810 3145 2894 3190 est
2934 3135 3206 3195 ascendit,
3234 3143 3366 3188 tunc
3415 3148 3577 3186 suum

1999 3230 2253 3284 decorem
2307 3226 2524 3291 induit,
2571 3233 2625 3281 et
2677 3226 2908 3296 pristina
2958 3224 3283 3280 fortitudine
3339 3238 3399 3276 se
3435 3236 3577 3291 pra:-

1998 3321 2189 3376 cinxit.
2244 3317 2401 3374 Sedit
2452 3319 2599 3374 enim
2660 3332 2899 3389 regnans
2945 3331 3068 3371 cum
3115 3314 3294 3369 Patre.
3330 3310 3579 3366 Gaudere

1998 3416 2184 3484 itaque
2236 3413 2465 3483 dignum
2518 3418 2573 3466 et
2627 3410 2838 3480 justum
2902 3417 2988 3464 est
3036 3413 3307 3478 quotquot
3345 3404 3578 3475 diligunt

1996 3520 2145 3566 eum,
2179 3500 2307 3572 quia
2367 3500 2617 3557 ascendit
2675 3500 2741 3554 ad
2773 3498 2991 3553 Patrem
3040 3496 3132 3565 qui
3171 3496 3224 3549 in
3272 3493 3427 3549 caelis
3468 3499 3574 3555 est,

1996 3610 2150 3650 Suam
2184 3599 2572 3664 resumpturus
2620 3592 2875 3663 gloriam,
2914 3596 3120 3644 etcum
3152 3603 3218 3641 eo
3261 3602 3456 3641 rursus
3490 3600 3579 3639 re-

1996 3698 2285 3759 gnaturus,
2312 3686 2458 3741 sicut
2488 3692 2606 3738 erat
2652 3683 2709 3736 in
2762 3680 3058 3751 principio.
3088 3677 3348 3748 Majorem
3391 3685 3572 3730 autem

1995 3796 2120 3835 eum
2156 3779 2321 3845 dicit,
2363 3792 2474 3832 non
2509 3777 2636 3847 quia
2676 3775 2821 3830 sedit
2850 3788 2880 3827 a
2929 3772 3161 3836 dextris,
3193 3777 3253 3825 ut
3285 3770 3448 3829 Deus,
3480 3770 3574 3823 sed

1993 3872 2119 3940 quia
2168 3869 2459 3923 uobiscum
2509 3866 2689 3920 adhuc
2738 3873 2880 3929 erat,
2919 3862 2973 3917 id
3027 3870 3112 3918 est
3154 3861 3314 3917 nobis
3353 3861 3572 3916 similis.

1993 3962 2100 4018 Ista
2129 3965 2333 4033 quippe
2358 3956 2527 4025 dicit,’
2552 3970 2611 4014 ut
2636 3957 2728 4029 qui
2764 3957 3022 4013 servilem
3058 3955 3288 4010 formam
3325 3955 3571 4018 haberet,

1992 4068 2093 4107 nec
2147 4052 2327 4105 adhuc
2364 4060 2584 4119 tempus
2622 4046 2853 4102 adesset
2885 4060 2995 4115 quo
3039 4046 3280 4100 divinam
3331 4044 3571 4113 dignita-

1993 4154 2099 4199 tem
2138 4156 2419 4197 resumere
2458 4141 2711 4195 debebat.
2750 4137 2905 4194 Unde
2936 4155 3059 4192 cum
3103 4154 3201 4208 pro
3249 4136 3408 4191 nobis
3446 4150 3574 4186 cru-

1993 4251 2108 4291 cem
2161 4234 2529 4307 venerandam
2586 4230 2832 4301 pertulit,
2874 4238 3092 4284 aretum
3150 4238 3204 4283 et
3270 4227 3340 4281 fel
3398 4224 3569 4280 Juda‘i

1990 4328 2310 4383 obtulerunt
2336 4327 2385 4381 ei
2414 4310 2646 4384 sitienti,
2678 4330 2732 4377 et
2771 4330 3060 4392 postquam
3106 4322 3354 4383 bibisset,
3382 4318 3519 4373 dixit
3551 4338 3564 4373 :

1995 4437 2014 4470 ι
2054 4418 2510 4472 Consummatum
2567 4422 2652 4469 est
2675 4415 2741 4467 “.
2794 4434 2813 4465 ι
2863 4413 3146 4483 Impletum
3193 4414 3394 4482 quippe
3455 4411 3566 4479 jam

288 4503 421 4567 ὅξος
480 4502 629 4571 αύτῷ
677 4503 769 4555 καὶ
806 4502 968 4574 χολὴν
1024 4504 1264 4558 Ἰουδαῖοι
1332 4509 1686 4579 προσήγαγον
1729 4508 1886 4579 διψή-

1994 4515 2104 4562 erat
2126 4506 2529 4560 hnmiliationis
2547 4511 2784 4573 tempus,
2806 4510 2859 4557 et
2887 4502 3185 4557 cruciﬁxus
3215 4502 3429 4572 quidem
3458 4508 3565 4565 est,

289 4610 478 4653 σαντι,
542 4593 636 4645 καὶ
692 4592 852 4657 πιὼν,
883 4592 1010 4664 ἔφη’
1065 4613 1082 4644 ι
1108 4595 1489 4651 Τετέλεσται.»
1554 4599 1887 4670 Πεπλήρωτο

286 4685 408 4753 γὰρ
434 4683 534 4753 ἤδη
558 4684 587 4735 6
616 4684 716 4769 τῆς
742 4682 1124 4748 ταπεινώσεως
1176 4686 1365 4756 καιρὸς
1387 4726 1401 4750 ,
1433 4688 1526 4740 καὶ
1564 4688 1883 4760 ἐσταυρώθη

288 4777 422 4843 μὲν,
484 4774 561 4837 ώς
593 4774 902 4844 ἄνθρωπος·
956 4775 1207 4845 νενίκηκε
1265 4776 1374 4847 γὰρ
1417 4776 1513 4830 τοῦ
1564 4778 1796 4834 θανάτου
1824 4781 1887 4834 τὸ

280 4866 518 4936 γράτος,
547 4867 645 4936 οὐχ
689 4867 765 4930 ὼς
814 4866 1121 4939 ἄνθρωπος,
1151 4867 1235 4921 ἔτι
1266 4868 1469 4938 μᾶλλον
1497 4870 1554 4923 δὲ
1583 4872 1659 4931 ώς
1710 4873 1842 4937 Θεὸς
1865 4914 1879 4938 ,

279 4957 442 5025 φημὶ
464 4956 529 5028 δὴ
564 4958 708 5009 κατά
734 4958 834 5028 τὴν
863 4958 1144 5030 ἐνέργειαν
1169 4961 1263 5015 καὶ
1295 4960 1394 5032 τὴν
1434 4963 1528 5016 ἐπὶ
1557 4963 1635 5034 τῷ
1664 4965 1882 5035 νικῆσαι

274 5047 452 5110 δόξαν
476 5065 535 5100 τε
561 5050 654 5101 καὶ
680 5049 929 5119 δύναμιν,
995 5050 1055 5102 οὐ
1100 5051 1238 5105 κατά
1289 5053 1389 5122 τὴν
1438 5054 1636 5125 σάρκα.
1666 5056 1883 5121 Μείζων

276 5137 383 5192 οὖν
405 5140 434 5191 ὁ
465 5138 677 5209 Πατὴρ,
712 5139 787 5204 ὼς
838 5139 918 5193 ἔτι
946 5141 1154 5205 δούλου,
1187 5145 1281 5197 καὶ
1306 5146 1365 5196 ὲν
1414 5147 1528 5208 τοῖς
1586 5146 1710 5200 καθ’
1736 5148 1883 5217 ἡμᾶς

271 5229 447 5291 ὄντος
474 5228 568 5281 τοῦ
599 5228 754 5281 Υίοῦο
803 5230 927 5284 ἐπεὶ
959 5232 1054 5285 καὶ
1102 5232 1236 5286 Θεὸν
1266 5235 1461 5288 ἑαυτοῦ
1495 5254 1661 5308 φησιν
1684 5239 1878 5304 αὑτὸν,

278 5320 386 5373 καὶ
408 5319 569 5372 τοῦτο
594 5319 674 5389 τῷ
692 5320 1016 5394 ἀνθρωπίνῳ
1044 5327 1368 5396 προσνέμων
1392 5330 1651 5399 σχήματι.
1683 5332 1745 5385 Εί
1771 5332 1880 5403 γὰρ

278 5411 628 5479 πιστεύομεν
647 5411 732 5463 ὅτι
775 5413 1046 5469 κεκένωκέ
1085 5432 1145 5470 τι
1193 5420 1287 5472 καὶ
1325 5422 1728 5476 τεταπείνωκεν
1751 5424 1877 5477 ἑαυ-

272 5503 404 5564 τὸν,
444 5500 563 5563 πῶς
592 5502 689 5570 οὐχ
712 5501 913 5557 ἅπασιν
956 5506 1110 5561 ἔσται
1143 5496 1454 5579 καταφανὲς
1475 5552 1488 5576 ,
1522 5513 1604 5566 ὅτι
1644 5516 1875 5568 καταϐέ-

276 5589 547 5659 ϐηκενέξ
586 5590 857 5662 ὑπεροχῆς
886 5612 1033 5660 τινος
1081 5600 1160 5663 είς
1208 5600 1523 5665 ἐλάττωσιν,
1578 5603 1783 5674 μᾶλλον
1822 5606 1878 5661 δὲ

359 5704 595 5789 «iam
645 5722 806 5772 xm,
840 5706 930 5775 20.
1008 5714 1048 5745 σι
1094 5715 1226 5770 ibid.
1270 5716 1325 5777 6.,
1403 5718 1446 5750 ε’
1487 5716 1635 5781 Psal-
1672 5734 1829 5785 xm.
1872 5720 1892 5773 1

2000 5721 2042 5751 ⁸³
2086 5717 2234 5772 l’sal.
2272 5730 2456 5777 scitir,
2497 5714 2544 5765 l.

278 5791 322 5841 υ
348 5815 363 5839 ο
419 5791 460 5839 1.-

1985 4609 2045 4652 ιιι
2095 4596 2463 4651 bomo:vicit
2507 4594 2652 4650 enim
2711 4594 2908 4648 mortis
2968 4595 3289 4663 potentiam,
3344 4608 3447 4644 non
3507 4599 3567 4645 ut

1986 4692 2172 4756 homo,
2222 4688 2315 4743 sed
2367 4688 2548 4757 potius
2596 4696 2653 4739 ut
2702 4686 2864 4750 Deus,
2908 4686 3154 4741 eliicacia
3206 4684 3460 4737 nimirum
3512 4691 3566 4735 et

1983 4781 2234 4836 vincendi
2287 4780 2464 4848 gloria
2516 4785 2680 4846 atque
2747 4785 3056 4847 potestate,
3099 4791 3206 4829 non
3262 4773 3563 4826 secundum

1981 4886 2227 4927 carnem.
2269 4869 2440 4939 Major
2482 4868 2668 4937 itaque
2711 4879 2796 4923 est
2851 4867 3016 4923 Pater
3066 4867 3230 4927 Filio,
3260 4879 3420 4919 servo
3476 4864 3561 4917 ni-

1981 4966 2183 5019 mirum
2225 4962 2429 5027 adhuc,
2465 4970 2519 5015 et
2569 4963 2622 5014 in
2677 4961 2935 5014 humanis
2976 4958 3280 5013 constituto
3307 4975 3320 5009 :
3352 4970 3476 5009 nam
3511 4963 3563 5007 et

1981 5055 2160 5126 ipsum
2198 5053 2367 5108 Deum
2404 5068 2562 5118 suum
2601 5052 2866 5111 nominat,
2896 5051 3148 5103 humanae
3182 5048 3235 5101 id
3267 5047 3453 5100 ferina:
3482 5056 3562 5098 at—

1981 5149 2250 5202 tribuens.
2282 5146 2416 5199 Nam
2448 5145 2492 5199 si
2537 5144 2816 5199 credimus
2849 5159 2973 5197 eum
3015 5141 3326 5196 exinanisse
3371 5146 3423 5192 et
3460 5138 3555 5190 hu—

1980 5240 2228 5293 miliasse
2277 5237 2636 5306 semetipsum
2679 5236 2746 5297 °',
2801 5233 3081 5304 quomodo
3142 5247 3249 5285 non
3304 5228 3560 5282 omnibus

1983 5335 2188 5402 patebit
2224 5347 2349 5386 eum
2390 5330 2459 5386 de
2488 5328 2783 5384 eminentia
2813 5326 3047 5395 quadam
3086 5325 3141 5378 in
3172 5322 3558 5378 demissiouetn

1980 5424 2357 5485 descendisse,
2387 5423 2497 5476 imo
2538 5435 2666 5473 vero
2699 5435 2763 5473 ex
2795 5418 3106 5488 aequalitate
3145 5431 3267 5470 cum
3298 5414 3460 5468 Patre
3493 5413 3559 5466 ad

1979 5512 2607 5587 inmqualitatenﬂNibil
2636 5519 2819 5564 autem
2856 5510 3049 5562 borum
3078 5506 3240 5562 Pater
3270 5507 3558 5568 sustinuit,

1997 5610 2093 5664 sed
2152 5606 2356 5659 mansit
2401 5611 2456 5659 et
2500 5610 2709 5673 perstat
2747 5602 2802 5655 in
2855 5600 3057 5670 quibus
3101 5609 3219 5656 erat
3259 5601 3326 5652 ab
3377 5596 3558 5650 initio.

2646 5712 2686 5744 "'
2730 5711 2884 5767 Joan.
2920 5729 3040 5773 stat.
3077 5713 3165 5767 ⁸50.
3245 5711 3287 5742 ⁶⁵
3324 5706 3560 5771 Philipp.
