  <div class='ocr_page' id='page_1' title='image "/cluster/home/n/w/nwhite01/storage/ocr_20150623/74/mdp.39015078384487/165.png"; bbox 0 0 4076 6270; ppageno 0'>
   <div class='ocr_carea' id='block_1_1' title="bbox 1254 220 1287 237">
    <p class='ocr_par' dir='ltr' id='par_1_1' title="bbox 1254 220 1287 237">
     <span class='ocr_line' id='line_1_1' title="bbox 1254 220 1287 237; baseline 0 0"><span class='ocrx_word' id='word_1_1' title='bbox 1254 220 1287 237; x_wconf 64' lang='grc' dir='ltr'><strong><em>ρ</em></strong></span> 
     </span>
    </p>
   </div>
   <div class='ocr_carea' id='block_1_2' title="bbox 541 365 654 423">
    <p class='ocr_par' dir='ltr' id='par_1_2' title="bbox 541 365 654 423">
     <span class='ocr_line' id='line_1_2' title="bbox 541 365 654 423; baseline -0.027 0"><span class='ocrx_word' id='word_1_2' title='bbox 541 365 654 423; x_wconf 68' lang='lat'><strong>313</strong></span> 
     </span>
    </p>
   </div>
   <div class='ocr_carea' id='block_1_3' title="bbox 1582 338 2835 407">
    <p class='ocr_par' dir='ltr' id='par_1_3' title="bbox 1582 338 2835 407">
     <span class='ocr_line' id='line_1_3' title="bbox 1582 338 2835 407; baseline -0.012 1"><span class='ocrx_word' id='word_1_3' title='bbox 1582 352 1640 407; x_wconf 88' lang='lat' dir='ltr'><strong>S.</strong></span> <span class='ocrx_word' id='word_1_4' title='bbox 1683 345 1962 407; x_wconf 76' lang='lat' dir='ltr'><strong>CYRILLI</strong></span> <span class='ocrx_word' id='word_1_5' title='bbox 2002 340 2477 398; x_wconf 63' lang='lat' dir='ltr'><strong>ALEXANDRINI</strong></span> <span class='ocrx_word' id='word_1_6' title='bbox 2516 338 2797 394; x_wconf 59' lang='lat' dir='ltr'><strong>ARCth;</strong></span> <span class='ocrx_word' id='word_1_7' title='bbox 2823 382 2835 393; x_wconf 90' lang='lat'><strong>.</strong></span> 
     </span>
    </p>
   </div>
   <div class='ocr_carea' id='block_1_4' title="bbox 3686 324 3800 383">
    <p class='ocr_par' dir='ltr' id='par_1_4' title="bbox 3686 324 3800 383">
     <span class='ocr_line' id='line_1_4' title="bbox 3686 324 3800 383; baseline 0 0"><span class='ocrx_word' id='word_1_8' title='bbox 3686 324 3800 383; x_wconf 70' lang='grc'><strong>516</strong></span> 
     </span>
    </p>
   </div>
   <div class='ocr_carea' id='block_1_5' title="bbox 547 424 2128 550">
    <p class='ocr_par' dir='ltr' id='par_1_5' title="bbox 547 460 2120 550">
     <span class='ocr_line' id='line_1_5' title="bbox 547 460 2120 550; baseline -0.015 -14"><span class='ocrx_word' id='word_1_9' title='bbox 547 479 724 550; x_wconf 72' lang='lat' dir='ltr'><strong>Major</strong></span> <span class='ocrx_word' id='word_1_10' title='bbox 755 475 923 549; x_wconf 59' lang='lat'><strong>8&amp;6</strong></span> <span class='ocrx_word' id='word_1_11' title='bbox 970 476 1156 545; x_wconf 84' lang='lat' dir='ltr'><strong>itaque</strong></span> <span class='ocrx_word' id='word_1_12' title='bbox 1199 480 1284 530; x_wconf 89' lang='lat' dir='ltr'><strong>est</strong></span> <span class='ocrx_word' id='word_1_13' title='bbox 1331 486 1398 527; x_wconf 91' lang='lat' dir='ltr'><strong>eo</strong></span> <span class='ocrx_word' id='word_1_14' title='bbox 1425 469 1521 541; x_wconf 90' lang='lat' dir='ltr'><strong>qui</strong></span> <span class='ocrx_word' id='word_1_15' title='bbox 1566 482 1634 523; x_wconf 76' lang='lat' dir='ltr'><strong>ex</strong></span> <span class='ocrx_word' id='word_1_16' title='bbox 1686 460 2120 534; x_wconf 76' lang='lat' dir='ltr'><strong>dispensationis</strong></span> 
     </span>
    </p>
   </div>
   <div class='ocr_carea' id='block_1_6' title="bbox 2230 424 3803 550">
    <p class='ocr_par' dir='ltr' id='par_1_6' title="bbox 2230 424 3803 530">
     <span class='ocr_line' id='line_1_6' title="bbox 2230 424 3803 530; baseline -0.01 -17"><span class='ocrx_word' id='word_1_17' title='bbox 2230 460 2282 524; x_wconf 69' lang='grc' dir='ltr'>ἐξ</span> <span class='ocrx_word' id='word_1_18' title='bbox 2315 459 2559 530; x_wconf 78' lang='grc' dir='ltr'><strong>ἰσότητος</strong></span> <span class='ocrx_word' id='word_1_19' title='bbox 2583 457 2682 525; x_wconf 77' lang='grc' dir='ltr'><strong>τῆς</strong></span> <span class='ocrx_word' id='word_1_20' title='bbox 2718 424 2852 524; x_wconf 67' lang='grc' dir='ltr'>πρὸς</span> <span class='ocrx_word' id='word_1_21' title='bbox 2871 454 2960 507; x_wconf 71' lang='grc' dir='ltr'><strong>τὸν</strong></span> <span class='ocrx_word' id='word_1_22' title='bbox 2996 452 3234 523; x_wconf 78' lang='grc' dir='ltr'>Πατέρα,</span> <span class='ocrx_word' id='word_1_23' title='bbox 3271 447 3404 520; x_wconf 65' lang='grc' dir='ltr'>πρὸς</span> <span class='ocrx_word' id='word_1_24' title='bbox 3433 446 3494 501; x_wconf 58' lang='lat' dir='ltr'><strong>et.</strong></span> <span class='ocrx_word' id='word_1_25' title='bbox 3531 445 3605 517; x_wconf 84' lang='grc' dir='ltr'><strong>μὴ</strong></span> <span class='ocrx_word' id='word_1_26' title='bbox 3625 443 3803 510; x_wconf 76' lang='grc' dir='ltr'>οὕτως</span> 
     </span>
    </p>
   </div>
   <div class='ocr_carea' id='block_1_7' title="bbox 547 551 2118 633">
    <p class='ocr_par' dir='ltr' id='par_1_7' title="bbox 547 551 2118 633">
     <span class='ocr_line' id='line_1_7' title="bbox 547 551 2118 633; baseline -0.014 -7"><span class='ocrx_word' id='word_1_27' title='bbox 547 572 740 625; x_wconf 84' lang='lat' dir='ltr'><strong>ordine</strong></span> <span class='ocrx_word' id='word_1_28' title='bbox 769 568 1183 623; x_wconf 80' lang='lat' dir='ltr'><strong>minorationem</strong></span> <span class='ocrx_word' id='word_1_29' title='bbox 1218 563 1482 633; x_wconf 74' lang='lat' dir='ltr'><strong>suscepit,</strong></span> <span class='ocrx_word' id='word_1_30' title='bbox 1506 560 1716 631; x_wconf 80' lang='lat' dir='ltr'><strong>quique</strong></span> <span class='ocrx_word' id='word_1_31' title='bbox 1737 557 1795 611; x_wconf 92' lang='lat' dir='ltr'><strong>in</strong></span> <span class='ocrx_word' id='word_1_32' title='bbox 1828 569 1894 610; x_wconf 90' lang='lat' dir='ltr'><strong>ea</strong></span> <span class='ocrx_word' id='word_1_33' title='bbox 1928 551 2118 607; x_wconf 88' lang='lat' dir='ltr'><strong>tandiu</strong></span> 
     </span>
    </p>
   </div>
   <div class='ocr_carea' id='block_1_8' title="bbox 548 643 2118 730">
    <p class='ocr_par' dir='ltr' id='par_1_8' title="bbox 548 643 2118 730">
     <span class='ocr_line' id='line_1_8' title="bbox 548 643 2118 730; baseline -0.015 -13"><span class='ocrx_word' id='word_1_34' title='bbox 548 665 676 726; x_wconf 80' lang='lat' dir='ltr'><strong>fuit,</strong></span> <span class='ocrx_word' id='word_1_35' title='bbox 718 659 960 730; x_wconf 86' lang='lat' dir='ltr'><strong>quandiu</strong></span> <span class='ocrx_word' id='word_1_36' title='bbox 1005 657 1070 711; x_wconf 89' lang='lat' dir='ltr'><strong>ad</strong></span> <span class='ocrx_word' id='word_1_37' title='bbox 1138 656 1272 711; x_wconf 89' lang='lat' dir='ltr'><strong>illud</strong></span> <span class='ocrx_word' id='word_1_38' title='bbox 1331 666 1591 709; x_wconf 77' lang='lat' dir='ltr'><strong>reversus</strong></span> <span class='ocrx_word' id='word_1_39' title='bbox 1624 656 1733 712; x_wconf 83' lang='lat' dir='ltr'><strong>est,</strong></span> <span class='ocrx_word' id='word_1_40' title='bbox 1806 643 2118 716; x_wconf 82' lang='lat' dir='ltr'><strong>proprium,</strong></span> 
     </span>
    </p>
   </div>
   <div class='ocr_carea' id='block_1_9' title="bbox 549 733 2116 822">
    <p class='ocr_par' dir='ltr' id='par_1_9' title="bbox 549 733 2116 822">
     <span class='ocr_line' id='line_1_9' title="bbox 549 733 2116 822; baseline -0.014 -14"><span class='ocrx_word' id='word_1_41' title='bbox 549 754 791 822; x_wconf 89' lang='lat' dir='ltr'><strong>inquam,</strong></span> <span class='ocrx_word' id='word_1_42' title='bbox 825 758 880 804; x_wconf 87' lang='lat' dir='ltr'><strong>et</strong></span> <span class='ocrx_word' id='word_1_43' title='bbox 928 748 1181 803; x_wconf 78' lang='lat' dir='ltr'><strong>naturale</strong></span> <span class='ocrx_word' id='word_1_44' title='bbox 1246 746 1473 807; x_wconf 87' lang='lat' dir='ltr'><strong>bonum,</strong></span> <span class='ocrx_word' id='word_1_45' title='bbox 1518 744 1574 797; x_wconf 90' lang='lat' dir='ltr'><strong>in</strong></span> <span class='ocrx_word' id='word_1_46' title='bbox 1628 754 1739 811; x_wconf 91' lang='lat' dir='ltr'><strong>quo</strong></span> <span class='ocrx_word' id='word_1_47' title='bbox 1767 744 1889 794; x_wconf 85' lang='lat' dir='ltr'><strong>erat</strong></span> <span class='ocrx_word' id='word_1_48' title='bbox 1939 733 2116 790; x_wconf 90' lang='lat' dir='ltr'><strong>initio.</strong></span> 
     </span>
    </p>
   </div>
   <div class='ocr_carea' id='block_1_10' title="bbox 547 833 2121 909">
    <p class='ocr_par' dir='ltr' id='par_1_10' title="bbox 547 833 2121 909">
     <span class='ocr_line' id='line_1_10' title="bbox 547 833 2121 909; baseline -0.014 -10"><span class='ocrx_word' id='word_1_49' title='bbox 547 844 726 899; x_wconf 86' lang='lat' dir='ltr'><strong>Locus</strong></span> <span class='ocrx_word' id='word_1_50' title='bbox 773 850 956 895; x_wconf 85' lang='lat' dir='ltr'><strong>autem</strong></span> <span class='ocrx_word' id='word_1_51' title='bbox 1011 841 1061 894; x_wconf 89' lang='lat' dir='ltr'><strong>ei</strong></span> <span class='ocrx_word' id='word_1_52' title='bbox 1096 834 1503 909; x_wconf 86' lang='lat' dir='ltr'><strong>quodammodo</strong></span> <span class='ocrx_word' id='word_1_53' title='bbox 1540 833 1800 905; x_wconf 84' lang='lat' dir='ltr'><strong>proprius</strong></span> <span class='ocrx_word' id='word_1_54' title='bbox 1850 844 1916 882; x_wconf 88' lang='lat' dir='ltr'><strong>ac</strong></span> <span class='ocrx_word' id='word_1_55' title='bbox 1958 834 2121 881; x_wconf 84' lang='lat' dir='ltr'><strong>natu-</strong></span> 
     </span>
    </p>
   </div>
   <div class='ocr_carea' id='block_1_11' title="bbox 547 921 2119 1002">
    <p class='ocr_par' dir='ltr' id='par_1_11' title="bbox 547 921 2119 1002">
     <span class='ocr_line' id='line_1_11' title="bbox 547 921 2119 1002; baseline -0.009 -13"><span class='ocrx_word' id='word_1_56' title='bbox 547 935 681 989; x_wconf 82' lang='lat' dir='ltr'><strong>ralis</strong></span> <span class='ocrx_word' id='word_1_57' title='bbox 712 933 836 1002; x_wconf 87' lang='lat' dir='ltr'><strong>jure</strong></span> <span class='ocrx_word' id='word_1_58' title='bbox 884 932 1205 988; x_wconf 78' lang='lat' dir='ltr'><strong>censebitur</strong></span> <span class='ocrx_word' id='word_1_59' title='bbox 1256 929 1349 984; x_wconf 89' lang='lat' dir='ltr'><strong>illa</strong></span> <span class='ocrx_word' id='word_1_60' title='bbox 1405 943 1530 983; x_wconf 87' lang='lat' dir='ltr'><strong>cum</strong></span> <span class='ocrx_word' id='word_1_61' title='bbox 1589 925 1748 980; x_wconf 86' lang='lat' dir='ltr'><strong>Patre</strong></span> <span class='ocrx_word' id='word_1_62' title='bbox 1809 921 2119 992; x_wconf 60' lang='lat' dir='ltr'><strong>inqualitas,</strong></span> 
     </span>
    </p>
   </div>
   <div class='ocr_carea' id='block_1_12' title="bbox 546 1016 2121 1096">
    <p class='ocr_par' dir='ltr' id='par_1_12' title="bbox 546 1016 2121 1096">
     <span class='ocr_line' id='line_1_12' title="bbox 546 1016 2121 1096; baseline -0.008 -17"><span class='ocrx_word' id='word_1_63' title='bbox 546 1042 710 1096; x_wconf 86' lang='lat' dir='ltr'><strong>quam</strong></span> <span class='ocrx_word' id='word_1_64' title='bbox 766 1040 892 1080; x_wconf 87' lang='lat' dir='ltr'><strong>cum</strong></span> <span class='ocrx_word' id='word_1_65' title='bbox 934 1025 1188 1079; x_wconf 73' lang='lat' dir='ltr'><strong>obstante</strong></span> <span class='ocrx_word' id='word_1_66' title='bbox 1242 1021 1464 1076; x_wconf 85' lang='lat' dir='ltr'><strong>nemine</strong></span> <span class='ocrx_word' id='word_1_67' title='bbox 1503 1018 1706 1073; x_wconf 90' lang='lat' dir='ltr'><strong>habere</strong></span> <span class='ocrx_word' id='word_1_68' title='bbox 1762 1016 1977 1077; x_wconf 80' lang='lat' dir='ltr'><strong>liceret,</strong></span> <span class='ocrx_word' id='word_1_69' title='bbox 2008 1026 2121 1066; x_wconf 86' lang='lat' dir='ltr'><strong>non</strong></span> 
     </span>
    </p>
   </div>
   <div class='ocr_carea' id='block_1_13' title="bbox 546 1103 2121 1186">
    <p class='ocr_par' dir='ltr' id='par_1_13' title="bbox 546 1103 2121 1186">
     <span class='ocr_line' id='line_1_13' title="bbox 546 1103 2121 1186; baseline -0.009 -16"><span class='ocrx_word' id='word_1_70' title='bbox 546 1125 729 1170; x_wconf 88' lang='lat' dir='ltr'><strong>tamen</strong></span> <span class='ocrx_word' id='word_1_71' title='bbox 756 1115 1006 1186; x_wconf 75' lang='lat' dir='ltr'><strong>rapinam</strong></span> <span class='ocrx_word' id='word_1_72' title='bbox 1034 1114 1335 1169; x_wconf 79' lang='lat' dir='ltr'><strong>arbitratus</strong></span> <span class='ocrx_word' id='word_1_73' title='bbox 1350 1117 1437 1167; x_wconf 87' lang='lat' dir='ltr'><strong>est</strong></span> <span class='ocrx_word' id='word_1_74' title='bbox 1458 1118 1683 1180; x_wconf 79' lang='lat' dir='ltr'><strong>propter</strong></span> <span class='ocrx_word' id='word_1_75' title='bbox 1712 1121 1815 1163; x_wconf 91' lang='lat' dir='ltr'><strong>nos</strong></span> <span class='ocrx_word' id='word_1_76' title='bbox 1832 1105 1901 1160; x_wconf 78' lang='lat'><strong>“.</strong></span> <span class='ocrx_word' id='word_1_77' title='bbox 1923 1103 2121 1169; x_wconf 71' lang='lat' dir='ltr'><strong>Porro,</strong></span> 
     </span>
    </p>
   </div>
   <div class='ocr_carea' id='block_1_14' title="bbox 546 1191 2121 1275">
    <p class='ocr_par' dir='ltr' id='par_1_14' title="bbox 546 1191 2121 1275">
     <span class='ocr_line' id='line_1_14' title="bbox 546 1191 2121 1275; baseline -0.011 -14"><span class='ocrx_word' id='word_1_78' title='bbox 546 1220 671 1261; x_wconf 87' lang='lat' dir='ltr'><strong>cum</strong></span> <span class='ocrx_word' id='word_1_79' title='bbox 709 1204 780 1260; x_wconf 86' lang='lat' dir='ltr'><strong>de</strong></span> <span class='ocrx_word' id='word_1_80' title='bbox 830 1204 1145 1275; x_wconf 84' lang='lat' dir='ltr'><strong>aequalitate</strong></span> <span class='ocrx_word' id='word_1_81' title='bbox 1176 1201 1300 1258; x_wconf 84' lang='lat' dir='ltr'><strong>Filii</strong></span> <span class='ocrx_word' id='word_1_82' title='bbox 1336 1216 1462 1254; x_wconf 88' lang='lat' dir='ltr'><strong>cum</strong></span> <span class='ocrx_word' id='word_1_83' title='bbox 1495 1198 1608 1254; x_wconf 90' lang='lat' dir='ltr'><strong>Deo</strong></span> <span class='ocrx_word' id='word_1_84' title='bbox 1640 1211 1705 1264; x_wconf 84' lang='lat' dir='ltr'><strong>ac</strong></span> <span class='ocrx_word' id='word_1_85' title='bbox 1745 1195 1907 1249; x_wconf 88' lang='lat' dir='ltr'><strong>Patre</strong></span> <span class='ocrx_word' id='word_1_86' title='bbox 1948 1191 2121 1248; x_wconf 91' lang='lat' dir='ltr'><strong>multa</strong></span> 
     </span>
    </p>
   </div>
   <div class='ocr_carea' id='block_1_15' title="bbox 548 1288 2122 1366">
    <p class='ocr_par' dir='ltr' id='par_1_15' title="bbox 548 1288 2122 1366">
     <span class='ocr_line' id='line_1_15' title="bbox 548 1288 2122 1366; baseline -0.01 -14"><span class='ocrx_word' id='word_1_87' title='bbox 548 1297 783 1352; x_wconf 79' lang='lat' dir='ltr'><strong>nobis-in</strong></span> <span class='ocrx_word' id='word_1_88' title='bbox 816 1295 1193 1366; x_wconf 85' lang='lat' dir='ltr'><strong>superioribus</strong></span> <span class='ocrx_word' id='word_1_89' title='bbox 1232 1292 1391 1349; x_wconf 85' lang='lat' dir='ltr'><strong>libris</strong></span> <span class='ocrx_word' id='word_1_90' title='bbox 1421 1291 1571 1346; x_wconf 77' lang='lat' dir='ltr'><strong>dicta</strong></span> <span class='ocrx_word' id='word_1_91' title='bbox 1621 1288 1756 1350; x_wconf 88' lang='lat' dir='ltr'><strong>sint,</strong></span> <span class='ocrx_word' id='word_1_92' title='bbox 1783 1300 1968 1356; x_wconf 64' lang='lat' dir='ltr'><strong>opera:</strong></span> <span class='ocrx_word' id='word_1_93' title='bbox 1993 1298 2122 1352; x_wconf 85' lang='lat' dir='ltr'><strong>pre-</strong></span> 
     </span>
    </p>
   </div>
   <div class='ocr_carea' id='block_1_16' title="bbox 549 1373 2123 1454">
    <p class='ocr_par' dir='ltr' id='par_1_16' title="bbox 549 1373 2123 1454">
     <span class='ocr_line' id='line_1_16' title="bbox 549 1373 2123 1454; baseline -0.009 -14"><span class='ocrx_word' id='word_1_94' title='bbox 549 1390 683 1442; x_wconf 88' lang='lat' dir='ltr'><strong>tium</strong></span> <span class='ocrx_word' id='word_1_95' title='bbox 715 1387 902 1443; x_wconf 81' lang='lat' dir='ltr'><strong>forsan</strong></span> <span class='ocrx_word' id='word_1_96' title='bbox 952 1396 1100 1443; x_wconf 84' lang='lat' dir='ltr'><strong>esset</strong></span> <span class='ocrx_word' id='word_1_97' title='bbox 1127 1386 1191 1439; x_wconf 90' lang='lat' dir='ltr'><strong>ad</strong></span> <span class='ocrx_word' id='word_1_98' title='bbox 1220 1400 1282 1438; x_wconf 90' lang='lat' dir='ltr'><strong>ea</strong></span> <span class='ocrx_word' id='word_1_99' title='bbox 1311 1398 1433 1454; x_wconf 66' lang='lat' dir='ltr'><strong>quae</strong></span> <span class='ocrx_word' id='word_1_100' title='bbox 1462 1386 1772 1449; x_wconf 88' lang='lat' dir='ltr'><strong>sequuntur</strong></span> <span class='ocrx_word' id='word_1_101' title='bbox 1798 1373 2123 1446; x_wconf 83' lang='lat' dir='ltr'><strong>explicanda</strong></span> 
     </span>
    </p>
   </div>
   <div class='ocr_carea' id='block_1_17' title="bbox 550 1467 2125 1549">
    <p class='ocr_par' dir='ltr' id='par_1_17' title="bbox 550 1467 2125 1549">
     <span class='ocr_line' id='line_1_17' title="bbox 550 1467 2125 1549; baseline -0.008 -17"><span class='ocrx_word' id='word_1_102' title='bbox 550 1493 648 1534; x_wconf 90' lang='lat' dir='ltr'><strong>nos</strong></span> <span class='ocrx_word' id='word_1_103' title='bbox 696 1479 1008 1549; x_wconf 75' lang='lat' dir='ltr'><strong>accingere,</strong></span> <span class='ocrx_word' id='word_1_104' title='bbox 1047 1477 1204 1547; x_wconf 81' lang='lat' dir='ltr'><strong>plura</strong></span> <span class='ocrx_word' id='word_1_105' title='bbox 1259 1477 1326 1530; x_wconf 90' lang='lat' dir='ltr'><strong>de</strong></span> <span class='ocrx_word' id='word_1_106' title='bbox 1360 1474 1446 1528; x_wconf 90' lang='lat' dir='ltr'><strong>his</strong></span> <span class='ocrx_word' id='word_1_107' title='bbox 1486 1474 1812 1541; x_wconf 71' lang='lat' dir='ltr'><strong>impraesens</strong></span> <span class='ocrx_word' id='word_1_108' title='bbox 1849 1467 2125 1523; x_wconf 80' lang='lat' dir='ltr'><strong>disserere</strong></span> 
     </span>
    </p>
   </div>
   <div class='ocr_carea' id='block_1_18' title="bbox 547 1556 2124 1636">
    <p class='ocr_par' dir='ltr' id='par_1_18' title="bbox 547 1556 2124 1636">
     <span class='ocr_line' id='line_1_18' title="bbox 547 1556 2124 1636; baseline -0.008 -15"><span class='ocrx_word' id='word_1_109' title='bbox 547 1570 886 1625; x_wconf 77' lang='lat' dir='ltr'><strong>oruittentes.</strong></span> <span class='ocrx_word' id='word_1_110' title='bbox 914 1568 1021 1624; x_wconf 86' lang='lat' dir='ltr'><strong>Sed</strong></span> <span class='ocrx_word' id='word_1_111' title='bbox 1061 1566 1320 1636; x_wconf 85' lang='lat' dir='ltr'><strong>quoniam</strong></span> <span class='ocrx_word' id='word_1_112' title='bbox 1353 1580 1423 1620; x_wconf 82' lang='lat' dir='ltr'><strong>ex</strong></span> <span class='ocrx_word' id='word_1_113' title='bbox 1455 1562 1666 1619; x_wconf 85' lang='lat' dir='ltr'><strong>insanis</strong></span> <span class='ocrx_word' id='word_1_114' title='bbox 1695 1559 1971 1616; x_wconf 80' lang='lat' dir='ltr'><strong>haereticis</strong></span> <span class='ocrx_word' id='word_1_115' title='bbox 2001 1556 2124 1625; x_wconf 82' lang='lat' dir='ltr'><strong>qui-</strong></span> 
     </span>
    </p>
   </div>
   <div class='ocr_carea' id='block_1_19' title="bbox 548 1646 2123 1724">
    <p class='ocr_par' dir='ltr' id='par_1_19' title="bbox 548 1646 2123 1724">
     <span class='ocr_line' id='line_1_19' title="bbox 548 1646 2123 1724; baseline -0.006 -16"><span class='ocrx_word' id='word_1_116' title='bbox 548 1656 699 1719; x_wconf 84' lang='lat' dir='ltr'><strong>dam,</strong></span> <span class='ocrx_word' id='word_1_117' title='bbox 738 1669 845 1710; x_wconf 91' lang='lat' dir='ltr'><strong>non</strong></span> <span class='ocrx_word' id='word_1_118' title='bbox 875 1655 1153 1724; x_wconf 80' lang='lat' dir='ltr'><strong>vulgarem</strong></span> <span class='ocrx_word' id='word_1_119' title='bbox 1193 1653 1335 1724; x_wconf 87' lang='lat' dir='ltr'><strong>apud</strong></span> <span class='ocrx_word' id='word_1_120' title='bbox 1360 1651 1579 1707; x_wconf 75' lang='lat' dir='ltr'><strong>Jndeeos</strong></span> <span class='ocrx_word' id='word_1_121' title='bbox 1622 1663 1906 1704; x_wconf 85' lang='lat' dir='ltr'><strong>sacrarum</strong></span> <span class='ocrx_word' id='word_1_122' title='bbox 1949 1646 2123 1701; x_wconf 82' lang='lat' dir='ltr'><strong>Litte-</strong></span> 
     </span>
    </p>
   </div>
   <div class='ocr_carea' id='block_1_20' title="bbox 551 1741 2119 1814">
    <p class='ocr_par' dir='ltr' id='par_1_20' title="bbox 551 1741 2119 1814">
     <span class='ocr_line' id='line_1_20' title="bbox 551 1741 2119 1814; baseline -0.004 -16"><span class='ocrx_word' id='word_1_123' title='bbox 551 1760 733 1799; x_wconf 82' lang='lat' dir='ltr'><strong>rarum</strong></span> <span class='ocrx_word' id='word_1_124' title='bbox 766 1745 1137 1814; x_wconf 78' lang='lat' dir='ltr'><strong>cognitionem</strong></span> <span class='ocrx_word' id='word_1_125' title='bbox 1169 1754 1387 1807; x_wconf 80' lang='lat' dir='ltr'><strong>nactus,</strong></span> <span class='ocrx_word' id='word_1_126' title='bbox 1423 1743 1570 1797; x_wconf 72' lang='lat' dir='ltr'><strong>[nunc</strong></span> <span class='ocrx_word' id='word_1_127' title='bbox 1608 1742 1787 1796; x_wconf 90' lang='lat' dir='ltr'><strong>locum</strong></span> <span class='ocrx_word' id='word_1_128' title='bbox 1811 1741 2119 1809; x_wconf 81' lang='lat' dir='ltr'><strong>explicans,</strong></span> 
     </span>
    </p>
   </div>
   <div class='ocr_carea' id='block_1_21' title="bbox 550 1831 2119 1905">
    <p class='ocr_par' dir='ltr' id='par_1_21' title="bbox 550 1831 2119 1905">
     <span class='ocr_line' id='line_1_21' title="bbox 550 1831 2119 1905; baseline -0.004 -14"><span class='ocrx_word' id='word_1_129' title='bbox 550 1837 924 1892; x_wconf 86' lang='lat' dir='ltr'><strong>intolerabiles</strong></span> <span class='ocrx_word' id='word_1_130' title='bbox 998 1835 1370 1905; x_wconf 73' lang='lat' dir='ltr'><strong>blasphemiae</strong></span> <span class='ocrx_word' id='word_1_131' title='bbox 1444 1834 1705 1889; x_wconf 82' lang='lat' dir='ltr'><strong>adversus</strong></span> <span class='ocrx_word' id='word_1_132' title='bbox 1765 1831 2119 1903; x_wconf 79' lang='lat' dir='ltr'><strong>Unigenitum</strong></span> 
     </span>
    </p>
   </div>
   <div class='ocr_carea' id='block_1_22' title="bbox 549 1924 2119 1996">
    <p class='ocr_par' dir='ltr' id='par_1_22' title="bbox 549 1924 2119 1996">
     <span class='ocr_line' id='line_1_22' title="bbox 549 1924 2119 1996; baseline -0.004 -15"><span class='ocrx_word' id='word_1_133' title='bbox 549 1927 774 1996; x_wconf 78' lang='lat' dir='ltr'><strong>scriptis</strong></span> <span class='ocrx_word' id='word_1_134' title='bbox 818 1926 1069 1992; x_wconf 84' lang='lat' dir='ltr'><strong>tradidit,</strong></span> <span class='ocrx_word' id='word_1_135' title='bbox 1118 1941 1232 1983; x_wconf 85' lang='lat' dir='ltr'><strong>rem</strong></span> <span class='ocrx_word' id='word_1_136' title='bbox 1286 1926 1453 1983; x_wconf 87' lang='lat' dir='ltr'><strong>nimis</strong></span> <span class='ocrx_word' id='word_1_137' title='bbox 1501 1924 1730 1979; x_wconf 86' lang='lat' dir='ltr'><strong>inertem</strong></span> <span class='ocrx_word' id='word_1_138' title='bbox 1781 1924 2055 1992; x_wconf 89' lang='lat' dir='ltr'><strong>nimisque</strong></span> <span class='ocrx_word' id='word_1_139' title='bbox 2090 1936 2119 1974; x_wconf 89' lang='lat' dir='ltr'><strong>a</strong></span> 
     </span>
    </p>
   </div>
   <div class='ocr_carea' id='block_1_23' title="bbox 549 2011 2121 2086">
    <p class='ocr_par' dir='ltr' id='par_1_23' title="bbox 549 2011 2121 2086">
     <span class='ocr_line' id='line_1_23' title="bbox 549 2011 2121 2086; baseline -0.004 -16"><span class='ocrx_word' id='word_1_140' title='bbox 549 2034 636 2073; x_wconf 90' lang='lat' dir='ltr'><strong>me</strong></span> <span class='ocrx_word' id='word_1_141' title='bbox 680 2017 910 2073; x_wconf 89' lang='lat' dir='ltr'><strong>alienam</strong></span> <span class='ocrx_word' id='word_1_142' title='bbox 958 2016 1235 2071; x_wconf 76' lang='lat' dir='ltr'><strong>facturum</strong></span> <span class='ocrx_word' id='word_1_143' title='bbox 1273 2016 1482 2086; x_wconf 88' lang='lat' dir='ltr'><strong>putavi,</strong></span> <span class='ocrx_word' id='word_1_144' title='bbox 1522 2015 1568 2071; x_wconf 87' lang='lat' dir='ltr'><strong>si</strong></span> <span class='ocrx_word' id='word_1_145' title='bbox 1601 2021 1807 2069; x_wconf 87' lang='lat' dir='ltr'><strong>tantam</strong></span> <span class='ocrx_word' id='word_1_146' title='bbox 1851 2011 1973 2079; x_wconf 88' lang='lat' dir='ltr'><strong>ejus</strong></span> <span class='ocrx_word' id='word_1_147' title='bbox 2022 2013 2121 2063; x_wconf 89' lang='lat' dir='ltr'><strong>ho-</strong></span> 
     </span>
    </p>
   </div>
   <div class='ocr_carea' id='block_1_24' title="bbox 549 2100 2122 2179">
    <p class='ocr_par' dir='ltr' id='par_1_24' title="bbox 549 2100 2122 2179">
     <span class='ocr_line' id='line_1_24' title="bbox 549 2100 2122 2179; baseline -0.003 -16"><span class='ocrx_word' id='word_1_148' title='bbox 549 2108 711 2165; x_wconf 84' lang='lat' dir='ltr'><strong>minis</strong></span> <span class='ocrx_word' id='word_1_149' title='bbox 750 2109 1022 2165; x_wconf 86' lang='lat' dir='ltr'><strong>insaniam</strong></span> <span class='ocrx_word' id='word_1_150' title='bbox 1054 2109 1276 2165; x_wconf 84' lang='lat' dir='ltr'><strong>sileutio</strong></span> <span class='ocrx_word' id='word_1_151' title='bbox 1316 2108 1673 2179; x_wconf 70' lang='lat' dir='ltr'><strong>praeterirem.</strong></span> <span class='ocrx_word' id='word_1_152' title='bbox 1707 2102 1913 2160; x_wconf 88' lang='lat' dir='ltr'><strong>Ordine</strong></span> <span class='ocrx_word' id='word_1_153' title='bbox 1957 2100 2122 2173; x_wconf 79' lang='lat' dir='ltr'><strong>igitur</strong></span> 
     </span>
    </p>
   </div>
   <div class='ocr_carea' id='block_1_25' title="bbox 545 2199 2121 2268">
    <p class='ocr_par' dir='ltr' id='par_1_25' title="bbox 545 2199 2121 2268">
     <span class='ocr_line' id='line_1_25' title="bbox 545 2199 2121 2268; baseline -0.004 -11"><span class='ocrx_word' id='word_1_154' title='bbox 545 2202 595 2257; x_wconf 92' lang='lat' dir='ltr'><strong>ei</strong></span> <span class='ocrx_word' id='word_1_155' title='bbox 624 2202 1026 2258; x_wconf 89' lang='lat' dir='ltr'><strong>occurrendum</strong></span> <span class='ocrx_word' id='word_1_156' title='bbox 1079 2216 1313 2268; x_wconf 84' lang='lat' dir='ltr'><strong>censeo,</strong></span> <span class='ocrx_word' id='word_1_157' title='bbox 1364 2199 1967 2265; x_wconf 86' lang='lat' dir='ltr'><strong>demonstrandumque</strong></span> <span class='ocrx_word' id='word_1_158' title='bbox 2020 2211 2121 2265; x_wconf 87' lang='lat' dir='ltr'><strong>pu-</strong></span> 
     </span>
    </p>
   </div>
   <div class='ocr_carea' id='block_1_26' title="bbox 547 2286 2120 2361">
    <p class='ocr_par' dir='ltr' id='par_1_26' title="bbox 547 2286 2120 2361">
     <span class='ocr_line' id='line_1_26' title="bbox 547 2286 2120 2361; baseline -0.002 -16"><span class='ocrx_word' id='word_1_159' title='bbox 547 2292 690 2348; x_wconf 90' lang='lat' dir='ltr'><strong>tidas</strong></span> <span class='ocrx_word' id='word_1_160' title='bbox 721 2308 846 2349; x_wconf 86' lang='lat' dir='ltr'><strong>esse</strong></span> <span class='ocrx_word' id='word_1_161' title='bbox 880 2303 935 2348; x_wconf 84' lang='lat' dir='ltr'><strong>et</strong></span> <span class='ocrx_word' id='word_1_162' title='bbox 968 2292 1143 2348; x_wconf 83' lang='lat' dir='ltr'><strong>aniles</strong></span> <span class='ocrx_word' id='word_1_163' title='bbox 1171 2292 1293 2361; x_wconf 86' lang='lat' dir='ltr'><strong>ejus</strong></span> <span class='ocrx_word' id='word_1_164' title='bbox 1329 2291 1579 2352; x_wconf 82' lang='lat' dir='ltr'><strong>fabellas,</strong></span> <span class='ocrx_word' id='word_1_165' title='bbox 1614 2296 1669 2345; x_wconf 87' lang='lat' dir='ltr'><strong>et</strong></span> <span class='ocrx_word' id='word_1_166' title='bbox 1701 2286 1852 2343; x_wconf 79' lang='lat' dir='ltr'><strong>omni</strong></span> <span class='ocrx_word' id='word_1_167' title='bbox 1888 2302 2120 2358; x_wconf 82' lang='lat' dir='ltr'><strong>prorsus</strong></span> 
     </span>
    </p>
   </div>
   <div class='ocr_carea' id='block_1_27' title="bbox 542 2379 2120 2453">
    <p class='ocr_par' dir='ltr' id='par_1_27' title="bbox 542 2379 2120 2453">
     <span class='ocr_line' id='line_1_27' title="bbox 542 2379 2120 2453; baseline -0.003 -16"><span class='ocrx_word' id='word_1_168' title='bbox 542 2383 753 2453; x_wconf 88' lang='lat' dir='ltr'><strong>judicio</strong></span> <span class='ocrx_word' id='word_1_169' title='bbox 779 2383 1097 2447; x_wconf 84' lang='lat' dir='ltr'><strong>destitutas,</strong></span> <span class='ocrx_word' id='word_1_170' title='bbox 1132 2382 1491 2451; x_wconf 87' lang='lat' dir='ltr'><strong>inaniumque</strong></span> <span class='ocrx_word' id='word_1_171' title='bbox 1540 2380 1814 2435; x_wconf 73' lang='lat' dir='ltr'><strong>duntaxat</strong></span> <span class='ocrx_word' id='word_1_172' title='bbox 1843 2379 2120 2434; x_wconf 89' lang='lat' dir='ltr'><strong>rationum</strong></span> 
     </span>
    </p>
   </div>
   <div class='ocr_carea' id='block_1_28' title="bbox 548 2469 2123 2541">
    <p class='ocr_par' dir='ltr' id='par_1_28' title="bbox 548 2469 2123 2541">
     <span class='ocr_line' id='line_1_28' title="bbox 548 2469 2123 2541; baseline -0.003 -15"><span class='ocrx_word' id='word_1_173' title='bbox 548 2473 797 2541; x_wconf 86' lang='lat' dir='ltr'><strong>strophis</strong></span> <span class='ocrx_word' id='word_1_174' title='bbox 830 2473 1040 2541; x_wconf 89' lang='lat' dir='ltr'><strong>plenas.</strong></span> <span class='ocrx_word' id='word_1_175' title='bbox 1086 2471 1170 2526; x_wconf 81' lang='lat' dir='ltr'><strong>Ad</strong></span> <span class='ocrx_word' id='word_1_176' title='bbox 1216 2471 1445 2527; x_wconf 77' lang='lat' dir='ltr'><strong>verbum</strong></span> <span class='ocrx_word' id='word_1_177' title='bbox 1485 2477 1669 2525; x_wconf 81' lang='lat' dir='ltr'><strong>autem</strong></span> <span class='ocrx_word' id='word_1_178' title='bbox 1706 2469 1954 2528; x_wconf 86' lang='lat' dir='ltr'><strong>recitabo</strong></span> <span class='ocrx_word' id='word_1_179' title='bbox 2000 2483 2123 2539; x_wconf 66' lang='lat' dir='ltr'><strong>quae</strong></span> 
     </span>
    </p>
   </div>
   <div class='ocr_carea' id='block_1_29' title="bbox 549 2561 2124 2623">
    <p class='ocr_par' dir='ltr' id='par_1_29' title="bbox 549 2561 2124 2623">
     <span class='ocr_line' id='line_1_29' title="bbox 549 2561 2124 2623; baseline -0.004 -3"><span class='ocrx_word' id='word_1_180' title='bbox 549 2564 1000 2620; x_wconf 83' lang='lat' dir='ltr'><strong>scribere&#39;ausus</strong></span> <span class='ocrx_word' id='word_1_181' title='bbox 1037 2571 1144 2623; x_wconf 89' lang='lat' dir='ltr'><strong>est.</strong></span> <span class='ocrx_word' id='word_1_182' title='bbox 1167 2577 1293 2617; x_wconf 89' lang='lat' dir='ltr'><strong>cum</strong></span> <span class='ocrx_word' id='word_1_183' title='bbox 1325 2564 1477 2618; x_wconf 86' lang='lat' dir='ltr'><strong>visus</strong></span> <span class='ocrx_word' id='word_1_184' title='bbox 1505 2569 1590 2616; x_wconf 88' lang='lat' dir='ltr'><strong>est</strong></span> <span class='ocrx_word' id='word_1_185' title='bbox 1621 2561 1729 2616; x_wconf 91' lang='lat' dir='ltr'><strong>sibi</strong></span> <span class='ocrx_word' id='word_1_186' title='bbox 1760 2576 1985 2616; x_wconf 86' lang='lat' dir='ltr'><strong>sensum</strong></span> <span class='ocrx_word' id='word_1_187' title='bbox 2019 2562 2124 2614; x_wconf 91' lang='lat' dir='ltr'><strong>loci</strong></span> 
     </span>
    </p>
   </div>
   <div class='ocr_carea' id='block_1_30' title="bbox 550 2650 2124 2723">
    <p class='ocr_par' dir='ltr' id='par_1_30' title="bbox 550 2650 2124 2723">
     <span class='ocr_line' id='line_1_30' title="bbox 550 2650 2124 2723; baseline -0.003 -13"><span class='ocrx_word' id='word_1_188' title='bbox 550 2656 717 2720; x_wconf 79' lang='lat' dir='ltr'><strong>lmjus</strong></span> <span class='ocrx_word' id='word_1_189' title='bbox 762 2669 1058 2723; x_wconf 77' lang='lat' dir='ltr'><strong>exponere.</strong></span> <span class='ocrx_word' id='word_1_190' title='bbox 1099 2652 1420 2723; x_wconf 18' lang='lat' dir='ltr'><strong>«.Majorem</strong></span> <span class='ocrx_word' id='word_1_191' title='bbox 1462 2664 1643 2708; x_wconf 85' lang='lat' dir='ltr'><strong>autem</strong></span> <span class='ocrx_word' id='word_1_192' title='bbox 1683 2652 1869 2721; x_wconf 81' lang='lat' dir='ltr'><strong>seipse</strong></span> <span class='ocrx_word' id='word_1_193' title='bbox 1906 2650 2124 2705; x_wconf 86' lang='lat' dir='ltr'><strong>Patrem</strong></span> 
     </span>
    </p>
   </div>
   <div class='ocr_carea' id='block_1_31' title="bbox 550 2741 2124 2817">
    <p class='ocr_par' dir='ltr' id='par_1_31' title="bbox 550 2741 2124 2817">
     <span class='ocr_line' id='line_1_31' title="bbox 550 2741 2124 2817; baseline -0.004 -15"><span class='ocrx_word' id='word_1_194' title='bbox 550 2755 738 2817; x_wconf 82' lang='lat' dir='ltr'><strong>aperte</strong></span> <span class='ocrx_word' id='word_1_195' title='bbox 786 2746 1111 2816; x_wconf 81' lang='lat' dir='ltr'><strong>praedicans,</strong></span> <span class='ocrx_word' id='word_1_196' title='bbox 1157 2761 1265 2801; x_wconf 85' lang='lat' dir='ltr'><strong>non</strong></span> <span class='ocrx_word' id='word_1_197' title='bbox 1301 2746 1480 2800; x_wconf 80' lang='lat' dir='ltr'><strong>solum</strong></span> <span class='ocrx_word' id='word_1_198' title='bbox 1511 2741 1915 2813; x_wconf 12' lang='lat' dir='ltr'><strong>gratitudinem,</strong></span> <span class='ocrx_word' id='word_1_199' title='bbox 1941 2757 1999 2797; x_wconf 84' lang='lat' dir='ltr'><strong>se</strong></span> <span class='ocrx_word' id='word_1_200' title='bbox 2042 2742 2124 2796; x_wconf 87' lang='lat' dir='ltr'><strong>di-</strong></span> 
     </span>
    </p>
   </div>
   <div class='ocr_carea' id='block_1_32' title="bbox 550 2818 2125 2909">
    <p class='ocr_par' dir='ltr' id='par_1_32' title="bbox 550 2818 2125 2909">
     <span class='ocr_line' id='line_1_32' title="bbox 550 2818 2125 2909; baseline -0.003 -18"><span class='ocrx_word' id='word_1_201' title='bbox 550 2854 711 2909; x_wconf 90' lang='lat' dir='ltr'><strong>gnam</strong></span> <span class='ocrx_word' id='word_1_202' title='bbox 762 2837 1033 2901; x_wconf 80' lang='lat' dir='ltr'><strong>exhibuit,</strong></span> <span class='ocrx_word' id='word_1_203' title='bbox 1062 2836 1155 2891; x_wconf 88' lang='lat' dir='ltr'><strong>sed</strong></span> <span class='ocrx_word' id='word_1_204' title='bbox 1195 2845 1249 2890; x_wconf 88' lang='lat' dir='ltr'><strong>et</strong></span> <span class='ocrx_word' id='word_1_205' title='bbox 1280 2850 1473 2889; x_wconf 88' lang='lat' dir='ltr'><strong>eorum</strong></span> <span class='ocrx_word' id='word_1_206' title='bbox 1516 2834 1611 2904; x_wconf 92' lang='lat' dir='ltr'><strong>qui</strong></span> <span class='ocrx_word' id='word_1_207' title='bbox 1656 2818 1865 2902; x_wconf 55' lang='lat' dir='ltr'><strong>ambos</strong></span> <span class='ocrx_word' id='word_1_208' title='bbox 1885 2824 2125 2903; x_wconf 73' lang='lat' dir='ltr'><strong>aequales</strong></span> 
     </span>
    </p>
   </div>
   <div class='ocr_carea' id='block_1_33' title="bbox 548 2924 2126 2998">
    <p class='ocr_par' dir='ltr' id='par_1_33' title="bbox 548 2924 2126 2998">
     <span class='ocr_line' id='line_1_33' title="bbox 548 2924 2126 2998; baseline -0.004 -12"><span class='ocrx_word' id='word_1_209' title='bbox 548 2945 675 2986; x_wconf 81' lang='lat' dir='ltr'><strong>esse</strong></span> <span class='ocrx_word' id='word_1_210' title='bbox 711 2937 906 2998; x_wconf 76' lang='lat' dir='ltr'><strong>potant</strong></span> <span class='ocrx_word' id='word_1_211' title='bbox 953 2927 1303 2982; x_wconf 85' lang='lat' dir='ltr'><strong>mendacium</strong></span> <span class='ocrx_word' id='word_1_212' title='bbox 1332 2927 1602 2995; x_wconf 75' lang='lat' dir='ltr'><strong>coarguit.</strong></span> <span class='ocrx_word' id='word_1_213' title='bbox 1642 2944 1662 2976; x_wconf 77' lang='grc' dir='ltr'><strong>ι</strong></span> <span class='ocrx_word' id='word_1_214' title='bbox 1699 2925 1910 2991; x_wconf 86' lang='lat' dir='ltr'><strong>Quibus</strong></span> <span class='ocrx_word' id='word_1_215' title='bbox 1944 2924 2126 2979; x_wconf 68' lang='lat' dir='ltr'><strong>verbis</strong></span> 
     </span>
    </p>
   </div>
   <div class='ocr_carea' id='block_1_34' title="bbox 553 3017 2125 3089">
    <p class='ocr_par' dir='ltr' id='par_1_34' title="bbox 553 3017 2125 3089">
     <span class='ocr_line' id='line_1_34' title="bbox 553 3017 2125 3089; baseline -0.003 -16"><span class='ocrx_word' id='word_1_216' title='bbox 553 3020 778 3074; x_wconf 86' lang='lat' dir='ltr'><strong>Sabellii</strong></span> <span class='ocrx_word' id='word_1_217' title='bbox 826 3020 1087 3089; x_wconf 75' lang='lat' dir='ltr'><strong>opinione</strong></span> <span class='ocrx_word' id='word_1_218' title='bbox 1124 3019 1371 3088; x_wconf 72' lang='lat' dir='ltr'><strong>explosa,</strong></span> <span class='ocrx_word' id='word_1_219' title='bbox 1416 3017 1648 3072; x_wconf 77' lang='lat' dir='ltr'><strong>infestus</strong></span> <span class='ocrx_word' id='word_1_220' title='bbox 1678 3026 1730 3070; x_wconf 90' lang='lat' dir='ltr'><strong>et</strong></span> <span class='ocrx_word' id='word_1_221' title='bbox 1755 3032 1902 3079; x_wconf 86' lang='lat' dir='ltr'><strong>acer,</strong></span> <span class='ocrx_word' id='word_1_222' title='bbox 1937 3026 1994 3071; x_wconf 94' lang='lat' dir='ltr'><strong>ut</strong></span> <span class='ocrx_word' id='word_1_223' title='bbox 2018 3033 2125 3086; x_wconf 80' lang='lat' dir='ltr'><strong>pu-</strong></span> 
     </span>
    </p>
   </div>
   <div class='ocr_carea' id='block_1_35' title="bbox 552 3108 2131 3182">
    <p class='ocr_par' dir='ltr' id='par_1_35' title="bbox 552 3108 2131 3182">
     <span class='ocr_line' id='line_1_35' title="bbox 552 3108 2131 3182; baseline -0.003 -15"><span class='ocrx_word' id='word_1_224' title='bbox 552 3122 652 3178; x_wconf 86' lang='lat' dir='ltr'><strong>tat,</strong></span> <span class='ocrx_word' id='word_1_225' title='bbox 708 3113 760 3167; x_wconf 89' lang='lat' dir='ltr'><strong>in</strong></span> <span class='ocrx_word' id='word_1_226' title='bbox 820 3128 918 3169; x_wconf 86' lang='lat' dir='ltr'><strong>eos</strong></span> <span class='ocrx_word' id='word_1_227' title='bbox 974 3114 1089 3168; x_wconf 86' lang='lat' dir='ltr'><strong>ruit</strong></span> <span class='ocrx_word' id='word_1_228' title='bbox 1142 3111 1238 3182; x_wconf 88' lang='lat' dir='ltr'><strong>qui</strong></span> <span class='ocrx_word' id='word_1_229' title='bbox 1268 3111 1536 3181; x_wconf 61' lang='lat' dir='ltr'><strong>aequalem</strong></span> <span class='ocrx_word' id='word_1_230' title='bbox 1584 3108 1732 3164; x_wconf 81' lang='lat' dir='ltr'><strong>Patri</strong></span> <span class='ocrx_word' id='word_1_231' title='bbox 1766 3108 1966 3179; x_wconf 79' lang='lat' dir='ltr'><strong>Filium</strong></span> <span class='ocrx_word' id='word_1_232' title='bbox 2014 3119 2131 3163; x_wconf 85' lang='lat' dir='ltr'><strong>sta-</strong></span> 
     </span>
    </p>
   </div>
   <div class='ocr_carea' id='block_1_36' title="bbox 551 3198 2130 3266">
    <p class='ocr_par' dir='ltr' id='par_1_36' title="bbox 551 3198 2130 3266">
     <span class='ocr_line' id='line_1_36' title="bbox 551 3198 2130 3266; baseline -0.003 -8"><span class='ocrx_word' id='word_1_233' title='bbox 551 3213 736 3266; x_wconf 88' lang='lat' dir='ltr'><strong>tuunt,</strong></span> <span class='ocrx_word' id='word_1_234' title='bbox 759 3205 814 3258; x_wconf 91' lang='lat' dir='ltr'><strong>in</strong></span> <span class='ocrx_word' id='word_1_235' title='bbox 851 3204 1001 3259; x_wconf 91' lang='lat' dir='ltr'><strong>hunc</strong></span> <span class='ocrx_word' id='word_1_236' title='bbox 1032 3219 1228 3259; x_wconf 88' lang='lat' dir='ltr'><strong>rursus</strong></span> <span class='ocrx_word' id='word_1_237' title='bbox 1270 3201 1490 3257; x_wconf 78' lang='lat' dir='ltr'><strong>modum</strong></span> <span class='ocrx_word' id='word_1_238' title='bbox 1525 3201 1779 3257; x_wconf 82' lang='lat' dir='ltr'><strong>scribens</strong></span> <span class='ocrx_word' id='word_1_239' title='bbox 1817 3220 1830 3256; x_wconf 91' lang='lat'><strong>:</strong></span> <span class='ocrx_word' id='word_1_240' title='bbox 1872 3218 1890 3251; x_wconf 70' lang='grc' dir='ltr'><strong>ι</strong></span> <span class='ocrx_word' id='word_1_241' title='bbox 1926 3198 2005 3253; x_wconf 84' lang='grc' dir='ltr'>Εο</span> <span class='ocrx_word' id='word_1_242' title='bbox 2034 3199 2130 3254; x_wconf 87' lang='lat' dir='ltr'><strong>de-</strong></span> 
     </span>
    </p>
   </div>
   <div class='ocr_carea' id='block_1_37' title="bbox 551 3289 2131 3363">
    <p class='ocr_par' dir='ltr' id='par_1_37' title="bbox 551 3289 2131 3363">
     <span class='ocr_line' id='line_1_37' title="bbox 551 3289 2131 3363; baseline -0.004 -15"><span class='ocrx_word' id='word_1_243' title='bbox 551 3295 771 3349; x_wconf 85' lang='lat' dir='ltr'><strong>mentiae</strong></span> <span class='ocrx_word' id='word_1_244' title='bbox 798 3293 1024 3362; x_wconf 88' lang='lat' dir='ltr'><strong>quidam</strong></span> <span class='ocrx_word' id='word_1_245' title='bbox 1056 3308 1255 3349; x_wconf 84' lang='lat' dir='ltr'><strong>rursus</strong></span> <span class='ocrx_word' id='word_1_246' title='bbox 1287 3292 1574 3363; x_wconf 81' lang='lat' dir='ltr'><strong>progressi</strong></span> <span class='ocrx_word' id='word_1_247' title='bbox 1608 3301 1759 3355; x_wconf 83' lang='lat' dir='ltr'><strong>sunt,</strong></span> <span class='ocrx_word' id='word_1_248' title='bbox 1790 3298 1848 3343; x_wconf 89' lang='lat' dir='ltr'><strong>ut</strong></span> <span class='ocrx_word' id='word_1_249' title='bbox 1879 3289 1987 3344; x_wconf 90' lang='lat' dir='ltr'><strong>dici</strong></span> <span class='ocrx_word' id='word_1_250' title='bbox 2020 3304 2131 3343; x_wconf 78' lang='lat' dir='ltr'><strong>non</strong></span> 
     </span>
    </p>
   </div>
   <div class='ocr_carea' id='block_1_38' title="bbox 549 3382 2129 3456">
    <p class='ocr_par' dir='ltr' id='par_1_38' title="bbox 549 3382 2129 3456">
     <span class='ocr_line' id='line_1_38' title="bbox 549 3382 2129 3456; baseline -0.003 -16"><span class='ocrx_word' id='word_1_251' title='bbox 549 3385 733 3441; x_wconf 79' lang='lat' dir='ltr'><strong>ferant</strong></span> <span class='ocrx_word' id='word_1_252' title='bbox 784 3383 1065 3456; x_wconf 82' lang='lat' dir='ltr'><strong>Unigeniti</strong></span> <span class='ocrx_word' id='word_1_253' title='bbox 1127 3385 1331 3441; x_wconf 79' lang='lat' dir='ltr'><strong>deitate</strong></span> <span class='ocrx_word' id='word_1_254' title='bbox 1385 3384 1601 3440; x_wconf 82' lang='lat' dir='ltr'><strong>Patrem</strong></span> <span class='ocrx_word' id='word_1_255' title='bbox 1660 3398 1785 3439; x_wconf 84' lang='lat' dir='ltr'><strong>esse</strong></span> <span class='ocrx_word' id='word_1_256' title='bbox 1837 3382 2129 3451; x_wconf 79' lang='lat' dir='ltr'><strong>majorem,</strong></span> 
     </span>
    </p>
   </div>
   <div class='ocr_carea' id='block_1_39' title="bbox 550 3472 2131 3545">
    <p class='ocr_par' dir='ltr' id='par_1_39' title="bbox 550 3472 2131 3545">
     <span class='ocr_line' id='line_1_39' title="bbox 550 3472 2131 3545; baseline -0.003 -15"><span class='ocrx_word' id='word_1_257' title='bbox 550 3475 645 3531; x_wconf 87' lang='lat' dir='ltr'><strong>sed</strong></span> <span class='ocrx_word' id='word_1_258' title='bbox 678 3490 801 3530; x_wconf 87' lang='lat' dir='ltr'><strong>eum</strong></span> <span class='ocrx_word' id='word_1_259' title='bbox 834 3473 1105 3528; x_wconf 81' lang='lat' dir='ltr'><strong>duntaxat</strong></span> <span class='ocrx_word' id='word_1_260' title='bbox 1138 3474 1456 3545; x_wconf 66' lang='lat' dir='ltr'><strong>praecellere</strong></span> <span class='ocrx_word' id='word_1_261' title='bbox 1489 3472 1807 3528; x_wconf 85' lang='lat' dir='ltr'><strong>existiment</strong></span> <span class='ocrx_word' id='word_1_262' title='bbox 1838 3486 2131 3541; x_wconf 76' lang='lat' dir='ltr'><strong>compara-</strong></span> 
     </span>
    </p>
   </div>
   <div class='ocr_carea' id='block_1_40' title="bbox 550 3555 2173 3634">
    <p class='ocr_par' dir='ltr' id='par_1_40' title="bbox 550 3555 2173 3634">
     <span class='ocr_line' id='line_1_40' title="bbox 550 3555 2173 3634; baseline -0.004 -13"><span class='ocrx_word' id='word_1_263' title='bbox 550 3567 702 3622; x_wconf 82' lang='lat' dir='ltr'><strong>tione</strong></span> <span class='ocrx_word' id='word_1_264' title='bbox 750 3581 873 3621; x_wconf 90' lang='lat' dir='ltr'><strong>cum</strong></span> <span class='ocrx_word' id='word_1_265' title='bbox 907 3581 1097 3628; x_wconf 87' lang='lat' dir='ltr'><strong>carne,</strong></span> <span class='ocrx_word' id='word_1_266' title='bbox 1132 3565 1224 3634; x_wconf 91' lang='lat' dir='ltr'><strong>qui</strong></span> <span class='ocrx_word' id='word_1_267' title='bbox 1256 3580 1325 3619; x_wconf 91' lang='lat' dir='ltr'><strong>ne</strong></span> <span class='ocrx_word' id='word_1_268' title='bbox 1348 3564 1432 3619; x_wconf 88' lang='lat' dir='ltr'><strong>vel</strong></span> <span class='ocrx_word' id='word_1_269' title='bbox 1490 3565 1544 3618; x_wconf 90' lang='lat' dir='ltr'><strong>in</strong></span> <span class='ocrx_word' id='word_1_270' title='bbox 1586 3564 1691 3619; x_wconf 89' lang='lat' dir='ltr'><strong>hoc</strong></span> <span class='ocrx_word' id='word_1_271' title='bbox 1737 3555 1962 3634; x_wconf 82' lang='lat' dir='ltr'><strong>quidem</strong></span> <span class='ocrx_word' id='word_1_272' title='bbox 2006 3576 2134 3632; x_wconf 65' lang='grc' dir='ltr'>μοι’-</span> <span class='ocrx_word' id='word_1_273' title='bbox 2167 3593 2173 3599; x_wconf 67' lang='grc' dir='ltr'><strong>ι</strong></span> 
     </span>
    </p>
   </div>
   <div class='ocr_carea' id='block_1_41' title="bbox 550 3654 2138 3728">
    <p class='ocr_par' dir='ltr' id='par_1_41' title="bbox 550 3654 2138 3728">
     <span class='ocr_line' id='line_1_41' title="bbox 550 3654 2138 3728; baseline -0.002 -15"><span class='ocrx_word' id='word_1_274' title='bbox 550 3658 764 3728; x_wconf 80' lang='lat' dir='ltr'><strong>spicere</strong></span> <span class='ocrx_word' id='word_1_275' title='bbox 824 3667 1062 3728; x_wconf 85' lang='lat' dir='ltr'><strong>possunt.</strong></span> <span class='ocrx_word' id='word_1_276' title='bbox 1118 3657 1489 3727; x_wconf 84' lang='lat' dir='ltr'><strong>heterogeuea</strong></span> <span class='ocrx_word' id='word_1_277' title='bbox 1549 3656 1705 3712; x_wconf 89' lang='lat' dir='ltr'><strong>nullo</strong></span> <span class='ocrx_word' id='word_1_278' title='bbox 1756 3654 1918 3710; x_wconf 91' lang='lat' dir='ltr'><strong>modo</strong></span> <span class='ocrx_word' id='word_1_279' title='bbox 1971 3670 2138 3726; x_wconf 84' lang='lat' dir='ltr'><strong>posse</strong></span> 
     </span>
    </p>
   </div>
   <div class='ocr_carea' id='block_1_42' title="bbox 550 3747 2132 3820">
    <p class='ocr_par' dir='ltr' id='par_1_42' title="bbox 550 3747 2132 3820">
     <span class='ocr_line' id='line_1_42' title="bbox 550 3747 2132 3820; baseline -0.004 -14"><span class='ocrx_word' id='word_1_280' title='bbox 550 3752 884 3820; x_wconf 78' lang='lat' dir='ltr'><strong>comparari.</strong></span> <span class='ocrx_word' id='word_1_281' title='bbox 911 3749 1087 3805; x_wconf 86' lang='lat' dir='ltr'><strong>Nemo</strong></span> <span class='ocrx_word' id='word_1_282' title='bbox 1137 3751 1281 3805; x_wconf 87' lang='lat' dir='ltr'><strong>enim</strong></span> <span class='ocrx_word' id='word_1_283' title='bbox 1327 3750 1532 3805; x_wconf 71' lang='lat' dir='ltr'><strong>dixerit</strong></span> <span class='ocrx_word' id='word_1_284' title='bbox 1565 3764 1809 3818; x_wconf 81' lang='lat' dir='ltr'><strong>unquam</strong></span> <span class='ocrx_word' id='word_1_285' title='bbox 1852 3747 2132 3801; x_wconf 89' lang='lat' dir='ltr'><strong>hominem</strong></span> 
     </span>
    </p>
   </div>
   <div class='ocr_carea' id='block_1_43' title="bbox 547 3829 2134 3911">
    <p class='ocr_par' dir='ltr' id='par_1_43' title="bbox 547 3829 2134 3911">
     <span class='ocr_line' id='line_1_43' title="bbox 547 3829 2134 3911; baseline -0.003 -17"><span class='ocrx_word' id='word_1_286' title='bbox 547 3842 803 3910; x_wconf 87' lang='lat' dir='ltr'><strong>jmneuto</strong></span> <span class='ocrx_word' id='word_1_287' title='bbox 858 3843 1252 3911; x_wconf 85' lang='lat' dir='ltr'><strong>sapientiorem</strong></span> <span class='ocrx_word' id='word_1_288' title='bbox 1309 3857 1459 3906; x_wconf 88' lang='lat' dir='ltr'><strong>esse,</strong></span> <span class='ocrx_word' id='word_1_289' title='bbox 1500 3856 1681 3911; x_wconf 88' lang='lat' dir='ltr'><strong>neque</strong></span> <span class='ocrx_word' id='word_1_290' title='bbox 1736 3839 1874 3895; x_wconf 89' lang='lat' dir='ltr'><strong>adeo</strong></span> <span class='ocrx_word' id='word_1_291' title='bbox 1929 3829 2134 3908; x_wconf 77' lang='lat' dir='ltr'><strong>equum</strong></span> 
     </span>
    </p>
   </div>
   <div class='ocr_carea' id='block_1_44' title="bbox 553 3928 2139 3995">
    <p class='ocr_par' dir='ltr' id='par_1_44' title="bbox 553 3928 2139 3995">
     <span class='ocr_line' id='line_1_44' title="bbox 553 3928 2139 3995; baseline -0.001 -12"><span class='ocrx_word' id='word_1_292' title='bbox 553 3931 802 3987; x_wconf 82' lang='lat' dir='ltr'><strong>velocius</strong></span> <span class='ocrx_word' id='word_1_293' title='bbox 846 3947 1075 3986; x_wconf 84' lang='lat' dir='ltr'><strong>currere</strong></span> <span class='ocrx_word' id='word_1_294' title='bbox 1116 3932 1429 3995; x_wconf 77' lang='lat' dir='ltr'><strong>testudine,</strong></span> <span class='ocrx_word' id='word_1_295' title='bbox 1471 3932 1579 3993; x_wconf 36' lang='lat' dir='ltr'><strong>sed,</strong></span> <span class='ocrx_word' id='word_1_296' title='bbox 1606 3931 1881 3985; x_wconf 92' lang='lat' dir='ltr'><strong>hominem</strong></span> <span class='ocrx_word' id='word_1_297' title='bbox 1924 3928 2139 3984; x_wconf 74' lang='lat' dir='ltr'><strong>homini</strong></span> 
     </span>
    </p>
   </div>
   <div class='ocr_carea' id='block_1_45' title="bbox 553 4005 2137 4092">
    <p class='ocr_par' dir='ltr' id='par_1_45' title="bbox 553 4005 2137 4092">
     <span class='ocr_line' id='line_1_45' title="bbox 553 4005 2137 4092; baseline -0.003 -16"><span class='ocrx_word' id='word_1_298' title='bbox 553 4022 809 4077; x_wconf 89' lang='lat' dir='ltr'><strong>doctrina</strong></span> <span class='ocrx_word' id='word_1_299' title='bbox 856 4032 1139 4091; x_wconf 72' lang='lat' dir='ltr'><strong>praestare,</strong></span> <span class='ocrx_word' id='word_1_300' title='bbox 1189 4032 1245 4078; x_wconf 90' lang='lat' dir='ltr'><strong>et</strong></span> <span class='ocrx_word' id='word_1_301' title='bbox 1290 4038 1494 4092; x_wconf 87' lang='lat' dir='ltr'><strong>equum</strong></span> <span class='ocrx_word' id='word_1_302' title='bbox 1533 4005 1784 4077; x_wconf 76' lang='lat' dir='ltr'><strong>velocius</strong></span> <span class='ocrx_word' id='word_1_303' title='bbox 1829 4033 1972 4090; x_wconf 87' lang='lat' dir='ltr'><strong>equo</strong></span> <span class='ocrx_word' id='word_1_304' title='bbox 2011 4034 2137 4073; x_wconf 89' lang='lat' dir='ltr'><strong>cur-</strong></span> 
     </span>
    </p>
   </div>
   <div class='ocr_carea' id='block_1_46' title="bbox 555 4112 2135 4183">
    <p class='ocr_par' dir='ltr' id='par_1_46' title="bbox 555 4112 2135 4183">
     <span class='ocr_line' id='line_1_46' title="bbox 555 4112 2135 4183; baseline -0.003 -15"><span class='ocrx_word' id='word_1_305' title='bbox 555 4127 700 4168; x_wconf 86' lang='lat' dir='ltr'><strong>rere.</strong></span> <span class='ocrx_word' id='word_1_306' title='bbox 741 4113 878 4167; x_wconf 84' lang='lat' dir='ltr'><strong>Cum</strong></span> <span class='ocrx_word' id='word_1_307' title='bbox 917 4129 1050 4183; x_wconf 85' lang='lat' dir='ltr'><strong>ergo</strong></span> <span class='ocrx_word' id='word_1_308' title='bbox 1102 4115 1220 4168; x_wconf 85' lang='lat' dir='ltr'><strong>sola</strong></span> <span class='ocrx_word' id='word_1_309' title='bbox 1262 4113 1609 4180; x_wconf 79' lang='lat' dir='ltr'><strong>homogenea</strong></span> <span class='ocrx_word' id='word_1_310' title='bbox 1662 4112 2135 4182; x_wconf 88' lang='lat' dir='ltr'><strong>comparationem</strong></span> 
     </span>
    </p>
   </div>
   <div class='ocr_carea' id='block_1_47' title="bbox 555 4202 2136 4275">
    <p class='ocr_par' dir='ltr' id='par_1_47' title="bbox 555 4202 2136 4275">
     <span class='ocr_line' id='line_1_47' title="bbox 555 4202 2136 4275; baseline -0.002 -14"><span class='ocrx_word' id='word_1_311' title='bbox 555 4207 701 4261; x_wconf 87' lang='lat' dir='ltr'><strong>inter</strong></span> <span class='ocrx_word' id='word_1_312' title='bbox 729 4220 792 4260; x_wconf 89' lang='lat' dir='ltr'><strong>se</strong></span> <span class='ocrx_word' id='word_1_313' title='bbox 824 4205 1158 4275; x_wconf 84' lang='lat' dir='ltr'><strong>suscipiant,</strong></span> <span class='ocrx_word' id='word_1_314' title='bbox 1195 4219 1426 4259; x_wconf 75' lang='lat' dir='ltr'><strong>neccsSc</strong></span> <span class='ocrx_word' id='word_1_315' title='bbox 1458 4215 1544 4259; x_wconf 85' lang='lat' dir='ltr'><strong>est</strong></span> <span class='ocrx_word' id='word_1_316' title='bbox 1575 4220 1671 4259; x_wconf 89' lang='lat' dir='ltr'><strong>eos</strong></span> <span class='ocrx_word' id='word_1_317' title='bbox 1722 4203 1882 4258; x_wconf 78' lang='lat' dir='ltr'><strong>lateri</strong></span> <span class='ocrx_word' id='word_1_318' title='bbox 1921 4202 2136 4258; x_wconf 86' lang='lat' dir='ltr'><strong>Patrem</strong></span> 
     </span>
    </p>
   </div>
   <div class='ocr_carea' id='block_1_48' title="bbox 558 4293 2142 4367">
    <p class='ocr_par' dir='ltr' id='par_1_48' title="bbox 558 4293 2142 4367">
     <span class='ocr_line' id='line_1_48' title="bbox 558 4293 2142 4367; baseline -0.001 -17"><span class='ocrx_word' id='word_1_319' title='bbox 558 4297 824 4365; x_wconf 83' lang='lat' dir='ltr'><strong>majorem</strong></span> <span class='ocrx_word' id='word_1_320' title='bbox 876 4311 1002 4352; x_wconf 84' lang='lat' dir='ltr'><strong>esse</strong></span> <span class='ocrx_word' id='word_1_321' title='bbox 1059 4296 1181 4365; x_wconf 86' lang='lat' dir='ltr'><strong>ipsa</strong></span> <span class='ocrx_word' id='word_1_322' title='bbox 1230 4293 1514 4367; x_wconf 78' lang='lat' dir='ltr'><strong>Unigeniti</strong></span> <span class='ocrx_word' id='word_1_323' title='bbox 1571 4296 1799 4352; x_wconf 89' lang='lat' dir='ltr'><strong>deitate.</strong></span> <span class='ocrx_word' id='word_1_324' title='bbox 1850 4293 1987 4349; x_wconf 82' lang='lat' dir='ltr'><strong>Nam</strong></span> <span class='ocrx_word' id='word_1_325' title='bbox 2043 4294 2142 4365; x_wconf 76' lang='lat' dir='ltr'><strong>qui</strong></span> 
     </span>
    </p>
   </div>
   <div class='ocr_carea' id='block_1_49' title="bbox 557 4387 2139 4458">
    <p class='ocr_par' dir='ltr' id='par_1_49' title="bbox 557 4387 2139 4458">
     <span class='ocr_line' id='line_1_49' title="bbox 557 4387 2139 4458; baseline 0.001 -17"><span class='ocrx_word' id='word_1_326' title='bbox 557 4388 900 4441; x_wconf 87' lang='lat' dir='ltr'><strong>contrarium</strong></span> <span class='ocrx_word' id='word_1_327' title='bbox 934 4387 1205 4453; x_wconf 89' lang='lat' dir='ltr'><strong>sentiunt,</strong></span> <span class='ocrx_word' id='word_1_328' title='bbox 1235 4389 1291 4443; x_wconf 91' lang='lat' dir='ltr'><strong>in</strong></span> <span class='ocrx_word' id='word_1_329' title='bbox 1325 4404 1392 4443; x_wconf 91' lang='lat' dir='ltr'><strong>eo</strong></span> <span class='ocrx_word' id='word_1_330' title='bbox 1421 4388 1566 4458; x_wconf 90' lang='lat' dir='ltr'><strong>quod</strong></span> <span class='ocrx_word' id='word_1_331' title='bbox 1602 4388 1782 4458; x_wconf 84' lang='lat' dir='ltr'><strong>ipsum</strong></span> <span class='ocrx_word' id='word_1_332' title='bbox 1813 4404 1938 4442; x_wconf 88' lang='lat' dir='ltr'><strong>cum</strong></span> <span class='ocrx_word' id='word_1_333' title='bbox 1971 4401 2139 4443; x_wconf 83' lang='lat' dir='ltr'><strong>carne</strong></span> 
     </span>
    </p>
   </div>
   <div class='ocr_carea' id='block_1_50' title="bbox 2221 538 3806 621">
    <p class='ocr_par' dir='ltr' id='par_1_50' title="bbox 2221 538 3806 621">
     <span class='ocr_line' id='line_1_50' title="bbox 2221 538 3806 621; baseline -0.009 -18"><span class='ocrx_word' id='word_1_334' title='bbox 2221 550 2377 621; x_wconf 75' lang='grc' dir='ltr'>ἔχονς</span> <span class='ocrx_word' id='word_1_335' title='bbox 2408 550 2572 603; x_wconf 76' lang='grc' dir='ltr'>Οὐδὲν</span> <span class='ocrx_word' id='word_1_336' title='bbox 2604 550 2660 603; x_wconf 79' lang='grc' dir='ltr'><strong>δέ</strong></span> <span class='ocrx_word' id='word_1_337' title='bbox 2683 546 2885 600; x_wconf 76' lang='grc' dir='ltr'><strong>⁴τούτων</strong></span> <span class='ocrx_word' id='word_1_338' title='bbox 2931 542 3348 614; x_wconf 73' lang='grc' dir='ltr'>ὑπομεμενηκεν</span> <span class='ocrx_word' id='word_1_339' title='bbox 3378 539 3406 592; x_wconf 85' lang='grc' dir='ltr'><strong>δ</strong></span> <span class='ocrx_word' id='word_1_340' title='bbox 3432 538 3654 609; x_wconf 78' lang='grc' dir='ltr'>Πατήρ·</span> <span class='ocrx_word' id='word_1_341' title='bbox 3706 554 3806 608; x_wconf 84' lang='grc' dir='ltr'>με·</span> 
     </span>
    </p>
   </div>
   <div class='ocr_carea' id='block_1_51' title="bbox 2224 621 3804 709">
    <p class='ocr_par' dir='ltr' id='par_1_51' title="bbox 2224 621 3804 709">
     <span class='ocr_line' id='line_1_51' title="bbox 2224 621 3804 709; baseline -0.009 -16"><span class='ocrx_word' id='word_1_342' title='bbox 2224 639 2423 709; x_wconf 84' lang='grc' dir='ltr'>μένηκε</span> <span class='ocrx_word' id='word_1_343' title='bbox 2453 638 2509 690; x_wconf 80' lang='grc' dir='ltr'>δὲ</span> <span class='ocrx_word' id='word_1_344' title='bbox 2538 638 2630 691; x_wconf 70' lang='grc' dir='ltr'>καὶ</span> <span class='ocrx_word' id='word_1_345' title='bbox 2652 637 2801 689; x_wconf 79' lang='grc' dir='ltr'>ἐστιν</span> <span class='ocrx_word' id='word_1_346' title='bbox 2834 635 2891 686; x_wconf 82' lang='grc' dir='ltr'>ἐν</span> <span class='ocrx_word' id='word_1_347' title='bbox 2914 626 2994 696; x_wconf 75' lang='grc' dir='ltr'>οἷς</span> <span class='ocrx_word' id='word_1_348' title='bbox 3022 624 3089 703; x_wconf 74' lang='grc' dir='ltr'><strong>ἦν</strong></span> <span class='ocrx_word' id='word_1_349' title='bbox 3115 631 3176 697; x_wconf 79' lang='grc' dir='ltr'>ἐξ</span> <span class='ocrx_word' id='word_1_350' title='bbox 3221 628 3416 699; x_wconf 82' lang='grc' dir='ltr'>ἀρχῆς.</span> <span class='ocrx_word' id='word_1_351' title='bbox 3459 625 3678 689; x_wconf 77' lang='grc' dir='ltr'>Μείζων</span> <span class='ocrx_word' id='word_1_352' title='bbox 3709 621 3804 679; x_wconf 77' lang='grc' dir='ltr'>οὖν</span> 
     </span>
    </p>
   </div>
   <div class='ocr_carea' id='block_1_52' title="bbox 2221 716 3805 798">
    <p class='ocr_par' dir='ltr' id='par_1_52' title="bbox 2221 716 3805 798">
     <span class='ocr_line' id='line_1_52' title="bbox 2221 716 3805 798; baseline -0.009 -17"><span class='ocrx_word' id='word_1_353' title='bbox 2221 727 2329 798; x_wconf 81' lang='grc' dir='ltr'>ἄρα</span> <span class='ocrx_word' id='word_1_354' title='bbox 2356 727 2450 780; x_wconf 78' lang='grc' dir='ltr'>τοῦ</span> <span class='ocrx_word' id='word_1_355' title='bbox 2496 727 2593 796; x_wconf 85' lang='grc' dir='ltr'><strong>τὴν</strong></span> <span class='ocrx_word' id='word_1_356' title='bbox 2634 726 2925 778; x_wconf 75' lang='grc' dir='ltr'><strong>ἐλάττωσιν</strong></span> <span class='ocrx_word' id='word_1_357' title='bbox 2981 718 3335 790; x_wconf 77' lang='grc' dir='ltr'><strong>οἰκονομικῶς</strong></span> <span class='ocrx_word' id='word_1_358' title='bbox 3363 716 3658 785; x_wconf 75' lang='grc' dir='ltr'>ἑλομένου,</span> <span class='ocrx_word' id='word_1_359' title='bbox 3708 716 3805 768; x_wconf 75' lang='grc' dir='ltr'>καὶ</span> 
     </span>
    </p>
   </div>
   <div class='ocr_carea' id='block_1_53' title="bbox 2221 808 3800 887">
    <p class='ocr_par' dir='ltr' id='par_1_53' title="bbox 2221 808 3800 887">
     <span class='ocr_line' id='line_1_53' title="bbox 2221 808 3800 887; baseline -0.01 -15"><span class='ocrx_word' id='word_1_360' title='bbox 2221 820 2357 881; x_wconf 85' lang='grc' dir='ltr'>τέως</span> <span class='ocrx_word' id='word_1_361' title='bbox 2386 819 2536 880; x_wconf 78' lang='grc' dir='ltr'>ὄντος</span> <span class='ocrx_word' id='word_1_362' title='bbox 2564 820 2621 870; x_wconf 79' lang='grc' dir='ltr'>ἐν</span> <span class='ocrx_word' id='word_1_363' title='bbox 2640 817 2802 887; x_wconf 71' lang='grc' dir='ltr'>αὐτῇ,</span> <span class='ocrx_word' id='word_1_364' title='bbox 2830 815 2986 886; x_wconf 65' lang='grc' dir='ltr'>ἄχρις</span> <span class='ocrx_word' id='word_1_365' title='bbox 3010 813 3076 867; x_wconf 86' lang='grc' dir='ltr'><strong>ἂν</strong></span> <span class='ocrx_word' id='word_1_366' title='bbox 3125 814 3300 864; x_wconf 82' lang='grc' dir='ltr'>ἐκεῖνο</span> <span class='ocrx_word' id='word_1_367' title='bbox 3339 808 3499 861; x_wconf 84' lang='grc' dir='ltr'>πάλιν</span> <span class='ocrx_word' id='word_1_368' title='bbox 3531 809 3800 874; x_wconf 83' lang='grc' dir='ltr'>ἀνακομι-</span> 
     </span>
    </p>
   </div>
   <div class='ocr_carea' id='block_1_54' title="bbox 2222 891 3806 983">
    <p class='ocr_par' dir='ltr' id='par_1_54' title="bbox 2222 891 3806 983">
     <span class='ocr_line' id='line_1_54' title="bbox 2222 891 3806 983; baseline -0.008 -22"><span class='ocrx_word' id='word_1_369' title='bbox 2222 912 2347 983; x_wconf 80' lang='grc' dir='ltr'>σθῇ,</span> <span class='ocrx_word' id='word_1_370' title='bbox 2374 912 2434 981; x_wconf 78' lang='grc' dir='ltr'><strong>τὸ</strong></span> <span class='ocrx_word' id='word_1_371' title='bbox 2457 910 2587 965; x_wconf 80' lang='grc' dir='ltr'>ἴδιον</span> <span class='ocrx_word' id='word_1_372' title='bbox 2612 911 2675 979; x_wconf 89' lang='grc' dir='ltr'>δή</span> <span class='ocrx_word' id='word_1_373' title='bbox 2707 927 2850 981; x_wconf 83' lang='grc' dir='ltr'>φημι</span> <span class='ocrx_word' id='word_1_374' title='bbox 2899 906 2991 962; x_wconf 78' lang='grc' dir='ltr'>καὶ</span> <span class='ocrx_word' id='word_1_375' title='bbox 3031 903 3262 974; x_wconf 76' lang='grc' dir='ltr'>φυσικὸν</span> <span class='ocrx_word' id='word_1_376' title='bbox 3309 899 3531 970; x_wconf 82' lang='grc' dir='ltr'>ἀγαθὸν,</span> <span class='ocrx_word' id='word_1_377' title='bbox 3566 899 3626 950; x_wconf 85' lang='grc' dir='ltr'><strong>ἐν</strong></span> <span class='ocrx_word' id='word_1_378' title='bbox 3650 891 3806 967; x_wconf 81' lang='grc' dir='ltr'>ᾧπερ</span> 
     </span>
    </p>
   </div>
   <div class='ocr_carea' id='block_1_55' title="bbox 2221 987 3806 1074">
    <p class='ocr_par' dir='ltr' id='par_1_55' title="bbox 2221 987 3806 1074">
     <span class='ocr_line' id='line_1_55' title="bbox 2221 987 3806 1074; baseline -0.009 -21"><span class='ocrx_word' id='word_1_379' title='bbox 2221 998 2288 1073; x_wconf 71' lang='grc' dir='ltr'><strong>ἦν</strong></span> <span class='ocrx_word' id='word_1_380' title='bbox 2317 1002 2375 1056; x_wconf 87' lang='grc' dir='ltr'>ἐν</span> <span class='ocrx_word' id='word_1_381' title='bbox 2400 1003 2561 1074; x_wconf 79' lang='grc' dir='ltr'>ἀρχῇ.</span> <span class='ocrx_word' id='word_1_382' title='bbox 2598 1002 2772 1064; x_wconf 82' lang='grc' dir='ltr'><strong>Τόπος</strong></span> <span class='ocrx_word' id='word_1_383' title='bbox 2796 1000 2849 1052; x_wconf 85' lang='grc' dir='ltr'><strong>δέ</strong></span> <span class='ocrx_word' id='word_1_384' title='bbox 2875 997 3065 1068; x_wconf 84' lang='grc' dir='ltr'>ὥσπερ</span> <span class='ocrx_word' id='word_1_385' title='bbox 3105 993 3305 1057; x_wconf 81' lang='grc' dir='ltr'>οἰκεῖός</span> <span class='ocrx_word' id='word_1_386' title='bbox 3344 1009 3405 1046; x_wconf 84' lang='grc' dir='ltr'><strong>τε</strong></span> <span class='ocrx_word' id='word_1_387' title='bbox 3456 991 3549 1044; x_wconf 78' lang='grc' dir='ltr'>καὶ</span> <span class='ocrx_word' id='word_1_388' title='bbox 3577 987 3806 1057; x_wconf 75' lang='grc' dir='ltr'>φυσικδς</span> 
     </span>
    </p>
   </div>
   <div class='ocr_carea' id='block_1_56' title="bbox 2222 1080 3810 1165">
    <p class='ocr_par' dir='ltr' id='par_1_56' title="bbox 2222 1080 3810 1165">
     <span class='ocr_line' id='line_1_56' title="bbox 2222 1080 3810 1165; baseline -0.011 -15"><span class='ocrx_word' id='word_1_389' title='bbox 2222 1095 2372 1165; x_wconf 85' lang='grc' dir='ltr'>αὐτῷ</span> <span class='ocrx_word' id='word_1_390' title='bbox 2403 1092 2620 1165; x_wconf 83' lang='grc' dir='ltr'>νοηθείη</span> <span class='ocrx_word' id='word_1_391' title='bbox 2674 1091 2738 1145; x_wconf 86' lang='grc' dir='ltr'>ἂν</span> <span class='ocrx_word' id='word_1_392' title='bbox 2787 1089 3013 1152; x_wconf 64' lang='grc' dir='ltr'>εἰκότως</span> <span class='ocrx_word' id='word_1_393' title='bbox 3039 1088 3072 1157; x_wconf 85' lang='grc' dir='ltr'>ὴ</span> <span class='ocrx_word' id='word_1_394' title='bbox 3129 1084 3312 1155; x_wconf 76' lang='grc' dir='ltr'>ἰσότης</span> <span class='ocrx_word' id='word_1_395' title='bbox 3342 1085 3375 1154; x_wconf 84' lang='grc' dir='ltr'><strong>ἡ</strong></span> <span class='ocrx_word' id='word_1_396' title='bbox 3416 1081 3554 1152; x_wconf 78' lang='grc' dir='ltr'>πρὸς</span> <span class='ocrx_word' id='word_1_397' title='bbox 3579 1080 3668 1134; x_wconf 79' lang='grc' dir='ltr'><strong>τὸν</strong></span> <span class='ocrx_word' id='word_1_398' title='bbox 3694 1081 3810 1134; x_wconf 85' lang='grc' dir='ltr'><strong>Πα-</strong></span> 
     </span>
    </p>
   </div>
   <div class='ocr_carea' id='block_1_57' title="bbox 2220 1173 3808 1258">
    <p class='ocr_par' dir='ltr' id='par_1_57' title="bbox 2220 1173 3808 1258">
     <span class='ocr_line' id='line_1_57' title="bbox 2220 1173 3808 1258; baseline -0.011 -16"><span class='ocrx_word' id='word_1_399' title='bbox 2220 1187 2377 1258; x_wconf 84' lang='grc' dir='ltr'>τέρα,</span> <span class='ocrx_word' id='word_1_400' title='bbox 2430 1185 2498 1256; x_wconf 79' lang='grc' dir='ltr'>ἣν</span> <span class='ocrx_word' id='word_1_401' title='bbox 2544 1184 2685 1253; x_wconf 75' lang='grc' dir='ltr'>ἔχειν</span> <span class='ocrx_word' id='word_1_402' title='bbox 2738 1181 2857 1246; x_wconf 77' lang='grc' dir='ltr'>ἐξὸν</span> <span class='ocrx_word' id='word_1_403' title='bbox 2905 1176 3330 1242; x_wconf 84' lang='grc' dir='ltr'>ἀδιακωλύτως,</span> <span class='ocrx_word' id='word_1_404' title='bbox 3369 1175 3468 1244; x_wconf 77' lang='grc' dir='ltr'>οὐχ</span> <span class='ocrx_word' id='word_1_405' title='bbox 3512 1173 3808 1245; x_wconf 77' lang='grc' dir='ltr'>ἁρπαγμὸν</span> 
     </span>
    </p>
   </div>
   <div class='ocr_carea' id='block_1_58' title="bbox 2223 1263 3806 1350">
    <p class='ocr_par' dir='ltr' id='par_1_58' title="bbox 2223 1263 3806 1350">
     <span class='ocr_line' id='line_1_58' title="bbox 2223 1263 3806 1350; baseline -0.011 -18"><span class='ocrx_word' id='word_1_406' title='bbox 2223 1281 2468 1350; x_wconf 79' lang='grc' dir='ltr'>ἡγήσατο</span> <span class='ocrx_word' id='word_1_407' title='bbox 2491 1272 2560 1329; x_wconf 76' lang='grc' dir='ltr'>δι’</span> <span class='ocrx_word' id='word_1_408' title='bbox 2579 1275 2746 1345; x_wconf 80' lang='grc' dir='ltr'>ἡμᾶς.</span> <span class='ocrx_word' id='word_1_409' title='bbox 2776 1272 2886 1329; x_wconf 79' lang='grc' dir='ltr'>Καὶ</span> <span class='ocrx_word' id='word_1_410' title='bbox 2930 1269 3126 1324; x_wconf 82' lang='grc' dir='ltr'>πολλοῦ</span> <span class='ocrx_word' id='word_1_411' title='bbox 3154 1271 3284 1339; x_wconf 76' lang='grc' dir='ltr'>ἡμῖν</span> <span class='ocrx_word' id='word_1_412' title='bbox 3319 1265 3604 1336; x_wconf 82' lang='grc' dir='ltr'><strong>γεγονότος</strong></span> <span class='ocrx_word' id='word_1_413' title='bbox 3645 1263 3806 1332; x_wconf 84' lang='grc' dir='ltr'>λόγου</span> 
     </span>
    </p>
   </div>
   <div class='ocr_carea' id='block_1_59' title="bbox 2221 1355 3806 1443">
    <p class='ocr_par' dir='ltr' id='par_1_59' title="bbox 2221 1355 3806 1443">
     <span class='ocr_line' id='line_1_59' title="bbox 2221 1355 3806 1443; baseline -0.011 -19"><span class='ocrx_word' id='word_1_414' title='bbox 2221 1371 2351 1443; x_wconf 75' lang='grc' dir='ltr'>περὶ</span> <span class='ocrx_word' id='word_1_415' title='bbox 2379 1370 2478 1439; x_wconf 82' lang='grc' dir='ltr'>τῆς</span> <span class='ocrx_word' id='word_1_416' title='bbox 2513 1368 2754 1438; x_wconf 80' lang='grc' dir='ltr'><strong>ἰσότητος</strong></span> <span class='ocrx_word' id='word_1_417' title='bbox 2789 1364 2885 1417; x_wconf 81' lang='grc' dir='ltr'>τοῦ</span> <span class='ocrx_word' id='word_1_418' title='bbox 2923 1361 3053 1416; x_wconf 74' lang='grc' dir='ltr'><strong>1⁸ίοῦ</strong></span> <span class='ocrx_word' id='word_1_419' title='bbox 3110 1361 3211 1429; x_wconf 77' lang='grc' dir='ltr'><strong>τῆς</strong></span> <span class='ocrx_word' id='word_1_420' title='bbox 3250 1358 3387 1429; x_wconf 78' lang='grc' dir='ltr'>πρὸς</span> <span class='ocrx_word' id='word_1_421' title='bbox 3429 1357 3520 1410; x_wconf 84' lang='grc' dir='ltr'>τὸν</span> <span class='ocrx_word' id='word_1_422' title='bbox 3546 1356 3679 1443; x_wconf 70' lang='grc' dir='ltr'>Θεδν</span> <span class='ocrx_word' id='word_1_423' title='bbox 3713 1355 3806 1408; x_wconf 69' lang='grc' dir='ltr'><strong>καὶ</strong></span> 
     </span>
    </p>
   </div>
   <div class='ocr_carea' id='block_1_60' title="bbox 2222 1441 3805 1529">
    <p class='ocr_par' dir='ltr' id='par_1_60' title="bbox 2222 1441 3805 1529">
     <span class='ocr_line' id='line_1_60' title="bbox 2222 1441 3805 1529; baseline -0.011 -16"><span class='ocrx_word' id='word_1_424' title='bbox 2222 1441 2443 1529; x_wconf 78' lang='grc' dir='ltr'>Πατέρα</span> <span class='ocrx_word' id='word_1_425' title='bbox 2468 1457 2562 1510; x_wconf 75' lang='grc' dir='ltr'>καὶ</span> <span class='ocrx_word' id='word_1_426' title='bbox 2594 1457 2652 1508; x_wconf 87' lang='grc' dir='ltr'><strong>ἐν</strong></span> <span class='ocrx_word' id='word_1_427' title='bbox 2677 1457 2787 1517; x_wconf 79' lang='grc' dir='ltr'>τοῖς</span> <span class='ocrx_word' id='word_1_428' title='bbox 2816 1452 2992 1506; x_wconf 83' lang='grc' dir='ltr'><strong>ὀπίσω</strong></span> <span class='ocrx_word' id='word_1_429' title='bbox 3024 1449 3271 1522; x_wconf 76' lang='grc' dir='ltr'>βιϐλίοις,</span> <span class='ocrx_word' id='word_1_430' title='bbox 3304 1447 3445 1518; x_wconf 81' lang='grc' dir='ltr'>τάχα</span> <span class='ocrx_word' id='word_1_431' title='bbox 3465 1464 3583 1509; x_wconf 87' lang='grc' dir='ltr'><strong>πως</strong></span> <span class='ocrx_word' id='word_1_432' title='bbox 3609 1441 3678 1516; x_wconf 77' lang='grc' dir='ltr'><strong>ἦν</strong></span> <span class='ocrx_word' id='word_1_433' title='bbox 3705 1446 3805 1516; x_wconf 67' lang='grc' dir='ltr'>ἠδη</span> 
     </span>
    </p>
   </div>
   <div class='ocr_carea' id='block_1_61' title="bbox 2223 1537 3800 1622">
    <p class='ocr_par' dir='ltr' id='par_1_61' title="bbox 2223 1537 3800 1622">
     <span class='ocr_line' id='line_1_61' title="bbox 2223 1537 3800 1622; baseline -0.011 -18"><span class='ocrx_word' id='word_1_434' title='bbox 2223 1549 2539 1622; x_wconf 71' lang='grc' dir='ltr'>πρέπονὲπὶ</span> <span class='ocrx_word' id='word_1_435' title='bbox 2566 1547 2663 1617; x_wconf 81' lang='grc' dir='ltr'>τὴν</span> <span class='ocrx_word' id='word_1_436' title='bbox 2692 1545 2799 1598; x_wconf 82' lang='grc' dir='ltr'>τῶν</span> <span class='ocrx_word' id='word_1_437' title='bbox 2830 1543 2958 1613; x_wconf 76' lang='grc' dir='ltr'><strong>ἑξῆς</strong></span> <span class='ocrx_word' id='word_1_438' title='bbox 3001 1543 3300 1612; x_wconf 80' lang='grc' dir='ltr'><strong>σαφήνειαν</strong></span> <span class='ocrx_word' id='word_1_439' title='bbox 3342 1539 3539 1601; x_wconf 92' lang='grc' dir='ltr'>ἐλθεῖν,</span> <span class='ocrx_word' id='word_1_440' title='bbox 3580 1537 3643 1589; x_wconf 80' lang='grc' dir='ltr'><strong>τὸ</strong></span> <span class='ocrx_word' id='word_1_441' title='bbox 3672 1537 3800 1605; x_wconf 71' lang='grc' dir='ltr'>περὶ</span> 
     </span>
    </p>
   </div>
   <div class='ocr_carea' id='block_1_62' title="bbox 2221 1627 3803 1711">
    <p class='ocr_par' dir='ltr' id='par_1_62' title="bbox 2221 1627 3803 1711">
     <span class='ocr_line' id='line_1_62' title="bbox 2221 1627 3803 1711; baseline -0.011 -15"><span class='ocrx_word' id='word_1_442' title='bbox 2221 1641 2428 1696; x_wconf 79' lang='grc' dir='ltr'>τούτων</span> <span class='ocrx_word' id='word_1_443' title='bbox 2445 1640 2523 1693; x_wconf 71' lang='grc' dir='ltr'>ἔπι</span> <span class='ocrx_word' id='word_1_444' title='bbox 2548 1637 2919 1711; x_wconf 79' lang='grc' dir='ltr'><strong>μακρηγορεῖν</strong></span> <span class='ocrx_word' id='word_1_445' title='bbox 2940 1634 3175 1702; x_wconf 81' lang='grc' dir='ltr'>ἀφέντας</span> <span class='ocrx_word' id='word_1_446' title='bbox 3191 1632 3272 1694; x_wconf 85' lang='grc' dir='ltr'><strong>είς</strong></span> <span class='ocrx_word' id='word_1_447' title='bbox 3290 1631 3353 1683; x_wconf 82' lang='grc' dir='ltr'>τὸ</span> <span class='ocrx_word' id='word_1_448' title='bbox 3370 1629 3565 1700; x_wconf 89' lang='grc' dir='ltr'>παρόν.</span> <span class='ocrx_word' id='word_1_449' title='bbox 3587 1627 3803 1695; x_wconf 80' lang='grc' dir='ltr'><strong>Ἐπειδὴ</strong></span> 
     </span>
    </p>
   </div>
   <div class='ocr_carea' id='block_1_63' title="bbox 2222 1718 3801 1800">
    <p class='ocr_par' dir='ltr' id='par_1_63' title="bbox 2222 1718 3801 1800">
     <span class='ocr_line' id='line_1_63' title="bbox 2222 1718 3801 1800; baseline -0.012 -12"><span class='ocrx_word' id='word_1_450' title='bbox 2222 1734 2281 1788; x_wconf 80' lang='grc' dir='ltr'><strong>δέ</strong></span> <span class='ocrx_word' id='word_1_451' title='bbox 2311 1751 2392 1797; x_wconf 87' lang='grc' dir='ltr'><strong>τις</strong></span> <span class='ocrx_word' id='word_1_452' title='bbox 2415 1732 2523 1787; x_wconf 77' lang='grc' dir='ltr'>τῶν</span> <span class='ocrx_word' id='word_1_453' title='bbox 2557 1730 2832 1784; x_wconf 72' lang='grc' dir='ltr'><strong>ἀσυνέτων</strong></span> <span class='ocrx_word' id='word_1_454' title='bbox 2856 1724 3151 1800; x_wconf 72' lang='grc' dir='ltr'>αἱρετικῶν</span> <span class='ocrx_word' id='word_1_455' title='bbox 3175 1724 3235 1778; x_wconf 85' lang='grc' dir='ltr'><strong>ού</strong></span> <span class='ocrx_word' id='word_1_456' title='bbox 3289 1722 3408 1776; x_wconf 79' lang='grc' dir='ltr'>λίαν</span> <span class='ocrx_word' id='word_1_457' title='bbox 3451 1718 3801 1789; x_wconf 77' lang='grc' dir='ltr'><strong>ἀθαύμαστον</strong></span> 
     </span>
    </p>
   </div>
   <div class='ocr_carea' id='block_1_64' title="bbox 2227 1810 3807 1895">
    <p class='ocr_par' dir='ltr' id='par_1_64' title="bbox 2227 1810 3807 1895">
     <span class='ocr_line' id='line_1_64' title="bbox 2227 1810 3807 1895; baseline -0.011 -16"><span class='ocrx_word' id='word_1_458' title='bbox 2227 1825 2378 1895; x_wconf 87' lang='grc' dir='ltr'><strong>παρά</strong></span> <span class='ocrx_word' id='word_1_459' title='bbox 2403 1827 2513 1887; x_wconf 90' lang='grc' dir='ltr'>τοῖς</span> <span class='ocrx_word' id='word_1_460' title='bbox 2552 1821 2826 1884; x_wconf 85' lang='grc' dir='ltr'>Ἰουδαίοις</span> <span class='ocrx_word' id='word_1_461' title='bbox 2876 1817 3055 1891; x_wconf 81' lang='grc' dir='ltr'>λαχὼν</span> <span class='ocrx_word' id='word_1_462' title='bbox 3103 1816 3213 1869; x_wconf 85' lang='grc' dir='ltr'><strong>τῶν</strong></span> <span class='ocrx_word' id='word_1_463' title='bbox 3261 1812 3423 1887; x_wconf 78' lang='grc' dir='ltr'>ἱερῶν</span> <span class='ocrx_word' id='word_1_464' title='bbox 3454 1810 3807 1881; x_wconf 85' lang='grc' dir='ltr'>Γραμμάτων</span> 
     </span>
    </p>
   </div>
   <div class='ocr_carea' id='block_1_65' title="bbox 2226 1901 3809 1988">
    <p class='ocr_par' dir='ltr' id='par_1_65' title="bbox 2226 1901 3809 1988">
     <span class='ocr_line' id='line_1_65' title="bbox 2226 1901 3809 1988; baseline -0.013 -17"><span class='ocrx_word' id='word_1_465' title='bbox 2226 1918 2322 1988; x_wconf 83' lang='grc' dir='ltr'>τὴν</span> <span class='ocrx_word' id='word_1_466' title='bbox 2344 1916 2567 1987; x_wconf 75' lang='grc' dir='ltr'>εἴδησιν,</span> <span class='ocrx_word' id='word_1_467' title='bbox 2601 1912 2669 1966; x_wconf 78' lang='grc' dir='ltr'>τὰ</span> <span class='ocrx_word' id='word_1_468' title='bbox 2696 1913 2753 1964; x_wconf 82' lang='grc' dir='ltr'><strong>ἐν</strong></span> <span class='ocrx_word' id='word_1_469' title='bbox 2790 1909 2867 1981; x_wconf 85' lang='grc' dir='ltr'>τῷ</span> <span class='ocrx_word' id='word_1_470' title='bbox 2918 1907 3261 1980; x_wconf 75' lang='grc' dir='ltr'><strong>προκειμένῳ</strong></span> <span class='ocrx_word' id='word_1_471' title='bbox 3313 1901 3640 1976; x_wconf 79' lang='grc' dir='ltr'><strong>ἑρμηνεύειν</strong></span> <span class='ocrx_word' id='word_1_472' title='bbox 3687 1904 3809 1954; x_wconf 79' lang='grc' dir='ltr'>ἐπι-</span> 
     </span>
    </p>
   </div>
   <div class='ocr_carea' id='block_1_66' title="bbox 2227 1990 3811 2078">
    <p class='ocr_par' dir='ltr' id='par_1_66' title="bbox 2227 1990 3811 2078">
     <span class='ocr_line' id='line_1_66' title="bbox 2227 1990 3811 2078; baseline -0.01 -19"><span class='ocrx_word' id='word_1_473' title='bbox 2227 2006 2442 2078; x_wconf 82' lang='grc' dir='ltr'>χειρῶν,</span> <span class='ocrx_word' id='word_1_474' title='bbox 2474 2005 2661 2075; x_wconf 81' lang='grc' dir='ltr'>γραφῇ</span> <span class='ocrx_word' id='word_1_475' title='bbox 2717 2000 3033 2073; x_wconf 82' lang='grc' dir='ltr'>παρέδωκεν</span> <span class='ocrx_word' id='word_1_476' title='bbox 3088 1998 3150 2051; x_wconf 88' lang='grc' dir='ltr'>οὺ</span> <span class='ocrx_word' id='word_1_477' title='bbox 3211 1993 3453 2067; x_wconf 71' lang='grc' dir='ltr'>φορητάς</span> <span class='ocrx_word' id='word_1_478' title='bbox 3495 1990 3811 2061; x_wconf 72' lang='grc' dir='ltr'><strong>δυσφημίας</strong></span> 
     </span>
    </p>
   </div>
   <div class='ocr_carea' id='block_1_67' title="bbox 2227 2082 3812 2161">
    <p class='ocr_par' dir='ltr' id='par_1_67' title="bbox 2227 2082 3812 2161">
     <span class='ocr_line' id='line_1_67' title="bbox 2227 2082 3812 2161; baseline -0.008 -13"><span class='ocrx_word' id='word_1_479' title='bbox 2227 2087 2369 2148; x_wconf 79' lang='grc' dir='ltr'>κατὰ</span> <span class='ocrx_word' id='word_1_480' title='bbox 2399 2094 2492 2147; x_wconf 78' lang='grc' dir='ltr'>τοῦ</span> <span class='ocrx_word' id='word_1_481' title='bbox 2521 2091 2881 2161; x_wconf 76' lang='grc' dir='ltr'>Μονογενοῦς,</span> <span class='ocrx_word' id='word_1_482' title='bbox 2917 2088 3145 2158; x_wconf 75' lang='grc' dir='ltr'>ἀδρανὲς</span> <span class='ocrx_word' id='word_1_483' title='bbox 3165 2087 3352 2158; x_wconf 83' lang='grc' dir='ltr'>ᾠήθην</span> <span class='ocrx_word' id='word_1_484' title='bbox 3375 2085 3470 2140; x_wconf 69' lang='grc' dir='ltr'>καὶ</span> <span class='ocrx_word' id='word_1_485' title='bbox 3506 2084 3631 2137; x_wconf 87' lang='grc' dir='ltr'>λίαν</span> <span class='ocrx_word' id='word_1_486' title='bbox 3651 2082 3812 2152; x_wconf 75' lang='grc' dir='ltr'>ἀνά-ρο</span> 
     </span>
    </p>
   </div>
   <div class='ocr_carea' id='block_1_68' title="bbox 2230 2175 3810 2259">
    <p class='ocr_par' dir='ltr' id='par_1_68' title="bbox 2230 2175 3810 2259">
     <span class='ocr_line' id='line_1_68' title="bbox 2230 2175 3810 2259; baseline -0.008 -20"><span class='ocrx_word' id='word_1_487' title='bbox 2230 2204 2427 2259; x_wconf 83' lang='grc' dir='ltr'>μοστον</span> <span class='ocrx_word' id='word_1_488' title='bbox 2458 2183 2684 2255; x_wconf 80' lang='grc' dir='ltr'>ἐμαυτῷ</span> <span class='ocrx_word' id='word_1_489' title='bbox 2719 2184 2953 2256; x_wconf 82' lang='grc' dir='ltr'>πρᾶγμα</span> <span class='ocrx_word' id='word_1_490' title='bbox 2976 2182 3150 2235; x_wconf 80' lang='grc' dir='ltr'>θέλειν</span> <span class='ocrx_word' id='word_1_491' title='bbox 3181 2177 3509 2249; x_wconf 71' lang='grc' dir='ltr'>ὑφίστασθαι</span> <span class='ocrx_word' id='word_1_492' title='bbox 3541 2175 3602 2230; x_wconf 72' lang='grc' dir='ltr'>τὸ</span> <span class='ocrx_word' id='word_1_493' title='bbox 3635 2176 3810 2244; x_wconf 78' lang='grc' dir='ltr'>σιωπῇ</span> 
     </span>
    </p>
   </div>
   <div class='ocr_carea' id='block_1_69' title="bbox 2229 2263 3813 2350">
    <p class='ocr_par' dir='ltr' id='par_1_69' title="bbox 2229 2263 3813 2350">
     <span class='ocr_line' id='line_1_69' title="bbox 2229 2263 3813 2350; baseline -0.013 -17"><span class='ocrx_word' id='word_1_494' title='bbox 2229 2276 2608 2350; x_wconf 72' lang='grc' dir='ltr'>παραδραμεῖν</span> <span class='ocrx_word' id='word_1_495' title='bbox 2642 2274 2747 2345; x_wconf 74' lang='grc' dir='ltr'>τὴν</span> <span class='ocrx_word' id='word_1_496' title='bbox 2799 2272 2943 2326; x_wconf 72' lang='grc' dir='ltr'>οὓτω</span> <span class='ocrx_word' id='word_1_497' title='bbox 2986 2271 3166 2341; x_wconf 74' lang='grc' dir='ltr'>δεινὴν</span> <span class='ocrx_word' id='word_1_498' title='bbox 3203 2267 3296 2321; x_wconf 78' lang='grc' dir='ltr'><strong>τοῦ</strong></span> <span class='ocrx_word' id='word_1_499' title='bbox 3351 2263 3813 2338; x_wconf 75' lang='grc' dir='ltr'>μνημονευθέντος</span> 
     </span>
    </p>
   </div>
   <div class='ocr_carea' id='block_1_70' title="bbox 2228 2354 3812 2434">
    <p class='ocr_par' dir='ltr' id='par_1_70' title="bbox 2228 2354 3812 2434">
     <span class='ocr_line' id='line_1_70' title="bbox 2228 2354 3812 2434; baseline -0.009 -12"><span class='ocrx_word' id='word_1_500' title='bbox 2228 2370 2507 2423; x_wconf 80' lang='grc' dir='ltr'>ἀπόνοιαν.</span> <span class='ocrx_word' id='word_1_501' title='bbox 2536 2366 2744 2420; x_wconf 73' lang='grc' dir='ltr'>Οὐκοῦν</span> <span class='ocrx_word' id='word_1_502' title='bbox 2775 2364 3031 2434; x_wconf 78' lang='grc' dir='ltr'>οἰήσομαι</span> <span class='ocrx_word' id='word_1_503' title='bbox 3065 2362 3172 2414; x_wconf 87' lang='grc' dir='ltr'>δεῖν</span> <span class='ocrx_word' id='word_1_504' title='bbox 3203 2360 3509 2427; x_wconf 75' lang='grc' dir='ltr'>ὑπαντῆσαι</span> <span class='ocrx_word' id='word_1_505' title='bbox 3546 2356 3651 2426; x_wconf 77' lang='grc' dir='ltr'>μὲν</span> <span class='ocrx_word' id='word_1_506' title='bbox 3675 2354 3812 2407; x_wconf 74' lang='grc' dir='ltr'>κατὰ</span> 
     </span>
    </p>
   </div>
   <div class='ocr_carea' id='block_1_71' title="bbox 2227 2434 3813 2531">
    <p class='ocr_par' dir='ltr' id='par_1_71' title="bbox 2227 2434 3813 2531">
     <span class='ocr_line' id='line_1_71' title="bbox 2227 2434 3813 2531; baseline -0.011 -17"><span class='ocrx_word' id='word_1_507' title='bbox 2227 2463 2384 2531; x_wconf 70' lang='grc' dir='ltr'>λόγον</span> <span class='ocrx_word' id='word_1_508' title='bbox 2413 2458 2579 2530; x_wconf 76' lang='grc' dir='ltr'>αὐτῷ,</span> <span class='ocrx_word' id='word_1_509' title='bbox 2600 2458 2770 2525; x_wconf 78' lang='grc' dir='ltr'>δεῖξαί</span> <span class='ocrx_word' id='word_1_510' title='bbox 2794 2474 2852 2510; x_wconf 90' lang='grc' dir='ltr'><strong>τε</strong></span> <span class='ocrx_word' id='word_1_511' title='bbox 2885 2454 3069 2523; x_wconf 67' lang='grc' dir='ltr'>σαφῶς</span> <span class='ocrx_word' id='word_1_512' title='bbox 3099 2454 3178 2506; x_wconf 80' lang='grc' dir='ltr'>ὅτι</span> <span class='ocrx_word' id='word_1_513' title='bbox 3203 2434 3379 2522; x_wconf 75' lang='grc' dir='ltr'>σαθρά</span> <span class='ocrx_word' id='word_1_514' title='bbox 3393 2466 3452 2502; x_wconf 89' lang='grc' dir='ltr'><strong>τε</strong></span> <span class='ocrx_word' id='word_1_515' title='bbox 3468 2448 3565 2501; x_wconf 72' lang='grc' dir='ltr'>καὶ</span> <span class='ocrx_word' id='word_1_516' title='bbox 3591 2443 3813 2516; x_wconf 78' lang='grc' dir='ltr'>γραώδη</span> 
     </span>
    </p>
   </div>
   <div class='ocr_carea' id='block_1_72' title="bbox 2229 2537 3816 2623">
    <p class='ocr_par' dir='ltr' id='par_1_72' title="bbox 2229 2537 3816 2623">
     <span class='ocr_line' id='line_1_72' title="bbox 2229 2537 3816 2623; baseline -0.012 -16"><span class='ocrx_word' id='word_1_517' title='bbox 2229 2554 2293 2606; x_wconf 80' lang='grc' dir='ltr'>τὰ</span> <span class='ocrx_word' id='word_1_518' title='bbox 2325 2553 2454 2623; x_wconf 71' lang='grc' dir='ltr'>παρ’</span> <span class='ocrx_word' id='word_1_519' title='bbox 2483 2550 2648 2604; x_wconf 81' lang='grc' dir='ltr'>αὐτοῦ</span> <span class='ocrx_word' id='word_1_520' title='bbox 2678 2549 2938 2621; x_wconf 83' lang='grc' dir='ltr'>μυθάρια,</span> <span class='ocrx_word' id='word_1_521' title='bbox 2962 2545 3057 2600; x_wconf 80' lang='grc' dir='ltr'>καὶ</span> <span class='ocrx_word' id='word_1_522' title='bbox 3089 2543 3401 2615; x_wconf 84' lang='grc' dir='ltr'>φρονήσεως</span> <span class='ocrx_word' id='word_1_523' title='bbox 3439 2539 3538 2610; x_wconf 83' lang='grc' dir='ltr'>μὲν</span> <span class='ocrx_word' id='word_1_524' title='bbox 3564 2538 3661 2608; x_wconf 78' lang='grc' dir='ltr'>τῆς</span> <span class='ocrx_word' id='word_1_525' title='bbox 3682 2537 3816 2601; x_wconf 82' lang='grc' dir='ltr'>ἀγα-</span> 
     </span>
    </p>
   </div>
   <div class='ocr_carea' id='block_1_73' title="bbox 2231 2627 3810 2713">
    <p class='ocr_par' dir='ltr' id='par_1_73' title="bbox 2231 2627 3810 2713">
     <span class='ocr_line' id='line_1_73' title="bbox 2231 2627 3810 2713; baseline -0.012 -16"><span class='ocrx_word' id='word_1_526' title='bbox 2231 2644 2332 2713; x_wconf 83' lang='grc' dir='ltr'>θῆς</span> <span class='ocrx_word' id='word_1_527' title='bbox 2359 2640 2691 2713; x_wconf 80' lang='grc' dir='ltr'>ἀμοιροῦντα</span> <span class='ocrx_word' id='word_1_528' title='bbox 2720 2635 3027 2700; x_wconf 70' lang='grc' dir='ltr'>παντελῶς,</span> <span class='ocrx_word' id='word_1_529' title='bbox 3041 2632 3281 2705; x_wconf 74' lang='grc' dir='ltr'>στροφὰς</span> <span class='ocrx_word' id='word_1_530' title='bbox 3301 2631 3358 2686; x_wconf 80' lang='grc' dir='ltr'><strong>δὲ</strong></span> <span class='ocrx_word' id='word_1_531' title='bbox 3382 2629 3607 2685; x_wconf 86' lang='grc' dir='ltr'>είκαίων</span> <span class='ocrx_word' id='word_1_532' title='bbox 3625 2627 3810 2698; x_wconf 73' lang='grc' dir='ltr'>ἔχοντα</span> 
     </span>
    </p>
   </div>
   <div class='ocr_carea' id='block_1_74' title="bbox 2230 2720 3805 2803">
    <p class='ocr_par' dir='ltr' id='par_1_74' title="bbox 2230 2720 3805 2803">
     <span class='ocr_line' id='line_1_74' title="bbox 2230 2720 3805 2803; baseline -0.009 -18"><span class='ocrx_word' id='word_1_533' title='bbox 2230 2733 2528 2803; x_wconf 80' lang='grc' dir='ltr'>λογισμῶν.</span> <span class='ocrx_word' id='word_1_534' title='bbox 2591 2731 2710 2785; x_wconf 81' lang='grc' dir='ltr'>Ἐπ’</span> <span class='ocrx_word' id='word_1_535' title='bbox 2742 2729 2988 2799; x_wconf 81' lang='grc' dir='ltr'>αὐτῆς-δέ</span> <span class='ocrx_word' id='word_1_536' title='bbox 3016 2728 3152 2796; x_wconf 62' lang='grc' dir='ltr'>ύμῖν,</span> <span class='ocrx_word' id='word_1_537' title='bbox 3175 2723 3571 2793; x_wconf 75' lang='grc' dir='ltr'>ἀναγνώσομαι</span> <span class='ocrx_word' id='word_1_538' title='bbox 3590 2720 3805 2785; x_wconf 79' lang='grc' dir='ltr'>λέξεως.</span> 
     </span>
    </p>
   </div>
   <div class='ocr_carea' id='block_1_75' title="bbox 2231 2809 3810 2892">
    <p class='ocr_par' dir='ltr' id='par_1_75' title="bbox 2231 2809 3810 2892">
     <span class='ocr_line' id='line_1_75' title="bbox 2231 2809 3810 2892; baseline -0.01 -13"><span class='ocrx_word' id='word_1_539' title='bbox 2231 2824 2268 2879; x_wconf 80' lang='grc' dir='ltr'><strong>ἀ</strong></span> <span class='ocrx_word' id='word_1_540' title='bbox 2298 2824 2575 2878; x_wconf 78' lang='grc' dir='ltr'>συνθεῖναι</span> <span class='ocrx_word' id='word_1_541' title='bbox 2604 2822 2929 2892; x_wconf 84' lang='grc' dir='ltr'>τετόλμηκε,</span> <span class='ocrx_word' id='word_1_542' title='bbox 2953 2818 3051 2890; x_wconf 80' lang='grc' dir='ltr'><strong>τὴν</strong></span> <span class='ocrx_word' id='word_1_543' title='bbox 3080 2817 3175 2870; x_wconf 80' lang='grc' dir='ltr'>τοῦ</span> <span class='ocrx_word' id='word_1_544' title='bbox 3207 2813 3597 2888; x_wconf 79' lang='grc' dir='ltr'>προκειμένου,</span> <span class='ocrx_word' id='word_1_545' title='bbox 3645 2809 3810 2865; x_wconf 83' lang='grc' dir='ltr'>καθά-</span> 
     </span>
    </p>
   </div>
   <div class='ocr_carea' id='block_1_76' title="bbox 2232 2903 3817 2990">
    <p class='ocr_par' dir='ltr' id='par_1_76' title="bbox 2232 2903 3817 2990">
     <span class='ocr_line' id='line_1_76' title="bbox 2232 2903 3817 2990; baseline -0.011 -19"><span class='ocrx_word' id='word_1_546' title='bbox 2232 2936 2340 2990; x_wconf 86' lang='grc' dir='ltr'><strong>περ</strong></span> <span class='ocrx_word' id='word_1_547' title='bbox 2370 2918 2531 2980; x_wconf 81' lang='grc' dir='ltr'>αὐτὸς</span> <span class='ocrx_word' id='word_1_548' title='bbox 2559 2915 2733 2988; x_wconf 83' lang='grc' dir='ltr'><strong>ᾠήθη,</strong></span> <span class='ocrx_word' id='word_1_549' title='bbox 2772 2913 3004 2983; x_wconf 81' lang='grc' dir='ltr'>θεωρίαν</span> <span class='ocrx_word' id='word_1_550' title='bbox 3041 2908 3422 2978; x_wconf 80' lang='grc' dir='ltr'>ἐξηγούμενος.</span> <span class='ocrx_word' id='word_1_551' title='bbox 3457 2924 3474 2956; x_wconf 79' lang='grc' dir='ltr'><strong>ι</strong></span> <span class='ocrx_word' id='word_1_552' title='bbox 3498 2903 3737 2968; x_wconf 74' lang='grc' dir='ltr'>Μείζονα</span> <span class='ocrx_word' id='word_1_553' title='bbox 3760 2903 3817 2990; x_wconf 77' lang='grc' dir='ltr'>δὲ</span> 
     </span>
    </p>
   </div>
   <div class='ocr_carea' id='block_1_77' title="bbox 2235 2989 3814 3074">
    <p class='ocr_par' dir='ltr' id='par_1_77' title="bbox 2235 2989 3814 3074">
     <span class='ocr_line' id='line_1_77' title="bbox 2235 2989 3814 3074; baseline -0.012 -14"><span class='ocrx_word' id='word_1_554' title='bbox 2235 2989 2428 3063; x_wconf 70' lang='grc' dir='ltr'>ἐαυτοῦ</span> <span class='ocrx_word' id='word_1_555' title='bbox 2454 3005 2545 3059; x_wconf 78' lang='grc' dir='ltr'>τὸν</span> <span class='ocrx_word' id='word_1_556' title='bbox 2579 3003 2839 3074; x_wconf 61' lang='grc' dir='ltr'>Πατέρα*</span> <span class='ocrx_word' id='word_1_557' title='bbox 2856 2996 3148 3071; x_wconf 80' lang='grc' dir='ltr'>κηρύσσων</span> <span class='ocrx_word' id='word_1_558' title='bbox 3183 2994 3390 3064; x_wconf 73' lang='grc' dir='ltr'>σαφῶς,</span> <span class='ocrx_word' id='word_1_559' title='bbox 3424 2993 3486 3046; x_wconf 86' lang='grc' dir='ltr'><strong>οὐ</strong></span> <span class='ocrx_word' id='word_1_560' title='bbox 3530 2992 3692 3062; x_wconf 85' lang='grc' dir='ltr'>μόνον</span> <span class='ocrx_word' id='word_1_561' title='bbox 3719 2989 3814 3060; x_wconf 84' lang='grc' dir='ltr'>τὴν</span> 
     </span>
    </p>
   </div>
   <div class='ocr_carea' id='block_1_78' title="bbox 2234 3080 3815 3168">
    <p class='ocr_par' dir='ltr' id='par_1_78' title="bbox 2234 3080 3815 3168">
     <span class='ocr_line' id='line_1_78' title="bbox 2234 3080 3815 3168; baseline -0.012 -16"><span class='ocrx_word' id='word_1_562' title='bbox 2234 3097 2412 3168; x_wconf 84' lang='grc' dir='ltr'>ἐαυτῷ</span> <span class='ocrx_word' id='word_1_563' title='bbox 2433 3096 2749 3168; x_wconf 84' lang='grc' dir='ltr'>πρέπουσαν</span> <span class='ocrx_word' id='word_1_564' title='bbox 2797 3090 3149 3162; x_wconf 66' lang='grc' dir='ltr'>παρέστησεν</span> <span class='ocrx_word' id='word_1_565' title='bbox 3198 3083 3646 3154; x_wconf 63' lang='grc' dir='ltr'>εὐγνωμοσύνην,</span> <span class='ocrx_word' id='word_1_566' title='bbox 3683 3080 3815 3135; x_wconf 83' lang='grc' dir='ltr'><strong>ἀλλά</strong></span> 
     </span>
    </p>
   </div>
   <div class='ocr_carea' id='block_1_79' title="bbox 2232 3171 3818 3261">
    <p class='ocr_par' dir='ltr' id='par_1_79' title="bbox 2232 3171 3818 3261">
     <span class='ocr_line' id='line_1_79' title="bbox 2232 3171 3818 3261; baseline -0.015 -15"><span class='ocrx_word' id='word_1_567' title='bbox 2232 3193 2340 3261; x_wconf 76' lang='grc' dir='ltr'><strong>γὰρ</strong></span> <span class='ocrx_word' id='word_1_568' title='bbox 2367 3189 2459 3243; x_wconf 72' lang='grc' dir='ltr'><strong>καὶ</strong></span> <span class='ocrx_word' id='word_1_569' title='bbox 2487 3187 2595 3241; x_wconf 84' lang='grc' dir='ltr'>τῶν</span> <span class='ocrx_word' id='word_1_570' title='bbox 2623 3190 2679 3241; x_wconf 85' lang='grc' dir='ltr'><strong>ἐν</strong></span> <span class='ocrx_word' id='word_1_571' title='bbox 2706 3183 3037 3255; x_wconf 74' lang='grc' dir='ltr'>ἀμφοτέροις</span> <span class='ocrx_word' id='word_1_572' title='bbox 3082 3175 3222 3232; x_wconf 79' lang='grc' dir='ltr'>εῖναι</span> <span class='ocrx_word' id='word_1_573' title='bbox 3256 3175 3588 3247; x_wconf 73' lang='grc' dir='ltr'>νομιζόντων</span> <span class='ocrx_word' id='word_1_574' title='bbox 3611 3175 3674 3227; x_wconf 79' lang='grc' dir='ltr'>τὸ</span> <span class='ocrx_word' id='word_1_575' title='bbox 3690 3171 3818 3241; x_wconf 79' lang='grc' dir='ltr'><strong>ψεῦ-</strong></span> 
     </span>
    </p>
   </div>
   <div class='ocr_carea' id='block_1_80' title="bbox 2230 3265 3815 3352">
    <p class='ocr_par' dir='ltr' id='par_1_80' title="bbox 2230 3265 3815 3352">
     <span class='ocr_line' id='line_1_80' title="bbox 2230 3265 3815 3352; baseline -0.013 -15"><span class='ocrx_word' id='word_1_576' title='bbox 2230 3284 2318 3346; x_wconf 81' lang='grc' dir='ltr'><strong>δος</strong></span> <span class='ocrx_word' id='word_1_577' title='bbox 2339 3280 2607 3352; x_wconf 79' lang='grc' dir='ltr'>διήλεγξε.</span> <span class='ocrx_word' id='word_1_578' title='bbox 2635 3297 2654 3330; x_wconf 73' lang='grc' dir='ltr'><strong>ι</strong></span> <span class='ocrx_word' id='word_1_579' title='bbox 2709 3277 2822 3331; x_wconf 77' lang='grc' dir='ltr'><strong>Καὶ</strong></span> <span class='ocrx_word' id='word_1_580' title='bbox 2852 3273 2949 3347; x_wconf 78' lang='grc' dir='ltr'><strong>τὴν</strong></span> <span class='ocrx_word' id='word_1_581' title='bbox 2980 3269 3271 3329; x_wconf 67' lang='grc' dir='ltr'>Σαδελλίου</span> <span class='ocrx_word' id='word_1_582' title='bbox 3300 3268 3391 3321; x_wconf 85' lang='grc' dir='ltr'>διὰ</span> <span class='ocrx_word' id='word_1_583' title='bbox 3424 3265 3633 3320; x_wconf 87' lang='grc' dir='ltr'>τούτων</span> <span class='ocrx_word' id='word_1_584' title='bbox 3662 3280 3815 3333; x_wconf 74' lang='grc' dir='ltr'>περτ-</span> 
     </span>
    </p>
   </div>
   <div class='ocr_carea' id='block_1_81' title="bbox 2233 3358 3815 3446">
    <p class='ocr_par' dir='ltr' id='par_1_81' title="bbox 2233 3358 3815 3446">
     <span class='ocr_line' id='line_1_81' title="bbox 2233 3358 3815 3446; baseline -0.013 -19"><span class='ocrx_word' id='word_1_585' title='bbox 2233 3373 2506 3446; x_wconf 61' lang='grc' dir='ltr'>κμροτήσας</span> <span class='ocrx_word' id='word_1_586' title='bbox 2526 3368 2706 3434; x_wconf 64' lang='grc' dir='ltr'>ἄεξαν,</span> <span class='ocrx_word' id='word_1_587' title='bbox 2733 3366 2933 3430; x_wconf 80' lang='grc' dir='ltr'>δεινὸς,</span> <span class='ocrx_word' id='word_1_588' title='bbox 2970 3365 3045 3428; x_wconf 87' lang='grc' dir='ltr'><strong>ὡς</strong></span> <span class='ocrx_word' id='word_1_589' title='bbox 3093 3362 3287 3423; x_wconf 72' lang='grc' dir='ltr'>οἴεται,</span> <span class='ocrx_word' id='word_1_590' title='bbox 3325 3360 3420 3413; x_wconf 57' lang='grc' dir='ltr'><strong>καί⁵</strong></span> <span class='ocrx_word' id='word_1_591' title='bbox 3453 3358 3653 3429; x_wconf 73' lang='grc' dir='ltr'>δριμὺς</span> <span class='ocrx_word' id='word_1_592' title='bbox 3697 3358 3815 3409; x_wconf 81' lang='grc' dir='ltr'>ἐπι-</span> 
     </span>
    </p>
   </div>
   <div class='ocr_carea' id='block_1_82' title="bbox 2234 3447 3817 3537">
    <p class='ocr_par' dir='ltr' id='par_1_82' title="bbox 2234 3447 3817 3537">
     <span class='ocr_line' id='line_1_82' title="bbox 2234 3447 3817 3537; baseline -0.013 -18"><span class='ocrx_word' id='word_1_593' title='bbox 2234 3466 2380 3537; x_wconf 82' lang='grc' dir='ltr'>πηδᾷ</span> <span class='ocrx_word' id='word_1_594' title='bbox 2410 3466 2525 3527; x_wconf 89' lang='grc' dir='ltr'>τοῖς</span> <span class='ocrx_word' id='word_1_595' title='bbox 2553 3465 2611 3516; x_wconf 90' lang='grc' dir='ltr'>ἐν</span> <span class='ocrx_word' id='word_1_596' title='bbox 2647 3461 2853 3530; x_wconf 79' lang='grc' dir='ltr'>ἰσότητι</span> <span class='ocrx_word' id='word_1_597' title='bbox 2887 3457 3024 3529; x_wconf 83' lang='grc' dir='ltr'>πρὸς</span> <span class='ocrx_word' id='word_1_598' title='bbox 3074 3455 3166 3509; x_wconf 78' lang='grc' dir='ltr'>τὸν</span> <span class='ocrx_word' id='word_1_599' title='bbox 3225 3452 3445 3522; x_wconf 84' lang='grc' dir='ltr'>Πατέρα</span> <span class='ocrx_word' id='word_1_600' title='bbox 3497 3449 3698 3504; x_wconf 84' lang='grc' dir='ltr'>τιθεῖσι</span> <span class='ocrx_word' id='word_1_601' title='bbox 3730 3447 3817 3501; x_wconf 77' lang='grc' dir='ltr'><strong>τὸν</strong></span> 
     </span>
    </p>
   </div>
   <div class='ocr_carea' id='block_1_83' title="bbox 2234 3542 3820 3619">
    <p class='ocr_par' dir='ltr' id='par_1_83' title="bbox 2234 3542 3820 3619">
     <span class='ocr_line' id='line_1_83' title="bbox 2234 3542 3820 3619; baseline -0.015 -5"><span class='ocrx_word' id='word_1_602' title='bbox 2234 3559 2384 3619; x_wconf 75' lang='grc' dir='ltr'>Υἱδν,</span> <span class='ocrx_word' id='word_1_603' title='bbox 2411 3556 2556 3611; x_wconf 78' lang='grc' dir='ltr'>οὓτω</span> <span class='ocrx_word' id='word_1_604' title='bbox 2584 3555 2747 3608; x_wconf 85' lang='grc' dir='ltr'>πάλιν</span> <span class='ocrx_word' id='word_1_605' title='bbox 2776 3551 2966 3607; x_wconf 81' lang='grc' dir='ltr'>εἰπών·</span> <span class='ocrx_word' id='word_1_606' title='bbox 3007 3568 3031 3600; x_wconf 80' lang='grc' dir='ltr'><strong>ι</strong></span> <span class='ocrx_word' id='word_1_607' title='bbox 3061 3551 3157 3612; x_wconf 71' lang='lat' dir='ltr'><strong>Ei;</strong></span> <span class='ocrx_word' id='word_1_608' title='bbox 3185 3545 3443 3601; x_wconf 75' lang='grc' dir='ltr'>τοσοῦτον</span> <span class='ocrx_word' id='word_1_609' title='bbox 3497 3542 3664 3597; x_wconf 79' lang='grc' dir='ltr'>πάλιν</span> <span class='ocrx_word' id='word_1_610' title='bbox 3689 3542 3820 3595; x_wconf 75' lang='grc' dir='ltr'>ἀπο-</span> 
     </span>
    </p>
   </div>
   <div class='ocr_carea' id='block_1_84' title="bbox 2235 3632 3822 3719">
    <p class='ocr_par' dir='ltr' id='par_1_84' title="bbox 2235 3632 3822 3719">
     <span class='ocr_line' id='line_1_84' title="bbox 2235 3632 3822 3719; baseline -0.013 -14"><span class='ocrx_word' id='word_1_611' title='bbox 2235 3650 2383 3714; x_wconf 75' lang='grc' dir='ltr'>νοίας</span> <span class='ocrx_word' id='word_1_612' title='bbox 2404 3646 2676 3719; x_wconf 81' lang='grc' dir='ltr'>προῆλθόν</span> <span class='ocrx_word' id='word_1_613' title='bbox 2706 3660 2872 3708; x_wconf 77' lang='grc' dir='ltr'>τινες,</span> <span class='ocrx_word' id='word_1_614' title='bbox 2899 3643 2976 3706; x_wconf 87' lang='grc' dir='ltr'>ὡς</span> <span class='ocrx_word' id='word_1_615' title='bbox 3010 3641 3145 3713; x_wconf 87' lang='grc' dir='ltr'><strong>μηδέ</strong></span> <span class='ocrx_word' id='word_1_616' title='bbox 3187 3638 3327 3702; x_wconf 83' lang='grc' dir='ltr'>ὅλως</span> <span class='ocrx_word' id='word_1_617' title='bbox 3367 3633 3662 3706; x_wconf 79' lang='grc' dir='ltr'>ἀνέχεσθαι</span> <span class='ocrx_word' id='word_1_618' title='bbox 3710 3632 3822 3704; x_wconf 84' lang='grc' dir='ltr'>μεί-</span> 
     </span>
    </p>
   </div>
   <div class='ocr_carea' id='block_1_85' title="bbox 2236 3725 3823 3806">
    <p class='ocr_par' dir='ltr' id='par_1_85' title="bbox 2236 3725 3823 3806">
     <span class='ocr_line' id='line_1_85' title="bbox 2236 3725 3823 3806; baseline -0.013 -10"><span class='ocrx_word' id='word_1_619' title='bbox 2236 3741 2364 3806; x_wconf 85' lang='grc' dir='ltr'>ζονα</span> <span class='ocrx_word' id='word_1_620' title='bbox 2398 3735 2535 3793; x_wconf 80' lang='grc' dir='ltr'>εἶναι</span> <span class='ocrx_word' id='word_1_621' title='bbox 2555 3738 2648 3792; x_wconf 82' lang='grc' dir='ltr'>τὸν</span> <span class='ocrx_word' id='word_1_622' title='bbox 2686 3735 2905 3803; x_wconf 82' lang='grc' dir='ltr'>Πατέρα</span> <span class='ocrx_word' id='word_1_623' title='bbox 2931 3734 3029 3803; x_wconf 83' lang='grc' dir='ltr'><strong>τῆς</strong></span> <span class='ocrx_word' id='word_1_624' title='bbox 3061 3730 3155 3785; x_wconf 74' lang='grc' dir='ltr'>τοῦ</span> <span class='ocrx_word' id='word_1_625' title='bbox 3190 3727 3528 3796; x_wconf 85' lang='grc' dir='ltr'>Μονογενοῦς</span> <span class='ocrx_word' id='word_1_626' title='bbox 3577 3725 3823 3796; x_wconf 76' lang='grc' dir='ltr'>θεότητος</span> 
     </span>
    </p>
   </div>
   <div class='ocr_carea' id='block_1_86' title="bbox 2235 3817 3824 3902">
    <p class='ocr_par' dir='ltr' id='par_1_86' title="bbox 2235 3817 3824 3902">
     <span class='ocr_line' id='line_1_86' title="bbox 2235 3817 3824 3902; baseline -0.011 -15"><span class='ocrx_word' id='word_1_627' title='bbox 2235 3834 2434 3902; x_wconf 85' lang='grc' dir='ltr'>λέγειν,</span> <span class='ocrx_word' id='word_1_628' title='bbox 2454 3831 2589 3884; x_wconf 83' lang='grc' dir='ltr'><strong>ἀλλά</strong></span> <span class='ocrx_word' id='word_1_629' title='bbox 2613 3829 2774 3901; x_wconf 80' lang='grc' dir='ltr'>μόνον</span> <span class='ocrx_word' id='word_1_630' title='bbox 2795 3826 2956 3881; x_wconf 79' lang='grc' dir='ltr'>αὑτὸν</span> <span class='ocrx_word' id='word_1_631' title='bbox 2978 3822 3266 3894; x_wconf 82' lang='grc' dir='ltr'>συγκρίσει</span> <span class='ocrx_word' id='word_1_632' title='bbox 3286 3824 3354 3893; x_wconf 78' lang='grc' dir='ltr'>τῇ</span> <span class='ocrx_word' id='word_1_633' title='bbox 3377 3818 3507 3893; x_wconf 73' lang='grc' dir='ltr'>περὶ</span> <span class='ocrx_word' id='word_1_634' title='bbox 3530 3817 3629 3888; x_wconf 79' lang='grc' dir='ltr'><strong>τὴν</strong></span> <span class='ocrx_word' id='word_1_635' title='bbox 3651 3817 3824 3889; x_wconf 81' lang='grc' dir='ltr'>σάρκα</span> 
     </span>
    </p>
   </div>
   <div class='ocr_carea' id='block_1_87' title="bbox 2237 3907 3827 3997">
    <p class='ocr_par' dir='ltr' id='par_1_87' title="bbox 2237 3907 3827 3997">
     <span class='ocr_line' id='line_1_87' title="bbox 2237 3907 3827 3997; baseline -0.012 -18"><span class='ocrx_word' id='word_1_636' title='bbox 2237 3925 2522 3997; x_wconf 77' lang='grc' dir='ltr'>ὑπερέχειν</span> <span class='ocrx_word' id='word_1_637' title='bbox 2539 3923 2735 3986; x_wconf 83' lang='grc' dir='ltr'>δοκεῖν,</span> <span class='ocrx_word' id='word_1_638' title='bbox 2758 3918 2894 3990; x_wconf 86' lang='grc' dir='ltr'><strong>μηδέ</strong></span> <span class='ocrx_word' id='word_1_639' title='bbox 2913 3916 3018 3970; x_wconf 77' lang='grc' dir='ltr'>κᾶν</span> <span class='ocrx_word' id='word_1_640' title='bbox 3039 3914 3197 3969; x_wconf 80' lang='grc' dir='ltr'>τοῦτο</span> <span class='ocrx_word' id='word_1_641' title='bbox 3216 3912 3335 3985; x_wconf 66' lang='grc' dir='ltr'>[γρ.</span> <span class='ocrx_word' id='word_1_642' title='bbox 3351 3912 3456 3965; x_wconf 90' lang='grc' dir='ltr'>κάν</span> <span class='ocrx_word' id='word_1_643' title='bbox 3471 3907 3673 3981; x_wconf 82' lang='grc' dir='ltr'>τούτῳ]</span> <span class='ocrx_word' id='word_1_644' title='bbox 3694 3924 3827 3961; x_wconf 79' lang='grc' dir='ltr'>συνι-</span> 
     </span>
    </p>
   </div>
   <div class='ocr_carea' id='block_1_88' title="bbox 2236 3998 3822 4084">
    <p class='ocr_par' dir='ltr' id='par_1_88' title="bbox 2236 3998 3822 4084">
     <span class='ocr_line' id='line_1_88' title="bbox 2236 3998 3822 4084; baseline -0.013 -14"><span class='ocrx_word' id='word_1_645' title='bbox 2236 4018 2345 4070; x_wconf 84' lang='grc' dir='ltr'>δεῖν</span> <span class='ocrx_word' id='word_1_646' title='bbox 2375 4012 2715 4084; x_wconf 81' lang='grc' dir='ltr'>δυνηθέντες,</span> <span class='ocrx_word' id='word_1_647' title='bbox 2745 4010 2820 4073; x_wconf 81' lang='grc' dir='ltr'>ὼς</span> <span class='ocrx_word' id='word_1_648' title='bbox 2845 4009 2915 4062; x_wconf 89' lang='grc' dir='ltr'><strong>τά</strong></span> <span class='ocrx_word' id='word_1_649' title='bbox 2940 4008 3228 4078; x_wconf 78' lang='grc' dir='ltr'>ἑτερογενῆ</span> <span class='ocrx_word' id='word_1_650' title='bbox 3257 4001 3508 4073; x_wconf 75' lang='grc' dir='ltr'>οὐδαμῶς</span> <span class='ocrx_word' id='word_1_651' title='bbox 3538 3998 3822 4069; x_wconf 87' lang='grc' dir='ltr'>συγκρίνε-</span> 
     </span>
    </p>
   </div>
   <div class='ocr_carea' id='block_1_89' title="bbox 2239 4091 3825 4170">
    <p class='ocr_par' dir='ltr' id='par_1_89' title="bbox 2239 4091 3825 4170">
     <span class='ocr_line' id='line_1_89' title="bbox 2239 4091 3825 4170; baseline -0.012 -11"><span class='ocrx_word' id='word_1_652' title='bbox 2239 4106 2364 4160; x_wconf 89' lang='grc' dir='ltr'>σθαι</span> <span class='ocrx_word' id='word_1_653' title='bbox 2385 4105 2627 4158; x_wconf 88' lang='grc' dir='ltr'>δύναται.</span> <span class='ocrx_word' id='word_1_654' title='bbox 2661 4100 2851 4166; x_wconf 74' lang='grc' dir='ltr'>Οὐδεὶς</span> <span class='ocrx_word' id='word_1_655' title='bbox 2875 4099 2985 4170; x_wconf 87' lang='grc' dir='ltr'><strong>γὰρ</strong></span> <span class='ocrx_word' id='word_1_656' title='bbox 3010 4097 3075 4151; x_wconf 83' lang='grc' dir='ltr'>ἂν</span> <span class='ocrx_word' id='word_1_657' title='bbox 3098 4098 3241 4149; x_wconf 76' lang='grc' dir='ltr'>εἴποι</span> <span class='ocrx_word' id='word_1_658' title='bbox 3269 4093 3397 4148; x_wconf 87' lang='grc' dir='ltr'><strong>ποτέ</strong></span> <span class='ocrx_word' id='word_1_659' title='bbox 3426 4094 3508 4146; x_wconf 80' lang='grc' dir='ltr'><strong>ὅτι</strong></span> <span class='ocrx_word' id='word_1_660' title='bbox 3543 4091 3825 4159; x_wconf 77' lang='grc' dir='ltr'>ἄνθρωπος</span> 
     </span>
    </p>
   </div>
   <div class='ocr_carea' id='block_1_90' title="bbox 2239 4184 3823 4268">
    <p class='ocr_par' dir='ltr' id='par_1_90' title="bbox 2239 4184 3823 4268">
     <span class='ocr_line' id='line_1_90' title="bbox 2239 4184 3823 4268; baseline -0.011 -15"><span class='ocrx_word' id='word_1_661' title='bbox 2239 4196 2547 4268; x_wconf 60' lang='grc' dir='ltr'>σοφώτερός</span> <span class='ocrx_word' id='word_1_662' title='bbox 2569 4196 2687 4253; x_wconf 82' lang='grc' dir='ltr'>ἐστι</span> <span class='ocrx_word' id='word_1_663' title='bbox 2721 4195 2975 4262; x_wconf 79' lang='grc' dir='ltr'>κτήνους,</span> <span class='ocrx_word' id='word_1_664' title='bbox 3021 4188 3144 4243; x_wconf 74' lang='grc' dir='ltr'>οὔτε</span> <span class='ocrx_word' id='word_1_665' title='bbox 3194 4188 3301 4259; x_wconf 78' lang='grc' dir='ltr'>μὴν</span> <span class='ocrx_word' id='word_1_666' title='bbox 3348 4187 3515 4249; x_wconf 74' lang='grc' dir='ltr'>ἵππος</span> <span class='ocrx_word' id='word_1_667' title='bbox 3557 4184 3823 4254; x_wconf 79' lang='grc' dir='ltr'>ὀξυτέρως</span> 
     </span>
    </p>
   </div>
   <div class='ocr_carea' id='block_1_91' title="bbox 2237 4275 3821 4364">
    <p class='ocr_par' dir='ltr' id='par_1_91' title="bbox 2237 4275 3821 4364">
     <span class='ocr_line' id='line_1_91' title="bbox 2237 4275 3821 4364; baseline -0.012 -21"><span class='ocrx_word' id='word_1_668' title='bbox 2237 4290 2422 4364; x_wconf 78' lang='grc' dir='ltr'>τρέχει</span> <span class='ocrx_word' id='word_1_669' title='bbox 2451 4286 2714 4359; x_wconf 84' lang='grc' dir='ltr'>χελώνης,</span> <span class='ocrx_word' id='word_1_670' title='bbox 2751 4284 2866 4338; x_wconf 85' lang='grc' dir='ltr'>ἀλλ’</span> <span class='ocrx_word' id='word_1_671' title='bbox 2890 4282 3178 4353; x_wconf 80' lang='grc' dir='ltr'>ἄνθρωπον</span> <span class='ocrx_word' id='word_1_672' title='bbox 3210 4276 3500 4350; x_wconf 81' lang='grc' dir='ltr'>ἀνθρώπου</span> <span class='ocrx_word' id='word_1_673' title='bbox 3528 4275 3821 4345; x_wconf 80' lang='grc' dir='ltr'>ἐλλογιμὼ-</span> 
     </span>
    </p>
   </div>
   <div class='ocr_carea' id='block_1_92' title="bbox 2237 4367 3822 4455">
    <p class='ocr_par' dir='ltr' id='par_1_92' title="bbox 2237 4367 3822 4455">
     <span class='ocr_line' id='line_1_92' title="bbox 2237 4367 3822 4455; baseline -0.015 -18"><span class='ocrx_word' id='word_1_674' title='bbox 2237 4399 2416 4455; x_wconf 84' lang='grc' dir='ltr'>τερον,</span> <span class='ocrx_word' id='word_1_675' title='bbox 2452 4382 2618 4435; x_wconf 80' lang='grc' dir='ltr'>ἵππον</span> <span class='ocrx_word' id='word_1_676' title='bbox 2672 4378 2730 4429; x_wconf 84' lang='grc' dir='ltr'><strong>δέ</strong></span> <span class='ocrx_word' id='word_1_677' title='bbox 2782 4377 2952 4429; x_wconf 76' lang='grc' dir='ltr'>ἵππου</span> <span class='ocrx_word' id='word_1_678' title='bbox 2996 4372 3254 4442; x_wconf 80' lang='grc' dir='ltr'>ὀξύτερον</span> <span class='ocrx_word' id='word_1_679' title='bbox 3290 4369 3576 4439; x_wconf 84' lang='grc' dir='ltr'>φέρεσθαι.</span> <span class='ocrx_word' id='word_1_680' title='bbox 3637 4367 3822 4421; x_wconf 79' lang='grc' dir='ltr'>Μόνων</span> 
     </span>
    </p>
   </div>
   <div class='ocr_carea' id='block_1_93' title="bbox 558 4458 2128 4550">
    <p class='ocr_par' dir='ltr' id='par_1_93' title="bbox 558 4478 2128 4548">
     <span class='ocr_line' id='line_1_93' title="bbox 558 4478 2128 4548; baseline -0.001 -16"><span class='ocrx_word' id='word_1_681' title='bbox 558 4488 904 4547; x_wconf 78' lang='lat' dir='ltr'><strong>cmuparant,</strong></span> <span class='ocrx_word' id='word_1_682' title='bbox 933 4488 1204 4548; x_wconf 86' lang='lat' dir='ltr'><strong>quantum</strong></span> <span class='ocrx_word' id='word_1_683' title='bbox 1238 4480 1290 4536; x_wconf 89' lang='lat' dir='ltr'><strong>in</strong></span> <span class='ocrx_word' id='word_1_684' title='bbox 1325 4480 1405 4537; x_wconf 85' lang='lat' dir='ltr'><strong>eis</strong></span> <span class='ocrx_word' id='word_1_685' title='bbox 1446 4488 1556 4546; x_wconf 89' lang='lat' dir='ltr'><strong>est,</strong></span> <span class='ocrx_word' id='word_1_686' title='bbox 1588 4478 1770 4535; x_wconf 88' lang='lat' dir='ltr'><strong>Patris</strong></span> <span class='ocrx_word' id='word_1_687' title='bbox 1813 4478 2128 4548; x_wconf 79' lang='lat' dir='ltr'><strong>dignitatem</strong></span> 
     </span>
    </p>
   </div>
   <div class='ocr_carea' id='block_1_94' title="bbox 2230 4458 3824 4550">
    <p class='ocr_par' dir='ltr' id='par_1_94' title="bbox 2243 4458 3824 4540">
     <span class='ocr_line' id='line_1_94' title="bbox 2243 4458 3824 4540; baseline -0.015 -11"><span class='ocrx_word' id='word_1_688' title='bbox 2243 4475 2421 4531; x_wconf 73' lang='grc' dir='ltr'>τοίνυν</span> <span class='ocrx_word' id='word_1_689' title='bbox 2449 4471 2559 4525; x_wconf 82' lang='grc' dir='ltr'><strong>τῶν</strong></span> <span class='ocrx_word' id='word_1_690' title='bbox 2617 4467 2896 4540; x_wconf 72' lang='grc' dir='ltr'>ὁμογενῶν</span> <span class='ocrx_word' id='word_1_691' title='bbox 2944 4466 3042 4536; x_wconf 80' lang='grc' dir='ltr'>τὴν</span> <span class='ocrx_word' id='word_1_692' title='bbox 3086 4465 3222 4534; x_wconf 79' lang='grc' dir='ltr'>πρὸς</span> <span class='ocrx_word' id='word_1_693' title='bbox 3277 4460 3486 4531; x_wconf 83' lang='grc' dir='ltr'>ἄλληλα</span> <span class='ocrx_word' id='word_1_694' title='bbox 3542 4458 3824 4528; x_wconf 78' lang='grc' dir='ltr'>σύγκρισιν</span> 
     </span>
    </p>
   </div>
   <div class='ocr_carea' id='block_1_95' title="bbox 559 4571 891 4624">
    <p class='ocr_par' dir='ltr' id='par_1_95' title="bbox 559 4571 891 4624">
     <span class='ocr_line' id='line_1_95' title="bbox 559 4571 891 4624; baseline -0.006 -2"><span class='ocrx_word' id='word_1_695' title='bbox 559 4571 833 4624; x_wconf 87' lang='lat' dir='ltr'><strong>minuunt.</strong></span> <span class='ocrx_word' id='word_1_696' title='bbox 872 4586 891 4620; x_wconf 73' lang='grc' dir='ltr'><strong>ι</strong></span> 
     </span>
    </p>
   </div>
   <div class='ocr_carea' id='block_1_96' title="bbox 2245 4549 3826 4637">
    <p class='ocr_par' dir='ltr' id='par_1_96' title="bbox 2245 4549 3826 4637">
     <span class='ocr_line' id='line_1_96' title="bbox 2245 4549 3826 4637; baseline -0.015 -15"><span class='ocrx_word' id='word_1_697' title='bbox 2245 4563 2687 4637; x_wconf 78' lang='grc' dir='ltr'>ἐπιδεχομένων,</span> <span class='ocrx_word' id='word_1_698' title='bbox 2741 4561 2955 4630; x_wconf 82' lang='grc' dir='ltr'>ἀνάγκη</span> <span class='ocrx_word' id='word_1_699' title='bbox 3020 4557 3216 4615; x_wconf 78' lang='grc' dir='ltr'>αὐτοὺς</span> <span class='ocrx_word' id='word_1_700' title='bbox 3265 4554 3641 4625; x_wconf 84' lang='grc' dir='ltr'>ὁμολογῆσαι,</span> <span class='ocrx_word' id='word_1_701' title='bbox 3697 4549 3826 4602; x_wconf 83' lang='grc' dir='ltr'><strong>ὅτιὸ</strong></span> 
     </span>
    </p>
   </div>
   <div class='ocr_carea' id='block_1_97' title="bbox 442 4645 3826 4738">
    <p class='ocr_par' dir='ltr' id='par_1_97' title="bbox 442 4645 3826 4738">
     <span class='ocr_line' id='line_1_97' title="bbox 442 4645 3826 4738; baseline -0.012 -5"><span class='ocrx_word' id='word_1_702' title='bbox 442 4725 450 4733; x_wconf 92' lang='grc'><strong>.</strong></span> <span class='ocrx_word' id='word_1_703' title='bbox 559 4662 751 4733; x_wconf 67' lang='grc' dir='ltr'><strong>Πατὴρ</strong></span> <span class='ocrx_word' id='word_1_704' title='bbox 789 4662 988 4732; x_wconf 72' lang='grc' dir='ltr'>μείζων</span> <span class='ocrx_word' id='word_1_705' title='bbox 1015 4664 1186 4735; x_wconf 82' lang='grc' dir='ltr'>αὐτῆς</span> <span class='ocrx_word' id='word_1_706' title='bbox 1228 4666 1326 4737; x_wconf 80' lang='grc' dir='ltr'>τῆς</span> <span class='ocrx_word' id='word_1_707' title='bbox 1378 4667 1471 4721; x_wconf 69' lang='grc' dir='ltr'><strong>τοῦ</strong></span> <span class='ocrx_word' id='word_1_708' title='bbox 1512 4664 1851 4735; x_wconf 70' lang='grc' dir='ltr'>Μονογενοῦς</span> <span class='ocrx_word' id='word_1_709' title='bbox 1883 4666 2136 4738; x_wconf 79' lang='grc' dir='ltr'>θεότητος</span> <span class='ocrx_word' id='word_1_710' title='bbox 2175 4665 2433 4735; x_wconf 78' lang='grc' dir='ltr'>ὑπάρχει.</span> <span class='ocrx_word' id='word_1_711' title='bbox 2471 4661 2534 4714; x_wconf 86' lang='grc' dir='ltr'>Οί</span> <span class='ocrx_word' id='word_1_712' title='bbox 2567 4659 2677 4730; x_wconf 82' lang='grc' dir='ltr'>γὰρ</span> <span class='ocrx_word' id='word_1_713' title='bbox 2706 4656 2962 4719; x_wconf 74' lang='grc' dir='ltr'>ἐναντίως</span> <span class='ocrx_word' id='word_1_714' title='bbox 2990 4652 3368 4723; x_wconf 73' lang='grc' dir='ltr'>σφαλλόμενοι,</span> <span class='ocrx_word' id='word_1_715' title='bbox 3401 4647 3479 4719; x_wconf 84' lang='grc' dir='ltr'>τῷ</span> <span class='ocrx_word' id='word_1_716' title='bbox 3537 4648 3676 4719; x_wconf 68' lang='grc' dir='ltr'>πρδς</span> <span class='ocrx_word' id='word_1_717' title='bbox 3733 4645 3826 4713; x_wconf 69' lang='grc' dir='ltr'><strong>τὴν</strong></span> 
     </span>
    </p>
   </div>
   <div class='ocr_carea' id='block_1_98' title="bbox 559 4751 3555 4835">
    <p class='ocr_par' dir='ltr' id='par_1_98' title="bbox 559 4751 3555 4835">
     <span class='ocr_line' id='line_1_98' title="bbox 559 4751 3555 4835; baseline -0.005 -25"><span class='ocrx_word' id='word_1_718' title='bbox 559 4755 736 4827; x_wconf 80' lang='grc' dir='ltr'>σάρκα</span> <span class='ocrx_word' id='word_1_719' title='bbox 764 4758 1095 4828; x_wconf 82' lang='grc' dir='ltr'>συγκρίνειν,</span> <span class='ocrx_word' id='word_1_720' title='bbox 1143 4761 1266 4813; x_wconf 80' lang='grc' dir='ltr'>ὅσον</span> <span class='ocrx_word' id='word_1_721' title='bbox 1314 4760 1377 4814; x_wconf 84' lang='grc' dir='ltr'><strong>τὸ</strong></span> <span class='ocrx_word' id='word_1_722' title='bbox 1418 4759 1503 4814; x_wconf 81' lang='grc' dir='ltr'>ἐπ’</span> <span class='ocrx_word' id='word_1_723' title='bbox 1554 4762 1758 4828; x_wconf 78' lang='grc' dir='ltr'>αὐτοῖς,</span> <span class='ocrx_word' id='word_1_724' title='bbox 1800 4763 1861 4817; x_wconf 84' lang='grc' dir='ltr'><strong>τὸ</strong></span> <span class='ocrx_word' id='word_1_725' title='bbox 1905 4763 2169 4835; x_wconf 71' lang='grc' dir='ltr'>πατρικὸν</span> <span class='ocrx_word' id='word_1_726' title='bbox 2205 4761 2424 4829; x_wconf 80' lang='grc' dir='ltr'>ἀξίωμα</span> <span class='ocrx_word' id='word_1_727' title='bbox 2451 4753 2795 4825; x_wconf 83' lang='grc' dir='ltr'>καθαιροῦσι.</span> <span class='ocrx_word' id='word_1_728' title='bbox 2843 4771 2861 4803; x_wconf 74' lang='grc' dir='ltr'><strong>ι</strong></span> <span class='ocrx_word' id='word_1_729' title='bbox 3415 4751 3418 4754; x_wconf 81' lang='grc'><strong>’</strong></span> <span class='ocrx_word' id='word_1_730' title='bbox 3549 4804 3555 4810; x_wconf 39' lang='grc'><strong>,</strong></span> 
     </span>
    </p>
   </div>
   <div class='ocr_carea' id='block_1_99' title="bbox 630 4847 2136 4925">
    <p class='ocr_par' dir='ltr' id='par_1_99' title="bbox 630 4847 2136 4925">
     <span class='ocr_line' id='line_1_99' title="bbox 630 4847 2136 4925; baseline 0.005 -25"><span class='ocrx_word' id='word_1_731' title='bbox 630 4847 721 4907; x_wconf 79' lang='lat' dir='ltr'><strong>liae</strong></span> <span class='ocrx_word' id='word_1_732' title='bbox 771 4848 995 4919; x_wconf 85' lang='lat' dir='ltr'><strong>quidem</strong></span> <span class='ocrx_word' id='word_1_733' title='bbox 1042 4860 1175 4906; x_wconf 88' lang='lat' dir='ltr'><strong>sunt</strong></span> <span class='ocrx_word' id='word_1_734' title='bbox 1207 4852 1358 4907; x_wconf 91' lang='lat' dir='ltr'><strong>illius</strong></span> <span class='ocrx_word' id='word_1_735' title='bbox 1394 4852 1558 4924; x_wconf 62' lang='grc'><strong>847</strong></span> <span class='ocrx_word' id='word_1_736' title='bbox 1611 4870 1791 4925; x_wconf 67' lang='lat' dir='ltr'><strong>nugae.</strong></span> <span class='ocrx_word' id='word_1_737' title='bbox 1827 4853 2136 4909; x_wconf 73' lang='lat' dir='ltr'><strong>Videndum</strong></span> 
     </span>
    </p>
   </div>
   <div class='ocr_carea' id='block_1_100' title="bbox 556 4942 2136 5016">
    <p class='ocr_par' dir='ltr' id='par_1_100' title="bbox 556 4942 2136 5016">
     <span class='ocr_line' id='line_1_100' title="bbox 556 4942 2136 5016; baseline 0.001 -21"><span class='ocrx_word' id='word_1_738' title='bbox 556 4953 691 4995; x_wconf 62' lang='lat' dir='ltr'><strong>Vero</strong></span> <span class='ocrx_word' id='word_1_739' title='bbox 720 4955 831 5010; x_wconf 92' lang='lat' dir='ltr'><strong>quo</strong></span> <span class='ocrx_word' id='word_1_740' title='bbox 873 4949 1036 5010; x_wconf 86' lang='lat' dir='ltr'><strong>pacto</strong></span> <span class='ocrx_word' id='word_1_741' title='bbox 1081 4942 1198 4999; x_wconf 86' lang='lat' dir='ltr'><strong>suis</strong></span> <span class='ocrx_word' id='word_1_742' title='bbox 1234 4944 1353 5013; x_wconf 87' lang='lat' dir='ltr'><strong>ipse</strong></span> <span class='ocrx_word' id='word_1_743' title='bbox 1385 4946 1568 4999; x_wconf 77' lang='lat' dir='ltr'><strong>verbis</strong></span> <span class='ocrx_word' id='word_1_744' title='bbox 1609 4962 1673 5001; x_wconf 89' lang='lat' dir='ltr'><strong>ne</strong></span> <span class='ocrx_word' id='word_1_745' title='bbox 1701 4949 1884 5001; x_wconf 88' lang='lat' dir='ltr'><strong>sciens</strong></span> <span class='ocrx_word' id='word_1_746' title='bbox 1915 4947 2136 5016; x_wconf 86' lang='lat' dir='ltr'><strong>quidem</strong></span> 
     </span>
    </p>
   </div>
   <div class='ocr_carea' id='block_1_101' title="bbox 561 5031 2138 5108">
    <p class='ocr_par' dir='ltr' id='par_1_101' title="bbox 561 5031 2138 5108">
     <span class='ocr_line' id='line_1_101' title="bbox 561 5031 2138 5108; baseline 0.006 -25"><span class='ocrx_word' id='word_1_747' title='bbox 561 5042 784 5102; x_wconf 79' lang='lat' dir='ltr'><strong>pugnet.</strong></span> <span class='ocrx_word' id='word_1_748' title='bbox 832 5031 1047 5087; x_wconf 84' lang='lat' dir='ltr'><strong>Laudat</strong></span> <span class='ocrx_word' id='word_1_749' title='bbox 1083 5035 1229 5088; x_wconf 83' lang='lat' dir='ltr'><strong>enim</strong></span> <span class='ocrx_word' id='word_1_750' title='bbox 1282 5033 1506 5100; x_wconf 88' lang='lat' dir='ltr'><strong>Filium,</strong></span> <span class='ocrx_word' id='word_1_751' title='bbox 1561 5046 1622 5090; x_wconf 90' lang='lat' dir='ltr'><strong>ut</strong></span> <span class='ocrx_word' id='word_1_752' title='bbox 1665 5038 1759 5107; x_wconf 86' lang='lat' dir='ltr'><strong>qui</strong></span> <span class='ocrx_word' id='word_1_753' title='bbox 1810 5038 2032 5108; x_wconf 87' lang='lat' dir='ltr'><strong>dignam</strong></span> <span class='ocrx_word' id='word_1_754' title='bbox 2079 5052 2138 5092; x_wconf 85' lang='lat' dir='ltr'><strong>se</strong></span> 
     </span>
    </p>
   </div>
   <div class='ocr_carea' id='block_1_102' title="bbox 561 5123 2135 5195">
    <p class='ocr_par' dir='ltr' id='par_1_102' title="bbox 561 5123 2135 5195">
     <span class='ocr_line' id='line_1_102' title="bbox 561 5123 2135 5195; baseline 0.005 -23"><span class='ocrx_word' id='word_1_755' title='bbox 561 5123 961 5194; x_wconf 76' lang='lat' dir='ltr'><strong>gratitudinem</strong></span> <span class='ocrx_word' id='word_1_756' title='bbox 993 5132 1047 5180; x_wconf 90' lang='lat' dir='ltr'><strong>et</strong></span> <span class='ocrx_word' id='word_1_757' title='bbox 1077 5127 1391 5195; x_wconf 66' lang='lat' dir='ltr'><strong>aequitatem</strong></span> <span class='ocrx_word' id='word_1_758' title='bbox 1425 5130 1748 5193; x_wconf 84' lang='lat' dir='ltr'><strong>servaverit,</strong></span> <span class='ocrx_word' id='word_1_759' title='bbox 1785 5145 1912 5184; x_wconf 89' lang='lat' dir='ltr'><strong>cum</strong></span> <span class='ocrx_word' id='word_1_760' title='bbox 1948 5128 2089 5182; x_wconf 82' lang='lat' dir='ltr'><strong>dixit</strong></span> <span class='ocrx_word' id='word_1_761' title='bbox 2122 5146 2135 5180; x_wconf 91' lang='lat'><strong>:</strong></span> 
     </span>
    </p>
   </div>
   <div class='ocr_carea' id='block_1_103' title="bbox 564 5215 2141 5290">
    <p class='ocr_par' dir='ltr' id='par_1_103' title="bbox 564 5215 2141 5290">
     <span class='ocr_line' id='line_1_103' title="bbox 564 5215 2141 5290; baseline 0.004 -25"><span class='ocrx_word' id='word_1_762' title='bbox 564 5234 585 5265; x_wconf 83' lang='grc'><strong>‹</strong></span> <span class='ocrx_word' id='word_1_763' title='bbox 622 5215 784 5271; x_wconf 85' lang='lat' dir='ltr'><strong>Pater</strong></span> <span class='ocrx_word' id='word_1_764' title='bbox 813 5215 991 5285; x_wconf 86' lang='lat' dir='ltr'><strong>major</strong></span> <span class='ocrx_word' id='word_1_765' title='bbox 1019 5232 1103 5272; x_wconf 87' lang='lat' dir='ltr'><strong>me</strong></span> <span class='ocrx_word' id='word_1_766' title='bbox 1135 5226 1256 5280; x_wconf 82' lang='lat' dir='ltr'><strong>est;</strong></span> <span class='ocrx_word' id='word_1_767' title='bbox 1295 5235 1314 5269; x_wconf 75' lang='grc' dir='ltr'><strong>ι</strong></span> <span class='ocrx_word' id='word_1_768' title='bbox 1345 5218 1439 5273; x_wconf 88' lang='lat' dir='ltr'><strong>sed</strong></span> <span class='ocrx_word' id='word_1_769' title='bbox 1472 5222 1641 5273; x_wconf 90' lang='lat' dir='ltr'><strong>miror</strong></span> <span class='ocrx_word' id='word_1_770' title='bbox 1666 5221 1760 5290; x_wconf 90' lang='lat' dir='ltr'><strong>qui</strong></span> <span class='ocrx_word' id='word_1_771' title='bbox 1790 5235 1899 5274; x_wconf 91' lang='lat' dir='ltr'><strong>non</strong></span> <span class='ocrx_word' id='word_1_772' title='bbox 1935 5219 1991 5273; x_wconf 91' lang='lat' dir='ltr'><strong>in</strong></span> <span class='ocrx_word' id='word_1_773' title='bbox 2020 5219 2141 5272; x_wconf 78' lang='lat' dir='ltr'><strong>aui-</strong></span> 
     </span>
    </p>
   </div>
   <div class='ocr_carea' id='block_1_104' title="bbox 498 5307 2144 5381">
    <p class='ocr_par' dir='ltr' id='par_1_104' title="bbox 498 5307 2144 5381">
     <span class='ocr_line' id='line_1_104' title="bbox 498 5307 2144 5381; baseline 0.002 -22"><span class='ocrx_word' id='word_1_774' title='bbox 498 5340 503 5343; x_wconf 91' lang='lat'><strong><em>-</em></strong></span> <span class='ocrx_word' id='word_1_775' title='bbox 562 5322 712 5360; x_wconf 77' lang='lat' dir='ltr'><strong>tuum</strong></span> <span class='ocrx_word' id='word_1_776' title='bbox 747 5307 895 5363; x_wconf 85' lang='lat' dir='ltr'><strong>istud</strong></span> <span class='ocrx_word' id='word_1_777' title='bbox 926 5307 1227 5364; x_wconf 82' lang='lat' dir='ltr'><strong>induxerit.</strong></span> <span class='ocrx_word' id='word_1_778' title='bbox 1266 5308 1408 5374; x_wconf 88' lang='lat' dir='ltr'><strong>Quid</strong></span> <span class='ocrx_word' id='word_1_779' title='bbox 1443 5311 1611 5377; x_wconf 89' lang='lat' dir='ltr'><strong>enim,</strong></span> <span class='ocrx_word' id='word_1_780' title='bbox 1639 5327 1846 5381; x_wconf 76' lang='lat' dir='ltr'><strong>quaeso,</strong></span> <span class='ocrx_word' id='word_1_781' title='bbox 1871 5326 1994 5367; x_wconf 91' lang='lat' dir='ltr'><strong>eum</strong></span> <span class='ocrx_word' id='word_1_782' title='bbox 2027 5310 2144 5364; x_wconf 89' lang='lat' dir='ltr'><strong>adi-</strong></span> 
     </span>
    </p>
   </div>
   <div class='ocr_carea' id='block_1_105' title="bbox 564 5398 2144 5469">
    <p class='ocr_par' dir='ltr' id='par_1_105' title="bbox 564 5398 2144 5469">
     <span class='ocr_line' id='line_1_105' title="bbox 564 5398 2144 5469; baseline 0.004 -20"><span class='ocrx_word' id='word_1_783' title='bbox 564 5399 727 5466; x_wconf 78' lang='lat' dir='ltr'><strong>gebat</strong></span> <span class='ocrx_word' id='word_1_784' title='bbox 750 5405 811 5452; x_wconf 87' lang='lat' dir='ltr'><strong>ut</strong></span> <span class='ocrx_word' id='word_1_785' title='bbox 837 5398 905 5455; x_wconf 85' lang='lat' dir='ltr'><strong>de</strong></span> <span class='ocrx_word' id='word_1_786' title='bbox 935 5400 1227 5458; x_wconf 87' lang='lat' dir='ltr'><strong>divinitate</strong></span> <span class='ocrx_word' id='word_1_787' title='bbox 1257 5417 1357 5458; x_wconf 85' lang='lat' dir='ltr'><strong>sua</strong></span> <span class='ocrx_word' id='word_1_788' title='bbox 1393 5420 1538 5458; x_wconf 88' lang='lat' dir='ltr'><strong>nunc</strong></span> <span class='ocrx_word' id='word_1_789' title='bbox 1571 5406 1734 5459; x_wconf 86' lang='lat' dir='ltr'><strong>verba</strong></span> <span class='ocrx_word' id='word_1_790' title='bbox 1768 5404 1992 5469; x_wconf 78' lang='lat' dir='ltr'><strong>faceret,</strong></span> <span class='ocrx_word' id='word_1_791' title='bbox 2018 5418 2144 5457; x_wconf 89' lang='lat' dir='ltr'><strong>cum</strong></span> 
     </span>
    </p>
   </div>
   <div class='ocr_carea' id='block_1_106' title="bbox 2308 4835 3833 4918">
    <p class='ocr_par' dir='ltr' id='par_1_106' title="bbox 2308 4835 3833 4918">
     <span class='ocr_line' id='line_1_106' title="bbox 2308 4835 3833 4918; baseline -0.013 -16"><span class='ocrx_word' id='word_1_792' title='bbox 2308 4850 2478 4904; x_wconf 83' lang='grc' dir='ltr'>Ταυτὶ</span> <span class='ocrx_word' id='word_1_793' title='bbox 2499 4848 2595 4918; x_wconf 80' lang='grc' dir='ltr'><strong>μὲν</strong></span> <span class='ocrx_word' id='word_1_794' title='bbox 2641 4845 2854 4899; x_wconf 86' lang='grc' dir='ltr'>ἐκείνου</span> <span class='ocrx_word' id='word_1_795' title='bbox 2904 4841 2977 4899; x_wconf 83' lang='grc' dir='ltr'><strong>τά</strong></span> <span class='ocrx_word' id='word_1_796' title='bbox 3002 4838 3212 4908; x_wconf 81' lang='grc' dir='ltr'>ύθλὼδη</span> <span class='ocrx_word' id='word_1_797' title='bbox 3242 4837 3557 4908; x_wconf 84' lang='grc' dir='ltr'>ληρήματα.</span> <span class='ocrx_word' id='word_1_798' title='bbox 3606 4835 3833 4886; x_wconf 83' lang='grc' dir='ltr'>Διασκε-</span> 
     </span>
    </p>
   </div>
   <div class='ocr_carea' id='block_1_107' title="bbox 2238 4925 3829 5002">
    <p class='ocr_par' dir='ltr' id='par_1_107' title="bbox 2238 4925 3829 5002">
     <span class='ocr_line' id='line_1_107' title="bbox 2238 4925 3829 5002; baseline -0.013 -7"><span class='ocrx_word' id='word_1_799' title='bbox 2238 4940 2398 4995; x_wconf 77' lang='grc' dir='ltr'>πτέον</span> <span class='ocrx_word' id='word_1_800' title='bbox 2427 4940 2482 4992; x_wconf 82' lang='grc' dir='ltr'>δὲ</span> <span class='ocrx_word' id='word_1_801' title='bbox 2509 4939 2657 5001; x_wconf 78' lang='grc' dir='ltr'>ὅπως</span> <span class='ocrx_word' id='word_1_802' title='bbox 2690 4936 2842 4990; x_wconf 88' lang='grc' dir='ltr'>οὐδέν</span> <span class='ocrx_word' id='word_1_803' title='bbox 2878 4934 3055 4989; x_wconf 77' lang='grc' dir='ltr'>εἰδότα</span> <span class='ocrx_word' id='word_1_804' title='bbox 3100 4932 3363 5002; x_wconf 81' lang='grc' dir='ltr'>δείξωμεν</span> <span class='ocrx_word' id='word_1_805' title='bbox 3409 4930 3495 4981; x_wconf 80' lang='grc' dir='ltr'><strong>ὅτι</strong></span> <span class='ocrx_word' id='word_1_806' title='bbox 3525 4929 3641 4989; x_wconf 70' lang='grc' dir='ltr'>τοῖς</span> <span class='ocrx_word' id='word_1_807' title='bbox 3678 4925 3829 4986; x_wconf 78' lang='grc' dir='ltr'>ἰδίοις</span> 
     </span>
    </p>
   </div>
   <div class='ocr_carea' id='block_1_108' title="bbox 2236 5016 3828 5099">
    <p class='ocr_par' dir='ltr' id='par_1_108' title="bbox 2236 5016 3828 5099">
     <span class='ocr_line' id='line_1_108' title="bbox 2236 5016 3828 5099; baseline -0.01 -15"><span class='ocrx_word' id='word_1_808' title='bbox 2236 5031 2400 5093; x_wconf 83' lang='grc' dir='ltr'>αὐτὸς</span> <span class='ocrx_word' id='word_1_809' title='bbox 2434 5030 2666 5099; x_wconf 86' lang='grc' dir='ltr'>μάχεται</span> <span class='ocrx_word' id='word_1_810' title='bbox 2702 5027 2903 5095; x_wconf 86' lang='grc' dir='ltr'>λόγοις.</span> <span class='ocrx_word' id='word_1_811' title='bbox 2936 5024 3282 5093; x_wconf 83' lang='grc' dir='ltr'>Ἀποδέχεται</span> <span class='ocrx_word' id='word_1_812' title='bbox 3303 5021 3402 5090; x_wconf 83' lang='grc' dir='ltr'><strong>μὲν</strong></span> <span class='ocrx_word' id='word_1_813' title='bbox 3432 5018 3542 5090; x_wconf 78' lang='grc' dir='ltr'>γὰρ</span> <span class='ocrx_word' id='word_1_814' title='bbox 3569 5018 3662 5071; x_wconf 77' lang='grc' dir='ltr'><strong>τδν</strong></span> <span class='ocrx_word' id='word_1_815' title='bbox 3686 5016 3828 5079; x_wconf 82' lang='grc' dir='ltr'>Υίὸν,</span> 
     </span>
    </p>
   </div>
   <div class='ocr_carea' id='block_1_109' title="bbox 2237 5110 3831 5191">
    <p class='ocr_par' dir='ltr' id='par_1_109' title="bbox 2237 5110 3831 5191">
     <span class='ocr_line' id='line_1_109' title="bbox 2237 5110 3831 5191; baseline -0.009 -16"><span class='ocrx_word' id='word_1_816' title='bbox 2237 5122 2313 5186; x_wconf 84' lang='grc' dir='ltr'>ὡς</span> <span class='ocrx_word' id='word_1_817' title='bbox 2333 5122 2433 5191; x_wconf 77' lang='grc' dir='ltr'>τὴν</span> <span class='ocrx_word' id='word_1_818' title='bbox 2451 5121 2600 5191; x_wconf 78' lang='grc' dir='ltr'>αὐτῷ</span> <span class='ocrx_word' id='word_1_819' title='bbox 2626 5119 2943 5191; x_wconf 83' lang='grc' dir='ltr'>πρέπουσαν</span> <span class='ocrx_word' id='word_1_820' title='bbox 2962 5114 3384 5185; x_wconf 70' lang='grc' dir='ltr'>εὐγνωμοσύνην</span> <span class='ocrx_word' id='word_1_821' title='bbox 3402 5110 3831 5179; x_wconf 85' lang='grc' dir='ltr'>διατηρήσαντα,</span> 
     </span>
    </p>
   </div>
   <div class='ocr_carea' id='block_1_110' title="bbox 2239 5201 3838 5284">
    <p class='ocr_par' dir='ltr' id='par_1_110' title="bbox 2239 5201 3838 5284">
     <span class='ocr_line' id='line_1_110' title="bbox 2239 5201 3838 5284; baseline -0.01 -16"><span class='ocrx_word' id='word_1_822' title='bbox 2239 5214 2316 5284; x_wconf 83' lang='grc' dir='ltr'>τῷ</span> <span class='ocrx_word' id='word_1_823' title='bbox 2344 5216 2518 5268; x_wconf 80' lang='grc' dir='ltr'>εἰπεῖν</span> <span class='ocrx_word' id='word_1_824' title='bbox 2537 5231 2550 5244; x_wconf 88' lang='grc'><strong>·</strong></span> <span class='ocrx_word' id='word_1_825' title='bbox 2579 5233 2597 5264; x_wconf 78' lang='grc' dir='ltr'><strong>ι</strong></span> <span class='ocrx_word' id='word_1_826' title='bbox 2636 5215 2693 5266; x_wconf 91' lang='grc' dir='ltr'>Ὁ</span> <span class='ocrx_word' id='word_1_827' title='bbox 2723 5212 2916 5281; x_wconf 78' lang='grc' dir='ltr'>Πατὴρ</span> <span class='ocrx_word' id='word_1_828' title='bbox 2945 5210 3147 5281; x_wconf 72' lang='grc' dir='ltr'>μείζων</span> <span class='ocrx_word' id='word_1_829' title='bbox 3185 5224 3286 5278; x_wconf 90' lang='grc' dir='ltr'><strong>μου</strong></span> <span class='ocrx_word' id='word_1_830' title='bbox 3322 5204 3459 5258; x_wconf 84' lang='grc' dir='ltr'>ἐστί.</span> <span class='ocrx_word' id='word_1_831' title='bbox 3509 5222 3526 5254; x_wconf 72' lang='grc' dir='ltr'><strong>ι</strong></span> <span class='ocrx_word' id='word_1_832' title='bbox 3558 5201 3838 5269; x_wconf 73' lang='grc' dir='ltr'>Θαυμάξω</span> 
     </span>
    </p>
   </div>
   <div class='ocr_carea' id='block_1_111' title="bbox 2240 5292 3833 5371">
    <p class='ocr_par' dir='ltr' id='par_1_111' title="bbox 2240 5292 3833 5371">
     <span class='ocr_line' id='line_1_111' title="bbox 2240 5292 3833 5371; baseline -0.01 -12"><span class='ocrx_word' id='word_1_833' title='bbox 2240 5307 2296 5359; x_wconf 83' lang='grc' dir='ltr'><strong>δέ</strong></span> <span class='ocrx_word' id='word_1_834' title='bbox 2324 5307 2471 5371; x_wconf 85' lang='grc' dir='ltr'>ὅπως</span> <span class='ocrx_word' id='word_1_835' title='bbox 2500 5305 2621 5358; x_wconf 80' lang='grc' dir='ltr'>οὐδὲ</span> <span class='ocrx_word' id='word_1_836' title='bbox 2686 5307 2862 5358; x_wconf 86' lang='grc' dir='ltr'>ἐκεῖνο</span> <span class='ocrx_word' id='word_1_837' title='bbox 2907 5302 3047 5355; x_wconf 70' lang='grc' dir='ltr'>κατὰ</span> <span class='ocrx_word' id='word_1_838' title='bbox 3083 5300 3210 5354; x_wconf 78' lang='grc' dir='ltr'>νοῦν</span> <span class='ocrx_word' id='word_1_839' title='bbox 3247 5295 3574 5360; x_wconf 73' lang='grc' dir='ltr'>εἰσεδέξατο.</span> <span class='ocrx_word' id='word_1_840' title='bbox 3609 5292 3677 5345; x_wconf 88' lang='grc' dir='ltr'><strong>Τί</strong></span> <span class='ocrx_word' id='word_1_841' title='bbox 3721 5292 3833 5362; x_wconf 65' lang='grc' dir='ltr'><strong>γὰρ</strong></span> 
     </span>
    </p>
   </div>
   <div class='ocr_carea' id='block_1_112' title="bbox 2242 5381 3834 5469">
    <p class='ocr_par' dir='ltr' id='par_1_112' title="bbox 2242 5381 3834 5469">
     <span class='ocr_line' id='line_1_112' title="bbox 2242 5381 3834 5469; baseline -0.013 -17"><span class='ocrx_word' id='word_1_842' title='bbox 2242 5393 2310 5469; x_wconf 81' lang='grc' dir='ltr'><strong>ἦν</strong></span> <span class='ocrx_word' id='word_1_843' title='bbox 2334 5399 2469 5460; x_wconf 82' lang='grc' dir='ltr'>ὅλως</span> <span class='ocrx_word' id='word_1_844' title='bbox 2503 5396 2564 5449; x_wconf 86' lang='grc' dir='ltr'><strong>τὸ</strong></span> <span class='ocrx_word' id='word_1_845' title='bbox 2588 5395 2876 5449; x_wconf 84' lang='grc' dir='ltr'>ἀναπεῖθον</span> <span class='ocrx_word' id='word_1_846' title='bbox 2907 5392 3069 5445; x_wconf 80' lang='grc' dir='ltr'>αὐτὸν</span> <span class='ocrx_word' id='word_1_847' title='bbox 3104 5386 3382 5455; x_wconf 85' lang='grc' dir='ltr'>θεολογίας</span> <span class='ocrx_word' id='word_1_848' title='bbox 3418 5381 3663 5453; x_wconf 76' lang='grc' dir='ltr'>ἅψασθαι</span> <span class='ocrx_word' id='word_1_849' title='bbox 3696 5381 3834 5445; x_wconf 72' lang='grc' dir='ltr'>νυνὶ,</span> 
     </span>
    </p>
   </div>
   <div class='ocr_carea' id='block_1_113' title="bbox 566 5471 2128 5566">
    <p class='ocr_par' dir='ltr' id='par_1_113' title="bbox 566 5482 2128 5566">
     <span class='ocr_line' id='line_1_113' title="bbox 566 5482 2128 5566; baseline 0.003 -24"><span class='ocrx_word' id='word_1_850' title='bbox 566 5503 731 5548; x_wconf 79' lang='lat' dir='ltr'><strong>nemo</strong></span> <span class='ocrx_word' id='word_1_851' title='bbox 762 5504 1206 5562; x_wconf 81' lang='lat' dir='ltr'><strong>sanus_unquam</strong></span> <span class='ocrx_word' id='word_1_852' title='bbox 1242 5501 1461 5565; x_wconf 89' lang='lat' dir='ltr'><strong>tempus</strong></span> <span class='ocrx_word' id='word_1_853' title='bbox 1511 5495 1767 5566; x_wconf 82' lang='lat' dir='ltr'><strong>loquendi</strong></span> <span class='ocrx_word' id='word_1_854' title='bbox 1799 5482 2128 5563; x_wconf 64' lang='lat' dir='ltr'><strong>faciendique</strong></span> 
     </span>
    </p>
   </div>
   <div class='ocr_carea' id='block_1_114' title="bbox 2230 5471 3841 5566">
    <p class='ocr_par' dir='ltr' id='par_1_114' title="bbox 2248 5471 3841 5557">
     <span class='ocr_line' id='line_1_114' title="bbox 2248 5471 3841 5557; baseline -0.013 -14"><span class='ocrx_word' id='word_1_855' title='bbox 2248 5489 2426 5543; x_wconf 86' lang='grc' dir='ltr'>καίτοι</span> <span class='ocrx_word' id='word_1_856' title='bbox 2450 5486 2509 5539; x_wconf 77' lang='grc' dir='ltr'><strong>τὸ</strong></span> <span class='ocrx_word' id='word_1_857' title='bbox 2543 5485 2736 5557; x_wconf 84' lang='grc' dir='ltr'>καιρὸν</span> <span class='ocrx_word' id='word_1_858' title='bbox 2764 5476 2962 5538; x_wconf 78' lang='grc' dir='ltr'>εἰδέναι</span> <span class='ocrx_word' id='word_1_859' title='bbox 2995 5482 3087 5535; x_wconf 83' lang='grc' dir='ltr'>τὸν</span> <span class='ocrx_word' id='word_1_860' title='bbox 3124 5479 3409 5549; x_wconf 84' lang='grc' dir='ltr'>πρέποντα</span> <span class='ocrx_word' id='word_1_861' title='bbox 3440 5474 3535 5527; x_wconf 75' lang='grc' dir='ltr'>καὶ</span> <span class='ocrx_word' id='word_1_862' title='bbox 3554 5471 3841 5541; x_wconf 73' lang='grc' dir='ltr'>λόγουκαὶ</span> 
     </span>
    </p>
   </div>
   <div class='ocr_carea' id='block_1_115' title="bbox 570 5566 2128 5659">
    <p class='ocr_par' dir='ltr' id='par_1_115' title="bbox 570 5585 2128 5659">
     <span class='ocr_line' id='line_1_115' title="bbox 570 5585 2128 5659; baseline 0.007 -28"><span class='ocrx_word' id='word_1_863' title='bbox 570 5588 942 5650; x_wconf 77' lang='lat' dir='ltr'><strong>opportunum</strong></span> <span class='ocrx_word' id='word_1_864' title='bbox 977 5585 1124 5639; x_wconf 88' lang='lat' dir='ltr'><strong>scire</strong></span> <span class='ocrx_word' id='word_1_865' title='bbox 1173 5587 1514 5657; x_wconf 77' lang='lat' dir='ltr'><strong>neglexerit?</strong></span> <span class='ocrx_word' id='word_1_866' title='bbox 1542 5588 1705 5656; x_wconf 69' lang='lat' dir='ltr'><strong>Quid,</strong></span> <span class='ocrx_word' id='word_1_867' title='bbox 1744 5590 2128 5659; x_wconf 80' lang='lat' dir='ltr'><strong>inquam,opu:</strong></span> 
     </span>
    </p>
   </div>
   <div class='ocr_carea' id='block_1_116' title="bbox 2230 5566 3843 5659">
    <p class='ocr_par' dir='ltr' id='par_1_116' title="bbox 2247 5566 3843 5653">
     <span class='ocr_line' id='line_1_116' title="bbox 2247 5566 3843 5653; baseline -0.012 -18"><span class='ocrx_word' id='word_1_868' title='bbox 2247 5581 2573 5653; x_wconf 81' lang='grc' dir='ltr'>πράγματος</span> <span class='ocrx_word' id='word_1_869' title='bbox 2610 5580 2710 5633; x_wconf 77' lang='grc' dir='ltr'><strong>οὐκ</strong></span> <span class='ocrx_word' id='word_1_870' title='bbox 2740 5580 2796 5633; x_wconf 77' lang='grc' dir='ltr'><strong>ἐν</strong></span> <span class='ocrx_word' id='word_1_871' title='bbox 2819 5576 2891 5647; x_wconf 78' lang='grc' dir='ltr'>τῷ</span> <span class='ocrx_word' id='word_1_872' title='bbox 2927 5575 3116 5648; x_wconf 73' lang='grc' dir='ltr'>μηδενὶ</span> <span class='ocrx_word' id='word_1_873' title='bbox 3159 5572 3277 5642; x_wconf 82' lang='grc' dir='ltr'>θείη</span> <span class='ocrx_word' id='word_1_874' title='bbox 3308 5569 3389 5633; x_wconf 82' lang='grc' dir='ltr'><strong>τίς</strong></span> <span class='ocrx_word' id='word_1_875' title='bbox 3421 5566 3509 5632; x_wconf 82' lang='grc' dir='ltr'>ἂν,</span> <span class='ocrx_word' id='word_1_876' title='bbox 3548 5566 3601 5619; x_wconf 82' lang='grc' dir='ltr'><strong>εί</strong></span> <span class='ocrx_word' id='word_1_877' title='bbox 3636 5582 3702 5635; x_wconf 76' lang='grc' dir='ltr'><strong>γε</strong></span> <span class='ocrx_word' id='word_1_878' title='bbox 3730 5579 3843 5617; x_wconf 76' lang='grc' dir='ltr'>σω-</span> 
     </span>
    </p>
   </div>
   <div class='ocr_carea' id='block_1_117' title="bbox 554 5755 1134 5829">
    <p class='ocr_par' dir='ltr' id='par_1_117' title="bbox 554 5755 1134 5829">
     <span class='ocr_line' id='line_1_117' title="bbox 554 5755 1134 5829; baseline 0.007 -20"><span class='ocrx_word' id='word_1_879' title='bbox 554 5758 557 5761; x_wconf 85' lang='grc'><em>’</em></span> <span class='ocrx_word' id='word_1_880' title='bbox 647 5756 689 5786; x_wconf 70' lang='grc'><strong><em>⁸⁵</em></strong></span> <span class='ocrx_word' id='word_1_881' title='bbox 718 5755 955 5829; x_wconf 84' lang='lat' dir='ltr'><strong>Philipp.</strong></span> <span class='ocrx_word' id='word_1_882' title='bbox 984 5774 1046 5827; x_wconf 82' lang='grc' dir='ltr'><strong>ιι,</strong></span> <span class='ocrx_word' id='word_1_883' title='bbox 1081 5759 1134 5812; x_wconf 89' lang='grc'>6.</span> 
     </span>
    </p>
   </div>
  </div>
