4076 6270
230 332 332 388 517

1288 326 1357 382 ιΝ
1394 325 1683 384 JOANNIS
1719 324 2174 388 EVANGEIJUM
2208 332 2336 397 LIB.
2379 332 2445 387 Χ.

3374 336 3486 393 518

231 445 490 517 φρονοίη;
531 445 597 499 Τί
623 441 715 500 οῦν
745 446 851 500 ἔδει
892 446 994 517 τῆς
1031 443 1205 508 οὕτως
1255 443 1487 516 ἀκαίρου
1527 443 1807 512 θεολογίας

1917 454 2030 498 erat
2060 445 2445 516 intempestiva
2483 446 2573 501 illa
2601 445 2825 509 deitatis
2861 444 3233 503 declaratione
3266 451 3486 517 maestis

229 536 552 608 ἀνιωμένοις
573 540 687 601 τοῖς
744 535 1030 607 μαθηταῖς,
1076 535 1310 608 ἐπείπερ
1345 536 1574 607 ἔμελλεν
1603 535 1806 605 ἀποδη-

234 632 354 698 μεῖν
383 628 490 683 ἀπὺ
508 629 709 697 κόσμου
762 628 899 700 πρὸς
930 629 1024 683 τὸν
1051 628 1272 701 Πατέρα
1310 629 1406 683 καὶ
1426 628 1560 681 Θεόν
1586 645 1601 694 ;
1645 628 1808 681 Ποῖον

231 721 341 790 γὰρ
369 720 435 773 ἂν
458 718 689 772 ἐποίσειε
710 718 1062 789 παραμυθίας
1088 718 1287 787 τρόπον
1311 718 1495 781 αὐτοῖς
1529 717 1591 770 τὸ
1622 719 1807 786 πρᾶγ-

233 827 309 881 μα
338 809 498 879 τυχόν
526 825 541 875 ;
592 809 734 863 Ἀνθ’
759 810 883 863 ὅτου
919 809 964 862 δ’
990 810 1128 872 ὅλως
1167 810 1448 881 μονονουχὶ
1483 810 1577 864 καὶ
1614 826 1808 865 καται-

227 902 409 957 τιᾶται
468 899 676 970 λέγων’
716 919 736 953 ι
773 901 836 955 El
882 900 1136 972 ἠγαπᾶτέ
1195 919 1283 972 με,
1331 902 1564 974 ἐχάρητε
1617 901 1684 957 ἂν
1727 903 1811 956 ὅτι

229 992 534 1065 πορεύομαι
585 993 726 1066 πρὸς
784 993 878 1048 τὸν
925 993 1166 1064 Πατέρα,
1203 994 1283 1048 ὅτι
1321 997 1349 1048 ὁ
1390 993 1579 1065 Πατὴρ
1612 992 1811 1064 μείζων

231 1102 336 1155 μου
367 1084 554 1151 ἐστίν;
586 1105 606 1137 ι
639 1080 789 1157 1Ἀρα
825 1083 958 1157 γὰρ,
998 1086 1122 1141 είπέ
1164 1104 1275 1158 μοι,
1309 1085 1616 1140 διακεῖσθαι
1652 1083 1812 1137 τοῦτο

229 1178 370 1248 πρὸς
420 1176 688 1249 θυμηδίαν
735 1177 912 1235 ἐποίει
964 1177 1091 1243 τοὺς
1146 1162 1413 1249 μαθητὰς,
1445 1178 1478 1249 ἢ
1515 1177 1616 1248 τῆς
1667 1174 1812 1230 οὕτω

229 1266 486 1336 φιλοθέου
513 1265 690 1337 λύπης
733 1265 1101 1337 ἀπήλλαττεν,
1133 1267 1217 1320 ὅτι
1261 1266 1398 1338 πρὸς
1449 1266 1542 1319 τὸν
1586 1263 1813 1336 μείζονα

227 1359 451 1432 Πατέρα
493 1359 821 1432 πορεύεταις
874 1355 1011 1415 Εἶτα
1066 1362 1219 1414 ποῖον
1267 1359 1475 1413 κατίδοι
1501 1376 1586 1422 τις
1620 1357 1686 1411 ἂν
1720 1357 1812 1410 τὸν

223 1444 335 1520 τῆς
363 1451 716 1522 παραμυθίας
763 1452 824 1504 ἐν
848 1449 1025 1522 τούτῳ
1044 1452 1247 1522 τρόπον
1272 1468 1286 1516 ;
1325 1449 1517 1503 Καίτοι
1543 1447 1811 1502 Φιλίππου

110 1592 120 1606 ,
226 1542 330 1612 μὲν
355 1543 617 1613 ἐρομένου
637 1543 736 1597 καὶ
767 1542 1019 1613 λέγοντος
1041 1559 1056 1575 ·
1088 1561 1106 1594 ι
1151 1541 1345 1614 Κύριε,
1372 1540 1544 1606 δεῖξον
1564 1541 1698 1611 ἡμῖν
1719 1540 1814 1593 τὸν

222 1637 482 1708 Πατέρα,
533 1637 629 1690 καὶ⁸
688 1638 850 1709 ἀρκεῖ
885 1636 1040 1706 ήμϊν,
1078 1654 1097 1688 ι
1132 1635 1255 1688 τότε
1289 1634 1375 1704 δὴ,
1413 1633 1535 1686 τότε
1565 1633 1662 1686 καὶ
1692 1631 1814 1685 λίαν

219 1728 530 1801 εὐκαίρως,
552 1728 647 1783 ἃτε
674 1728 738 1800 δὴ
769 1730 866 1783 καὶ
892 1726 988 1782 τοῦ
1015 1727 1115 1796 τῆς
1152 1725 1428 1795 θεολογίας
1461 1722 1816 1794 ἐνεστηκότος

220 1817 452 1891 καιροῦ,
482 1820 576 1874 τὸν
631 1819 854 1890 Πατέρα
913 1820 1011 1890 μὲν
1053 1820 1112 1871 ἐν
1142 1815 1320 1886 ἑαυτῷ
1356 1816 1592 1880 δεικνὺς,
1616 1814 1813 1873 ἑαυτὸν

219 1911 262 1964 δ’
300 1907 381 1965 αὖ
420 1912 583 1966 πάλιν
615 1913 676 1966 ἐν
700 1911 779 1982 τῷ
808 1911 1007 1979 Πατρὶ,
1039 1909 1132 1963 καὶ
1152 1910 1233 1963 ὅτι
1260 1909 1380 1963 κατ’
1408 1907 1559 1965 οὺδέν
1574 1906 1814 1960 ἐλάττων

224 2002 378 2060 ἐστὶν
407 2002 601 2064 αὐτοῦ,
664 2004 731 2073 τῇ
781 2002 840 2059 δὲ
892 2000 1034 2056 κατά
1077 2000 1187 2056 πᾶν
1223 1999 1432 2071 ἰσότητι
1475 1996 1811 2069 διαπρεπὴς,

228 2095 441 2164 ἔφασκε
469 2111 483 2133 ο
514 2112 533 2147 ι
554 2093 811 2165 Τοσούτῳ
841 2093 1019 2165 χρόνῳ
1055 2091 1181 2165 μεθ’
1227 2091 1383 2163 ὑμῶν
1426 2091 1695 2161 είμι,.καὶ
1715 2091 1817 2144 οὐκ

229 2187 481 2254 ἔγνωκάς
503 2203 592 2258 με,
631 2186 907 2251 Mimas;
945 2185 1001 2239 '0
1024 2183 1286 2254 ἑωρακὼς
1329 2183 1452 2254 ἐμὲ,
1478 2181 1692 2252 ἑώρακε
1724 2180 1816 2234 τὸν

230 2279 475 2352 Πατέρα.
513 2280 589 2332 Οὐ
625 2277 902 2342 πιστεύεις
946 2277 1028 2331 ὅτι
1068 2276 1179 2345 ἐγὼ
1215 2276 1274 2328 ἐν
1306 2273 1386 2343 τῷ
1423 2275 1616 2344 Πατρὶ,
1650 2273 1744 2326 καὶ
1787 2274 1817 2327 ό

234 2369 431 2441 Πατὴρ
449 2372 509 2423 ἐν
538 2369 658 2440 ἐμοί
686 2370 869 2435 tactv;
906 2365 1050 2436 Ἐγὼ
1082 2366 1176 2421 καὶ
1204 2365 1233 2417 ὁ
1267 2365 1457 2438 Πατὴρ
1484 2364 1546 2417 ἐν
1569 2365 1756 2433 ἐσμεν.
1791 2380 1811 2415 ι

251 2461 413 2515 Ἀλλά
467 2461 589 2516 τότε
644 2461 739 2535 μὲν
774 2459 1050 2531 εὐκαίρως
1122 2457 1214 2511 τὸν
1268 2457 1360 2509 ἐπὶ
1416 2453 1627 2517 τούτοις
1683 2454 1816 2524 ἡμῖν

242 2551 547 2623 ἐξυφαίνων
577 2550 726 2621 λόγον
748 2551 975 2614 εἰκότως
1010 2546 1380 2618 ἐθαυμάζετο·
1414 2546 1532 2598 νυνὶ
1568 2545 1625 2599 δὲ
1664 2547 1817 2604 ποῖον

238 2643 356 2714 ἔχει
377 2642 440 2703 τὸ
459 2645 686 2714 πρᾶγμα
714 2642 928 2714 καιρὸν,
966 2640 1000 2711 ἢ
1036 2642 1189 2693 ποῖον
1225 2639 1364 2702 ὅλως
1390 2637 1693 2704 ἐπιδέξεται
1723 2636 1814 2691 λο·

232 2737 455 2807 γισμὸν,
485 2736 517 2808 ἢ
545 2735 831 2808 βούλεσθαι
865 2735 964 2807 μὲν
996 2732 1095 2805 τὴν
1122 2730 1179 2785 ἐν
1207 2733 1322 2794 τοῖς
1346 2730 1617 2802 μαθηταῖς
1645 2747 1815 2785 κατα-

232 2829 418 2898 ραῖσαι
445 2826 646 2897 λύπην,
677 2827 943 2902 φάρμακα
959 2825 1015 2879 δὲ
1036 2823 1225 2892 ὥσπερ
1250 2820 1607 2893 παραμυθίας
1634 2823 1819 2889 αὐτοῖς

226 2924 488 2984 ἐπινοεῖν,
522 2922 585 2974 τὸ
623 2918 878 2983 ἐπιτάξαι
928 2917 1162 2989 χαίρειν,
1210 2916 1293 2968 ὅτι
1342 2914 1636 2986 πορεύεται
1678 2917 1818 2988 πρὸς

222 3013 316 3065 τὸν
351 3012 609 3084 Πατέρα;
635 3007 765 3082 ’Ἆρ’
811 3005 904 3064 οὖν
926 3010 1028 3063 οὐκ
1083 3008 1149 3062 ἀν
1187 3007 1400 3076 γένοιτο
1429 3006 1525 3060 καὶ
1552 3008 1667 3071 τοῖς
1695 3007 1818 3062 λίαν

1911 536 2226 607 discipulis,
2256 555 2322 594 ex
2360 554 2425 593 eo
2453 538 2601 608 quod
2630 539 2696 593 ad
2733 537 2951 593 Patrem
2988 553 3053 593 ac
3090 537 3258 594 Deum
3287 556 3352 595 ex
3381 543 3488 597 hoc

1913 629 2122 684 mundo
2170 638 2318 685 esset
2366 630 2655 685 abiturus?
2681 630 2856 696 Quam
2906 629 3054 685 enim
3091 630 3488 686 consolationis

1914 722 2178 777 rationem
2212 722 2264 778 id
2289 723 2371 779 eis
2400 723 2721 779 attulisset?
2743 721 2918 789 Quam
2951 728 3137 777 autem
3165 723 3239 777 ob
3262 737 3485 777 causam

1914 813 2312 883 propemodum
2345 827 2441 869 eos
2493 822 2743 879 accusat,
2771 813 3003 870 dicens:
3034 833 3053 864 ι
3087 814 3143 868 Si
3185 812 3493 884 diligeretis

1914 920 2024 969 me,
2055 904 2374 975 gauderetis
2411 905 2605 976 utique
2634 906 2764 976 quia
2795 906 2937 962 vado
2970 906 3038 961 ad
3073 905 3289 961 Patrem
3316 926 3329 960 :
3359 905 3491 976 quia

1913 992 2077 1049 Pater
2111 996 2287 1065 major
2314 1012 2401 1051 me
2426 996 2549 1052 est?
2578 1015 2597 1049 ι
2643 996 2903 1069 Nunquid
2933 998 3081 1054 enim
3106 996 3276 1063 istud,
3295 997 3493 1052 amabo

1916 1083 2331 1157 tetdiscipulos
2379 1099 2638 1141 recreare
2668 1094 2764 1142 aut
2798 1093 2911 1141 tam
2943 1086 3096 1157 pium
3128 1100 3320 1140 eorum
3355 1100 3488 1142 nunc

1916 1190 2097 1230 rorem
2142 1174 2341 1231 sedare
2391 1184 2633 1246 poterat,
2667 1175 2814 1247 quod
2861 1177 2926 1232 ad
2968 1177 3233 1248 majorem
3274 1174 3491 1232 Patrem

1916 1267 2320 1338 proﬁciscitur?
2344 1267 2521 1334 Quam
2553 1268 2878 1325 consolandi
2913 1268 3180 1324 rationem
3216 1267 3304 1322 hic
3338 1268 3496 1339 quis-

1915 1374 2081 1428 quam
2127 1361 2399 1430 reperiet?
2423 1359 2559 1415 Nam
2595 1376 2721 1415 cum
2757 1359 3043 1432 Philippus
3079 1376 3204 1416 eum
3245 1359 3493 1430 compel-

1917 1453 2055 1507 laret
2085 1470 2100 1508 :
2139 1471 2158 1504 ι
2194 1450 2446 1520 Domine,
2468 1453 2699 1509 ostende
2743 1453 2905 1510 nobis
2942 1452 3180 1521 Patrem,
3212 1461 3270 1509 et
3297 1452 3497 1509 sulIicit

1916 1544 2105 1611 nobis;
2144 1563 2163 1595 ι
2202 1552 2335 1600 tunc
2386 1553 2695 1616 opportune
2747 1545 3066 1610 admodum,
3115 1547 3318 1618 quippe
3367 1562 3492 1602 cum

1916 1637 2229 1693 divinitatis
2290 1637 2643 1693 declarandae
2698 1648 2916 1710 tempus
2965 1639 3223 1707 instaret,
3274 1638 3493 1695 Patrem

1918 1730 2135 1800 quidem
2173 1730 2229 1784 in
2262 1730 2449 1801 seipso
2494 1730 2818 1798 ostendens,
2846 1740 2894 1786 et
2921 1731 3165 1801 seipsum
3201 1746 3398 1788 rursus
3439 1731 3497 1785 in

1919 1819 2099 1884 Patre,
2123 1828 2179 1875 et
2224 1806 2375 1875 nulla
2414 1819 2470 1875 in
2518 1835 2578 1876 re
2618 1836 2678 1876 se
2712 1835 2780 1875 eo
2828 1820 3137 1885 minorem,
3176 1820 3273 1876 sed
3318 1820 3499 1875 omni-

1917 1912 2080 1967 moda
2135 1911 2458 1983 aequalitate
2506 1912 2908 1983 conspicuum,
2956 1913 3139 1967 aiebat
3178 1931 3193 1968 :
3251 1929 3272 1964 ι
3321 1913 3501 1968 Tanto

1918 2012 2165 2074 tempore
2224 2005 2506 2060 vobiscum
2565 2020 2712 2068 sum,
2756 2015 2812 2059 et
2866 2020 2975 2059 non
3030 2004 3339 2073 cognovisti
3388 2018 3498 2067 me,

1916 2093 2209 2165 Philippe?
2235 2093 2339 2161 Qui
2368 2094 2517 2149 videt
2546 2108 2655 2158 me,
2686 2084 2834 2148 videt
2858 2100 2914 2148 et
2938 2092 3181 2148 Patrem.
3228 2092 3348 2147 Non
3380 2107 3501 2147 cre-

1916 2187 2004 2242 dis
2031 2188 2159 2257 quia
2188 2201 2289 2257 ego
2327 2186 2383 2241 in
2420 2184 2602 2251 Patre,
2633 2191 2688 2240 et
2718 2183 2885 2240 Pater
2921 2184 2977 2239 in
3015 2200 3104 2243 me
3129 2184 3257 2240 est?
3293 2183 3406 2256 Ego
3445 2190 3502 2238 et

1916 2280 2079 2337 Pater
2110 2296 2280 2335 unum
2312 2295 2526 2335 sumus.
2569 2298 2589 2331 ι
2625 2276 2832 2333 Verum
2865 2285 2999 2335 tunc
3034 2284 3345 2349 opportune
3375 2275 3502 2347 qui-
3557 2313 3559 2316 ‹

1917 2373 2041 2429 dem
2078 2371 2147 2428 de
2182 2371 2270 2427 his
2290 2371 2458 2427 verba
2502 2369 2718 2425 faciens
2744 2368 3098 2425 admirationi
3135 2376 3257 2423 erat
3298 2385 3313 2423 ι
3347 2381 3496 2422 nunc

1918 2474 2101 2521 autem
2130 2478 2296 2535 quam
2325 2470 2640 2534 opportune
2677 2461 2825 2517 istud
2868 2460 3091 2523 dicitur,
3122 2468 3217 2514 aut
3247 2460 3374 2530 quid
3410 2473 3507 2512 ra—

1916 2558 2087 2614 tionis
2104 2558 2291 2622 babet,
2308 2555 2596 2612 tristitiam
2614 2553 3017 2623 discipulorum
3055 2552 3231 2607 lenire
3263 2550 3424 2616 velle,
3445 2557 3509 2605 et

1904 2650 2354 2706 'consolatorium
2393 2647 2670 2717 quoddam
2706 2645 2787 2700 eis
2816 2645 3172 2714 pharmacnm
3215 2642 3502 2703 adhibere,

1918 2743 2049 2799 dum
2098 2740 2337 2813 gaudere
2388 2739 2676 2811 iubentur,
2729 2737 2858 2813 quia
2913 2737 3063 2791 vadit
3116 2733 3183 2789 ad
3245 2733 3514 2788 Patrem?

1919 2833 2178 2904 Nunquid
2214 2846 2344 2903 ergo
2373 2829 2607 2884 rudibus
2645 2844 2711 2885 ac
2749 2828 3022 2898 imperitis
3063 2826 3147 2882 vel
3179 2842 3246 2882 ex
3289 2827 3406 2897 ipsa
3447 2840 3509 2878 re

1918 2926 2131 2997 liquido
2163 2931 2313 2994 patet
2344 2921 2517 2992 quod,
2565 2936 2692 2976 cum
2747 2920 2816 2976 ad
2870 2935 3026 2977 suam
3090 2918 3290 2974 reverti
3340 2917 3507 2972 vellet

1921 3017 2148 3089 gloriam
2183 3029 2308 3068 cum
2349 3011 2535 3075 Patre,
2589 3026 2711 3065 eam
2765 3011 2838 3067 ob
2883 3027 3001 3065 rem
3057 3009 3415 3079 diligentibus
3447 3023 3510 3063 se

221 3104 481 3174 ἀνοήτοις
530 3101 808 3173 συμφανὲς
865 3099 935 3152 δι’
982 3098 1147 3153 αὑτοῦ
1193 3097 1289 3151 τοῦ
1324 3097 1683 3169 πράγματος,
1740 3099 1816 3165 ὡς

1919 3105 2161 3178 gaudere
2184 3101 2377 3173 jussit,
2412 3100 2562 3155 hunc
2592 3098 2773 3169 ipsum
2809 3115 2972 3170 porro
3001 3114 3127 3154 cum
3160 3100 3283 3155 aliis
3309 3106 3508 3152 Conso-

221 3194 466 3264 ἐπείπερ
520 3196 601 3257 είς
648 3195 747 3263 τὴν
801 3191 938 3245 ἰδίαν
987 3186 1145 3254 αὖθις
1183 3188 1619 3259 παλινδρομῆσαι
1650 3190 1809 3256 δόξαν

1919 3193 2144 3252 lationis
2178 3189 2401 3246 modum
2432 3187 2798 3257 excogitans‘l

194 3288 372 3356 ’tss'cch
409 3285 626 3357 Πατρός
679 3284 957 3354 ἠπείγετο,
991 3282 1203 3354 χαίρειν
1252 3282 1344 3333 ἐπὶ
1406 3280 1581 3352 τούτῳ
1614 3286 1726 3349 τοῖς
1782 3287 1946 3342 αὐτὸν
1978 3283 2236 3354 ἀγαπῶσι
2302 3279 2655 3344 διεκελεύετο,
2703 3278 3032 3348 ἀξιάγαστον
3100 3275 3264 3339 αὐτὰ
3324 3274 3507 3338 αὐτοῖς

219 3376 635 3451 παρακλήσεως
664 3378 761 3430 καλ⁵
785 3376 975 3431 τοῦτον
1008 3373 1147 3446 μετά
1180 3374 1288 3429 τῶν
1319 3372 1496 3429 ἄλλων
1519 3378 1815 3450 ἐπινοήσας
1851 3382 1945 3436 τὸν
1982 3379 2222 3450 τρόπον;

306 3450 477 3523 Ἂλλά
533 3468 855 3538 παρήσομεν
906 3467 1067 3520 τοῦτο
1117 3469 1254 3533 νυνὶ,
1301 3471 1399 3524 καὶ
1448 3450 1570 3533 ταῖς
1610 3469 1822 3523 ἐκείνου

216 3557 689 3631 φρενοϐλαϐείαις
718 3556 777 3608 οῦ
840 3555 1010 3619 πολὺς
1047 3557 1393 3628 ἐγκείσομαι.
1442 3558 1590 3628 Φημὶ
1624 3557 1679 3611 δὲ
1714 3556 1824 3612 δεῖν

217 3652 315 3704 ἐπ’
379 3651 566 3702 ἐκεῖνα
621 3647 820 3719 μᾶλλον
864 3647 1039 3700 ἐλθεῖν
1062 3663 1076 3679 ·
1137 3648 1291 3720 ᾠήθη
1322 3649 1431 3719 γὰρ
1461 3649 1591 3711 ἴσως
1613 3653 1681 3720 τῇ
1723 3649 1824 3719 τῆς

220 3742 497 3811 θεότητος
538 3738 701 3806 φύσει
758 3736 855 3808 τὴν
890 3737 1071 3809 σάρκα
1111 3740 1524 3810 συγκρίνοντας,
1569 3739 1825 3810 ἀνόνητον

224 3830 442 3901 κομιδῇ
475 3812 744 3884 ποιεῖσθαι
779 3829 877 3901 τὴν
937 3829 1308 3897 ἀντεξέτασιν,
1343 3832 1433 3885 ὅτε
1493 3832 1826 3887 κεκενῶσθαι

220 3925 477 3994 λέγομεν
502 3922 593 3976 τὸν
621 3921 771 3988 Υίδν,
828 3921 1016 3993 ἐπειδὴ
1054 3923 1278 3991 γέγονεν
1319 3923 1624 3994 ἄνθρωπος.
1669 3924 1823 3994 Ἔχει

216 4017 279 4071 δὲ
304 4016 419 4086 οὐχ
440 4014 603 4078 οὕτω,
632 4013 797 4068 πόθεν
824 4031 839 4080 ;
868 4012 1140 4066 οίκετικοῦ
1192 4012 1248 4065 δὲ
1285 4012 1488 4083 μέτρου
1525 4013 1618 4067 καὶ
1637 4013 1822 4066 δουλο-

217 4105 486 4179 πρεποῦς
509 4104 818 4177 ἀξιώματος
839 4104 938 4175 τήν
968 4105 1120 4158 θείαν
1168 4104 1418 4173 λέγοντες
1456 4103 1632 4170 δόξαν,
1653 4105 1824 4175 ήλατ-

212 4198 440 4253 τεῖισθαί
472 4215 652 4269 φαμεν
702 4197 796 4252 τοῦ
841 4197 1054 4269 Πατρὸς
1100 4196 1191 4251 τὸν
1232 4197 1380 4261 Υἱδν,
1428 4196 1561 4250 καθὸ
1595 4197 1823 4265 γέγονεν

212 4293 540 4362 ἄνθρωπος,
565 4291 1012 4363 ἀποκαταστῆσαί
1045 4309 1109 4362 γε
1148 4293 1255 4363 μὴν
1285 4294 1367 4355 είς
1399 4292 1460 4345 τὺ
1481 4286 1624 4346 εἶναι
1655 4293 1824 4346 πάλιν

2002 3446 2201 3527 \lerum
2271 3464 2378 3521 ista
2434 3475 2585 3518 nunc
2645 3458 2986 3522 omittemus,
3021 3470 3124 3511 nec
3168 3446 3319 3512 illius
3359 3455 3510 3510 insa-

1921 3564 2070 3618 niam
2128 3558 2364 3613 multum
2402 3554 2745 3626 urgebimus.
2781 3550 2863 3605 Ad
2899 3550 3032 3603 illud
3069 3549 3253 3621 potius
3277 3547 3507 3604 venien-

1921 3654 2054 3711 dum
2087 3664 2311 3714 censeo,
2346 3648 2493 3718 quod
2541 3646 2761 3716 putavit
2805 3657 3004 3699 vanam
3045 3656 3171 3695 esse
3213 3655 3505 3709 compara-

1919 3751 2124 3801 tionem
2156 3759 2262 3814 qua
2292 3739 2514 3797 deitatis
2546 3745 2756 3792 natura:
2794 3751 2927 3791 caro
2966 3740 3341 3803 comparatur,
3372 3747 3496 3786 cum

1921 3837 2263 3891 exinanitum
2286 3849 2411 3889 esse
2438 3828 2636 3885 Filium
2669 3828 2931 3891 dicimus,
2962 3823 3182 3896 quando
3207 3823 3385 3878 factus
3413 3831 3499 3879 est

1920 3926 2103 3981 homo.
2129 3924 2331 3980 Verum
2370 3938 2476 3977 non
2504 3925 2574 3975 ita
2594 3918 2763 3992 85.8
2791 3933 2880 3973 res
2906 3927 2991 3973 est
3014 3935 3027 3971 :
3055 3916 3202 3970 absit
3226 3917 3239 3969 !
3270 3915 3365 3970 sed
3389 3930 3505 3970 ser-

1917 4017 2047 4072 vilis
2071 4012 2409 4070 conditionis
2426 4026 2491 4066 ac
2511 4008 2803 4077 dignitatis
2837 4006 3080 4061 divinam
3114 4002 3348 4072 gloriam
3377 4017 3502 4056 cum

1920 4108 2183 4169 dicimus,
2207 4106 2472 4159 minorem
2508 4116 2635 4157 esse
2663 4099 2826 4154 Patre
2856 4097 3055 4152 Filium
3088 4094 3414 4157 asserimus,
3452 4094 3505 4148 in

1921 4206 2187 4269 quantum
2212 4196 2392 4251 iactus
2422 4203 2504 4250 est
2527 4195 2711 4255 homo,
2730 4199 2913 4245 tamen
2935 4190 2991 4243 in
3010 4188 3192 4241 Patris
3219 4186 3507 4256 aequalita-

1923 4298 2033 4344 tem
2098 4288 2415 4342 restitutum
2471 4299 2618 4367 esse,
2664 4291 2955 4352 postquam
3002 4278 3132 4333 hinc
3195 4277 3263 4331 ad
3334 4277 3507 4331 cmlos

214 4388 274 4438 ὲν
310 4386 419 4456 ἴσῳ
460 4384 541 4456 τῷ
579 4384 832 4454 φύσαντι,
891 4385 1033 4456 μετά
1079 4385 1178 4456 τήν
1207 4384 1457 4438 ἐντεῦθεν
1487 4385 1816 4456 ἀποδημίαν,

1924 4380 2193 4443 ascendit,
2224 4395 2334 4433 non
2366 4392 2528 4441 nova,
2551 4389 2731 4444 neque
2756 4372 3081 4436 adventitia,
3113 4386 3219 4425 nec
3240 4370 3506 4424 inusitata

213 4480 275 4531 οὔ
309 4477 538 4548 καινὴν,
574 4477 608 4545 ἢ
630 4478 945 4549 ἐπίκτητον,
985 4476 1108 4530 οὐδὲ
1146 4475 1291 4547 ἀήθη
1324 4475 1482 4541 δόξαν
1511 4475 1816 4546 ἠμφιεσμέ-

1921 4472 2096 4538 gloria
2117 4470 2399 4532 vestitum,
2417 4467 2512 4524 sed
2538 4469 2628 4522 illa
2653 4466 2836 4521 denuo
2862 4464 3135 4518 fruentem
3169 4462 3223 4515 in
3248 4477 3355 4531 qua
3388 4470 3508 4514 erat

213 4589 329 4631 νον,
365 4571 492 4625 ἀλλ’
527 4570 588 4622 ἐν
610 4568 797 4640 ἐκείνῃ
837 4568 1091 4638 γεγονότα
1143 4567 1305 4621 πάλιν
1361 4568 1422 4620 ἐν
1460 4560 1607 4640 ᾖπερ
1654 4561 1723 4635 ἦν
1763 4567 1816 4618 ἐν

1921 4565 2081 4618 initio
2115 4579 2241 4618 cum
2274 4561 2460 4616 Patre.
2496 4560 2652 4615 Unde
2680 4556 2889 4611 Paulus
2930 4555 3125 4609 doctor
3156 4555 3249 4608 ille
3283 4553 3507 4607 divinus

215 4667 361 4737 ἀρχῇ
400 4663 548 4734 μετά
583 4661 679 4716 τοῦ
732 4660 964 4732 Πατρός.
995 4659 1105 4713 Καὶ
1129 4657 1258 4727 γοῦν
1279 4660 1306 4712 ό
1343 4659 1628 4724 θεσπέσιος
1656 4676 1816 4731 μυστ-

1928 4658 2345 4713 convenientem
2404 4650 2726 4707 hominibus
2762 4647 3130 4702 humilitatem
3166 4662 3275 4699 non
3311 4645 3421 4714 jam
3454 4644 3504 4699 ei

217 4758 479 4827 αγωγὸς,
521 4756 668 4826 φημὶ
697 4754 755 4807 δὲ
797 4754 889 4807 τὸν
938 4750 1186 4814 Παῦλον,
1214 4751 1313 4822 τὴν
1353 4751 1670 4821 πρέπουσαν
1711 4753 1816 4815 τοῖς

1924 4759 2049 4820 ροςι
2091 4747 2554 4803 resurrectionem
2591 4738 2620 4796 a
2664 4741 2902 4796 mortuis
2936 4750 2991 4814 et
3020 4739 3077 4793 in
3105 4738 3274 4792 melos
3308 4751 3506 4790 ascen-

210 4848 539 4919 ἀνθρώποις
576 4845 911 4898 ταπείνωσιν
938 4842 1124 4897 οὐκέτι
1165 4840 1468 4915 περιτιθεὶς
1503 4842 1654 4913 αὑτῷ
1686 4843 1816 4913 μετά

1924 4845 2134 4898 sionem
2197 4839 2528 4901 attribuens,
2581 4835 2774 4895 scribit
2835 4835 2889 4888 in
2942 4832 3057 4885 haec
3110 4829 3275 4884 verba
3326 4845 3339 4880 :
3389 4846 3406 4876 ι
3449 4827 3507 4882 Si

211 4916 328 5011 τὴν
370 4943 442 4995 ἐκ
498 4938 715 5010 νεκρῶν
766 4937 1067 4992 ἀναϐίωσιν
1112 4938 1208 4990 καὶ
1240 4918 1360 5005 ”τὴν
1416 4935 1603 4989 ἀνοδον
1622 4936 1720 5005 τὴν
1745 4938 1816 5003 είς

1921 4935 2067 4986 enim
2122 4928 2484 4999 cognovimus
2530 4924 2837 4980 secundum
2899 4935 3122 4976 carnem
3185 4916 3509 4982 Christum;

206 5032 515 5102 οὐρανοὺς.
546 5028 853 5082 ἐπιστέλλει
898 5027 1077 5096 λέγων
1101 5045 1115 5058 ι
1151 5045 1169 5078 ι
1203 5027 1267 5080 Ei
1297 5026 1404 5098 γὰρ
1443 5026 1539 5080 καὶ
1580 5025 1824 5093 ἐγνώκα-

208 5141 315 5192 μεν
346 5122 503 5176 κατά
530 5121 714 5192 σάρκα
751 5120 1010 5189 Χριστὸν,
1037 5118 1174 5173 ἀλλά
1206 5117 1301 5173 νῦν
1343 5118 1527 5185 οὐκέτι
1554 5118 1822 5187 γινώσκο-

209 5228 334 5281 μεν.
384 5231 405 5263 ι
443 5210 594 5279 Περὶ⁸
619 5209 676 5262 δὲ
716 5208 911 5263 ἐαυτοῦ
958 5208 1121 5262 πάλιν
1149 5229 1161 5241 ·
1206 5227 1225 5259 ι
1256 5207 1468 5271 Παῦλος
1524 5209 1824 5272 ἀπόστολος

1924 5024 2017 5080 sed
2048 5033 2201 5077 nunc
2228 5021 2339 5091 jam
2370 5036 2479 5075 non
2519 5018 2781 5073 novimus
2812 5016 2880 5069 "’.
2917 5034 2936 5067 ι
2964 5012 3186 5067 Rursus
3219 5020 3403 5064 autem
3440 5010 3510 5065 de

1921 5115 2107 5184 seipso
2141 5132 2154 5168 :
2194 5132 2211 5163 ι
2253 5112 2463 5167 Paulus
2507 5110 2808 5181 Apostolus
2842 5107 2971 5162 .lcsu
3028 5103 3257 5166 Christi,
3295 5116 3403 5154 non
3441 5116 3508 5155 ex

1923 5207 2267 5268 hominibus,
2305 5219 2484 5274 neque
2530 5218 2629 5274 per
2680 5201 2988 5263 hominem,
3029 5198 3122 5252 sed
3173 5211 3271 5259 per
3319 5193 3506 5249 Jesum

1921 5300 2206 5354 Christum
2243 5299 2310 5350 "‘.
2361 5314 2378 5347 ›
2418 5294 2487 5348 At
2530 5310 2631 5348 cur
2669 5309 2793 5347 cum
2818 5306 2942 5345 eum
2976 5288 3042 5341 ad
3081 5304 3181 5342 nos
3212 5294 3503 5339 venturum

218 5303 405 5366 Ἰησοῦ
425 5299 699 5372 Χριστοῦ,
712 5302 811 5355 οὐκ
830 5301 924 5354 ἀπ’
945 5300 1270 5372 ἀνθρώπων,
1288 5300 1406 5353 οὐδὲ
1425 5297 1491 5353 δι’
1504 5299 1820 5371 ἀνθρώπου,

202 5396 345 5450 ἀλλά
399 5393 502 5448 διὰ
537 5393 716 5463 Ἰησοῦ
747 5391 1006 5464 Χριστοῦ.
1042 5410 1060 5441 ι
1093 5393 1289 5446 Καίτοι
1335 5391 1388 5443 τί
1420 5390 1622 5461 δήποτε
1658 5389 1821 5443 πάλιν

203 5488 374 5540 αὑτὸν
408 5485 562 5554 πρὸς
590 5483 736 5553 ἡμᾶς
759 5482 1046 5553 ἀφίξεσθαι
1064 5481 1238 5549 λέγων
1262 5498 1507 5552 μετασχη
1517 5497 1623 5550 ματ
1634 5478 1820 5533 ιοῦντα

202 5582 265 5640 τὸ
292 5579 469 5650 σῶμα
506 5575 610 5645 τῆς
635 5574 1015 5638 ταπεινώσεως
1045 5573 1202 5644 ἡμῶν
1247 5573 1571 5643 σύμμορφον
1602 5569 1680 5640 τῷ
1714 5570 1815 5623 σώ-

1919 5391 2150 5454 diceret,
2196 5397 2254 5443 ut
2282 5401 2488 5456 corpus
2529 5383 2857 5439 humilitatis
2892 5388 3098 5433 nostrm
3136 5377 3505 5446 conﬁguraret

1918 5484 2138 5553 corpori
2171 5482 2360 5551 gloria:
2389 5490 2504 5532 suae.
2538 5478 2603 5539 °’,
2644 5482 2805 5544 negat
2849 5471 3035 5532 modo,
3066 5471 3260 5526 dicens
3295 5485 3355 5524 se
3392 5483 3500 5522 non

1919 5575 1990 5628 ah
2021 5572 2362 5635 hominibus,
2388 5581 2568 5637 neque
2593 5581 2687 5635 per
2719 5562 3019 5625 hominem,
3055 5561 3148 5617 sed
3191 5575 3286 5631 per
3315 5555 3505 5612 desum

275 5759 320 5807 ⁶.⁷
367 5758 414 5813 ll
451 5756 590 5813 Cor.
629 5771 680 5820 ιι,
723 5756 805 5810 16.
885 5753 928 5786 ⁸⁸
964 5750 1141 5815 Galat.
1199 5767 1253 5818 ι,
1296 5752 1344 5806 1.
1426 5752 1470 5784 θ’
1507 5747 1743 5821 Philipp.
1782 5763 1838 5802 ιιι
1865 5789 1878 5814 ,
1913 5748 2001 5801 εει.
