4076 6270
572 384 683 445 319

1603 393 1660 448 S.
1701 389 1979 448 CYRILLI
2016 384 2493 444 ALEXANDRINI
2528 386 2850 443 ARCHIEP.

3737 391 3855 447 5‘23

577 505 863 561 Christum
911 506 1145 562 electum
1202 506 1377 564 fuisse
1440 508 1495 563 in
1563 509 1980 585 apostolatum?
2013 507 2155 576 Quid

2268 520 2394 572 ματι
2422 503 2523 574 τῆς
2543 503 2703 573 δόξης
2732 501 2922 565 αὐτοῦ,
2952 500 3046 557 νῦν
3067 501 3381 574 ἐξαρνεῖται
3418 504 3595 573 λέγων
3622 503 3727 561 οὐκ
3750 507 3851 561 ἀπ’

580 606 786 663 autem,
824 614 1030 669 quaeso,
1059 614 1181 655 eum
1218 616 1329 654 non
1380 614 1549 655 nosse
1580 601 1889 656 secundum
1932 614 2160 655 carnem

581 691 694 745 ait?
733 689 1027 761 Nunquid,
1075 692 1279 746 amabo
1327 701 1399 757 te,
1438 693 1727 748 Dominum
1787 694 2011 765 negavit
2066 692 2158 765 qui

577 794 699 843 eam
753 778 1017 834 redemit?
1042 780 1187 835 absit
1226 782 1240 835 ί
1280 790 1430 837 recte
1479 783 1625 837 enim
1684 783 1850 854 sapit.
1910 782 2162 839 Perfecto

578 873 783 941 quippe
828 880 882 926 et
917 871 985 925 ad
1033 872 1243 926 exitum
1296 873 1564 944 perducto
1613 886 1861 946 tempore
1908 878 2163 933 exinani-

579 959 750 1013 tionis
779 960 896 1015 sive
924 960 1327 1017 hulnlliationis
1363 961 1664 1034 Unigeniti,
1686 981 1795 1022 non
1826 983 1983 1023 exeo
2014 967 2163 1039 quod

580 1048 897 1103 cxinanitus
925 1050 1194 1114 cernitur,
1229 1051 1324 1105 sed
1363 1068 1431 1107 ex
1463 1067 1529 1107 eo
1565 1055 1749 1122 potius
1777 1058 1922 1126 quod
1956 1072 2161 1112 secun-

582 1139 711 1193 dum
743 1148 996 1193 naturam
1025 1148 1111 1195 est
1162 1138 1655 1213 Deus,1prmdicare
1691 1145 1871 1216 ipsum
1905 1155 1971 1201 ct
1991 1162 2164 1218 agno-

583 1246 741 1286 scere
798 1232 1012 1288 nititur.
1069 1231 1348 1290 Concesso
1402 1236 1550 1291 enim
1608 1246 1672 1291 et.
1720 1238 1964 1294 admisso
2016 1239 2165 1310 quod

583 1321 748 1377 homo
782 1321 961 1380 factus
999 1325 1091 1391 sit,
1122 1324 1262 1380 illud
1293 1326 1512 1382 demum
1550 1326 1732 1383 doceri
1764 1328 1952 1386 ﬁdeles
1997 1346 2164 1402 opor-

586 1413 757 1480 tebat,
799 1412 968 1469 Deum
1029 1430 1250 1486 quoque
1301 1431 1426 1473 esse
1483 1418 1789 1475 secundum
1849 1430 2161 1479 naturam:

586 1505 823 1575 ideoque
870 1505 1080 1561 divinis
1131 1508 1316 1591 potius
1370 1509 1438 1565 de
1487 1525 1553 1566 eo
1604 1496 1961 1571 sermonibus
1998 1531 2164 1586 quam

585 1595 712 1650 aliis
741 1596 1066 1651 oblectatur.
1109 1596 1279 1653 Miror
1314 1594 1500 1655 autem
1544 1617 1655 1671 quo
1684 1613 1847 1673 pacto
1874 1620 1985 1660 non
2032 1621 2165 1662 cru-

583 1687 797 1750 bescat,
825 1687 1017 1744 dicens
1042 1690 1212 1760 quod,
1244 1706 1369 1745 cum
1401 1692 1522 1748 sola
1565 1694 1906 1767 homogenea
1942 1712 2166 1768 compa-

586 1779 859 1834 rationem
892 1779 1040 1835 inter
1074 1796 1135 1837 se
1179 1783 1509 1853 suscipiant,
1535 1786 1688 1856 ipsos
1730 1788 1896 1844 fateri
1934 1804 2166 1847 necesse

589 1868 661 1921 sit
707 1866 927 1923 Patrem
975 1871 1254 1942 Unigeniti
1310 1873 1515 1931 deitate
1556 1878 1820 1949 majorem
1864 1881 2161 1939 exsistere.

586 1958 709 2013 Non
741 1963 908 2016 sentit
930 1964 1101 2029 enim,
1137 1974 1196 2021 ut
1222 1967 1460 2035 videtur,
1497 1986 1596 2025 sua
1631 1986 1691 2027 se
1731 1972 1898 2027 verba
1947 1989 2166 2031 armare

589 2051 643 2107 in
688 2054 953 2124 seipsum.
981 2055 1336 2129 Respondeat
1361 2063 1504 2118 enim
1536 2062 1889 2120 commodum
1920 2067 1973 2123 id
2005 2070 2166 2125 nobis

587 2146 1002 2205 sciscitantibus
1030 2167 1043 2204 :
1075 2151 1190 2208 Illa:
1230 2153 1699 2228 bomogeneorum
1729 2161 1874 2216 inter
1905 2176 1966 2217 se
2007 2176 2166 2217 com-

585 2241 901 2310 parationes
929 2244 1262 2315 quibusnam
1287 2265 1354 2305 ex
1384 2252 1545 2307 rebus
1585 2254 2012 2311 convenientius
2040 2271 2166 2326 per-

584 2334 964 2401 agunturTAn
1000 2353 1069 2393 ex
1123 2338 1192 2394 iis
1243 2356 1364 2410 qua:
1422 2351 1551 2397 sunt
1592 2343 1751 2412 juxta
1804 2328 2165 2401 communem

586 2431 798 2483 natura:
833 2427 1137 2511 rationem?
1169 2446 1237 2485 an
1266 2418 1438 2490 ex‘iis
1468 2449 1589 2504 quae
1617 2434 1780 2490 habet
1813 2441 2169 2509 unumquod-

588 2529 695 2583 que
741 2531 933 2571 eorum
986 2535 1109 2589 quae
1169 2522 1374 2577 adsunt
1423 2533 1478 2580 et
1535 2528 1771 2589 absunt;
1827 2530 2168 2587 inexsistunt

587 2615 642 2659 et
674 2621 786 2663 non
823 2608 1160 2666 inexsistnnt
1192 2613 1378 2681 justas
1412 2616 1483 2669 ob
1523 2619 1757 2672 causas?
1780 2618 1946 2676 Verbi
1989 2625 2167 2693 gratia

591 2698 757 2767 (idem
797 2702 942 2757 enim
994 2706 1303 2774 exemplum
1364 2706 1586 2763 aﬂeram
1625 2712 1775 2779 quod
1829 2713 1971 2782 ipse,
2003 2715 2168 2771 nobis

494 2818 495 2825 ι
590 2793 864 2862 protulit),
889 2794 937 2849 si
965 2796 1090 2865 quis
1115 2796 1389 2854 hominem
1427 2800 1637 2881 homini
1669 2818 1994 2874 comparare
2016 2809 2165 2873 velit,

591 2884 660 2939 ad
695 2900 859 2939 unam
890 2894 946 2942 et
974 2902 1324 2945 communem
1359 2893 1680 2951 substantia:
1699 2895 1867 2968 849
1897 2899 2167 2962 rationem

593 2975 919 3045 respiciens,
964 2977 1170 3032 nullam
1222 2979 1564 3059 inqutroque
1616 2987 1856 3055 reperiet
1906 2987 2172 3046 diﬂ‘eren-

593 3067 748 3123 tiam.
771 3066 883 3124 Nec
918 3070 1066 3126 enim
1107 3071 1273 3129 homo
1302 3073 1487 3130 differt
1522 3076 1590 3131 ab
1624 3076 1867 3143 homine,
1894 3091 2170 3152 quatenus

2262 594 2586 664 ἀνθρώπων,
2626 594 2748 647 οὐδὲ
2793 594 2859 647 δι’
2896 593 3211 666 ἀνθρώπου,
3265 597 3441 650 καίτοι
3492 611 3849 669 προκεχειρι-

2264 687 2462 758 σμένος
2511 685 2937 757 είςπάποστολὴν
2976 685 3065 765 διὰ
3124 687 3301 758 Ἰησοῦ
3356 688 3634 759 Χριστοῦ;
3678 689 3745 742 Τί
3787 689 3851 743 δέ

2262 778 2397 842 ὅλως
2461 778 2625 832 αὐτὸν
2667 779 2769 831 οὐκ
2822 776 3021 831 εἰδέναι
3066 778 3210 832 κατὰ
3260 780 3441 850 σάρκα
3477 780 3682 850 φησίν;
3716 776 3848 852 *Δρ*

2262 865 2393 934 οὖν,
2426 869 2551 924 εἰπέ
2584 886 2695 939 μοι,
2732 868 2822 922 τὸν
2847 869 3196 940 ἀγοράσαντα
3226 871 3397 941 αὐτὴν
3428 872 3711 942 Δεωπότην
3743 874 3851 943 ἠρ-

2263 962 2496 1034 νήσατο;
2535 961 2611 1032 μὴ
2641 960 2849 1029 γένοιτο
2870 977 2883 990 ⁶
2914 964 3131 1034 φρονεῖν
3156 962 3265 1033 γὰρ
3312 961 3510 1035 ὀρθῶς.
3553 962 3853 1016 Τετελειω-

2267 1055 2428 1126 μένου
2440 1055 2548 1125 γὰρ
2593 1054 2694 1125 ήδη
2739 1054 2832 1107 καὶ
2852 1054 2931 1117 είς
2957 1053 3130 1124 πέρας
3154 1054 3380 1125 ἥκοντος
3409 1053 3505 1108 τοῦ
3533 1053 3728 1126 καιροῦ
3755 1056 3854 1108 ἐπὶ

2264 1148 2363 1218 τῆς
2394 1147 2693 1218 νοουμένης
2723 1145 2801 1217 τῷ
2837 1148 3135 1215 Μονογενεῖ
3181 1146 3484 1211 κενώσεως,
3510 1148 3631 1219 ἦτοι
3654 1165 3853 1202 ταπει-

2265 1238 2506 1302 νώσεως,
2547 1238 2648 1293 οὐκ
2676 1238 2736 1304 ἐξ
2785 1230 2861 1292 ὧν
2899 1240 3093 1310 ὁρᾶται
3129 1241 3528 1310 κεκενωμένος,
3558 1239 3760 1311 μᾶλλον
3792 1240 3852 1293 δὲ

2265 1324 2423 1396 ἐξῶν
2441 1331 2558 1385 ἐστι
2587 1330 2927 1401 κατὰεφύσιν
2969 1330 3123 1399 Θεὸς,
3156 1330 3539 1402 διακηρύττειν
3586 1348 3649 1385 τε
3686 1332 3853 1386 αὐτὸν
3880 1340 3885 1347 ’

2266 1424 2360 1477 καὶ
2380 1423 2763 1491 ἐπιγινώσκειν
2810 1424 3108 1495 ἐπείγεται.
3162 1425 3506 1490 Γνωσθέντος
3550 1426 3661 1497 γὰρ
3701 1426 3852 1493 ἅπαξ

2267 1516 2362 1570 καὶ
2383 1515 2942 1588 παραδεχθέντοςςτοῦ
2982 1516 3064 1579 ὅτι
3106 1515 3333 1584 γέγονεν
3374 1514 3687 1587 ἄνθρωπος,
3740 1515 3851 1569 ἔδει

2265 1605 2450 1661 λοιπὸν
2497 1606 2673 1661 ἐκεῖνο
2721 1606 3070 1663 διδάσκεσθαι
3101 1606 3230 1671 τοὺς
3265 1607 3720 1671 πεπιστευκότας,
3764 1608 3849 1661 ὅτι

2266 1698 2362 1752 καὶ
2411 1696 2543 1761 Θεὸς
2583 1697 2724 1750 κατὰ
2781 1694 2945 1766 φύσιν
2985 1696 3171 1761 ἐστὶν,
3197 1694 3286 1750 διὰ
3322 1695 3485 1750 τοῦτο
3510 1696 3713 1767 μᾶλλον
3738 1699 3849 1761 tot;

2269 1788 2602 1859 θεοπρεπέσι
2625 1788 2755 1860 περὶ
2775 1787 2942 1843 αὐτοῦ
2964 1786 3227 1857 λόγοις.ἢ
3261 1789 3376 1851 τοῖς
3422 1787 3630 1858 ἐτέροις
3661 1788 3852 1858 ἐφήδε-

2268 1898 2379 1937 ται.
2418 1878 2697 1953 Θαυμάζω
2733 1878 2791 1932 δὲ
2846 1879 2995 1943 ὅπως
3048 1879 3151 1933 οὐκ
3207 1878 3456 1950 ἐρυθριᾷ,
3515 1879 3715 1948 λέγων,
3773 1879 3851 1944 ὡς

2267 1971 2496 2042 ἐπείπερ
2521 1972 2655 2043 μόνα
2681 1971 2750 2026 τὰ
2779 1972 3015 2042 ὁμογενῆ
3040 1970 3137 2042 τὴν
3160 1970 3297 2040 πρὸς
3326 1969 3532 2040 ἄλληλα
3560 1971 3850 2042 σύγκρισιν

2267 2063 2598 2135 ἐπιδέχεται,
2620 2061 2835 2133 ἀνάγκη
2868 2062 3065 2125 αὐτοὺς
3097 2060 3451 2131 ὁμολογῆσαι,
3482 2063 3580 2115 -δτι
3605 2063 3634 2114 6
3661 2062 3850 2132 Πατὴρ

2271 2154 2474 2227 μείζων
2511 2155 2610 2226 τῆς
2654 2154 2748 2207 τοῦ
2774 2152 3113 2221 Μονογενοῦς
3145 2152 3399 2223 θεότητος
3445 2153 3707 2225 ὑπάρχει.
3736 2155 3850 2207 θύκ

2269 2246 2584 2301 αἰσθάνεται
2599 2245 2732 2317 γὰρ,
2759 2245 2835 2308 ὡς
2868 2245 3036 2309 εἰκὸς,
3059 2243 3151 2297 τὸν
3181 2246 3381 2299 οἰκεῖον
3415 2246 3598 2316 ἐαυτῷ
3638 2247 3852 2313 ἐξοπλί-

2271 2356 2370 2403 σας
2397 2339 2572 2407 λόγον.
2606 2336 2827 2405 Λεγέτω
2856 2335 2965 2407 γὰρ
3005 2337 3140 2406 ἡμῖν
3187 2337 3364 2390 ἐκεῖνο
3390 2338 3680 2409 χρησίμως
3730 2339 3849 2411 ἐρέ-

2270 2430 2395 2483 σθαι
2430 2427 2828 2507 βουλομένοις*
2879 2426 2944 2479 Ai.
2983 2425 3120 2497 πρὸς
3168 2424 3376 2497 ἄλληλα
3434 2425 3544 2481 τῶν
3592 2426 3853 2495 ὁμοειδῶν

2271 2519 2585 2589 συγκρίσεις
2628 2516 2735 2571 ἀπὸ
2791 2515 2961 2568 ποίων
3023 2512 3221 2584 μᾶλλον
3265 2513 3599 2568 ἐπιτελοῖντο
3635 2531 3852 2584 πρεπωο

2268 2611 2555 2681 δὲστερονς
2590 2604 2718 2679 Ἆρ’
2752 2608 2810 2674 ἐξ
2836 2599 2910 2660 ὧν
2942 2607 3070 2669 εἰσι,
3105 2605 3245 2660 κατά
3287 2622 3353 2676 γε
3389 2605 3479 2659 τὸν
3501 2606 3603 2676 τῆς
3635 2607 3847 2675 φύσεως

2270 2702 2448 2755 κοινὸν
2480 2700 2658 2769 λόγον,
2680 2698 2713 2770 ἢ
2738 2699 2796 2766 ἐξ
2842 2691 2917 2752 ὧν
2948 2697 3180 2752 ἕκαστον
3217 2695 3332 2768 ἔχει
3364 2696 3473 2750 τῶν
3495 2698 3597 2750 ὅσα
3619 2696 3840 2768 προσγί-

2270 2793 2419 2847 νεταί
2461 2809 2522 2845 τε
2574 2792 2667 2844 καί¹
2724 2786 3091 2859 ἀπογίνεταιῖ
3145 2789 3440 2859 ἐνυπάρχει
3499 2804 3561 2840 τε
3611 2789 3707 2842 καὶ
3754 2789 3844 2841 οὐκ

2271 2882 2590 2954 ἐνυπάρχει,
2615 2881 2683 2936 δι’
2715 2872 2896 2943 αἰτίας
2942 2879 3236 2947 εὐλόγους;
3272 2873 3398 2932 Οἷον
3434 2877 3491 2932 δὲ
3539 2878 3604 2948 δή
3636 2877 3689 2931 τί
3712 2895 3849 2948 φημι

2272 2975 2618 3048 (παραθήσω
2669 2973 2779 3045 γὰρ
2841 2973 3018 3025 ἐκεῖνο
3066 2970 3246 3025 λαϐὼν
3297 2971 3436 3041 ὅπερ
3493 2971 3659 3036 αὐτὸς
3718 2973 3849 3042 ἡμῖν

2272 3068 2652 3137 είσκεκόμικεν
2702 3066 2781 3127 εἰς
2841 3061 3285 3133 παραδείγματος
3334 3061 3533 3131 λόγον),
3564 3062 3618 3114 et
3641 3078 3729 3125 τις
3761 3063 3853 3115 ἁν-

591 3169 676 3215 est
720 3161 925 3216 animal
963 3163 1194 3218 rationis
1230 3180 1456 3233 compos
1479 3207 1495 3231 ,
1532 3169 1783 3238 mortale,
1824 3171 2168 3241 intelligendi

2275 3159 2476 3232 θρώπῳ
2507 3160 2598 3212 τὸν
2622 3155 2908 3226 ἄνθρωπον
2959 3153 3215 3224 ἐθελήσαι
3263 3152 3597 3223 συγκρίνειν,
3635 3153 3716 3216 είς
3755 3152 3853 3222 μὲν

591 3259 646 3306 et
675 3252 884 3308 sciendi
918 3270 1090 3325 capax
1126 3256 1287 3312 :baec
1336 3259 1483 3313 enim
1531 3259 1586 3314 in
1623 3262 1885 3319 omnibus
1932 3280 2041 3319 una
2082 3273 2172 3321 est

591 3346 768 3415 ipsius
792 3347 1118 3403 substantiae
1137 3348 1417 3417 deﬁnitio;
1444 3351 1539 3407 sed
1571 3369 1674 3408 nec
1704 3369 1887 3424 equus
1911 3356 2167 3428 abequo,

592 3455 697 3507 qua
728 3437 994 3497 nimirum
1024 3447 1110 3495 est
1144 3457 1357 3511 equus;
1386 3443 1482 3498 sed
1518 3444 1797 3502 hominem
1845 3448 1915 3502 ab
1948 3448 2173 3506 homine

591 3530 811 3587 differre
834 3532 1073 3588 dicimus
1102 3534 1251 3604 quod
1276 3534 1368 3588 hic
1397 3538 1842 3605 grammaticam,
1863 3539 2012 3594 verbi
2047 3556 2172 3610 gra:

592 3626 688 3689 tia,
732 3625 954 3687 calleat,
1002 3624 1096 3680 ille
1146 3641 1259 3680 non
1312 3626 1464 3687 item.
1498 3635 1594 3681 aut
1651 3629 1832 3686 modis
1891 3631 2173 3701 aliquibus

592 3718 736 3774 aliis.
768 3717 933 3788 Atqui
972 3716 1088 3773 haec
1124 3732 1234 3773 non
1265 3720 1541 3789 attingunt
1570 3722 1958 3786 substantiam,
1980 3740 2170 3779 verum

591 3808 755 3859 aliam
788 3806 973 3875 potius
1008 3821 1235 3862 causam
1268 3816 1429 3861 nacta
1460 3808 1745 3868 videntur.
1772 3809 1876 3864 Sed
1908 3819 1963 3866 et
1993 3827 2170 3881 equus

590 3911 736 3965 equo
763 3897 1004 3952 velocior
1032 3907 1138 3952 est.
1170 3906 1265 3952 aut
1298 3913 1532 3968 corpore
1582 3901 1784 3966 minor,
1825 3909 1921 3956 aut
1954 3904 2169 3973 major;

592 3995 973 4042 verumtamen
1022 3989 1139 4044 haec
1177 3988 1242 4044 in
1285 3991 1503 4045 ratione
1532 3991 1863 4048 substantia;
1894 3993 2001 4049 sita
2048 4011 2174 4052 esse

594 4093 703 4132 non
740 4079 1165 4147 comperiemus.
1187 4079 1411 4149 Alioqui
1441 4081 1586 4135 enim
1621 4096 1742 4150 quae
1773 4081 1915 4137 inter
1949 4099 2010 4139 se
2037 4099 2174 4139 con-

596 4169 849 4225 feruntur
880 4170 1030 4224 nullo
1059 4172 1223 4227 modo
1259 4171 1495 4225 invicem
1546 4173 1850 4228 diﬂ'errent.
1883 4174 2172 4240 Quomodo

592 4264 739 4317 enim
782 4263 968 4326 homo,
1003 4263 1155 4318 verbi
1185 4263 1385 4334 gratia,
1417 4263 1597 4318 minor
1626 4274 1719 4319 aut
1749 4266 1921 4336 major
1950 4267 2174 4324 homine

594 4357 703 4411 alio
735 4363 1079 4419 censeretur,
1109 4357 1165 4411 in
1206 4364 1480 4427 quantum
1524 4356 1654 4412 sunt
1703 4359 1994 4416 homines?
2023 4360 2171 4428 Qua.-

594 4457 820 4519 propter
858 4449 913 4502 in
949 4448 1206 4505 omnibus
1242 4449 1601 4519 ltomogeneis
1629 4451 1861 4521 aequalia
1897 4461 2031 4508 sunt
2075 4468 2173 4507 na-

595 4540 829 4605 turalia;
869 4538 1090 4595 diversa
1136 4550 1320 4594 autem
1374 4539 1733 4610 reperiuntur
1784 4555 1908 4610 qua:
1962 4541 2171 4596 inexsi-

594 4643 768 4694 stunt.
793 4644 852 4689 et
874 4631 1179 4688 secundum
1203 4631 1511 4687 accidentis
1532 4633 1800 4687 rationem
1825 4632 2172 4688 extrinsecus

592 4724 917 4781 adveniunt.
950 4722 1155 4792 igitur,
1181 4737 1308 4775 cum
1358 4721 1512 4791 juxta
1558 4721 1708 4777 illius
1739 4721 2170 4792 propositionem

593 4825 689 4871 ant
734 4813 1066 4870 sententiam
1105 4812 1258 4883 (huic
1295 4812 1443 4866 enim
1478 4811 1779 4882 insistam),
1824 4812 1941 4867 sola
1976 4812 2171 4866 homo-

592 4923 764 4986 gcnea
793 4904 1265 4974 comparationem
1298 4902 1442 4957 inter
1476 4916 1536 4957 se
1565 4902 1789 4973 proprie
1833 4902 2168 4972 suscipiant,

592 4998 833 5068 primum
887 4995 1126 5049 fateatur
1156 4993 1357 5048 Filium
1394 4993 1642 5062 ejusdem
1692 5008 1818 5049 esse
1845 5009 1971 5047 cum
2012 4992 2173 5051 Patre

592 5090 830 5162 generis,
856 5087 911 5144 id
946 5096 1034 5143 est
1064 5085 1592 5141 consubstantialem
1623 5086 1729 5154 (sic
1759 5085 1905 5141 enim
1940 5069 2171 5155 capien-

591 5188 722 5241 dum
772 5193 858 5241 est
912 5184 1313 5252 homogeneum
1348 5198 1369 5236 ε⁴
1400 5179 1683 5239 hominem
1752 5180 1898 5236 enim
1962 5179 2172 5235 homini

591 5276 903 5347 comparari
933 5273 1137 5330 debere
1168 5270 1351 5327 fassus
1379 5278 1485 5334 est,
1506 5280 1562 5327 et
1590 5286 1791 5341 equum
1822 5272 2011 5341 equo),
2036 5286 2175 5325 can-

593 5384 822 5439 samque
866 5367 1088 5422 tandem
1127 5363 1343 5425 doceat,
1369 5363 1441 5418 ob
1475 5378 1642 5433 quam
1674 5361 1867 5425 Filius,
1901 5362 1995 5433 qui
2040 5377 2164 5416 cum

596 5459 706 5514 Deo
760 5473 825 5512 ac
880 5457 1042 5513 Patre
1086 5460 1464 5524 comparatur,
1504 5460 1697 5523 utpote
1742 5453 1988 5521 ejusdem
2039 5467 2165 5507 cum

595 5549 716 5619 ipso
765 5547 1013 5619 generis,
1036 5546 1224 5617 aliqua
1270 5560 1339 5599 ex
1386 5554 1544 5616 parte
1575 5546 1757 5599 minor
1792 5546 1882 5600 sit.
1930 5543 2173 5600 Ubinam.

592 5650 773 5698 autem
804 5640 1069 5694 minorem
1107 5652 1233 5694 esse
1262 5638 1687 5705 comperiemus,
1716 5650 1840 5690 cum
1883 5636 1938 5691 in
1977 5635 2168 5689 Inoino-

592 5735 781 5807 gcneis
816 5747 921 5789 una
946 5732 1019 5787 sit
1047 5730 1300 5786 deﬁnitio
1326 5726 1867 5785 substantiaeﬂlatio
1894 5726 2039 5781 enim
2072 5739 2187 5779 cum

591 5830 793 5901 jusque
821 5824 1146 5886 substantiae
1188 5823 1243 5879 in
1282 5820 1612 5893 quibusdam
1656 5819 1921 5890 perlecta,
1957 5817 2010 5872 in
2047 5815 2181 5871 aliis

2273 3253 2366 3306 τὸν
2392 3252 2488 3306 ἕνα
2519 3249 2615 3304 καὶ
2678 3247 2854 3302 κοινὸν
2903 3246 3003 3317 τῆς
3066 3245 3256 3309 οὐσίας
3312 3243 3630 3314 ἀποϐλέψας
3674 3244 3854 3310 λόγον,

2273 3341 2531 3413 οὐδεμίαν
2564 3338 2650 3392 ἐπ’
2693 3340 2896 3408 ἀμφοῖν
2947 3334 3098 3405 εὖροι
3130 3335 3415 3406 διαφοράν.
3448 3335 3585 3389 υύδὲ
3625 3336 3736 3406 γὰρ
3759 3332 3852 3389 civ;

2274 3432 2489 3505 θρωπος
2520 3427 2805 3498 ἀνθρώπου
2831 3426 3019 3481 διοίσει
3058 3426 3191 3480 ποτὲ
3217 3428 3358 3481 κατά
3378 3444 3442 3496 γε
3466 3427 3529 3481 τὸ
3553 3423 3691 3481 εἶναι
3714 3426 3859 3489 ζῶον

2272 3523 2508 3593 λογικὸν,
2538 3520 2753 3592 θνητὸν,
2785 3518 2876 3573 νοῦ
2918 3518 3012 3572 καὶ
3044 3519 3355 3589 ἐπιστήμης
3388 3518 3661 3573 δεκτικόν.
3686 3512 3853 3580 Οὗτος

2274 3617 2383 3689 γὰρ
2424 3617 2481 3668 ἐν
2518 3613 2720 3669 ἅπασιν
2764 3606 2847 3675 εἷς
2890 3628 2949 3664 τε
2993 3612 3093 3682 τῆς
3120 3610 3309 3674 οὐσίας
3336 3611 3509 3681 αὐτῆς
3555 3610 3701 3682 ὅρος·
3738 3609 3851 3662 ἀλλ’

2272 3705 2380 3760 οὐδ’
2412 3706 2578 3768 ῖππος
2608 3703 2799 3767 ἵππου,
2828 3703 2947 3754 κατ’
2978 3699 3109 3755 αὐτό
3137 3717 3200 3777 γε
3225 3700 3386 3755 τοῦτο
3416 3700 3479 3754 τὸ
3516 3701 3685 3765 ἵππος
3715 3695 3859 3754 εἶναί

2274 3816 2438 3869 φημι.
2472 3796 2761 3867 Διαφέρειν
2797 3793 2856 3847 δὲ
2897 3792 3180 3863 ἄνθρωπον
3225 3791 3514 3861 ἀνθρώπου
3541 3830 3557 3853 ,
3608 3790 3734 3845 καθ’
3761 3792 3853 3861 ἦν-
3902 3818 3915 3833 ι

2273 3907 2397 3944 τινα
2431 3884 2524 3943 οὖν
2553 3877 3018 3957 ἐπιστήμην,οἷον
3042 3882 3460 3954 γραμματικὴν,
3510 3881 3544 3953 ἢ
3590 3882 3689 3936 καὶ
3736 3881 3852 3935 καθ’

2274 3981 2496 4053 ἐτέρους
2521 3979 2674 4044 τινὰς
2704 3977 3006 4032 τοιουτουσὶ
3048 3976 3306 4047 τρόπους.
3362 3974 3521 4029 Ἀλλὰ
3557 3975 3733 4028 ταῦτα
3761 3976 3853 4046 μὲν

2274 4071 2373 4141 οὐχ
2393 4068 2591 4139 ἅψεται
2622 4067 2723 4138 τῆς
2747 4065 2955 4129 οὐσίας,
2995 4063 3176 4117 αἰτίαν
3199 4062 3258 4117 δέ
3309 4062 3511 4133 μᾶλλον
3540 4064 3735 4133 ἑτέραν
3759 4063 3861 4117 λα-

2274 4162 2437 4233 χόντα
2463 4159 2737 4231 φαίνεται.
2778 4156 2937 4210 Ἀλλὰ
2964 4155 3062 4210 καὶ
3111 4155 3277 4217 ἵππος
3315 4154 3415 4225 μὲν
3428 4154 3612 4215 ἱππ-ου
3672 4153 3853 4224 δρομι-

2275 4254 2534 4324 κώτερος,
2568 4252 2602 4323 ἢ
2642 4248 2786 4304 κατὰ
2828 4248 2988 4319 σῶμα
3033 4246 3202 4318 μείων
3248 4246 3283 4317 ἦ
3333 4245 3853 4318 περιλιπηθέστερος

2279 4346 2389 4419 [γρ.
2420 4338 2915 4416 περιλιπέστὲρος],
2944 4338 3083 4408 πλὴν
3104 4337 3201 4408 τὴν
3219 4338 3276 4390 ἐν
3302 4336 3515 4402 τούτοις
3544 4336 3852 4399 πλεονεξίαν

2275 4437 2394 4508 ἦτοι
2423 4436 2523 4505 τὴν
2555 4433 2850 4489 ἐλάττωσιν
2873 4430 2974 4483 οὐκ
3007 4430 3065 4482 ἐν
3103 4427 3216 4500 ὅρῳ
3244 4429 3503 4499 κειμένην
3533 4426 3610 4498 τῷ
3640 4426 3742 4494 τῆς
3762 4425 3850 4478 οὐ·

2204 4509 2396 4592 θάίας
2439 4528 2772 4598 εὑρήσομεν·
2809 4523 2843 4594 ἢ
2879 4522 2988 4594 γὰρ
3027 4522 3095 4577 ἂν
3139 4522 3259 4575 κατ’
3298 4519 3453 4575 οὐδὲν
3496 4519 3743 4587 ἀλλήλων
3774 4518 3851 4569 δι-

2269 4624 2466 4692 ήνεγκε
2483 4619 2552 4671 τὰ
2574 4619 2652 4680 εἰς
2673 4616 2957 4687 σύγκρισιν
2978 4614 3338 4668 ἀναϐαίνοντα
3353 4612 3453 4683 τὴν
3475 4611 3607 4681 πρὸς
3628 4610 3847 4680 ἄλληλα.

2269 4713 2455 4768 Μείων
2493 4710 2602 4782 γὰρ
2625 4708 2908 4780 ἄνθρωπος
2936 4706 3226 4776 ἀνθρώπου
3268 4705 3430 4775 τυχὸν
3455 4705 3623 4774 ἧγουν
3649 4703 3710 4755 τὸ
3738 4705 3853 4769 μεῖ-

2271 4806 2363 4871 ζον
2388 4804 2548 4875 ἔχων,
2593 4801 2836 4872 καθόπερ
2896 4801 3032 4853 εἰσὶν
3089 4797 3392 4870 ἄνθρωποι,
3440 4796 3560 4860 πῶς
3611 4794 3680 4849 ἂν
3719 4795 3855 4858 ὅλως

2271 4899 2442 4950 νοοῖτο
2473 4895 2568 4948 καὶ
2599 4893 2811 4962 λέγοιτο
2834 4910 2849 4957 ;
2876 4889 3108 4957 Οὐκοῦν,
3148 4891 3205 4943 ἐν
3249 4888 3564 4960 ῐσῳγμέτρῳ
3590 4888 3723 4941 πᾶσι
3746 4888 3856 4949 τοῖς

2269 4988 2536 5061 ὁμοειδέσι
2561 4986 2631 5040 τὰ
2659 4985 2887 5055 φυσικὰ,
2923 4983 3158 5055 διάφορα
3191 4983 3247 5036 δὲ
3272 4981 3341 5036 τὰ
3363 4980 3553 5034 ἐνόντα
3583 4979 3855 5047 φαίνεται,

2269 5080 2367 5136 καὶ
2416 5079 2558 5132 κατὰ
2606 5077 2708 5131 τὸν
2750 5074 2849 5129 τοῦ
2883 5073 3293 5145 συμϐεϐηκότος
3337 5069 3538 5137 ἔξωθεν
3558 5068 3856 5138 ἑγκείμενα

2268 5173 2446 5242 λόγον.
2479 5169 2711 5234 Οὐκοῦν,
2734 5167 3032 5238 ἐπειδήπερ
3058 5166 3200 5220 κατὰ
3230 5165 3328 5236 τὴν
3346 5163 3557 5217 ἐκείνου
3591 5161 3857 5233 πρότασιν

2269 5266 2387 5336 ἦτοι
2410 5263 2592 5335 φωνὴν
2623 5260 2958 5333 (ἀνθέξομαι
2982 5257 3092 5330 γὰρ
3121 5255 3315 5327 αὐτῆς)
3346 5255 3482 5326 μόνα
3513 5253 3585 5307 τὰ
3616 5250 3856 5323 ὁμογενῆ

2272 5358 2369 5429 τὴν
2391 5357 2526 5428 πρὸς
2566 5354 2770 5422 ἄλληλα
2830 5353 3116 5424 σύγκρισιν
3149 5349 3481 5419 οἰκειότερον
3504 5346 3853 5412 ἐπιδείξεται,

2273 5446 2606 5517 όμολογείτω
2662 5443 2880 5514 πρῶτον
2927 5440 3003 5504 ὡς
3062 5438 3331 5511 ὁμογενὴς
3382 5440 3529 5490 ἐστιν
3560 5439 3591 5490 ό
3629 5435 3761 5499 Υἱὸς
3779 5433 3855 5503 τῷ

2276 5537 2471 5608 Πατρὶ,
2504 5532 2646 5588 τοῦτ’
2672 5533 2837 5594 ἔστιν,
2869 5530 3153 5602 ὁμοούσιος
3174 5544 3189 5559 ο
3223 5526 3366 5580 οὕτω
3398 5524 3507 5595 γὰρ
3550 5524 3771 5596 νοήσεις
3796 5521 3858 5575 τὺ

2276 5627 2563 5700 ὀμογενές’
2624 5624 2909 5693 ἄνθρωπον
2962 5620 3072 5692 γὰρ
3134 5615 3411 5687 ἀνθρώπῳ
3465 5610 3858 5684 συγκρίνεσθαι

2276 5719 2384 5772 δεῖν
2406 5715 2748 5785 ἐδοκίμασεν,
2781 5711 2915 5766 ἀλλὰ
2936 5711 3029 5765 καὶ
3043 5711 3206 5762 ἵππον
3228 5706 3421 5777 ἴππῳ)·
3447 5705 3540 5758 καὶ
3559 5702 3865 5758 διδασκέτω

2277 5808 2460 5863 λοιπὸν
2499 5808 2595 5879 τὴν
2643 5804 2821 5859 αἰτίαν
2853 5802 2919 5856 δι’
2953 5803 3020 5873 ἣν
3058 5802 3086 5853 6
3114 5799 3191 5875 τῷ
3234 5797 3352 5869 Θεῷ
3381 5797 3474 5851 καὶ
3504 5796 3682 5867 ﬂaret
3726 5809 3869 5861 συγ-
