4076 6270
307 317 414 373 3:2!

1377 312 1441 367 IN
1471 309 1751 368 JOANNIS
1791 311 2236 368 EVANCELIUM
2275 310 2400 367 LIB.
2441 311 2511 366 Χ.

3459 318 3567 375 rm

315 432 643 504 κρινόμενος
682 429 830 493 Υἱὸς,
883 429 956 494 ὡς
1004 428 1268 499 ὁμογενὴς
1309 428 1479 498 αὐτῷ,
1527 430 1626 498 τὴν
1665 431 1803 483 κατά
1839 447 1891 482 τι

1997 429 2314 498 imperfecta
2345 444 2454 481 non
2502 427 2770 488 cernitur,
2799 425 2895 480 sed
2938 441 3043 479 una
3073 435 3124 481 et
3157 428 3387 496 aequatis
3415 431 3568 483 vide-

316 526 452 590 γοῦν
475 521 765 576 ἐλάττωσιν
793 521 924 589 ἔχει.
983 519 1094 572 Ποῦ
1148 519 1204 571 δὲ
1265 521 1330 572 τὸ
1375 523 1526 590 μεῖον
1564 520 1890 590 εὑρήσομεν,

318 615 411 666 ὅτε
439 616 550 676 τοῖς
581 612 890 682 ὀμογενέσιν
925 606 1002 674 εἷς
1035 611 1099 664 ἂν
1125 612 1356 682 ὑπάρχοι
1387 614 1484 681 τῆς
1515 613 1705 676 οὐσίας
1735 613 1890 684 ὅρος;

335 703 605 771 Ἐκάστης
632 703 740 772 γὰρ
765 702 951 764 οὐσίας
987 703 1016 753 ό
1054 704 1180 772 περὶ
1207 704 1374 772 αὐτῆς
1403 702 1560 769 λόγος
1601 704 1663 755 οὐ
1694 703 1894 766 τέλειος

322 798 424 866 μὲν
451 796 506 848 ἓν
535 813 696 860 τισιν,
751 795 944 865 ἀτελὴς
976 795 1033 848 δὲ
1085 799 1141 849 ἐν
1181 797 1353 868 ἑτέρῳ
1383 797 1653 866 φαίνεται,
1683 798 1795 851 ἀλλ’
1815 793 1895 860 εἷς

319 886 416 937 καὶ
447 886 558 947 ῖσος
581 884 672 936 ἐπὶ
699 885 917 938 πάντων
950 885 1203 953 φαίνεται
1229 903 1240 915 ·
1281 888 1456 950 αἰτίας
1490 905 1551 955 γε
1579 889 1683 958 μὴν
1704 889 1894 958 ἑτέρας

318 975 466 1044 ἔχειν
494 977 673 1046 φαμὲν
693 977 802 1029 τῶν
825 976 1251 1046 συμϐεϐηκότων
1298 979 1552 1042 ἕκαστον,
1585 973 1702 1050 ἢτοι
1728 998 1896 1051 προσ-

316 1064 624 1132 γεγονότων
648 1065 767 1117 καθ’
791 1064 1123 1134 όνδηποτοῦν
1147 1066 1369 1136 τρόπον.
1397 1069 1538 1120 Αὐτὸ
1569 1069 1628 1121 δὲ
1649 1069 1712 1134 δὴ
1734 1071 1895 1122 πάλιν

319 1155 466 1225 ὑπὲρ
493 1154 789 1223 σαφηνείας
807 1155 916 1206 τῶν
939 1155 1246 1226 εἰρημένων
1274 1156 1334 1208 τὺ
1361 1157 1419 1220 ἐξ
1445 1159 1619 1228 ἀρχῆς
1651 1161 1895 1229 παροίσω

321 1248 694 1316 παράδειγμα.
732 1247 1055 1318 Ἀνθρωπος
1104 1248 1204 1317 μὲν
1235 1248 1521 1319 ἀνθρώπου
1565 1250 1749 1304 διοίσει
1796 1252 1894 1318 μὲν

321 1337 458 1400 ὅλως
485 1338 656 1400 οὐδὲν,
719 1338 962 1408 καθάπερ
1008 1338 1145 1390 εἰσὶν
1183 1337 1460 1408 ἀνθρωττοι
1494 1341 1652 1410 τυχόν
1673 1357 1684 1369 ·
1721 1340 1834 1394 ἀλλ’
1867 1344 1895 1393 6

326 1429 426 1496 μὲν
447 1429 531 1492 τίς
595 1429 741 1480 ἐστιν
789 1429 1040 1498 εὐσεϐὴς,
1087 1431 1116 1480 ό
1163 1429 1219 1481 δὲ
1263 1431 1547 1496 κακόνους,
1602 1432 1696 1483 καὶ
1742 1433 1894 1502 ὁμὲν

321 1517 556 1589 ἀσθενὴς
586 1520 680 1572 καὶ
701 1519 1074 1590 λελωϐημένος
1111 1519 1172 1572 τὸ
1214 1519 1390 1590 σῶμα,
1423 1521 1560 1585 σῶος
1596 1522 1652 1574 δὲ
1692 1524 1785 1575 καὶ
1802 1523 1894 1576 εῦ-

321 1626 533 1680 ρωστος
551 1611 758 1682 ἕτερος,
784 1613 879 1664 καὶ
913 1613 941 1664 6
975 1613 1073 1683 μέν
1115 1629 1197 1676 τις
1223 1611 1508 1682 βάσκανος,
1535 1615 1562 1666 6
1589 1613 1645 1666 δὲ
1670 1614 1892 1682 ἀγαθός.

331 1701 477 1754 Ἀλλ’
529 1704 658 1756 ὅταν
708 1720 791 1766 τις
838 1704 1042 1757 τούτων
1086 1704 1183 1767 τὰς
1212 1704 1391 1766 αἰτίας
1443 1704 1686 1775 ἀκριϐῶς
1719 1723 1896 1759 κατα-

1994 525 2085 569 tur
2115 518 2167 570 in
2200 517 2462 570 omnibus
2501 535 2514 570 :
2547 529 2748 570 causas
2789 523 2969 568 tamen
3018 515 3155 571 alias
3197 518 3569 587 contingenti-

1994 606 2114 670 bus,
2144 615 2240 659 aut
2275 606 2342 661 iis
2377 621 2497 676 quae
2529 607 2728 675 quovis
2757 605 2918 658 πιοᾱο
2949 605 3231 670 accidunt,
3262 623 3385 662 esse
3427 608 3570 662 dici-

1997 712 2138 753 mus.
2185 697 2342 763 Quod
2400 706 2457 751 ut
2506 707 2712 762 pateat,
2747 707 2870 751 utar
2906 698 3156 766 exemplo
3211 698 3320 768 jam
3378 701 3564 755 allato.

1995 786 2170 841 "omo
2215 789 2362 842 enim
2434 789 2501 842 ab
2556 790 2776 844 homine
2826 790 2978 843 nullo
3035 791 3198 844 modo
3249 791 3453 856 differt,
3511 794 3565 846 in

1994 890 2258 950 quantum
2293 889 2421 934 sunt
2463 882 2716 935 homines
2749 901 2761 934 :
2799 882 2892 936 sed
2937 882 3025 935 hic
3055 883 3272 951 quidem
3305 892 3388 938 est
3421 884 3563 953 pius,

1995 973 2086 1024 ille
2146 987 2416 1037 nequam;
2477 971 2566 1024 hic
2615 971 2869 1026 inﬁrmus
2920 987 2983 1026 ac
3040 988 3272 1043 corpore
3317 976 3566 1039 mutilus,

1995 1065 2131 1117 alter
2165 1065 2353 1117 lirmus
2403 1077 2466 1116 ac
2501 1077 2700 1128 sanus;
2742 1065 2832 1118 ille
2889 1065 3115 1134 probus,
3148 1067 3235 1120 hic
3273 1070 3564 1137 malignus.

1996 1155 2101 1208 Sed
2155 1155 2201 1209 si
2255 1156 2382 1222 quis
2435 1155 2630 1208 horum
2684 1170 2884 1210 causas
2933 1158 3196 1211 attentius
3243 1157 3566 1226 inspexerit,
3633 1158 3642 1178 '

1996 1245 2317 1299 substantiae
2341 1245 2560 1313 quidem
2595 1245 2969 1300 deﬁnitionem
3003 1263 3114 1301 non
3149 1249 3446 1316 incusabit,
3473 1252 3570 1306 sed

1995 1337 2243 1406 corporis
2287 1338 2468 1406 potius
2505 1347 2562 1391 et
2600 1340 2768 1393 animi
2813 1338 3195 1396 affectionibus
3247 1357 3448 1396 causas
3485 1353 3570 1396 at-

1996 1428 2216 1480 tribuct.
2249 1427 2384 1481 Cum
2435 1446 2566 1498 ergo
2615 1445 2719 1483 una
2768 1440 3063 1486 censeatur
3108 1441 3163 1487 et
3213 1435 3284 1488 sit
3322 1435 3374 1488 in
3411 1433 3572 1490 Patre

1995 1533 2060 1571 ac
2108 1517 2243 1572 Filio
2299 1520 2520 1574 deitatis
2579 1522 2852 1586 deﬁnitio,
2909 1531 3004 1576 aut
3070 1526 3571 1596 qu’omodocunque

1993 1607 2158 1679 850
2188 1625 2306 1663 eam
2336 1613 2584 1666 nomines
2619 1613 3040 1683 (comparantur
3063 1617 3206 1668 enim
3238 1627 3296 1671 ut
3331 1619 3425 1688 qui
3459 1621 3571 1674 sint

1995 1696 2239 1770 ejusdem
2276 1704 2516 1772 generis,
2553 1709 2786 1772 utarque
2823 1719 3014 1759 eorum
3050 1709 3236 1762 verbis
3269 1708 3340 1762 ob
3383 1725 3572 1765 neces-

320 1791 651 1859 σκέπτηται.
669 1793 760 1847 τὸν
786 1794 882 1864 μὲν
918 1795 1023 1863 ’τῆς
1049 1794 1228 1857 αἰτίας
1251 1793 1373 1866 [γρέ
1391 1795 1606 1867 οὐσίας]
1640 1797 1764 1866 ὅρον
1796 1796 1891 1850 οὐκ

1996 1793 2195 1847 sariam
2230 1795 2306 1848 rei
2331 1795 2801 1866 explicationem),
2833 1797 3066 1852 doceant
3092 1800 3278 1855 miseri
3305 1801 3569 1869 quidnam

318 1885 649 1948 αἰτιάσεται,
677 1885 870 1938 πάθεσι
899 1885 956 1939 δὲ
995 1887 1192 1955 μᾶλλον
1235 1888 1568 1955 σωματικοῖς
1599 1887 1765 1958 ἤγουν
1793 1887 1897 1958 ψυ-

317 1977 492 2044 χικοῖς
520 1977 806 2046 ἀνατίθησι
850 1978 946 2040 τὰς
980 1979 1176 2040 αἰτίας.
1225 1978 1374 2041 Ἐνὸς
1417 1979 1707 2050 τοιγαροῦν
1747 1998 1897 2033 νοου-

321 2063 483 2132 μένου
512 2081 570 2116 τε
602 2065 694 2118 καὶ
724 2065 873 2128 ὄντος
921 2067 1012 2118 ἐπί
1043 2083 1102 2119 τε
1132 2067 1344 2136 Πατρός
1375 2067 1467 2119 καὶ
1492 2067 1622 2120 Υἱοῦ
1644 2067 1742 2137 τῆς
1774 2068 1895 2120 θεό-

317 2171 479 2225 τητος
516 2149 664 2227 ὅρου,
715 2156 746 2227 ἦ
792 2158 938 2222 ὅπως
983 2157 1046 2210 ἄν
1093 2175 1177 2221 τις
1209 2156 1378 2210 εἰπὼν
1407 2159 1504 2211 οὐκ
1528 2159 1594 2211 ἂν
1621 2158 1718 2211 τοῦ
1760 2160 1893 2229 τιρέ-

321 2261 516 2309 ποντος
558 2245 813 2317 ὲξοῖχοιτο
874 2249 1276 2320 (συγκρίνονται
1314 2249 1424 2320 γάρ
1480 2249 1554 2312 ὡς
1585 2251 1889 2320 ὁμογενεῖς,

276 2373 290 2382 .
322 2338 659 2407 κεχρήσομαι
687 2337 741 2390 δὲ
774 2334 862 2391 διὰ
891 2340 991 2409 τὴν
1025 2340 1271 2412 ἀνάγκην
1299 2339 1396 2393 τοῦ
1418 2339 1769 2412 θεωρήματος
1797 2344 1889 2396 καὶ

325 2429 439 2490 τοῖς
461 2427 620 2480 αὑτοῦ
657 2429 878 2499 λόγοις).
928 2431 1306 2484 διδασκόντων·
1339 2433 1387 2484 οἰ
1441 2431 1669 2496 τάλανες
1700 2435 1752 2486 τί
1780 2434 1886 2504 ἄρα

329 2518 602 2588 νομίζουσι
632 2522 1044 2592 παρασκευάσαι
1071 2522 1164 2575 τὸν
1193 2524 1322 2577 Υἰὸν
1349 2526 1404 2577 ὲν
1430 2525 1708 2578 ἐλάττοσιν
1743 2520 1885 2579 εἶναι

323 2609 418 2660 τοῦ
463 2609 595 2663 Θεοῦ
643 2612 733 2664 καὶ
777 2608 1192 2684 Πατρός;⁷Αρα
1238 2615 1428 2679 πάθος,
1463 2617 1494 2688 ἢ
1527 2615 1768 2687 ῥᾳθυμία
1793 2620 1886 2670 καὶ

1992 1881 2242 1938 ell'ecisse
2283 1893 2476 1952 putent
2520 1893 2579 1939 ut
2622 1887 2733 1941 Deo
2765 1902 2829 1940 ac
2858 1886 3019 1943 Patre
3053 1891 3235 1943 minor
3269 1892 3341 1945 sit
3366 1890 3572 1946 Filius?

1991 1971 2133 2026 Num
2170 1975 2420 2040 morbus,
2453 1991 2584 2029 num
2635 1978 2899 2047 segnities
2949 1987 3003 2033 et
3046 1995 3390 2050 quaecunque
3422 1983 3571 2035 acci-

1991 2066 2119 2119 dere
2153 2067 2329 2120 solent
2379 2068 2447 2122 iis
2490 2067 2693 2138 quibus
2723 2078 2808 2124 est
2841 2079 3038 2126 natura
3079 2073 3304 2127 creata?
3340 2075 3409 2128 At
3443 2077 3569 2144 quis

1993 2157 2068 2209 ita
2100 2156 2312 2212 delirus
2346 2165 2398 2212 et
2431 2159 2498 2213 ab
2526 2160 2677 2213 omni
2707 2161 2922 2216 ratione
2955 2163 3171 2218 alienus
3201 2166 3327 2232 erit,
3359 2174 3418 2218 ut
3448 2175 3573 2220 tan-

1970 2249 2108 2300 tam
2163 2247 2562 2318 blasphemiam
2615 2251 2698 2305 vel
2750 2253 2807 2305 in
2868 2267 3032 2308 aures
3071 2254 3364 2311 admittere
3403 2257 3571 2311 velit?

1995 2339 2130 2394 Cum
2179 2357 2332 2411 ergo,
2377 2354 2437 2395 ut
2472 2343 2564 2411 qui
2606 2343 2852 2412 ejusdem
2896 2354 2981 2402 est
3015 2362 3140 2402 cum
3188 2349 3424 2402 naturali
3460 2349 3568 2405 Deo

1993 2433 2234 2501 generis,
2271 2433 2412 2488 Deus
2452 2434 2568 2503 ipse
2600 2451 2822 2504 quoque
2869 2437 2941 2492 sit
2972 2440 3278 2492 secundum
3311 2449 3566 2494 naturam

1993 2529 2368 2595 (comparatur
2409 2527 2555 2582 enim
2589 2526 2766 2594 Patri,
2807 2545 2909 2585 nec
2957 2531 3257 2600 quidquam
3312 2533 3566 2602 prohibet

1991 2619 2292 2685 quominus
2323 2624 2395 2672 sit
2429 2618 2574 2672 Patri
2639 2621 2881 2693 similis),
2916 2625 3190 2693 quomodo
3230 2626 3410 2679 minor
3452 2627 3569 2682 esz?

318 2700 423 2753 ὅσα
446 2701 761 2770 συμϐαίνειν
811 2699 918 2756 οἶδε
941 2705 1055 2766 τοῖς
1077 2705 1309 2774 γενητὴν
1339 2705 1523 2775 ἔχουσι
1568 2708 1666 2778 τὴν
1717 2707 1908 2773 φῦσιν;
1958 2704 2092 2762 Εἶτα
2150 2709 2232 2771 τίς
2269 2707 2409 2760 οὕτω
2455 2709 2682 2780 ληρήσει
2739 2713 2831 2764 καὶ
2860 2712 3188 2766 διακείσεται
3212 2715 3562 2784 παραλόγως,
3660 2749 3672 2769 ι

317 2789 394 2850 ὼς
435 2791 530 2842 καὶ
571 2790 728 2860 μόνον
756 2792 1082 2859 ἀνασχέσθαι
1114 2793 1215 2847 κᾶν
1239 2796 1368 2864 γοῦν
1396 2798 1475 2859 εἰς
1515 2793 1605 2861 οῦς
1647 2798 1861 2851 ἑλέσθαι
1883 2798 1979 2869 τὴν
2002 2799 2380 2870 glacierum»);
2419 2801 2548 2853 Ὅτε
2568 2801 2765 2864 τοίνυν,
2796 2803 2869 2866 ὡς
2903 2805 3167 2876 ὁμογενὴς
3201 2807 3460 2876 ὑπάρχων
3488 2806 3566 2875 τῷ

322 2878 462 2932 κατὰ
495 2879 655 2948 φύσιν
681 2881 820 2952 Θεῷ,
847 2884 977 2947 Θεός
1022 2886 1139 2938 ἐστι
1179 2886 1419 2954 δηλονότι
1443 2890 1586 2944 κατὰ
1620 2891 1781 2959 φύσιν
1847 2893 1942 2945 καὶ
1982 2892 2143 2957 αὐτὸς
2185 2893 2560 2963 (συγκρίνεται
2607 2894 2715 2965 γάρ
2763 2895 2841 2966 τῷ
2888 2897 3084 2969 Πατρὶ,
3131 2898 3456 2952 διακωλύσει
3507 2898 3564 2951 δὲ

318 2973 466 3026 οὐδὲν
492 2973 553 3026 τὸ
584 2974 846 3040 ὡσαύτως
895 2977 1038 3047 ἔχειν
1071 2978 1146 3050 τῷ
1193 2981 1466 3052 φύσαντι),
1510 2983 1628 3048 πῶς
1667 2983 1902 3038 ἐλάττων
1935 2984 2118 3051 ὲστίν;

403 3089 620 3158 Ἐπειδὴ
652 3089 707 3142 δὲ
735 3090 1086 3160 ἀμαθέστατά
1117 3113 1176 3148 τε
1207 3098 1300 3150 καὶ
1338 3099 1660 3168 ἀλογώτατα
1686 3102 1744 3154 ὲν
1774 3103 1888 3164 τοῖς

2059 3100 2328 3166 Quoniam
2377 3110 2559 3155 autem
2597 3101 2852 3156 veritatis
2897 3100 3075 3156 hostis
3103 3103 3432 3158 stultissime
3481 3105 3565 3159 di-

319 3175 705 3248 προκειμένοις
748 3179 980 3266 διεξιὼν.
1033 3185 1092 3236 οὐ
1145 3187 1459 3240 κατέδεισε-ι
1493 3191 1666 3242 εἰπεῖν
1715 3191 1743 3241 ὁ
1790 3191 1890 3260 τῆς

318 3269 577 3337 ἀληθείας
602 3269 817 3340 ἐχθρὸς,
849 3273 929 3324 ὅτι
972 3273 1170 3343 μείζων
1221 3278 1249 3329 6
1282 3277 1472 3348 Πατὴρ
1509 3278 1612 3348 τῆς
1635 3279 1886 3350 θεότητος

316 3363 412 3414 τοῦ
441 3361 594 3426 Υίοῦ,
621 3362 754 3432 φέρε
806 3364 903 3432 τῆς
936 3365 1070 3434 μετά
1103 3367 1303 3438 σαρκὸς
1331 3369 1640 3439 οἰκονομίας
1677 3372 1768 3424 τὸν
1802 3371 1888 3424 λό-

315 3469 413 3520 γον
443 3451 615 3522 βραχύ
650 3471 702 3504 τι
733 3456 1190 3522 περιστείλαντες,
1210 3459 1305 3512 καὶ
1339 3461 1435 3528 τῆς
1465 3461 1574 3514 τῶν
1599 3463 1893 3532 προκειμέ-

317 3561 427 3597 νων
456 3544 661 3605 ὲννοίας
718 3545 1089 3611 ἁποδιελόντες
1133 3550 1222 3603 διὰ
1250 3551 1340 3603 τὸν
1377 3551 1615 3622 ἔλεγχον,
1647 3555 1746 3624 τὴν
1776 3555 1894 3608 θεό-

321 3651 466 3705 τητα
501 3633 592 3686 τοῦ
624 3635 754 3686 Υἱοῦ
794 3639 859 3706 τῇ
897 3637 990 3690 τοῦ
1037 3640 1246 3710 Πατρὺς
1309 3644 1707 3714 συγκρίνωμεν,
1752 3648 1894 3720 κατά

326 3741 392 3792 γε
415 3723 507 3776 τὸν
521 3725 744 3778 ἐκείνων
776 3726 951 3794 λόγον,
990 3731 1164 3783 ἐκεῖνο
1189 3731 1252 3803 δὴ
1279 3734 1494 3802 πρῶτον
1533 3738 1704 3790 είπεῖν
1727 3738 1893 3792 ἀπαι-

320 3813 595 3884 ’τήσαντες
621 3813 713 3868 τὸν
732 3814 890 3868 τοῦτο
919 3818 1084 3886 φάναι
1113 3819 1478 3891 τολμήσαντα,
1512 3823 1736 3896 πότερόν
1765 3843 1894 3879 ποτε

324 3906 459 3958 Θεὸν
491 3906 618 3960 ὄντα
669 3907 806 3960 κατά
841 3907 1002 3976 φύσιν
1041 3910 1304 3983 ὑπάρχειν
1341 3912 1508 3965 οἴεται
1543 3914 1634 3967 τὸν
1687 3917 1888 3988 Υίὺν,ῆ

321 3998 512 4068 ἕτερον
546 3998 647 4069 μέν
669 4017 720 4052 τι
747 4000 894 4071 παρά
922 4000 1096 4065 τοῦτο,
1128 4002 1450 4072 τετιμῆσθαί
1479 4021 1540 4073 γε
1571 4004 1677 4076 μὴν
1706 4009 1767 4078 τῇ
1791 4009 1892 4077 τῆς

319 4091 575 4162 θεότητος
602 4091 810 4162 κλήσει,
853 4092 1103 4165 καθάπερ
1136 4092 1228 4148 οὖν
1262 4095 1454 4166 ἀμέλει
1483 4098 1666 4152 πολλοὶ⁸
1701 4101 1799 4169 μὲν
1834 4103 1892 4153 ἐν

314 4183 532 4254 οὐρανῷ
559 4183 690 4263 ,θεοὶ
735 4185 832 4238 καὶ
875 4185 1076 4258 κύριοι,
1108 4187 1296 4241 πολλοὶ
1329 4187 1384 4240 δὲ
1415 4191 1508 4243 καὶ
1533 4190 1625 4243 ἐπὶ
1650 4194 1748 4261 τῆς
1787 4193 1892 4263 γῆς

318 4249 459 4328 εἶναι
482 4249 747 4344 λέγονται.
781 4249 1269 4349 Διαϐεϐαιουμένου
1307 4280 1405 4350 μὲν
1452 4282 1560 4353 γὰρ
1591 4249 1896 4352 ψιλῇδέδόξ

317 4365 514 4430 ξάσθαι
543 4368 882 4438 προσηγορίᾳ
901 4369 1002 4438 τῆς
1023 4369 1293 4440 θεότητος,
1323 4372 1488 4442 φημὶ,
1520 4373 1610 4426 τὸν
1644 4373 1791 4434 Υίδν,
1816 4373 1891 4443 μὴ

1961 3247 1965 3255 _
1991 3208 2112 3247 cere
2144 3194 2350 3249 veritus
2381 3208 2492 3248 non
2517 3202 2603 3248 est
2628 3194 2832 3248 deitate
2861 3191 2986 3245 Filii
3021 3193 3284 3261 majorem
3316 3209 3438 3248 esse
3463 3195 3564 3248 Pa-

1990 3293 2148 3345 trem,
2181 3282 2411 3352 agedum
2463 3282 2862 3337 incarnationis
2919 3296 3230 3336 sermonem
3276 3283 3561 3352 paululum

1991 3375 2398 3437 contrahentes,
2421 3383 2476 3428 et
2504 3389 2534 3428 a
2568 3389 2748 3428 rerum
2782 3373 3187 3442 propositarum
3218 3389 3382 3427 sensu
3417 3377 3564 3429 avel-

1993 3464 2168 3518 lentes
2214 3472 2437 3534 propter
2468 3465 2980 3534 reprehensionem,
3021 3464 3282 3518 deitatem
3315 3464 3462 3526 Filii,
3503 3474 3562 3517 ut

1993 3553 2094 3622 ipsi
2129 3554 2446 3622 loquuntur,
2476 3569 2598 3608 cum
2631 3551 2812 3606 Patris
2833 3552 3035 3606 deitate
3064 3552 3441 3617 conferamus,
3475 3569 3564 3606 ro-

1991 3655 2183 3716 gantes
2216 3653 2274 3698 ut
2309 3647 2403 3714 qui
2437 3645 2568 3698 talia
2604 3644 2790 3698 dicere
2846 3659 3017 3698 ausus
3071 3652 3154 3699 est
3191 3645 3426 3714 primum
3473 3661 3563 3700 re-

1992 3737 2282 3806 spondeat,
2323 3745 2506 3790 utrum
2538 3734 2762 3797 Filium,
2796 3733 2942 3789 Deus
2974 3749 3099 3788 cum
3139 3739 3212 3790 sit
3256 3736 3559 3790 secundum

1992 3835 2267 3892 naturam,
2297 3827 2466 3880 Deum
2492 3841 2612 3881 esse
2643 3833 2823 3896 putet,
2846 3839 2932 3879 an‘
2952 3826 3157 3894 aliquid
3187 3827 3333 3881 aliud
3367 3838 3563 3897 praeter

1992 3918 2161 3981 istud,
2205 3925 2582 3972 verumtamen
2623 3917 2992 3986 appellatione
3027 3915 3248 3972 deitatis
3279 3925 3560 3977 ornatum,

1991 4005 2454 4079 quemadmodum
2491 4021 2687 4075 nempe
2737 4005 2892 4058 multi
2953 4015 3082 4060 sunt
3114 4007 3168 4060 in
3202 4007 3343 4061 caelo
3386 4006 3461 4060 dii
3496 4021 3563 4060 ac

1993 4098 2226 4162 domini,
2257 4097 2526 4165 multique
2579 4095 2770 4165 etiam
2802 4096 2856 4148 in
2908 4102 3057 4149 terra
3107 4110 3232 4149 esse
3277 4094 3557 4148 dicuntur.

1991 4187 2126 4240 Nam
2161 4189 2204 4243 si
2237 4187 2497 4258 probetur
2533 4183 2675 4238 nuda
2711 4193 2920 4238 tantum
2946 4186 3313 4255 appellatione
3344 4185 3562 4238 deitatis

1992 4287 2249 4332 ornatum
2289 4291 2412 4345 esse
2449 4275 2670 4340 Filium,
2699 4277 2878 4344 ipsum
2919 4285 3098 4330 tamen
3149 4291 3258 4330 nou
3288 4290 3410 4329 esse
3435 4291 3562 4330 vere

1994 4367 2046 4420 id
2077 4365 2222 4434 quod
2249 4380 2376 4420 esse
2406 4364 2630 4428 dicitur,
2659 4364 2786 4434 jure
2812 4365 3013 4418 merito
3050 4364 3228 4434 palam
3269 4373 3322 4418 et
3347 4364 3563 4433 publice

322 4454 430 4524 μὴν
460 4455 557 4508 καὶ
590 4455 852 4525 ὑπάρχειν
882 4458 1026 4518 κατά
1077 4457 1235 4525 φύσιν
1279 4460 1440 4512 αὑτὸν
1482 4462 1698 4532 ἀληθῶς
1738 4461 1883 4515 τοῦθ’

1991 4457 2407 4511 iuclamabimus
2439 4475 2451 4511 :
2481 4472 2602 4518 nos,
2639 4455 2686 4508 si
2746 4465 2942 4510 natura
2979 4454 3122 4510 Deus
3166 4471 3272 4510 nou
3325 4462 3430 4516 est,
3466 4453 3560 4506 ad-

320 4546 456 4614 Ξπερ
495 4538 635 4597 εἶναι
685 4545 779 4599 καὶ
818 4546 1056 4613 λέγεται,
1079 4548 1149 4599 τὰ
1194 4550 1377 4621 εἰκότα
1415 4553 1737 4621 φρονοῦντες
1786 4555 1889 4605 ὑπ-

319 4636 646 4705 αλτήσομεν.
666 4636 960 4708 διαρρήδην
984 4609 1418 4710 ἀνακεκράγότες
1444 4657 1457 4670 ·
1485 4638 1553 4693 Ὠ
1579 4645 1697 4708 τᾶν,
1737 4645 1812 4706 ὠς
1843 4646 1891 4695 εἰ

317 4727 398 4794 μὴ
428 4727 586 4795 φύσει
606 4728 738 4789 Θεός
762 4729 901 4793 ἐστι,
932 4729 1193 4800 κτίσματι
1215 4733 1622 4802 προσκυνοῦμεν
1639 4734 1718 4785 ἔτι
1741 4734 1892 4803 παρὰ

316 4817 411 4868 τὸν
448 4818 746 4880 Κτίσαντα,
777 4819 868 4870 καὶ
905 4820 1024 4890 οὑχί
1079 4822 1236 4890 μόνον
1271 4824 1430 4892 ἡμεῖς
1482 4825 1530 4875 οἱ
1559 4824 1705 4876 τόνδε
1739 4825 1888 4896 περί-

315 4924 468 4974 γειον
501 4907 709 4977 ἔχοντες
745 4909 942 4980 χῶρον,
976 4912 1110 4965 ἀλλὰ
1145 4915 1236 4965 καὶ
1266 4913 1402 4983 αὑτὴ
1443 4914 1549 4966 τῶν
1579 4916 1746 4982 ἁγίων
1791 4917 1893 4982 ἀγ-

313 4997 496 5064 γέλων
540 5001 572 5067 ή
613 4998 842 5067 πληθύς.
910 5004 1376 5076 Κατηγορήσομεν
1431 5004 1487 5057 δὲ
1539 5007 1632 5056 καὶ
1692 5005 1894 5067 παντὸς

1989 4563 2146 4601 orare
2170 4550 2468 4602 etiamnum
2499 4555 2838 4612 creaturam,
2867 4562 2975 4600 non
3011 4545 3349 4609 Creatorem,
3378 4559 3561 4611 neque

1988 4654 2088 4693 nos
2111 4647 2318 4691 tantum
2343 4638 2435 4708 qui
2472 4647 2747 4693 terrenam
2776 4638 2917 4691 banc
2945 4637 3220 4707 regionem
3243 4634 3555 4697 incolimus,

1988 4729 2082 4783 sed
2115 4737 2169 4783 et
2205 4730 2378 4797 ipsam
2415 4738 2733 4783 sanctorum
2771 4730 3089 4798 angelorum
3131 4725 3556 4780 multitudinem.

1988 4819 2131 4884 Quin
2179 4829 2231 4874 et
2285 4830 2506 4875 sanctos
2558 4837 2748 4876 omnes
2800 4820 3210 4880 accusabimus,
3247 4817 3560 4887 quicunque

1993 4910 2160 4964 Deum
2189 4911 2366 4980 ipsum
2400 4912 2704 4966 secundum
2743 4921 2996 4965 naturam
3028 4926 3090 4964 ac
3132 4925 3321 4963 verum
3359 4908 3556 4976 praedi-

1984 5010 2218 5068 carunt;
2259 5001 2353 5056 sed
2410 5003 2646 5057 maxime
2699 5004 2944 5057 omnium
2992 5003 3210 5055 beatum
3267 4993 3554 5062 Joannem,

310 5089 475 5154 ἁγίου
509 5087 712 5151 λοιπὸν,
749 5089 879 5143 Θεὸν
920 5093 1082 5144 αὑτὸν
1113 5095 1254 5146 κατά
1292 5094 1452 5156 φύσιν
1490 5097 1766 5165 εἰρηκότος
1797 5097 1891 5149 καὶ

1991 5095 2077 5162 qui
2135 5093 2202 5147 de
2260 5094 2380 5163 ipso
2441 5095 2755 5164 scripsitzc
2792 5092 3010 5146 Scimus
3067 5091 3330 5160 quoniam
3385 5088 3560 5144 Filius

311 5173 568 5242 ἀληθινόν
590 5191 603 5205 ο
658 5177 892 5245 μάλιστα
944 5179 999 5232 δὲ
1054 5182 1266 5235 πάντων
1300 5184 1656 5254 αἰτιασόμεθα
1681 5186 1771 5238 τὸν
1792 5204 1890 5256 μα-

1987 5185 2079 5240 Dei
2131 5187 2302 5247 venit,
2345 5193 2400 5238 et
2452 5186 2603 5240 dedit
2656 5187 2816 5241 nobis
2874 5200 3093 5239 sensum
3148 5192 3206 5236 ut
3245 5183 3558 5248 cognosca-

311 5264 509 5333 κάριον
538 5265 789 5338 Ἰωάννην
845 5271 1106 5341 εἰρηκότα
1170 5273 1296 5343 περὶ
1357 5273 1517 5327 αὑτοῦ
1545 5291 1559 5304 ο
1596 5294 1613 5325 ι
1652 5276 1887 5347 Οἴδαμεν

1991 5291 2108 5328 mus
2165 5290 2352 5328 verum
2395 5272 2585 5339 Deum,
2622 5282 2674 5327 et
2733 5275 2907 5328 simus
2959 5273 3012 5324 in
3064 5285 3191 5323 vero
3241 5266 3380 5320 Filio
3436 5267 3558 5334 ejus

309 5357 396 5408 ὅτι
422 5354 589 5418 όΥἱδς
645 5359 738 5410 τοῦ
783 5361 916 5414 Θεοῦ
955 5364 1101 5432 ἣκει,
1135 5365 1231 5416 καὶ
1257 5365 1455 5417 ἔδωκεν
1487 5366 1618 5436 ἡμῖν
1646 5366 1882 5421 διάνοιαν

301 5452 404 5503 ἵνα
431 5446 881 5519 γινώσκομενςτὸν
914 5454 1164 5524 ἀληθινὸν
1189 5456 1341 5520 Θεὸν,
1384 5458 1476 5510 καὶ
1508 5458 1674 5526 ἐσμὲν
1721 5460 1777 5511 ὲν
1805 5459 1884 5528 τῷ

374 5689 426 5724 ⁷⁸
463 5689 478 5746 Ι
516 5688 674 5744 Joan.
717 5708 776 5756 v,
804 5693 896 5750 20.

1987 5365 2116 5421 Jesu
2162 5366 2404 5420 Christo.
2453 5366 2552 5418 Hic
2589 5374 2673 5419 est
2711 5380 2870 5418 verus
2923 5365 3084 5423 Deus,
3133 5371 3189 5415 et
3235 5361 3341 5414 vita
3395 5370 3555 5413 azter-

1990 5471 2059 5510 na
2089 5458 2154 5509 7°.
2193 5476 2211 5509 ι
2250 5456 2406 5522 Quod
2461 5457 2507 5512 si
2541 5455 2884 5524 Scripturam
2923 5455 3211 5515 reveritus,
3240 5452 3404 5507 Deum
3432 5465 3558 5505 vere
