4076 6270
472 348 580 411 323

1491 352 1548 409 s.
1589 344 1867 409 CYRILLI
1895 340 2362 406 ALEXANDRINI
2400 334 2719 408 suamet".

3611 324 3727 394 '32}

472 471 656 540 ipsum
691 455 1049 538 nuncupabit,
1087 462 1140 523 et
1180 467 1256 522 ita
1299 482 1421 523 csse
1454 469 1690 533 sentiet,
1718 476 1884 538 atque
1929 467 2034 521 boc

2160 462 2377 537 ιληθινῷ
2423 466 2587 520 αὑτοῦ
2628 465 2741 536 Υίῷ
2785 462 2958 534 Ἰησοῦ
3001 460 3240 533 Χριστῷ.
3295 448 3465 524 Οὗτός
3512 452 3661 518 ἐστιν
3691 465 3727 518 6

475 560 642 615 modo
687 560 865 629 aliqua
897 559 1088 614 saltem
1123 574 1190 613 ex
1221 569 1375 629 parte
1426 560 1694 615 minorem
1728 576 1851 616 esse
1881 548 2044 615 Patre

473 647 792 717 existimat;
839 642 1107 720 numquid
1154 651 1319 705 alium
1359 652 1520 708 nobis
1556 651 1726 708 Deum
1763 651 1974 706 invexit
2012 666 2043 706 a

473 742 713 797 naturali
741 741 961 813 quidem
990 758 1115 797 cum
1158 741 1321 797 Patre
1371 744 1640 799 relatione
1691 745 1912 814 penitus
1960 759 2048 799 rc-

474 840 706 895 sectum,
744 839 797 884 et
834 829 928 900 qui
970 831 1193 901 propria
1232 833 1455 902 quidem
1493 833 1550 888 in
1607 834 1891 906 bypostasi
1943 834 2046 887 aIi-
2088 882 2099 891 .

361 916 367 923 ’
473 922 580 988 qua
621 927 745 974 esse
783 918 1151 988 concipiatur,
1186 936 1293 975 non
1322 929 1505 976 tamen
1559 921 1612 976 in
1650 922 1742 978 Dei
1773 938 1837 977 ac
1864 921 2048 977 Patris

2160 921 2291 974 κατὰ
2333 939 2385 973 τι
2432 919 2564 988 γοῦν
2610 920 2747 983 ὅλως
2801 918 3206 989 ὑπολαμϐάνειο
3265 912 3353 987 ἆρ’
3390 919 3488 988 οὑχ
3533 918 3728 988 ἕτερον

474 1010 780 1065 substantia
799 1002 961 1081 851
985 1012 1316 1065 inexsistat?
1338 1012 1578 1079 Nemini,
1602 1014 1820 1084 opinor,
1844 1014 2049 1068 obscu-

473 1109 595 1154 rum
645 1088 789 1154 istud
839 1108 946 1155 est.
991 1099 1126 1155 Nam
1168 1102 1212 1156 si
1256 1102 1395 1156 nihil
1426 1103 1610 1173 seipso
1637 1105 1815 1174 majus
1841 1113 1925 1159 est
1956 1110 2051 1158 aut

474 1191 682 1255 minus,
714 1191 809 1245 sed
849 1190 1033 1261 aliquo
1068 1191 1283 1247 minore
1335 1193 1534 1263 majus,
1581 1204 1674 1247 aut
1709 1193 1917 1262 majore
1951 1194 2052 1247 ali-

473 1294 586 1348 quo
615 1279 823 1342 minus,
858 1279 1106 1349 nunquid
1138 1296 1367 1336 necesse
1397 1291 1479 1336 est
1510 1282 1651 1337 duos
1699 1283 1860 1353 plane
1890 1280 2051 1336 lateri

476 1369 618 1425 Deos
643 1385 767 1426 esse
794 1372 1097 1426 secundum
1132 1380 1382 1426 naturain
1418 1386 1482 1427 ac
1514 1388 1695 1437 veros,
1726 1382 1786 1425 ιιι
1816 1373 1903 1427 hic
1934 1372 2054 1442 qui-

475 1462 600 1515 dem
639 1463 812 1531 major
842 1463 1205 1533 intelligatur,
1238 1465 1329 1519 ille
1362 1480 1491 1519 vero
1522 1464 1646 1534 ipso
1675 1464 1899 1518 minor?
1942 1463 2050 1534 Igi-

480 1567 570 1610 tur
602 1554 766 1628 periit
797 1552 1055 1609 funditus
1083 1553 1347 1609 Ecclesia:
1399 1554 1555 1619 ﬁdes,
1593 1556 1637 1610 si
1670 1553 1946 1610 credimus
1984 1556 2054 1609 il-

482 1650 575 1716 lis,
607 1660 706 1704 nec
738 1661 886 1704 unus
925 1660 1091 1715 super
1118 1661 1218 1699 nos
1255 1654 1340 1701 est
1368 1647 1531 1710 Deus,
1562 1646 1655 1701 sed
1695 1646 1823 1700 duo.
1853 1646 2053 1716 Cujus-

481 1757 609 1795 nam
647 1758 779 1812 ergo
812 1736 1013 1806 templa
1047 1735 1176 1790 dicti
1214 1752 1430 1799 sumus,
1464 1737 1766 1792 secundum
1800 1736 2054 1806 Scriptu-

2143 555 2395 625 ἀληθινὸς
2441 554 2574 620 Θεὸς
2618 556 2715 610 καὶ
2762 552 2877 624 ζωὴ
2905 556 2939 625 ἡ
2995 551 3233 614 αἰώνιος.
3269 569 3288 602 t
3329 552 3390 604 Ei
3442 550 3500 605 δὲ
3539 556 3723 607 πᾶσαν

2143 647 2280 718 ὁμοῦ
2324 647 2739 719 δυσωπούμενος
2781 646 2880 717 τὴν
2920 644 3276 698 θεόπνευστον
3304 644 3550 715 Γραφὴν,
3585 645 3729 699 Θεὸν

2145 739 2314 802 ὅντως
2346 738 2510 792 αὑτὸν
2564 741 2823 811 προσερεῖ
2844 738 2936 792 καὶ
2965 737 3231 807 ὑπάρχειν
3262 736 3406 790 οὑτω
3444 737 3726 790 διακείσε-

2145 847 2255 892 ται,
2304 829 2677 882 πιστεύεινιτε
2731 821 2872 882 οὑτω
2908 826 3335 899 μειονεκτεῖσθαι
3377 826 3472 879 τοῦ
3506 828 3728 898 Πατρὶς

2148 1016 2280 1084 ἡμῖν
2299 1012 2650 1082 είσκεκόμικε
2695 1011 2847 1076 Θεὸν,
2900 1011 3000 1082 τῆς
3045 1011 3180 1081 πρὸς
3201 1009 3292 1063 τὸν
3332 1010 3553 1081 Πατέρα
3602 1009 3727 1078 σχέ-

2151 1118 2286 1164 σεως
2321 1101 2557 1171 φυσικῆς
2593 1099 2901 1170 ὁλοκλήρως
2923 1098 3375 1170 διακεκομμένον.
3403 1099 3499 1150 καὶ
3520 1099 3580 1150 ἐν
3616 1098 3725 1166 ίδίᾳ

2153 1192 2251 1263 μέν
2283 1208 2388 1245 τινι
2422 1190 2710 1261 νοούμενον
2736 1190 3050 1255 ὑποστάσει,
3079 1189 3154 1259 μὴ
3188 1189 3293 1259 μὴν
3313 1189 3637 1259 ἐνυπάρχειν
3658 1186 3724 1258 τῇ

2149 1279 2245 1333 τοῦ
2285 1279 2420 1333 Θεοῦ
2472 1281 2568 1333 καὶ
2601 1278 2812 1350 Πατρὺς
2856 1278 3052 1350 οὐσίας
3110 1278 3272 1345 Ἀλλ’,
3318 1273 3508 1349 οἴμαι,
3569 1278 3727 1349 δῆλον

2150 1372 2323 1427 ἅπασι
2354 1372 2415 1425 τὸ
2442 1372 2677 1442 πρᾶγμά
2706 1375 2873 1427 ἐστιν.
2912 1372 2975 1424 Et
3006 1371 3114 1443 γὰρ
3142 1370 3295 1423 οὐδὲν
3319 1360 3510 1424 ἑαυτοῦ
3542 1370 3725 1439 μεῖζον

2150 1463 2185 1535 ἢ
2211 1464 2451 1527 ἔλαττον,
2481 1462 2596 1516 ἀλλ’
2621 1462 2903 1525 ἐλάττονος
2923 1462 3024 1532 μέν
3045 1478 3191 1525 τινος
3209 1460 3391 1532 μεῖζόν
3412 1478 3466 1513 τι
3499 1463 3723 1525 νοεῖται,

2157 1554 2402 1625 μείζονος
2432 1554 2490 1607 δέ
2517 1571 2661 1618 τινος
2688 1552 2931 1621 ἔλαττον,
2963 1553 3191 1624 πότερόν
3233 1569 3349 1615 πως
3374 1553 3476 1605 οὑκ
3511 1553 3727 1623 ἀνάγκη

2151 1645 2245 1699 δύο
2273 1645 2336 1715 δὴ
2368 1646 2581 1708 πάντως
2643 1640 2978 1715 ὁμολογῆσαι
3041 1644 3208 1707 Θεοὺς
3235 1643 3379 1697 κατά
3415 1642 3581 1714 φύσιν
3634 1645 3729 1697 καὶ

2154 1728 2462 1807 ἀληθινοὺς,
2492 1737 2580 1789 ἵνα
2606 1735 2634 1789 6
2676 1736 2778 1807 μὲν
2799 1736 2986 1807 νοῆται
3035 1734 3259 1807 μείζων,
3303 1735 3331 1788 6
3383 1735 3441 1789 δέ
3491 1736 3729 1789 ἐλάττων

481 1848 596 1897 ras,
631 1834 736 1889 nisi
775 1833 898 1901 ejus
931 1827 1023 1903 qui
1073 1843 1231 1882 suum
1264 1831 1319 1882 in
1358 1828 1564 1884 nostris
1595 1828 1883 1884 animabus
1923 1827 2052 1896 Spi-

2160 1829 2323 1884 αὑτοῦ
2350 1845 2365 1894 ;
2426 1827 2638 1881 Οὐκοῦν
2691 1829 2897 1898 οἴχεται
2930 1826 3029 1897 μὲν
3080 1829 3180 1898 ήδη
3209 1826 3304 1880 καλ⁸
3324 1825 3730 1898 ἀνατέτραπται

481 1927 649 1980 ritum
681 1925 1008 1981 collocavit?
1036 1920 1173 1979 Cum
1204 1936 1338 1991 ergo
1370 1921 1714 1976 inveniamus
1758 1936 1823 1975 ex
1876 1921 2053 1976 sacris

484 2016 707 2071 Litteris
741 2031 851 2071 non
888 2017 1066 2070 Patris
1116 2011 1320 2074 solum,
1367 2013 1460 2069 sed
1516 2022 1569 2068 et
1620 2011 1743 2066 Filii
1791 1998 2054 2081 Spiritum

482 2107 814 2176 nuncupari,
846 2092 1581 2177 ιιιιὶιῒι>1ιίιοεορίιειὶ>ἰιῐιιιι’ἲ¹
1619 2102 1726 2157 Αιιι
1750 2103 1882 2173 quid
1923 2119 2051 2157 seu-

483 2194 590 2250 tire
633 2209 734 2250 nos
778 2195 1040 2251 decebit?
1076 2194 1204 2251 Utro
1233 2196 1521 2251 atubo'r'um
1561 2194 1786 2263 rejecto,
1819 2194 2053 2248 alterum

456 2290 609 2339 'esse
638 2282 807 2339 Deum
836 2284 1127 2341 dicemus?
1154 2282 1287 2338 Nam
1322 2286 1369 2339 si
1413 2282 1555 2338 duos
1596 2284 1755 2344 Deos,
1788 2283 2054 2338 minorem

484 2384 540 2430 et
566 2376 830 2445 majorem
867 2377 1246 2441 admitte‘mus,
1277 2383 1333 2431 et
1367 2378 1559 2431 ambos
1606 2375 1661 2429 iu
1699 2384 1905 2432 nostris
1936 2377 2057 2430 ani-

487 2467 592 2520 mis
622 2466 930 2521 inhabitare
964 2467 1210 2521 dicemus
1240 2482 1340 2536 per
1366 2466 1622 2536 pr0prios
1655 2480 1719 2520 ac
1750 2466 2056 2535 peculiares

489 2558 751 2626 Spiritus,
786 2557 987 2627 templa
1034 2556 1268 2612 DeOrum
1322 2555 1451 2610 facti
1500 2558 1720 2612 demum
1754 2557 2060 2627 deprehen-

487 2650 720 2703 demur:
754 2656 808 2704 et
848 2649 959 2703 duo
1007 2647 1062 2701 in
1111 2647 1272 2702 nobis
1300 2646 1545 2715 Spiritus
1573 2647 1845 2712 habitant,
1885 2651 2060 2716 major

489 2736 746 2791 nimirum
790 2744 845 2792 et
891 2737 1094 2800 minor,
1129 2730 1229 2805 pro
1259 2736 1469 2791 ratione
1498 2743 1707 2790 natura:
1735 2751 1926 2791 eorum
1967 2739 2060 2809 qui

489 2826 642 2897 ipsos
664 2826 952 2884 dederunt.
980 2825 1115 2892 Quis
1156 2840 1286 2896 ergo
1319 2825 1446 2879 talia
1489 2825 1626 2882 istos
1672 2837 1955 2883 vomentes
1984 2826 2063 2883 le-

488 2919 617 2974 rat?
647 2918 1111 2988 Autquis'corum
1143 2920 1236 2988 qui
1263 2918 1409 2989 apud
1437 2918 1562 2973 illos
1592 2927 1742 2985 sunt,
1776 2920 2059 2976 indoctum

490 3025 558 3063 ac
589 3007 746 3064 valde
786 3008 1075 3064 ridiculum
1109 3024 1414 3064 sermonem
1453 3024 1577 3065 esse
1616 3024 1727 3064 non
1755 3010 1987 3078 videbit,
2014 3012 2061 3066 si

489 3113 682 3155 eorum
709 3113 833 3169 qua
879 3104 1043 3152 antea
1080 3094 1319 3158 diximus
1353 3110 1587 3156 sensium“
1612 3100 1902 3156 attendat?
1954 3102 2063 3158 Sed

492 3188 681 3243 forsan
703 3196 928 3243 coactus
941 3188 1081 3244 duos
1104 3188 1406 3245 secundum
1430 3197 1683 3247 naturam
1712 3190 1868 3248 lateri
1895 3193 2059 3259 Deos.
2095 3188 2109 3237 ⁷

491 3278 765 3349 siquidem
806 3279 987 3349 major
1030 3280 1120 3334 hic
1154 3288 1260 3347 est,
1302 3282 1397 3337 ille
1440 3284 1645 3348 minor,
1678 3284 1746 3339 ad
1781 3284 1917 3340 illud
1954 3287 2061 3341 sibi

412 3398 425 3415 ς
491 3370 683 3424 tritum
710 3384 777 3425 ac
807 3369 1161 3427 familiarese
1188 3372 1455 3439 conferet,
1485 3384 1679 3445 nempe
1705 3382 1763 3428 ut
1784 3378 2062 3447 propriam

424 3526 425 3531 η
490 3465 544 3514 ιιι
595 3461 921 3531 peculiarem
966 3463 1261 3533 quamdam
1318 3474 1578 3520 naturam
1623 3464 1822 3521 Filium
1864 3468 2064 3525 habere

490 3551 660 3618 dicat,
690 3553 738 3607 si
775 3567 879 3608 nec
908 3561 1093 3609 creata
1142 3568 1373 3623 prorsus
1419 3559 1710 3614 exsolutus
1758 3561 1852 3623 sit,
1888 3576 2066 3631 neque

491 3642 627 3699 adeo
657 3641 749 3699 Dei
785 3658 850 3698 ac
879 3642 1059 3699 Patris
1114 3654 1310 3700 natura
1348 3647 1510 3716 plane
1539 3651 1774 3705 ex‘cidat.
1802 3650 1937 3706 Nam
1970 3655 2060 3722 qui

491 3741 803 3789 creaturam
831 3743 927 3789 aut
954 3750 1096 3806 opus
1129 3737 1310 3793 dicere
1336 3749 1524 3809 aperte
1549 3758 1658 3795 non
1689 3752 1966 3809 verentur,
1995 3746 2064 3801 ad

494 3822 803 3877 istiusmodi
836 3824 1130 3879 verborum
1175 3827 1504 3898 confugiunt
1544 3830 1864 3900 elegantias,
1899 3835 2066 3888 urba-

448 3982 452 3985 _
495 3914 707 3967 uiorem
754 3914 1159 3982 quodammodo
1213 3921 1595 3989 excogitantes
1646 3922 2062 3991 blasphemiam.

494 4003 633 4059 Cum
664 4017 805 4073 ergo
836 4003 909 4058 ita
944 4020 1003 4060 se
1039 4005 1238 4063 habere
1288 4006 1486 4062 Filium
1541 4009 1748 4075 dicant,
1792 4021 1851 4065 ut
1889 4030 2069 4082 neque

498 4095 661 4150 Deus
693 4097 996 4150 secundum
1045 4106 1299 4152 naturam
1343 4101 1396 4154 in
1435 4110 1609 4155 totum
1646 4105 1739 4169 sit,
1780 4120 1879 4159 nec
1922 4106 2070 4163 inter

496 4196 781 4243 creaturas
806 4188 967 4260 plane
1015 4200 1332 4255 censeatur,
1374 4195 1470 4249 sed
1503 4195 1741 4251 medium
1772 4200 2064 4271 quemdam

494 4280 787 4345 exsistere,
829 4287 887 4333 ut
910 4286 965 4335 et
996 4279 1090 4335 Dei
1120 4296 1185 4335 ac
1210 4281 1391 4338 Patris
1419 4285 1682 4355 dignitate
1712 4290 1784 4345 sit
1814 4289 2066 4356 inferior,
2099 4323 2126 4339 .-

497 4377 552 4426 et
595 4385 764 4441 supra
813 4379 1191 4426 creaturarum
1228 4372 1469 4443 gloriam'
1500 4377 1775 4435 emineat:
1829 4382 2065 4452 primum

2161 1919 2282 1974 κατ’
2310 1918 2549 1982 ἐκείνους
2582 1918 2681 1990 τῆς
2735 1917 3112 1988 Ἐκκλησίαςή
3148 1916 3362 1980 πίστις’
3397 1916 3531 1979 Θεὸς
3558 1914 3617 1968 δέ
3636 1916 3732 1985 οὑχ
3774 1990 3789 1995 _

2159 2005 2240 2074 εἷς
2276 2011 2359 2080 ἐφ’
2395 2011 2562 2080 ἡμᾶς,
2600 2008 2736 2063 ἀλλά
2785 2008 2878 2062 δύο
2932 2008 3138 2062 λοιπόν.
3162 2008 3317 2072 Τίνος
3340 2002 3433 2061 οὖν
3476 2007 3586 2079 ἀρα
3617 2010 3733 2060 ναοὶ

2159 2102 2670 2175 κεχρηματίκαμεν,
2701 2099 2840 2152 κατά
2858 2097 2956 2162 τὰς
2987 2091 3210 2170 Γραφάς
3233 2115 3248 2165 ;
3275 2097 3308 2168 ἡ
3343 2097 3503 2167 δῆλον
3524 2098 3607 2150 ὅτι
3632 2095 3731 2150 τοῦ

2158 2193 2220 2246 τὸ
2276 2190 2403 2244 ίδιον
2453 2190 2683 2258 Πνεῦμα
2736 2190 2858 2252 ταῖς
2899 2182 3197 2260 ἡμετέραις
3237 2187 3733 2256 ἐγκατοικήσαντος

2162 2274 2277 2355 [γρ.
2307 2279 2806 2353 ἐγκατοικίσαντος]
2839 2279 3067 2351 ψυχαῖς;
3109 2280 3281 2332 Ὅταν
3330 2275 3424 2333 οὖν
3467 2278 3735 2349 εὑρίσκω-

2167 2393 2267 2446 μεν
2300 2377 2365 2428 ἐκ
2399 2376 2507 2428 τῶν
2564 2373 2723 2445 ίερῶν
2785 2364 3151 2443 Γραμμάτων,
3204 2372 3325 2441 οὑχὶ
3365 2370 3461 2425 τοῦ
3523 2369 3734 2441 Πατρδς

2167 2465 2350 2536 μόνον,
2407 2464 2544 2519 ἀλλά
2600 2466 2704 2520 καὶ
2757 2465 2850 2518 τοῦ
2907 2463 3033 2518 Υίοῦ
3077 2461 3303 2533 Πνεῦμα
3346 2461 3663 2533 λεγόμενον,
3684 2461 3734 2513 τί

2164 2557 2529 2629 λογισόμεθα;
2561 2558 2627 2611 Τί
2674 2558 2731 2612 δὲ
2791 2557 3033 2628 προσῆκε
3066 2558 3319 2628 ςρονεῖνς
3350 2555 3485 2609 Τίνα
3512 2554 3623 2608 τῶν
3646 2554 3737 2608 δύο

2165 2650 2578 2721 παρωσάμενοι,
2612 2650 2701 2703 τὸν
2730 2649 2914 2720 ἕτερον
2932 2642 3069 2701 εἶναι
3095 2647 3227 2700 Θεδν
3253 2647 3484 2717 λέγομεν
3513 2664 3528 2713 ;
3560 2647 3625 2699 Εἰ
3643 2647 3735 2717 μὲν

2165 2737 2258 2792 οὖν
2291 2739 2384 2793 δύο
2407 2740 2593 2806 Θεοὺς,
2634 2740 2725 2793 τὸν
2780 2739 2987 2792 ἐλάττω
3010 2755 3069 2790 τε
3117 2737 3211 2791 καὶ
3242 2736 3334 2792 τὸν
3358 2736 3531 2808 μείζω
3556 2754 3738 2807 παρα⁴

2165 2829 2448 2900 δεξόμεθα,
2469 2829 2636 2900 ἄμφω
2654 2846 2711 2882 τε
2738 2832 2857 2892 ταῖς
2890 2829 3188 2900 ἡμετέραις
3225 2828 3427 2899 ψυχαῖς
3462 2830 3739 2893 ἐναυλίξει

2150 2920 2293 2976 νσθαι
2320 2923 2563 2992 φήσομεν
2593 2921 2682 2975 διὰ
2712 2921 2822 2974 τῶν
2872 2922 3017 2975 ἰδίων
3063 2921 3419 2992 Πνευμάτων,
3447 2920 3568 2973 ναοὶ
3592 2921 3740 2973 Θεῶν

2169 3012 2270 3084 ἤδη
2299 3014 2580 3082 γεγονότες
2604 3011 2954 3082 ἀλωσόμεὺα·
2985 3011 3147 3065 δύοδέ
3171 3013 3302 3082 ἡμῖν
3331 3013 3534 3066 ἐνοικεῖ
3569 3010 3739 3064 Πνεὺ-

2174 3118 2353 3171 ματα,
2378 3101 2561 3172 μεῖζόν
2581 3119 2640 3154 τε
2663 3103 2756 3155 καλ.
2782 3101 3025 3166 ἔλαττον,
3045 3101 3325 3170 ἀναλόγως
3357 3104 3424 3172 τῇ
3453 3101 3615 3171 φύσει
3633 3101 3740 3154 τῶν

2167 3192 2459 3248 δεδυκότων
2500 3194 2657 3249 αὐτά.
2692 3193 2790 3258 Τίς
2828 3188 2921 3248 οὖν
2953 3194 3063 3265 ἄρα
3111 3195 3219 3247 τῶν
3247 3194 3506 3247 τοιούτων
3531 3192 3741 3263 ὲμετῶθ

2167 3287 2416 3350 ἀνέξεται
2442 3304 2457 3353 ;
2488 3286 2584 3350 Τίς
2635 3285 2693 3338 δὲ
2747 3284 2857 3339 τῶν
2914 3285 3046 3357 παρ’
3078 3285 3308 3348 ἐκείνοις
3341 3283 3530 3355 ἀμαθῆ
3558 3301 3620 3337 τε
3650 3284 3740 3336 καὶΙ

2168 3377 2506 3447 γελοιότατον
2532 3379 2595 3431 οὑ
2630 3377 2925 3447 κατόψεται
2963 3377 3143 3447 λόγον,
3173 3378 3275 3446 τὴν
3296 3376 3406 3430 τῶν
3434 3376 3740 3448 εἰρημένων

2170 3469 2374 3541 ἀρτίως
2413 3471 2548 3540 ἡμῖν
2602 3469 3036 3542 διασκεψάμενος
3113 3461 3327 3523 ἔννοιαν
3346 3485 3363 3535 ;
3420 3466 3564 3521 Ἀλλ’
3613 3468 3741 3530 ἴσως

2128 3622 2131 3625 _
2169 3558 2608 3636 ἀναγκαζόμενος
2651 3564 2743 3619 δὺο
2781 3564 2924 3619 κατά
2977 3564 3138 3635 φύσιν
3175 3563 3506 3635 ὁμολογῆσαι
3554 3562 3739 3624 Θεοὺς,

2169 3658 2329 3728 εἴπερ
2358 3661 2387 3712 ό
2445 3659 2543 3729 μέν
2586 3659 2700 3711 ἐστι
2734 3655 2954 3728 μείζων,
2988 3660 3016 3710 ὁ
3044 3656 3100 3711 δὲ
3150 3657 3409 3719 ἐλάττων,
3440 3654 3529 3708 ἐπ’
3567 3655 3744 3707 ἐκεῖνο

2174 3748 2435 3818 βαδιεῖται
2455 3748 2517 3802 τὸ
2549 3747 2777 3819 σύνηθές
2806 3766 2866 3801 τε
2894 3748 2989 3802 καὶ
3017 3747 3378 3819 τετριμμένον
3399 3746 3570 3818 αὑτῷ,
3603 3747 3744 3817 φημὶ

2171 3839 2235 3909 δὴ
2265 3839 2328 3892 τὺ
2389 3836 2551 3909 φύσιν
2606 3841 2742 3894 ἰδίαν
2797 3840 2922 3894 τινὰ
2967 3840 3148 3908 λέγειν
3208 3841 3354 3911 ἔχειν
3392 3840 3482 3894 τὸν
3515 3840 3667 3902 Υίὸν,
3695 3840 3743 3891 εί

2175 3933 2314 4002 μήτε
2339 3932 2436 4003 τῆς
2466 3928 3067 4005 γενητῆςάπήλλακται
3121 3933 3420 3996 παντελῶς,
3465 3934 3604 4003 μήτε
3641 3932 3742 4002 μὴν

2172 4015 2479 4093 ὁλοκλήρως
2508 4024 2804 4077 ἀποπίπτει
2862 4027 2961 4095 τῆς
2990 4025 3082 4079 τοῦ
3117 4024 3252 4079 Θεοῦ
3286 4024 3382 4078 καὶ
3412 4024 3646 4096 Πατρός.
3682 4023 3740 4076 Ui

2173 4114 2279 4185 γὰρ
2308 4116 2512 4186 κτίσμα
2536 4117 2636 4186 ⁴καὶ
2689 4116 2900 4188 ποίημα
2944 4116 3121 4184 λέγειν
3157 4116 3403 4188 ἐναργῶς
3448 4117 3511 4169 οὑ
3542 4128 3739 4187 παραι-

2170 4204 2444 4275 τούμενοι,
2487 4208 2581 4259 ἐπὶ
2606 4206 2705 4270 τὰς
2739 4207 2848 4260 τῶν
2875 4207 3132 4261 τοιούτων
3177 4208 3440 4279 ῥημάτων
3475 4200 3740 4275 καταφεῶ

2172 4312 2329 4363 γουσι
2359 4296 2648 4368 κομψείας,
2676 4298 3026 4369 ἀστειοτέραν
3053 4298 3240 4371 ὥσπερ
3278 4298 3620 4361 ἐπινοοῦντες
3646 4296 3739 4367 τὴν

2172 4387 2502 4458 δυσφημίαν.
2532 4390 2699 4443 Ὅταν
2752 4391 2934 4444 τοίνυν
2962 4390 3135 4455 οὕτως
3166 4391 3311 4460 ἔχειν
3351 4390 3600 4459 λέγωμεν
3628 4387 3735 4462 [γρ.

496 4462 719 4533 quidem
766 4462 1015 4520 dicemus
1058 4465 1263 4520 nullam
1311 4483 1436 4524 esse
1484 4468 1755 4525 rationem
1809 4489 1931 4544 quae
1983 4478 2061 4532 eis

2174 4477 2427 4550 λέγωσιν]
2451 4480 2541 4533 τὸν
2571 4478 2726 4548 Υἱδν,
2747 4480 2822 4546 ὡς
2848 4483 2986 4555 μήτε
3010 4483 3142 4536 Θεὸν
3157 4481 3299 4536 κατὰ
3319 4480 3481 4551 φύσιν
3516 4480 3738 4551 όλοκλήω

497 4550 814 4621 permiserit
841 4551 1139 4610 decernere
1169 4571 1232 4610 ac
1258 4558 1405 4627 loqui
1428 4574 1549 4627 quae
1575 4559 1760 4616 velint.
1791 4564 1900 4618 Aut
1922 4567 2061 4621 enim

2174 4591 2277 4644 ρως
2307 4575 2573 4644 ὑπάρχειν
2596 4574 2783 4637 αὑτὸν,
2815 4550 2952 4645 μήτε
2984 4574 3089 4646 μὴν
3113 4576 3171 4628 ἐν
3198 4550 3494 4644 κτίσμασιν
3522 4550 3740 4641 ὁλοκλήδ

499 4639 658 4693 tidem
700 4640 862 4695 nobis
907 4656 975 4696 ex
1014 4643 1189 4699 sacris
1224 4645 1538 4716 divinisque
1583 4647 1806 4704 Litteris
1841 4649 2067 4717 faciant,

494 4735 593 4782 aut
624 4728 670 4781 si
698 4729 849 4784 nulla
879 4745 944 4785 ex
982 4740 1138 4801 parte
1172 4735 1402 4803 probare
1425 4746 1656 4805 possunt
1685 4739 1829 4807 quod
1856 4741 2067 4808 dicunt,

496 4818 700 4891 pudeat
728 4821 878 4891 ipsos
899 4838 964 4900 ex
993 4838 1095 4878 suo
1125 4838 1292 4880 sensu
1326 4825 1390 4881 de
1416 4827 1525 4882 lide‘
1549 4835 1812 4885 statuere.
1844 4832 2069 4888 Verum-

492 4924 675 4967 tamen
707 4927 834 4991 cum
862 4928 975 4985 pm
1005 4916 1202 4970 mentis
1224 4915 1408 4986 inopia
1439 4927 1647 4974 temere
1675 4921 1729 4975 id
1753 4922 2065 4991 eﬂ‘uderint,

493 5000 562 5055 ad
595 5016 785 5057 eorum
819 5006 1247 5076 propositionem
1283 5023 1370 5065 me
1403 5021 1745 5082 convertam,
1775 5024 1829 5071 et
1863 5017 1946 5072 sic
1971 5033 2068 5074 eos

495 5105 689 5149 rursus
713 5097 1018 5167 aggrediar.

2170 4679 2279 4733 ρως
2304 4663 2501 4728 τελεῖν,
2571 4660 2712 4717 εἶναι
2769 4664 2827 4718 δέ
2879 4682 3003 4720 τινα
3064 4665 3247 4735 μέσον,
3283 4664 3360 4729 ὡς
3396 4665 3490 4718 καὶ
3517 4665 3615 4735 τῆς
3646 4662 3735 4717 τοῦ

2167 4752 2300 4806 Θεοῦ
2331 4754 2426 4806 καὶ
2460 4754 2668 4826 Πατρὸς
2694 4753 2851 4822 ἀξίας
2871 4756 3366 4826 ἀπολιμπάνεσθαι,
3398 4756 3495 4810 καὶ
3512 4756 3611 4827 τὴν
3633 4755 3736 4809 τῶν

2166 4841 2481 4910 κτισμάτων
2509 4843 2905 4915 ὑπεράλλεσθαι
2926 4844 3103 4909 δόξανο
3124 4846 3341 4918 πρῶτον
3360 4845 3459 4917 μὲν
3486 4844 3732 4921 ἐροῦμεν.

2165 4931 2244 4994 ὡς
2262 4931 2436 4995 οὐδεὶς
2466 4933 2650 4997 αὐτοῖς
2683 4936 2951 5006 ἐπέτρεψε
3010 4937 3166 5005 λόγος
3221 4938 3533 5008 νομοθετεῖν
3558 4937 3595 4992 ἀ
3621 4937 3737 5007 βού-

2164 5020 2349 5075 λονται
2373 5024 2688 5079 καὶλαλετν.
2717 5026 2788 5080 Ἦ
2821 5028 2928 5101 γάρ
2955 5030 3101 5098 ἡμᾶς
3138 5030 3202 5083 ἐκ
3241 5028 3350 5084 τῶν
3380 5029 3540 5101 ἱερῶν
3564 5046 3624 5083 τε
3647 5029 3736 5082 καὶ

2172 5112 2333 5167 θείων
2389 5115 2877 5189 πληροφοροὺντων
2933 5121 3303 5193 Γραμμάτων,
3344 5120 3379 5193 ἢ
3428 5121 3737 5193 μηδαμόθεν

1032 5190 1124 5286 τὸν
1166 5190 1296 5286 ῐδιον
1339 5174 1553 5286 ἔχοντες
1587 5194 1766 5286 λόγον,
1822 5200 2265 5268 αίσχυνέσθωσαν
2309 5207 2394 5261 τὰ·
2572 5174 2797 5283 γνωμης
2842 5174 2990 5276 ιδίαςι
3358 5174 3735 5286 διορίξόμενοι.

494 5271 640 5345 Πλὴν
669 5277 894 5379 ἐπείπερ
923 5280 1111 5379 αὑτοῖς
1136 5281 1229 5334 καὶ
1272 5281 1428 5335 τοῦτο
1466 5285 1716 5357 παρέστη
1748 5287 1809 5352 ἐξ
1847 5290 2073 5361 ἀκρίτου
2115 5294 2295 5363 λέγειν
2330 5271 2900 5370 φρενοϐλαϐείαςξέπὶ
2923 5271 3020 5376 τὲην
3055 5306 3238 5361 αὑτῶν
3274 5271 3582 5379 βαδιοῦμαι.
3605 5304 3736 5379 πρό-

493 5380 673 5432 τασιν,
705 5369 817 5439 ἐρῶ
845 5370 903 5423 δὲ
931 5370 996 5441 δὴ
1017 5371 1199 5426 πάλιν.

567 5457 627 5513 Si
657 5459 774 5513 sola
802 5459 1136 5531 homOgeuea
1165 5466 1623 5537 comparationem
1654 5469 1800 5525 inter
1838 5485 1899 5525 se
1933 5486 2055 5541 pro-

497 5544 612 5620 prie
645 5551 1006 5620 susceperint,
1037 5559 1093 5609 et
1123 5556 1360 5627 seipsum
1393 5561 1614 5632 proprie
1638 5560 1804 5630 852
1852 5559 1964 5614 Deo
1994 5576 2061 5615 ac

493 5641 642 5695 Patri
672 5644 980 5711 comparari
1026 5643 1198 5705 Filius
1225 5651 1420 5719 voluit,
1448 5651 1796 5723 apertissime
1824 5649 2016 5705 dicens
2042 5669 2056 5705 :

501 5753 520 5786 ι
556 5733 717 5791 Pater
746 5734 921 5803 major
955 5751 1040 5794 me
1078 5748 1181 5805 est,
1214 5757 1239 5793 ι
1277 5743 1556 5813 quomodo
1584 5756 1813 5798 necesse
1840 5754 1952 5797 non
1977 5751 2061 5799 est

2237 5466 2301 5526 Εἰ
2329 5475 2438 5546 γὰρ
2466 5474 2602 5548 μόνα
2647 5479 2716 5532 τὰ
2741 5481 2959 5554 ὁμοειδῆ
2999 5483 3100 5555 τὴν
3128 5487 3265 5557 πρὸς
3292 5486 3500 5559 ἀλληλα
3519 5491 3741 5564 σύγκρι-

2170 5576 2254 5618 σιν
2281 5568 2484 5639 κυρίως
2517 5571 2583 5624 ἂν
2601 5572 2922 5640 ἐπιδέξαιτο,
2964 5576 3352 5648 συγκρίνεσθαι
3380 5580 3437 5634 δὲ
3460 5580 3577 5636 δεῖν
3607 5584 3735 5638 ἐαυ-

2114 5708 2117 5713 .
2165 5659 2256 5712 τὸν
2279 5660 2483 5728 κυρίως
2514 5662 2611 5733 τῷ,
2634 5663 2753 5735 Θεῷ
2795 5666 2892 5719 καὶ
2938 5667 3113 5738 Πατρὶ
3140 5669 3498 5743 δεδοκίμακβν
3526 5674 3556 5726 ό
3586 5674 3736 5738 Υιδς.

2170 5748 2481 5818 σαφέστατα
2510 5749 2703 5833 λέγων’
2730 5770 2748 5804 ι
2770 5754 2829 5805 '0
2852 5749 3041 5825 Πατὴρ
3073 5756 3274 5826 μείζων
3295 5776 3396 5830 μου
3418 5757 3592 5829 ἐστὶ,ι
3619 5758 3737 5825 πῶς
