4076 6270
292 381 406 447 Bait

1348 372 1424 441 1N
1454 372 1742 441 ιοΑΝΝιε
1767 372 2220 438 EVANGELIUM
2262 377 2391 433 LIB.
2436 378 2509 437 X.

3458 378 3566 435 5'26

295 511 403 563 οὐκ
425 506 642 576 ἀναγκη
678 490 917 557 τοιοῦτον
939 486 1176 555 νοεῖσθαι
1200 499 1295 552 καὶ
1315 498 1407 551 τὸν
1434 495 1675 568 Πατέρα,
1707 494 1889 556 ὁποῖος

2003 492 2155 545 talem
2178 507 2400 562 quoque
2436 491 2659 546 Patrem
2684 482 2923 556 censeri,
2947 488 3125 562 qualis
3151 504 3179 543 a
3208 484 3364 546 vobis
3392 489 3564 548 ll‘i'bus

301 599 372 653 ἂν
400 598 611 666 λέγοιτο
627 597 754 667 παρ’
806 592 963 664 ὑμῶν
1009 594 1038 646 ό
1090 591 1255 657 Υἱός;
1290 590 1399 642 Καὶ
1432 589 1484 642 τί
1516 584 1575 641 τὸ
1602 586 1883 651 ἑντεῦθενς

302 690 469 745 Ὄλον
501 691 626 759 ὑμῖν
657 689 741 751 είς
777 687 850 756 τὸ
889 685 1055 756 μηδὲν
1106 681 1476 753 καταστρέφει
1504 677 1567 732 τὸ
1601 677 1889 750 οεὠρημα.’

307 783 455 844 Ἕως
521 781 617 851 μὲν
645 779 754 850 γὰρ
785 778 989 850 μείζων
1041 776 1259 844 λέγεται
1281 773 1377 826 τοῦ
1423 772 1553 825 Υἱοῦ
1580 772 1712 842 παρ’
1736 767 1888 840 ὑμῶν

300 874 568 944 όΠατὴρ,
626 873 660 942 ἡ
721 872 779 925 δὲ
836 869 1015 934 κτίσις
1068 868 1327 930 ἐλάττων,
1374 864 1515 935 μέση
1547 881 1632 926 τις
1667 859 1736 935 ἦν
1767 861 1888 917 καθ’

303 964 450 1033 ὑμᾶς
482 965 515 1034 ἠ
544 963 638 1016 τοῦ
682 960 1024 1029 Μονογενοῦς
1080 958 1262 1029 φύσις.
1297 953 1809 1022 Καταὸιὸασθείσης
1831 951 1889 1006 δὲ

302 1059 410 1128 τῆς
425 1055 520 1109 τοῦ
542 1055 756 1126 [ἰατρὸς
779 1056 859 1116 εἰς
880 1052 983 1123 τὴν
999 1049 1153 1116 Υίοῦ,
1166 1048 1309 1111 τίνος
1328 1047 1483 1100 ἔσται
1506 1045 1669 1115 μέσος
1681 1041 1887 1106 λοιπὸν,

302 1149 408 1202 οὐκ
435 1148 584 1210 όντος
633 1146 714 1199 ἔτι
759 1144 854 1198 τοῦ
901 1141 1303 1213 ὑπερκειμένου
1347 1141 1444 1193 καὶ
1492 1138 1885 1209 ὒπερέχοντος;

304 1241 372 1294 Ei
402 1241 478 1299 δὲ,
507 1239 647 1293 καθά
676 1236 955 1309 φησιν,ὼς
990 1236 1258 1305 ὁμογενὴς
1286 1231 1542 1303 όμογενεϊ
1586 1229 1664 1299 τῷ
1714 1227 1886 1298 Πατρὶ

307 1332 678 1401 συγκρίνεται,
735 1328 855 1393 πῶς
901 1328 1001 1397 οὐχ
1058 1320 1139 1389 εἷς
1169 1325 1256 1378 ἐπ’
1286 1325 1488 1393 ἀμφοῖν
1523 1324 1551 1375 ό
1579 1321 1676 1391 τῆς
1701 1319 1892 1382 οὐσίας

305 1422 459 1475 ἔσται
502 1421 690 1490 λόγος;
743 1415 1181 1489 Παραιτούμενοι
1231 1414 1288 1467 δὲ
1310 1413 1401 1466 τὸν
1430 1410 1559 1466 Υἱὸν
1605 1409 1892 1480 όμοούσιον

305 1513 580 1583 ὑπάρχειν
597 1512 883 1582 ὁμολογεῖν
934 1508 1012 1579 τῷ
1046 1507 1244 1579 Πατρὶ,
1275 1504 1445 1558 τιθεῖν
1473 1504 1529 1557 δὲ
1555 1503 1754 1574 μᾶλλον
1791 1503 1890 1556 αὐ-

318 1602 417 1654 τὸν
456 1604 517 1654 ὲν
562 1601 836 1662 ὲλάττοσι,
884 1598 981 1652 καὶ
1026 1597 1124 1663 τὴν
1152 1594 1247 1649 τοῦ
1275 1594 1485 1665 Πατρὸς
1508 1592 1895 1647 κατεσπάσατε

303 1692 470 1757 δόξαν
508 1694 592 1755 εἰς
626 1691 736 1763 τὴν
767 1690 864 1744 τοῦ
910 1688 1033 1742 καθ’
1062 1689 1207 1758 ὑμᾶς
1237 1685 1514 1748 ἐλάττονός
1536 1702 1596 1737 τε
1627 1685 1720 1737 καὶ
1744 1700 1894 1754 μειο-

304 1782 698 1852 νεκτουμένου,
753 1777 840 1852 ἆρ’
885 1782 984 1851 οὐχ
1032 1782 1191 1852 ὁρᾶτε
1244 1776 1429 1830 λοιπὸν
1460 1774 1704 1845 ἀκάνθης
1735 1775 1895 1844 δίκην

1987 582 2228 637 dicitur?
2258 584 2326 637 At
2362 583 2625 653 quidnam
2655 583 2782 639 inde
2811 582 3099 653 sequitur?
3131 581 3322 637 Omnis
3352 581 3445 636 illa
3472 599 3565 638 νου

1988 683 2105 731 stra
2155 677 2211 730 in
2260 675 2495 730 nihilum
2537 675 2650 729 abit
2709 676 3032 745 propositio.
3082 674 3375 740 Quatenus
3417 674 3565 729 enim

1988 764 2151 820 Pater
2187 781 2216 818 a
2258 767 2411 821 vobis
2457 767 2632 835 major
2666 764 2804 818 Filio
2836 765 3064 829 dicitur,
3093 771 3344 819 creatura
3381 774 3564 818 autem

1990 857 2189 920 minor,
2228 857 2405 911 media
2436 857 2682 926 quaedam
2714 862 2800 911 est
2844 870 2908 910 ex
2944 856 3213 910 sententia
3245 860 3425 909 vestra
3465 868 3565 908 na-

1991 958 2113 1003 tura
2152 947 2451 1018 Unigeniti.
2504 946 2715 1002 Natura
2764 956 2946 1003 autem
2987 946 3168 1001 Patris
3215 946 3270 999 in
3310 943 3430 999 Filii
3469 960 3569 999 na-
3664 942 3682 958 '

1991 1047 2169 1094 tnratn
2198 1039 2484 1109 depressa,
2518 1038 2807 1109 cuiusnam
2841 1037 3072 1093 tandem'
3106 1038 3213 1093 erit
3256 1036 3491 1100 medius,
3522 1035 3569 1092 si

1993 1121 2100 1205 non
2141 1133 2213 1187 sit
2244 1133 2336 1201 qui
2368 1146 2534 1202 supra
2563 1131 2636 1187 sit
2669 1131 2885 1202 positus
2913 1139 2970 1185 et
2994 1128 3274 1185 emineat?
3301 1127 3457 1195 Quod
3498 1128 3569 1190 si,

1995 1230 2052 1275 ut
2083 1223 2260 1285 aiunt,
2305 1228 2363 1274 ut
2408 1220 2787 1290 bomogeneus
2833 1218 2981 1274 Patri
3019 1225 3399 1288 comparatur,
3431 1224 3568 1286 quo-

1992 1314 2155 1369 modo
2185 1329 2293 1369 non
2326 1328 2434 1367 una
2463 1314 2517 1367 in
2549 1312 2821 1368 ainbobus
2868 1311 2972 1367 erit
3009 1310 3336 1367 substantiae
3385 1309 3570 1363 ratio?

1991 1404 2127 1459 Cum
2157 1414 2340 1461 autem
2377 1405 2559 1461 Patris
2590 1405 2828 1476 gloriam
2860 1405 2927 1459 ad
2975 1405 3096 1473 ejus
3145 1406 3236 1474 qui
3279 1418 3347 1458 ex
3390 1410 3574 1456 vestra

1994 1498 2266 1551 sententia
2319 1498 2501 1550 minor
2552 1504 2660 1561 est,
2713 1494 2942 1565 gloriam
2990 1491 3321 1555 deducatis,
3370 1487 3571 1543 Filium

1993 1590 2528 1646 consubstantialem
2578 1604 2704 1644 esse
2747 1586 2897 1642 Patri
2961 1585 3120 1640 fateri
3165 1584 3435 1644 nolentes,
3477 1579 3573 1635 sed

1993 1697 2117 1736 eum
2174 1681 2361 1750 potius
2428 1680 2695 1734 minorem
2752 1693 2876 1733 esse
2945 1684 3278 1741 statuentes,
3324 1669 3575 1742 nunquid

1994 1774 2166 1843 spinae
2195 1774 2373 1829 instar
2400 1785 2759 1828 succrescere
2794 1767 3197 1837 blaSpbemiatn
3231 1765 3576 1819 animadver-

306 1874 711 1928 ἀνατέλλουσαν
762 1872 862 1944 τὴν
909 1869 1265 1940 δυσφημίανς
1315 1862 1445 1938 ’Ἆρ’
1493 1866 1615 1936 οὐχὶ
1644 1864 1768 1937 ῥίζα
1802 1883 1892 1919 πι-

2003 1866 2148 1921 Litis?
2197 1864 2386 1921 Nonae
2441 1864 2597 1918 radix
2654 1859 3043 1917 amaritudinis
3092 1869 3315 1914 sursum
3373 1854 3575 1926 germi-

308 1967 475 2037 κρίας
504 1964 619 2023 ἄνω
651 1963 863 2033 φύουσα
915 1964 1016 2033 τὴν
1056 1961 1163 2015 τῶν
1191 1959 1336 2014 οὕτω
1363 1958 1723 2028 διακειμένων
1756 1973 1885 2037 καρέ

305 2035 428 2113 δίαν
458 2056 823 2128 παρεωχλεῖς
885 2055 950 2108 Τί
1002 2053 1205 2119 τοίνυν,
1233 2051 1467 2120 ἀφέντες
1504 2049 1596 2102 τὸν
1628 2049 1764 2119 εὑθῆ
1792 2035 1893 2118 τῆς

306 2147 569 2219 ἀληθείας
593 2146 775 2215 λόγον,
821 2146 902 2208 είς
958 2141 1232 2212 τοσαύτην
1258 2140 1499 2195 ἀτοπίαν
1522 2136 1894 2208 παρελαύνετε

306 2233 629 2309 innatum;
658 2238 785 2289 Δότε
816 2235 903 2307 δὴ,
955 2229 1075 2288 δότε
1110 2233 1187 2304 τῷ
1221 2233 1474 2303 ὁμογενεί
1518 2230 1640 2284 καθ’
1667 2230 1810 2300 ὑμᾶς
1835 2229 1896 2281 τὸ

310 2332 372 2383 ὲν
405 2328 612 2399 ίσότητι
643 2325 859 2381 κεῖσθαι
920 2324 1017 2379 τοῦ
1065 2323 1203 2377 Θεοῦ
1235 2323 1329 2377 καὶ
1359 2321 1591 2392 Πατρός.
1610 2318 1768 2375 Οὕτω
1788 2318 1898 2389 γὰρ

312 2414 396 2483 εἷς
454 2419 609 2474 ἔσται
649 2418 807 2482 Θεὸς,
855 2419 914 2471 ὲν
971 2415 1105 2486 ἀγίᾳ
1147 2432 1206 2469 τε
1269 2415 1365 2468 καὶ
1410 2411 1681 2484 όμοουσίῳ
1706 2411 1897 2483 Τριάδι

317 2506 793 2579 τιροσκυνούμενός
816 2523 877 2559 τε
914 2505 1011 2559 καὶ
1051 2504 1520 2575 δοξολογούμενος,
1544 2503 1682 2572 πρός
1712 2519 1774 2555 τε
1797 2502 1897 2574 ἤδη

318 2596 480 2669 ἡμῶν
506 2596 680 2651 αὐτῶν
702 2598 799 2650 καὶ
825 2595 935 2649 τῶν
970 2595 1145 2663 ἁγίων
1172 2594 1443 2663 ἀγγέλων.

389 2689 499 2745 Καὶ
522 2689 638 2744 νῦν
677 2688 892 2757 εἴρηκα
940 2687 1085 2758 ὑμῖν
1108 2687 1252 2756 ,πρίν
1294 2686 1596 2757 γενέσθαι,
1624 2686 1726 2739 ἵνα
1754 2685 1900 2740 ὅταν

311 2781 559 2853 γένηται
580 2782 972 2848 πιστεύσητε.

399 2873 665 2944 Ἀσφαλὲς
690 2872 946 2945 ὲνέχυρον
968 2870 1077 2926 τῶν
1117 2870 1340 2925 ἔσεσθαι
1371 2869 1839 2942 προσδοκωμένων
1868 2865 1904 2937 ἡ

1993 1972 2147 2011 nans-
2166 1972 2359 2011 eorum
2395 1957 2489 2026 qui
2538 1956 2611 2010 ita
2656 1953 2903 2009 sentiunt
2950 1966 3049 2007 cor
3090 1944 3406 2004 obturbat?
3463 1946 3576 2002 Cur

1993 2048 2201 2117 itaque,
2229 2048 2424 2103 relicta
2454 2046 2703 2101 veritatis
2729 2052 2878 2100 recta
2913 2043 3152 2108 ratione,
3171 2041 3226 2095 in
3251 2040 3456 2095 tantam
3487 2042 3577 2092 ras

1995 2138 2413 2193 tiocinationum
2438 2136 2839 2192 absurditatem
2864 2132 3178 2189 deﬂectitis?
3194 2130 3347 2195 Date,
3365 2144 3574 2199 quaeso,

1995 2230 2124 2287 date
2153 2233 2520 2300 bontugeneo,
2562 2236 2622 2283 ut
2648 2227 2836 2291 vultis,
2875 2224 3040 2289 Filio,
3071 2238 3195 2279 cum
3228 2221 3340 2277 Deo
3380 2236 3444 2275 ac
3474 2217 3577 2273 Pa-
3628 2278 3639 2285 υ

1998 2333 2079 2378 tre
2113 2324 2507 2394 aequalitatem.
2552 2318 2644 2375 Sic
2668 2318 2816 2375 enim
2846 2333 2990 2372 unus
3013 2316 3120 2371 erit
3153 2314 3298 2370 Deus
3331 2328 3493 2385 quem
3523 2313 3579 2366 in

1998 2428 2186 2473 sancta
2222 2425 2279 2471 et
2303 2412 2769 2469 consubstantiali
2804 2409 3097 2474 Trinitate,
3137 2422 3264 2461 cum
3303 2422 3406 2461 nos
3449 2405 3578 2475 ipsi,

1998 2519 2112 2565 tum
2149 2508 2327 2564 sancti
2359 2505 2561 2577 angeli,
2591 2503 2890 2558 adoramus
2919 2497 3396 2573 et‘gloriﬁcautus.

2071 2677 2213 2741 XIV,
2243 2676 2332 2733 99.
2373 2676 2443 2730 Et
2483 2692 2623 2730 nunc
2660 2675 2774 2728 dixi
2804 2673 2949 2729 vobis
2975 2673 3291 2744 priusquam
3338 2671 3435 2741 ﬁat
3458 2710 3474 2737 ,
3522 2677 3581 2723 ut

1996 2785 2121 2823 cum
2147 2769 2353 2837 factum
2387 2766 2570 2835 fuerit,
2602 2764 2857 2819 credatis.

2071 2861 2294 2915 Certum
2328 2863 2523 2930 pignus
2553 2873 2743 2913 eorum
2772 2871 2891 2926 quae
2928 2853 3045 2910 fore
3070 2868 3358 2925 speramus
3385 2867 3580 2907 eorum

312 2968 448 3039 περὶ
483 2967 667 3021 αὐτῶν
725 2967 922 3038 ὁρᾶται
970 2964 1295 3036 πρόρρησις.
1347 2962 1566 3016 Βεσαιοί
1611 2958 1901 3031 τοιγαροῦν

2003 2960 2087 3008 est
2118 2952 2420 3022 praedictio.
2466 2950 2774 3005 Conﬁrmat
2821 2947 2986 3017 igitur
3030 2960 3130 3001 cor
3159 2945 3582 3016 discipulorum,

312 3036 429 3111 τῶν
482 3036 764 3128 μαθητῶν
789 3055 890 3125 τὴν
942 3054 1193 3126 καρδίαν,
1225 3055 1321 3108 καὶ
1372 3053 1654 3123 ἀραρότως
1685 3050 1902 3122 φρονεῖν

2003 3055 2060 3101 et
2099 3044 2329 3099 ﬁrmiter
2356 3043 2581 3099 credere
2616 3042 2779 3113 jubet
2810 3039 3068 3095 Christus
3110 3054 3169 3094 se
3207 3053 3334 3094 vere
3385 3037 3449 3091 ad
3485 3036 3587 3091 Pa-

313 3148 606 3205 ἀναπείοει
632 3147 887 3221 Χριστὸς,
929 3149 1121 3218 ὅτιπερ
1159 3147 1369 3202 ἄνεισιν
1401 3145 1618 3216 ἀληθῶς
1645 3145 1781 3216 πρὸς
1808 3144 1902 3197 τὸν

2005 3142 2145 3190 trem
2177 3133 2459 3187 caelestem
2490 3130 2718 3197 reverti,
2752 3137 3110 3200 regnaturum
3137 3143 3261 3182 cum
3307 3141 3375 3182 eo
3421 3134 3588 3196 atque

317 3242 380 3295 ὲν
406 3243 521 3304 τοῖς
543 3240 790 3312 οὐρανοῖς
818 3240 1041 3308 Πατέρα
1061 3240 1159 3294 καὶ
1185 3239 1338 3304 Θεὸν,
1356 3210 1806 3307 συμϐασιλεύσων
1846 3253 1902 3288 τε

2015 3239 2121 3279 una
2154 3236 2577 3289 consessorum,
2606 3231 2666 3275 ut
2694 3220 2790 3289 qui
2823 3219 2966 3275 Deus
2998 3218 3089 3286 sit,
3125 3226 3178 3272 et
3212 3233 3278 3271 ex
3328 3216 3447 3287 ipso
3495 3232 3586 3271 se-

316 3332 583 3403 αὐτῷκαὶ
611 3331 1000 3403 συνεδρεύσων,
1033 3331 1109 3394 ὡς
1147 3330 1302 3393 Θεὸς,
1342 3330 1437 3383 καὶ
1477 3329 1537 3393 ἐξ
1563 3329 1741 3383 αὑτοῦ
1762 3327 1907 3382 κατά

314 3426 482 3494 φύσιν
507 3425 584 3488 ὡς
605 3414 740 3488 Θεὸς
764 3422 1185 3493 γεγεννημένος.
1225 3421 1320 3493 Μὴ
1358 3421 1468 3493 γὰρ
1493 3420 1580 3491 δὴ,
1615 3420 1771 3492 φησι,
1803 3421 1906 3492 τὴν

315 3520 342 3569 ὲ
352 3518 461 3588 μὴν
495 3516 806 3585 ἀπόλειψιν,
865 3516 965 3585 τὴν
1018 3515 1161 3568 κατὰ
1191 3514 1374 3584 σάρκα
1391 3515 1488 3567 καὶ
1511 3514 1728 3584 ἐμφανῆ
1760 3515 1908 3580 (συν-

319 3610 520 3677 έσομαι
539 3607 650 3677 γὰρ
679 3607 832 3676 ὑμῖν,
858 3605 933 3667 ὡς
961 3604 1117 3667 Θεὸς,
1150 3605 1239 3657 διὰ
1268 3603 1513 3675 παντὸς),
1549 3605 1607 3657 ὲν
1638 3603 1739 3674 ἴσῳ
1760 3603 1909 3671 λογί-

325 3698 499 3769 σησθε
520 3698 620 3768 τῆς
653 3697 763 3751 τῶν
792 3697 967 3765 ἁγίων
991 3697 1311 3768 προφητῶν.
1343 3698 1405 3749 Οἱ
1438 3695 1536 3766 μὲν
1567 3696 1701 3767 γὰρ,
1722 3697 1818 3750 ﬁre
1844 3695 1909 3768 δὴ

328 3789 429 3842 καὶ
450 3789 557 3842 ἀπὸ
580 3789 683 3858 γῆς
739 3787 1024 3856 γεγονότες
1072 3788 1167 3841 καὶ
1198 3789 1265 3858 τῇ
1318 3786 1424 3859 ἰδίᾳ
1461 3785 1622 3856 φύσει
1645 3786 1705 3839 τὸ
1734 3776 1910 3857 χρεὼν

325 3880 711 3944 ἀποτίσαντες,
749 3879 1155 3949 συνεστάλησαν
1206 3896 1267 3931 τε
1299 3879 1395 3932 καὶ
1428 3879 1810 3950 κεχωρήκασιν
1830 3878 1912 3941 είς

319 3974 419 4027 τὸν
451 3971 762 4045 ἀνθρώποις
786 3970 1068 4044 πρέποντα
1091 3971 1255 4042 νόμον
1280 3989 1293 4002 ⁸
1330 3971 1461 4034 Θεὸς
1492 3971 1548 4024 δὲ
1577 3972 1719 4024 κατά
1747 3968 1910 4039 φύσιν

321 4063 590 4133 ὑπάρχων
640 4061 770 4131 ἐγὼ,
823 4062 927 4116 οὐκ
985 4062 1044 4115 ἐν
1089 4062 1189 4133 ἴσῳ
1223 4062 1404 4133 μέτρῳ
1436 4064 1551 4125 τοῖς
1571 4060 1637 4114 δι’
1668 4061 1910 4133 ἐμαυτοῦ

317 4157 575 4227 γεγονόσι
625 4156 898 4227 κείσομαι,
920 4154 1014 4209 τὸν
1045 4154 1150 4223 τῆς
1195 4152 1545 4217 ἀναστάσεως
1591 4152 1911 4223 περιμένων

318 4248 515 4320 καιρόν
542 4264 556 4277 ·
583 4246 661 4312 ζῶ
680 4247 788 4319 γὰρ
818 4248 927 4311 ἀει,
956 4246 1069 4317 ζωὴ
1110 4246 1254 4299 κατὰ
1295 4244 1458 4314 φύσιν
1486 4244 1753 4315 ὑπάρχων
1774 4261 1787 4275 ·
1815 4244 1913 4297 καὶ

320 4340 610 4394 ἀποστελῶ
628 4342 722 4394 τὸν
747 4338 1135 4410 Παράκλητον,
1167 4335 1419 4390 ἐπιδώσω
1453 4336 1512 4390 δὲ
1539 4336 1668 4407 ὑμῖν
1696 4337 1791 4390 καὶ
1835 4337 1915 4389 εί·-

325 4435 498 4506 ρήνην
524 4435 626 4504 τὴν
654 4433 815 4504 ἐμὴν,
863 4432 959 4486 καὶ
1004 4432 1066 4484 οὐ
1121 4429 1510 4500 διαψεύσομαι,
1542 4429 1658 4482 ἀλλ’
1685 4430 1775 4482 ἵνα
1812 4445 1910 4481 τυ..

2007 3316 2251 3373 cundum
2299 3325 2555 3371 naturam
2607 3322 2671 3368 ut
2712 3312 2857 3368 Deus
2896 3311 3140 3383 genitus.
3185 3306 3298 3363 Nec
3341 3308 3486 3363 enim
3519 3307 3589 3363 de

2006 3425 2127 3466 mea
2164 3410 2441 3472 absentia,
2488 3407 2692 3479 inquit,
2725 3404 3031 3461 secundum
3067 3415 3289 3456 carnem
3346 3403 3589 3470 (semper
3653 3425 3665 3435 -

2007 3505 2154 3560 enim
2185 3504 2469 3559 vobiscum
2504 3516 2624 3563 ero,
2656 3508 2718 3555 ut
2770 3496 2979 3573 θεας),
2995 3494 3223 3564 perinde
3254 3507 3319 3547 ac
3349 3491 3417 3546 de
3458 3507 3589 3547 san.

2009 3606 2224 3651 ctorum
2248 3596 2643 3665 prophetarum
2672 3587 3216 3657 absentiajudicate.
3243 3584 3309 3639 Hi
3332 3584 3500 3651 enim,
3519 3584 3589 3639 de

2008 3694 2156 3742 terra
2187 3683 2395 3739 conditi
2428 3690 2483 3738 et
2519 3698 2633 3737 sua:
2662 3688 2877 3734 natura:
2900 3677 3146 3733 debitum
3186 3674 3587 3746 persolventcs,

2011 3779 2279 3834 subtracti
2316 3784 2465 3840 sunt,
2508 3781 2564 3830 et
2605 3773 2775 3845 legem
2812 3768 3127 3825 hominibus
3166 3767 3587 3823 convenientem

2010 3871 2286 3926 inierunt:
2335 3867 2482 3923 Deus
2507 3873 2690 3921 autem
2718 3866 2859 3919 eum'
2879 3876 2979 3932 ego
3015 3861 3121 3918 sim
3151 3858 3453 3916 secundum
3487 3874 3587 3914 na-

2011 3972 2216 4023 turam.
2250 3977 2360 4017 non
2389 3960 2614 4030 perinde
2659 3974 2725 4013 ac
2773 3957 3029 4012 homines
3069 3969 3167 4026 pe:
3197 3969 3283 4009 me
3310 3952 3465 4020 facti,
3500 3968 3589 4008 re-

2012 4046 2635 4122 surrectionis'tempus
2678 4049 3050 4121 exspectabo:
3102 4048 3227 4102 vivo
3257 4045 3401 4100 enim
3441 4060 3589 4099 sem~

2013 4166 2128 4221 per,
2161 4148 2269 4202 vita
2299 4163 2423 4201 cum
2454 4146 2557 4201 sim
2589 4143 2892 4199 secundum
2934 4150 3228 4208 naturam;
3260 4146 3328 4221 ,ει
3375 4137 3587 4191 mittam

2012 4224 2381 4301 Paracletum,
2432 4248 2722 4303 meamque
2763 4231 2922 4286 vobis
2968 4243 3156 4300 pacem
3198 4215 3361 4291 dabo,
3412 4239 3591 4293 neque

2013 4332 2271 4396 mentiar,
2305 4329 2398 4384 sed
2434 4336 2511 4403 ut.
2543 4324 2934 4397 promissionis
2980 4327 3265 4390 compotes
3311 4325 3377 4394 et.
3411 4304 3590 4373 sancti

2015 4423 2254 4495 Spiritus
2299 4419 2463 4491 853
2515 4417 2776 4473 illustrati
2835 4413 3034 4485 gratia,
3089 4426 3209 4465 mea
3244 4410 3412 4465 verba
3460 4423 3590 4463 vera

538 4500 639 4594 τῆς
671 4500 1004 4593 ἐπαγγελίας
1030 4523 1121 4576 καὶ
1158 4524 1226 4593 τῇ
1243 4519 1353 4601 ,τοῦ
1401 4520 1557 4588 ἁγίου
1591 4520 1902 4589 Πνεύματος

2014 4533 2136 4572 esse
2197 4511 2499 4576 fateamini,
2545 4510 2600 4564 in
2636 4505 3102 4565 recordationem,
3149 4501 3229 4556 uti
3269 4501 3405 4564 dixi,
3444 4500 3592 4553 facto

324 4615 808 4689 λελαμπρυσμένοι
855 4616 1061 4692 χάριτι,
1086 4617 1200 4677 τοῖς
1252 4615 1407 4684 ἐμοῖς
1429 4614 1609 4682 λόγοις
1641 4613 1910 4684 ἐπιψηφί·

328 4709 488 4762 σεσθε
506 4709 604 4780 τὴν
627 4706 906 4779 ἀλήθειαν,
928 4708 1010 4770 είς
1029 4705 1355 4776 ἀνάμνησιν,
1375 4704 1450 4768 ὡς
1467 4704 1625 4776 ἔφην,
1653 4706 1791 4775 μετά
1811 4706 1912 4778 τὴν

324 4803 524 4871 πεῖραν
575 4801 883 4872 ἐρχόμενοι,
940 4799 1036 4851 καὶ
1089 4797 1176 4850 ἵνα
1219 4796 1550 4865 πιστεύσητε
1583 4797 1913 4868 πεπηγότως

331 4891 417 4945 δτι
456 4891 670 4962 σύνειμι
698 4892 793 4944 καὶ
854 4887 1242 4960 συμϐασιλεύω
1290 4887 1371 4957 τῷ
1423 4887 1618 4956 Πατρ“ι,
1670 4889 1912 4957 προδιεί-

327 4982 533 5053 λεγμαι
554 4982 712 5039 ταυτὶ
753 4981 848 5033 καὶ
872 4980 1149 5050 λελάληκα
1179 4979 1317 5047 πρὸς
1349 4978 1515 5048 ὑμᾶς.
1556 4977 1913 5048 Ἐξεγγυήσε-

323 5091 420 5128 ται
445 5073 545 5144 τὴν
571 5077 627 5128 ὲν
648 5075 759 5136 τοῖς
792 5073 1106 5145 εἰρημένοις
1125 5072 1388 5142 ἀλήθειαν
1420 5069 1599 5123 τοίνυν
1618 5071 1717 5140 τῆς
1743 5070 1915 5137 ἐπαγ-

326 5165 518 5236 γελίας
540 5166 600 5218 τὸ
633 5166 825 5236 πέρας.
860 5165 924 5217 Ei
961 5164 1069 5235 γὰρ
1095 5164 1170 5235 μὴ
1193 5164 1328 5234 ζωὴ,
1362 5164 1547 5234 φησὶν,
1596 5164 1644 5216 εί
1682 5161 1756 5233 μὴ
1791 5179 1915 5215 συν-

324 5256 534 5328 εδρεύω
558 5252 634 5326 τῷ
660 5255 779 5325 Θεῷ
817 5256 914 5308 καὶ
952 5255 1151 5325 Πατρὶ,
1195 5254 1316 5318 πῶς
1354 5254 1422 5308 ἂν
1460 5253 1624 5316 αὐτὸς
1668 5253 1912 5323 ἐπιδοίην

326 5352 400 5405 τά
425 5350 546 5404 θεῖα
579 5351 671 5403 καὶ
712 5348 1059 5418 πνευματικὰ
1109 5348 1467 5419 χαρίσματα;
1531 5345 1782 5415 Διανεμῶ
1832 5346 1909 5410 δὲ,

323 5441 582 5511 καθάπερ
623 5440 989 5511 ὲπήγγελμαι,
1056 5439 1350 5510 χορηγήσω
1379 5437 1436 5490 δὲ
1478 5438 1572 5490 καὶ
1600 5436 1662 5489 τὸ
1691 5435 1914 5506 Πνεῦμα

322 5533 426 5588 καί
460 5532 559 5600 τὴν
609 5531 849 5601 εἰρήνην.
892 5526 1023 5582 Εἶτα
1072 5529 1192 5593 πῶς
1246 5529 1349 5581 οὐκ
1406 5526 1780 5598 ἀναμφίλογον
1828 5528 1910 5581 ὅτι

321 5626 443 5697 ζωή
497 5626 612 5694 ειμι
660 5624 752 5677 καὶ
799 5620 1180 5693 πμόασιλεύω
1220 5619 1359 5691 μετὰ
1388 5614 1643 5690 Πατρὸς;
1697 5619 1769 5672 Οὐ
1802 5618 1912 5690 γὰρ

321 5716 422 5770 τοῦ
454 5715 527 5787 μὴ
553 5714 727 5777 ὄντος,
754 5712 788 5783 ἢ
829 5712 993 5784 μηδὲν
1042 5712 1315 5780 ἰσχύοντος
1361 5710 1521 5782 ἔργον
1552 5711 1693 5773 ἐστὶ,
1713 5710 1771 5763 τὸ
1800 5713 1911 5772 τοῖς

324 5807 495 5869 θείοις
540 5802 1026 5874 καταλαμπρύνειν
1072 5802 1373 5873 χαρίσματι
1428 5801 1555 5864 τοὺς
1577 5799 1910 5868 ἀγαπῶντας

2017 4608 2097 4663 rei
2153 4605 2400 4676 periculo
2437 4599 2679 4663 adducti,
2715 4606 2770 4653 et
2818 4608 2877 4649 ut
2929 4594 3162 4649 ﬁrmiter
3212 4590 3457 4646 credatis
3506 4604 3593 4642 me

2014 4713 2120 4753 una
2168 4712 2292 4751 esse
2339 4709 2403 4748 ac
2452 4692 2617 4747 simul
2648 4705 2773 4745 cum
2802 4687 2966 4742 Patre
3006 4701 3259 4757 regnare,
3311 4683 3413 4737 ista
3449 4696 3590 4750 prae.-

2012 4791 2128 4845 dixi
2176 4797 2231 4842 et
2271 4788 2487 4841 locutus
2535 4800 2656 4839 sum
2700 4782 2879 4839 vobis.
2921 4779 3218 4835 Veritatem
3267 4776 3432 4846 igitur
3472 4788 3589 4827 ser-

2014 4898 2237 4937 monum
2290 4878 2676 4952 promissionis
2708 4878 2889 4932 exitus
2921 4868 3326 4942 comprobabit.
3366 4862 3499 4918 Nam
3542 4862 3592 4917 si

2014 4976 2123 5028 vita
2154 4988 2264 5027 non
2292 4987 2434 5034 sum,
2459 4970 2657 5039 inquit,
2691 4967 2739 5022 si
2769 4983 2876 5021 non
2913 4979 3019 5019 una
3046 4976 3169 5017 cum
3202 4959 3313 5013 Dco
3330 4971 3395 5010 ac
3427 4952 3591 5008 Patre

2012 5069 2207 5132 sedeo,
2232 5079 2473 5136 quonam
2512 5070 2675 5133 pacto
2704 5061 2822 5129 ipse
2850 5057 3037 5111 divina
3065 5063 3119 5108 et
3144 5049 3414 5122 spiritalia
3448 5045 3591 5098 dona

2013 5162 2310 5217 dederim?
2346 5156 2686 5211 Distribuam
2731 5165 2881 5212 vero,
2921 5145 3081 5203 sicuti
3121 5141 3369 5213 promisi,
3403 5146 3456 5193 et
3482 5140 3592 5218 lar.

2013 5257 2132 5326 giar
2172 5252 2436 5322 Spiritum
2467 5256 2522 5304 et
2555 5261 2766 5318 pacem.
2796 5242 2864 5295 At
2892 5235 3168 5309 quomodo
3215 5248 3325 5286 non
3379 5237 3591 5283 certum
3682 5296 3687 5301 _

2013 5359 2067 5402 et
2100 5344 2465 5401 indubitatum
2505 5350 2589 5394 est
2629 5352 2717 5391 me
2763 5335 2927 5387 vitam
2960 5344 3104 5389 esse,
3138 5332 3192 5379 et
3223 5336 3449 5392 regnare
3483 5332 3594 5375 una

2014 5449 2139 5487 cum
2171 5431 2366 5485 Patre?
2394 5428 2603 5482 Divinis
2632 5424 2831 5493 quippe
2860 5419 3019 5472 donis
3054 5416 3335 5469 illustrare
3366 5410 3597 5481 diligen-

2014 5534 2097 5579 tes
2137 5541 2215 5587 se,
2261 5538 2400 5592 opus
2454 5536 2563 5575 non
2597 5524 2681 5571 est
2729 5513 2850 5582 ejus
2901 5510 2993 5580 qui
3044 5522 3154 5562 non
3201 5506 3416 5571 sit,aut
3455 5501 3596 5555 lllhll

2014 5617 2211 5686 possit,
2247 5615 2340 5670 sed
2377 5615 2496 5682 ejus
2527 5610 2620 5679 qui
2646 5614 2732 5662 est
2758 5619 2820 5658 ac
2854 5610 3052 5674 potest,
3088 5614 3151 5653 ac
3182 5599 3236 5653 in
3268 5604 3595 5668 perpetuum

2016 5716 2227 5775 regnat.
2278 5705 2431 5771 Quod
2483 5716 2617 5771 ergo
2655 5713 2766 5753 non
2820 5696 3024 5750 frustra
3064 5706 3248 5747 rerum
3285 5689 3597 5740 futurarum

2015 5771 2425 5866 priedictionem
2480 5792 2694 5857 fecerit,
2738 5789 2825 5844 bis
2868 5786 3049 5843 verbis
3093 5780 3280 5837 docuit
3321 5771 3599 5827 Christus.
