4076 6270
526 353 629 407 527
972 353 993 367 “
1560 361 1619 416 S.
1642 360 1930 418 CYBILLI
1969 361 2443 422 ALEXANDBIN!
2474 360 2796 421 ARCIIIEPJ
3271 353 3277 359 ’
3685 368 3797 425 ’5ὶῖ

530 470 601 527 Ut
627 473 773 529 enim
818 474 1111 531 certiorem
1143 473 1265 543 ejus
1303 474 1384 531 rei
1431 473 1591 531 ﬁdem
1622 477 1911 544 haberent,
1947 494 2071 535 rene

2171 519 2179 541 ι
2209 481 2398 549 αὑτὸν,
2446 480 2584 536 ἀλλὰ
2613 480 2706 535 τοῦ
2736 482 2892 544 δντος
2927 496 2987 533 τε
3020 483 3113 535 καὶ
3143 481 3463 552 δυναμένου,
3491 482 3592 539 καὶ
3622 485 3796 540 είσαεὶ

525 577 653 619 vata
711 580 895 621 rerum
929 576 1056 622 ante
1086 568 1484 637 promissarum
1528 571 1793 624 memoria
1839 586 1965 625 cum
2004 571 2071 626 do

2206 571 2603 642 βασιλεύοντος.
2630 573 2755 626 Ὀτι
2775 573 2956 626 τοίνυν
2983 572 3084 627 οὐκ
3109 574 3334 639 είκαίως
3361 575 3460 648 τὴν
3486 576 3800 649 πρόρρησιν

525 670 723 710 uorum
754 657 882 712 facti
910 669 1098 714 essent
1125 669 1432 730 compotes,
1464 661 1916 719 dissertationem
1956 663 2071 719 haut

2203 664 2302 735 τὴν
2353 666 2445 719 ἐπὶ
2490 667 2605 728 τοῖς
2661 665 2940 736 ὲσομένοις
2980 666 3294 736 ἐποιήσατο,
3333 667 3422 721 διὰ
3449 654 3657 722 τούτων
3688 669 3804 722 ἐδί-

468 754 485 769 ‘
524 765 649 801 cum
688 749 754 804 iis
788 749 1028 805 habitam
1060 766 1185 807 esse
1214 753 1312 808 ait.

2197 754 2357 821 δαξεν
2385 757 2414 810 ό
2456 747 2712 827 Χριστός.
2741 757 2857 809 ’Ίνα
2890 756 3000 827 7&p
3052 757 3465 829 ἀσφαλεστέραν
3491 758 3666 830 ῐχοιεν
3693 758 3796 824 τὴν

523 841 612 893 ἐπ’
645 840 794 911 αὐτῷ
834 840 1037 906 πίστιν,
1076 843 1215 913 μετὰ
1249 845 1349 916 τὴν
1370 845 1482 898 τῶν
1516 849 1874 919 χαρισμάτων
1938 848 2135 919 πεῖραν
2173 848 2254 912 είς
2303 847 2511 901 ἔννοιάν
2549 864 2610 900 τε
2667 841 2762 901 καὶ
2808 849 3029 936 μνήμην
3091 849 3202 903 τῶν
3246 851 3792 923 προεπηγγελμένων

425 938 429 946 ’
522 933 804 1004 ἐρχόμενοι
826 934 1155 1006 πεποιῆσθαί
1180 954 1313 1007 φησι
1332 936 1430 1008 τὴν
1454 938 1706 1006 διάλεξιν.

596 1022 731 1088 XIV,
766 1025 856 1088 50,
884 1025 972 1080 51.
1007 1024 1130 1080 lam
1171 1045 1274 1081 non
1310 1030 1482 1084 multa
1544 1030 1734 1101 loquar
1787 1031 2050 1087 vobiscum

2270 1025 2478 1080 Οὐκέτι
2506 1025 2706 1079 πολλὰ
2731 1024 2987 1093 λαλήσω
3018 1028 3147 1096 μεθ’
3180 1026 3350 1098 ὑμῶν
3371 1042 3383 1054 ·
3416 1030 3653 1101 ἔρχεται
3678 1034 3793 1104 γὰρ

519 1116 658 1170 venit
693 1116 832 1169 enim
857 1118 1101 1186 princeps
1128 1119 1310 1172 mundi
1339 1120 1521 1189 hujus,
1547 1133 1596 1176 et
1624 1124 1676 1176 in
1706 1139 1787 1176 me
1816 1140 1919 1176 non
1939 1122 2071 1176 habe

2194 1121 2227 1172 d
2261 1116 2367 1170 τοῦ
2396 1118 2630 1186 κόσμου
2653 1114 2873 1184 ἅρχων,
2908 1117 3006 1169 καὶ
3035 1118 3105 1170 ἐν
3131 1118 3262 1187 ἐμοὶ
3285 1122 3397 1174 οὐκ
3424 1121 3549 1189 ἔχει
3584 1124 3788 1187 οὐδὲν,

514 1207 846 1276 quidquam;
886 1208 975 1262 sed
1027 1218 1087 1262 ut
1142 1220 1425 1280 cognoscat
1476 1212 1705 1267 mundus
1754 1216 1882 1284 quia
1927 1214 2071 1284 άίέίξμ

2192 1208 2331 1261 ἀλλ’
2367 1208 2468 1260 ἵνα
2507 1205 2628 1276 γνῷ
2657 1210 2690 1260 ό
2727 1208 2961 1277 κόσμος
3000 1207 3090 1261 ὅτι
3137 1208 3347 1278 ἀγαπῶ
3392 1212 3502 1265 τὸν
3533 1214 3788 1282 Πατέρα,

520 1299 757 1364 Patrem,
801 1310 850 1354 et
888 1301 1029 1355 sicut
1076 1302 1391 1356 mandatum
1432 1303 1578 1358 dedit
1622 1305 1753 1359 mihi
1783 1304 1970 1371 Pater,
2016 1309 2071 1360 sit

2192 1298 2290 1353 καί
2321 1297 2514 1364 καθὼς
2573 1297 2837 1366 ἐντολήν
2865 1316 2970 1369 μοι
3006 1292 3267 1355 δέδωκεν
3291 1305 3326 1357 ό
3366 1304 3603 1374 Πατὴρ,
3633 1306 3788 1361 οὕτω
3809 1365 3827 1383 θ

518 1394 677 1467 facio.

2191 1389 2363 1444 ποιῶ.

581 1497 749 1564 Quasi
773 1494 949 1551 Judaai
978 1497 1087 1552 iam
1118 1497 1361 1551 adfuturi
1393 1506 1577 1554 essent
1606 1514 1729 1553 eum
1764 1515 1828 1555 ea
1859 1515 1967 1570 qua
1992 1502 2071 1556 sti

2279 1482 2370 1545 Ὠς
2391 1480 2498 1534 τῶν
2544 1480 2776 1535 ἀνοσίων
2832 1480 3103 1536 Ἰουδαίων
3144 1486 3534 1558 παρεσομένων
3577 1506 3641 1543 τε
3682 1491 3782 1563 ἤδη

2203 1557 2317 1592 ,1ης
2355 1567 2418 1592 τ-
2449 1573 2704 1592 .-.μην
2751 1572 2927 1592 ___.-,
3034 1574 3098 1592 ν.
3142 1591 3145 1592 ν
3198 1575 3223 1587 ρ.
3346 1576 3357 1592 .
3506 1579 3529 1592 ..

511 1593 679 1661 pandi
725 1598 884 1644 erant
929 1589 1162 1644 cohorte
1201 1590 1432 1658 ejusque
1478 1591 1726 1660 principe
1768 1600 1825 1647 et
1877 1567 2071 1647 antesi-

2200 1567 2317 1641 μῖεθ⁹
2352 1567 2419 1643 ἦς
2446 1573 2713 1643 ἐπήγοντο
2741 1572 2974 1643 σπείρας
3011 1574 3226 1628 καὶτοῦ
3260 1576 3465 1649 ταύτης
3498 1579 3778 1651 ἄρχοντος,

512 1698 716 1753 gnano,
752 1682 847 1751 qui
879 1697 939 1737 se
978 1681 1312 1736 traditurum
1345 1698 1469 1737 eum
1524 1685 1799 1761 pollicitus
1851 1693 1990 1751 erat,
2037 1702 2068 1742 e

2191 1663 2250 1728 ὃς
2284 1663 2379 1717 καὶ
2410 1662 2756 1732 παραδώσειν
2778 1664 2944 1731 αὐτὸν
2977 1666 3379 1735 ἐπηγγείλατο,
3435 1669 3779 1743 συλληψομέ-

509 1773 964 1843 comprehensuri
1000 1773 1245 1837 tandem,
1279 1788 1379 1828 nec
1408 1775 1581 1828 multo
1614 1786 1739 1845 post
1776 1776 1832 1830 in
1867 1792 2071 1834 crneen

2189 1772 2297 1809 νων
2326 1772 2387 1809 τε
2426 1755 2525 1827 ῆδη
2571 1756 2664 1809 καὶ
2698 1755 3003 1826 μελλόντων
3032 1758 3278 1814 ἀποίσειν
3321 1760 3421 1815 οὐκ
3449 1763 3533 1827 είς
3560 1766 3778 1835 μακρὰν

509 1875 565 1922 et
589 1882 711 1938 quae
733 1879 958 1922 crucem
990 1866 1318 1925 antecedere
1366 1866 1641 1922 debebant
1685 1870 1957 1941 supplicia
1987 1871 2071 1927 de-

2189 1849 2269 1911 είς
2306 1846 2376 1901 τὰ
2414 1846 2508 1900 ἐπὶ
2532 1845 2613 1918 τῷ
2651 1846 2871 1919 σταυρῷ
2913 1848 3009 1902 καὶ
3047 1849 3154 1921 πρὸ
3198 1850 3293 1904 τοῦ
3343 1854 3583 1925 σταυροῦ
3608 1856 3773 1927 πάθη.

510 1960 752 2026 ducturi,
778 1958 927 2029 loqui
976 1959 1198 2014 tandem
1247 1967 1594 2014 cessaturum
1639 1977 1701 2017 se
1733 1962 1912 2018 dixit:
1948 1978 2084 2018 con-

511 2062 748 2107 tractum
790 2052 993 2121 quippe
1024 2059 1242 2122 tempus
1282 2061 1335 2107 et
1366 2052 1452 2106 vix
1487 2051 1611 2121 ejus
1646 2053 1855 2125 aliquid
1890 2071 2085 2126 super-

506 2160 648 2199 esse.
682 2128 998 2198 JudmOrum
1031 2143 1177 2198 enim
1221 2145 1546 2200 crudelitate
1579 2145 1636 2199 in
1663 2163 1752 2201 me
1802 2148 2080 2212 seviente,

504 2250 561 2294 et
584 2240 695 2308 jam
725 2238 866 2292 intra
899 2245 1085 2308 portas
1113 2237 1265 2307 ipsas
1302 2237 1624 2303 exsistente,
1659 2253 1768 2293 non
1791 2238 1905 2308 jam
1948 2241 2083 2295 allo-

505 2327 708 2397 quendi
751 2342 870 2395 vos,
903 2325 998 2383 sed
1025 2325 1273 2399 patiendi
1308 2334 1524 2398 tempus
1553 2329 1824 2385 imminet.
1862 2329 2084 2403 Quippe

512 2437 531 2471 ι
563 2419 713 2475 venit
742 2418 999 2488 princeps
1030 2419 1222 2474 mundi
1247 2419 1434 2489 hujus,
1467 2420 1669 2490 inquit,
1694 2432 1749 2476 et
1774 2422 1830 2476 in
1857 2438 1943 2480 me
1968 2439 2113 2479 non'

507 2511 674 2566 habet
693 2510 1015 2580 quidquam.
1031 2512 1267 2569 »ωσι-ἱει-
1286 2531 1439 2582 vero,
1461 2516 1625 2587 idque
1646 2520 2003 2590 perlibenter,
2026 2530 2082 2578 et

506 2618 606 2672 pro
638 2604 754 2657 vita
790 2605 1034 2659 omnium
1065 2614 1298 2661 mortem
1327 2612 1625 2680 perpetiar,
1668 2612 1845 2668 Patris
1883 2629 2082 2685 nempe

506 2696 813 2749 reverentia
844 2701 900 2750 et
930 2694 1226 2751 dilectione
1249 2713 1379 2770 erga
1421 2715 1569 2765 eum,
1603 2704 1748 2758 ultro
1782 2720 1868 2760 me
1911 2707 2078 2761 etiam

504 2785 574 2839 iis
606 2786 808 2854 quibus
842 2802 1000 2842 mens
1032 2799 1302 2858 repugnat
1330 2792 1607 2862 ingerunt,
1638 2802 1699 2873 ut
1725 2796 1850 2867 ejus
1877 2800 2080 2854 volun-

505 2885 672 2931 tatem
702 2878 985 2948 impleam.
1037 2882 1216 2949 Atque
1266 2883 1356 2939 hic
1389 2885 1607 2955 quidem
1643 2888 1748 2944 loci
1809 2893 2076 2962 propositi

503 2982 707 3038 scopus
747 2984 815 3025 ex
854 2970 941 3025 bis
976 2972 1163 3028 verbis
1206 2975 1536 3034 manifestus
1565 2994 1690 3036 esse
1722 2989 1920 3052 potest.
1971 2984 2075 3040 Sed

505 3060 766 3115 subtilius
835 3075 960 3117 eum
995 3063 1302 3123 enodantes
1345 3069 1606 3136 dicimus,
1645 3073 1913 3130 Adamum
1949 3080 2076 3147 qui-

503 3147 626 3204 dem
664 3151 884 3221 generis
917 3155 1094 3208 nostri
1131 3162 1435 3224 auctorem,
1470 3163 1599 3230 quia
1624 3162 1814 3219 datum
1847 3170 2076 3223 manda-

2189 1934 2516 2007 καταλήξειν
2535 1935 2633 2007 ῆδη
2662 1936 2757 1990 τοῦ
2782 1936 2918 2010 πρὸς
2935 1937 3133 2002 αὐτοὺς
3148 1937 3252 2010 ἔφη
3276 1939 3436 2009 λόγου
3457 1956 3472 1970 °
3492 1944 3779 1998 συνεστάλ-

2186 2028 2277 2082 θαι
2309 2028 2419 2099 γὰρ
2439 2027 2538 2099 καὶ
2566 2030 2648 2092 είς
2674 2029 2862 2099 μηδὲν,
2891 2030 3079 2101 φησιν,
3097 2030 3290 2088 ἐλάσαι
3310 2033 3412 2112 ,τὸν
3436 2037 3651 2107 καιρόν.
3668 2038 3776 2107 Τῆς

2185 2121 2295 2191 γάρ
2338 2119 2612 2175 Ἰουδαίων
2643 2122 2959 2191 μιαιφονίας
2996 2122 3218 2197 ὴῦώσης
3249 2142 3310 2179 τε
3343 2126 3467 2180 λίαν
3501 2128 3592 2181 ἐπ’
3625 2130 3768 2200 ἐμοὶ,

2183 2214 2279 2267 καὶ
2303 2212 2482 2283 θυρῶν
2501 2210 2634 2266 είσω
2658 2212 2842 2266 λοιπὸν
2867 2214 3176 2286 ὁρωμένης,
3203 2216 3264 2270 οὐ
3282 2218 3549 2290 ῥημάτων
3564 2220 3647 2274 ἔτι
3669 2222 3774 2275 τῶν

2184 2307 2321 2378 πρὸς
2354 2307 2520 2377 ὑμᾶς,
2539 2305 2653 2359 ἀλλ’
2671 2306 2837 2361 αὐτοῦ
2860 2308 2955 2362 τοῦ
2979 2308 3175 2363 παθεῖν
3201 2311 3492 2384 ἐνέστηκεν
3514 2316 3543 2368 ό
3560 2316 3773 2387 καιρός.

2188 2417 2207 2449 ι
2237 2397 2381 2467 Πλὴν
2408 2396 2549 2465 ἥξει,
2571 2397 2757 2467 φησὶν.
2791 2398 2820 2450 ὁ
2846 2399 2942 2452 τοῦ
2977 2400 3184 2473 κόσμου
3207 2402 3417 2475 ἄρχων,
3441 2408 3538 2460 καὶ
3569 2410 3630 2461 ἐν
3654 2409 3771 2477 ἐμοὶ

2182 2488 2295 2559 ἔχει
2322 2488 2497 2543 οὐδέν.
2524 2508 2543 2541 ι
2567 2489 2911 2562 Τεθνήξομαι
2927 2492 3095 2547 δὲκαὶ
3120 2494 3242 2550 λίαν
3272 2497 3526 2568 ἀσμένως
3558 2500 3656 2553 καὶ
3681 2499 3768 2553 τὸν

2183 2579 2324 2650 ὑπὲρ
2349 2580 2448 2650 τῆς
2482 2580 2739 2636 ἁπάντων
2764 2581 2910 2654 ζωῆς
2932 2585 3311 2659 ὑποστήσομαι
3341 2588 3598 2654 θάνατον,
3633 2588 3770 2646 αἰδοῖ

2195 2670 2266 2739 τῇ
2297 2667 2434 2739 πρὸς
2481 2668 2574 2722 τὸν
2597 2670 2900 2744 Γεννήτορα
2931 2675 3023 2727 καὶ
3067 2676 3256 2749 ἀγάπῃ
3297 2680 3366 2750 τῇ
3415 2681 3555 2752 πρὸς
3581 2683 3763 2748 αὐτὸν,

2180 2757 2462 2831 ἐθελοντὴς
2487 2758 2754 2832 ὁμιλήσας
2796 2766 2890 2818 καὶ
2917 2767 3031 2830 τοῖς
3067 2766 3220 2839 παρά
3250 2768 3510 2841 γνώμην.
3550 2773 3640 2826 ῐνα
3668 2775 3761 2846 τὴν

2177 2856 2348 2927 αὐτῆς
2393 2857 2667 2929 πληρώσω
2712 2859 2985 2932 βούλησιν.
3053 2863 3111 2918 Ὁ
3161 2865 3259 2937 μὲν
3304 2862 3398 2921 οὖν
3415 2868 3510 2922 τοῦ
3550 2887 3764 2941 προκει-

2183 2947 2345 3018 μένου
2382 2949 2584 3014 σκοπὸς
2612 2951 2823 3019 γένοιτο
2852 2953 2921 3007 ἂν
2948 2949 3006 3008 εὖ
3050 2955 3196 3025 μάλα
3231 2959 3289 3012 ὲν
3333 2959 3548 3025 τούτοις
3571 2961 3763 3030 διαφαι

2177 3038 2265 3101 νὲς
2281 3034 2392 3109 [γρ.
2412 3039 2721 3112 διαφανήςι.
2740 3042 3070 3115 ’ἰσχνότερον
3089 3046 3147 3099 δὲ
3165 3045 3235 3099 τά
3250 3049 3310 3101 ὲν
3333 3049 3484 3120 αὐτῷ
3504 3049 3763 3105 διαπτύσδ

2179 3143 2382 3193 σοντες.
2420 3132 2596 3185 ὲκεῐνό
2627 3149 2807 3203 φαμεν
2827 3151 2840 3166 ·
2902 3134 2960 3188 '0
2992 3138 3090 3207 μὲν
3121 3137 3230 3209 γὰρ
3264 3137 3357 3192 τοῦ
3389 3140 3582 3208 γένους
3603 3141 3785 3221 ἡμῶν*

502 3251 616 3296 tum
651 3245 972 3312 violaverat,
1022 3251 1405 3307 exsecratione
1455 3252 1641 3309 divina
1676 3265 1908 3314 mortem
1942 3262 2071 3316 sub-

2180 3219 2489 3292 ἀρχηγέτης
2531 3222 2702 3293 Ἀδὰμ
2729 3224 2822 3277 τὸν
2850 3225 2915 3279 ἐκ
2939 3229 3038 3297 τῆς
3068 3227 3218 3292 θείας
3242 3229 3385 3300 ἀρᾶς
3415 3231 3581 3286 ὑπέδυ
3601 3232 3763 3287 θάναο

502 3333 654 3399 iisse,
680 3336 975 3408 ipsumque
1010 3355 1135 3394 cum
1169 3356 1198 3395 a
1225 3339 1393 3416 854
1424 3346 1630 3417 seipso,
1664 3357 1776 3403 tum
1797 3367 1826 3404 ιι
1856 3352 2074 3409 diabolo

498 3436 820 3483 accusatum
849 3448 863 3496 ;
903 3432 1080 3487 videri
1112 3444 1293 3490 tamen
1326 3437 1379 3490 id
1413 3453 1638 3508 passum
1663 3457 1785 3505 esse
1811 3445 1980 3514 justis
2007 3447 2075 3502 de

497 3520 726 3575 causis:
763 3536 864 3576 nec
896 3523 1040 3577 enim
1074 3523 1277 3594 injuste
1302 3527 1612 3597 puniuntur
1645 3534 1736 3602 qui
1772 3550 1883 3604 pra:
1905 3538 2073 3592 animi

500 3610 732 3680 segnitie
786 3623 1055 3683 peccant;
1103 3617 1408 3673 secundum
1461 3636 1595 3676 vero
1627 3623 1824 3692 Adam,
1878 3627 1929 3681 id
1987 3638 2074 3684 est

499 3700 790 3759 Dominum
816 3715 1068 3761 nostrum
1117 3705 1307 3763 Jesum
1337 3710 1879 3798 Cbristuntunullius
1909 3720 2074 3789 plane

499 3794 578 3848 rei
623 3797 878 3850 accusari
934 3812 1135 3868 posse:
1171 3801 1376 3872 quippe
1426 3822 1446 3855 ι
1485 3808 1580 3876 qui
1624 3794 1909 3877 peccatum
1958 3829 2071 3868 non

499 3884 656 3948 fecit,
709 3901 812 3940 nec
868 3886 1128 3945 inventus
1173 3901 1263 3946 est
1308 3893 1470 3949 dolus
1514 3897 1568 3951 in
1627 3913 1723 3954 ore
1773 3902 1895 3972 ejus
1917 3904 1985 3967 τί,
2046 3925 2065 3957 ι

498 3981 728 4027 mortem
761 3988 861 4044 pro
891 3976 1057 4031 nobis
1081 3980 1329 4046 pertulit,
1365 3984 1574 4040 nullius
1613 3989 1778 4057 plane
1817 3994 2069 4050 criminis

496 4055 782 4129 conscius,
833 4065 930 4120 sed
979 4069 1224 4139 seipsum
1277 4088 1377 4142 pro
1408 4077 1520 4130 vita
1560 4083 1807 4136 omnium
1855 4086 2071 4141 redem-

495 4155 703 4225 ptionis
743 4157 980 4226 pretium
1010 4158 1159 4215 Patri
1190 4159 1452 4230 oﬁerens,
1485 4171 1615 4239 quia
1645 4170 1863 4230 Patrem
1891 4179 2069 4251 diligit

496 4244 686 4299 mundi
745 4248 979 4304 salutem
1032 4250 1328 4309 sitientem.
1393 4255 1489 4312 Est
1547 4269 1731 4317 autem
1786 4244 2067 4338 diligentis

494 4334 734 4401 Patrem,
768 4342 996 4399 omnino
1050 4343 1235 4401 facere
1259 4349 1600 4407 voluntatem
1652 4356 1794 4427 ejus,
1835 4334 2065 4433 et'quod

393 4786 399 4791 ’
491 4810 698 4857 tantam
756 4805 949 4862 venire
1002 4807 1398 4866 demissiouem
1436 4823 1494 4869 ut
1528 4829 1580 4871 et
1616 4820 1781 4876 homo
1840 4837 2060 4898 propter

491 4910 590 4950 nos
621 4893 799 4953 iactus
830 4898 925 4965 sit,
969 4916 1071 4955 nec
1115 4920 1214 4973 pro
1248 4908 1494 4962 omnium
1529 4913 1637 4967 vita
1668 4893 1899 4971 mortem
1932 4893 2060 4974 (ξι-ιι·
2090 4942 2091 4945 η

488 4987 691 5042 bucrit.
726 4986 839 5045 lloc
874 4989 1005 5045 fecit
1040 4992 1237 5062 Filius,
1262 4998 1498 5071 diligens
1522 5002 1763 5074 Patrem,
1799 5012 1891 5080 qui
1927 5028 2060 5083 pra:-

484 5079 701 5148 cepisse
730 5080 935 5137 dicitur
965 5095 1024 5139 ut
1070 5090 1291 5159 propria
1324 5095 1531 5150 virtute
1573 5114 1670 5168 per
1713 5079 1898 5160 carnis
1925 5079 2055 5176 pas-

484 5172 694 5223 sionem
728 5183 960 5229 mortem
1001 5176 1363 5242 interimeret,
1392 5192 1446 5236 et
1474 5191 1851 5259 corruptionis
1880 5172 2054 5266 impe-

482 5264 624 5313 rtum
656 5270 949 5331 everteret,
983 5279 1391 5341 corruptnsque
1425 5275 1742 5346 viviﬁcaret,
1781 5294 1834 5339 et
1864 5264 2053 5356 pristi-

480 5366 604 5405 nam
633 5353 717 5407 eis
744 5354 925 5413 denuo
970 5361 1206 5431 gloriam
1257 5363 1614 5425 instauraret.
1679 5353 1892 5433 Idcirco
1922 5383 1997 5434 ait
2034 5401 2048 5437 :

477 5443 904 5541 Angttstutn‘est
942 5458 1181 5523 tempus,
1217 5471 1328 5527 quo
1367 5458 1566 5531 loquar
1596 5465 1882 5522 vobiscum
1915 5488 1930 5535 ;
1966 5471 2051 5525 in-

477 5540 586 5588 stat
612 5535 760 5590 enim
790 5535 997 5608 passio,
1024 5553 1079 5598 et
1113 5546 1168 5600 in
1203 5560 1335 5604 aestu
1367 5563 1452 5609 est
1490 5557 1639 5625 quod
1674 5558 1725 5613 in
1762 5577 1847 5614 me
1872 5560 2044 5618 Judaei

424 5656 431 5663 ι
474 5625 652 5680 moliti
683 5637 810 5684 sunt
837 5629 1073 5690 facinus.
1110 5636 1291 5695 Patiar
1330 5644 1560 5715 lubens,
1600 5653 2045 5725 quandoquidem

542 5802 585 5835 "
627 5805 645 5857 ι
690 5803 838 5865 Pctr.
875 5824 948 5877 ll,
981 5810 1071 5869 22.

2176 3326 2288 3375 τον,
2317 3310 2407 3364 διὰ
2438 3311 2530 3366 τοῦ
2572 3313 2884 3383 παραλῦσαι
2910 3317 3010 3389 τὴν
3043 3317 3292 3374 δοθεῖσαν
3322 3322 3564 3395 ἐντολὴν,
3600 3323 3757 3389 αὐτός

2175 3416 2236 3453 τε
2280 3401 2370 3471 ὑφ’
2413 3402 2610 3456 ἑαυτοῦ
2667 3406 2766 3458 καὶ
2801 3405 2898 3460 τοῦ
2958 3407 3207 3463 διαϐόλου
3263 3413 3755 3484 κατηγορούμενος,

2177 3493 2425 3562 φαίνεταί
2454 3510 2518 3563 γε
2549 3493 2655 3566 μὴν
2693 3498 2779 3549 ἐπ’
2817 3497 3059 3581 εὐλόγοις
3097 3499 3258 3555 τοῦτο
3289 3502 3482 3571 παθὼν
3518 3504 3717 3568 αἰτίαις
3739 3522 3755 3537 ’

2174 3585 2362 3652 ἕψεται
2392 3586 2498 3659 γὰρ
2530 3588 2633 3641 οὐκ
2652 3587 2854 3653 ἀδίκως
2878 3593 2990 3653 τοῖς
3017 3592 3081 3644 ὲκ
3106 3591 3381 3663 ῥᾳθυμίας
3407 3596 3756 3666 ἡμαρτηκόσι

2173 3677 2234 3730 τὸ
2254 3676 2583 3742 κολάζεσθαι
2602 3678 2734 3734 δεῖν.
2760 3681 2817 3734 '0
2837 3680 2892 3733 δὲ
2919 3681 3172 3754 δεύτερος
3200 3683 3394 3755 Ἀδὰμ,
3419 3686 3567 3739 τοῦτ’
3588 3688 3752 3750 ἔστιν,

2172 3770 2200 3822 ὁ
2217 3771 2421 3841 Κύριος
2448 3769 2621 3842 ἡμῶν
2639 3770 2848 3842 Ἰησοῦς
2874 3774 2903 3825 ό
2924 3775 3178 3843 Χριστὸς,
3219 3776 3305 3830 ἔπ’
3335 3777 3513 3832 οὐδενὶ
3536 3779 3605 3832 τὸ
3620 3778 3756 3849 σύμ-

2174 3878 2282 3915 παν
2324 3863 2750 3934 κατηγορεῖσθαι
2795 3864 3134 3935 δυνάμενος·
3182 3886 3204 3920 ι
3234 3868 3309 3921 Ού
3355 3866 3473 3942 γὰρ
3501 3870 3755 3941 ἐποίησεν

2171 3953 2467 4025 ἁμαρτίαν,
2498 3955 2620 4008 οὐδὲ
2648 3954 2846 4027 εὑρέθη
2878 3955 3030 4019 δόλος
3054 3959 3115 4011 ὲν
3132 3958 3211 4029 τῷ
3236 3959 3470 4029 στόματι
3515 3962 3704 4024 αὐτοῦ,
3728 3983 3746 4012 ι

2169 4045 2232 4099 τὸ
2264 4047 2405 4119 ὑπὲρ
2439 4047 2598 4118 ήμῶν
2634 4047 2841 4118 ὑπέστη
2881 4048 3084 4113 πάθος,
3134 4050 3458 4116 άνυπαίτιος
3498 4054 3599 4123 μὲν
3652 4054 3751 4106 ὑπο

2175 4136 2359 4207 άρχων
2387 4138 2457 4190 δι’
2482 4137 2674 4191 ἑαυτὸν
2703 4138 3004 4204 παντελῶς,
3027 4140 3343 4213 ἀντίλυτρον
3370 4143 3429 4195 δὲ
3450 4143 3549 4214 τῆς
3578 4144 3749 4198 άπάνο

2168 4241 2277 4279 των
2309 4224 2453 4296 ζωῆς
2481 4227 2672 4279 ἑαυτὸν
2699 4225 2778 4295 τῷ
2807 4226 2982 4297 Πατρὶ
3015 4229 3496 4301 προσκεκομικὼς,
3528 4234 3745 4302 ἐπειδή-

2168 4332 2276 4386 περ
2314 4315 2506 4387 άγαπᾷ
2541 4315 2633 4370 τὸν
2668 4316 2887 4388 Πατέρα
2926 4317 3025 4389 τὴν
3067 4319 3163 4373 τοῦ
3200 4321 3409 4392 κόσμου
3446 4322 3746 4394 διψήσαντα

2169 4404 2464 4475 σωτηρίαν.
2515 4404 2623 4458 Τοῦ
2651 4405 2708 4459 δὲ
2735 4406 3063 4474 ἀγαπῶντος
3111 4408 3204 4463 τὸν
3237 4410 3459 4483 Πατέρα
3479 4452 3494 4476 ,
3529 4414 3743 4477 πάντως

2167 4493 2338 4565 δήπου
2363 4496 2459 4549 καὶ
2487 4494 2648 4566 ἔργον
2667 4491 2735 4567 ῆν
2756 4496 2817 4550 τὸ
2842 4496 3031 4564 δοκοῦν
3049 4500 3220 4570 αὐτῷ,
3240 4503 3335 4555 καὶ
3358 4503 3418 4555 ἐν
3435 4505 3549 4566 τοῖς
3575 4505 3740 4572 ἀναγ-

2170 4586 2345 4652 καίοις
2372 4586 2784 4657 λελογισμένον,
2840 4588 2916 4660 μὴ
2946 4592 3076 4662 παρ’
3117 4591 3272 4646 οὐδὲν
3307 4593 3562 4664 ἡγεῖσθαι
3610 4595 3742 4665 μᾶλ-

2167 4675 2278 4738 λον,
2336 4676 2476 4730 ἀλλὰ
2528 4678 2609 4741 είς
2637 4678 2811 4748 πέρας
2834 4677 2990 4746 ἄγειν
3023 4681 3361 4751 ἐπείγεσθαι.
3406 4685 3474 4738 Τί
3500 4685 3557 4740 δὲ
3587 4685 3740 4740 τοῦτο

2164 4760 2266 4836 ἦν;
2323 4763 2583 4837 Ἡθέλησε
2629 4765 2721 4819 τὸν
2753 4765 2882 4822 ἴδιον
2911 4769 3072 4834 Υίὸν,
3124 4771 3303 4825 καίτοι
3336 4773 3657 4844 σύμμορφὸν
3681 4790 3737 4827 τε

2164 4854 2302 4923 ἔχων
2336 4855 2530 4921 αὑτὸν,
2559 4855 2653 4908 καὶ⁸
2684 4858 2751 4926 τῇ
2783 4858 2923 4910 κατὰ
2954 4861 3064 4912 πᾶν
3098 4860 3304 4932 ἰσότητι
3336 4862 3634 4934 διαπρεπῆ.
3660 4865 3739 4924 εἰς

2160 4943 2427 5015 τοσαύτην
2470 4944 2772 5016 καταϐῆναι
2813 4947 3143 5003 ταπείνωσιν
3195 4950 3271 5015 ὡς
3317 4952 3414 5005 καὶ
3452 4952 3735 5024 ἄνθρωπον

2159 5031 2416 5099 γενέσθαι
2451 5032 2517 5084 δι’
2545 5033 2723 5102 ἡμᾶς.
2765 5034 2860 5087 καὶ
2885 5034 2978 5089 τὸν
3006 5036 3146 5109 ὑπὲρ
3173 5038 3282 5091 τῶν
3312 5039 3568 5095 ἁπάντων
3596 5042 3735 5110 ζωῆς
3794 5078 3799 5085 ς

2158 5125 2234 5193 μὴ
2261 5122 2584 5194 ἐρυθριᾶσαι
2615 5123 2867 5178 θάνατον.
2885 5127 3056 5181 Τοῦτο
3086 5127 3367 5202 πέπρακεν
3391 5130 3578 5199 όΥίδς,
3601 5134 3736 5199 ἀγα-

2155 5213 2272 5267 πῶν
2307 5216 2398 5267 τὸν
2426 5215 2760 5287 Γεννήτορα,
2807 5217 2900 5271 τὸν
2951 5220 3266 5276 ἐντετάλθαι
3300 5222 3616 5295 λεγόμενον,
3659 5223 3736 5285 ὡς

2155 5301 2262 5374 ἰδίᾳ
2292 5301 2520 5373 δυνάμει
2552 5305 2829 5375 νεκρῶσαι
2866 5308 2965 5377 μὲν
3004 5308 3081 5379 τῷ
3106 5313 3204 5382 τῆς
3228 5312 3428 5384 σαρκὸς
3459 5312 3619 5366 πάθει
3645 5314 3735 5365 τὸν

2150 5394 2408 5461 θάνατον,
2445 5397 2505 5450 τὸ
2539 5396 2597 5452 δὲ
2625 5394 2725 5469 τῆς
2771 5399 2980 5472 φθορᾶς
3010 5402 3307 5459 καταλῦσαι
3339 5405 3562 5477 κράτος,
3602 5405 3733 5471 ζωο-

2159 5485 2379 5555 ποιῆσαι
2409 5503 2467 5539 τε
2506 5489 2632 5552 τοὺς
2678 5490 3159 5563 κατεφθαρμένους
3181 5532 3196 5558 ,
3241 5495 3336 5549 καὶ
3368 5497 3467 5568 τὴν
3502 5497 3731 5568 ἀρχαίαν

2155 5574 2336 5638 αὐτοῖς
2370 5570 2527 5640 αὖθις
2554 5576 2856 5633 ἀνανεῶσαι
2883 5576 3060 5645 δόξαν.
3098 5583 3196 5637 Διά
3239 5583 3400 5639 τοῦτό
3437 5604 3623 5657 φησιν,
3649 5590 3729 5641 ὅτι

2153 5665 2346 5729 Στενὸς
2386 5666 2483 5736 μὲν
2515 5669 2542 5721 ὁ
2569 5668 2676 5723 τῶν
2702 5670 2876 5739 λόγων
2904 5672 3095 5745 καιρός
3116 5692 3131 5708 ’
3164 5671 3463 5733 εἰσελαύνει
3490 5678 3597 5748 γάρ
3628 5680 3728 5751 ﬂor]
