4076 6270
294 303 402 360 529

1350 296 1415 351 ιΝ
1445 295 1727 352 JOANNIS
1765 293 2208 350 EVANGELIUM
2250 294 2377 349 LIB.
2404 294 2472 351 Χ.

3422 293 3527 348 550

295 419 359 472 τὸ
386 416 558 480 πάθος
578 460 592 484 ,
651 417 744 470 καὶ
784 417 843 470 τὸ
874 415 980 470 τῶν
1028 414 1293 469 Ἰουδαίων
1331 413 1417 466 ἐπ’
1458 413 1582 484 ἐμοὶ
1610 412 1861 481 λογισθὲν
1889 464 1892 472 γ

1991 411 2036 465 ib
2060 411 2206 465 istud
2228 413 2368 465 veni.
2410 410 2793 466 Verumtamen
2823 429 2841 462 ι
2878 409 3023 464 venit
3054 408 3311 477 princeps
3338 416 3529 470 mundi

296 508 576 577 ἀνεκαύθη
601 506 870 577 τόλμημα.
929 506 1196 575 Πείσομαι
1245 505 1354 573 γὰρ
1388 503 1689 574 ἐθελοντὴς,
1716 502 1865 556 ἐπεί-

299 617 410 671 mp
443 600 678 668 ἀφῖγμαι
702 597 789 650 διὰ
813 595 990 651 τοῦτο.
1031 594 1178 665 Πλὴν
1201 613 1220 645 ι
1242 594 1461 665 ἔρχεται
1484 597 1513 648 6
1540 594 1633 648 τοῦ
1663 595 1866 663 κόσμου

299 690 517 760 ἄρχων,
557 688 651 740 καὶ
692 689 751 739 ἐν
784 686 907 756 ἐμοὶ
948 686 1048 739 οὐκ
1087 682 1198 754 ἔχει
1237 683 1421 737 οὐδέν’
1454 703 1474 735 ι
1517 683 1662 737 τοῦτ’
1698 683 1869 748 ἔστιν,

301 780 413 847 Οὐχ
448 777 725 847 ἁλώσομαι
760 774 1274 845 πεπλημμεληκὼς,
1303 774 1418 829 ἀλλ’
1450 775 1571 828 οὑδὲ
1601 775 1870 846 πρόφασις

298 867 451 920 ἔσται
477 870 589 930 τοῖς
630 864 903 929 Ἰουδαίοις
938 866 1038 934 τῆς
1064 865 1146 928 είς
1173 865 1273 934 ἐμὲ
1304 864 1586 936 παροινίας
1613 863 1830 933 εὑλογος
1854 880 1869 893 ’

299 956 455 1009 οὐδὲν
482 957 539 1008 ὲν
576 956 699 1025 ἐμοὶ
742 954 852 1007 τῶν
882 954 1026 1007 ίδίων
1069 956 1098 1008 6
1141 954 1388 1018 διάϐολος
1430 955 1563 1025 ἔχει.
1598 956 1737 1011 Ἶδια
1765 955 1873 1026 γὰρ

302 1048 491 1118 ῶσπερ
518 1048 728 1101 ἐκείνου
760 1047 828 1099 τὰ
858 1045 1060 1115 φαῦλα,
1088 1047 1181 1100 καὶ
1210 1049 1308 1113 τῆς
1342 1047 1615 1119 ἁμαρτίας
1652 1049 1684 1116 ἠ
1718 1047 1874 1115 γένε-

304 1156 391 1202 σις
422 1140 627 1191 ἐκεῖνον
663 1133 800 1190 οἶδεν
845 1138 1042 1207 ἀρχήν.
1086 1135 1208 1189 Ὀτι
1232 1135 1291 1188 δὲ
1319 1135 1526 1205 ἀληθὴς
1568 1134 1660 1188 τοῦ
1694 1135 1874 1205 Σωτῆ-

305 1244 400 1299 ρος
427 1230 456 1281 6
492 1228 646 1295 λόγος
664 1266 678 1290 ,
735 1226 968 1296 μάλιστα
1018 1227 1115 1296 μὲν
1143 1225 1239 1279 κα)⁵
1272 1225 1330 1288 ἐξ
1357 1224 1529 1294 αὐτῆς
1557 1225 1759 1278 κατίδοι
1788 1241 1875 1287 τις

305 1319 375 1372 ἂν
402 1319 501 1388 τῆς
542 1317 884 1380 ἀκολουθίας.
936 1316 1060 1380 Πῶς
1098 1317 1203 1385 γὰρ
1228 1316 1533 1386 ἐξήμαρτεν
1559 1318 1586 1369 ό
1618 1317 1691 1385 μὴ
1720 1315 1875 1379 εἰδὼς

305 1410 611 1479 ἁμαρτίαν,
657 1411 687 1461 ό
716 1409 873 1477 φύσει
915 1409 1009 1461 καὶ
1038 1408 1264 1478 ἀληθείᾳ.
1298 1408 1458 1470 Θεὸς,
1490 1408 1740 1477 ότροπῆς
1775 1408 1875 1476 τῆς

303 1498 399 1550 ἐπί
419 1515 470 1550 τι
488 1498 593 1550 τῶν
619 1499 717 1550 οὑκ
739 1498 971 1568 ἐχόντων
993 1496 1169 1567 ὀρθῶς
1194 1494 1540 1558 ἀνεπίδεκτος
1564 1494 1873 1558 παντελῶς;

304 1590 422 1658 Οὑχ
449 1591 650 1659 ἣκιστα
686 1590 742 1642 δὲ
775 1590 869 1642 καὶ
892 1588 958 1641 δι’
978 1587 1156 1641 αὑτῶν
1173 1587 1414 1656 ὀψόμεθα
1438 1587 1596 1639 τοῦτο
1621 1586 1727 1639 τῶν
1749 1588 1878 1639 ἁνα-

303 1681 713 1750 γεγραμμένων
745 1682 801 1732 ὲν
850 1683 959 1738 τοῖς
992 1679 1166 1748 ἁγίοις
1207 1677 1633 1747 εὐαγγελισταῖς.
1686 1680 1743 1731 Ὀ
1778 1680 1875 1749 μὲν

1971 503 2157 570 hujus,
2186 513 2239 555 et
2268 503 2321 556 in
2374 517 2459 557 me
2503 516 2612 556 non
2665 502 2825 555 habet
2855 500 3180 570 quidquam,
3224 520 3242 552 ι
3295 505 3396 556 hoc
3424 515 3528 572 est,

1970 607 2077 646 non
2117 594 2415 647 convincar
2448 594 2683 662 peccati,
2716 607 2897 662 neque
2931 607 3096 661 porro
3119 591 3294 647 Judaei
3329 610 3442 649 sua:
3476 598 3530 649 in

1971 696 2057 737 me
2092 683 2412 750 petulantia:
2430 692 2485 736 et
2513 682 3092 752 immanitatisjustam
3118 682 3284 736 ullam
3312 698 3534 739 causam

1973 766 2224 821 habituri
2253 778 2412 832 sunt,
2444 769 2584 823 nihil
2611 769 2666 823 in
2698 785 2785 824 me
2817 770 2922 825 sibi
2963 769 3213 825 vindicat
3261 771 3532 828 diabolus.

1972 856 2200 927 Pmpria
2254 859 2457 929 quippe
2487 860 2609 929 ejus
2649 869 2778 916 sunt
2815 861 2982 925 mala,
3037 870 3094 917 et
3140 863 3346 931 peccati
3385 865 3535 934 origo

1972 950 2278 1018 principem
2308 960 2361 1006 et
2388 959 2673 1006 auctorem
2706 966 2833 1008 eum
2868 953 3140 1023 agnoscit.
3174 953 3330 1020 Quod
3356 963 3536 1009 autem

1972 1054 2139 1095 verus
2171 1041 2244 1096 sit
2275 1041 2363 1097 ille
2393 1056 2578 1097 sermo
2606 1042 2933 1107 Salvatoris,
2957 1059 3022 1099 ex
3050 1045 3170 1113 ipso
3195 1046 3535 1115 potissimum

1971 1132 2161 1187 ordine
2194 1141 2248 1187 et
2282 1133 2426 1189 serie
2485 1134 2779 1189 verborum
2827 1136 2960 1191 licet
3018 1149 3339 1206 agnoscere.
3390 1136 3537 1202 Quo-

1976 1223 2138 1278 modo
2167 1223 2314 1279 enim
2345 1226 2592 1293 peccavit
2629 1224 2725 1294 qui
2748 1233 3035 1293 peccatum
3082 1240 3197 1280 non
3231 1229 3416 1295 novit,
3449 1230 3539 1282 ille

1976 1324 2176 1371 natura
2200 1327 2253 1373 et
2289 1318 2520 1373 veritate
2554 1316 2717 1382 Deus,
2765 1319 2968 1388 quique
3012 1320 3150 1378 nihil
3185 1320 3238 1374 in
3301 1337 3361 1377 se
3390 1326 3538 1392 pravi

1977 1410 2262 1478 suscipere
2300 1392 2540 1478 unquam
2566 1410 2785 1478 possit?
2810 1408 2997 1479 Neque
3021 1426 3151 1465 vero
3183 1411 3366 1468 minus
3398 1414 3450 1467 id
3476 1431 3537 1467 ex

1977 1499 2115 1568 ipsis
2141 1508 2457 1554 sanctorum
2485 1502 2945 1572 evangelistarum
2967 1504 3189 1573 scriptis
3213 1506 3538 1560 videbimus.

1981 1588 2438 1659 Sapientissimus
2496 1592 2699 1661 quippe
2749 1590 2996 1649 Joannes
3042 1592 3276 1648 Pilatum
3328 1596 3541 1651 induxit

1979 1682 2248 1737 dicentem
2275 1701 2287 1737 :
2325 1701 2344 1735 ι
2384 1681 2495 1752 Ego
2520 1683 2724 1737 nullam
2751 1684 2968 1738 invenio
2992 1686 3044 1738 in
3069 1699 3134 1739 eo
3164 1699 3389 1741 causam
3408 1687 3488 1753 1';
3521 1707 3538 1737 ι

303 1771 420 1841 γὰρ
470 1770 777 1840 σοφώτατος
829 1771 1083 1841 Ἰωάννης
1126 1771 1214 1823 τὸν
1258 1770 1489 1823 Πιλάτον
1529 1771 1878 1841 είσκεκόμικε

1991 1782 2033 1827 et
2063 1788 2279 1839 rursus,
2315 1773 2509 1843 spinea
2549 1789 2753 1829 corona
2802 1776 3058 1845 imposita
3104 1776 3434 1841 clamantem
3481 1794 3545 1831 ac

303 1863 538 1929 λέγοντα
560 1880 572 1893 ·
601 1881 619 1912 ι
644 1860 783 1931 Ἐγὼ
810 1863 1063 1932 οὐδεμίαν
1093 1861 1266 1916 αἰτίαν
1301 1862 1539 1933 εὑρίσκω
1567 1861 1625 1913 ὲν
1645 1861 1792 1931 αὑτῷ
1814 1878 1826 1891 ·
1855 1880 1873 1913 ι

307 1954 407 2005 καὶ
436 1952 602 2007 πάλιν
651 1953 788 2023 μετὰ
818 1953 880 2005 τὸ
906 1952 1172 2005 ἐπιθεῖναι
1203 1952 1465 2021 στέφανον
1502 1953 1593 2005 τὸν
1623 1951 1682 2017 ἐξ
1709 1953 1880 2005 ἀκαν-

309 2043 455 2106 θῶν,
507 2042 930 2113 προσφωνοῦντα
980 2043 1070 2097 καὶ
1113 2042 1358 2112 λέγονταο
1392 2061 1410 2094 ‹
1444 2044 1549 2097 Ἴδε
1575 2044 1694 2113 ἄγω
1721 2043 1881 2097 αὐτὸν

311 2136 445 2205 ὑμῖν
467 2133 592 2201 ἔξω,
620 2134 706 2188 ἵνα
726 2133 918 2202 γνῶτε,
950 2134 1037 2188 ὅτε
1060 2133 1313 2203 οὐδεμίαν
1348 2133 1526 2191 αἰτίαν
1556 2135 1795 2203 εὑρίσκω
1825 2138 1883 2188 ὲν

311 2224 482 2295 αὐτῷ.
516 2244 534 2276 ι
593 2224 651 2279 '0
677 2223 734 2277 δέ
762 2241 826 2292 γε
850 2222 1125 2287 Ματθαίος
1149 2225 1228 2286 είς
1248 2224 1517 2294 τοσαύτην
1547 2226 1706 2279 αὑτὸν
1733 2243 1886 2296 μισο-

312 2316 580 2389 πονηρίαν
603 2315 825 2386 ἁφῖχθαί
859 2333 1056 2387 φησιν,
1085 2316 1160 2379 ὡς
1199 2315 1291 2368 καὶ
1324 2316 1690 2386 ἀπονίψασθαι
1724 2320 1886 2375 αὑτὸν

313 2409 427 2469 τοῖς
467 2405 737 2470 Ἰουδαίοις
759 2406 860 2469 τὰς
889 2408 1076 2476 χεῖρας
1108 2406 1203 2460 καὶ
1239 2408 1411 2459 εἰπεῖν
1436 2422 1448 2436 ·
1486 2427 1504 2458 ι
1546 2408 1745 2473 Ἀθῶός
1771 2413 1886 2481 είμι

317 2502 430 2557 ἀπὸ
450 2500 541 2555 τοῦ
560 2502 788 2571 αἵματος
814 2501 909 2555 τοῦ
937 2500 1145 2555 δικαίου
1172 2500 1379 2555 τούτου.
1409 2520 1428 2554 ι
1478 2502 1592 2554 Ἐπ’
1627 2503 1805 2557 αὑτῶν
1832 2504 1888 2558 δὲ

319 2592 431 2645 τῶν
489 2592 782 2663 ἀρχιερέων
849 2591 1336 2661 εἰσκεκομισμένον
1398 2592 1528 2660 ἡμῖν
1597 2593 1885 2657 ἐπιδείξας,

313 2681 459 2735 οὕτω
492 2682 654 2753 φησίν
676 2699 689 2713 ο
722 2701 740 2733 ι
772 2684 835 2736 Ol
862 2683 918 2735 δὲ
942 2683 1220 2755 ἀρχιερεῖς
1259 2683 1349 2735 καὶ
1376 2682 1434 2736 τὸ
1468 2683 1742 2754 συνέδριον
1770 2683 1887 2737 ὅλον

313 2774 543 2843 ἐζήτουν
582 2773 1057 2845 ψευδομαρτυρίαν
1097 2773 1239 2826 κατὰ
1285 2773 1379 2826 τοῦ
1423 2774 1699 2843 Χριστοῦ,
1743 2774 1891 2836 ὅπως

238 2930 245 2937 κ
314 2865 477 2918 αὑτὸν
512 2863 865 2919 θανατώσωσι
888 2909 901 2929 ,
938 2865 1031 2918 καὶ
1066 2866 1164 2934 οὑχ
1190 2859 1375 2935 εὗρον,
1424 2863 1632 2919 πολλῶν
1662 2864 1889 2935 προσελ-

313 2956 519 3011 θόντων
561 2955 1040 3026 ψευδομαρτύρων.
1082 2956 1155 3008 Ἐί
1189 2955 1298 3026 γὰρ
1349 2955 1444 3009 καὶ
1485 2956 1553 3008 δι’
1592 2954 1893 3026 ἀνθρώπων

315 3048 563 3118 ἐζητεῖτο
591 3047 658 3101 τὰ
690 3047 810 3100 κατ’
836 3048 1016 3109 αὑτὸν,
1050 3047 1165 3099 ἀλλ’
1194 3045 1268 3110 ὡς
1290 3046 1542 3117 ὀργάνοις
1570 3046 1664 3099 καὶ
1694 3047 1894 3115 ὑπουρ-

317 3141 437 3207 γοίς
465 3138 564 3207 τῆς
591 3137 817 3207 ἐνούσης
859 3136 1008 3207 αὑτῷ
1045 3136 1370 3207 δυστροπίας
1418 3136 1619 3207 ἐχρῆτο
1654 3136 1683 3187 ό
1716 3134 1894 3189 διάϐο-

315 3229 429 3293 λος,
459 3230 551 3282 καὶ
577 3228 741 3290 αὐτὸς
776 3223 846 3297 ἦν
875 3227 1101 3297 μᾶλλον,
1148 3227 1290 3297 ἥπερ
1321 3226 1507 3295 ἕτερός
1544 3243 1627 3289 τις
1654 3226 1683 3277 ό
1714 3227 1896 3295 εὑρεῖν

319 3326 378 3375 ὲν
404 3320 552 3390 αὑτῷ
578 3319 760 3391 ζητῶν
782 3319 1181 3389 πλημμέλημα.
1214 3316 1421 3371 Οὐκοῦν
1440 3316 1656 3387 ἀληθὲς,
1679 3318 1760 3370 ὅτι
1790 3317 1899 3370 τῶν

325 3414 468 3467 ἰδίων
491 3412 644 3466 οὐδὲν
675 3408 823 3481 εἶχεν
851 3413 880 3465 6
906 3410 1149 3472 διάϐολος
1185 3411 1241 3462 ἐν
1271 3408 1438 3479 αὐτῷ,
1464 3408 1522 3463 ὂν
1543 3409 1637 3462 καὶ
1664 3409 1902 3479 ἄρχοντα

320 3502 414 3554 τοῦ
450 3502 658 3570 κόσμου
687 3500 827 3570 πρὸς
871 3503 930 3552 τδ
963 3497 1135 3567 παρὸν
1173 3497 1452 3567 ὠνόμασεν
1475 3537 1490 3561 ,
1538 3500 1635 3567 οὑχ
1666 3499 1741 3560 ὡς
1771 3498 1903 3566 ἀλη-

324 3593 434 3654 θῶς
462 3591 591 3644 ὄντα
614 3589 912 3657 δεσπότην,
953 3588 1070 3642 ἀλλ’
1096 3590 1283 3657 ὥσπερ
1306 3586 1429 3640 τινὰ
1463 3587 1572 3640 τῶν
1609 3587 1902 3656 ἀλιτηρίων

331 3680 624 3750 βαρϐάρων
673 3678 989 3745 πλεονεξίας
1029 3677 1181 3748 νόμῳ
1239 3678 1585 3748 κρατήσαντα
1627 3676 1735 3729 τῶν
1786 3677 1903 3730 κατ’

331 3770 525 3825 οὐδένα
565 3768 769 3840 τρόπον
812 3767 1197 3838 προσηκόντων
1222 3765 1389 3836 αὐτῷ.
1448 3766 1568 3836 Ὑφ’
1603 3765 1777 3837 ἐαυτῷ
1799 3766 1906 3837 γὰρ

334 3860 631 3930 ἐποιήσατο
663 3857 754 3912 διὰ
777 3857 875 3927 τῆς
903 3856 1179 3928 ἁμαρτίας
1207 3856 1296 3909 τὸν
1328 3855 1644 3926 ἄνθρωπον,
1685 3858 1777 3911 καὶ
1803 3856 1907 3911 ὤσ-

333 3969 443 4021 περ
518 3950 642 4005 τινὰ
698 3949 931 4021 ποίμνην
977 3948 1399 4019 ἀνεπιστάτητον
1460 3947 1901 4018 ἁποόουκολήσας

331 4041 467 4095 Θεοῦ
493 4081 510 4107 ,
568 4040 675 4094 τῶν
703 4039 995 4112 ἀλλοτρίων
1040 4040 1280 4110 ἐκράτει.
1344 4041 1630 4111 Τοιγάρτοι
1682 4039 1900 4109 καὶτῆς

328 4131 473 4186 οὕτω
511 4131 863 4201 πορισθείσης
891 4131 1066 4203 ἀρχῆς
1088 4131 1309 4195 δικαίως
1337 4130 1683 4201 ὲκόέϐληται.
1726 4130 1901 4185 856a-

332 4222 548 4278 σὶλευκε
593 4224 701 4293 γὰρ
736 4222 820 4292 ἐφ’
848 4225 991 4294 ἡμᾶς
1024 4226 1053 4277 6
1090 4224 1339 4293 Χριστός.
1385 4223 1475 4276 Διό
1516 4240 1685 4293 φησι·
1745 4242 1761 4274 ι
1790 4224 1905 4279 Νῦν

1981 1864 2292 1920 dicentem:
2330 1884 2349 1915 ι
2413 1866 2557 1921 Ecce
2602 1866 2820 1921 adduco
2866 1868 3024 1923 vobis
3072 1882 3196 1921 eum
3249 1868 3435 1924 foras:
3488 1880 3547 1923 ut

1982 1956 2329 2026 cognoscatis
2353 1956 2480 2026 quia
2505 1957 2712 2012 nullam
2744 1958 2964 2013 invenio
2994 1958 3049 2012 in
3089 1974 3155 2013 eo
3184 1961 3492 2015 causam".
3524 1981 3540 2013 ι

1984 2045 2274 2102 Mattheus
2336 2060 2470 2101 vero
2529 2047 2844 2102 Judazorum
2902 2049 3213 2119 nequitiam
3269 2060 3549 2120 tantopere

1985 2137 2338 2192 abhorruisse
2356 2139 2508 2193 illum
2534 2138 2750 2201 scribit,
2772 2145 2830 2191 ut
2852 2145 2906 2190 et
2929 2152 3116 2192 coram
3133 2137 3336 2194 Judmis
3354 2154 3546 2195 manus

1983 2226 2147 2298 855
2202 2229 2461 2295 abluerit,
2492 2242 2557 2282 ac
2591 2227 2829 2282 dixerit:
2867 2245 2885 2278 ι
2925 2226 3194 2283 lnnocens
3223 2244 3325 2300 ego
3360 2245 3484 2285 sum
3520 2248 3547 2283 a

1986 2319 2258 2389 sanguine
2284 2319 2423 2388 justi
2462 2319 2630 2388 hujus
2651 2317 2718 2370 ".
2758 2336 2778 2371 ι
2811 2317 2892 2372 Ad
2932 2319 3081 2386 ipsos
3114 2326 3294 2372 autem
3326 2322 3549 2389 pontiﬁ—

1950 2436 1955 2449 ι
1987 2427 2078 2468 ces
2113 2411 2415 2467 adductum
2447 2426 2571 2466 eum
2605 2409 2927 2475 ostendens,
2959 2410 3039 2464 sic
3076 2411 3307 2465 scribit:
3341 2431 3357 2462 ι
3394 2410 3550 2466 Prin-

1989 2504 2138 2572 cipes
2169 2510 2351 2558 autem
2392 2501 2737 2558 sacerdotum
2773 2509 2828 2555 et
2866 2515 3027 2555 omne
3068 2502 3365 2555 concilium
3405 2518 3552 2574 qua:-

1991 2595 2184 2649 rebant
2237 2595 2436 2649 falsum
2473 2591 2852 2647 testimonium
2887 2600 3081 2647 contra
3116 2592 3398 2649 Christum
3420 2636 3433 2661 ,
3495 2605 3554 2648 ut

1989 2699 2112 2738 eum
2141 2684 2301 2738 morti
2326 2684 2628 2747 traderent,
2650 2689 2703 2737 et
2731 2696 2841 2736 non
2872 2682 3219 2747 invenerunt,
3244 2698 3369 2739 cum
3400 2686 3552 2738 multi

1992 2775 2111 2829 falsi
2165 2781 2335 2828 testes
2383 2773 2754 2828 accessissent
2776 2772 2845 2824 ⁷⁵.
2907 2792 2927 2825 ι
2967 2771 3213 2828 Tametsi
3256 2773 3401 2829 enim
3459 2790 3556 2844 per

1994 2866 2247 2937 homines
2287 2864 2407 2932 ejus
2460 2863 2725 2933 perdendi
2777 2878 2957 2919 causae
3010 2865 3438 2933 quaerebantur,
3490 2867 3556 2922 iis

1994 2961 2174 3009 tamen
2238 2962 2503 3022 tanquam
2573 2952 2958 3009 instrumentis
3009 2969 3073 3008 ac
3118 2954 3387 3011 ministris
3446 2970 3559 3012 suae

1997 3044 2357 3116 malignitatis
2385 3044 2637 3100 diabolus
2664 3044 2940 3108 utebatur,
2981 3054 3034 3099 et
3065 3044 3182 3115 ipse
3222 3053 3342 3101 erat
3376 3048 3558 3115 potius

1994 3152 2157 3207 quam
2191 3136 2331 3191 alius
2365 3137 2459 3205 qui
2496 3143 2778 3205 peccatum
2815 3136 2869 3191 in
2901 3150 2965 3191 eo
3003 3137 3305 3206 quaerebat.
3358 3135 3558 3190 Verum

1992 3236 2077 3285 est
2132 3228 2302 3300 igitur
2347 3227 2485 3283 nihil
2519 3228 2573 3280 in
2628 3241 2695 3281 eo
2746 3227 2853 3282 sibi
2910 3228 3221 3283 vindicasse
3259 3227 3558 3295 diabolum,

1993 3336 2153 3392 quem
2176 3319 2364 3375 mundi
2386 3319 2687 3389 principem
2713 3320 2874 3374 etiam
2895 3319 3213 3389 impra‘sens
3237 3319 3559 3385 nominavit,

1999 3427 2106 3469 non
2134 3412 2294 3484 quasi
2324 3427 2453 3466 vere
2480 3412 2551 3466 sit
2582 3412 2730 3466 illius
2764 3410 3044 3473 dominus,
3088 3410 3182 3465 sed
3223 3410 3315 3480 qui
3355 3410 3563 3465 eﬂ‘erati

2000 3504 2221 3559 barbari
2250 3503 2538 3572 cujusdam
2570 3504 2747 3558 instar
2776 3500 3085 3571 tyrannidis
3114 3502 3232 3572 lege
3255 3517 3379 3572 quae
3404 3502 3472 3556 ad
3505 3517 3567 3558 se

2000 3595 2151 3649 nullo
2180 3593 2345 3649 modo
2370 3594 2650 3663 pertinent
2694 3593 2977 3647 invaserit.
3016 3589 3304 3646 Hominem
3363 3592 3564 3662 quippe

2001 3699 2116 3740 suae
2140 3682 2373 3738 ditionis
2404 3680 2538 3737 fecit
2566 3696 2663 3751 per
2700 3689 3007 3750 peccatum,
3044 3687 3098 3733 et
3145 3693 3362 3749 gregem
3391 3679 3564 3734 veluti

2000 3776 2289 3847 quemdam
2320 3782 2541 3845 pastore
2563 3773 2885 3830 destitutum
2915 3772 3106 3843 procul
3131 3786 3159 3825 a
3183 3771 3295 3829 Deo
3317 3771 3566 3843 abigens,

2005 3868 2183 3923 aliena
2215 3866 2437 3921 invasit.
2485 3862 2835 3933 Proindeque
2891 3862 3205 3934 principatu
3267 3862 3370 3917 hoc
3404 3860 3568 3917 modo

2005 3961 2272 4023 occupato
2319 3952 2443 4021 jure
2474 3952 2697 4007 excidit.
2736 3951 3006 4022 Regnavit
3041 3951 3188 4007 enim
3256 3964 3422 4021 super
3467 3963 3597 4004 nos.

2006 4043 2283 4100 Christus.
2309 4041 2518 4099 Idcirco
2546 4043 2622 4097 ait
2646 4062 2659 4097 :
2689 4061 2707 4093 ι
2737 4041 2892 4097 Nunc
2917 4043 3173 4113 princeps
3193 4040 3360 4110 hujus
3384 4038 3572 4094 mundi

2008 4137 2263 4206 ejicietur
2292 4134 2479 4202 foras;
2508 4145 2561 4190 et
2606 4151 2709 4206 ego
2743 4134 2789 4190 si
2839 4135 3114 4189 exaltatus
3153 4132 3308 4188 fuero
3339 4147 3368 4184 a
3404 4141 3570 4195 terra,

2009 4229 2191 4283 omnia
2219 4229 2427 4282 traham
2462 4226 2527 4280 ad
2552 4227 2817 4295 meipsum
2844 4225 2911 4279 ⁷⁸.
2954 4243 2972 4277 ι

331 4316 361 4367 6
416 4314 598 4382 ἄρχων
643 4310 738 4364 τοῦ
786 4312 989 4381 κόσμου
1049 4312 1237 4365 τούτου
1305 4312 1697 4382 ἐκϐληθήσεται
1766 4314 1904 4381 ἔξω,
1946 4318 2097 4387 κάγὼ
2142 4318 2236 4371 ἐὰν
2269 4317 2466 4387 ὑψωθῶ
2494 4319 2555 4370 ὲκ
2586 4317 2681 4385 τῆς
2712 4315 2844 4383 γῆς,
2895 4315 3098 4375 πάντας
3166 4313 3375 4367 ἑλκύσω
3443 4307 3575 4381 πρὸς

335 4405 590 4476 ἐμαυτόν.

422 4499 747 4566 Ἐγείρεσθε
766 4538 780 4561 ,
819 4497 1052 4564 ἄγωμεν
1080 4496 1376 4551 ἐντεῦθεν.

422 4590 478 4641 Ὀ
527 4591 623 4657 μὲν
666 4590 843 4650 κοινὸς
886 4592 997 4651 τοῖς
1038 4589 1246 4650 πολλοῖς
1283 4590 1378 4641 καὶ
1429 4591 1787 4657 τετριμμένος
1817 4590 1911 4642 τοῦ

341 4680 701 4750 προκειμένου
731 4681 889 4749 λόγος
915 4681 1093 4732 ἐκεῖνο
1123 4678 1302 4731 δίδωσι
1328 4682 1465 4730 νοεῖν
1483 4719 1498 4743 ,
1532 4678 1605 4741 ὡς
1632 4679 1858 4749 ἐπείπερ
1886 4682 1913 4731 6

340 4773 443 4841 τῆς
484 4772 751 4825 Ἰουδαίων
785 4771 1039 4833 ἀπονοίας
1066 4769 1347 4832 εἰσελάσας
1371 4769 1470 4840 ήδη
1501 4772 1687 4841 καιρὸς
1723 4789 1910 4840 μονον-

341 4863 468 4931 ουχὶ
523 4863 806 4931 πεπηγότα
843 4860 1028 4914 λοιπὸν
1065 4859 1156 4911 τὸν
1183 4860 1361 4928 τίμιον
1398 4857 1492 4910 τοῦ
1521 4859 1767 4929 Σωτῆρος
1797 4863 1915 4914 ἐπι-

343 4953 578 5006 δεικνύει
607 4954 854 5023 σταυρὸν,
872 4956 948 5015 εἰς
972 4952 1209 5014 ἐκείνους
1230 4950 1553 5021 ἀποτρέχειν
1570 4952 1691 5012 τοὺς
1716 4952 1913 5014 τόπους

344 5044 483 5114 ὁμοῦ
511 5048 623 5108 τοῖς
640 5046 813 5113 ἁγίοις
844 5043 1109 5115 μαθηταῖς
1138 5042 1398 5111 ἠπείγετο
1416 5081 1430 5104 ,
1452 5044 1508 5094 ὲν
1535 5038 1725 5113 οἷσπερ
1756 5044 1915 5095 αὑτὸν

346 5138 380 5207 η
412 5136 522 5188 τῶν
551 5137 838 5207 ὑπηρετῶν
885 5135 1206 5189 συνελάϐετο
1249 5134 1484 5207 εὑροῦσα
1539 5132 1757 5206 σπεῖραζ
1807 5138 1918 5190 Καὶ

347 5227 575 5291 πιθανὸς
611 5228 708 5298 μὲν
734 5230 761 5281 6
785 5226 907 5290 νοῦς
934 5245 947 5257 ·
1001 5226 1139 5296 πλὴν
1183 5227 1328 5289 είκός
1362 5243 1420 5278 τε
1459 5226 1554 5279 καὶ
1582 5224 1767 5296 ἓτερον
1799 5226 1919 5279 ἐθέ-

344 5319 463 5371 λειν
507 5316 801 5389 ὑποδηλοῦν
853 5314 1217 5386 πνευματικὸν
1255 5314 1494 5384 δηλονότι
1536 5313 1629 5367 καὶ
1678 5330 1922 5384 κεκρυμ-

348 5411 536 5483 μένον.
577 5410 687 5479 Τὴν
716 5409 822 5479 γὰρ
850 5407 907 5473 ἐξ
930 5408 1115 5477 ἑτέρου
1138 5406 1281 5468 τινὸς
1307 5406 1437 5474 πρὸς
1468 5404 1654 5475 ἕτερόν
1679 5420 1731 5456 τι
1761 5404 1927 5473 μετά-

346 5518 545 5556 στασιν
570 5500 666 5553 καὶ
689 5499 786 5568 τὴν
810 5501 872 5551 ὲκ
904 5497 1011 5550 τῶν
1039 5495 1295 5566 χειρόνων
1326 5497 1403 5557 εἰς
1432 5495 1491 5545 τὸ
1524 5493 1745 5564 ἄμεινον
1784 5484 1921 5547 ἀποι-

1944 4504 1987 4555 D
2089 4493 2224 4557 XIV,
2250 4494 2335 4547 51.
2367 4491 2595 4559 Surgite,
2621 4505 2799 4542 eamus
2827 4489 2965 4541 hinc.

2081 4584 2402 4637 Communis
2452 4581 2592 4651 apud
2632 4579 2834 4633 multos
2895 4584 2948 4633 et
2989 4577 3114 4631 trita
3149 4577 3314 4647 hujus
3347 4577 3451 4632 loci
3483 4597 3577 4634 ex-

2014 4675 2210 4743 positio
2239 4680 2343 4736 est,
2380 4672 2665 4733 nimirum,
2699 4672 2829 4740 quia
2868 4668 3084 4724 Judaici
3123 4668 3329 4724 furoris
3365 4677 3577 4738 tempus

2011 4767 2269 4832 ingruens
2291 4762 2588 4833 pretiosam
2613 4758 2923 4815 Servatoris
2945 4772 3164 4814 crucem
3187 4760 3574 4829 propemodum

2012 4855 2244 4909 deliram
2277 4850 2622 4918 ostendebat,
2674 4848 2884 4903 idcirco
2927 4849 2993 4902 ad
3040 4863 3103 4903 ea
3135 4848 3251 4905 loca
3292 4865 3397 4904 una
3452 4864 3577 4903 cum

2013 4944 2223 4999 sanctis
2274 4940 2564 5010 discipulis
2614 4939 2794 5008 ipsum
2853 4937 3208 5000 contendere,
3272 4938 3325 4990 in
3378 4937 3576 5005 quibus

2010 5050 2132 5090 eum
2181 5034 2476 5089 satellitum
2506 5031 2705 5087 cohors
2740 5037 3014 5098 repertum
3042 5027 3471 5097 comprehcndit.
3514 5027 3579 5080 Et

2012 5126 2102 5179 hic
2148 5124 2367 5194 quidem
2425 5138 2620 5177 sensus
2666 5129 2750 5175 est
2792 5119 3143 5175 verisimilis:
3208 5125 3579 5171 verumtamen

2015 5219 2181 5272 alium
2207 5214 2518 5285 quemdam,
2540 5212 2841 5283 spiritalem
2869 5208 3127 5264 videlicet
3159 5213 3213 5259 et
3241 5205 3575 5267 abstrusum,

2012 5307 2168 5375 juvat
2199 5306 2463 5359 indicare.
2491 5301 2841 5356 Mutationem
2874 5296 3076 5369 quippe
3106 5311 3170 5350 ex
3216 5309 3324 5348 uno
3350 5297 3402 5347 in
3435 5295 3584 5348 aliud

2020 5410 2070 5453 et
2104 5413 2132 5450 a
2171 5398 2353 5465 pravis
2381 5394 2445 5448 ad
2484 5392 2709 5446 meliora
2739 5388 3159 5443 conversionem
3197 5402 3294 5456 per
3328 5386 3503 5456 ipsum
3533 5395 3587 5440 ct

2026 5489 2303 5555 cumipso
2344 5485 2501 5537 nohis
2551 5479 2804 5533 omnibus
2847 5477 2966 5530 fore
3016 5476 3326 5545 signiﬁcare
3378 5477 3584 5542 volens,

421 5674 465 5707 '"
503 5673 663 5727 Joan.
699 5688 849 5735 XVIII,
877 5672 966 5725 38.
1034 5672 1079 5703 ⁷³
1106 5671 1263 5726 Joan.
1292 5688 1402 5735 xu,
1437 5672 1486 5724 4.
1554 5673 1597 5702 ⁷⁵
1633 5669 1826 5723 Matth.
1862 5681 2032 5731 xxvu,
2066 5668 2152 5719 ‘25.
2211 5667 2253 5697 ⁷³
2282 5663 2470 5717 Matth.
2513 5674 2659 5724 χχιιι,
2699 5659 2785 5723 59,
2814 5658 2899 5712 ὓθ.
2969 5655 3012 5687 ⁷⁸
3049 5654 3209 5709 Joan.
3242 5670 3340 5717 xu,
3374 5653 3465 5715 5i,
3499 5652 3587 5702 5‘2.

674 5765 943 5830 Parnm.
990 5766 1103 5824 Gn.
1152 5764 1402 5823 LXXIV.

3147 5747 3211 5808 11
