4076 6270
521 323 619 378 331

1555 312 1611 366 S.
1633 310 1906 367 CYRILLI
1934 310 2404 368 ALEXANDRINI
2424 310 2745 369 ARCHIEP.

3665 314 3776 369 533

524 435 829 491 exclamat:
873 447 893 482 ι
930 428 1174 501 Surgite,
1207 440 1399 482 eamus
1451 426 1602 491 hinc,
1642 444 1661 478 ι
1691 435 1751 479 ut
1788 425 1899 479 tale
1933 424 2095 495 quid-

2200 425 2409 497 δρομήν
2426 467 2444 493 ,
2486 426 2554 480 δι’
2584 425 2750 482 αὑτοῦ
2780 443 2838 479 τε
2873 426 2966 481 καὶ
3001 427 3098 481 σὺν
3121 426 3270 499 αὑτῷ
3303 429 3469 482 πᾶσιν
3496 430 3632 500 ἡμῖν
3660 431 3785 483 ἐσο-

527 527 673 597 piam
705 521 1008 591 intelligere
1036 534 1102 575 ex
1130 519 1212 574 rei
1238 518 1469 573 veritate
1503 517 1830 580 debeamus,
1860 530 1890 569 a
1921 523 2098 570 morte

527 600 746 683 quidem
780 613 847 667 ad
878 614 1069 675 vitam,
1105 617 1159 665 et
1186 625 1217 664 a
1253 611 1610 680 corruptione
1638 608 1706 663 ad
1730 608 2098 679 incorruptio-

527 720 676 768 nem,
717 718 812 774 per
848 703 1026 770 ipsum
1068 709 1124 754 et
1184 714 1308 753 cum
1360 698 1504 769 ipso,
1563 698 1730 754 sicuti
1762 698 1924 752 modo
1952 697 2095 760 dixi,

527 796 685 866 quasi
718 795 785 847 ab
823 808 931 846 uno
955 791 1077 845 loco
1106 791 1343 846 transire
1372 790 1428 844 in
1454 790 1642 844 alium.
1694 787 1862 844 Recte
1913 788 2100 858 itaque

528 886 684 949 illud,
727 902 745 935 ι
777 882 1017 955 Surgite,
1045 897 1237 939 eamus
1272 882 1422 947 hinc,
1446 901 1465 934 ι
1501 881 1703 951 inquit.
1733 879 1877 946 Quin
1911 886 1966 935 et
1992 879 2099 933 alio

528 979 690 1033 modo
719 977 788 1032 de
816 976 976 1031 nobis
1008 974 1142 1046 ipsis
1171 975 1381 1030 dictum
1410 974 1542 1029 illud
1570 973 1863 1043 intelliges.
1892 970 2099 1025 Trans-

527 1069 736 1125 ferendi
782 1081 1007 1123 eramus
1046 1081 1077 1121 a
1118 1066 1312 1121 mundi
1366 1080 1554 1121 amore
1624 1064 1690 1119 ad
1762 1064 2098 1119 voluntatem

525 1159 760 1216 faciendi
799 1159 970 1230 856
998 1157 1143 1228 quod
1179 1156 1291 1213 Deo
1329 1158 1594 1229 placeret,
1627 1172 1692 1212 ac
1724 1166 1991 1233 praeterea
2032 1171 2099 1210 ex

525 1250 792 1306 servitute
840 1249 906 1304 ad
968 1248 1294 1319 dignitatem
1345 1247 1683 1318 adOptionis,
1716 1264 1784 1304 ex
1836 1255 1987 1302 terra
2032 1245 2101 1300 ad

527 1355 818 1410 supernam
843 1338 1143 1402 civitatem,
1198 1355 1264 1394 es
1321 1347 1547 1411 peccato
1574 1339 1642 1393 ad
1688 1353 1807 1393 eam
1840 1354 1962 1409 quae
1995 1352 2094 1409 per

527 1434 688 1489 ﬁdem
723 1433 780 1486 in
807 1431 1029 1485 Christo
1070 1438 1159 1485 cst
1187 1431 1482 1501 justitiam,
1535 1445 1599 1485 ex
1634 1430 1958 1501 impuritate
1994 1430 2100 1484 hu-

528 1540 690 1581 mana
721 1524 789 1580 ad
819 1523 1056 1595 Spiritus
1086 1522 1533 1588 sanctimoniam,
1575 1537 1640 1578 ex
1668 1523 2002 1578 contumelia
2036 1522 2091 1576 in

526 1618 779 1689 gloriam,
812 1632 874 1671 ex
903 1614 1179 1685 imperitia
1209 1614 1265 1669 in
1300 1614 1617 1679 scientiam,
1645 1629 1714 1669 ex
1750 1614 2009 1669 socordia
2040 1621 2097 1669 et

528 1708 844 1764 inﬁrmitate
888 1705 957 1761 ad
1011 1705 1269 1761 virtutem
1306 1705 1361 1759 in
1416 1705 1555 1760 bene
1601 1705 1837 1776 agendo.
1890 1704 2097 1760 Locum

528 1801 714 1870 itaque
754 1799 919 1853 veluti
968 1795 1260 1867 quemdam
1304 1797 1511 1852 nostris
1566 1797 1801 1851 terrenis
1854 1796 2098 1866 peccatis

529 1902 732 1947 terram
776 1892 915 1946 hanc
970 1897 1242 1954 statuens,
1289 1908 1307 1941 ι
1352 1886 1604 1958 Surgite,
1671 1887 1869 1958 inquit,
1908 1903 2099 1943 eamus

529 1982 679 2037 hinc.
720 2010 739 2033 ι
792 1979 943 2035 Licet
976 1980 1143 2042 enim,
1190 1979 1372 2049 quoad
1413 1979 1673 2049 loquendi
1722 1978 1976 2043 formam,
2012 1995 2099 2035 se-

532 2076 709 2144 ipsum
734 2073 893 2127 nobis
912 2070 1244 2141 conjungere
1270 2069 1538 2134 videatur,
1567 2071 1703 2126 nihil
1729 2079 1909 2125 tamen
1936 2071 2099 2127 nobis

530 2164 690 2233 plane
725 2161 869 2216 istud
900 2160 1097 2221 oberit,
1131 2175 1254 2213 cum
1288 2162 1336 2213 id
1371 2159 1557 2214 facere
1586 2161 1779 2215 soleat.
1812 2159 1970 2216 Unde
1998 2162 2098 2216 ali-

529 2254 654 2308 cubi
692 2252 758 2306 ad
794 2266 923 2306 suos
954 2250 1257 2319 discipulos
1291 2251 1560 2306 dicentem
1612 2252 1767 2306 illum
1812 2253 2095 2321 reperies:

535 2363 553 2396 ι
612 2342 695 2398 Me
745 2348 955 2413 oportet
1008 2340 1227 2408 operari
1277 2355 1445 2411 opera
1494 2342 1615 2409 ejus
1645 2342 1738 2411 qui
1784 2342 1934 2395 misit
1988 2357 2097 2407 me,

531 2430 704 2485 donec
752 2429 872 2484 dies
910 2438 1013 2483 cst.
1038 2426 1208 2481 Venit
1248 2444 1355 2483 nox
1381 2469 1397 2495 ,
1445 2430 1666 2501 quando
1694 2445 1859 2485 nemo
1919 2439 2099 2500 potest

530 2521 744 2592 operari
766 2521 837 2575 "".
872 2538 893 2572 ι
920 2520 1092 2575 Audis
1115 2532 1172 2576 ut
1197 2523 1442 2591 seipsum
1478 2524 1640 2579 nobis
1669 2538 1909 2593 operum
1927 2524 2098 2597 comi-

535 2624 639 2669 tem
670 2614 955 2683 adjungat,
976 2613 1102 2668 licet
1132 2614 1340 2669 nostris
1361 2615 1624 2683 operibus
1639 2631 1748 2670 non
1770 2617 1842 2671 sit
1873 2618 2098 2686 perinde

532 2719 597 2759 ac
649 2718 749 2759 nos
793 2703 1113 2757 obnoxius?
1147 2704 1215 2756 At
1258 2702 1519 2757 usitatam
1578 2704 1718 2759 hanc
1782 2720 1904 2760 esse
1954 2706 2098 2775 apud

536 2789 636 2852 tios
684 2794 940 2864 loquendi
980 2792 1209 2847 formam
1244 2794 1418 2849 nihilo
1445 2795 1626 2850 secius
1670 2797 2094 2865 comperiemus.

535 2887 748 2956 Quippe
793 2886 1009 2940 divinus
1035 2884 1240 2940 Paulus
1288 2885 1607 2941 Corinthios
1638 2887 1961 2959 obiurgans,
2020 2889 2099 2943 ita

534 2977 725 3033 scribit
752 2994 766 3030 :
810 2994 827 3027 t
868 2974 993 3029 Haec
1028 2984 1233 3041 autem,
1263 2976 1482 3040 fratres,
1510 2976 1902 3047 transﬂguravi
1927 2979 1982 3032 in
2013 2995 2099 3036 me

2204 518 2372 587 μένην
2400 519 2783 589 κατασημῆναι
2815 517 3013 583 θέλων,
3042 518 3103 572 τὸ
3124 537 3143 571 ι
3184 517 3493 591 Ἐγείρεσθε
3512 561 3528 586 ,
3555 520 3781 591 ἄγωμεν

2200 607 2447 662 ἐντεῦθεν
2472 626 2491 659 ι
2530 609 2793 676 ἐπιφωνεῖ
2813 626 2827 638 ·
2865 608 2951 663 ἵνα
2978 626 3032 662 τι
3057 609 3319 673 τοιοῦτον,
3359 610 3434 675 ὡς
3461 611 3520 663 ἐν
3550 611 3784 685 ἀληθείᾳ

2199 695 2392 766 νοῆσαι
2417 695 2701 767 μέλλωμεν
2722 737 2736 760 ,
2767 697 2876 750 ἀπὸ
2904 698 3003 769 μὲν
3031 697 3260 752 θανάτου
3290 700 3426 771 πρὸς
3451 700 3626 772 ζωήν,
3674 704 3785 756 ἀπὸ

2198 786 2256 840 δὲ
2292 787 2495 858 φθορᾶς
2528 789 2608 853 είς
2639 788 2967 859 ἀφθαρσίαν,
2993 789 3058 843 δι’
3085 790 3251 844 αὑτοῦ
3272 809 3331 844 τε
3362 792 3458 844 καὶ
3481 794 3577 846 σὺν
3607 793 3782 863 αὐτῷ,

2201 877 2454 949 καθάπερ
2484 877 2620 948 ἔφην
2645 879 2878 949 ἀρτίως,
2923 879 3000 942 ὡς
3018 880 3125 934 ἀπό
3156 898 3302 945 τινος
3337 883 3505 936 τόπου
3536 901 3789 955 μεταχω·

2202 969 2316 1039 ρεῖν
2346 971 2425 1032 είς
2456 970 2661 1040 ἕτερον.
2709 971 2906 1033 Καλῶς
2940 965 3036 1026 οὖν
3086 973 3196 1043 ἄρα
3236 973 3335 1037 τὸ,
3381 991 3399 1024 t
3443 975 3785 1046 Ἐγείρεσθε,

2200 1057 2423 1127 ἄγωμεν
2453 1058 2733 1126 ἐντεῦθεν,
2773 1078 2791 1110 ι
2828 1059 3012 1129 φησίν.
3064 1055 3141 1113 Ἦ
3174 1060 3266 1113 καὶ
3292 1060 3413 1114 καθ’
3447 1061 3634 1132 ἕτερόν
3663 1079 3787 1116 τινα

2200 1149 2401 1219 τρόπον
2421 1149 2507 1218 ἐφ’
2533 1151 2566 1220 ή
2575 1149 2691 1219 μῶν
2729 1150 2907 1203 αὐτῶν
2929 1150 3140 1223 ἐκλήψῃ
3162 1157 3222 1203 τὸ
3255 1151 3564 1221 εἰρημένον.
3594 1152 3786 1221 Ἐμέλ-

2199 1241 2365 1312 λομεν
2393 1244 2492 1314 ήδη
2527 1244 2881 1314 μεθίστασθαι
2915 1247 2979 1298 ἐκ
3026 1244 3120 1298 τοῦ
3165 1244 3339 1314 φιλεῖν
3373 1245 3442 1298 τά
3483 1247 3542 1298 ἐν
3567 1246 3781 1316 κόσμῳ,

2201 1337 2418 1405 φρονεῖν
2439 1337 2517 1399 εἰς
2544 1337 2604 1389 τὸ
2627 1337 2843 1392 ἑλέσθαι
2876 1337 3006 1409 δρᾷν
3039 1338 3244 1392 ἐθέλειν
3273 1337 3335 1391 τὸ
3362 1336 3553 1391 δοκοῦν
3575 1338 3783 1408 τῷΘεῷ

2202 1430 2294 1482 καὶ
2323 1429 2402 1481 ἔτι
2439 1430 2572 1499 πρὸς
2599 1430 2770 1502 τούτῳ
2799 1434 2863 1486 ἐκ
2889 1432 3133 1496 δουλείας
3168 1431 3462 1501 ἀναφοιτᾷν
3490 1431 3570 1493 είς
3591 1430 3652 1484 τὺ
3680 1431 3782 1502 τῆς

2199 1520 2469 1584 υἱοθεσίας
2516 1521 2733 1591 ἀξίωμα
2754 1563 2768 1585 ,
2817 1524 2925 1578 ἀπὸ
2956 1524 3057 1593 γῆς
3090 1525 3169 1587 είς
3217 1523 3317 1595 τὴν
3344 1525 3455 1579 ἄνω
3483 1524 3640 1577 πόλιν
3662 1563 3676 1584 .
3722 1523 3780 1587 ἐξ

2198 1613 2472 1684 ἁμαρτίας
2498 1615 2577 1676 είς
2604 1613 2951 1684 δικαιοσύνην
2990 1615 3090 1685 τὴν
3127 1614 3215 1668 διὰ
3243 1614 3479 1678 πίστεως
3513 1615 3571 1668 δέ
3598 1615 3778 1685 δηλον-

2200 1704 2280 1756 ότι
2335 1704 2433 1774 τῆς
2456 1706 2513 1757 ἐν
2546 1705 2794 1775 Χριστῷ,
2848 1706 2908 1770 ἐξ
2938 1705 3280 1775 ἀκαθαρσίας
3313 1708 3412 1776 τῆς
3432 1705 3775 1776 ἀνθρωπίνης

2202 1797 2281 1857 εἰς
2312 1794 2401 1847 τὸν
2440 1795 2527 1848 διὰ
2554 1795 2646 1848 τοῦ
2676 1795 2990 1866 Πνεύματος
3017 1797 3316 1866 άγιασμὸν,
3357 1796 3415 1862 ἐξ
3440 1796 3665 1866 ἀτιμίας
3698 1799 3775 1859 είς

2201 1884 2380 1952 δόξαν,
2417 1886 2476 1952 ἐξ
2508 1887 2747 1958 ἀμαθίας
2780 1890 2859 1951 είς
2891 1887 3102 1941 σύνεσιν
3126 1929 3139 1954 ,
3181 1889 3290 1942 ἀπὸ
3335 1888 3391 1942 δέ
3426 1888 3632 1952 δειλίας
3683 1889 3775 1941 καὶ

2197 1978 2516 2049 άνανδρείας
2569 1980 2650 2041 είς
2693 1978 2982 2048 εὐτολμίαν
3034 1979 3131 2049 τὴν
3173 1972 3261 2032 ἐπ’
3310 1979 3554 2047 ἀγαθοῖς.
3603 1980 3774 2033 Τόπον

2197 2066 2290 2124 οὖν
2319 2069 2507 2142 ὥσπερ
2534 2072 2645 2132 τοῖς
2683 2069 2776 2122 ἐπὶ
2816 2070 2919 2140 γῆς
2954 2069 3114 2140 ἡμῶν
3144 2070 3579 2141 πλημμελήμασι
3610 2069 3671 2123 τὸ
3695 2072 3777 2122 ἐν-

2199 2163 2325 2217 θάδε
2357 2163 2546 2227 τιθεὶς,
2583 2182 2602 2215 ι
2638 2162 2971 2234 Ἐγείρεσθε,
3004 2163 3190 2232 φησὶν,
3213 2162 3433 2233 ἄγωμεν
3461 2161 3729 2217 ἐντεῦθεν.
3751 2181 3767 2213 ι

2199 2256 2262 2309 Εἰ
2301 2254 2409 2327 γάρ
2435 2255 2530 2308 καὶ
2551 2295 2563 2318 ,
2590 2255 2711 2307 ὅσον
2746 2250 2880 2326 ἧκεν
2908 2257 2988 2318 είς
3020 2254 3081 2307 τὸ
3112 2254 3207 2307 τοῦ
3240 2253 3400 2322 λόγου
3434 2253 3653 2324 σχῆμα,
3686 2254 3775 2307 καὶ

2199 2348 2389 2401 ἐαυτὸν
2420 2349 2548 2417 ήμῖν
2576 2346 2839 2414 συνδήσας
2866 2346 3135 2415 φαίνεται,
3163 2345 3280 2398 ἀλλ’
3311 2345 3464 2399 οὐδὲν
3493 2348 3645 2416 ἡμᾶς
3665 2345 3770 2398 ἀδι-

2199 2437 2357 2507 κήσει
2391 2435 2547 2488 τοῦτο
2582 2433 2878 2497 παντελῶς,
2905 2434 3135 2503 ἐπείπερ
3173 2433 3323 2503 αὐτῷ
3356 2433 3514 2487 τοῦτο
3550 2432 3774 2503 σύνηθες

2197 2527 2351 2599 δρᾷν.
2385 2527 2493 2580 Καὶ
2512 2525 2641 2594 γοῦν
2672 2526 2729 2579 ἐν
2749 2525 2957 2595 ἑτέροις
2984 2523 3254 2578 ἁλώσεται
3287 2525 3462 2593 λέγων
3490 2524 3629 2595 πρὸς
3654 2526 3771 2587 τοὺς

2199 2620 2394 2674 ἐαυτοῦ
2438 2619 2682 2690 μαθητάς
2709 2636 2722 2649 ·
2766 2637 2784 2670 t
2822 2618 2998 2688 Ἦμᾶς
3045 2618 3125 2671 δεῖ
3175 2618 3502 2690 ἐργάζεσθαι
3535 2617 3603 2671 τά
3643 2616 3771 2688 ἔργα

2198 2711 2293 2765 τοῦ
2317 2711 2631 2780 πέμψαντος
2652 2711 2822 2780 ἡμᾶς,
2847 2710 2951 2772 ἕως
2972 2709 3152 2779 ἡμέρα
3178 2708 3345 2762 ἐστίν.
3369 2709 3632 2779 Ἔρχεται
3661 2707 3769 2770 νὺξ,

2199 2804 2287 2857 ὅτε
2316 2804 2489 2866 οὐδεὶς
2517 2803 2733 2855 δύναται
2763 2800 3124 2873 ἐργάσασθαι.
3155 2821 3172 2852 ι
3215 2801 3456 2863 Ἀκούεις
3483 2802 3634 2862 ὅπως
3663 2801 3774 2852 ἐαυ-

2199 2894 2291 2948 τὸν
2320 2896 2449 2965 ἡμῖν
2496 2896 2576 2957 είς
2618 2895 2680 2947 τὸ
2721 2893 3050 2964 ἐργάζεσθαι
3095 2892 3326 2963 πρέπειν
3361 2891 3769 2953 συναναπλέκει,

2201 2986 2373 3040 καίτοι
2394 2984 2470 3056 τῷ
2495 2985 2821 3057 ἐργάζεσθαι
2847 2984 2957 3037 δεῖν
2983 2974 3103 3037 καθ’
3124 2985 3269 3054 ἡμᾶς
3297 2984 3359 3036 οὐ
3384 2982 3773 3052 συνυποκείμε⁴

535 3079 590 3125 et
611 3066 822 3138 Apollo,
853 3073 915 3121 ut
947 3068 1002 3121 in
1038 3067 1201 3122 nobis
1222 3066 1454 3123 discatis
1485 3083 1652 3139 supra
1684 3070 1737 3123 id
1775 3071 1919 3139 quod
1957 3071 2096 3126 scri-

2202 3095 2327 3144 νος;
2387 3076 2527 3130 Ἀλλ’
2571 3075 2819 3147 εὐτριῦὲς
2851 3076 2981 3145 ήμῖν
3008 3075 3162 3129 τοῦτο
3186 3073 3279 3128 τοῦ
3309 3073 3468 3142 λόγου
3497 3074 3559 3127 τὸ
3591 3074 3772 3143 σχῆμα

534 3171 688 3231 ptum
719 3166 804 3215 est
836 3173 946 3213 non
984 3173 1177 3228 sapere
1194 3158 1262 3213 ⁷⁸.
1297 3177 1316 3210 ›
1348 3155 1526 3224 Quod
1554 3167 1734 3215 autem
1771 3162 1977 3218 nostris
2016 3163 2099 3216 in—

534 3248 885 3304 ﬁrmitatibus
952 3261 1299 3317 nequaquam
1352 3248 1697 3313 obnoxium,
1756 3250 1855 3304 scd
1903 3250 2098 3306 ducem

533 3340 745 3396 itineris
790 3340 845 3394 in
900 3340 1156 3395 omnibus
1201 3339 1365 3395 bonis
1414 3347 1470 3395 et
1523 3355 1589 3395 ex
1644 3342 1892 3412 pristinis
1950 3344 2101 3400 vitiis

533 3433 914 3490 conversionis
939 3434 992 3487 in
1018 3433 1239 3497 melius,
1265 3447 1373 3487 non
1399 3434 1660 3503 legatum,
1680 3451 1794 3489 non
1822 3436 2098 3506 angelum,

533 3524 630 3579 sed
660 3522 842 3593 ipsum
876 3521 1235 3576 habuerimus
1262 3523 1511 3577 universi
1549 3521 1866 3590 Dominum,
1924 3526 2103 3579 nulla-

532 3624 693 3693 tenus
720 3612 1080 3668 dubitandum
1107 3623 1211 3670 est.
1245 3611 1535 3684 Redempti
1575 3615 1733 3693 fenim
1764 3630 1955 3671 sumus
1987 3631 2098 3671 non

532 3692 631 3776 per
660 3720 762 3761 nos
796 3706 965 3775 ipsos,
994 3720 1096 3759 nec
1125 3720 1221 3775 per
1251 3706 1416 3759 aliam
1463 3692 1629 3759 ullam
1661 3722 1776 3761 rem
1833 3718 2096 3774 creatam,

534 3794 628 3850 sed
660 3809 757 3864 per
802 3795 985 3864 ipsum
1017 3795 1198 3862 potius
1229 3792 1584 3851 Servatorem
1633 3805 1889 3850 nostrum
1937 3796 2099 3853 Chri-

534 3891 700 3938 stum.
733 3883 1005 3948 Quocirca
1059 3884 1280 3953 quando
1314 3884 1448 3939 illud
1482 3885 1556 3938 ait
1588 3901 1601 3938 :
1656 3904 1674 3937 ‹
1716 3885 1935 3956 Surgite
1957 3926 1972 3951 ,
2005 3902 2100 3941 ea-

534 3987 659 4028 mus
690 3971 842 4037 hinc,
881 3991 900 4024 ι
935 3972 1095 4041 quasi
1130 3972 1457 4027 mundanam
1482 3975 1784 4044 nequitiam
1832 3990 1941 4029 una
1974 3993 2098 4032 cum

535 4063 699 4118 nobis
755 4062 966 4134 fugiat,
1022 4078 1137 4117 non
1179 4070 1448 4134 tanquam
1499 4066 1754 4122 humanis
1798 4070 1963 4125 malis
2003 4071 2103 4125 ob-

536 4155 754 4221 noxius,
787 4154 886 4210 sed
920 4163 1180 4223 tanquam
1202 4154 1338 4219 dux,
1380 4166 1435 4210 et
1462 4157 1878 4227 antesignanus,
1915 4167 1970 4214 et
1999 4159 2102 4215 du-

537 4257 657 4303 ctor
684 4247 737 4301 in
770 4247 1234 4318 incorruptionem
1262 4255 1317 4299 et
1343 4261 1465 4301 eam
1509 4248 1679 4301 vitam
1728 4264 1851 4319 quae
1897 4252 2101 4306 sancti-

537 4344 647 4393 tate
674 4348 727 4392 et
757 4337 850 4394 Dei
882 4351 1067 4392 amore
1088 4346 1325 4401 constat,
1354 4337 1499 4393 istud
1531 4339 1627 4392 ait.

2204 3170 2297 3223 καὶ⁵
2323 3169 2451 3238 παρ’
2468 3170 2597 3239 ήμῖν
2616 3168 2796 3230 αὐτοῖς
2820 3167 2969 3220 οὐδὲν
2984 3162 3148 3237 ἦττον
3169 3166 3494 3236 εὑρήσομεν.
3521 3165 3631 3218 Καὶ
3647 3165 3774 3234 γοῦν

2200 3262 2230 3312 ὁ
2262 3259 2546 3321 θεσπέσιος
2576 3256 2784 3320 Παῦλος
2833 3256 3137 3327 ἐπιπλήξας
3165 3255 3473 3327 Κορινθίοις
3499 3253 3659 3308 τοῦτο
3685 3270 3771 3305 τε-

2199 3347 2505 3418 τόλμηκεν,
2555 3345 2854 3400 ἐπιστέλλει
2886 3345 2942 3397 δὲ
2984 3345 3112 3397 ὠδίι
3156 3363 3173 3395 ι
3204 3344 3389 3398 Ταῦτα
3425 3343 3514 3408 δέ,
3559 3341 3772 3409 ἀδελφοί

2205 3445 2342 3509 μου,
2392 3438 2835 3511 μετεσχημάτισα
2877 3438 2956 3498 εἰς
2981 3434 3214 3506 ἐμαυτὸν
3242 3435 3337 3488 καὶ
3372 3433 3643 3511 Ἀπολλῷ,
3688 3433 3772 3485 ἴνα

2200 3531 2259 3584 ἐν
2287 3533 2419 3602 ἡμῖν
2453 3530 2660 3601 μάθητε
2704 3530 2762 3582 τὸ
2792 3528 2866 3599 μὴ
2889 3529 3029 3599 ὑπὲρ
3056 3527 3085 3580 ὃ
3130 3527 3439 3598 γέγραπται
3482 3527 3715 3596 φρονεῖν.
3748 3543 3766 3574 ι

2203 3619 2324 3672 Ὀτι
2361 3619 2418 3672 δέ
2466 3620 2515 3671 εί
2560 3619 2653 3670 καὶ
2707 3617 2780 3687 μὴ
2822 3616 3169 3671 συνυπαίτιον
3217 3619 3338 3679 ταῖς
3370 3616 3580 3669 ἑαυτῶν
3616 3614 3772 3667 ἀσθε-

2200 3711 2372 3774 νείαις
2392 3750 2406 3773 ,
2456 3708 2573 3763 ἀλλ’
2605 3703 2696 3762 οὖν
2748 3707 2993 3778 ἡγεμόνα
3035 3706 3135 3777 τῆς
3176 3706 3294 3760 ὀδοῦ
3318 3708 3430 3768 τοῖς
3456 3706 3542 3774 ἐφ’
3573 3703 3777 3758 άπασιι

2200 3802 2425 3872 ἀγαθοῖς
2451 3802 2543 3854 καὶ
2568 3800 2666 3869 τῆς
2688 3802 2752 3853 ἐκ
2781 3798 2969 3852 παθῶν
2988 3798 3097 3851 τῶν
3123 3797 3366 3868 ἀρχαίων
3393 3798 3487 3848 ἐπὶ
3516 3796 3578 3848 τὸ
3598 3798 3773 3865 κρεῖτ-

2200 3911 2290 3948 τον
2341 3892 2705 3961 ἐπιστροφῆς,
2751 3890 2811 3943 οὑ
2863 3888 3138 3960 πρέσϐυν,
3201 3887 3300 3940 οὐκ
3345 3885 3606 3953 ἄγγελον,
3664 3883 3769 3938 ἀλλ’

2200 3984 2359 4038 αὐτὸν
2401 3966 2712 4053 ἐσχήκαμεν
2758 3980 2848 4033 τὸν
2902 3979 3156 4033 ἁπάντων
3193 3976 3423 4048 Κύριον,
3477 3973 3771 4045 οὐδαμόθεν

2167 4074 2515 4147 ἀμφίϐολον.
2573 4070 2968 4144 Λελυτρώμεθα
3011 4070 3148 4141 γὰρ,
3194 4071 3256 4123 οὐ
3284 4069 3349 4122 δι’
3373 4067 3617 4130 ἑαυτῶν,
3661 4063 3767 4147 ἀλλ’

2198 4169 2321 4222 οὐδὲ
2344 4168 2409 4220 δι’
2437 4163 2622 4236 ἐτέρου
2662 4163 2807 4225 τινὸς
2828 4162 2934 4215 τῶν
2960 4160 3222 4232 γενητῶν,
3254 4160 3321 4213 δι’
3347 4157 3515 4211 αὐτοῦ
3545 4157 3602 4209 δὲ
3640 4154 3767 4226 μᾶλ-

2199 4261 2288 4314 λον
2333 4257 2430 4311 τοῦ
2461 4256 2710 4327 Σωτῆρος
2756 4253 2913 4324 ἡμῶν
2959 4252 3216 4324 Χριστοῦ.
3275 4249 3486 4303 Οὐκοῦν
3527 4250 3656 4302 ὅταν
3699 4247 3768 4308 ὡς

2204 4352 2300 4404 σὺν
2336 4351 2468 4421 ἡμῖν
2502 4348 2595 4401 καὶ
2624 4345 2741 4417 μεθ’
2773 4345 2931 4416 ἡμῶν
2958 4344 3056 4416 τὴν
3094 4345 3151 4396 ἐν
3182 4342 3369 4413 κόσμῳ
3400 4337 3769 4410 παραδραμὼν

537 4434 843 4504 φαυλότητα
869 4433 1000 4504 λέγῃ
1022 4432 1104 4499 τὸ,
1130 4450 1150 4484 ι
1172 4432 1504 4505 Ἐγείρεσθε,
1534 4433 1757 4504 ἄγωμεν
1785 4436 2051 4506 ἐντεῦθεν,
2077 4463 2097 4496 ι
2140 4446 2235 4516 οὐχ
2263 4445 2336 4507 ὡς
2372 4442 2737 4505 συνυπαίτιος,
2766 4441 2931 4510 ήγουν
2960 4438 3275 4508 ἐνεχόμενος
3335 4436 3447 4493 τοῖς
3503 4428 3767 4502 ἀνθρωπί-

537 4543 647 4589 νοις
687 4524 943 4587 πάθεσινν
996 4524 1110 4578 ἀλλ’
1138 4525 1213 4590 ὡς
1246 4526 1486 4597 ἀρχηγὸς
1523 4527 1617 4580 καὶ
1655 4529 1965 4602 προστάτης
2008 4536 2117 4590 καῖ’
2172 4536 2491 4609 καθηγητὴς
2558 4536 2657 4605 τῆς
2697 4534 2899 4587 εἰσόδου
2933 4534 3013 4596 είς
3048 4529 3356 4602 ἀφθαρσίαν
3382 4527 3479 4581 καὶ
3504 4524 3652 4597 ζωὴν
3678 4521 3767 4591 τὴν

536 4623 592 4673 ἐν
619 4616 876 4691 ἁγιασμῷ
900 4619 993 4671 καὶ
1019 4618 1281 4691 φιλοθεῖᾳ,
1315 4619 1377 4673 τὸ
1398 4618 1637 4674 τοιοῦτον
1661 4622 1794 4691 ἐρεῖ.

1098 4732 1261 4803 357
1296 4731 1445 4788 CAP.
1475 4732 1539 4789 ιι.

497 4822 508 4835 ’
537 4844 691 4913 Quod
720 4843 830 4898 Deo
868 4859 929 4896 ac
965 4842 1125 4897 Patri
1152 4843 1623 4899 consubstantialis
1663 4847 1733 4901 sit
1766 4846 1964 4912 Filius,
1993 4865 2099 4905 non

605 4926 779 4969 autem
807 4913 1115 4989 diuersae!)
1143 4929 1201 4966 eo
1225 4923 1433 4989 naturae
1456 4916 1534 4969 vel
1555 4918 1776 4984 generis,
1803 4927 1861 4971 ut
1883 4919 2099 4989 quidam

600 4985 830 5053 perversi
856 4983 1089 5038 heretici
1109 4984 1360 5039 sentiunt.

606 5086 725 5155 XV,
762 5090 813 5145 1.
852 5086 963 5161 Ego
996 5105 1113 5143 sum
1149 5089 1268 5143 vitis
1302 5105 1445 5154 vera,
1482 5099 1532 5144 et
1565 5089 1731 5147 Pater
1766 5109 1912 5149 meus
1955 5097 2099 5166 agri-

533 5181 653 5235 cola
676 5190 778 5236 est.
966 5188 967 5191 “

604 5274 759 5339 Quod
810 5278 1061 5344 oporteat
1092 5270 1377 5327 dilectioni
1423 5286 1551 5343 erga
1594 5287 1656 5328 se
1710 5272 1994 5339 inhaerere,
2047 5283 2103 5328 et

532 5370 798 5437 quantum
833 5378 900 5417 ex
926 5378 993 5417 eo
1025 5362 1169 5433 quod
1198 5361 1246 5416 ei
1278 5361 1795 5431 conjuncti'sumus
1827 5364 2100 5419 commodi

535 5452 696 5508 nobis
741 5452 958 5506 eveniat
986 5453 1173 5507 volens
1207 5453 1520 5519 ostendere,
1561 5456 1724 5510 vitem
1755 5455 1977 5525 quidem
2010 5471 2098 5511 se-

2800 4732 3049 4786 ΚΕΦΔΑ.
3092 4730 3167 4783 B'.

2195 4842 2316 4898 Ὅτι
2341 4841 2420 4907 τῷ
2449 4840 2571 4907 Θεῷ
2596 4842 2693 4895 καί
2730 4842 2911 4909 Πατρὶ
2937 4840 3258 4908 όμοούσιός
3312 4838 3485 4893 ἐστιν
3531 4842 3565 4909 d
3621 4837 3766 4903 Υἱὸς,

2264 4912 2361 4966 καὶ
2389 4915 2501 4979 οὐχ
2523 4908 2873 4979 ἐτερορυὴς,
2897 4910 3039 4964 οὐδὲ
3065 4911 3350 4977 ἐκρυλος,
3405 4908 3559 4962 κατά
3612 4924 3769 4973 τινας

2265 4982 2385 5035 τῶν
2416 4980 2917 5049 διεστραμμένων.

2267 5091 2414 5161 Ἐγώ
2435 5090 2608 5160 εἱμιή
2635 5091 2899 5159 ἄμπελος
2933 5092 2970 5158 ἡ
3023 5087 3305 5157 ἀληθινὴ,
3351 5089 3450 5142 καὶ
3500 5092 3534 5143 ὀ
3578 5086 3772 5154 Πατήρ

2192 5200 2311 5252 μου
2345 5187 2376 5236 ό
2406 5182 2662 5251 γεωργός
2698 5181 2887 5233 ἐστιν.

2270 5274 2394 5325 Ὅτι
2425 5273 2687 5344 προσήκοι
2726 5271 2823 5339 τῆς
2868 5272 2948 5332 είς
2991 5269 3154 5322 αὐτὸν
3188 5268 3410 5338 ἀγάπης
3450 5266 3774 5337 ἐξηρτῆσθαι

2199 5364 2391 5433 φιλεῖν,
2422 5364 2516 5416 καὶ
2545 5363 2709 5416 πόσον
2750 5365 2813 5416 ἐκ
2857 5360 2953 5414 τοῦ
2988 5360 3280 5414 κολλᾶσθαι
3309 5358 3460 5428 αὐτῷ
3490 5357 3777 5428 κερδανοῦο

2201 5471 2299 5524 μεν
2318 5453 2577 5518 ἐπιδεῖξαι
2599 5452 2831 5523 θελήσας
2856 5451 2917 5505 τδ
2941 5442 3207 5520 ὦφελοῦν,
3237 5448 3483 5521 ἄμπελον
3529 5448 3628 5518 μὲν
3660 5448 3776 5500 tau.

534 5544 711 5613 ipsum
753 5554 875 5596 esse
913 5541 1086 5597 dicit:
1126 5544 1222 5613 qui
1255 5551 1436 5599 autem
1470 5546 1519 5600 ei
1565 5553 1697 5601 sunt
1728 5545 1906 5613 uniti,-
1929 5554 2096 5617 atque

2199 5546 2286 5599 τὸν
2314 5542 2451 5600 εἶναί
2480 5563 2662 5615 φησιν,
2681 5546 2755 5608 ὼς
2786 5547 2843 5598 ἐν
2870 5542 3309 5614 παραδείγματος
3337 5539 3502 5611 λόγῳ,
3532 5536 3769 5610 κλήμασι

608 5694 654 5729 ’⁷
682 5694 836 5754 Joan.
869 5711 944 5762 Ix,
974 5695 1028 5751 4.
1104 5696 1149 5730 ⁷⁸
1190 5699 1206 5753 |
1241 5697 1368 5753 Cor.
1409 5713 1493 5764 tv,
1527 5701 1578 5752 6.
