4076 6270
286 334 393 388 535

1356 332 1420 388 IN
1454 329 1739 389 JOANMS
1766 329 2217 389 EVANGELIUM
2251 334 2377 388 LIB.
2423 335 2488 391 Χ.

3435 345 3541 402 554

282 449 367 520 γε’
387 449 497 520 μὴν
527 447 651 512 τοὺς
670 446 967 510 ἑνωθέντας
997 445 1145 518 αὑτῷ
1172 447 1267 501 καὶ
1292 447 1731 519 ὲνηρμοσμένους
1749 446 1855 517 τρό·

1979 446 2127 502 insiti
2159 448 2563 517 quodammodo
2601 459 2658 508 et
2686 451 2864 520 inﬁxi,
2892 460 2949 510 et
2974 453 3088 525 jam
3129 453 3260 511 t‘acti
3290 464 3423 512 sunt
3446 472 3544 513 na-

284 559 388 595 πον
414 542 537 596 τινὰ
557 541 648 595 καὶ
669 538 1081 610 ἐμπεπηγότας,
1099 540 1391 608 γεγονότας
1406 557 1466 592 τε
1495 540 1597 610 ἤδη
1618 541 1717 611 τῆς
1742 541 1869 593 ἑαυ-

282 631 378 685 τοῦ
435 631 646 702 φύσεως
694 631 1016 696 κοινωνοὺς,
1059 630 1149 685 διὰ
1190 632 1283 686 τοῦ
1333 632 1656 704 μεταλαχεῖν
1710 633 1867 701 ἁγίου

283 721 601 793 Πνεύματος
622 736 637 750 °
663 721 725 774 τὸ
744 722 854 793 γὰρ
877 722 1185 775 ωνενῶσαν
1210 724 1361 794 ἡμᾶς
1387 724 1466 795 τῷ
1499 725 1713 795 Σωτῆρι
1730 725 1868 795 Χρι-

281 813 391 882 στῷ
424 814 486 866 τὸ
518 814 673 883 ἅγιον
705 813 934 885 Πνεῦμα
963 815 1128 868 αὑτοῦ
1158 817 1326 870 ἐστιν.
1373 814 1740 888 Προαιρετικὴ
1769 817 1869 885 μὲν

277 904 445 974 γάρὴ
479 905 617 974 πρὸς
652 906 753 976 τὴν
789 905 1034 976 ἄμπελον
1073 905 1327 976 κόλλησις
1374 906 1479 960 τῶν
1534 906 1867 977 προσιόντων

279 995 442 1065 αὐτῇ,
484 997 713 1067 σχετικὴ
740 996 797 1049 δὲ
818 999 950 1069 παρ’
983 997 1155 1067 αὐτῆς
1193 999 1227 1068 ἡ
1257 997 1395 1068 πρὸς
1433 997 1599 1067 ἡμᾶς.
1638 998 1733 1050 Ἐκ
1767 997 1868 1067 μὲν

277 1086 386 1157 γάρ
414 1088 793 1158 προαιρέσεως
826 1088 1039 1160 ἀγαθῆς
1065 1087 1551 1160 προσεληλύθαμεν
1573 1089 1734 1159 ἡμεῖς
1777 1087 1868 1141 διὰ

274 1179 375 1250 τῆς
402 1180 663 1248 πίστεως,
697 1183 855 1252 γένος
882 1182 941 1236 δὲ
982 1183 1289 1254 γεγόναμεν
1327 1182 1491 1237 αὑτοῦ
1515 1181 1574 1236 τὸ
1603 1184 1705 1253 τῆς
1748 1182 1866 1236 uio-

276 1269 463 1334 θεσίας
491 1272 712 1343 ἀξίωμα
742 1273 872 1343 παρ’
910 1273 1077 1327 αὑτοῦ
1105 1272 1483 1343 κομισάμενοι.
1517 1273 1627 1327 Καὶ
1660 1272 1770 1344 γὰρ
1797 1272 1863 1343 δὴ

274 1362 418 1415 κατὰ
452 1362 543 1415 τὸν
571 1362 727 1430 ἆγιον
752 1363 983 1426 Παῦλον,
1017 1382 1036 1415 ι
1084 1363 1144 1416 '0
1182 1362 1517 1433 κολλώμενος
1540 1361 1618 1432 τῷ
1650 1361 1863 1432 Κυρίῳ,

274 1448 334 1501 ἒν
361 1448 588 1520 πνεῦμά
644 1452 812 1505 ἐστιν.
851 1470 870 1503 ι
909 1451 1121 1523 Ὥσπερ
1160 1446 1255 1504 οὖν
1303 1451 1362 1503 ὲν
1412 1448 1619 1520 ἑτέροις
1658 1450 1865 1519 κρηπὶς

273 1541 369 1594 καὶ
426 1540 682 1609 θεμέλιος
719 1540 807 1594 διὰ
855 1542 955 1611 τῆς
996 1541 1090 1595 τοῦ
1124 1542 1404 1613 προφήτου
1445 1540 1866 1611 κατωνόμασται

273 1631 463 1701 φωνῆς
501 1633 611 1701 (ἐπ’
665 1631 813 1702 αὐτῷ
862 1633 971 1703 γὰρ
1011 1631 1533 1703 ὲποικοδομούμεθα,
1582 1632 1721 1685 λίθοι
1769 1632 1866 1687 καὶ

272 1723 442 1798 ἡμεῖς
474 1722 938 1792 χρηματίσαντες,
973 1721 1175 1787 ζῶντες
1207 1723 1301 1777 καὶ
1345 1723 1729 1791 πνευματικοὶ,
1784 1723 1865 1785 είς

276 1810 588 1881 ἱεράτευμα
650 1812 838 1881 ἆγιον,
876 1814 956 1875 είς
1004 1813 1419 1884 κατοικητήριον
1466 1812 1560 1866 τοῦ
1608 1811 1743 1866 Θεοῦ
1806 1815 1865 1867 ὲν

272 1899 580 1969 Πνεύματι,
608 1901 732 1954 καθ’
779 1902 963 1973 ἕτερον
986 1901 1043 1955 δέ
1071 1919 1193 1955 τινα
1230 1903 1430 1973 τρόπον
1468 1903 1865 1973 οἰκοδομεῖσθαι

271 1990 409 2060 πρὸς
430 1990 598 2044 τοῦτο
625 1991 699 2062 μὴ
730 1992 1036 2064 δυνάμενοι,
1055 1995 1104 2046 εί
1127 1993 1200 2065 μὴ
1230 1995 1451 2062 γέγονεν
1467 1996 1599 2065 ἡμῖν
1619 1995 1866 2066 θεμέλιος

268 2085 299 2137 ὀ
324 2084 612 2154 Χριστὸς),
647 2084 790 2138 οὕτω
822 2084 1049 2139 κάνθάδε
1080 2085 1221 2139 κατὰ
1257 2085 1355 2156 τὴν
1379 2086 1502 2158 ἴσην
1540 2086 1633 2140 τοῦ
1657 2078 1864 2157 νοήμα-

271 2191 356 2237 τοιΙ
392 2174 715 2243 ἀναλογίαν,
740 2176 983 2247 ἄμπελον
1022 2177 1215 2231 ἑαυτὸν
1268 2173 1406 2231 εἷναί
1455 2196 1589 2247 φησι
1642 2178 1752 2233 τῶν
1805 2180 1865 2246 ἐξ

273 2264 440 2334 αὐτῆς
468 2265 791 2335 κλημάτων,
834 2266 909 2330 ὡς
959 2268 1171 2337 μητέρα
1214 2267 1309 2320 καὶ
1350 2268 1570 2338 τροφόν.
1622 2268 1866 2337 Ἀνεγεν-

273 2354 510 2425 νήθημεν
541 2355 658 2425 γὰρ
687 2357 746 2422 ἐξ
777 2354 941 2409 αὐτοῦ
975 2373 1034 2409 τε
1066 2358 1161 2410 καὶ
1184 2358 1245 2410 ἐν
1274 2356 1420 2427 αὐτῷ
1466 2357 1524 2409 ἐν
1563 2358 1860 2428 Πνεύματι,

278 2446 407 2517 πρὸς
434 2447 821 2518 καρποφορίαν
849 2448 1018 2517 ζωῆς,
1048 2448 1169 2519 οὐχὶ
1193 2449 1292 2519 τῆς
1326 2448 1559 2521 ἀρχαίας
1601 2452 1694 2503 καὶ
1752 2469 1860 2505 παο

279 2535 448 2602 λαιᾶς,
478 2537 622 2590 ἀλλὰ
642 2537 743 2607 τῆς
776 2539 835 2591 ὲν
857 2540 1137 2608 καινότητι
1157 2538 1392 2603 πίστεώς
1418 2556 1479 2592 τε
1504 2540 1599 2593 καὶ
1640 2541 1861 2612 ἀγάπης

279 2627 371 2697 τῆς
395 2630 470 2691 είς
492 2629 683 2682 αὐτόν.
721 2628 1137 2700 Διατηρούμεθα
1176 2628 1232 2681 δὲ
1266 2629 1402 2701 πρὸς
1432 2629 1492 2684 τὸ
1526 2630 1667 2702 ἔχειν
1696 2632 1756 2685 τὸ
1781 2628 1859 2686 εἷο

275 2734 377 2783 ναι,
411 2721 872 2791 προσπεφυκότες
897 2719 1087 2791 ὥσπερ
1114 2719 1266 2791 αὑτῷ
1300 2722 1392 2775 καὶ
1443 2722 1610 2793 ἀπρὶξ
1665 2724 1858 2795 ἐχόμε-

272 2825 347 2861 νοι
372 2810 468 2879 τῆς
499 2810 906 2881 παραδοθείσης
945 2812 1076 2880 ἡμῖν
1111 2811 1273 2878 ἁγίας
1301 2811 1519 2882 ἐντολῆς
1549 2813 1644 2867 καὶ
1657 2814 1745 2867 διὰ
1763 2813 1858 2868 τοῦ

272 2898 460 2965 σώζειν
490 2901 817 2968 ἐπείγεσθαι
838 2900 898 2953 τὸ
936 2902 1001 2954 ὲκ
1021 2902 1120 2971 τῆς
1156 2902 1438 2969 εὐγενείας
1473 2904 1697 2971 ἀγαθὸν,
1716 2903 1857 2958 τοῦτ’

268 2988 402 3054 ἔστι,
452 2991 542 3044 διὰ
578 2989 676 3043 τοῦ
720 2990 795 3060 μὴ
842 2990 1129 3059 ἀνέχεσθαι
1176 2990 1405 3058 λυπεῖν,
1446 2994 1589 3047 κατά
1630 3011 1682 3046 τι
1727 2992 1860 3062 γοῦν

265 3079 401 3145 ὅλως
422 3082 482 3134 τὸ
514 3080 814 3134 ὲνοικισθὲν
838 3080 968 3149 ἡμῖν
990 3080 1143 3149 άγιον
1182 3080 1425 3152 Πνεῦμα,
1468 3082 1535 3135 δι’
1563 3076 1625 3136 οὗ
1672 3101 1855 3137 κατοιο

266 3174 384 3224 κεῖν
423 3172 522 3240 μὲν
545 3172 604 3223 ὲν
635 3173 765 3240 ἡμῖν
819 3173 1015 3225 νοεῖται
1047 3171 1199 3235 Θεός.
1240 3174 1400 3228 Κατὰ
1436 3175 1556 3227 τίνα
1590 3174 1699 3247 γὰρ
1728 3176 1855 3246 τρό-

266 3280 369 3316 πον
399 3263 569 3333 ὲσμὲν
596 3266 654 3316 ὲν
687 3262 927 3334 Χριστῷ,
960 3263 1054 3315 καὶ
1087 3264 1247 3329 αὐτὸς
1270 3267 1328 3320 ἐν
1364 3266 1518 3336 ἡμῖν,
1542 3267 1703 3330 αὐτὸς
1726 3269 1857 3338 ἡμῖν

264 3354 294 3406 ό
322 3355 490 3424 σοφὸς
521 3354 775 3425 Ἰωάννης
807 3354 1045 3426 ἐπιδείξῃ
1073 3356 1249 3424 λέγων
1274 3373 1288 3388 ·
1329 3376 1348 3409 ι
1394 3359 1481 3411 Ἐν
1503 3358 1677 3429 τούτῳ
1694 3360 1857 3428 γινώ-

268 3469 498 3523 σκομεν,
532 3454 611 3507 ὅτι
636 3453 804 3523 ἐσμὲν
829 3455 888 3507 ὲν
920 3452 1088 3524 αὐτῷ,
1133 3454 1227 3506 καὶ
1281 3452 1442 3514 αὐτὸς
1487 3453 1546 3504 ὲν
1584 3452 1736 3521 ἡμῖν,
1788 3453 1854 3504 ὲκ

266 3543 363 3595 τοῦ
401 3542 744 3613 Πνεύματος,
777 3538 837 3597 οὗ
861 3542 1029 3596 ἔδωκε
1056 3545 1243 3613 ἡμῖν.)
1277 3542 1388 3595 Καὶ
1419 3540 1674 3611 ἔμπαλιν·
1706 3561 1724 3593 ι
1765 3544 1853 3596 Ἐν

264 3632 446 3701 τούτῳ
484 3632 845 3702 γινώσκομεν,
876 3633 959 3685 ότι
996 3633 1054 3685 ὲν
1093 3630 1240 3701 αὐτῷ
1262 3632 1448 3700 ἐσμεν.
1481 3660 1546 3671 -
1578 3632 1637 3683 '0
1680 3630 1854 3698 λέγων

268 3723 328 3774 ὲν
359 3721 512 3791 αὑτῷ
542 3721 738 3790 μένειν,
769 3721 991 3789 ὀφείλει,
1024 3720 1207 3784 καθὼς
1239 3723 1441 3783 ἐκεῖνος
1460 3720 1851 3790 περιεπάτησε,

273 3813 369 3866 καὶ
400 3811 566 3873 αὐτὸς
593 3814 935 3882 περιπατεῖν.
977 3830 995 3863 ι
1031 3814 1097 3865 Ὀ
1123 3812 1346 3873 καὶτοῖς
1376 3809 1740 3881 ἀκροωμένοις
1759 3827 1853 3864 σα·

268 3900 542 3970 φέστερον
573 3900 837 3964 καθιστὰς
863 3941 878 3965 ,
920 3899 1063 3953 οὕτω
1096 3900 1229 3969 φησὶ
1278 3898 1440 3952 πάλιν
1465 3912 1479 3925 ⁸
1522 3917 1542 3949 ι
1578 3898 1636 3952 '0
1670 3899 1853 3971 τηρῶν

265 3992 369 4054 τάς
398 3990 621 4055 ἐντολὰς
652 3992 908 4058 αὑτοῦ,ὲν
922 3992 1069 4063 αὐτῷ
1083 3991 1233 4061 μένει
1257 3990 1349 4043 καὶ
1377 3989 1536 4053 αὐτὸς
1558 3990 1617 4043 ὲν
1643 3990 1847 4062 αὐτῷ.)

260 4084 326 4137 El
351 4083 463 4153 γὰρ
503 4083 536 4151 ἠ
567 4084 796 4153 τήρησις
824 4081 932 4135 τῶν
956 4080 1206 4145 ἐντολῶν,
1258 4079 1357 4150 τὴν
1396 4082 1475 4143 είς
1509 4079 1672 4134 αὑτὸν
1707 4081 1847 4149 ἁγά-

259 4192 371 4243 πην
397 4171 713 4241 ἐργάζεται,
769 4170 1085 4243 κολλώμεθα
1112 4170 1269 4223 stata:
1297 4170 1397 4239 τῆς
1436 4171 1657 4239 ἀγάπης
1696 4172 1848 4243 αὐτῷ

260 4265 378 4327 πῶς
408 4264 512 4316 οὐκ
541 4261 736 4332 ἀληθὲς
767 4264 824 4315 ὲν
865 4263 1076 4324 τούτοις
1120 4261 1367 4330 φαίνεται
1413 4262 1475 4314 τὸ
1514 4262 1843 4333 είρημένον;

262 4355 470 4424 Ὄνπερ
498 4353 606 4423 γὰρ
627 4354 826 4423 τρόπον
853 4353 950 4423 τῆς
972 4352 1213 4423 ἀμπέλου
1233 4352 1293 4404 τὸ
1316 4352 1559 4422 πρέμνον
1586 4353 1684 4424 τῆς
1708 4353 1845 4416 ἰδίας

1972 545 2111 593 turae
2139 541 2314 609 ipsius
2344 554 2631 600 consortes
2662 546 2731 611 ",
2761 548 3090 618 participato
3122 563 3320 619 nempe
3349 558 3543 606 sancto

1973 625 2182 695 Spiritu
2224 634 2471 699 (sanctus
2506 634 2653 688 enim
2680 633 2890 691 Christi
2928 635 3171 707 Spiritus
3201 652 3304 693 nos
3338 638 3391 693 ei
3412 651 3544 693 con-

1964 719 2193 790 jungit),
2223 722 2325 779 hos
2353 725 2670 793 palmitibus
2709 740 3015 799 comparat.
3047 728 3249 785 Eorum
3278 732 3426 788 enim
3448 734 3543 803 qui

1969 811 2037 865 ad
2074 813 2236 868 vitem
2287 817 2563 872 accedunt
2611 819 2855 876 adhaesio
2904 822 3204 879 voluntatis
3245 829 3334 879 cst
3380 830 3547 892 atque

1967 905 2235 973 propositi
2264 924 2277 960 :
2329 907 2454 976 ejus
2489 916 2673 963 autem
2719 910 3039 981 conjunctio
3071 913 3383 978 nobiscum,
3418 913 3546 969 aﬂ'e-

1967 1002 2092 1048 ctus
2124 1002 2179 1049 et
2212 996 2578 1055 habitudinis.
2610 999 2689 1054 Ex
2720 1001 2867 1057 bono
2897 1003 3103 1073 quippe
3130 1005 3414 1074 proposito
3443 1019 3546 1060 nos

1966 1083 2035 1138 ad
2067 1082 2351 1141 Christum
2405 1089 2746 1147 accessimus
2788 1107 2885 1161 per
2921 1092 3084 1148 ﬁdem
3110 1111 3125 1147 :
3154 1109 3331 1164 genus
3361 1102 3544 1150 autem

1966 1173 2139 1242 ipsius
2188 1176 2315 1231 tacti
2365 1194 2582 1246 sumus,
2630 1180 2941 1253 adoptionis
2993 1184 3319 1255 dignitatem
3357 1184 3429 1239 ab
3477 1199 3546 1239 co

1966 1269 2276 1324 consecuti.
2315 1268 2555 1338 Etenim,
2590 1273 2748 1343 juxta
2778 1283 3030 1331 sanctum
3086 1275 3338 1342 Paulum,
3383 1295 3404 1329 ι
3436 1276 3542 1344 Qui

1967 1359 2209 1416 adhaeret
2239 1360 2490 1428 Domino,
2520 1380 2666 1422 unus
2698 1367 2929 1437 spiritus
2963 1377 3049 1424 est
3072 1369 3140 1423 ⁸⁸.
3181 1388 3201 1422 ι
3231 1368 3387 1424 Sicut
3411 1385 3543 1441 ergo

1966 1452 2096 1506 alibi
2143 1468 2241 1523 per
2294 1469 2480 1510 vocem
2516 1457 2799 1527 propheta:
2838 1459 2991 1515 basis
3030 1467 3085 1515 et
3120 1458 3542 1516 fundamentum

1965 1542 2281 1597 nominatus
2312 1553 2397 1599 est
2429 1545 2617 1616 (super
2651 1547 2832 1618 ipsum
2857 1550 3003 1604 enim
3035 1565 3136 1606 nos
3173 1551 3537 1618 mdiﬁcamur,

1964 1638 2020 1684 et
2071 1630 2284 1703 lapides
2324 1637 2627 1706 uuncupati
2670 1652 2863 1693 sumus
2888 1641 3134 1695 viventes
3165 1655 3232 1695 ac
3262 1641 3541 1711 spiritales

1966 1719 2021 1773 in
2070 1722 2444 1778 sacerdotium
2493 1735 2767 1795 sanctum,
2820 1730 2877 1785 in
2926 1730 3303 1787 habitaculum
3343 1732 3441 1788 Dei
3483 1735 3543 1790 in

1896 1779 1939 1835 Β
1970 1807 2203 1879 Spiritu,
2248 1828 2349 1869 nec
2378 1816 2488 1871 alio
2512 1817 2675 1872 modo
2704 1834 3003 1888 possumus
3030 1822 3085 1877 in
3116 1823 3221 1878 hoc
3257 1825 3538 1890 aediﬁcari,
3641 1876 3653 1897 ,

1965 1900 2074 1955 nisi
2123 1902 2380 1959 Christus
2436 1906 2595 1962 nobis
2641 1906 3060 1966 fundamentum
3113 1911 3280 1968 fuerit
3314 1914 3406 1985 ⁸¹),
3448 1913 3541 1971 hic

1964 2004 2181 2059 quoque
2212 1991 2401 2046 eodem
2444 2009 2613 2050 sensu
2643 1996 2812 2051 vitem
2844 1997 3087 2068 seipsum
3127 2015 3255 2056 esse
3294 2002 3394 2066 ait,
3418 2002 3541 2072 pal-

1966 2081 2161 2135 mitum
2196 2084 2289 2152 qui
2319 2098 2383 2138 ex
2422 2098 2487 2139 ea
2518 2094 2650 2141 sunt
2679 2088 2838 2156 quasi
2874 2098 3107 2145 matrem
3144 2099 3200 2144 et
3238 2091 3537 2146 alumnam.

1965 2168 2290 2239 Regeneratt
2322 2174 2464 2228 enim
2497 2190 2691 2232 sumus
2714 2192 2781 2233 ex
2823 2177 2945 2248 ipso
2982 2187 3035 2235 et
3065 2179 3119 2233 in
3150 2182 3291 2249 ipso,
3326 2181 3380 2234 in
3411 2180 3538 2249 Spi-

1965 2260 2089 2325 ritu,
2133 2259 2204 2314 ad
2242 2260 2532 2317 ferendum
2565 2264 2803 2320 fructum
2849 2268 2993 2334 vitae,
3022 2284 3129 2323 non
3159 2270 3362 2327 veteris
3388 2271 3539 2329 illius

1962 2359 2018 2406 et
2052 2352 2301 2419 exoletae,
2338 2354 2432 2408 scd
2482 2354 2602 2425 ejus
2630 2372 2751 2427 qua:
2796 2359 3036 2414 novitate
3062 2360 3185 2414 vita:
3213 2368 3455 2426 constat.
3482 2371 3540 2419 et

1960 2456 2087 2513 erga
2116 2444 2294 2514 ipsum
2323 2444 2618 2503 charitate.
2651 2446 3062 2503 Conservamur
3090 2460 3269 2506 autem
3305 2451 3365 2506 in
3391 2465 3535 2519 esse,

1962 2531 2064 2601 ipsi
2107 2534 2516 2603 quodammodo
2564 2536 2781 2602 inserti,
2810 2545 2863 2592 et
2894 2538 3099 2593 tradito
3136 2539 3299 2595 nobis
3341 2550 3539 2595 sancto

1961 2623 2220 2678 mandato
2262 2624 2541 2680 mordicus
2577 2626 2935 2694 inhaerentes,
2971 2637 3026 2683 et
3068 2630 3378 2687 nobilitatis
3430 2632 3537 2688 bo-

1960 2729 2091 2768 num
2127 2729 2350 2770 servare
2380 2716 2685 2781 studentes,
2727 2717 2779 2771 id
2809 2728 2914 2783 est,
2957 2733 3067 2772 non
3099 2719 3346 2775 sinentes
3376 2735 3536 2790 pror-

1960 2821 2056 2862 sus
2112 2805 2507 2863 inhabitantem
2546 2808 2601 2862 in
2634 2807 2797 2863 nobis
2826 2807 3092 2879 Spiritum
3124 2810 3209 2865 vel
3242 2810 3532 2865 minimum

1959 2895 2300 2960 contristari,
2337 2912 2434 2966 per
2463 2911 2625 2967 quem
2658 2897 2908 2953 habitare
2961 2900 3017 2953 in
3053 2898 3219 2954 nobis
3262 2898 3408 2956 Deus
3451 2901 3537 2958 in-

1960 2987 2242 3057 telligitur.
2277 2985 2565 3052 Quomodo
2593 2988 2740 3043 enim
2787 2989 2961 3045 simus
3010 2989 3067 3044 iu
3117 2990 3363 3057 Christo,
3407 2993 3535 3050 etis

1960 3078 2014 3132 in
2044 3079 2227 3141 nobis,
2262 3078 2377 3148 ipse
2409 3079 2569 3135 nobis
2600 3080 2820 3150 sapiens
2871 3078 3114 3137 Joannes
3144 3082 3423 3148 ostendat,
3448 3081 3535 3138 di-

1960 3186 2133 3226 cens:
2182 3187 2201 3221 ι
2243 3170 2299 3225 in
2327 3170 2434 3225 hoc
2462 3173 2851 3242 cognoscimus
2910 3172 3169 3243 quoniam
3215 3174 3272 3228 in
3318 3189 3385 3230 eo
3413 3188 3534 3229 ma-

1957 3276 2175 3327 nemus,
2211 3270 2267 3315 et
2298 3261 2420 3332 ipse
2473 3261 2528 3316 in
2560 3262 2742 3327 nobis,
2781 3262 3045 3332 quoniam
3077 3262 3145 3318 de
3188 3260 3397 3323 Sniritu
3429 3278 3534 3319 suo

1956 3355 2110 3411 dedit
2136 3353 2307 3426 858
2332 3354 2496 3410 nobis
2520 3355 2587 3409 υ.
2629 3372 2648 3407 ι
2691 3354 2756 3407 Et
2785 3369 3013 3411 rursus:
3062 3373 3081 3406 ι
3116 3354 3173 3408 1η
3198 3355 3304 3410 hoc
3335 3369 3534 3427 cognoo

1956 3447 2163 3502 scimus
2196 3448 2325 3516 quia
2383 3446 2441 3501 in
2475 3446 2596 3515 ipso
2642 3461 2834 3500 sumus
2856 3446 2922 3500 ⁸³.
2951 3475 3020 3485 -
3054 3445 3159 3511 Qui
3205 3445 3344 3500 dicit
3378 3461 3439 3502 se
3466 3447 3531 3512 in

1956 3537 2075 3607 ipso
2120 3551 2364 3602 manere,
2404 3535 2589 3601 debet,
2630 3536 2774 3592 sicut
2806 3536 2899 3591 ille
2940 3536 3267 3602 ambulavit,
3310 3545 3366 3592 et
3412 3538 3531 3608 ipse

1953 3626 2236 3681 ambulare
2258 3625 2325 3680 ἰ.
2362 3644 2382 3678 ι
2412 3624 2569 3691 Quod
2602 3625 2767 3680 etiam
2798 3624 3146 3680 auditoribus
3184 3626 3390 3682 clarius
3428 3641 3527 3697 pa-

1954 3715 2241 3781 tefaciens,
2278 3716 2353 3771 ita
2383 3731 2579 3773 rursus
2615 3715 2776 3770 iniit:
2831 3733 2851 3767 ι
2903 3716 3009 3782 Qui
3043 3724 3227 3773 servat
3275 3719 3529 3777 mandata

1952 3807 2095 3878 ejus,
2125 3808 2182 3863 in
2218 3808 2310 3862 illo
2335 3814 2540 3872 manet,
2572 3814 2627 3862 et
2656 3807 2774 3877 ipse
2801 3806 2856 3861 in
2889 3821 2958 3863 eo
2986 3807 3054 3861 ⁸⁸.
3092 3828 3113 3861 ι
3148 3806 3282 3864 Nam
3309 3809 3354 3864 si
3377 3824 3529 3869 man-

1952 3899 2207 3955 datorum
2256 3900 2570 3955 observatio
2605 3898 2958 3955 dilectionem
3004 3899 3059 3955 in
3095 3900 3275 3971 ipsum
3326 3915 3530 3972 opera.

1953 4001 2064 4055 tur,
2099 4001 2154 4047 et
2188 4005 2285 4061 per
2332 3990 2683 4045 dilectionem
2722 3991 2772 4045 ci
2804 3989 3213 4060 conjungimur,
3249 3992 3527 4063 quomodo

1953 4097 2061 4137 non
2116 4082 2201 4135 hic
2252 4095 2442 4136 verum
2486 4094 2612 4135 esse
2667 4079 2885 4135 videtur
2937 4079 3087 4149 quod
3139 4079 3351 4136 dictum
3398 4081 3528 4138 est?

1951 4171 2419 4237 Quemadmodum
2455 4171 2602 4225 enim
2646 4169 2804 4224 radix
2847 4170 3154 4225 naturalem
3195 4184 3350 4227 suam
3382 4188 3524 4244 qua-

1952 4260 2160 4314 litatem
2217 4260 2532 4331 palmitibus
2572 4260 2852 4330 impertit,
2910 4261 2991 4315 sic
3044 4261 3386 4332 unigenitum
3427 4264 3524 4323 Dei

1950 4348 2192 4405 Verbum
2242 4350 2335 4405 Dei
2402 4365 2466 4405 ac
2512 4349 2692 4406 Patris
2731 4365 2952 4420 sumque
2984 4358 3195 4407 natura:
3227 4353 3523 4422 quamdam

260 4447 351 4498 καὶ
381 4446 608 4515 ἐνούσης
640 4444 787 4514 αὐτῷ
818 4445 1097 4515 ποιότητος
1127 4445 1362 4514 φυσικῆς
1382 4446 1622 4499 διακονεῖ
1647 4463 1707 4498 τε
1749 4431 1855 4499 καί

1955 4442 2117 4498 veluti
2161 4442 2543 4512 cognationem
2598 4442 2811 4497 sanctis
2842 4442 3059 4506 inserit,
3111 4442 3377 4513 Spiritum
3415 4444 3525 4500 lar-

258 4537 501 4606 διανέμει
533 4539 647 4600 τοῖς
672 4537 913 4606 κλήμασι
936 4536 1033 4605 τὴν
1066 4536 1386 4601 ἀπόλαυσιν,
1421 4536 1595 4599 οὕτως
1628 4538 1655 4589 ό
1688 4553 1846 4605 μονο-

260 4630 417 4700 γενὴς
463 4628 559 4682 τοῦ
613 4628 749 4681 Θεοῦ
791 4629 985 4694 Λόγος,
1008 4630 1107 4695 τῆς
1143 4644 1202 4678 τε
1238 4627 1329 4679 τοῦ
1355 4627 1490 4680 Θεοῦ
1514 4629 1607 4680 καὶ
1632 4628 1844 4697 Πατρὸς

262 4718 348 4770 καὶ
393 4720 492 4788 τῆς
549 4718 746 4772 ἑαυτοῦ
786 4717 1003 4786 φύσεως
1038 4717 1137 4785 τὴν
1178 4718 1341 4769 οἱονεὶ
1386 4718 1709 4785 συγγένειαν
1729 4719 1842 4780 τοῖς

258 4811 429 4878 ἁγίοις
466 4812 733 4882 ἐντίθησι,
770 4811 831 4863 τὸ
858 4808 1081 4877 Πνεῦμα
1108 4808 1313 4872 διδοὺς,
1346 4807 1440 4861 ἅτε
1476 4808 1539 4879 δὴ
1563 4810 1659 4862 καὶ
1718 4828 1843 4863 συν·

258 4902 531 4955 ενωθεῖσιν
561 4901 715 4971 αὺτῷ
738 4901 826 4955 διά
855 4918 914 4954 τε
948 4900 1046 4968 τῆς
1079 4900 1315 4961 πίστεως
1345 4899 1437 4952 καὶ
1469 4901 1566 4969 τῆς
1606 4903 1836 4955 είσάπαν

255 4993 528 5061 ὁσιότητος
562 5010 578 5024 ⁸
605 4994 794 5064 τρέφει
840 4994 896 5045 δὲ
943 4992 1079 5063 πρὸς
1123 4992 1426 5053 εὑσέὀειαν,
1479 4994 1572 5044 καὶ
1620 4994 1841 5064 ἁπάσης

257 5083 437 5145 αὐτοῖς
464 5084 667 5154 ἀρετῆς
694 5084 785 5137 καὶ
815 5082 1185 5153 άγαθουργὶας
1224 5082 1428 5149 εἴδησιν
1460 5082 1833 5152 ἐνεργάζεται.

258 5173 503 5244 Γεωργὺν
546 5174 606 5228 δέ
642 5192 773 5245 φησι
820 5175 912 5227 τὸν
946 5173 1186 5244 Πατέρα,
1232 5172 1321 5224 διὰ
1372 5173 1532 5225 ποίαν
1579 5169 1687 5244 ἆρα
1743 5178 1839 5229 καὶ

252 5265 409 5317 τοῦτο
442 5267 623 5319 αἰτίαν
654 5282 669 5329 ;
698 5266 831 5319 Οὐδὲ
864 5266 972 5337 γὰρ
1001 5264 1332 5334 ἄπρακτοςῆ
1372 5263 1569 5334 άεργος
1588 5267 1669 5329 εἰς
1695 5269 1839 5336 ἡμᾶς

1942 4534 2099 4603 giens
2148 4532 2217 4587 iis
2264 4533 2614 4603 potissimum
2658 4533 2753 4602 qui
2785 4533 2924 4588 uniti
2963 4542 3089 4588 sunt
3122 4534 3172 4589 ci
3206 4549 3303 4604 per
3333 4534 3519 4600 ﬁdem,

1942 4634 1996 4681 et
2042 4625 2414 4680 omnimodam
2466 4625 2843 4689 sanctitatem,
2894 4639 3102 4695 eosque
3136 4625 3204 4680 ad
3260 4625 3518 4695 pietatem

1942 4718 2060 4783 alit,
2100 4718 2387 4788 omnisque
2414 4717 2639 4773 virtutis
2672 4732 2737 4771 ac
2772 4716 3033 4773 bonitatis
3068 4717 3431 4788 cognitionem
3462 4717 3519 4773 in

1942 4809 2010 4864 iis
2068 4816 2351 4879 operatur.
2415 4806 2727 4877 Agricolam
2791 4821 2922 4861 vero
2969 4806 3185 4862 Patrem
3248 4807 3515 4870 nominat,

1938 4914 2127 4970 quant,
2172 4913 2389 4970 precor,
2431 4899 2501 4953 ob
2548 4898 2821 4955 causam?
2846 4897 2960 4954 Nec
2988 4898 3132 4954 enim
3165 4897 3377 4953 otiosus
3424 4907 3518 4952 aut

1938 4997 2189 5045 cessator
2219 5004 2348 5058 erga
2394 5003 2497 5043 nos
2528 4996 2614 5044 est
2658 4988 2840 5053 Pater,
2882 4990 3012 5043 dum
3051 4988 3222 5043 Filius
3261 5003 3363 5043 nos
3416 5004 3518 5042 nuc

1884 5068 1887 5073 ’
1941 5080 2035 5133 trit
2063 5095 2127 5133 ac
2160 5079 2305 5134 fovet
2336 5080 2391 5133 in
2428 5087 2620 5134 sancto
2655 5079 2896 5149 Spiritu;
2934 5080 3027 5134 sed
3055 5079 3225 5132 totius
3250 5078 3517 5147 quodam-

1939 5171 2102 5226 modo
2147 5181 2312 5242 atque
2360 5171 2851 5226 c'onsubstantialis
2904 5170 3193 5224 Trinitatis
3232 5184 3372 5237 opus
3427 5170 3513 5223 in~

1940 5265 2210 5321 stauratio
2239 5273 2433 5319 nostra
2464 5272 2569 5330 est,
2600 5272 2655 5318 et
2688 5264 2755 5319 ad
2786 5271 2953 5319 totam
2988 5269 3242 5316 naturam
3270 5259 3511 5315 divinam

252 5354 279 5406 ὁ
308 5355 520 5425 Πατὴρ,
551 5356 842 5427 τρέφοντός
879 5373 941 5409 τε
972 5357 1067 5408 καὶ
1114 5356 1539 5425 συνέχοντος,είς
1575 5357 1637 5410 τὸ
1699 5355 1838 5412 εἶναι

1955 5358 2176 5411 ιειιίιιει
2221 5357 2470 5411 omnium
2522 5371 2645 5424 qua
2685 5355 2753 5409 ab
2800 5355 2917 5423 ipsa
2958 5352 3096 5407 fiunt
3142 5351 3396 5406 voluntas
3447 5364 3512 5406 ac

254 5442 434 5506 καλῶς
460 5444 553 5496 τοῦ
582 5443 711 5496 Υίοῦ
734 5445 790 5497 ἐν
813 5443 953 5514 ἁγίῳ
969 5443 1265 5514 Πνεῦματι,
1299 5444 1427 5513 ὅλης
1446 5442 1499 5497 δὲ
1521 5443 1708 5518 ὥσπερ
1734 5448 1834 5518 τῆς

255 5534 415 5601 ἁγίας
444 5534 538 5585 καὶ
568 5535 847 5603 όμοουσίου
877 5535 1105 5607 Τριάδος
1147 5534 1306 5604 ἔργον
1340 5536 1487 5589 ἐστὶν
1513 5538 1545 5605 ἡ
1573 5537 1678 5592 τῶν
1711 5541 1833 5593 καθ’

322 5644 368 5675 ’θ
406 5643 449 5697 ll
492 5643 644 5697 Petr.
684 5661 731 5708 ι,
760 5646 813 5698 4.
889 5647 935 5677 ⁸⁸
970 5646 986 5697 Ι
1021 5646 1149 5701 Cor.
1185 5662 1234 5701 vr
1263 5690 1276 5714 ,
1312 5647 1400 5700 i7.

260 5728 331 5778 II,
362 5714 414 5766 ϐ.
492 5715 539 5745 ⁸⁵
577 5714 594 5767 Ι
629 5713 789 5769 Joau.
827 5731 925 5783 ιιι,
965 5716 1055 5769 2i.
1298 5735 1328 5743 -

1503 5650 1599 5704 ⁸¹Ἰ
1637 5650 1762 5705 Cor.
1805 5654 1899 5716 ιη’,
1942 5654 2022 5707 ii.

1942 5455 2208 5517 potestas.
2234 5446 2578 5515 Proindeque
2611 5446 2665 5499 in
2698 5443 2930 5499 solidum
2963 5440 3129 5496 etiam
3164 5440 3218 5495 in
3249 5456 3358 5498 una
3381 5457 3510 5512 per-

1944 5555 2075 5593 sona
2108 5555 2138 5594 a
2178 5540 2336 5593 nobis
2382 5537 2740 5609 gloriﬁcatur.
2778 5534 3123 5589 Servatorem
3167 5533 3369 5588 etenim
3411 5547 3512 5587 vov-

2127 5654 2169 5683 "
2213 5651 2229 5705 1
2263 5651 2418 5710 Joan.
2462 5668 2547 5717 tv,
2580 5652 2664 5705 15.
2770 5650 2814 5680 ⁸³
2850 5648 2985 5705 Ibid.
3030 5645 3115 5702 16.
3217 5648 3262 5679 ⁸⁸
3297 5644 3317 5703 Ι
3349 5644 3510 5705 Joan.
