4076 6270
539 321 646 376 555

1566 324 1621 376 S.
1661 319 1936 375 CYRILLI
1963 316 2432 372 ALEXANDBINI
2472 318 2787 374 ARCIIIEP.

3686 316 3782 371 5'56

541 449 733 490 camus
773 433 967 498 Deum,
1003 450 1111 489 non
1157 437 1384 492 seorsim
1420 438 1638 507 quidem
1672 435 1843 499 Patri,
1877 434 2099 489 seorsim

2215 435 2360 502 ἡμᾶς
2391 435 2784 504 ἐπανόρθωσις,
2820 433 2911 486 καὶ
2943 433 3028 485 διὰ
3054 431 3230 500 πάσης
3264 430 3483 500 ἔρχεται
3517 431 3617 498 τῆς
3646 432 3784 494 θείας

540 539 721 580 autem
772 526 873 595 ipsi
926 525 1085 590 Filio,
1134 528 1251 582 sive
1299 539 1492 582 sancto
1540 529 1747 597 Spiritu
1800 527 2106 597 gratiarum

537 618 786 672 actiones
835 618 905 669 ob
944 632 1004 672 ea
1055 631 1175 686 quae
1221 619 1660 674 misericorditer
1694 617 1977 672 consecuti
2014 632 2106 670 su-

536 724 660 762 mus
689 707 1030 776 _referentes,
1069 708 1164 763 sed
1194 723 1385 764 revera
1415 709 1719 763 divinitatis
1761 707 1926 762 unius
1967 721 2107 776 opus

536 806 782 852 nostram
809 798 1039 852 salutem
1072 813 1194 852 esse
1235 799 1500 854 dicentes.
1553 798 1708 853 Licet
1740 813 1870 869 ergo
1908 796 2108 865 cuique

535 901 782 958 personae
833 889 998 942 tribui
1049 888 1302 944 videatur
1346 889 1554 960 aliquid
1584 905 1774 944 eorum
1823 903 1945 958 quae
1975 900 2105 957 erga

534 993 656 1040 nos,
689 985 778 1030 aut
805 992 932 1047 erga
958 987 1269 1033 creaturam
1305 978 1463 1042 ﬁunt,
1510 979 1872 1034 nihilominus
1925 986 2106 1034 tamen

534 1069 810 1125 credimus
844 1078 1041 1123 cuncta
1065 1084 1188 1125 esse
1218 1085 1248 1122 a
1281 1069 1441 1123 Patre
1486 1085 1584 1140 per
1630 1069 1829 1124 Filium
1881 1070 1934 1123 in
1984 1068 2107 1139 Spi-

533 1161 666 1216 ritu.
714 1159 1041 1216 Rectissime
1089 1162 1274 1232 itaque
1328 1163 1602 1234 intelliges
1649 1162 1866 1218 Patrem
1916 1178 2018 1219 nos
2047 1163 2104 1218 in

532 1250 789 1321 pietatem
832 1252 1056 1321 quidem
1103 1254 1338 1321 nutrire,
1371 1270 1468 1324 per
1510 1253 1710 1309 Filiqu
1758 1255 1814 1309 in
1852 1253 2103 1324 Spiritu:

533 1356 770 1412 eumque
792 1358 983 1399 rursus
1023 1359 1151 1415 erga
1185 1359 1286 1400 nos
1315 1345 1571 1416 agricolae
1597 1346 1769 1400 vicem
1802 1361 2014 1416 gerere,
2049 1345 2106 1400 id

532 1444 618 1490 est
653 1437 967 1506 prospicere
1001 1445 1056 1491 et
1088 1438 1407 1502 observare,
1441 1452 1652 1506 nosque
1681 1438 1830 1491 omni
1869 1452 2000 1490 cura
2026 1437 2108 1490 di-

532 1528 733 1598 rigere,
767 1543 864 1598 per
903 1527 1098 1581 Filium
1140 1528 1194 1581 in
1239 1526 1467 1598 Spiritu.
1506 1527 1598 1582 Sic
1629 1528 1777 1582 enim
1810 1527 2104 1597 meojudi-

531 1620 619 1672 cio
664 1619 869 1674 rectius
918 1619 1078 1688 longe
1117 1633 1281 1688 quam
1332 1619 1443 1672 alio
1480 1619 1643 1673 modo
1692 1619 2103 1688 philosophabi-

533 1723 678 1761 mur.
713 1708 847 1762 Nam
885 1709 932 1762 si
965 1708 1333 1763 concedemus
1374 1724 1822 1778 unumquemque
1869 1709 2100 1764 seorsim

533 1797 740 1866 aliquid
786 1799 1004 1866 operari
1055 1797 1200 1867 quod
1249 1798 1479 1852 alterius
1521 1813 1633 1852 non
1672 1813 1797 1853 esse
1831 1797 2102 1859 dicamus.

532 1903 662 1942 num
695 1888 982 1957 quisquam
1021 1889 1282 1958 ambiget,
1313 1903 1436 1942 cum
1472 1888 1598 1942 vitis
1628 1887 1804 1943 Filius
1835 1904 1983 1942 nunc
2012 1905 2105 1959 ap-
2137 1915 2144 1921 ο

531 1979 763 2047 pellatus
795 1980 888 2043 sit,
923 1979 1084 2034 Pater
1129 1987 1312 2033 autem
1365 1979 1626 2048 agricola,
1664 1994 1765 2032 nos
1787 1979 1856 2032 ali
1885 1977 2100 2047 quidem

529 2067 761 2121 seorsim
797 2077 853 2121 et
881 2067 1051 2122 foveri
1089 2083 1118 2121 a
1153 2069 1274 2124 solo
1305 2068 1464 2134 Filio,
1495 2083 1526 2121 a
1570 2069 1730 2122 Patre
1758 2083 1892 2122 vero
1928 2069 2100 2123 solam

529 2171 630 2210 nos
661 2157 934 2211 culturam
966 2159 1205 2213 habere?
1237 2158 1347 2212 Viti
1374 2160 1520 2214 enim
1547 2159 1828 2229 proprium
1859 2168 1940 2213 est
1971 2175 2101 2215 suos

527 2249 741 2304 nutrire
775 2250 1064 2319 palmites:
1101 2252 1352 2321 agricolae
1393 2266 1521 2306 vero
1570 2250 1740 2321 859
1761 2252 1880 2320 ejus
1911 2266 2099 2305 curam

530 2341 752 2396 habere.
799 2340 903 2396 Sed
945 2343 992 2396 si
1026 2354 1172 2398 recte
1201 2345 1471 2413 sapimus,
1512 2346 1739 2398 omnino
1781 2343 2100 2412 putabimus

519 2418 704 2500 ‘neque
734 2432 872 2485 illud
907 2434 1116 2502 absque
1146 2433 1329 2500 Patre,
1364 2450 1543 2504 neque
1595 2434 1746 2487 aliud
1791 2435 1911 2488 sine
1961 2432 2100 2487 Filio

528 2533 625 2576 seu
660 2532 853 2577 sancto
888 2521 1098 2592 Spiritu
1129 2540 1361 2594 prorsus
1387 2526 1593 2596 peragi.
1641 2527 1851 2580 Cuncta
1887 2526 2033 2581 enim
2069 2540 2097 2578 a

526 2611 692 2667 Patre
727 2629 822 2683 per
855 2613 1052 2668 Filium
1088 2616 1144 2669 in
1179 2615 1412 2685 Spiritu,
1453 2618 1618 2672 sicuti
1667 2617 1926 2670 diximus.
1973 2617 2100 2671 Sin-

527 2703 705 2772 gttlari
743 2711 926 2759 autem
960 2706 1197 2760 consilio
1224 2705 1488 2760 Servator
1508 2707 1670 2760 etiam
1701 2722 1846 2761 nunc
1881 2706 2098 2761 Patrem

531 2796 774 2864 appellat
802 2797 1102 2865 agricolam
1131 2815 1144 2864 ;
1174 2813 1338 2866 quam
1373 2813 1503 2852 vero
1549 2803 1618 2853 ob
1645 2814 1892 2862 causam,
1934 2813 2100 2869 grave

528 2903 640 2940 non
673 2888 777 2942 erit
804 2903 1100 2958 exponere.
1153 2891 1230 2946 Ne
1286 2893 1412 2962 quis
1461 2895 1607 2948 enim
1653 2902 1871 2964 putaret
1917 2894 2099 2948 solum

533 2975 884 3046 Unigenitum
925 2981 1102 3035 nostri
1129 2996 1322 3036 curam
1356 2999 1543 3052 agere,
1573 2983 1795 3039 Patrem
1826 2999 1890 3038 ac
1926 2983 2096 3038 Deum

526 3068 698 3123 veluti
730 3079 1162 3140 .cooperatorem
1212 3073 1450 3138 induxit,
1483 3073 1723 3144 seipsum
1763 3073 1989 3142 quidem
2017 3073 2099 3127 vi-

2217 525 2430 591 φύσεως
2453 528 2586 596 ήὲφ’
2601 527 2772 580 ἅπασι
2789 528 2898 588 τοῖς
2920 525 3047 596 παρ’
3075 525 3242 594 αὐτῆς
3264 523 3560 593 δρωμένοις
3579 523 3783 591 θέλησίς

2213 633 2271 669 τε
2291 619 2382 669 κα)⁸
2407 616 2650 688 δύναμις.
2687 617 2783 671 Διά
2814 616 2971 670 τοῦτο
3001 617 3096 668 καλ⁸
3127 614 3437 684 ὁλοκλήρως
3479 613 3574 665 καὶ
3605 615 3662 664 ἑν
3711 614 3786 664 ἑνὶ

2216 707 2492 778 προσώπῳ
2526 709 2652 778 παρ’
2676 708 2832 778 ήμῶν
2863 707 3166 772 δοξάζεται.
3198 705 3428 775 Σωτῆρα
3454 703 3564 773 γὰρ
3593 702 3782 756 καλοῦ-

2217 813 2314 866 μεν
2337 796 2427 849 τὸν
2457 797 2587 849 Θεὸν
2611 797 2710 850 οὐκ
2743 798 2848 850 ἀνά
2876 797 3042 868 μέρος
3065 797 3162 867 μὲν
3177 794 3258 866 τῷ
3278 793 3475 864 Πατρὶ,
3500 794 3603 846 ἀνὰ
3630 793 3785 864 μέρος

2211 885 2268 938 δὲ
2305 885 2452 957 αὐτῷ
2471 885 2549 956 τῷ
2580 887 2714 956 Υίῷ,
2754 887 2872 956 ἦτοι
2903 887 2978 958 τῷ
3006 888 3146 956 ἁγίῳ
3168 886 3450 956 Πνεύματι
3479 883 3548 936 τά
3593 883 3678 953 ἐφ’
3710 880 3786 944 οἷς

2213 977 2494 1048 ήλεήμεθα
2519 978 2944 1048 ἀποκομίζοντες
2972 980 3325 1050 χαριστήρια,
3359 976 3473 1029 ἀλλ’
3493 976 3665 1037 ὅντως
3693 974 3787 1042 τῆς

2216 1071 2344 1138 μιᾶς
2369 1069 2618 1139 θεότητος
2647 1070 2976 1140 κατόρθωμα
3010 1070 3258 1138 λέγοντες
3283 1069 3383 1138 τὴν
3431 1066 3642 1121 ἑαυτῶν
3689 1081 3787 1118 σω-

2212 1161 2424 1231 τηρίαν.
2456 1161 2572 1214 Κᾶν
2606 1161 2735 1230 γοῦν
2762 1161 2977 1232 ἑκάστῳ
3024 1159 3304 1232 προσώπῳ
3341 1155 3694 1228 διανέμεσθαί
3735 1172 3784 1208 τι

2212 1252 2341 1322 δοκῇ
2365 1251 2474 1306 τῶν
2500 1255 2579 1315 εἰς
2600 1254 2750 1322 ἡμᾶς
2791 1253 3112 1321 γεγονότων,
3155 1253 3272 1322 ἦτοι
3314 1250 3422 1305 τῶν
3466 1250 3782 1320 ἐνεργουμέ-

2213 1360 2318 1396 νων
2376 1343 2501 1412 περὶ¹
2552 1341 2650 1413 τὴν
2702 1343 2902 1406 κτίσιν,
2935 1343 3048 1395 ἀλλ’
3091 1343 3241 1396 οὐδὲν
3275 1335 3436 1412 ἦττον
3459 1342 3782 1409 πιστεύομεν

2213 1434 2293 1486 ὄτι
2331 1434 2506 1487 πάντα
2535 1434 2650 1486 ἐστὶ
2687 1434 2837 1504 παρά
2872 1433 2966 1487 τοῦ
3006 1434 3217 1504 Πατρὸς
3251 1433 3318 1486 δι’
3365 1431 3494 1485 Υἱοῦ
3518 1432 3576 1484 ἑν
3621 1431 3783 1483 Πνεύ-

2216 1541 2366 1594 ματι,
2415 1525 2646 1595 Νοήσεις
2701 1521 2795 1578 οὖν
2844 1525 2952 1596 ἄρα
2993 1525 3088 1578 καὶ
3129 1524 3249 1577 λίαν
3288 1523 3464 1594 ὀρθῶς
3492 1524 3574 1576 ὅτι
3599 1522 3780 1594 τρέφει

2217 1617 2314 1686 μὲν
2340 1618 2486 1685 ἡμᾶς
2515 1619 2592 1679 είς
2618 1616 2900 1670 εὐσέϐειαν
2940 1619 2968 1669 6
2995 1615 3184 1686 Πατὴρ
3228 1616 3294 1668 δι’
3327 1614 3461 1668 Tim")
3511 1617 3569 1668 ἑν
3623 1614 3782 1667 Πνεύο

2215 1725 2344 1777 ματι
2371 1725 2384 1737 ·
2421 1711 2656 1778 γεωργεῖ
2677 1709 2732 1761 δὲ
2761 1703 2826 1761 αὖ
2853 1709 3032 1770 πάλιν,
3061 1707 3204 1761 τοῦτ’
3227 1707 3392 1770 ἔστιν,
3419 1707 3591 1778 ἐφορᾷ
3616 1724 3675 1758 τε
3696 1708 3781 1760 καὶ

2142 1788 2180 1842 Β
2209 1799 2615 1864 ὲπισκέπτεται,
2652 1799 2746 1852 καλ⁵
2785 1799 3064 1871 φροντίδος
3086 1800 3186 1868 τῆς
3210 1797 3618 1869 ὲπανορθούσης
3650 1797 3782 1860 ἀξιοῖ

2207 1890 2274 1942 δι’
2304 1889 2434 1942 Υίοῢ
2461 1891 2518 1941 ἑν
2549 1891 2847 1960 Πνεύματι,
2884 1888 3226 1959 Λογιούμεθα
3244 1888 3351 1956 γὰρ
3383 1888 3583 1958 μᾶλλον
3619 1887 3780 1949 οὕτως

2205 1979 2554 2049 ὀρθῶς,ἧπερ
2586 1976 2677 2032 οὖν
2702 1979 2923 2048 ἑτέρως,
2944 1980 3084 2032 κατά
3113 1995 3175 2046 γε
3206 1978 3298 2030 τὸν
3332 1977 3603 2047 ἡμέτερον
3630 1975 3766 2028 νοῦν.

2206 2073 2268 2125 ΕΞ
2315 2072 2422 2142 γὰρ
2472 2072 2685 2142 ἑκάστῳ
2723 2071 2966 2140 δώσομεν
3002 2071 3103 2123 ἀνά
3149 2069 3314 2140 μέρος
3354 2067 3695 2139 ἐργάσασθαί
3731 2085 3779 2119 τι

2204 2165 2312 2217 τῶν
2341 2164 2460 2217 καθ’
2489 2166 2657 2234 ἡμᾶς,
2695 2165 2722 2216 ὃ
2755 2165 2890 2233 μήτε
2914 2163 3009 2215 τοῦ
3053 2161 3239 2232 ἑτέρου
3268 2162 3428 2231 τυχὸν
3486 2157 3629 2212 εἷναί
3681 2178 3778 2228 φα-

2208 2274 2325 2326 μεν,
2353 2256 2470 2318 πῶς
2501 2257 2602 2306 οὐκ
2631 2253 3020 2323 ἀναμφίλογον,
3061 2252 3136 2314 ὡς
3158 2251 3384 2320 ἐπείπερ
3415 2249 3658 2319 ἄμπελος
3690 2249 3780 2318 μὲν

2203 2349 2230 2400 6
2274 2347 2398 2406 Υἱὸς
2449 2344 2764 2414 ὠνόμασται
2805 2341 2921 2407 νῦν,
2977 2342 3223 2411 γεωργὸς
3272 2341 3328 2393 δὲ
3360 2342 3388 2392 6
3428 2340 3636 2409 Πατὴρ,
3668 2355 3781 2407 τρε-

2202 2433 2414 2502 φόμεθα
2469 2431 2567 2502 μὲν
2619 2432 2836 2496 ίδικῶς,
2902 2429 3237 2499 συνεχόμεθά
3286 2445 3347 2480 τε
3417 2428 3554 2497 πρὸς
3605 2427 3665 2478 τὸ
3724 2423 3777 2478 εὖ

2201 2521 2340 2577 εἶναι
2380 2522 2530 2592 παρά
2568 2523 2729 2593 μόνου
2793 2522 2888 2575 τοῦ
2933 2521 3084 2574 Υἱοῦ·
3143 2519 3292 2590 παρά
3332 2519 3387 2572 δέ
3425 2536 3487 2586 γε
3529 2517 3624 2569 τοῦ
3675 2519 3777 2569 Πα-

2199 2616 2326 2687 τρὸς
2369 2615 2532 2685 ψιλὴν
2588 2613 2785 2683 ἔχομεν
2848 2612 2946 2683 τὴν
2996 2612 3325 2680 ἑπίσκεψινς
3377 2610 3635 2679 Ἀμπέλῳ
3691 2608 3779 2678 μὲν

2200 2709 2306 2779 γὰρ
2346 2709 2406 2760 τὸ
2431 2708 2650 2778 τρέφειν
2690 2707 2888 2759 οἰκεῖον
2921 2705 2990 2758 τὰ.
3023 2705 3126 2758 ἴδια
3161 2704 3436 2773 κλήματα,
3492 2702 3572 2771 τῷ
3603 2702 3660 2754 δὲ
3691 2720 3779 2771 γη-

2201 2801 2454 2855 πονοῦντι
2511 2801 2574 2853 τὸ
2610 2796 3055 2852 ἐπισκέπτεσθαι.
3131 2795 3269 2848 Ἀλλ’
3306 2795 3420 2863 εἴγε
3483 2793 3780 2866 φρονοῦμεν

2200 2894 2394 2964 ὀρθῶς,
2425 2890 2744 2964 ἡγησόμεθα
2769 2889 2833 2962 δὴ
2868 2889 3105 2952 πάντως,
3138 2888 3221 2942 ὅτι
3250 2886 3373 2940 οὗτε
3415 2889 3593 2939 έκεῖνο
3621 2886 3782 2955 χωρὶς

2197 2985 2291 3038 τοῦ
2327 2985 2560 3054 Πατρὸς,
2583 2981 2708 3036 οὔτε
2749 2980 2856 3051 μὴν
2882 2980 2943 3032 τὸ
2970 2979 3157 3049 ἕτερον
3189 2978 3312 3048 δίχα
3337 2977 3429 3030 τοῦ
3451 2975 3603 3039 Υίοῦ,
3623 2977 3783 3046 ήγουν

2199 3075 2293 3128 τοῦ
2329 3075 2487 3142 ἁγίου
2548 3072 2862 3142 Πνεύματος
2910 3068 3278 3140 κατορθώσειε
3321 3067 3382 3120 τὸ
3416 3069 3545 3121 πᾶν.
3596 3067 3778 3119 Πάντα

528 3167 636 3214 tem
685 3162 982 3217 nominans
1019 3179 1141 3232 quae
1175 3164 1496 3234 palmitibus
1527 3142 1648 3220 suis
1679 3165 1851 3218 vitam
1897 3162 2099 3236 largia-

2202 3166 2312 3236 γάρ
2341 3165 2491 3236 παρὰ
2514 3164 2726 3234 Πατρὸς
2756 3163 2825 3216 δι’
2854 3161 2986 3214 Υίοῦ
3013 3163 3070 3214 ἑν
3093 3159 3391 3230 Πνεύματι,
3429 3157 3682 3226 καθάπερ
3708 3159 3782 3209 εἰ-

524 3260 617 3304 ιιιι·
662 3259 716 3306 et
758 3251 1191 3323 fecunditatem;
1238 3254 1456 3310 Patrem
1506 3263 1690 3312 autem
1739 3256 2045 3327 agricolam
2081 3299 2097 3322 ,

524 3358 624 3414 per
655 3345 762 3399 hoc
786 3361 982 3401 rursus
1008 3345 1212 3403 docens
1239 3347 1402 3402 aliam
1425 3347 1721 3418 quamdam
1744 3348 1946 3403 divinae
1968 3347 2100 3404 sub-

525 3438 743 3490 stantiae
786 3451 914 3506 erga
961 3451 1061 3491 nos
1097 3437 1474 3506 operationem
1520 3438 1749 3508 peragi,
1801 3437 2100 3508 providen-

526 3527 656 3581 tiam
693 3527 957 3581 nimirum
1010 3543 1074 3583 ac
1106 3542 1318 3584 curam.
1373 3528 1604 3605 Discere
1647 3530 1854 3599 quippe
1898 3541 2102 3584 conve-

523 3617 714 3674 niebat
745 3617 912 3673 Deum
946 3633 1048 3673 nos
1082 3634 1192 3673 non
1223 3625 1436 3672 tantum
1472 3635 1589 3675 suae
1619 3628 1909 3676 consortes
1942 3629 2101 3674 natu-

524 3725 599 3764 rte
645 3707 845 3772 fecisse
875 3709 944 3774 ⁸⁸,
992 3709 1047 3762 in
1083 3718 1278 3765 sancta
1310 3718 1364 3764 et
1391 3711 1860 3766 consubstantiali
1913 3709 2098 3764 Trini-

524 3805 636 3851 tate
682 3807 1032 3867 conceptum,
1077 3800 1171 3853 sed
1199 3806 1254 3854 et
1281 3801 1460 3855 nostri
1509 3815 1784 3854 summam
1825 3815 2015 3854 curam
2046 3809 2100 3855 et

524 3889 929 3958 providentiam
963 3903 1145 3958 agere,
1187 3905 1353 3958 quam
1383 3892 1487 3945 sub
1512 3893 1868 3961 agriculturae
1915 3905 2101 3944 exem-

526 3979 617 4047 plo
647 3985 795 4031 recte
825 3987 880 4032 et
909 3990 1282 4034 consentanee
1311 3981 1399 4034 hic
1427 3981 1817 4050 intelligimus.
1848 3980 1986 4034 Vitis
2031 3980 2101 4037 si-

524 4067 744 4137 quidem
797 4066 1031 4137 ejusque
1074 4068 1360 4136 palmitum
1420 4069 1561 4122 facta
1600 4071 1754 4138 prius
1793 4071 2096 4136 mentione,

524 4157 804 4228 quomodo
853 4173 966 4212 non
1015 4159 1251 4212 maxime
1280 4159 1535 4213 convenit
1568 4161 1861 4228 agricolam
1909 4162 1996 4215 hic
2024 4162 2099 4216 si-

525 4250 799 4320 guiﬁcari,
832 4267 942 4320 quo
989 4266 1171 4304 rerum
1213 4251 1462 4305 omnium
1499 4252 1782 4320 inspector
1821 4255 2098 4322 guberna-

527 4350 725 4410 torque
774 4341 1138 4411 signiﬁcatur,
1174 4341 1432 4395 nimirum
1475 4342 1664 4397 Deus?
1699 4342 1853 4408 Quod
1884 4345 1928 4398 si
1977 4360 2098 4399 crc-

525 4433 708 4487 dimus
750 4435 1078 4487 naturaliter
1121 4432 1342 4504 quidem
1389 4449 1454 4488 ac
1498 4450 1626 4488 vere
1660 4434 1855 4489 Filium
1886 4452 2008 4491 esse
2037 4438 2092 4490 in

525 4539 627 4577 suo
668 4522 851 4587 Patre,
895 4532 949 4578 et
979 4524 1182 4579 habere
1213 4525 1267 4578 in
1298 4540 1396 4579 sua
1434 4533 1632 4580 natura
1685 4528 1924 4593 Patrem,
1961 4544 2093 4583 cun-

522 4624 612 4667 eta
652 4631 749 4684 per
785 4615 976 4669 ambos
1006 4615 1060 4667 in
1093 4615 1304 4684 Spiritu
1348 4631 1449 4670 ceu
1487 4633 1552 4671 ex
1586 4632 1694 4671 una
1729 4619 1934 4673 deitate
1981 4635 2097 4688 per-

523 4716 779 4776 agentur,
812 4723 914 4761 nec
948 4721 978 4760 a
1013 4708 1172 4763 nobis
1206 4710 1420 4766 alendis
1448 4709 1613 4766 Pater
1654 4712 2004 4777 excludetur,
2040 4721 2095 4768 et

523 4815 552 4851 a
587 4799 761 4854 nostri
805 4799 1028 4853 cultura
1071 4798 1242 4856 Filius
1275 4817 1620 4871 nequaquam
1655 4805 1871 4859 alienus
1901 4819 2093 4860 cense-

523 4885 692 4949 bitur,
735 4885 1048 4956 idquejure
1070 4888 1290 4942 merito.
1324 4887 1428 4944 Ubi
1466 4892 1612 4944 enim
1652 4902 1862 4947 naturae
1899 4893 2093 4946 identi-

522 4983 606 5029 tas
639 4991 734 5046 per
759 4976 942 5030 omnia
977 4976 1172 5032 similis
1205 4978 1473 5042 cernitur,
1509 4980 1585 5033 ibi
1612 4981 1867 5050 quamvis
1905 4982 2093 5036 multis

519 5067 800 5136 variisque
823 5066 1003 5121 modis
1030 5065 1149 5120 ﬁeri
1185 5070 1450 5122 nonnulla
1497 5071 1811 5137 videantur,
1857 5088 1964 5125 non
2006 5081 2092 5127 est

521 5163 702 5211 tamen
744 5157 991 5228 operatio
1019 5157 1258 5212 diversa.
1291 5158 1426 5212 Cum
1465 5151 1649 5215 autem
1686 5177 1792 5215 una
1845 5164 1917 5216 sit
1956 5164 2090 5217 sub-

522 5248 751 5314 stantia,
799 5249 852 5302 id
885 5259 991 5315 est,
1034 5263 1161 5304 vera
1191 5256 1246 5304 et
1281 5250 1586 5304 secundum
1618 5262 1872 5306 naturam
1906 5254 2090 5310 Deitas

521 5337 578 5390 in
605 5340 779 5393 tribus
812 5340 1198 5410 bypostasibus
1236 5341 1599 5412 intelligatur,
1631 5344 1688 5398 in
1736 5343 1898 5400 Patre
1930 5347 2088 5400 nimi-

520 5441 666 5492 rum,
711 5435 764 5482 et
811 5429 970 5496 Filio,
1012 5440 1313 5502 sanctoque
1359 5430 1590 5503 Spiritu,
1638 5437 1920 5504 quomodo
1973 5452 2082 5492 non

521 5516 1037 5575 manifestissimum
1070 5532 1124 5577 et
1166 5522 1536 5580 indubitatum
1567 5533 1652 5582 est
1705 5527 2079 5598 quodcunque

587 5689 634 5722 “
668 5689 706 5744 ll
740 5687 884 5746 Petr.
922 5707 971 5756 ι,
1007 5693 1061 5747 4.

2205 3257 2478 3328 ρήκαμεν.
2538 3251 2910 3324 Οίκονομικῶς
2969 3251 3027 3304 δὲ
3078 3247 3198 3304 λίαν
3245 3249 3341 3302 καὶ
3377 3248 3471 3303 νῦν
3517 3250 3546 3300 6
3597 3248 3784 3316 Σωτὴρ

2201 3348 2446 3420 γεωργὸν
2477 3346 2729 3416 ὠνόμασε
2765 3345 2855 3398 τὸν
2901 3344 3144 3414 Πατέρα,
3176 3343 3273 3397 καί
3313 3360 3397 3404 τις
3445 3341 3554 3412 ἄρα
3593 3341 3781 3408 γέγονε

2199 3439 2389 3493 τούτου
2416 3437 2707 3506 πρόφασις,
2725 3434 2876 3490 οὐδὲν
2904 3436 3039 3498 ὅλως
3059 3436 3232 3487 εἰπεῖν
3257 3433 3514 3504 χαλεπόν.
3538 3433 3657 3485 Ἵνα
3676 3432 3783 3500 γὰρ

2205 3531 2280 3601 μή
2308 3547 2390 3593 τις
2418 3529 2598 3598 οἴηται
2641 3528 2804 3598 μόνου
2848 3525 2943 3579 τοῦ
3001 3525 3341 3594 Μονογενοῦς
3388 3525 3490 3594 τὴν
3539 3526 3622 3592 ἐφ’
3651 3525 3783 3593 ἡμῖν

2200 3618 2453 3690 γενέσθαι
2477 3618 2752 3690 φροντίδα,
2805 3615 3143 3686 συνεργάτην
3191 3614 3380 3684 ὥσπερ
3428 3614 3782 3680 είσκεκόμικε

2200 3707 2292 3760 τὸν
2319 3709 2537 3775 Πατέρα
2586 3707 2681 3758 καὶ
2733 3704 2886 3768 Θεὸν,
2947 3705 3136 3757 ἑαυτὸν
3177 3703 3274 3774 μὲν
3326 3702 3573 3772 ἄμπελον
3616 3699 3784 3754 εἰπὼν

2198 3799 2311 3860 τοῖς
2345 3797 2494 3859 ίδίοις
2549 3795 2790 3866 κλήμασι
2850 3793 3192 3864 χορηγοῦσαν
3243 3792 3341 3863 τὴν
3383 3793 3552 3863 ζωὴν,
3603 3790 3783 3844 καὶτὸ

2199 3887 2456 3942 δύνασθαι
2483 3889 2867 3957 καρποφορεῖν,
2903 3885 3148 3956 γεωργὸν
3191 3885 3247 3937 δὲ
3284 3885 3374 3936 τὸν
3399 3885 3742 3952 γεννήσαντα
3765 3898 3776 3907 ·

2201 3980 2296 4032 καὶ
2322 3979 2411 4032 διὰ
2431 3977 2618 4031 τούτου
2654 3977 2838 4042 πάλιν,
2872 3977 3065 4048 ἑτέραν
3113 3977 3303 4047 ὥσπερ
3330 3975 3454 4029 τινὰ
3499 3975 3601 4044 τῆς
3632 3975 3786 4048 θείας.

2199 4066 2384 4129 οὐσίας
2409 4065 2694 4134 ἐνέργειαν
2746 4065 2844 4136 τὴν
2869 4067 2988 4119 κατ’
3022 4065 3311 4134 ἐπίσκεψιν
3339 4064 3659 4134 νοουμένην,
3703 4064 3779 4123 εἰς

2199 4158 2346 4227 ἡμᾶς
2366 4155 2729 4209 ἐπιτελεῖσθαι
2757 4155 3041 4210 διδάσκων.
3075 4156 3220 4208 Ἔδει
3268 4156 3394 4225 γὰρ,
3429 4155 3538 4207 ἔδει
3575 4154 3778 4224 μανθά-

2199 4264 2310 4299 νειν
2339 4248 2506 4316 ἡμᾶς,
2537 4247 2613 4309 ὡς
2645 4249 2707 4300 οὐ
2747 4247 2905 4317 μόνον
2945 4249 3234 4310 κοινωνοὺς
3286 4248 3385 4317 τῆς
3433 4246 3632 4299 ἑαυτοῦ
3678 4244 3777 4312 φύε

2201 4357 2337 4402 σεως
2367 4339 2724 4410 ἐξειργάσατο
2784 4341 2916 4404 Θεὸς
2959 4343 3019 4394 ἑν
3070 4342 3202 4411 ἁγίᾳ
3246 4358 3306 4393 τε
3365 4342 3458 4392 καὶ
3501 4339 3776 4410 όμοουσίῳ

2202 4432 2389 4500 Τριάδι
2419 4431 2726 4501 νοούμενοςο
2762 4431 2896 4484 ἀλλά
2936 4432 3031 4484 καὶ
3071 4432 3179 4484 τῶν
3225 4432 3342 4484 καθ’
3369 4432 3517 4500 ἡμᾶς
3552 4429 3774 4498 ἀκριὸε-

2200 4521 2398 4591 στάτην
2426 4518 2485 4573 εὖ
2525 4521 2669 4590 μάλα
2697 4524 2929 4575 ποιεῖται
2957 4521 3054 4592 τὴν
3081 4523 3388 4590 ἐπίσκεψιν,
3411 4522 3486 4584 ὡς
3505 4522 3562 4572 ἑν
3587 4520 3778 4589 τρόπῳ

2193 4613 2467 4682 γεωργίας
2501 4611 2947 4682 παραληφθεῖσαν
2972 4616 3050 4677 εἰς
3078 4614 3137 4666 τὸ
3161 4614 3335 4684 παρὸν
3379 4612 3692 4672 ἀκολούθως
3715 4626 3774 4660 τε

2195 4702 2287 4755 καὶ
2323 4702 2526 4772 σφόδρα
2561 4703 2760 4765 καλῶς.
2798 4705 3308 4774 Προωνομασμένης
3337 4704 3446 4774 γὰρ
3479 4702 3732 4772 ἀμπέλου
3756 4740 3770 4763 ,

2191 4795 2286 4846 καὶ
2310 4794 2417 4846 τῶν
2452 4794 2512 4858 ἑξ
2532 4795 2700 4865 αὐτῆς
2725 4795 3042 4866 κλημάτων,
3068 4797 3182 4859 πῶς
3209 4797 3270 4849 οὐ
3307 4796 3426 4849 λίαν
3470 4796 3530 4848 ὲν
3560 4795 3774 4854 τούτοις

2191 4886 2614 4957 πρεπωδεστάτη
2641 4887 2733 4940 τοῦ
2765 4887 3135 4960 γεωργοῦντος
3162 4891 3193 4958 ή
3235 4888 3491 4957 δήλωσις,
3544 4887 3636 4938 τὸν
3670 4887 3775 4936 ἐττ-

2189 4967 2360 5048 όπτην
2388 4979 2494 5032 τῶν
2518 4979 2657 5033 ὅλων
2689 4980 2784 5034 καὶ
2840 4981 3178 5051 ἐπιμελητὴν
3215 4982 3568 5052 εἰσφέρουσα,
3622 4977 3773 5031 τοῦτ’

2190 5069 2303 5121 ἔστι
2336 5070 2502 5134 Θεόν;
2537 5072 2599 5123 Et
2652 5072 2708 5123 δὲ
2771 5073 3215 5142 πεπιστεύκαμεν
3264 5075 3345 5126 ὅτι
3392 5070 3641 5140 φυσικῶς
3673 5069 3776 5138 μὲν

2189 5161 2283 5214 καὶ⁷
2310 5161 2525 5230 ἀληθῶς
2562 5164 2709 5215 ἑστιν
2738 5165 2766 5216 6
2800 5163 2924 5226 Υἱὸς
2956 5166 3013 5217 ἑν
3038 5165 3118 5234 τῷ
3176 5165 3294 5233 ίδίῳ
3341 5163 3541 5233 Πατρὶ,
3571 5161 3686 5231 ἔχει
3718 5160 3776 5211 δὲ

2189 5255 2247 5304 ἑν
2282 5252 2388 5322 ίδίᾳ
2415 5253 2574 5321 φύσει
2606 5253 2695 5305 τὸν
2729 5256 3086 5324 γεννήσαντα,
3123 5255 3302 5308 πάντα
3363 5253 3430 5305 δι’
3455 5255 3663 5322 ἀμφοῖν
3718 5252 3778 5301 ἑν

2195 5344 2486 5412 Πνεύματι,
2508 5345 2582 5408 ὡς
2615 5347 2680 5397 ἑκ
2711 5347 2838 5415 μιᾶς
2860 5346 3122 5416 Θεότητος
3153 5346 3653 5414 ἐπιτελεσθήσεται,
3678 5345 3782 5396 καὶ

2189 5432 2312 5486 οὔτε
2334 5435 2426 5488 τοῦ
2463 5435 2682 5506 τρέφειν
2737 5439 2882 5506 ἡμᾶς
2935 5439 2963 5489 6
2995 5436 3182 5506 Πατὴρ
3226 5435 3331 5499 ἔξω
3382 5435 3649 5497 κείσεται,
3679 5433 3778 5484 καὶ

2187 5524 2287 5594 τῆς
2313 5526 2396 5594 ἐφ’
2435 5527 2566 5597 ἡμῖν
2592 5529 2866 5598 γεωργίας
2890 5529 2989 5582 οὐκ
3035 5528 3312 5597 ἀλλότριος
3343 5528 3371 5579 ὁ
3411 5528 3536 5590 Υἱὸς
3561 5528 3740 5579 νοοῖτο
