4076 6270
347 386 458 444 357

1396 398 1465 455 ΙΝ
1490 400 1777 458 JOANNIS
1815 403 2263 467 EVANGELIUM
2303 412 2429 468 LIB.
2459 414 2528 469 Χ.

3477 426 3582 484 338

342 508 445 562 καὶ
470 506 718 571 εἰκότως.
744 507 915 562 Ὅπου
937 509 1045 582 γὰρ
1071 509 1286 579 φύσεως
1309 517 1575 589 ταυτότης
1595 519 1654 574 ἐν
1675 520 1912 593 ἀπαραλ-

2023 524 2187 581 unlus
2217 542 2363 599 opus
2380 530 2607 598 dicitur,
2642 532 2696 590 id
2728 534 2896 591 totius
2925 549 3046 593 esse
3085 542 3149 594 et
3170 536 3334 596 unius
3361 539 3583 597 deitatis

347 594 571 661 λάκτοις
597 599 786 669 ὁρᾶται
812 598 1011 668 λόγοις,
1040 602 1159 657 ἐκεῖ
1185 604 1247 658 τὸ
1270 607 1366 677 τῆς
1400 608 1682 680 ἐνεργείας
1726 615 1788 667 οὐ
1820 629 1917 683 με·

353 686 702 758 μερισμένον,
732 687 835 743 κᾶν
865 691 1126 755 ποικίλως
1151 711 1210 747 τε
1235 696 1330 750 καὶ
1374 697 1648 771 διαφόρως
1673 702 1916 773 ἐνεργεῖ-

350 775 477 829 σθαι
505 778 666 848 τυχὸν
695 780 868 834 νοοῖτό
897 798 1027 836 τινι.
1054 784 1201 849 Μιᾶς
1251 785 1307 839 δέ
1332 788 1539 852 οὐσίας,
1590 790 1735 845 τοῦτ’
1762 791 1880 847 ἐστι
1899 832 1915 858 ,

344 868 446 937 τῆς
468 867 703 940 ἀληθοῦς
728 872 822 925 καὶ
853 872 992 928 κατὰ
1026 875 1188 943 φύσιν
1221 876 1471 950 θεότητος
1497 882 1557 934 ἐν
1587 883 1763 953 τρισὶν
1787 884 1916 938 ὑπο-

346 959 568 1014 στάσεσι
602 963 920 1035 νοουμένης,
950 965 1011 1020 ἐν
1058 983 1119 1020 τε
1165 968 1244 1039 τῷ
1273 970 1471 1042 Πατρὶ,
1518 975 1684 1044 φημὶ,
1717 976 1811 1029 καλ⁵
1839 975 1917 1047 τῷ

343 1048 460 1120 Υἰῷ
488 1051 583 1106 καὶ
610 1053 687 1123 τῷ
713 1055 854 1125 ἁγίῳ
882 1057 1182 1127 Πνεύματι,
1226 1059 1342 1124 πῶς
1399 1062 1460 1115 οὐ
1494 1065 1699 1135 σφόδρα
1725 1066 1917 1137 τρανές

341 1141 732 1207 ἀνενδοιάστως
752 1145 896 1215 ἕχον,
915 1147 990 1211 ὡς
1008 1150 1146 1219 ὅπερ
1167 1150 1235 1204 ἂν
1255 1152 1375 1217 ἑνός
1390 1171 1440 1206 τι
1458 1157 1620 1226 τυχὸν
1639 1158 1917 1231 ἐνέργημα

340 1229 591 1302 λέγηται,
619 1232 777 1285 τοῦτο
798 1235 895 1304 τῆς
928 1236 1054 1307 ὅλης
1074 1240 1191 1291 ἐστὶ
1222 1243 1318 1294 καὶ
1352 1244 1479 1311 μιᾶς
1507 1229 1757 1317 θεότητος
1786 1229 1917 1305 ἀπο-

338 1321 603 1392 τέλεσμα,
642 1325 782 1378 κατά
822 1341 885 1393 γε
934 1327 1026 1380 τὸν
1051 1329 1107 1381 ἐν
1136 1329 1364 1400 δυνάμει
1404 1336 1470 1404 τῇ
1502 1340 1702 1409 φυσικῇ
1732 1339 1911 1409 λόγον.

342 1411 456 1463 Καὶ
482 1412 610 1479 γοῦν
637 1415 667 1465 ό
709 1413 911 1485 Κύριος
935 1415 1093 1486 ἡμῶν
1126 1418 1331 1490 Ἰησοῦς
1359 1424 1609 1495 Χριστὸς,
1649 1433 1915 1503 συνεργά-

339 1516 444 1568 την
497 1501 581 1568 ἐφ’
624 1501 795 1555 ἆπασι
856 1504 949 1559 τὸν
1004 1508 1221 1578 Πατέρα
1278 1514 1744 1586 παραδεχόμενος,
1778 1501 1913 1587 *τοῖς

340 1589 578 1653 ἀνοσίοις
619 1591 892 1658 Ἰουδαίοις
920 1600 1050 1649 ποτὲ
1094 1600 1388 1671 προσέμιξε
1426 1604 1633 1673 λέγων’
1690 1629 1709 1661 α
1738 1612 1914 1667 Πολλά

340 1680 485 1733 καλὰ
512 1681 651 1752 ἐργα
683 1684 857 1751 ἔδειξα
878 1688 1003 1757 ὑμῖν
1031 1691 1096 1743 ἐκ
1123 1692 1218 1745 τοῦ
1245 1694 1454 1765 Πατρός
1478 1715 1601 1767 μου,
1652 1702 1739 1757 διὰ
1762 1708 1913 1759 ποῖον

320 1772 528 1862 καύτῗῷν
549 1773 710 1843 ἔργον
735 1775 994 1842 λιθάζετέ-
1017 1798 1085 1851 με
1108 1799 1122 1848 ;
1145 1801 1163 1834 ι
1181 1783 1290 1837 Καὶ
1317 1786 1475 1840 πάλιν
1496 1790 1625 1858 περὶ
1646 1792 1747 1862 τῆς
1772 1796 1909 1849 κατὰ

336 1861 401 1911 τὸ
420 1860 698 1917 Σάϐϐατον
719 1866 977 1935 ἐργασίας
998 1880 1014 1895 ⁶
1049 1888 1067 1920 ι
1114 1869 1171 1923 '0
1207 1871 1398 1944 Πατήρ
1432 1891 1554 1945 μου,
1592 1860 1776 1948 (metu,
1809 1883 1912 1948 ἕως

334 1952 466 2020 ἄρτι
493 1952 807 2021 ἐργάζεται,
842 1957 996 2026 κάγὼ
1016 1959 1341 2032 ἐργάζομαι.
1360 1966 1470 2018 Καὶ
1498 1969 1598 2021 οὐκ
1616 1969 1701 2034 ἂν,
1735 1969 1908 2041 οἶμαι,

333 2042 420 2103 τὶς
452 2042 662 2113 οἰηθείη
691 2044 869 2113 λέγειν
890 2047 1074 2115 αὐτὸν,
1106 2048 1183 2114 ὡς
1218 2052 1321 2106 ἀνὰ
1352 2054 1520 2125 μέρος
1544 2057 1691 2127 μένό
1722 2050 1923 2135 Πατὴρ

334 2132 570 2200 ἐργᾶταί
598 2151 649 2186 τι
675 2135 783 2188 τῶν
808 2138 937 2209 περὶ
969 2139 1067 2210 τὴν
1095 2142 1295 2209 κτίσιν,
1341 2145 1445 2201 ἀνὰ
1472 2149 1635 2220 μέρος
1659 2152 1717 2205 δέ
1751 2132 1911 2208 πάλιν

334 2222 364 2312 ό
389 2222 538 2287 ,Υίός-
572 2224 757 2293 ἐπειδὴ
784 2227 841 2280 δὲ
857 2228 926 2282 δι’
950 2230 1079 2283 Υἱοῦ
1109 2232 1178 2286 τὰ
1199 2234 1384 2291 πάντα
1404 2238 1435 2292 ’ό
1464 2240 1675 2312 Πατὴρ,
1692 2244 1786 2297 καὶ
1810 2246 1911 2299 οὐκ

332 2311 403 2365 ἂν
435 2313 634 2385 ἑτέρως
660 2317 953 2388 ἐργάσαιτό
975 2338 1028 2375 τι
1051 2323 1160 2377 τῶν
1182 2325 1398 2382 πώποτε
1420 2311 1721 2405 (οὗτος-γάρ
1762 2337 1910 2391 ἐστιν

337 2406 371 2471 ἡ
403 2405 560 2489 σοφία
615 2408 709 2461 καὶ
747 2411 779 2479 ἡ
808 2410 1035 2482 δύναμις
1063 2416 1228 2471 αὑτοῦ
1251 2416 1293 2489 ),
1328 2419 1417 2476 διὰ
1435 2422 1590 2477 τοῦτο
1620 2423 1726 2478 τῶν
1766 2427 1909 2482 ἰδίων

333 2486 519 2566 ἔργων
545 2499 781 2574 ἐργάτην
809 2504 970 2558 πάλιν
1016 2486 1266 2577 ὠνόμασε
1295 2510 1385 2564 τὸν
1418 2514 1653 2584 Πατέρα,
1704 2517 1905 2572 εἰπών’

344 2605 364 2640 ι
398 2588 532 2679 ⁸Ἀπ’
562 2591 801 2662 ἐμαυτοῦ
855 2595 993 2649 ποιῶ
1043 2597 1231 2664 οὐδὲν,
1277 2602 1392 2655 ἀλλ’
1422 2605 1451 2656 ὁ
1490 2606 1676 2678 Πατὴρ
1702 2609 1760 2662 ἐν
1782 2609 1907 2679 ἐμοὶ

337 2674 512 2743 μένων
541 2681 686 2732 ποιεῖ
703 2680 770 2733 τὰ
799 2679 934 2751 ἔργα
964 2683 1146 2746 αὐτός.
1176 2705 1197 2739 ι
1228 2682 1395 2759 Οἶμαι
1440 2691 1539 2761 μὲν
1590 2674 1684 2748 οὖν
1738 2674 1908 2768 προσ-

332 2766 492 2857 ήκειν
524 2769 669 2839 ἡμᾶς
694 2772 792 2842 οὐχ
828 2773 1226 2848 ἑτέρως-ἧτῇδε
1258 2782 1418 2845 νοεῖν,
1462 2782 1539 2847 ὡς
1576 2783 1636 2839 ἐν
1657 2766 1906 2857 ἀμπέλου

333 2856 437 2950 μεν
462 2857 617 2950 ταξεί
638 2862 852 2916 κεῖσθαι
884 2865 1139 2935 Χριστὸν,
1167 2869 1314 2938 ἡμᾶς
1332 2869 1390 2923 δέ
1416 2856 1713 2944 κλημάτων
1739 2879 1907 2950 ηρτῆ-

331 2945 461 3043 σθαι
484 2948 659 3021 δίκην,
689 2955 1070 3025 πιαινομένους
1109 2957 1297 3030 ὥσπερ
1341 2964 1406 3034 τῇ
1453 2965 1638 3036 χάριτι
1681 2945 1905 3043 καί-την

329 3035 423 3088 διὰ
461 3037 555 3090 τοῦ
583 3040 894 3111 Πνεύματος
925 3046 1247 3113 ἐκπίνοντας
1275 3050 1499 3123 δύναμιν
1524 3035 1605 3120 εἰς
1624 3035 1904 3130 καρποφό-

332 3127 460 3195 ρέαν
495 3135 885 3205 πνευματικήν.
917 3136 1133 3211 Ἐπειδὴ
1154 3139 1210 3194 δὲ
1240 3142 1399 3196 πάλιν
1427 3146 1573 3217 ημᾶς
1594 3127 1905 3217 ὀρθοποδεῖν

330 3217 623 3286 ἑλομένους
644 3222 673 3274 ό
698 3224 894 3295 πικρὸς
910 3227 1019 3283 τῶν
1034 3229 1100 3282 δι’
1122 3230 1369 3298 ἐναντίας
1391 3241 1708 3309 περικροτεί
1729 3240 1905 3310 λόγος,

330 3310 431 3363 καὶ
461 3311 768 3369 ἀναπείθειν
796 3322 1054 3390 πειρᾶται
1079 3322 1114 3376 ἃ
1145 3324 1222 3393 μὴ
1252 3324 1410 3395 θέμις
1448 3329 1671 3395 ἐννοεῖν,
1703 3335 1910 3405 φανερὰ

330 3407 447 3466 τοῖς
478 3405 846 3477 ἀκροωμένοις
899 3416 1314 3485 καταστήσομεν
1348 3419 1657 3485 συνελόντες
1697 3423 1908 3492 λόγοις,

334 3494 480 3564 ειπερ
532 3513 615 3559 τις
664 3499 887 3555 ἐκείνων
942 3505 999 3555 ἐν
1041 3509 1271 3577 μακροῖς
1328 3509 1637 3565 συντέθεικε
1686 3517 1907 3585 στίχοις.

340 3605 359 3634 ε
399 3582 470 3638 Εὖ
527 3588 634 3657 γὰρ
686 3588 857 3657 δήτοι,
889 3594 1071 3663 φησὶν,
1124 3596 1153 3647 ό
1204 3598 1515 3671 Μονογενὴς
1549 3582 1803 3672 διήλεγξέ
1848 3622 1909 3659 τε

336 3675 434 3726 καὶ
467 3678 907 3744 καταγελάστους
936 3684 1204 3754 ἀπέφηνε,
1259 3688 1385 3751 τοὺς
1422 3690 1701 3760 οἰομένους
1751 3696 1910 3750 αὐτὸν

339 3763 623 3831 ὀμοούσιον
649 3762 885 3839 εἶναιτῷ
920 3772 1041 3844 Θεῷ
1062 3776 1154 3828 καὶ
1203 3777 1396 3847 Πατρί.
1447 3781 1578 3834 Ἰδοὺ
1601 3782 1710 3853 γὰρ
1734 3784 1912 3854 ἄμπε-

339 3855 431 3906 λον
459 3853 647 3907 ἐαυτὸν
666 3856 920 3929 ὀνομάζει
952 3864 1160 3932 σαφῶς,
1197 3869 1442 3938 γεωργὸν
1469 3869 1528 3923 δὲ
1556 3871 1648 3924 τὸν
1669 3853 1905 3944 Πατέρα.

336 3949 552 4022 Ὥσπερ
582 3947 675 4005 οὖν
704 3954 763 4005 οὐ
797 3955 989 4009 ταυτὸν
1011 3958 1091 4019 είς
1109 3958 1317 4022 οὐσίαν,
1346 3960 1589 4030 ἄμπελός
1627 3978 1705 4026 τε,
1735 3965 1871 4033 φησὶ⁸
1889 4006 1905 4031 ,

329 4040 429 4093 καὶ
472 4043 712 4113 γεωργὸς
767 4046 788 4116 (
804 4048 862 4100 τὸ
905 4048 1006 4118 μὲν
1069 4049 1178 4119 γὰρ
1237 4050 1413 4117 ξύλον,
1471 4054 1500 4106 ό
1529 4052 1587 4106 δέ
1613 4054 1758 4108 ἐστιν
1811 4058 1908 4111 ἄν-

326 4130 614 4203 θρωπος),
652 4135 911 4208 ἀλλογενῆ
937 4138 994 4192 δὲ
1024 4140 1216 4205 ταῦτα,
1267 4142 1360 4196 καὶ
1384 4143 1684 4215 ἑτερόφυλα
1713 4163 1908 4201 παντε-

321 4221 453 4285 λῶς·
480 4222 653 4288 οὕτως
673 4226 770 4297 οὐχ
796 4228 1079 4299 ὁμοούσιος
1099 4232 1127 4283 ό
1159 4232 1287 4296 Υἱὸς
1311 4233 1388 4302 τῷ
1423 4234 1621 4306 Πατρὶ,
1651 4236 1906 4310 διέστηκε

319 4314 377 4369 δὲ
405 4316 542 4369 κατὰ
566 4318 699 4372 πολὺ
723 4319 816 4373 καὶ
841 4321 1104 4393 οὑσιώδης
1147 4324 1344 4388 αὐτοὺς
1381 4312 1612 4399 διείργει
1646 4329 1823 4398 λόγος,
1856 4333 1909 4385 εῑ

320 4423 384 4473 γε
420 4408 449 4459 ὁ
475 4409 573 4478 μὲν
600 4410 714 4464 ἔστι
738 4414 1002 4484 γεωργὸς,
1026 4417 1055 4469 ὁ
1100 4415 1159 4469 δὲ
1186 4416 1449 4486 ἄμπελος.
1495 4421 1618 4474 Ὀτι
1657 4421 1764 4492 γὰρ
1803 4423 1906 4476 οὐκ

1943 1851 1987 1906 Β

2019 630 2180 686 opus,
2206 622 2472 678 naturalis
2504 624 2765 679 nimirum
2818 628 3106 698 potestatis
3137 630 3398 687 ratione?
3429 631 3583 690 Unde

2018 704 2282 766 Dominus
2329 719 2522 769 noster
2550 712 2713 772 Jesus
2744 715 2998 774 Christus
3054 729 3472 792 c00peratorem
3527 725 3579 779 in

2017 798 2235 853 cunctis
2283 798 2501 857 Patrem
2547 803 2776 869 habens,
2810 821 2937 863 cum
2969 807 3176 867 Iudaeis
3228 813 3415 883 impiis
3448 817 3578 871 olim

2015 888 2344 944 versabatur
2369 892 2594 949 dicens:
2633 913 2652 946 ι
2681 894 2848 951 Multa
2870 898 3011 953 bona
3043 916 3210 972 opera
3238 906 3456 962 ostendi
3480 922 3577 963 vo-

2015 977 2103 1033 bis
2141 994 2208 1033 ex
2260 979 2422 1035 Patre
2471 996 2595 1038 meo
2624 1000 2637 1034 :
2670 994 2890 1057 propter
2922 989 3067 1058 quod
3101 1006 3294 1048 eorum
3320 1008 3460 1064 opus
3493 1013 3581 1052 me

2015 1069 2274 1139 lapidatis
2305 1071 2394 1126 "’7
2418 1092 2437 1124 ι
2469 1073 2533 1128 Et
2565 1089 2761 1134 rursus
2809 1079 2876 1133 de
2907 1080 3056 1137 facto
3086 1083 3139 1137 in
3167 1082 3257 1140 die
3307 1086 3535 1143 Sabbati
3562 1108 3575 1142 :

2021 1177 2040 1210 ι
2078 1159 2239 1216 Pater
2284 1176 2460 1229 meus,
2503 1163 2703 1233 inquit,
2752 1181 2930 1236 usque
2984 1169 3143 1225 modo
3190 1182 3474 1242 operatur,
3525 1184 3580 1231 et

2015 1265 2116 1318 ego
2146 1265 2348 1320 operor
2372 1252 2437 1307 ⁸⁸.
2480 1271 2499 1305 ι
2526 1251 2714 1324 Neque
2737 1261 3045 1313 censuerim
3074 1263 3386 1333 quempiam
3429 1266 3578 1321 arbi-

2014 1343 2149 1396 trari
2198 1358 2321 1398 eum
2373 1343 2580 1409 dicere,
2637 1344 2853 1403 Patrem
2885 1351 3104 1418 quidem
3136 1353 3301 1424 860
3339 1358 3574 1412 seorsim

2013 1432 2220 1503 aliquid
2262 1434 2412 1489 circa
2460 1443 2765 1491 creaturam
2822 1440 3067 1506 operari,
3108 1444 3340 1498 seorsim
3394 1454 3574 1500 autem

2012 1524 2211 1578 Filium
2242 1544 2254 1579 :
2292 1524 2388 1580 sed
2417 1540 2542 1580 cum
2570 1528 2759 1583 omnia
2799 1527 2960 1583 Pater
2988 1544 3083 1599 per
3104 1531 3325 1599 Filium,
3353 1549 3456 1589 nec
3485 1535 3579 1589 ali~

2014 1622 2097 1667 ter
2129 1615 2261 1683 quid
2288 1624 2549 1684 operatus
2584 1632 2825 1687 unquam
2860 1618 3023 1673 fuerit
3053 1621 3165 1690 (hic
3195 1623 3340 1676 enim
3376 1631 3459 1678 est
3488 1639 3578 1679 sa-

2017 1706 2218 1774 pientia
2264 1715 2320 1760 et
2369 1708 2543 1763 virtus
2597 1707 2765 1775 ejus),
2827 1708 3038 1763 idcirco
3085 1709 3300 1766 Patrem
3349 1728 3575 1769 suorum

2014 1808 2240 1862 operum
2289 1794 2551 1849 factorem
2602 1811 2800 1851 rursus
2836 1797 3165 1863 nominavit,
3202 1800 3429 1856 dicens:
3474 1820 3493 1853 ο
3535 1804 3575 1855 Α

2015 1886 2224 1955 meipso
2258 1886 2395 1940 nihil
2442 1886 2605 1951 facio,
2633 1886 2729 1942 sed
2776 1885 2941 1941 Pater
2966 1888 3020 1941 iu
3062 1903 3149 1943 me
3176 1902 3423 1954 manens,
3460 1892 3576 1961 ipse

2012 1974 2148 2030 facit
2182 1991 2350 2045 opera
2378 1977 2445 2029 δ’.
2501 1996 2519 2029 ι
2565 1976 2821 2031 Arbitror
2867 1977 3054 2046 itaque
3096 1993 3205 2033 non
3245 1993 3368 2034 esse
3418 1979 3576 2034 aliter

2011 2067 2159 2124 istud
2193 2068 2352 2121 nobis
2370 2067 2732 2137 capiendum,
2764 2067 2871 2125 nisi
2895 2066 3172 2123 Christum
3200 2068 3417 2137 quidem
3447 2070 3575 2125 vitis

2010 2158 2134 2214 loco
2175 2159 2439 2228 positum,
2487 2173 2592 2213 nos
2642 2166 2828 2213 autem
2872 2159 3161 2229 palmitum
3197 2159 3370 2213 instar
3395 2161 3463 2213 ab
3506 2174 3574 2215 co

2009 2250 2275 2320 pendere,
2312 2251 2487 2319 gratia
2513 2250 2683 2305 veluti
2714 2249 3024 2321 saginatos,
3051 2256 3105 2304 et
3135 2250 3395 2304 virtutem
3424 2250 3572 2303 illam

2010 2357 2132 2413 quae
2159 2357 2254 2412 per
2291 2340 2561 2411 Spiritum
2604 2348 2691 2397 est
2734 2341 3023 2395 ebibentes
3079 2341 3135 2394 in
3183 2338 3572 2394 fecunditatem

2009 2428 2340 2499 spiritalem.
2372 2427 2479 2483 Sed
2501 2427 2761 2496 queniam
2791 2441 2893 2482 nos
2913 2428 2969 2481 in
2993 2426 3246 2482 doctrina
3277 2425 3398 2481 fidei
3426 2434 3574 2481 recte

2007 2519 2354 2575 ambulantes
2378 2518 2694 2588 importuna
2723 2517 3111 2572 haereticorum
3134 2516 3429 2572 contundit
3454 2531 3575 2570 ora-

2008 2610 2109 2673 tio,
2134 2616 2192 2663 et
2235 2606 2571 2677 persuadere
2615 2612 2851 2660 conatur
2879 2620 3000 2676 quae
3031 2619 3101 2660 nc
3132 2608 3318 2661 animo
3347 2604 3573 2675 quidem

2008 2697 2093 2755 fas
2127 2699 2200 2755 sit
2236 2699 2503 2769 cogitare,
2554 2711 2617 2752 ea
2662 2696 2843 2766 palam
2883 2697 3230 2753 auditoribus
3280 2696 3571 2763 faciemus,

2002 2790 2203 2861 paucis
2224 2788 2653 2859 complectentes
2677 2802 2803 2858 qua:
2834 2788 3024 2842 multis
3053 2787 3305 2843 versibus
3346 2789 3572 2858 quidam

2005 2894 2195 2935 eorum
2238 2877 2519 2933 edisserit.
2553 2895 2574 2930 ι
2607 2876 2776 2931 Recte
2803 2875 2973 2939 enim,
3006 2876 3204 2945 inquit,
3237 2874 3573 2946 Unigenitus

2005 2970 2355 3040 reprehendit
2393 2983 2458 3023 ac
2497 2967 2764 3023 ridiculos
2789 2980 2913 3022 esse
2946 2966 3190 3022 ostendit
3223 2981 3320 3023 eos
3349 2968 3441 3038 qui
3473 2984 3575 3039 pu-

2004 3069 2122 3116 tant
2170 3061 2348 3131 ipsum
2400 3074 2526 3115 esse
2571 3057 2682 3113 Deo
2716 3072 2781 3114 ac
2826 3056 2977 3112 Patri
3022 3058 3572 3114 consubstantialem.
3644 3130 3647 3133 _

1932 3190 1975 3248 ο
2008 3155 2150 3209 Ecce
2181 3153 2326 3208 enim
2359 3153 2527 3207 vitem
2564 3152 2810 3221 seipsum
2842 3158 3030 3220 aperte
3055 3151 3325 3215 nominat,
3359 3151 3575 3205 Patrem

2013 3253 2196 3300 autem
2236 3245 2556 3315 agricolam.
2588 3241 3061 3309 Quemadmodum
3108 3256 3239 3311 ergo
3280 3256 3391 3295 non
3421 3242 3574 3312 ejus-

2012 3336 2134 3391 dem
2168 3335 2497 3391 substantia:
2526 3343 2656 3388 sunt
2690 3333 2842 3398 vitis,
2872 3331 3072 3402 inquit,
3102 3339 3156 3386 et
3187 3331 3427 3401 agricola
3457 3333 3573 3399 (illa

1980 3427 2156 3503 -enim
2196 3425 2426 3495 lignum,
2468 3424 2560 3478 hic
2609 3424 2771 3477 homo
2813 3423 2958 3493 est),
3003 3422 3100 3476 sed
3145 3422 3375 3478 alterius
3413 3425 3577 3493 plane

2011 3517 2265 3588 generis:
2306 3516 2380 3569 ita
2409 3528 2755 3584 nequaquam
2789 3512 3280 3567 consubstantialis
3311 3522 3397 3568 est
3425 3513 3574 3569 Patri

2010 3610 2201 3673 Filius,
2250 3606 2348 3663 sed
2400 3606 2634 3660 multum
2684 3605 2912 3667 distant,
2954 3618 3161 3673 eosque
3191 3604 3574 3660 substantialis

2009 3701 2246 3754 invicem
2284 3698 2425 3751 ratio
2470 3695 2703 3761 dirimit,
2744 3694 3011 3764 siquidem
3053 3694 3142 3749 hic
3185 3696 3453 3765 agricola,
3483 3696 3577 3752 ille

2008 3791 2138 3845 vitis
2182 3796 2290 3843 est.
2322 3786 2477 3852 Quod
2524 3793 2708 3840 autem
2750 3785 2816 3839 ad
2858 3785 3259 3841 incarnationis
3304 3787 3572 3841 rationem
3676 3814 3679 3819 -

2010 3879 2116 3934 ista
2152 3878 2400 3932 nonnulli
2444 3877 2747 3933 transferre
2794 3894 3080 3949 perperam
3128 3881 3377 3936 conaturi
3436 3880 3570 3945 sint,

2008 3983 2118 4022 non
2170 3977 2255 4023 est
2296 3967 2704 4037 ambigendum.
2733 3967 2845 4023 Nec
2874 3969 3020 4023 enim
3051 3984 3206 4024 suam
3238 3984 3461 4024 carnem
3496 3969 3576 4022 vi—

2010 4066 2117 4113 tem
2153 4073 2277 4113 esse
2327 4059 2421 4123 ait,
2454 4059 2550 4114 sed
2592 4060 2777 4128 potius
2820 4059 3103 4115 deitatem.
3147 4059 3251 4114 Cui
3283 4061 3429 4114 enim
3463 4074 3574 4113 non

2008 4149 2365 4205 manifestum
2402 4157 2511 4215 est,
2550 4150 2748 4220 inquit,
2775 4158 3028 4206 nostrum
3057 4165 3260 4220 corpus
3304 4165 3333 4204 a
3381 4150 3574 4206 Serva-

2008 4238 2143 4294 toris
2174 4254 2341 4294 carne
2370 4255 2476 4295 non
2510 4240 2768 4308 pendere,
2799 4242 2945 4298 sicut
2973 4256 3002 4294 a
3032 4242 3141 4296 vite
3175 4241 3447 4311 palmites,
3472 4256 3571 4296 ne-

2008 4347 2113 4401 que
2156 4331 2294 4386 adeo
2338 4340 2658 4388 sanctorum
2695 4332 2933 4389 fructum
2976 4335 3254 4389 carnalem
3300 4349 3445 4398 esse,
3478 4335 3574 4390 sed

2007 4424 2353 4491 spiritalem?
2380 4423 2725 4493 Quapmpter
2757 4438 2927 4479 carne
2957 4424 3010 4477 in
3042 4439 3286 4494 praesens
3343 4427 3570 4481 seorsim

320 4498 557 4566 εὐλόγως
605 4502 749 4566 τινὲς
797 4505 877 4568 είς
925 4505 1017 4558 τὸν
1045 4505 1145 4575 τῆς
1179 4508 1315 4577 μετὰ
1355 4511 1557 4580 σαρκὸς
1588 4513 1901 4585 οἰκονομίας

2008 4514 2206 4584 posita,
2244 4516 2349 4584 ipsi
2375 4514 2649 4569 divinitati
2678 4514 2799 4568 Filii
2827 4515 2935 4569 vim
2968 4524 3022 4569 et
3052 4515 3390 4572 intellectum
3417 4517 3573 4571 vocis

318 4587 474 4657 λόγον
516 4593 585 4646 τὰ
608 4594 834 4647 τοιαῦτα
866 4601 1240 4666 περιενεγκεῖν
1295 4602 1759 4674 ἐπιχειρήσουσιν,
1795 4607 1897 4660 οὐκ

2008 4606 2155 4661 illius
2197 4606 2527 4672 tribuemus,
2571 4619 2807 4674 eumque
2855 4606 3104 4663 dicemus
3143 4623 3265 4664 esse
3305 4608 3492 4672 vitem,
3541 4622 3573 4661 a

320 4679 465 4734 ἔστιν
494 4684 816 4754 ἀμφίϐολον.
859 4688 931 4741 Οὐ
964 4688 1075 4759 γὰρ
1107 4690 1205 4762 τὴν
1237 4691 1414 4762 σάρκα
1443 4694 1538 4765 τὴν
1565 4696 1763 4774 ἑαυτοῦ
1794 4715 1894 4767 φη-

2005 4713 2110 4767 qua
2143 4699 2444 4765 pendemus
2478 4710 2577 4764 per
2608 4695 2788 4752 fidem.
2826 4716 2845 4748 ι

319 4789 406 4824 σιν
434 4770 571 4828 εἶναι
597 4775 695 4846 τὴν
717 4777 982 4847 ἄμπελον,
1033 4780 1232 4850 μᾶλλον
1268 4783 1325 4835 δὲ
1357 4785 1454 4855 τὴν
1494 4772 1739 4855 θεότητα.
1771 4789 1887 4841 Τίνι
1927 4788 2038 4858 γὰρ
2068 4789 2129 4842 οὐ
2167 4788 2334 4856 σαφὲς
2395 4786 2567 4851 ἔσται,
2630 4787 2816 4858 φησὶν,
2880 4789 2955 4853 ὡς
2996 4791 3057 4843 τὸ
3102 4791 3367 4861 ἡμέτερον
3416 4787 3573 4858 σῶμα

316 4866 439 4934 ουχὶ
462 4866 560 4935 τῆς
589 4868 683 4921 τοῦ
715 4870 966 4940 Σωτῆρος
1028 4873 1369 4943 ἐκκρεμᾶται
1426 4877 1645 4948 σαρκὸς,
1705 4878 1956 4949 καθάπερ
1993 4879 2238 4950 ἀμπέλου
2277 4878 2345 4931 τὰ
2369 4878 2641 4948 κλήματα,
2673 4879 2797 4933 οὒτε
2834 4881 2940 4950 μὴν
2962 4883 2991 4934 ὁ
3024 4881 3132 4934 τῶν
3160 4882 3329 4949 ἁγίων
3362 4880 3572 4950 καρπὸς

317 4958 601 5027 σαρκικὺς,
636 4958 771 5012 ἀλλὰ
799 4963 1193 5031 πνευματικός;
1231 4966 1440 5020 Οὐκοῦν
1465 4969 1522 5021 ὲν
1549 4969 1723 5040 μέρει,
1742 4971 1896 5041 φησὶ,
1935 4972 2186 5043 τεθείσης
2216 4973 2293 5034 είς
2330 4970 2390 5024 τὸ
2414 4972 2584 5040 παρὸν
2634 4973 2733 5040 τῆς
2786 4973 3006 5043 σαρκὸς,
3039 4974 3172 5043 αὐτῇ
3239 4976 3300 5044 τῇ
3360 4972 3572 5042 θεότητι

312 5049 410 5103 τοῦ
451 5050 599 5104 Υἱοῦ
632 5050 729 5123 τὴν
756 5051 851 5107 τοῦ
879 5053 1036 5123 λόγου
1075 5058 1445 5130 περιθήσομεν
1508 5061 1757 5133 δύναμιν,
1790 5064 1888 5117 καὶ
1926 5065 2088 5118 αὐτὸν
2114 5064 2345 5136 ἐροῦμεν
2369 5059 2506 5116 εἷναι
2552 5062 2650 5131 τὴν
2716 5063 2980 5133 ἄμπελον,
3028 5058 3097 5133 ἧς
3140 5063 3422 5134 ὲξήμμεθα
3482 5063 3572 5117 διὰ

310 5143 412 5212 τῆς
434 5142 689 5208 πίστεως.
713 5162 732 5195 ι

385 5235 557 5287 Ταυτὶ
593 5234 693 5303 μὲν
725 5236 918 5308 ἐκείνῳ
958 5240 1410 5311 καταφλυαρῆσαι
1463 5243 1710 5315 παρέστη
1763 5264 1905 5316 παρη

2075 5243 2201 5297 llaec
2251 5242 2342 5296 ille
2384 5248 2646 5309 nugatur,
2676 5239 2989 5293 divinorum
3037 5239 3349 5307 ulogmatum
3383 5259 3567 5299 veram

302 5326 604 5396 ωθουμένῳ
628 5327 903 5395 ποικίλως,
930 5330 1073 5384 κατά
1099 5348 1162 5396 γε
1186 5333 1248 5385 τὸ
1271 5333 1419 5402 αὐτῷ
1443 5333 1623 5397 καλῶς
1641 5334 1784 5405 ἔχειν
1814 5337 1902 5391 δο-

2008 5336 2269 5390 rationem
2300 5349 2401 5404 pro
2430 5347 2528 5387 sua
2556 5330 2787 5386 libidine
2817 5338 3156 5400 pervertens,
3188 5340 3241 5386 et
3296 5335 3360 5387 ad
3405 5351 3567 5391 suum

301 5417 467 5482 χοῦν,
514 5419 616 5486 τὴν
651 5419 759 5473 τῶν
802 5420 964 5475 θείων
1010 5423 1297 5494 δογμάτων
1329 5425 1616 5496 ὀρθότητα,
1660 5427 1753 5480 καὶ
1805 5429 1901 5482 σὺν

2008 5442 2226 5496 scopum
2258 5425 2523 5495 singulari
2581 5422 2789 5476 malitia
2831 5422 3191 5491 detorquens.
3236 5423 3348 5481 Nos
3384 5435 3565 5483 autem

306 5507 487 5579 πολλῇ
517 5511 821 5580 κακουργίᾳ
852 5514 988 5585 πρὸς
1015 5514 1105 5567 τὸν
1137 5516 1284 5586 αὐτῷ
1339 5515 1672 5586 προτεθέντα
1720 5534 1895 5588 παρα-

2008 5519 2202 5587 ubiquc
2251 5517 2582 5571 inhaerentes
2629 5513 2890 5578 veritati,
2945 5529 3053 5568 non
3109 5515 3185 5569 ita
3241 5519 3562 5581 sentiemus,

298 5599 568 5670 τρέποντι
602 5602 823 5659 σκοπόν.
865 5604 1053 5673 Ἡμεῖς
1079 5604 1136 5657 δὲ
1179 5606 1277 5676 τῆς
1322 5605 1581 5676 ἀληθείας
1611 5606 1856 5675 ἐχόμενοι
1880 5645 1897 5671 ,

2008 5608 2179 5663 absit!
2220 5608 2314 5662 sed
2359 5613 2678 5661 sanctorum
2714 5602 2938 5659 Patrum
2989 5610 3279 5664 sententiae
3312 5609 3565 5663 insisten-

379 5781 423 5812 "’
465 5780 626 5836 Joan.
667 5798 733 5844 ι,
767 5784 859 5841 5‘2.
934 5786 975 5819 ⁸⁸
1014 5786 1170 5842 .loan.
1211 5808 1259 5856 γ,
1303 5792 1382 5846 l7.
1460 5792 1503 5823 ⁸³³
1542 5790 1699 5845 Joan.
1744 5807 1869 5859 xxv,
1919 5791 2004 5844 10.
