4024 6262
477 368 585 427 389

1514 361 1575 420 S.
1601 360 1880 420 CYRILLI
1920 359 2393 417 ALEXANDRINI
2431 358 2749 420 ARCHI'EP.

3627 357 3739 416 340

480 494 568 541 tes
612 478 865 539 veritatis
902 479 1154 552 dogmata
1202 488 1517 547 sequemur.
1574 475 1694 541 Quo
1737 484 1900 546 pacto
1946 475 2088 536 loci,

2190 474 2405 543 τανταχῆ
2438 469 2821 542 διακεισόμεθα
2851 469 2953 541 μέν
2977 467 3074 539 οὑχ
3109 466 3303 533 οὕτως,
3328 465 3525 523 πολλοῦ
3553 486 3618 539 γε
3642 470 3740 525 καὶ

483 573 652 645 hujus
691 588 889 631 sensus
939 570 1328 640 intelligendus
1376 568 1488 632 sil,
1534 582 1644 622 non
1695 567 1897 622 inscite
1939 566 2054 635 jam

483 664 666 734 quoad
685 664 741 719 in
771 663 936 718 nobis
964 668 1084 717 erat
1104 658 1527 731 disquisivimus
1552 674 1564 709 :
1593 658 1689 715 sed
1709 673 1904 714 rursus
1924 672 2058 712 con-

485 755 839 812 siderandum
889 760 974 810 est
1020 751 1300 822 quomodo
1348 750 1621 821 adversus
1672 750 1797 805 illos
1848 748 2059 804 armari

485 865 590 904 nos
618 854 894 918 oporteat,
925 853 982 901 et
1003 859 1112 916 quo
1140 851 1303 915 pacto
1328 843 1489 914 861
1523 842 1638 896 sint
1672 855 1861 896 eorum
1889 840 2062 894 ratio-

484 954 584 994 nes
622 935 1008 993 retttndendae.
1055 934 1113 990 Si
1150 935 1299 989 enim
1339 949 1405 988 ex
1457 942 1646 987 nostro
1671 932 1895 988 silentio
1923 929 2061 984 nihil

2155 563 2258 627 δεῖ,
2290 562 2387 632 τὴν
2423 560 2513 614 διὰ
2542 560 2651 613 τῶν
2685 560 2857 628 ἁγίων
2895 558 3053 629 ἡμῶν
3094 557 3354 629 Πατέρων
3391 559 3741 628 ἰχνηλκτοῦν-

2156 670 2249 718 τες
2303 652 2538 717 σύνεσιν,
2575 655 2689 715 τοῖς
2714 652 2812 722 τῆς
2867 649 3128 720 ἀληθείας
3175 649 3417 720 ἑψόμεθα
3448 650 3740 721 δόγμασιν.

2161 745 2350 808 Ὅπως
2381 744 2478 815 μὲν
2505 743 2572 798 ἂν
2599 742 2793 814 νοῆσαι
2825 742 3092 814 προσήκοι
3120 741 3216 794 τοῦ
3251 742 3612 814 προκειμένου
3641 745 3745 815 τὴν

2160 835 2409 906 δύναμιν.
2434 835 2535 889 οὑκ
2553 834 2816 905 ἀκόμψως
2845 832 2947 903 ἢδη
2998 833 3082 902 διη
3093 833 3459 903 ρευνήσαμεν,
3511 835 3656 889 κατά
3677 853 3747 904 γε

2161 926 2224 981 τὸ
2245 928 2303 982 ὲν
2335 928 2464 997 ἡμῖν
2489 925 2726 994 ἐφικτόν·
2766 924 3028 977 σκεπτέον
3061 924 3119 976 δὲ
3145 924 3306 977 πάλιν
3332 924 3482 987 ὅπως
3505 942 3565 978 τε
3596 926 3747 996 ἡμᾶς

484 1031 672 1086 damni
704 1028 1107 1099 simpliciorum
1149 1026 1435 1082 mentibus
1470 1026 1768 1096 ingrueret,
1797 1022 2061 1094 repudia-

486 1121 559 1175 tis
587 1119 746 1175 vanis
777 1118 1129 1174 sermonibus
1159 1116 1225 1171 ad
1273 1131 1337 1172 ea
1371 1130 1495 1186 quae
1542 1123 1854 1185 sequuntur
1892 1112 2067 1182 expli-

2162 1019 2258 1073 καὶ
2293 1018 2411 1071 τίνα
2435 1017 2498 1088 δὴ
2526 1017 2727 1088 τρόπον
2757 1016 3131 1081 ἐξοπλίζεσθαι
3159 1015 3266 1086 χρὴ
3286 1056 3300 1080 ,
3337 1017 3431 1069 καὶ
3466 1019 3579 1079 τοῖς
3614 1017 3752 1087 παρ’

2164 1110 2388 1165 ἐκείνων
2431 1106 2905 1162 άνταποδύσασθαι
2959 1107 3157 1174 λόγοις.
3190 1105 3254 1159 Et
3291 1107 3389 1176 μὲν
3423 1107 3531 1178 γὰρ
3566 1095 3747 1181 σιωπῇ

486 1210 662 1265 canda
695 1224 798 1264 nos
836 1205 1254 1263 conferremus:
1312 1206 1409 1260 sed
1459 1220 1585 1258 cum
1638 1219 1747 1260 non
1789 1202 2067 1257 mediocre

2190 1202 2595 1273 ιαρελάσαντες,
2615 1201 2768 1254 οὐδὲν
2786 1195 2853 1271 ἦν
2881 1198 3132 1253 ἐντεῦθεν
3164 1199 3292 1253 ίδεῖν
3313 1200 3374 1253 τὸ
3402 1200 3600 1271 βλάϐος
3626 1203 3753 1263 ταῖς

487 1300 750 1356 damnum
802 1299 1092 1355 incumbat
1141 1298 1193 1354 ei
1234 1300 1328 1367 qui
1371 1296 1759 1366 hujuscemodi
1810 1295 2068 1366 dogmata

2190 1293 2276 1347 πῶν
2322 1293 2707 1364 ἁπλουστέρων
2743 1292 3005 1356 διανοίαις
3058 1291 3371 1362 είστρέχον,
3427 1294 3652 1357 είκότως
3687 1293 3752 1345 τὸ

491 1391 821 1462 susceperit,
853 1389 1103 1461 nunquid
1155 1396 1589 1444 consentaneum
1625 1395 1710 1443 est
1740 1394 1799 1440 ut
1852 1387 1942 1455 pio
1992 1386 2072 1438 in-

2190 1385 2424 1448 ιαταίοις
2451 1384 2791 1455 ἐντρίϐεσθαι
2849 1383 3028 1452 λόγοις
3060 1385 3191 1454 παρ’
3234 1383 3383 1436 οὐδὲν
3413 1386 3754 1455 ἡγησάμενοι

492 1480 754 1534 ﬂammati
804 1479 921 1534 zelo
961 1477 1268 1533 rationibus
1309 1490 1373 1530 ac
1425 1476 1611 1531 verbis
1653 1473 2073 1545 depugnemus?

2190 1481 2290 1540 ταῖς
2329 1476 2437 1529 τῶν
2468 1474 2665 1546 ἐφεξῆς
2714 1475 2985 1546 κειμένων
3033 1476 3289 1546 θεωρίαις
3347 1477 3750 1547 ἐπενηχόμεθα.

496 1570 590 1625 Sic
632 1570 780 1626 enim
820 1570 1112 1639 perspicua
1139 1568 1243 1622 erit
1273 1566 1720 1623 adversariorum
1770 1566 2068 1621 calliditas.

2190 1567 2403 1636 Ἐπειδὴ
2431 1567 2489 1619 δὲ
2511 1568 2574 1620 οὑ
2617 1566 2822 1637 μικρὰν
2871 1566 2971 1638 τὴν
3023 1566 3225 1637 ζημίαν
3276 1566 3545 1620 ἐποίσειεν
3590 1568 3657 1622 ἂν
3705 1568 3756 1620 εί

494 1660 745 1730 Agedum
775 1674 923 1730 ergo,
950 1659 1185 1728 primum
1218 1657 1351 1710 illud
1388 1656 1660 1717 dicamus.
1696 1656 1925 1712 stultum
1951 1670 2073 1710 esse

2190 1658 2563 1730 ταραδεχθεῖεν
2589 1658 2693 1711 ὑπό
2720 1675 2811 1711 του
2842 1658 2910 1711 τὰ
2956 1657 3097 1711 οὑτω
3147 1657 3605 1729 δογματιζόμενα,
3640 1660 3757 1722 πῶς

497 1766 727 1822 prorsus
758 1750 825 1805 ad
884 1757 1100 1804 naturae
1129 1748 1210 1802 vel
1243 1747 1564 1803 substantiae
1610 1747 2068 1823 significationem

2190 1749 2275 1802 26x
2299 1748 2588 1802 ἀκόλουθον
2617 1747 2764 1818 ζήλῳ
2800 1746 2877 1817 τῷ
2902 1746 3133 1818 φιλοθέῳ
3161 1749 3553 1821 κεκινημένους
3578 1751 3761 1804 καθεῖ-

500 1842 882 1913 iutempestive
919 1840 1208 1895 traducere
1254 1838 1400 1909 quod
1432 1855 1527 1909 per
1560 1840 1870 1909 exemplum
1902 1854 1968 1894 ac
1992 1838 2068 1894 rei

2190 1839 2380 1909 ιαιτὴν
2404 1840 2582 1910 μάχην
2615 1838 2709 1910 τὴν
2752 1840 2809 1891 ἐν
2841 1836 3123 1909 λογισμοῖς
3167 1856 3229 1892 τε
3272 1840 3367 1893 καὶ
3407 1839 3625 1905 λόγοις;
3660 1842 3758 1912 Εῖη

499 1932 916 1988 similitudinem
968 1931 1172 1986 dictum
1222 1938 1327 1986 est.
1374 1928 1645 1986 Existimo
1677 1931 1822 1985 enim
1857 1928 1925 1985 iis
1978 1929 2075 2000 qui

500 2023 715 2093 singula
754 2029 905 2078 recte
935 2020 1408 2092 comprehendere
1451 2021 1643 2085 velint,
1690 2021 1759 2075 ad
1794 2020 1928 2075 dicti
1963 2035 2080 2076 sco-

500 2131 632 2185 pum
670 2112 1080 2184 respiciendum
1122 2128 1267 2175 esse,
1318 2128 1632 2183 magnoque
1679 2113 1867 2169 studio
1900 2113 2081 2168 consi-

500 2204 808 2260 derandum
837 2203 971 2275 quid
1003 2205 1347 2275 propositum
1386 2204 1460 2259 sit
1486 2205 1537 2260 ei
1567 2204 1660 2274 qui
1703 2203 1970 2274 loquitur.
2001 2202 2079 2258 Et

503 2297 591 2352 his
650 2302 833 2350 autem
873 2295 1099 2350 adverte
1144 2310 1340 2351 rursus
1377 2296 1646 2366 numquid
1685 2306 1834 2351 recte
1896 2295 2082 2351 dicere

503 2387 602 2441 tibi
642 2386 947 2442 videamur.
994 2386 1274 2442 Servatori
1312 2385 1534 2443 Christo
1570 2388 1917 2457 pr0positum
1969 2402 2080 2441 non

504 2484 623 2530 erat
664 2476 973 2546 discipulos
1022 2476 1255 2531 edocere
1289 2491 1349 2531 se
1377 2477 1601 2546 quidem
1641 2478 1808 2533 alium
1849 2493 1973 2534 esse
2003 2492 2084 2532 se-

504 2565 746 2619 cundum
782 2575 1064 2630 naturam,
1097 2565 1267 2619 alium
1292 2581 1421 2620 vero
1458 2565 1701 2633 Patrem,
1737 2582 1841 2623 nec
1875 2568 2083 2622 idcirco

506 2647 727 2704 Patrem
768 2649 1077 2704 vocandum
1110 2651 1408 2721 agricolam
1438 2653 1815 2718 existimabat,
1856 2670 1916 2711 se
1956 2671 2085 2710 vero

508 2743 698 2797 vitem.
740 2741 875 2797 Nam
909 2743 954 2799 si
989 2744 1113 2800 talis
1152 2744 1201 2798 ei
1252 2759 1454 2814 scopus
1484 2745 1703 2809 fuisset,
1740 2748 1933 2816 quidni
1978 2764 2087 2805 ser-

509 2850 728 2891 monem
757 2835 828 2892 ibi
862 2836 1002 2890 finiit
1029 2837 1140 2891 alio
1170 2837 1322 2891 nullo
1350 2839 1578 2909 insuper
1605 2841 1817 2895 addito?
1847 2842 2084 2912 Scopum

511 2927 655 2981 enim
694 2941 854 2981 suum
889 2928 1029 2982 citra
1072 2927 1454 2985 confusionem
1491 2932 1665 2985 ullam
1714 2933 2085 3002 patefecisset,

509 3017 666 3085 juxta
700 3026 934 3072 vestram
968 3020 1325 3083 sententiam,
1366 3021 1412 3075 si
1463 3024 1708 3092 seipsum
1742 3024 2013 3079 duntaxat
2036 3036 2091 3082 et

513 3107 730 3163 Patrem
766 3109 1127 3165 nominasset.
1163 3109 1323 3165 Nunc
1364 3121 1542 3167 autem
1584 3129 1707 3169 cum
1761 3117 2089 3185 praerniserit

514 3212 577 3251 se
607 3196 771 3252 vitem
798 3212 944 3257 esse,
988 3212 1200 3267 nosque
1232 3198 1523 3267 palmitum
1557 3199 1736 3253 instar
1773 3216 1838 3254 ex
1867 3214 1930 3254 ea
1958 3216 2089 3270 pen-

514 3289 663 3353 dere,
722 3304 786 3343 ac
839 3300 1105 3359 praeterea
1138 3290 1368 3344 cultura:
1407 3290 1641 3344 cilicium
1676 3292 1881 3346 tribuat
1914 3291 2088 3354 Patri,

515 3380 722 3436 nemini
751 3420 766 3444 ,
804 3381 1021 3450 opinor,
1065 3396 1174 3435 non
1215 3382 1421 3451 patebit
1472 3382 1607 3436 nihil
1636 3398 1760 3436 eum
1788 3384 1893 3438 tale
1924 3385 2097 3453 signi-

516 3475 685 3529 ficare
722 3474 885 3544 quale
923 3489 1021 3529 vos
1063 3474 1291 3544 putatis,
1330 3474 1425 3529 sed
1457 3475 1836 3529 crassioribus
1862 3476 2093 3544 quibus-

516 3567 640 3619 dam
678 3573 734 3621 et
795 3566 899 3621 sub
958 3568 1149 3621 oculos
1189 3565 1519 3621 cadentibus
1560 3566 1847 3636 exemplis
1887 3565 2095 3620 audito-

517 3658 677 3712 ribus
726 3658 1061 3727 persuadere
1100 3660 1239 3713 velle
1275 3674 1492 3713 onmem
1534 3659 1697 3715 nobis
1734 3659 2095 3713 fecunditatis

398 3781 406 3791 υ
490 3750 789 3818 spiritalis
825 3750 932 3803 vim
966 3765 1089 3805 esse
1120 3750 1188 3804 ab
1229 3750 1372 3824 ipso,
1405 3750 1871 3819 quemadmodum
1908 3758 1961 3802 et
1991 3748 2098 3816 pal-

521 3840 747 3895 mitibus
769 3855 800 3894 a
828 3840 1012 3895 radice
1039 3841 1450 3910 prodeuntibus
1477 3842 1724 3911 qualitas
1746 3848 1832 3894 est
1855 3840 1923 3892 ab
1954 3841 2092 3917 ipsa.

524 3930 795 3987 Donatum
835 3931 981 3985 enim
1020 3939 1107 3985 est
1146 3933 1517 4002 quodcunque
1554 3941 1638 3986 est
1691 3932 1746 3985 in
1784 3931 1945 3986 nobis
2010 3931 2101 3983 bo-

523 4036 701 4083 num;
747 4019 804 4073 in
864 4019 974 4075 Deo
1014 4035 1143 4075 vero
1204 4037 1313 4076 non
1368 4023 1496 4075 item
1531 4038 1544 4074 :
1585 4022 1702 4090 ipse
1739 4021 1885 4074 enim
1927 4028 2009 4074 est
2043 4021 2098 4073 in

526 4112 708 4181 seipso
747 4126 974 4166 suarum
1028 4112 1517 4182 praerogativarum
1554 4154 1568 4177 ,
1623 4112 1809 4181 glorim
1846 4127 1911 4165 ac
1953 4119 2101 4180 pote—

526 4203 685 4258 statis
715 4203 818 4258 sibi
858 4204 952 4257 nni
984 4202 1362 4257 convenientis
1402 4204 1698 4273 ipsummct
1739 4203 2095 4272 principium.

526 4294 738 4349 Idcirco
779 4293 937 4348 radix
978 4308 1042 4347 ac
1087 4292 1215 4347 vitis
1261 4293 1667 4361 quodammodo
1698 4293 1954 4348 Christus
1991 4302 2098 4358 est;

528 4400 631 4439 nos
657 4399 788 4440 vero
824 4384 1097 4456 palmites.
1131 4383 1290 4450 Quod
1339 4391 1521 4439 autem
1549 4384 1851 4454 agricolam
1884 4385 2097 4439 Patrem

2179 1930 2286 2002 γὰρ
2310 1931 2376 1984 ἂν
2401 1928 2573 1994 οὕτως
2598 1930 2931 1993 εὑκάτοπτός
2953 1947 3013 1982 τε
3042 1930 3236 2001 κομιδῇ
3269 1930 3377 1983 τῶν
3414 1932 3483 1985 δι’
3511 1931 3760 1996 ἐναντίας

2179 2024 2213 2095 ή
2242 2021 2568 2092 πανουργία.
2611 2022 2723 2075 Καὶ
2750 2020 2882 2092 φέρε
2921 2021 2986 2091 δὴ
3018 2021 3237 2092 πρῶτον
3269 2022 3447 2075 ἐκεῖνο
3466 2022 3752 2092 λέγωμεν,

2179 2114 2261 2166 ὅτι
2281 2113 2342 2166 τὸ
2368 2113 2425 2165 ἐν
2447 2112 2889 2184 παραδείγματος
2906 2112 3055 2178 τάξει
3078 2112 3280 2181 ληφθὲν
3299 2113 3391 2166 καὶ
3409 2115 3489 2175 είς
3501 2114 3762 2184 ὁμοίωσιν

2179 2204 2278 2276 τὴν
2297 2204 2390 2259 τοῦ
2421 2205 2747 2276 πράγματος
2773 2204 3261 2275 εἰσκεκομισμένον
3288 2204 3369 2268 είς
3413 2204 3765 2273 φυσιολογίας

2180 2295 2401 2367 τρόπον,
2436 2295 2556 2365 ήτοι
2585 2293 2775 2358 οὐσίας
2793 2294 3024 2364 δήλωσιν
3070 2293 3320 2347 ἐκλαϐεῖν
3357 2295 3459 2348 οὑκ
3489 2294 3764 2365 εὐκαίρως

2182 2387 2407 2458 ἀνόητον
2437 2383 2734 2457 παντελῶς.
2769 2380 2937 2454 Οἶμαι
2964 2383 3075 2455 γὰρ
3100 2383 3276 2453 ἔγωγε
3300 2385 3429 2448 τοὺς
3449 2385 3530 2447 είς
3558 2384 3765 2448 ἕκαστα

2181 2479 2291 2532 τῶν
2317 2476 2627 2546 λεγομένων
2676 2475 2915 2529 συνιέναι
2943 2474 3195 2539 θέλοντας
3214 2474 3413 2545 ὀρθῶς,
3447 2477 3530 2535 είς
3555 2475 3646 2528 τὸν
3674 2473 3765 2527 τοῦ

2185 2571 2539 2641 θεωρήματος
2567 2567 2899 2622 ἀποϐλέπειν
2935 2567 3157 2628 σκοπὸν,
3199 2568 3292 2619 καὶ
3321 2566 3374 2620 τί
3412 2567 3550 2636 μετᾶ
3581 2568 3767 2637 χεῖρας

2185 2662 2323 2732 ἔχων
2351 2663 2378 2714 6
2402 2659 2494 2713 τοῦ
2521 2660 2681 2728 λόγου
2704 2658 3033 2729 δημιουργὸς
3088 2660 3327 2712 ποιεῖται
3365 2656 3465 2727 τὴν
3507 2656 3762 2723 διάλεξιν,

2189 2753 2287 2805 σὺν
2311 2750 2478 2822 πολλῇ
2505 2753 2570 2821 τῇ
2596 2751 2857 2822 φρονήσει
2893 2748 3372 2802 κατασκέπτεσθαι
3397 2749 3530 2803 δεῖν.
3569 2748 3767 2802 Σκόπει

2186 2840 2244 2894 δὲ
2270 2840 2333 2911 δὴ
2361 2840 2520 2896 πάλιν
2548 2838 2608 2904 ἐξ
2632 2839 2811 2892 αὑτῶν
2832 2841 2963 2908 ἡμῖν
3012 2838 3120 2892 τῶν
3172 2841 3573 2910 προκειμένων,
3618 2843 3667 2893 εί
3694 2841 3768 2911 μή

2191 2950 2273 2986 σοι
2296 2932 2558 3003 δοκοῦμεν
2582 2932 2779 3003 ἄριστα
2800 2931 3001 2999 λέγειν.
3036 2933 3151 2985 Οὑκ
3191 2928 3259 3002 ἦν
3302 2932 3440 3002 μετὰ
3466 2936 3655 3003 χεῖρας
3697 2933 3772 3004 τῷ

2192 3025 2404 3094 Σωτῆρι
2432 3022 2655 3095 Χριστῷ
2687 3021 2895 3087 διδάξαι
2924 3024 3053 3084 τοὺς
3091 3023 3361 3093 μαθητὰς,
3411 3023 3489 3087 ὡς
3536 3024 3621 3094 εἴη
3675 3024 3771 3095 μὲν

2192 3114 2358 3176 αὑτὸς
2408 3112 2553 3166 κατὰ
2582 3113 2744 3182 φύσιν
2777 3114 2985 3183 ἕτερος,
3017 3115 3254 3182 ἑτεροῖος
3279 3114 3336 3166 δὲ
3359 3117 3388 3167 6
3420 3115 3632 3185 Πατὴρ,
3654 3114 3773 3168 οὐδὲ

2190 3204 2279 3258 διὰ
2303 3203 2458 3257 τοῦτο
2480 3203 2726 3274 γεωργὸν
2758 3202 2856 3272 μὲν
2888 3202 2980 3255 τὸν
3005 3201 3253 3268 φύσαντα
3269 3201 3455 3257 καλεῖν
3476 3200 3613 3273 ᾤετο
3643 3202 3769 3266 δεῖν,

2192 3296 2435 3366 ἄμπελον
2459 3295 2514 3348 δέ
2542 3294 2724 3348 αὐτόν.
2746 3293 2807 3346 Εἰ
2833 3294 2939 3364 γὰρ
2974 3289 3128 3356 οὗτος
3148 3290 3215 3364 ἦν
3235 3296 3263 3347 6
3294 3293 3497 3357 σκοπὸς
3523 3296 3581 3346 ἐν
3605 3293 3773 3363 αὐτῷ,

2193 3388 2245 3440 τί
2287 3386 2360 3457 μὴ
2396 3385 2559 3456 μέχρι
2582 3384 2786 3438 τούτων
2815 3385 2938 3454 ἵστη
2969 3385 3061 3437 τὸν
3087 3385 3266 3453 λόγον,
3303 3385 3456 3440 οὐδὲν
3491 3386 3630 3448 ὅλως
3660 3387 3774 3438 ἓτε-

2198 3494 2286 3546 ρον
2311 3472 2849 3545 προεπεισενεγκὼνς
2889 3472 3223 3543 Ἀσύγχυτον
3255 3473 3365 3544 γὰρ
3395 3471 3460 3526 ἂν
3484 3474 3776 3543 ἐποιήσατο

2193 3569 2291 3639 τὴν
2324 3568 2556 3637 δήλωσιν
2614 3565 2704 3618 τοῦ
2748 3565 2945 3619 οἰκείου
3003 3564 3228 3629 σκοποῦ,
3279 3565 3425 3618 κατά
3449 3580 3514 3632 γε
3547 3565 3609 3618 τὺ
3653 3565 3777 3634 ὑμῖν

2195 3658 2406 3718 δοκοῦν,
2428 3659 2476 3709 εί
2501 3656 2659 3727 μόνον
2684 3656 2965 3726 ὠνόμασεν
2989 3656 3178 3709 ἑαυτόν
3210 3671 3269 3709 τε
3301 3656 3392 3709 καὶ
3416 3656 3509 3710 τὸν
3542 3657 3774 3726 Πατέρα.

2198 3750 2332 3802 Νυνὶ
2364 3749 2421 3801 δὲ
2446 3747 2809 3818 προκαταθεὶς
2840 3747 3083 3817 ἄμπελον
3115 3747 3213 3816 μὲν
3238 3747 3451 3808 ἑαυτὸν,
3486 3747 3779 3818 κλημάτων

2198 3839 2254 3892 δὲ
2282 3839 2438 3910 δίκην
2470 3838 2743 3910 ἠρτῆσθαι
2769 3839 2947 3907 λέγων
3003 3841 3034 3907 ἡ
3046 3841 3173 3907 μᾶς,
3205 3833 3323 3892 εἶτα
3356 3840 3453 3908 τῆς
3507 3839 3780 3910 γεωργίας

2201 3930 2261 3984 τὸ
2293 3931 2632 4001 ἐπιτήδευμα
2665 3930 2909 4000 περιθεὶς
2933 3930 3011 4001 τῷ
3034 3932 3232 4000 Πατρὶ,
3275 3930 3434 4001 δῆλος
3464 3931 3532 3984 ἂν
3556 3933 3642 3999 εἴη
3692 3932 3781 3983 καὶ

2203 4025 2390 4085 πᾶσιν,
2427 4019 2601 4093 οἶμαι.
2658 4024 2997 4093 καταφανὴς,
3058 4024 3134 4086 ὡς
3188 4023 3343 4077 οὐδὲν
3397 4024 3496 4093 μὲν
3542 4022 3781 4077 τοιοῦτον

2200 4116 2384 4169 ὁποῖον
2408 4116 2564 4185 ὑμεῖς
2587 4115 2922 4183 ὑπειλήφατε
2955 4113 3124 4183 δηλοῖ,
3156 4114 3243 4168 διὰ
3274 4114 3497 4185 παχέων
3516 4113 3575 4167 δὲ
3598 4114 3783 4183 ὥσπερ

2203 4208 2296 4261 καὶ
2319 4209 2431 4270 τοῖς
2455 4205 2549 4258 τοῦ
2568 4204 2816 4275 σώματος
2836 4204 3132 4274 ὀφθαλμοῖς
3151 4206 3571 4258 ὑποπιπτόντων
3609 4221 3783 4276 παρα*

2201 4300 2511 4371 δειγμάτων
2542 4300 2830 4352 ἀναπεῖσαι
2882 4298 3126 4367 βούλεται
3177 4299 3303 4360 τοὺς
3358 4298 3780 4368 ἀκροωμένους,

2205 4394 2287 4447 ὅτι
2320 4394 2502 4462 πάσης
2524 4395 2658 4462 ἡμῖν
2685 4391 3062 4461 καρποφορίας
3088 4390 3464 4461 πνευματικῆς
3492 4393 3525 4461 ἡ
3560 4390 3785 4459 δύναμις

492 4475 919 4541 'nominaverit,
955 4489 1022 4530 ne
1055 4475 1208 4530 dicas
1238 4474 1313 4530 ita
1353 4475 1659 4545 nuncupari
1686 4476 1844 4543 quasi
1870 4475 2088 4530 diversa

2207 4487 2336 4554 παρ’
2356 4484 2541 4545 αὑτοῦ.
2578 4482 2828 4553 καθάπερ
2849 4478 2943 4536 οὖν
2975 4481 3168 4552 ἀμέλει
3198 4482 3293 4534 καὶ
3331 4483 3447 4544 τοῖς
3497 4481 3600 4549 τῆς
3632 4480 3784 4553 ῥίζης

527 4565 600 4619 sit
625 4565 983 4622 substantiae:
1027 4579 1130 4619 nec
1163 4564 1309 4620 enim
1337 4564 1390 4620 id
1413 4565 1531 4619 vult
1568 4564 1904 4635 significare,
1937 4565 2088 4619 sicuti

2209 4573 2621 4644 προσπεφυκόσι
2654 4572 2898 4642 κλήμασι
2956 4570 3180 4639 ποιότης
3235 4569 3367 4639 παρ’
3398 4568 3589 4637 αὑτῆς.
3628 4567 3785 4620 Δοτὺν

526 4656 811 4723 diximus;
870 4654 964 4710 sed
1013 4652 1304 4708 ostendere
1342 4652 1513 4707 voluit
1549 4661 1802 4707 naturam
1855 4653 2088 4707 divinam

2210 4666 2307 4733 μὲν
2342 4665 2451 4733 γὰρ
2484 4664 2540 4716 ἐν
2568 4663 2858 4733 ἡμῖνπᾶν,
2899 4663 3039 4731 ὅπερ
3078 4659 3275 4729 ἔχομεν
3320 4658 3548 4727 ἀγαθὸν,
3579 4658 3701 4729 Θεῷ
3729 4658 3785 4711 δέ

527 4750 767 4804 radicem
817 4755 872 4802 et
905 4745 1236 4815 principium
1275 4743 1331 4797 in
1381 4743 1545 4814 862
1596 4745 1757 4799 nobis
1797 4743 2088 4798 fertilitatis

2203 4754 2406 4808 οὑκὲτι’
2431 4753 2544 4806 ἔστι
2560 4753 2667 4825 γὰρ
2696 4753 2859 4816 αὑτὸς
2888 4753 2945 4805 ἐν
2968 4751 3146 4821 ἐαυτῷ
3165 4750 3272 4804 τῶν
3297 4751 3441 4804 ίδίων
3465 4750 3787 4818 πλεονεκτη-

526 4840 712 4895 oninis
774 4838 1046 4910 spiritalis
1101 4851 1163 4889 ac
1220 4835 1384 4899 vitae,
1422 4849 1543 4904 quae
1582 4846 1778 4904 praeter
1828 4851 1890 4888 ea
1957 4835 2101 4889 bona

526 4948 651 5004 quae
683 4931 945 4993 diximus,
991 4928 1169 4983 instar
1195 4927 1448 4997 agricolae
1476 4926 1709 4995 largitur
1740 4934 1794 4981 et
1846 4926 2003 4981 oﬂ‘crt
2034 4927 2123 4983 iis'

528 5026 621 5095 qui
675 5039 771 5093 per
829 5020 991 5076 ﬁdem
1049 5018 1118 5074 ad
1184 5019 1332 5073 illius
1389 5018 1863 5088 participationem
1924 5021 2102 5074 vocati

529 5125 677 5179 sum,
707 5129 896 5170 curam
925 5120 981 5168 et
1020 5110 1419 5183 providentiam
1459 5110 1768 5165 charitatis.
1801 5109 1948 5165 Nihil
1974 5126 2105 5181 ergo

528 5210 693 5279 plane
732 5206 798 5262 ad
828 5205 1084 5263 essentia:
1123 5202 1400 5256 rationem
1441 5203 1818 5269 exemplorum
1869 5204 2105 5259 dissimi-

530 5297 747 5353 litudo:
789 5311 891 5352 nec
919 5295 1066 5351 enim
1098 5290 1377 5347 Servatori
1417 5290 1638 5346 Christo
1676 5306 1824 5345 nunc
1860 5293 2107 5363 proposi-

530 5399 645 5443 tum
684 5396 771 5443 est
803 5390 871 5441 de
910 5387 1016 5441 hoc
1078 5382 1286 5452 aliquid
1341 5380 1556 5445 dicere,
1584 5382 1679 5438 sed
1715 5383 1883 5437 alium
1941 5384 2106 5438 habet

531 5493 759 5549 scopum
823 5477 964 5532 ratio
1002 5475 1288 5530 doctrinae.
1332 5472 1534 5528 Verum
1576 5473 1837 5544 quoniam
1877 5474 2105 5530 demens

532 5573 624 5627 ille
649 5570 811 5628 solita
842 5583 943 5624 sua
975 5567 1278 5623 temeritate
1308 5583 1430 5638 qua!
1462 5582 1629 5636 prava
1665 5576 1795 5621 sunt
1823 5568 2105 5636 amplecti-

535 5673 645 5728 tur,
685 5662 871 5733 aitque
910 5661 1113 5715 nullam
1158 5674 1283 5715 esse
1321 5660 1589 5713 rationem
1632 5674 1757 5727 qua:
1790 5658 1896 5711 lori
1940 5658 2104 5728 hujus

541 5772 767 5829 scopum
797 5771 825 5810 a
858 5762 1006 5810 recto
1046 5768 1211 5808 sensu
1245 5751 1527 5806 detortum
1572 5750 1637 5803 ad
1671 5750 2103 5806 incarnationem

2212 4845 2419 4915 μάτων,
2452 4844 2608 4912 δόξης
2639 4861 2700 4897 τε
2751 4844 2846 4896 καὶ
2897 4842 3167 4908 ἐξουσίας,
3204 4843 3304 4912 τῆς
3335 4840 3484 4912 αὑτῷ
3520 4843 3617 4895 καὶ
3644 4840 3787 4911 μόνῳ

2207 4935 2524 5007 πρεπούσης
2556 4935 2778 5007 ἔναρχος
2813 4936 2975 5006 ἀρχή.
3020 4934 3118 4988 Διὰ
3141 4933 3299 4987 τοῦτο
3331 4934 3430 5003 μὲν
3455 4933 3580 5005 ῥίζα
3601 4933 3788 5001 ὥσπερ

2207 5031 2301 5082 καὶ
2326 5029 2568 5099 ἄμπελος
2613 5029 2640 5080 6
2695 5028 2950 5098 Χριστὸς,
2998 5026 3260 5097 κλήματα
3303 5026 3358 5079 δὲ
3399 5027 3580 5096 ήμεῖς.
3629 5026 3690 5078 El
3731 5023 3787 5078 δὲ

2206 5119 2449 5189 γεωργὸν
2476 5118 2723 5188 ὠνόμασε
2753 5118 2844 5170 τὸν
2864 5117 3107 5186 Πατέρα,
3145 5115 3217 5186 μὴ
3253 5117 3411 5186 εἴπῃς
3436 5116 3512 5179 ὡς
3538 5114 3785 5187 ἐτεροού-

2208 5226 2341 5263 σιον·
2383 5210 2443 5262 οὑ
2474 5209 2582 5279 γὰρ
2612 5208 2768 5261 τοῦτο
2806 5207 3045 5277 σημῆναι
3101 5205 3371 5275 βούλεται,
3405 5206 3667 5279 καθάπερ
3714 5206 3785 5258 εί·

2211 5306 2479 5373 ρήκαμενο
2534 5301 2648 5355 ἀλλ’
2678 5300 2943 5367 ἐπιδεῖξαι
2993 5299 3226 5370 θελήσας
3283 5299 3366 5352 ὅτι
3409 5299 3505 5351 καὶ
3536 5297 3663 5368 ῥίζα
3695 5297 3786 5350 καὶ

2207 5395 2372 5465 ἀρχὴ,
2400 5395 2497 5463 τῆς
2553 5394 2610 5446 ἐν
2641 5394 2774 5463 ἡμῖν
2830 5391 3213 5464 καρποφορίας
3253 5390 3643 5460 πνευματικῆς
3698 5389 3785 5443 καὶ

2208 5482 2350 5552 ζωῆς
2380 5486 2411 5551 ἡ
2473 5482 2593 5535 θεία
2639 5481 2830 5548 γέγονε
2893 5478 3074 5548 φύσις,
3125 5478 3264 5547 πρὸς
3308 5478 3424 5539 τοῖς
3476 5476 3786 5547 εἰρημένοις

2209 5575 2452 5642 ἀγαθαῖς,
2486 5574 2561 5636 ὡς
2589 5573 2647 5625 ἐν
2677 5570 2928 5642 γεωργοῦ
2961 5587 3107 5632 τινος
3130 5569 3281 5634 τάξει
3310 5567 3672 5637 χαριζομένη,
3697 5565 3785 5619 καὶ

2212 5666 2546 5736 ἐπιφέρουσα
2567 5667 2676 5727 τοῖς
2707 5664 2794 5716 διὰ
2827 5663 3062 5725 πίστεως
3106 5661 3465 5730 κεκλημένοις
3496 5661 3578 5722 εἰς
3600 5674 3784 5711 κοινω-

2212 5759 2329 5811 νίαν
2374 5756 2564 5825 αὐτῆς,
2618 5755 2714 5827 τὴν
2752 5754 3039 5825 ἐπίσκεψιν
3085 5752 3186 5821 τῆς
3220 5751 3457 5819 ἀγάπης.
3496 5749 3665 5804 Ούδέν
3691 5742 3781 5802 οὖν
