4024 6262
325 386 429 443 3H
1354 386 1424 443 IN
1460 383 1749 445 IOANNIS
1774 383 2227 445 EVANGELIUM
2266 389 2394 448 LIB.
2429 390 2496 448 Χ.
3458 377 3582 453 ’διε

325 499 437 570 ἀρα
485 497 766 563 παντελῶς
820 499 855 572 ή
899 498 1008 553 τῶν
1059 499 1519 572 παραδειγμάτων
1548 500 1900 571 ἀνομοιότης,

2025 499 2212 557 Ihristi
2249 504 2540 561 transferri
2583 504 2730 561 sinat
2760 519 2773 556 :
2819 519 2918 561 nec
2945 505 3094 563 enim
3124 506 3174 563 ei
3215 521 3446 579 corpore
3480 527 3581 566 nos

328 591 467 659 πρὸς
486 589 580 644 τὸν
626 590 728 660 τῆς
775 591 961 654 οὐσίας
990 590 1104 656 ἕξει
1153 591 1329 660 λόγον·
1365 592 1429 646 οὐ
1478 592 1589 663 γὰρ
1620 592 1906 663 πρόκειται

2025 590 2336 660 :onjunctos
2367 608 2534 659 esse,
2592 594 2690 651 sed
2748 610 2928 665 neque
2982 598 3265 667 apostolos
3319 606 3578 669 tanquam

327 682 448 734 νυνὶ
473 680 551 751 τῷ
572 681 784 752 Σωτῆρι
817 682 1041 753 Χριστῷ
1074 684 1204 754 περὶ
1236 683 1428 737 τούτου
1454 701 1515 737 τι
1556 683 1760 751 λέγειν,
1791 682 1905 736 ἀλλ’

2025 681 2262 739 ιαιηιίιοε
2290 684 2344 739 in
2363 684 2567 742 Christi
2591 701 2823 755 corpore
2855 687 3046 753 fuisse,
3079 703 3178 745 nec
3208 690 3258 745 ei
3289 689 3394 744 hoc
3419 692 3581 747 modo

327 770 515 841 ἕτερον
534 771 646 841 ἔχει
674 771 874 825 σκοπὸν
892 774 991 844 τῆς
1011 772 1357 838 διδασκαλίας
1382 775 1417 828 ὀ
1438 774 1669 845 τρόπος.
1689 772 1907 843 Ἐπειδὴ

2025 771 2354 841 :onjunctos.
2391 776 2484 831 sed
2543 776 2738 833 affectu
2791 794 2856 834 ac
2891 778 2997 835 ﬁde
3023 780 3276 835 sincera:
3323 780 3579 852 agedum,

326 858 387 911 δὲ
412 858 591 926 λέγειν
624 861 653 913 ό
690 862 999 933 παράφρων
1025 863 1089 917 ἐκ
1115 862 1215 933 τῆς
1238 864 1465 935 ὲνούσης
1493 862 1642 933 αὐτῷ
1679 860 1908 916 δυσϐου-

2025 863 2204 919 Jaueis
2237 866 2303 920 ad
2339 866 2455 921 haec
2485 870 2942 938 respondeamus,
2972 871 3322 929 ostendentes
3343 887 3469 928 eum
3501 873 3582 927 in-

328 947 450 1012 λίας
483 948 552 1001 τὰ
579 949 680 1003 οὐκ
708 950 887 1021 ὀρθῶς
914 951 1106 1022 ἔχοντα
1162 951 1433 1022 βούλεται,
1491 953 1586 1005 καί
1632 968 1797 1021 φησιν
1828 951 1910 1004 ὅτι

2025 954 2193 1009 ιοηίτε
2228 956 2467 1025 penitus,
2508 973 2610 1013 nec
2653 974 2939 1015 sacrarum
2985 960 3316 1018 Litterarum
3369 970 3580 1017 rectum

329 1037 489 1106 λόγος
508 1040 683 1104 οὐδεὶς
709 1041 994 1113 ἐπιτρέψει
1020 1042 1120 1112 τῆς
1142 1043 1361 1107 εὐθείας
1381 1044 1571 1114 ὥσπερ
1594 1042 1911 1109 ὲξέλκοντας

2025 1051 2110 1097 ter
2147 1044 2426 1102 insistere.

328 1131 424 1185 τὸν
474 1132 569 1185 τοῦ
621 1131 983 1203 προκειμένου
1031 1135 1234 1190 σκοπὸν
1290 1134 1638 1206 περιτρέπειν
1688 1134 1769 1196 είς
1837 1132 1936 1205 τὴν
2007 1134 2890 1210 ὲνανθρώπησιντοῦΧριστοῦ·-οὐ
2925 1141 3032 1214 γάρ
3064 1142 3414 1213 συνήφθημεν
3436 1142 3585 1215 αὐτῷ

332 1225 480 1280 κατά
502 1224 562 1279 τὸ
582 1225 771 1296 σῶμα,
812 1225 928 1279 ἀλλ’
959 1226 1081 1280 οὐδὲ
1117 1225 1312 1297 ἔμενον
1365 1227 1415 1280 οἱ
1454 1227 1741 1280 ἀπόστολοι
1766 1268 1791 1292 ,
1832 1227 1908 1290 ὠς
1942 1226 2197 1297 κλήματα
2222 1230 2386 1299 τυχὸν
2414 1231 2472 1282 ὲν
2498 1230 2575 1301 τῷ
2604 1231 2817 1302 σώματι
2856 1234 2947 1287 τοῦ
2971 1235 3230 1306 Χριστοῦ,
3293 1236 3417 1289 οὐτε
3478 1237 3585 1308 μὴν

331 1316 484 1389 αὐτῷ
513 1317 655 1374 κατὰ
680 1318 870 1373 τοῦτον
903 1320 1236 1389 συνήπτοντο
1261 1319 1350 1373 τὸν
1374 1319 1547 1387 λόγον,
1580 1320 1714 1373 ἀλλά
1739 1318 1977 1372 διαθέσει
2014 1318 2110 1372 καὶ
2179 1320 2363 1373 πίστει
2423 1322 2727 1393 εἰλικρινεῖ,
2776 1324 2908 1395 φέρε
2971 1344 3023 1380 τι
3062 1326 3235 1400 βραχὺ
3313 1330 3407 1384 καὶ
3451 1328 3587 1400 πρὸς

328 1410 507 1464 ταῦτα
540 1410 806 1482 λέγωμεν,
835 1413 1083 1481 πανταχῆ
1108 1410 1411 1473 δεικνύντες
1442 1410 1792 1481 ἀφραίνοντα,
1812 1409 1908 1463 καὶ
1939 1409 2049 1464 τῶν
2082 1410 2242 1481 ἱερῶν
2271 1412 2620 1483 Γραμμάτων
2664 1414 2764 1467 οὐκ
2798 1415 2944 1470 ἰόντα
2972 1420 3093 1470 κατ’
3127 1418 3278 1473 εὐθύ.

407 1502 531 1555 Ὅτι
560 1502 660 1570 μὲν
690 1501 800 1575 γάρ
820 1501 1061 1555 διαθέσει
1114 1503 1181 1572 τῇ
1230 1500 1493 1571 νοουμένῃ
1521 1501 1664 1555 κατά
1686 1500 1784 1571 τὴν
1822 1517 1914 1553 τε-

330 1596 485 1649 λείαν
520 1595 759 1667 ἀγάπην,
790 1596 924 1668 ὀρθῇ
955 1612 1017 1648 τε
1055 1597 1147 1649 καὶ
1191 1595 1533 1666 ἀδιαστρόφῳ
1562 1595 1765 1659 πίστει,
1790 1594 1915 1664 φιλ-

333 1687 522 1757 αρέτῳ
556 1703 615 1739 τε
651 1687 745 1740 καὶ
773 1686 1056 1758 εἰλικρινεῖ
1084 1686 1330 1757 λογισμῷ
1357 1686 1725 1757 ωνενούμεθα
1748 1703 1913 1739 πνευ-

336 1777 590 1849 ματικῶς
612 1778 690 1849 τῷ
713 1778 953 1851 Χριστῷ,
973 1778 1220 1849 οὐδαμῶς
1247 1777 1609 1849 ὲξαρνήσεται
1641 1777 1749 1831 τῶν
1783 1778 1913 1849 παρ’

2080 1498 2195 1556 Nos
2223 1502 2426 1572 quippe
2454 1502 2653 1558 al'l'ectu
2683 1505 2975 1563 charitatis
3018 1509 3297 1578 perfectae,
3330 1519 3587 1583 rectaque

2011 1599 2066 1645 et
2099 1591 2431 1648 inconcussa
2466 1594 2592 1657 (ide,
2633 1603 2688 1649 et
2735 1597 2949 1651 sincera
2980 1614 3042 1653 ac
3082 1600 3307 1656 virtutis
3334 1604 3585 1658 studiosa

2014 1694 2198 1738 mente
2232 1683 2462 1740 Christo
2528 1689 2856 1756 spiritaliter
2903 1691 3074 1754 uniri,
3123 1695 3441 1749 nbstrorum
3489 1697 3587 1751 do-

2012 1782 2263 1844 gmatum
2287 1777 2428 1831 ratio
2459 1778 2771 1835 nullatenus
2799 1780 3173 1837 inﬁciabitur:
3212 1800 3313 1840 nos
3328 1786 3471 1840 enim
3503 1803 3588 1843 re-

332 1871 474 1940 ἡμῖν
495 1870 783 1940 δογμάτων
806 1872 834 1923 ὁ
861 1870 1037 1938 λόγος·
1058 1869 1392 1941 συνεροῦμεν
1434 1869 1543 1939 γάρ
1571 1870 1652 1922 ὄτι
1681 1869 1745 1940 δὴ
1768 1869 1913 1939 μάλα

2025 1875 2100 1920 rte
2125 1866 2176 1921 id
2208 1882 2304 1923 eos
2340 1870 2539 1924 docere
2571 1868 2887 1926 fatebimur.
2915 1872 3073 1939 Quod
3100 1889 3229 1929 vero
3260 1874 3443 1930 dicere
3470 1877 3589 1932 ausi

331 1961 495 2014 τοῦτό
528 1977 691 2029 φασιν
718 1962 912 2035 ὀρθῶς.
938 1961 1009 2014 Τὸ
1040 1960 1098 2015 δέ
1139 1977 1205 2028 γε
1259 1960 1676 2032 καταθαρσῆσαι
1701 1960 1910 2029 λέγειν,

333 2053 414 2115 ὡς
441 2052 618 2116 οὐδεὶς
646 2054 774 2123 ἡμῖν
810 2053 1098 2122 συναφείας
1130 2054 1229 2124 τῆς
1259 2055 1400 2108 κατὰ
1446 2054 1623 2126 σάρκα
1652 2052 1788 2124 πρὸς
1816 2053 1914 2106 αὐ-

333 2140 430 2193 τὸν
463 2144 492 2195 ό
519 2140 694 2210 λόγος,
743 2141 1051 2214 ὁλοκλήρως
1099 2143 1302 2215 ἀπᾷδον
1361 2128 1482 2209 ταῖς
1538 2143 1916 2207 θεοπνεύστοις

334 2234 580 2304 Γραφαῖς
605 2233 958 2304 ὐπιδείξομεν.
984 2234 1111 2299 Πῶς
1159 2237 1268 2307 γάρ
1311 2237 1378 2290 ἂν
1402 2235 1727 2307 ἀμφίλογον,
1777 2235 1810 2307 ἢ
1834 2237 1917 2300 τίς

336 2323 408 2376 ἂν
436 2322 571 2388 ὅλως
598 2323 867 2378 ἐνδοιάσαι
895 2325 1024 2378 ποτὲ
1044 2325 1151 2378 τῶν
1180 2322 1239 2379 εὖ
1272 2329 1486 2398 φρονεῖν
1514 2325 1805 2389 εἰωθότων,
1842 2326 1918 2390 ὡς

336 2414 584 2483 ἄμπελος
640 2414 740 2485 μέν
776 2416 892 2469 ὲστι
941 2415 1085 2469 κατά
1143 2415 1301 2469 τοῦτο
1348 2417 1604 2486 Χριστός·
1664 2411 1825 2487 ἡμεῖς
1862 2416 1918 2469 δὲ

342 2504 639 2575 κλημάτων
688 2506 1081 2570 ἀποτελοῦντες
1129 2507 1316 2577 σχῆμα
1354 2508 1452 2579 τὴν
1500 2509 1560 2572 ἐξ
1618 2508 1780 2560 αὐτοῦ
1826 2508 1920 2559 καὶ

344 2599 473 2668 παρ’
506 2596 670 2651 αὐτοῦ
704 2597 849 2670 ζωὴν
875 2599 957 2661 είς
981 2599 1179 2662 αὐτοὺς
1210 2598 1570 2669 κομιζόμεθα,
1605 2598 1781 2652 καίτοι
1821 2598 1917 2651 τοῦ

343 2688 555 2741 Παύλου
576 2688 846 2756 λέγοντος·
877 2708 896 2741 ι
923 2690 985 2742 01
1013 2690 1121 2761 γάρ
1146 2691 1345 2754 πάντες
1372 2690 1429 2745 ἓν
1468 2690 1629 2761 σῶμά
1668 2693 1835 2761 ὲσμεν
1862 2691 1919 2743 ὲν

333 2778 579 2850 Χριστῷ,
599 2781 679 2833 δτι
708 2772 786 2843 εἷς
808 2782 972 2852 ἀρτος
1002 2782 1050 2835 οἱ
1083 2782 1264 2835 πολλοί
1294 2784 1480 2853 ἐσμεν·
1505 2785 1553 2836 οἰ
1587 2782 1695 2854 γὰρ
1722 2782 1922 2844 πάντες

331 2871 408 2921 ὲκ
433 2868 527 2921 τοῦ
560 2868 676 2933 ἐνὸς
702 2870 864 2940 ἄρτου
890 2870 1208 2942 μετέχομεν.
1250 2892 1269 2923 ι
1304 2872 1523 2940 Λεγέτω
1553 2873 1662 2942 γάρ
1685 2889 1769 2935 τις
1789 2873 1922 2943 ἡμῖν

334 2957 440 3027 τὴν
473 2957 683 3023 αἰτίαν,
726 2960 821 3012 καὶ
859 2959 1155 3014 διδασκέτω
1201 2960 1489 3035 παρελθὼν
1528 2961 1625 3031 τῆς
1657 2962 1924 3031 μυστικῆς
1970 2959 1981 2970 ⁵

332 3050 594 3119 εὐλογίας
624 3051 724 3123 τήν
766 3050 1012 3123 δύναμιν.
1070 3054 1284 3109 Γίνεται
1323 3055 1433 3126 γάρ
1479 3057 1535 3109 ὲν
1590 3056 1724 3127 ἡμῖν
1745 3055 1921 3122 διατί;

336 3132 470 3207 'Ap‘
500 3140 620 3211 οὐχὶ
645 3142 737 3195 καὶ
768 3144 1095 3213 σωματικῶς
1135 3148 1267 3216 ἡμῖν
1306 3146 1644 3212 ἐνοικίζουσα
1672 3147 1764 3200 τὸν
1790 3148 1923 3217 Χρι-

2015 1963 2147 2011 sunt
2184 1958 2391 2012 nullam
2438 1974 2563 2014 esse
2604 1961 2765 2016 nobis
2807 1977 2932 2016 cum
2966 1978 3032 2017 eo
3062 1965 3306 2022 carnalis
3352 1966 3590 2036 conjun-

2016 2047 2217 2102 ctionis
2248 2050 2541 2116 rationem,
2579 2052 2757 2107 sacris
2786 2051 3012 2109 Litteris
3040 2056 3339 2112 dissentire
3364 2058 3591 2128 penitus

2016 2140 2393 2197 ostendemus.
2425 2141 2562 2209 Quis
2608 2145 2753 2199 enim
2786 2161 2957 2201 sanus
2989 2147 3321 2203 dubitaverit
3350 2165 3591 2221 unquam

2017 2244 2082 2285 ea
2131 2231 2345 2287 ratione
2390 2233 2671 2288 Christum
2708 2250 2830 2290 esse
2864 2237 3050 2301 vitem,
3093 2253 3193 2293 nos
3235 2255 3363 2294 vero
3394 2240 3592 2310 palmi-

2018 2329 2132 2374 tum
2171 2321 2399 2377 formam
2446 2324 2770 2389 referentes,
2807 2328 2972 2380 vitam
3023 2343 3089 2382 ex
3141 2329 3258 2398 ipso
3287 2339 3335 2385 el
3375 2331 3444 2385 ab
3473 2332 3594 2402 ipso

2018 2410 2074 2464 in
2116 2426 2218 2466 nos
2249 2413 2487 2478 trahere,
2520 2429 2645 2469 cum
2691 2416 2896 2471 Paulus
2922 2416 3069 2473 dicat
3096 2437 3109 2472 :
3144 2406 3179 2470 ι’
3212 2418 3414 2475 Omnes
3448 2421 3590 2476 enim

2022 2515 2190 2553 unum
2221 2514 2423 2571 corpus
2451 2518 2644 2558 sumus
2678 2504 2733 2558 in
2767 2505 3011 2574 Christo,
3039 2509 3300 2578 quoniam
3332 2525 3474 2565 unus
3499 2524 3595 2580 pa.

2022 2591 2109 2646 nis
2143 2593 2300 2646 multi
2337 2610 2570 2651 sumus:
2613 2611 2803 2653 omnes
2839 2600 2983 2653 enim
3015 2600 3083 2655 de
3111 2617 3222 2657 uno
3252 2617 3391 2672 pane
3425 2603 3597 2673 parti-

2020 2681 2270 2751 cipamus
2304 2683 2392 2737 ὀἳ
2429 2705 2448 2737 ι
2483 2684 2638 2740 Dicat
2659 2688 2802 2741 enim
2839 2690 2999 2743 nobis
3033 2690 3234 2760 aliquis
3264 2706 3514 2756 causam,
3543 2701 3599 2747 et

2021 2772 2129 2826 vim
2175 2774 2409 2845 eulogia:
2458 2778 2707 2846 mysticae
2754 2779 2932 2833 obiter
2979 2780 3191 2835 doceat.
3222 2781 3364 2836 Nam
3411 2798 3511 2838 cur
3540 2785 3597 2838 in

2024 2863 2185 2919 nobis
2215 2864 2522 2919 inseritur?
2551 2866 2742 2924 Nonne
2771 2880 2829 2923 ut
2866 2869 3147 2926 Christum
3176 2873 3487 2930 inhabitare
3521 2874 3598 2929 l'a-

2024 2956 2137 3010 ciat
2165 2955 2218 3010 in
2249 2958 2429 3023 nobis,
2456 2959 2621 3014 etiam
2660 2963 3048 3032 corporaliter,
3083 2965 3515 3035 participatione
3542 2976 3596 3022 et

2025 3052 2408 3106 communione
2430 3063 2634 3107 sancta:
2656 3070 2769 3109 sua:
2805 3056 3030 3112 carnis?
3055 3055 3323 3121 Praeclare
3350 3057 3596 3128 quidem:

2027 3141 2217 3195 scribit
2248 3144 2393 3196 enim
2430 3142 2633 3199 Paulus
2657 3153 2847 3213 gentes
2872 3145 3050 3201 factas
3075 3161 3198 3201 esse
3235 3165 3253 3197 ι
3291 3162 3598 3217 concorpo-

341 3231 471 3286 στὸν
489 3234 554 3303 τῇ
581 3232 793 3303 μεθέξει
817 3236 912 3289 καὶ
934 3237 1187 3308 κοινωνίᾳ
1202 3238 1301 3307 τῆς
1320 3239 1483 3307 ἁγίας
1502 3238 1667 3291 αὐτοῦ
1685 3239 1885 3310 σαρκός
1906 3256 1921 3305 ;

2029 3234 2195 3297 rales,
2233 3241 2286 3289 et
2323 3235 2765 3305 eomparticipes,
2800 3247 2853 3291 et
2887 3238 3200 3293 coharredes
3232 3237 3438 3293 Christi
3476 3240 3546 3292 ".
3577 3259 3594 3290 ι

354 3322 500 3375 Ἀλλ’
525 3319 679 3394 οἶμαι
703 3324 882 3393 λέγειν
918 3327 1114 3397 ὀρθῶς·
1154 3329 1354 3399 γράφει
1385 3329 1494 3399 γὰρ
1528 3331 1556 3383 ό
1595 3329 1804 3393 Παῦλος
1835 3347 1924 3398 γε·

339 3413 605 3485 γενῆσθαι
630 3415 700 3469 τὰ
731 3415 856 3487 ἔθνη
902 3437 919 3469 ι
960 3418 1243 3489 σύσσωμα,
1299 3422 1393 3475 καὶ
1452 3427 1796 3493 συμμέτοχα,
1830 3423 1927 3475 καὶ

345 3505 767 3576 συγκληρονόμα
792 3510 1051 3580 Χριστοῦ.
1085 3529 1103 3561 ι
1139 3511 1414 3581 Σύσσωμα
1456 3513 1750 3583 τοιγαροῦν
1781 3512 1925 3566 κατά

345 3599 503 3649 ποῖον
540 3596 825 3669 ἀπεφάνθη
857 3600 1092 3670 τρόπους
1131 3601 1461 3667 ’Δξιωθέντα
1495 3604 1605 3674 γὰρ
1637 3607 1926 3675 μετασχεῖν

347 3686 450 3755 τῆς
479 3685 731 3753 εὐλογίας
757 3688 853 3758 τῆς
908 3690 1196 3760 μυστικῆς,
1253 3692 1313 3744 ἓν
1345 3692 1481 3759 πρὸς
1531 3694 1694 3747 αὐτὸν
1738 3694 1927 3762 γέγονε

355 3775 540 3845 σῶμα,
564 3776 813 3849 καθάπερ
843 3771 1034 3849 ἀμέλει
1067 3783 1158 3834 καὶ
1184 3782 1292 3836 τῶν
1322 3784 1491 3851 ἁγίων
1535 3784 1765 3849 ἕκαστος
1795 3788 1929 3840 ἀπο-

358 3866 581 3920 στόλων.
619 3869 770 3922 Ἐπεί
795 3870 883 3923 διά
912 3872 1073 3925 ποίαν
1104 3873 1280 3928 αἰτίαν
1314 3874 1449 3945 μέλη
1479 3876 1572 3929 τοῦ
1596 3876 1830 3948 Χριστοῦ
1864 3881 1929 3932 τὰ

351 3958 553 4023 οἰκεῖα,
592 3959 792 4029 μᾶλλον
819 3962 876 4014 δὲ
922 3963 990 4015 τά
1026 3964 1260 4029 πάντων,
1291 3965 1368 4029 ὼς
1386 3965 1550 4020 αὐτοῦ
1576 3969 1929 4038 κατωνόμασε

350 4050 528 4122 μέλη;
567 4051 772 4124 Γράφει
804 4053 911 4123 γὰρ
944 4053 1135 4118 οὕτως·
1163 4075 1182 4107 ι
1218 4057 1331 4110 Οὐκ
1356 4057 1552 4124 οῖδατε,
1585 4058 1758 4112 ὅτιτά
1793 4060 1927 4131 μέλη

345 4142 525 4212 ὑμῶν,
559 4142 694 4213 μέλη
730 4145 968 4215 Χριστοῦ
994 4148 1171 4211 estw;
1207 4149 1382 4222 Ἀρας
1416 4144 1508 4203 οῦν
1543 4149 1612 4203 τά
1655 4150 1789 4221 μέλη
1833 4150 1927 4202 τοῦ

343 4233 607 4303 Χριστοῦ,
649 4236 860 4307 ποιήσω
894 4237 1101 4308 πόρνης
1129 4238 1297 4309 μέλη;
1327 4240 1420 4311 Μὴ
1450 4241 1679 4309 γένοιτο.
1704 4260 1722 4290 ι
1771 4240 1931 4293 Ἀλλά

344 4329 443 4381 καὶ
468 4327 631 4392 αὐτὸς
658 4329 685 4381 ὀ
718 4328 926 4400 Σωτήρ·
977 4348 994 4381 ι
1036 4331 1096 4383 '0
1134 4329 1364 4402 τρώγων
1419 4350 1521 4403 μου
1575 4333 1675 4404 τὴν
1711 4333 1891 4403 σάρκα
1913 4371 1929 4395 ,

346 4418 504 4489 φησὶ,
531 4418 626 4471 καὶ
652 4416 819 4472 πίνων
868 4436 968 4489 μου
1025 4418 1089 4472 τὸ
1116 4416 1277 4491 αἷμα,
1302 4422 1361 4474 ὲν
1389 4422 1514 4492 ἐμοὶ
1550 4422 1725 4492 μένει,
1774 4419 1931 4490 κάγὼ

344 4513 407 4561 εν
458 4508 627 4579 αὐτῷ.
672 4528 691 4561 ι
772 4510 860 4561 Ἐν
880 4508 990 4578 γὰρ
1034 4509 1099 4580 δὴ
1162 4511 1339 4581 τούτῳ
1400 4513 1635 4582 μάλιστα
1690 4513 1928 4567 κατιδεῖν

345 4601 522 4667 ἀξιον,
549 4602 625 4665 ὡς
649 4601 712 4653 οὐ
730 4601 872 4653 κατά
906 4600 1089 4670 σχέσιν
1116 4601 1238 4655 τινὰ
1267 4602 1435 4672 μόνην
1468 4603 1566 4673 τήν
1606 4605 1663 4657 ὲν
1689 4602 1929 4657 διαθέσει

345 4692 647 4762 νοουμένην
672 4693 731 4744 ὲν
761 4692 892 4761 ἡμῖν
917 4690 1135 4745 ἔσεσθαί
1155 4708 1319 4761 φησιν
1342 4693 1370 4744 ὀ
1391 4694 1644 4763 Χριστὸς,
1677 4693 1814 4747 ἀλλὰ
1835 4694 1929 4747 καὶ

347 4783 495 4837 κατά
523 4783 738 4855 μέθεξιν
756 4783 1015 4853 φυσικήν.
1032 4782 1243 4853 Ὥσπερ
1265 4782 1373 4852 γὰρ
1391 4782 1445 4835 εἰ
1466 4799 1551 4846 τις
1575 4784 1744 4855 κηρὸν
1760 4784 1931 4856 ἑτέρῳ

350 4875 757 4940 συναναπλέξας
782 4874 960 4946 κηρῷ,
1012 4873 1106 4928 καὶ
1136 4876 1270 4947 πυρὶ
1328 4877 1763 4947 συγκατατήξας,
1792 4876 1851 4929 ἒν
1878 4894 1930 4930 τι

346 4965 414 5018 τὸ
440 4963 500 5029 ἐξ
523 4966 722 5035 ἀμφοῖν
766 4965 1079 5036 ἐργάζεται,
1123 4964 1266 5019 οὕτω
1294 4965 1381 5019 διὰ
1427 4966 1524 5036 τῆς
1556 4967 1930 5036 ’μεταλήψεως

351 5056 453 5108 τοῦ
496 5056 751 5127 σώματος
782 5056 875 5109 τοῦ
915 5056 1172 5128 Χριστοῦ,
1206 5058 1302 5109 καὶ
1338 5056 1435 5110 τοῦ
1463 5058 1640 5128 τιμίου
1674 5060 1934 5128 αἵματος,

355 5145 523 5209 αὐτὸς
558 5147 657 5217 μὲν
680 5149 736 5200 ὲν
765 5149 915 5218 ἡμῖν,
974 5149 1137 5219 ἡμεῖς
1160 5147 1216 5201 δὲ
1249 5143 1316 5202 αὖ
1345 5149 1509 5203 πάλιν
1536 5151 1594 5203 ὲν
1628 5150 1776 5221 αὐτῷ
1811 5170 1936 5205 συν-

350 5238 644 5309 ενούμεθα.
671 5241 745 5293 Οὐ
774 5241 881 5312 γὰρ
904 5237 972 5310 ἦν
1000 5242 1204 5313 ἑτέρως
1223 5239 1629 5311 ζωοποιηθῆναι
1656 5241 1935 5307 δύνασθαι,

346 5330 414 5382 τὸ
441 5327 758 5400 φθείρεσθαι
788 5331 1050 5400 πεφυκὸς,
1082 5333 1130 5384 εἰ
1168 5333 1241 5402 μὴ
1277 5330 1587 5401 συνεπλάκη
1613 5331 1939 5401 σωματικῶς

346 5418 437 5489 τῷ
470 5419 683 5489 σώματι
712 5421 812 5490 τῆς
859 5422 1001 5474 κατὰ
1056 5422 1216 5489 φύσιν
1273 5422 1441 5492 ζωῆς,
1487 5420 1633 5474 τοῦτ’
1672 5421 1810 5485 ἐστι,
1839 5422 1932 5475 τοῦ

348 5509 717 5577 Μονογενοῦς.
759 5511 865 5564 Καὶ
889 5513 936 5564 εἰ
968 5511 1043 5582 μὴ
1072 5515 1185 5575 τοῖς
1214 5512 1366 5582 ὲμοῖς
1396 5510 1704 5584 καταπείθῃ
1733 5510 1931 5579 λόγοις,

347 5598 544 5663 ἐπίδος
571 5598 669 5669 τὴν
722 5600 903 5653 πίστιν
955 5599 1103 5670 αὐτῷ
1126 5600 1317 5670 βοῶντι
1367 5597 1617 5669 Χριστῷ·
1666 5616 1684 5650 ι
1726 5600 1931 5668 Ἀμὴν,

435 5782 483 5813 ’°
521 5780 536 5835 Ι
575 5781 702 5837 Cor.
742 5797 770 5835 ς
811 5823 824 5849 ,
866 5783 948 5836 l7.
1028 5786 1068 5818 ἰ
1114 5784 1315 5854 Ephcs.
1354 5800 1449 5851 ιιι,
1484 5783 1538 5839 6.
1619 5783 1667 5814 "
1710 5781 1730 5835 l
1769 5782 1897 5838 Cor.
1930 5795 2020 5845 vr,
2085 5781 2167 5835 15.

2027 3323 2464 3395 Concorporales
2514 3337 2696 3381 autem
2730 3343 2971 3398 quonam
3020 3330 3185 3384 modo
3231 3328 3389 3383 facta:
3431 3328 3604 3384 sunt?

2026 3413 2234 3486 Nempe
2274 3418 2504 3487 eulogia:
2536 3419 2783 3489 mystica:
2828 3420 3250 3490 participatione
3296 3420 3597 3486 honoratae,

2029 3521 2202 3560 unum
2240 3524 2363 3562 cum
2402 3524 2469 3563 eo
2515 3508 2671 3563 facta;
2717 3518 2847 3565 sunt
2894 3524 3120 3580 corpus,
3156 3514 3305 3567 sicut
3341 3522 3395 3567 et
3431 3527 3604 3567 unus—

2029 3598 2261 3667 quisque
2288 3606 2604 3652 sanctorum
2637 3601 3031 3670 apostolorum.
3059 3602 3301 3673 Alioqui,
3335 3618 3499 3673 quam
3533 3604 3607 3660 ob

2030 3701 2254 3741 causam
2310 3702 2427 3752 sua,
2475 3689 2585 3742 imo
2635 3690 2883 3743 omnium
2930 3691 3181 3745 membra
3265 3691 3429 3746 sicuti
3479 3707 3602 3756 sua,

2029 3776 2275 3831 membra
2324 3776 2527 3831 Christi
2587 3779 2974 3847 nuncupavit?
3023 3780 3117 3835 Sic
3170 3781 3319 3835 enim
3367 3782 3601 3836 scribit:

2036 3886 2055 3918 ι
2089 3865 2327 3921 Nescitis
2360 3867 2619 3937 quoniam
2652 3868 2817 3939 863
2851 3871 3096 3925 membra
3140 3882 3324 3927 vestra
3362 3871 3605 3927 membra

2031 3968 2160 4013 sunt
2204 3958 2460 4013 Christi?
2493 3958 2717 4014 Tollens
2759 3975 2891 4030 ergo
2937 3962 3180 4016 membra
3231 3962 3482 4025 Christi,
3521 3964 3606 4017 l'a-

2031 4052 2172 4103 ciam
2201 4050 2445 4105 membra
2482 4051 2835 4106 meretricis?
2865 4051 3024 4107 Absit
3047 4053 3126 4106 ἐἰ
3169 4072 3188 4105 ι
3222 4052 3327 4108 Sed
3353 4052 3607 4109 Servator

2031 4141 2150 4211 ipse
2187 4157 2199 4193 :
2240 4160 2259 4193 ι
2303 4142 2407 4208 Qui
2458 4146 2756 4197 manclucat
2798 4158 2975 4198 meam
3032 4159 3279 4208 carnem,
3321 4146 3523 4215 inquit,
3553 4156 3606 4202 et

2031 4233 2167 4287 bibit
2210 4248 2389 4288 meum
2440 4236 2787 4305 sanguinem,
2815 4236 2871 4289 in
2916 4250 3004 4291 me
3052 4244 3258 4302 manet,
3309 4244 3364 4291 et
3407 4252 3507 4307 ego
3552 4238 3607 4291 in

2032 4322 2127 4376 illo
2158 4323 2224 4375 ’³.
2266 4343 2284 4375 ι
2325 4322 2424 4376 llic
2475 4325 2623 4379 enim
2675 4325 3119 4380 animadvertere
3156 4337 3241 4381 est
3278 4341 3461 4395 operae
3490 4342 3609 4397 pre-

2035 4414 2197 4479 tium,
2245 4414 2525 4469 Christum
2562 4432 2672 4469 non
2712 4417 2900 4471 dicere
2933 4432 2992 4471 se
3032 4417 3304 4471 duntaxat
3353 4418 3408 4470 in
3447 4417 3609 4473 nobis

2034 4503 2281 4558 futurum
2324 4505 2625 4559 secundum
2658 4507 2981 4562 relationem
3020 4507 3314 4579 quamdam
3348 4507 3610 4561 al'l‘ectua-

1960 4574 2008 4631 θ
2033 4596 2284 4663 1οιιι,,εε(1
2315 4604 2369 4650 et
2397 4611 2492 4666 per
2515 4597 2991 4667 participationem
3017 4574 3345 4652 naturalem.
3376 4596 3444 4651 Ut
3466 4597 3610 4651 enim

2028 4688 2074 4743 si
2104 4688 2227 4757 quis
2258 4701 2444 4742 ceram
2490 4703 2629 4742 ρει-π
2662 4688 2910 4743 indutam
2949 4690 3072 4760 igne
3100 4688 3265 4743 simul
3298 4688 3611 4756 liquaverit,

2027 4795 2198 4834 unum
2250 4779 2382 4849 quid
2434 4795 2500 4833 ex
2546 4779 2818 4834 ambobus
2865 4780 3050 4844 eiIicit,
3090 4781 3163 4833 ita
3194 4794 3310 4848 -per
3362 4778 3613 4846 corporis

2028 4869 2259 4934 Christi,
2288 4878 2340 4923 et
2375 4871 2601 4939 pretiosi
2637 4871 2927 4939 sanguinis
2969 4868 3459 4939 participationem
3495 4868 3614 4935 ipse

2030 4961 2254 5032 quidem
2309 4961 2365 5015 in
2408 4962 2589 5028 nobis,
2644 4977 2747 5017 nos
2784 4970 2966 5016 autem
3003 4977 3197 5016 rursus
3233 4960 3286 5013 in
3332 4974 3397 5014 eo
3448 4958 3614 5013 simul

2038 5056 2283 5110 unimur.
2321 5053 2430 5110 Nec
2461 5056 2605 5110 enim
2639 5056 2797 5109 aliter
2824 5055 3085 5109 viviﬁcari
3124 5061 3301 5125 potest
3328 5052 3476 5122 quod
3510 5066 3613 5105 na—

2036 5153 2160 5199 tura
2214 5160 2313 5199 sua
2372 5153 2458 5199 est
2501 5146 2895 5215 corruptibile,
2948 5160 3112 5215 quam
3166 5145 3212 5197 si
3249 5142 3615 5212 corporaliter

2036 5239 2250 5292 unitum
2300 5238 2372 5292 sit
2421 5239 2639 5307 corpori
2686 5239 2807 5305 ejus
2864 5237 2957 5305 qui
3010 5235 3316 5290 secundum
3358 5244 3614 5289 naturam

2038 5345 2194 5383 suam
2247 5338 2333 5383 est
2368 5329 2497 5392 vita,
2549 5328 2652 5382 hoc
2701 5335 2786 5382 est
2824 5325 3123 5393 Unigeniti.
3160 5323 3316 5389 Quod
3374 5324 3421 5379 si
3475 5324 3615 5379 meis

2042 5420 2225 5475 verbis
2259 5419 2582 5489 persuaderi
2623 5427 2675 5471 te
2729 5432 2837 5470 non
2877 5414 3038 5476 sinis,
3081 5414 3186 5483 ipsi
3235 5414 3461 5469 Christo
3506 5418 3618 5467 cla-

2042 5511 2212 5563 manti
2260 5510 2420 5564 [idem
2469 5508 2704 5562 adhibe:
2745 5526 2763 5557 ι
2805 5506 2997 5568 Amen,
3042 5519 3200 5558 amen
3257 5505 3380 5558 dico
3417 5503 3612 5559 vobis:

2044 5602 2150 5656 nisi
2183 5599 2643 5654 manducaveritis
2674 5610 2895 5651 carnem
2921 5593 3044 5649 Filii
3078 5594 3339 5661 hominis,
3367 5601 3421 5649 et
3463 5592 3617 5646 bibe-

2242 5780 2286 5810 ¹³³
2326 5778 2485 5833 Joan.
2535 5792 2619 5841 vt,
2661 5777 2760 5846 _56.
