4024 6262
484 387 593 448 διδ

1528 384 1588 441 S.
1610 382 1888 441 CYRILLI
1931 379 2402 438 ALEXANDRINI
2434 381 2749 438 ARCIIIEP.

3642 384 3742 444 3H

486 502 611 559 ritis
660 500 783 574 ejus
826 501 1172 577 sanguinem,
1203 515 1313 559 non
1347 500 1630 558 habebitis
1658 501 1827 556 vitam
1873 500 1931 554 in
1971 514 2067 552 vo-

2179 498 2313 569 Ξμὴν
2338 498 2480 567 λέγω
2510 499 2659 569 ὑμῖν,
2691 499 2786 554 ἐὰν
2816 498 2891 569 μὴ
2927 497 3138 568 φάγητε
3167 499 3265 568 τὴν
3297 494 3478 570 σάρκα
3501 497 3596 551 τοῦ
3615 499 3746 552 Υίοῦ

486 595 594 652 bis.
635 594 739 661 Qui
790 594 937 651 enim
982 595 1277 650 manducat
1322 608 1499 650 meam
1548 607 1795 657 carnem,
1835 600 1890 647 et
1930 591 2068 646 bibit

488 700 667 741 meum
705 686 1050 757 sanguinem,
1085 684 1247 741 habet
1294 685 1464 740 vitam
1513 692 1814 740 aeternam:
1860 691 1917 738 et
1965 694 2069 752 ego

491 777 831 832 resuscitabo
854 793 979 833 eum
1009 777 1064 831 in
1093 777 1400 833 novissimo
1438 776 1530 832 die
1557 775 1624 828 “.
1667 794 1685 827 ι
1730 771 1905 827 Audis
1941 786 2066 826 eum

488 876 677 938 aperte
702 869 1094 939 praedicantem
1134 869 1307 940 quod,
1343 869 1449 925 nisi
1492 881 1718 923 carnem
1762 864 1885 935 ejus
1912 878 2072 918 man-

489 960 874 1017 ducaverimus
902 970 957 1016 et
991 961 1293 1016 biberimus
1317 960 1439 1029 ejus
1464 957 1943 1030 sanguinem,non
1970 955 2074 1008 ha-

490 1051 655 1105 bituri
686 1052 861 1107 simus
890 1053 945 1106 in
974 1052 1154 1117 nobis,
1189 1052 1296 1106 hoc
1326 1062 1408 1107 est
1433 1052 1486 1105 in
1514 1049 1735 1120 propria
1768 1061 1959 1112 carne,
1991 1044 2074 1100 vi-

493 1146 603 1193 tam
633 1141 934 1194 :cternam?
963 1140 1193 1195 Eterna
1227 1150 1409 1195 autem
1445 1142 1555 1195 vita
1583 1141 1709 1209 jure
1758 1136 2074 1194 censebitur

488 1224 630 1276 .caro
665 1213 807 1278 vitae,
848 1214 953 1268 hoc
996 1223 1080 1271 est
1117 1215 1413 1285 Unigeniti.
1448 1214 1573 1270 Haec
1606 1230 1735 1271 vero
1764 1230 1875 1286 quo
1908 1224 2068 1286 pacto

503 1315 601 1355 nos
639 1301 692 1354 in
726 1310 968 1358 extrema
1006 1306 1093 1361 die
1119 1307 1365 1370 suscitet,
1408 1306 1597 1363 audies
1641 1314 1700 1361 tu
1746 1315 1898 1362 certe
1946 1309 2069 1377 qui-

500 1389 644 1454 dem,
663 1408 761 1462 ego
777 1410 903 1449 vero
929 1395 1133 1451 referre
1157 1413 1267 1452 non
1289 1398 1579 1467 gravabor.
1603 1395 1898 1467 Postquam
1925 1396 2067 1451 facta

501 1490 586 1535 est
616 1498 745 1538 caro
774 1487 913 1549 vitae,
950 1486 1053 1542 hoc
1081 1497 1164 1543 est
1192 1487 1355 1543 Verbi
1387 1489 1531 1559 quod
1566 1503 1631 1543 ex
1666 1486 1774 1542 Deo
1827 1494 1880 1541 et
1913 1487 2069 1541 Patre

382 1612 399 1621 η
500 1571 725 1641 effulsit,
757 1576 824 1629 ad
871 1577 992 1631 vitae
1028 1578 1135 1632 vim
1169 1578 1410 1642 transiit,
1447 1594 1547 1633 nec
1590 1577 1703 1632 fieri
1743 1586 1923 1647 potest
1952 1586 2009 1632 ut
2039 1594 2069 1631 a

503 1673 680 1720 morte
717 1667 824 1720 vita
856 1667 1126 1723 vincatur.
1157 1668 1611 1738 Quandoquidem
1650 1684 1785 1739 ergo
1815 1668 1953 1722 facta
1986 1679 2071 1725 est

506 1756 560 1809 in
592 1756 749 1811 nobis
783 1758 913 1820 vita,
942 1760 1161 1813 vincula
1192 1759 1384 1815 mortis
1425 1774 1770 1830 nequaquam
1808 1760 2066 1829 patietur,

2173 589 2266 643 τοῦ
2293 589 2604 660 ἀνθρώπου,
2636 588 2730 642 καὶ
2755 589 2914 659 πίητε
2949 589 3110 642 αὑτοῦ
3138 589 3201 643 τὸ
3228 587 3390 660 αἷμα,
3443 591 3543 643 οὐκ
3598 591 3747 660 ἔχετε

2174 678 2318 749 ζωὴν
2351 681 2409 732 ὲν
2430 680 2632 742 αὐτοῖς.
2665 682 2731 733 '0
2751 681 2978 751 τρώγων
3015 699 3116 751 μου
3144 682 3243 752 τὴν
3294 683 3493 751 σάρκα,
3526 683 3621 735 καὶ
3661 684 3748 734 πί-

2173 787 2279 822 νων
2306 787 2408 840 μου
2433 770 2494 823 τὸ
2527 766 2686 839 αἷμα,
2706 770 2817 840 ἔχει
2843 771 2987 841 ζωὴν
3012 771 3248 827 αἰώνιον⁸
3274 772 3431 839 κάγὼ
3459 773 3749 842 ἀναστήσω

2173 862 2335 915 αὑτὸν
2363 863 2421 915 ὲν
2471 864 2537 933 τῇ
2591 862 2792 934 ἐσχάτῃ
2842 864 3088 933 ἡμέρᾳ.»
3135 864 3375 927 Ἀκούεις
3413 863 3513 933 ήδη
3564 862 3749 917 λοιπὸν

2174 952 2420 1023 ἐναργῶς
2443 952 2741 1015 διειπόντος
2796 952 2982 1020 αὑτοῦ,
3011 954 3088 1017 ὡς
3126 953 3194 1008 ἄν
3227 953 3302 1025 μὴ
3349 953 3615 1023 φάγωμεν
3651 954 3748 1024 τήν

2177 1040 2355 1112 σάρκα
2378 1041 2565 1103 αὑτοῦ,
2615 1041 2710 1095 καὶ
2768 1043 2982 1112 πίωμεν
3035 1044 3097 1095 τὸ
3127 1038 3286 1112 αἷμα,
3321 1043 3422 1095 οὐκ
3470 1043 3666 1112 ἔχομεν
3691 1044 3749 1097 ὲν

2176 1131 2407 1194 ἑαυτοῖς,
2435 1130 2577 1184 τοῦτ’
2606 1130 2770 1191 ἔστιν,
2809 1134 2865 1183 ὲν
2905 1134 2968 1202 τῇ
3018 1132 3123 1202 ίδίᾳ
3157 1132 3317 1201 σαρκὶ
3334 1132 3476 1201 ζωὴν
3497 1131 3747 1200 ultimm;

2174 1219 2411 1290 Νοηθείη
2434 1220 2477 1272 δ’
2515 1220 2580 1274 ἂν
2602 1222 2635 1290 ἠ
2668 1220 2885 1284 αἰώνιος
2915 1219 3063 1291 ζωὴ,
3120 1223 3213 1273 καὶ
3249 1221 3393 1290 μάλα
3438 1220 3685 1283 δικαίως,
3710 1224 3743 1291 ή

2178 1310 2314 1381 σὰρξ
2339 1312 2439 1380 τῆς
2467 1311 2636 1381 ζωῆς,
2688 1312 2832 1365 τοῦτ’
2862 1311 2999 1374 ἔστι,
3048 1312 3142 1364 τοῦ
3198 1312 3556 1379 Μονογενοῦς.
3601 1310 3748 1381 Αὕτη

2174 1400 2231 1452 δὲ
2262 1402 2406 1470 ήμᾶς
2432 1402 2709 1472 ἀνίστησιν
2754 1404 2810 1453 ὲν
2845 1404 2909 1472 τῇ
2941 1402 3148 1471 ἐσχάτῃ
3197 1403 3401 1473 ἡμέρα,
3436 1401 3554 1464 πῶς
3577 1401 3609 1471 ἢ
3631 1402 3750 1453 τίνα

2176 1492 2375 1562 τρόπον
2430 1491 2638 1563 ἀκούσῃ
2672 1493 2770 1562 μὲν
2804 1493 2866 1563 δή
2907 1510 3008 1545 που
3064 1494 3311 1558 πάντως,
3346 1491 3457 1557 ἐγὼ
3486 1492 3545 1545 δὲ
3577 1495 3751 1545 εἰπεῖν

2176 1581 2275 1633 οὐκ
2300 1582 2532 1650 ὀκνήσω.
2570 1582 2787 1652 Ἐπειδὴ
2841 1582 2948 1653 γὰρ
3003 1581 3139 1653 σάρξ
3182 1582 3397 1648 ἐγένετο
3425 1580 3527 1651 τῆς
3568 1580 3748 1651 ζωῆς»

2175 1670 2317 1725 τοῦτ’
2346 1671 2481 1736 ἔστι,
2511 1672 2607 1725 τοῦ
2637 1674 2702 1727 ἐκ
2736 1672 2874 1726 Θεοῦ
2926 1674 3022 1727 καὶ
3079 1675 3293 1743 Πατρὸς
3336 1672 3750 1742 ἀναλάμψαντος

2176 1761 2371 1828 Λόγου,
2407 1762 2544 1832 πρὸς
2570 1762 2668 1832 τὴν
2698 1763 2798 1831 τῆς
2834 1762 2979 1834 ζωῆς
3003 1762 3355 1833 μετεχώρησε
3384 1763 3635 1834 δύναμιν,
3655 1764 3748 1817 καὶ

505 1847 601 1900 sed
629 1849 1038 1917 corruptionem
1066 1850 1255 1920 utique
1286 1850 1589 1920 superabit,
1622 1864 1747 1903 cum
1775 1864 1838 1904 ea
1859 1864 1979 1919 qua:
2005 1864 2071 1904 ex

2179 1852 2288 1905 ἔστι
2310 1851 2420 1906 τῶν
2445 1853 2741 1923 ἀμηχάνων
2765 1852 2977 1922 θανάτῳ
3004 1853 3259 1906 νικᾶσθαι
3284 1853 3383 1922 τὴν
3414 1852 3583 1922 ζωήν.
3609 1854 3747 1906 Οὐκ⁶

505 1926 863 2007 corruptione
895 1950 1117 1995 manent
1156 1943 1430 1997 sustinere
1460 1941 1689 1996 nesciat.
1725 1959 1744 1991 ι
1783 1938 1893 1994 Nec
1928 1940 2073 1995 enim

502 2029 785 2098 corruptio
805 2030 1230 2101 incorruptelam
1252 2032 1573 2101 possidebit,
1590 2051 1607 2083 ι
1631 2032 1787 2101 juxta
1807 2030 1959 2084 Pauli
1982 2047 2076 2085 vo-

502 2133 622 2174 cem
645 2119 713 2175 ’.'.
731 2117 866 2174 Nam
897 2136 1021 2177 cum
1044 2122 1298 2178 Christus
1321 2123 1669 2193 potissimum
1696 2120 1877 2177 dicat:
1909 2141 1928 2173 ι
1964 2120 2076 2193 Ego

500 2209 784 2264 suscitabo
808 2225 958 2276 eum,
996 2230 1015 2263 ι
1046 2226 1394 2282 nequaquam
1435 2213 1503 2267 ad
1540 2227 1764 2267 carnem
1802 2226 1959 2266 suam
1987 2227 2075 2266 re-

502 2300 611 2354 fert
636 2307 883 2356 mortuos
911 2301 1217 2357 suscitandi
1243 2312 1587 2373 potestatem.
1610 2303 1715 2359 Sed
1746 2318 1873 2359 eum
1904 2319 2075 2357 unum

501 2390 576 2444 sit
611 2406 735 2444 cum
770 2406 936 2447 carne
965 2407 1064 2447 sua
1097 2393 1191 2462 qui
1224 2394 1281 2446 in
1306 2408 1369 2447 ea
1401 2401 1485 2449 est
1530 2393 1673 2449 Deus
1711 2392 1980 2457 Verbum,
2011 2394 2077 2447 il-

503 2480 597 2536 lud
626 2497 719 2550 ego
754 2483 854 2545 ait,
887 2482 1052 2552 idque
1094 2484 1427 2539 rectissime.
1481 2483 1595 2541 Nec
1642 2485 1786 2539 enim
1823 2485 2076 2539 Christus

500 2568 561 2623 iu
596 2570 735 2624 duos
766 2571 905 2625 ﬁlios
930 2573 1220 2638 scinditur,
1258 2588 1358 2627 nec
1382 2574 1618 2628 alienum
1653 2589 1777 2629 esse
1814 2576 1882 2628 ab
1938 2575 2078 2630 Uni-

507 2659 693 2729 genito
731 2674 931 2731 corpus
972 2663 1091 2731 ejus
1140 2664 1431 2733 quisquam
1474 2666 1769 2733 putaverit,
1809 2665 2077 2735 quemad-

505 2749 728 2803 modum
777 2766 970 2819 nempe
1006 2759 1061 2806 et
1104 2767 1134 2805 a
1189 2763 1374 2819 nostra
1409 2753 1593 2807 anima
1624 2768 1804 2816 nemo,
1837 2762 1897 2807 ut
1929 2769 2077 2817 reor,

509 2842 750 2895 alienum
784 2855 985 2910 corpus
1021 2843 1141 2912 ejus
1168 2859 1291 2899 esse
1325 2844 1485 2899 dicet.
1516 2843 1654 2897 Cum
1690 2845 1856 2914 igitur
1892 2861 1958 2900 ex
1995 2847 2079 2900 his

510 2930 950 2985 demonstratum
990 2932 1150 2985 nobis
1195 2932 1268 2987 sit
1324 2932 1488 2986 vitem
1525 2931 1743 2999 quidem
1789 2932 1957 3003 864
1998 2934 2079 2988 id-

510 3024 659 3076 circo
682 3022 967 3077 Christum
1008 3038 1154 3084 esse,
1181 3039 1283 3078 nos
1312 3039 1442 3077 vero
1470 3025 1743 3094 palmites,
1776 3033 1961 3093 utpote
1986 3024 2076 3093 qui

511 3116 632 3184 ejus
659 3114 1066 3185 participationi
1096 3131 1206 3169 non
1237 3115 1472 3184 spiritali
1510 3115 1855 3178 tantum,sed
1882 3124 1935 3170 et
1961 3131 2080 3169 cor-

509 3208 685 3277 porali
718 3208 1081 3272 adhmremus,
1118 3207 1252 3277 quid
1292 3209 1344 3261 in
1375 3222 1475 3263 nos
1522 3206 1722 3262 frustra
1754 3207 2079 3272 deblaterat,

509 3299 701 3353 dicens
733 3314 800 3353 ex
832 3313 898 3353 eo
923 3299 1068 3368 quod
1100 3314 1206 3353 non
1238 3298 1622 3367 corporaliter,
1650 3296 1747 3352 sed
1779 3296 1882 3351 fide
1904 3298 2085 3367 potius

509 3396 567 3441 et
600 3388 791 3442 :iliectu
847 3389 1101 3458 legitima:
1134 3387 1427 3442 charitatis
1459 3387 1506 3441 ei
1559 3386 1924 3448 adbaeremus,
1960 3402 2083 3441 car-

512 3492 637 3532 nem
687 3495 839 3533 suam
884 3479 1093 3534 idcirco
1124 3480 1288 3534 vitem
1334 3493 1444 3533 non
1482 3479 1820 3544 nominasse,
1863 3479 1958 3533 sed
1991 3494 2088 3548 po-

514 3569 625 3624 tius
659 3570 949 3625 deitatem?

2175 1943 2268 1996 οὖν
2304 1944 2535 2013 ἐπείπερ
2564 1945 2620 1996 ὲν
2653 1944 2783 2014 ήμῖν
2812 1943 3033 2011 γέγονεν
3065 1946 3096 2014 ή
3128 1944 3240 2012 ζωὴ
3262 1984 3275 2005 ,
3313 1944 3423 1996 τῶν
3470 1944 3564 1997 τοῦ
3597 1944 3749 1998 θανά-

2172 2049 2267 2084 του
2287 2031 2502 2102 δεσμῶν
2532 2032 2634 2085 οὐκ
2689 2032 2978 2097 ἀνέξεται,
3042 2034 3253 2102 νικήσει
3299 2032 3357 2086 δὲ
3394 2034 3615 2095 πάντως
3654 2033 3748 2102 τὴν

2176 2120 2403 2191 φθορὰν,
2445 2122 2677 2193 ἐπείπερ
2707 2123 2807 2175 οὐκ
2844 2117 2956 2175 οἶδε
3016 2122 3084 2176 τὰ
3130 2124 3189 2187 ἐξ
3241 2122 3410 2192 αὐτῆς
3433 2122 3742 2190 ὑπομένειν.

2182 2229 2200 2261 ι
2241 2212 2316 2264 Οὐ
2341 2212 2448 2281 γὰρ
2472 2214 2504 2283 ή
2528 2213 2705 2282 φθορὰ
2729 2215 2829 2282 τὴν
2860 2214 3168 2283 ἀφθαρσίαν
3206 2213 3552 2283 κληρονομεῖ,
3574 2231 3594 2263 ι
3613 2212 3746 2267 κατά

2174 2303 2273 2373 τὴν
2310 2302 2406 2356 τοῦ
2441 2303 2654 2357 Παύλου
2704 2306 2910 2374 φωνήν.
2972 2305 3035 2356 El.
3073 2303 3181 2373 γὰρ
3223 2305 3318 2356 καὶ
3372 2304 3454 2356 ὅτι
3516 2304 3746 2372 μάλιστα

2175 2394 2429 2465 Χριστὸς,
2472 2414 2490 2445 r
2540 2395 2703 2463 Ἐγὼ,
2756 2396 2941 2466 φησιν,
2980 2397 3269 2465 ἀναστήσω
3320 2395 3513 2458 αὐτὸν,
3555 2413 3575 2446 ι
3633 2395 3744 2463 οὐχὶ

2180 2487 2314 2556 μόνῃ
2330 2488 2395 2556 τῇ
2426 2485 2534 2557 ἰδίᾳ
2554 2485 2896 2559 περιτέθεικε
2928 2487 3089 2556 σαρκὶ
3116 2486 3178 2539 τὸ
3198 2485 3460 2540 δύνασθαι
3475 2487 3748 2556 διανιστᾷν

2175 2577 2301 2638 τοὺς
2339 2576 2792 2646 κεκοιμημένους,
2810 2576 2925 2628 ἀλλ’
2948 2575 3005 2629 ἓν
3040 2576 3301 2645 ὑπάρχων
3330 2574 3471 2642 μετά
3495 2575 3597 2644 τῆς
3620 2574 3747 2637 ιδίας

2179 2664 2377 2734 σαρκὸς
2399 2666 2428 2716 ὁ
2464 2667 2521 2717 ὲν
2549 2666 2685 2734 αὐτῇ
2717 2665 2848 2727 Θεὸς
2873 2665 3059 2731 Λόγος,
3086 2663 3148 2717 τὸ
3179 2663 3294 2732 ἐγὼ
3328 2664 3481 2732 φησὶ,
3519 2664 3613 2715 καὶ
3633 2663 3747 2716 λίαν

2178 2753 2371 2823 ὀρθῶς.
2409 2755 2484 2806 Οὐ
2513 2755 2620 2824 γὰρ
2658 2757 2737 2817 είς
2784 2754 2915 2807 υἱῶν
2969 2755 3137 2807 δυάδα
3181 2753 3437 2822 τέμνεται
3483 2752 3743 2822 Χριστὸς,

2178 2842 2302 2897 οὔτε
2328 2844 2432 2914 μὴν
2461 2844 2739 2915 ἀλλότριον
2762 2844 2855 2896 τοῦ
2891 2844 3228 2912 Μονογενοῦς
3256 2845 3552 2913 ὑπονοῆσαι
3577 2860 3662 2905 τις
3688 2842 3747 2895 ἂν

2180 2933 2239 2986 τὸ
2267 2932 2425 3002 σῶμα
2460 2933 2645 2993 αὐτοῦ,
2671 2933 2858 3003 ὥσπερ
2880 2929 2972 2986 οὖν
3001 2932 3323 3001 ἀμέλει,καὶ
3356 2931 3452 2999 τῆς
3481 2929 3747 3000 ἡμετέρας

2179 3024 2373 3094 ψυχῆς,
2391 3025 2491 3077 οὐκ
2514 3024 2599 3088 ἂν,
2623 3018 2799 3093 οἶμαι,
2816 3025 2899 3086 τὶς
2924 3023 3198 3092 ἀλλότριον
3230 3023 3491 3091 προσερεῖ
3511 3020 3571 3071 τὸ
3598 3018 3750 3087 σῶμα

2182 3112 2371 3180 αὐτῆς.
2408 3112 2537 3165 Ὅτε
2570 3112 2766 3177 τοίνυν,
2800 3113 2893 3165 καὶ
2928 3110 3016 3165 διὰ
3049 3110 3252 3164 τούτων
3281 3111 3413 3180 ἡμῖν
3444 3108 3752 3174 ἀναπέφαν-

2181 3221 2271 3259 ται
2305 3204 2412 3256 τῶν
2455 3204 2846 3275 θεωρημάτων,
2879 3202 3119 3272 ἄμπελος
3176 3200 3273 3271 μὲν
3327 3199 3592 3267 ὑπάρχων
3618 3197 3751 3250 κατά

2182 3298 2337 3353 τοῦτο
2400 3301 2654 3370 Χριστὸς,
2690 3300 2948 3371 κλήματα
2979 3300 3034 3353 δὲ
3082 3303 3262 3369 ἡμεῖς,
3300 3299 3396 3351 ἆτε
3441 3298 3505 3367 δὴ
3540 3297 3751 3366 καὶτῆς

2183 3390 2318 3460 πρὸς
2357 3390 2518 3444 αὐτὸν
2552 3391 2801 3460 ἐχόμενοι
2858 3390 3176 3456 κοινωνίας,
3220 3392 3343 3460 οὐχὶ
3376 3390 3538 3459 μόνον
3593 3406 3753 3441 πνευ-

2185 3482 2440 3552 ματικῆς,
2483 3483 2616 3536 ἀλλὰ
2640 3485 2734 3536 καί
2757 3483 3092 3553 σωματικῆςσ
3120 3481 3176 3536 τί
3206 3482 3381 3553 μάτην
3402 3486 3433 3550 ἠ
3443 3481 3560 3548 μῶν
3594 3498 3754 3534 κατα-⁹

2185 3572 2432 3640 φλυαρεῖ,
2473 3572 2645 3641 λέγων
2666 3574 2741 3637 ὡς
2765 3575 2998 3644 ἐπείπερ
3035 3573 3095 3626 οὐ
3151 3574 3477 3642 σωματικῶς
3499 3573 3598 3641 τῆς
3625 3571 3755 3642 πρὸς

512 3661 674 3715 αὺτὸν
709 3663 990 3726 κοινωνίας
1046 3664 1355 3735 ὲξήμμεθα,
1405 3665 1586 3717 πίστει
1638 3664 1694 3717 δὲ
1730 3664 1949 3734 μᾶλλον,
1986 3666 2080 3719 καὶ
2118 3666 2353 3720 διαθέσει
2378 3668 2475 3738 τῆς
2502 3667 2644 3722 κατά
2676 3668 2764 3722 τὸν
2790 3669 2950 3739 νόμον
2978 3667 3217 3738 ἀγάπης,
3252 3667 3314 3720 οὐ
3381 3666 3479 3737 τήν
3546 3668 3754 3736 σάρκα,

514 3753 711 3823 φησὶν,
762 3754 858 3825 τὴν
892 3755 1026 3808 ἰδίαν
1066 3755 1306 3826 ἄμπελον
1332 3757 1611 3828 ὠνόμασε,
1651 3757 1851 3826 μᾶλλον
1895 3757 1952 3809 δὲ
1982 3757 2079 3827 τὴν
2120 3757 2371 3827 θεότητα.

586 3847 655 3899 At
689 3863 787 3900 cur
820 3847 1060 3912 tandem,
1110 3846 1591 3920 inquiefaliquis,
1643 3851 2077 3905 convenientiori

2257 3855 2450 3907 Καίτοι
2476 3853 2528 3906 τί
2556 3853 2619 3923 δή
2650 3869 2801 3916 ποτε,
2838 3851 2971 3923 φαίη
3022 3868 3105 3915 τις
3130 3850 3216 3912 ἂν,
3264 3849 3355 3902 τὸν
3386 3848 3760 3920 πρεπωδέστε-

515 3946 573 3992 ct
618 3939 791 4007 magis
836 3939 1060 4007 proprio
1097 3955 1259 3995 sensu
1296 3942 1509 4005 relicto,
1540 3941 1605 3995 ad
1645 3942 1805 4009 longe
1832 3941 2077 3996 dissitum

2189 3941 2281 4010 ρόν
2308 3959 2370 3994 τε
2405 3942 2497 3995 καὶ
2525 3940 2849 4011 οἰκειότερον
2882 3941 2994 4001 τοῖς
3019 3937 3336 4007 θεωρήμασι
3353 3934 3553 4005 τρόπον
3582 3932 3757 4019 ἀφεὶς,

515 4038 571 4082 et
619 4028 859 4082 alienum
893 4037 944 4083 te
990 4028 1208 4085 confers
1236 4031 1259 4082 ’ἒ
1288 4030 1565 4100 Numquid
1602 4030 1749 4086 enim
1781 4046 2077 4101 congruen-

2188 4032 2280 4083 ἐπὶ
2303 4032 2363 4084 τὸ
2404 4030 2538 4083 πολὺ
2587 4028 2940 4101 διωρισμένον
2965 4026 3195 4097 indm;
3232 4026 3303 4078 Ἢ
3346 4026 3454 4093 γὰρ
3483 4024 3609 4093 οὐχὶ
3632 4039 3759 4091 πρε-

518 4119 632 4172 tius
679 4119 843 4172 etiam
896 4120 1196 4173 secundum
1230 4121 1413 4175 carnis
1440 4121 1886 4176 communionem
1923 4123 2077 4177 vitem

2189 4122 2548 4191 πωδέστερον,
2584 4121 2678 4174 καὶ
2735 4120 2876 4173 κατὰ
2899 4120 3000 4193 τήν
3052 4118 3151 4186 τῆς
3200 4115 3400 4187 σαρκὸς
3438 4111 3756 4177 κοινωνίαν,

516 4209 739 4279 quidem
770 4225 894 4265 esse
923 4210 1171 4266 dicemus
1200 4209 1413 4273 Jesum,
1442 4225 1543 4265 nos
1588 4221 1769 4264 autent
1813 4213 2077 4280 palmites,

2188 4212 2431 4282 ἄμπελον
2462 4213 2559 4281 μὲν
2584 4206 2725 4265 εἶναι
2782 4211 3023 4280 δώσομεν
3049 4209 3139 4262 τὸν
3173 4206 3403 4278 Ἰησοῦν,
3444 4205 3672 4265 ἑαυτοὺς
3706 4201 3760 4255 δὲ

514 4319 581 4358 ex
609 4317 675 4356 eo
706 4302 850 4372 quod
881 4302 1124 4370 ejusdem
1151 4311 1362 4356 naturae
1394 4302 1629 4356 sumus?
1655 4300 1914 4371 Ejusdem
1944 4304 2077 4357 enin

2192 4303 2463 4373 κλήματα,
2492 4303 2581 4357 διὰ
2618 4304 2677 4355 τὸ
2702 4302 2977 4372 ὁμοφυές;
3011 4300 3262 4369 Ὀμοφυῆ
3292 4297 3401 4368 γὰρ
3433 4298 3501 4366 τῇ
3537 4294 3760 4364 ἀμπέλῳ

517 4398 649 4446 sunt
693 4405 817 4445 cum
866 4391 975 4447 vite
1017 4400 1226 4446 natura:
1270 4406 1392 4461 quae
1432 4398 1561 4446 sunt
1607 4406 1673 4445 ex
1734 4392 1873 4461 ipsa.
1915 4393 2077 4461 Atqui

2192 4393 2259 4445 τὰ
2281 4393 2338 4455 ἐξ
2366 4394 2553 4462 αὐτῆς.
2583 4393 2692 4445 Καὶ
2740 4392 2915 4445 ταῦτά
2968 4407 3169 4459 φαμεν,
3228 4390 3329 4440 οὐκ
3361 4385 3759 4456 ἐπιχειροῦντες

518 4485 634 4536 haec
678 4482 938 4546 dicimus,
965 4497 1077 4536 non
1107 4482 1253 4552 quod
1288 4497 1486 4553 negare
1511 4483 1742 4537 velimus
1786 4497 1948 4551 posse
1990 4498 2077 4537 nos

2193 4484 2437 4554 ἀναιρεῖν
2476 4485 2534 4535 τὸ
2562 4482 2913 4535 συνενοῦσθαι
2973 4480 3235 4533 δύνασθαι
3270 4478 3348 4547 τῷ
3380 4476 3626 4547 Χριστῷ,
3677 4474 3762 4527 διά

516 4574 740 4629 Christo
794 4573 938 4628 uniri
999 4539 1387 4642 per-recten:
1438 4572 1596 4626 fidem
1655 4539 2077 4643 cbaritatemquc

2192 4589 2250 4623 τε
2293 4539 2527 4634 πίστεως
2571 4571 2756 4641 ὀρθῆς,
2820 4571 2915 4625 καὶ
2965 4570 3185 4637 ἀγάπης
3238 4539 3590 4638 εἰλικρινοῦς,
3636 4566 3762 4618 ἀπο-

518 4668 835 4731 sinceram,
888 4665 982 4722 sed
1035 4667 1392 4720 ostendentes
1452 4665 1633 4733 potius
1689 4664 1973 4719 Christum
2039 4674 2092 4719 et

517 4756 839 4824 spiritaliter
872 4763 926 4809 et
953 4755 1319 4823 corporaliter
1356 4753 1579 4823 quidem
1608 4754 1772 4807 vitem
1801 4769 1947 4819 esse,
1988 4772 2090 4809 nos

514 4861 646 4900 vero
671 4845 946 4915 palmites.
981 4845 1144 4913 Atqui
1180 4844 1407 4912 simplex
1445 4850 1497 4895 et
1525 4842 1855 4912 perspicuus
1892 4854 1975 4899 est
2000 4845 2090 4899 ille

516 4952 703 4993 sermo
742 4936 1029 5001 veritatis;
1079 4937 1173 4990 sed
1206 4936 1354 4990 vafre
1392 4944 1445 4990 et
1479 4935 1705 4990 subdole
1735 4936 2088 4993 adversarius

518 5029 679 5085 fateri
730 5036 951 5085 recusat
1000 5029 1282 5083 Christum
1329 5026 1691 5096 corporaliter
1740 5028 1904 5082 vitem
1948 5043 2091 5090 esse,

515 5123 612 5195 qui
644 5137 801 5178 suam
827 5120 1171 5191 palmitibus,
1198 5119 1250 5175 id
1280 5126 1365 5173 est
1397 5118 1580 5181 nobis,
1607 5118 1773 5171 vitam
1803 5118 2092 5188 largiatur,

517 5214 682 5270 sicuti
718 5214 837 5268 suis
884 5211 1204 5282 palmitibus
1236 5208 1518 5264 sensibilis
1567 5222 1632 5263 ac
1670 5215 1890 5264 terrena
1946 5210 2091 5275 vitis,

2186 4662 2490 4725 δεικνύντες
2513 4662 2570 4715 δὲ
2598 4662 2794 4731 μᾶλλον
2824 4663 2903 4714 ὅτι
2926 4662 3019 4713 καὶ
3044 4659 3428 4729 πνευματικῶς
3453 4658 3551 4710 καὶ
3584 4671 3763 4725 σωμα-

2185 4753 2373 4817 τικῶς,
2400 4752 2643 4822 ἄμπελος
2704 4754 2799 4822 μὲν
2842 4753 2870 4803 ὁ
2902 4753 3136 4821 Χριστὸς
3157 4793 3171 4814 ,
3210 4750 3465 4820 κλήματα
3491 4748 3548 4801 δὲ
3582 4747 3758 4817 ἡμεῖς.

2199 4844 2358 4897 Ἀλλά
2385 4844 2491 4913 γὰρ
2519 4847 2547 4897 ὁ
2574 4844 2669 4913 μὲν
2707 4844 2805 4912 τῆς
2832 4843 3091 4912 ἀληθείας
3118 4842 3274 4910 λόγος
3293 4840 3496 4901 ἁπλοῦς
3528 4837 3623 4891 καὶ
3651 4838 3763 4888 δια-

2187 4935 2381 5006 φανὴς,
2417 4936 2740 5005 πανούργως
2771 4936 2827 4989 δὲ
2849 4938 2876 4989 ὁ
2904 4936 2970 4988 δι’
2999 4934 3243 4997 ἐναντίας
3285 4933 3635 5003 παραιτεῖται
3666 4927 3760 4996 μὲν

2189 5025 2490 5093 ὁμολογεῖν,
2533 5026 2613 5078 ὅτι
2662 5027 2756 5078 καὶ
2824 5024 3150 5095 σωματικῶς
3198 5022 3443 5091 ἄμπελος
3476 5016 3544 5090 ἦν
3573 5022 3600 5072 ὁ
3630 5019 3760 5087 Χρι-

2194 5116 2335 5180 στὸς,
2376 5117 2469 5170 ἆτε
2493 5116 2554 5185 δὴ
2580 5118 2672 5169 καὶ
2710 5116 2806 5185 τὴν
2846 5116 2980 5169 ἰδίαν
3002 5119 3111 5178 τοῖς
3147 5114 3410 5183 κλήμασι,
3442 5109 3586 5163 τοῦτ’
3601 5107 3763 5168 ἔστιν,

2192 5211 2321 5278 ἡμῖν
2360 5209 2719 5279 χαριζόμενος
2757 5209 2924 5279 ζωήψ
2964 5206 3212 5277 καθάπερ
3249 5200 3343 5256 οὖν
3380 5204 3492 5263 τοῖς
3516 5202 3759 5269 ὲμπεφδο

518 5307 613 5361 sed
639 5306 839 5360 horum
878 5305 1174 5359 verborum
1206 5314 1430 5355 sensum
1462 5298 1755 5368 detorquet
1802 5300 1869 5354 ad
1918 5300 2077 5355 solan

2192 5302 2344 5356 κόσιν
2374 5304 2509 5373 αὐτῇ
2568 5302 2839 5373 κλήμασιν
2880 5303 2912 5371 ἡ
2940 5299 3169 5368 αἰσθητή
3203 5313 3262 5349 τε
3295 5294 3389 5347 καὶ
3420 5292 3514 5345 ἐπὶ
3538 5291 3643 5360 γῆς
3662 5289 3764 5357 ἄμ·

518 5396 638 5462 ejus
685 5395 967 5450 deitatem.
1018 5392 1149 5447 Eam
1204 5391 1403 5460 quippe
1451 5390 1531 5445 sic
1566 5389 1892 5444 calumniari
1928 5406 2077 5460 posse

2197 5394 2379 5456 πελος,
2413 5393 2730 5464 περιτρέπει
2755 5392 2813 5445 δὲ
2843 5391 2935 5445 καὶ
2971 5391 3211 5459 βιάζεται
3244 5386 3341 5455 τὴν
3381 5381 3473 5437 τοῦ
3502 5382 3763 5451 νοήματος

522 5502 716 5541 rursus
743 5486 978 5555 putavit,
1014 5485 1145 5539 illud
1176 5483 1340 5538 stulte
1364 5481 1631 5551 objicieus
1657 5498 1669 5535 :
1708 5500 1727 5532 ‹
1760 5480 1816 5535 Si
1844 5482 1972 5537 vitis
2005 5491 2077 5538 csl

2197 5483 2443 5554 δύναμιν,
2488 5485 2580 5538 ἐπὶ
2628 5484 2795 5554 μόνην
2849 5480 3012 5537 αὑτοῦ
3063 5481 3162 5549 τὴν
3212 5478 3461 5545 θεότητα.
3501 5469 3763 5525 Δύνασθαι

524 5578 716 5643 Filius,
745 5577 945 5646 inquit,
982 5575 1139 5629 Pater
1170 5585 1348 5630 autem
1391 5574 1655 5644 agricola,
1689 5589 1880 5629 rursus
1908 5585 2077 5629 autem

2200 5577 2309 5646 γὰρ
2342 5575 2484 5635 οὕτω
2514 5578 2864 5645 συκοφαντεῖν
2894 5574 3060 5644 αὐτὴν
3101 5571 3255 5642 ᾠήθη
3282 5568 3345 5638 δὴ
3385 5566 3566 5633 πάλιν,
3598 5562 3765 5616 ἐκεῖνο

596 5756 640 5787 ’⁸
678 5755 837 5810 Ιςιοιι.
879 5771 966 5819 vt,
1009 5756 1071 5809 5i
1099 5795 1111 5819 ,
1153 5755 1234 5807 hij.
1315 5756 1354 5786 95
1398 5753 1411 5806 Ι
1447 5754 1570 5808 (Zur.
1613 5772 1715 5820 xx,
1759 5753 1844 5805 ἶιθ.
