4024 6262
337 394 445 449 545

1367 389 1433 444 IN
1471 389 1758 446 JOANNIS
1792 390 2241 449 EVANGELIUM
2285 394 2412 450 LIB.
2461 393 2532 450 Χ.

3481 395 3587 451 546

342 506 645 580 προτείνων
661 503 905 575 ἀμαθῶς.
931 519 950 554 ι
976 503 1039 556 Ei
1056 502 1163 574 7&9
1175 501 1418 572 ἄμπελος
1439 505 1538 573 μὲν
1552 504 1699 581 ξστιν
1717 505 1746 557 ό
1768 504 1910 569 Υἱὸς,

2020 506 2248 562 alterius
2306 515 2515 560 natura:
2561 502 2730 557 Filius
2782 501 2944 556 sicuti
2999 502 3124 556 vilis
3168 516 3291 556 eum
3342 507 3584 574 agricola

344 600 503 669 φησὶ,
542 595 864 667 γεωργὸςδὲ
914 596 943 648 ό
984 592 1194 664 Πατὴρ,
1242 594 1543 667 έτεροφυὴς
1585 596 1643 650 δὲ
1693 595 1854 649 πάλιν
1884 596 1914 648 ό

342 690 495 754 Υίδς,
515 690 589 753 ὠς
613 688 749 758 πρὸς
769 688 870 758 τὴν
892 686 1157 757 ἄμπελον,
1205 686 1304 756 οὐχ
1348 686 1634 755 ὁμοούσιος
1656 687 1808 740 ἔσται
1835 685 1914 756 τῷ

341 779 568 847 Πατρὶὸ
593 777 740 843 Υἱὸς,
765 776 920 847 φησί.
949 796 969 829 ι
1007 776 1119 830 Καὶ
1153 774 1287 845 βαθὺ
1323 775 1421 845 μέν
1457 791 1540 829 τοι
1573 774 1670 829 καὶ
1697 776 1912 847 πικρὸν,

339 872 436 924 καὶ
465 868 728 939 θεώρημα
748 868 1189 939 δυσανάτρεπτον
1219 867 1548 937 ἐπιτειχίσαι
1576 866 1785 938 νομίζει
1804 869 1914 930 τοῖς

338 962 438 1031 τῆς
476 960 804 1032 Ἐκκλησίας
835 960 1120 1028 δόγμασιν,
1149 959 1420 1014 ἁλώσεται
1480 959 1537 1012 δὲ
1569 959 1723 1012 οὐδὲν
1754 954 1915 1030 ἦττον

336 1052 637 1106 κάντεῦθεν
664 1052 867 1124 ληρῶν.
915 1052 1139 1122 Πρῶτον
1193 1052 1291 1121 μὲν
1325 1052 1434 1122 γὰρ
1482 1051 1741 1121 ἀλλογενῆ
1775 1051 1916 1105 κατὰ

339 1141 503 1210 φύσιν
558 1142 1036 1211 διαϐεϐαιούμενος
1076 1138 1216 1194 εἶναι
1247 1142 1340 1195 τὸν
1375 1142 1523 1205 Υἱὺν,
1570 1141 1793 1211 καὶτῆς
1820 1142 1915 1194 τοῦ

338 1234 589 1295 τεκόντος
619 1233 804 1296 οὐσίας
830 1232 934 1297 ἔξω
952 1232 1140 1297 τιθεὶς,
1165 1233 1281 1295 πῶς
1302 1233 1366 1285 ἂν
1386 1232 1465 1285 ἐτι
1488 1233 1703 1303 Πατέρα
1723 1233 1914 1305 καλοίη

340 1326 432 1378 τὸν
469 1326 620 1387 Θεὸν,
661 1325 788 1379 Υίδν
806 1325 861 1378 δὲ
887 1326 1025 1389 ὅλως
1079 1324 1171 1379 τὸν
1200 1325 1325 1378 Υἱόν
1352 1342 1366 1390 ;
1401 1325 1464 1378 Et
1493 1324 1601 1395 7&9
1629 1324 1702 1396 μή
1722 1341 1914 1394 γεγεν-

341 1417 536 1487 νῆσθαι
573 1418 737 1486 φησὶν
783 1415 969 1478 αὐτὸν,
1024 1414 1168 1468 τοῦτ’
1204 1414 1342 1477 ἔστι,
1378 1414 1663 1485 προελθεῖν
1702 1416 1768 1467 ἐκ
1815 1415 1916 1483 τῆς

338 1506 528 1569 οὐσίας
556 1506 648 1559 τοῦ
673 1506 903 1576 Πατρὸς,
929 1506 1179 1576 καθάπερ
1215 1506 1309 1558 καὶ
1328 1506 1386 1571 ἐξ
1418 1505 1741 1576 ἀνθρώπων,
1764 1506 1829 1558 τὰ
1859 1506 1917 1569 ἐξ

340 1598 524 1651 αὐτῶν
551 1599 886 1667 γεννήματα.
918 1598 1036 1661 πῶς
1073 1599 1141 1651 ἂν
1179 1598 1265 1668 sit;
1299 1597 1439 1651 κατά
1466 1598 1722 1667 ἀλήθειαν
1752 1597 1913 1664 Υίός;

340 1687 480 1742 Εἶτα
511 1688 627 1751 πῶς
643 1690 733 1741 τὸν
768 1688 1034 1760 μακάριον
1070 1688 1322 1757 Ἰωάννην
1342 1688 1639 1758 ἀποστήσει
1665 1687 1911 1753 λέγοντα”

342 1801 363 1833 ι
414 1781 474 1833 ’0
495 1780 823 1850 ἀρνούμενος
851 1780 939 1831 τὸν
961 1779 1107 1835 Υἱδν.
1133 1780 1224 1832 καὶ
1250 1779 1339 1832 τὸν
1355 1780 1576 1849 Πατέρα
1594 1780 1911 1849 ἀρνήσεται·

333 1876 364 1925 ό
417 1871 699 1940 ὁμολογῶν
725 1872 817 1923 τὸν
854 1870 1000 1932 Υἱὸν,
1029 1870 1279 1939 ὁμολογεῖ
1333 1870 1428 1924 καὶ
1481 1871 1572 1923 τὸν
1605 1870 1850 1942 Πατέρας
1883 1888 1902 1920 ι

336 1964 450 2015 Καὶ
479 1961 685 2032 ἀληθὴς
703 1963 733 2013 ό
758 1961 935 2028 λόγος.
964 1960 1051 2012 Ἐν
1074 1961 1181 2031 7&9
1199 1960 1274 2029 τῷ
1299 1960 1469 2029 ἑτέρῳ
1501 1964 1907 2030 συναναιρεῖται

338 2055 557 2115 πάντως
587 2053 681 2105 καὶ
714 2052 1105 2121 συνυφίσταται
1149 2051 1215 2104 τὸ
1242 2050 1451 2122 ἕτερον.
1483 2052 1558 2105 Οὐ
1594 2052 1700 2122 7&9
1731 2052 1797 2105 ἂν
1822 2055 1908 2123 εῐη

336 2141 552 2212 Πατὴρ,
589 2142 689 2195 οὐκ
715 2140 866 2204 ὄντος
894 2141 1047 2206 Υίοῦ,
1076 2141 1186 2195 οὐδ’
1220 2140 1286 2196 ἀν
1318 2142 1444 2206 Υίὸς
1468 2145 1641 2197 νοοῖτό
1669 2160 1802 2197 ποτε
1833 2143 1908 2215 μὴ

333 2233 460 2303 οὐχὶ
487 2232 700 2294 πάντως
758 2231 908 2302 αύτῷ
942 2233 1424 2304 συνεπινοουμένου
1471 2235 1567 2288 τοῦ
1614 2234 1903 2304 φύσαντος.

334 2322 597 2377 Είτοίνυν
651 2323 895 2391 ἀρνεῖται
930 2321 1021 2375 τὸν
1068 2322 1198 2375 Υίδν
1253 2322 1581 2394 (ἑτερογενῆ
1619 2325 1727 2396 7&9
1768 2320 1909 2379 εἷναί

334 2413 542 2485 φησι),
570 2413 664 2466 καὶ
700 2412 864 2465 αὑτὸν
892 2413 1169 2482 ἠρνήσατο
1206 2413 1297 2467 τδν
1343 2414 1584 2483 Πατέρα.
1616 2415 1681 2468 Τί
1713 2410 1827 2481 οὖν,
1862 2411 1909 2471 ὦ

337 2506 602 2572 βέλτιστε,
622 2504 759 2573 πρὸς
774 2504 947 2557 ταῦτα
973 2506 1146 2575 ὲρεῖςς
1168 2504 1263 2567 Είς
1289 2504 1411 2558 τίνα
1436 2504 1669 2576 λοιπὸνή
1692 2506 1904 2573 πίστιςς

339 2596 450 2649 Ποῦ
472 2595 572 2664 τῆς
624 2595 786 2664 ἁγίας
842 2594 1073 2664 Τριάδος
1105 2596 1139 2664 ή
1193 2594 1358 2658 δόξα;
1389 2595 1624 2649 Λέλυται
1662 2596 1769 2668 γὰρ
1813 2598 1909 2650 καὶ

340 2686 538 2759 φρούδη
572 2687 757 2740 λοιπὸν
783 2689 817 2755 ή
840 2684 948 2739 τῶν
969 2685 1106 2739 δλων
1136 2685 1413 2755 κρατοῦσα
1432 2686 1613 2754 φύσις,
1638 2689 1696 2740 ὲν
1726 2687 1908 2756 ψιλαῖς

332 2781 468 2849 ἡμν
501 2776 838 2847 σημανθεῖσα
868 2775 1044 2839 λέξεσι
1098 2775 1251 2846 παρὰ
1289 2776 1389 2843 τῆς
1451 2776 1612 2845 ἁγίας
1663 2778 1904 2848 Γραφῇς.

334 2866 636 2934 ἀναγκάζει
663 2866 772 2934 γὰρ
794 2866 942 2935 ἡμᾶς
962 2865 1058 2918 καὶ
1077 2864 1166 2918 διὰ
1186 2865 1296 2918 τῶν
1315 2864 1488 2928 οὕτως
1517 2867 1908 2935 ἀπηχεστάτων

335 2958 472 3010 ἰέναι
501 2957 674 3024 λόγων
706 2959 739 3025 ἡ
774 2956 996 3008 ἐκείνων
1048 2955 1358 3025 ἀποπληξία
1394 2959 1489 3010 καὶ
1550 2958 1904 3028 ψευδομυθία.

346 3049 488 3101 Ἀλλ’
518 3046 646 3111 ἴσως
672 3048 732 3099 τὸ
785 3047 885 3116 τῆς
929 3045 1236 3116 δυσφημίας
1275 3048 1599 3110 καταδείσας
1641 3048 1905 3118 μέγεθος,

330 3139 595 3208 ἀλλογενῆ
630 3139 725 3208 μὲν
750 3134 889 3191 εἷναί
920 3155 1074 3208 φησι,
1116 3137 1474 3206 γεγεννῆσθαί
1518 3156 1579 3207 γε
1624 3140 1728 3209 μὴν
1762 3141 1908 3210 παρὰ

330 3230 431 3282 τοῦ
461 3230 596 3283 Θεοῦ
626 3231 723 3282 καὶ
774 3229 1006 3299 Πατρός.
1051 3230 1242 3298 Ἡμεῖς
1302 3229 1357 3282 δὲ
1410 3226 1476 3283 αὖ
1518 3229 1680 3282 πάλιν
1738 3232 1913 3283 εἰπεῖν

332 3325 715 3392 ἁπαιτήσομεν
767 3321 885 3384 πῶς
932 3321 1041 3390 ἄρα
1100 3322 1463 3389 γεγεννῆσθαι
1487 3322 1669 3374 δίδωσί
1712 3340 1773 3374 τε
1821 3325 1917 3376 καὶ

332 3414 603 3483 ὁμολογεῖ.
637 3413 697 3465 Εἰ
750 3412 845 3480 μὲν
890 3411 996 3479 γὰρ
1047 3410 1121 3473 ὡς
1155 3410 1211 3462 ἓν
1259 3409 1366 3462 τῶν
1393 3412 1728 3480 κτισμάτων.
1776 3415 1916 3465 κατὰ

336 3506 521 3573 σχέσιν
557 3504 655 3572 τὴν
698 3502 771 3564 ὡς
821 3502 879 3553 ὲν
910 3501 1102 3571 ἀγάπῃ
1155 3501 1249 3552 καὶ
1294 3500 1432 3553 κατά
1455 3499 1670 3571 θέλησιν
1698 3502 1916 3573 (πάντα

333 3596 448 3663 γὰρ
479 3594 544 3644 ὲκ
571 3590 707 3644 Θεοῦ
733 3590 983 3658 λέγεται)
1008 3629 1022 3650 ,
1081 3590 1169 3641 διὰ
1198 3590 1302 3644 τῶν
1352 3591 1531 3643 αὐτῶν
1577 3590 1726 3644 οὐδὲν
1754 3586 1916 3663 ἦττον

337 3685 463 3752 ἣξει
521 3681 902 3752 βλασφημιῶν.
956 3680 1159 3750 ’Δληθῆ
1190 3681 1247 3733 δὲ
1272 3681 1363 3734 τὸν
1390 3682 1548 3735 τόκον
1588 3682 1757 3736 εἰπὼν
1777 3726 1792 3749 ,
1822 3685 1913 3739 ἔκ-

344 3773 513 3841 φυλόν
546 3789 605 3824 τε
627 3770 763 3825 εἶναι
799 3771 1291 3842 διαϐεϐαιούμενος,
1332 3773 1427 3825 καὶ
1460 3772 1720 3843 ἀλλογενῆ
1745 3774 1917 3845 λέγων

344 3864 538 3915 ἕτικαὶ
569 3862 705 3932 μετά
742 3861 919 3925 τοῦτο,
952 3860 1274 3931 δυσσεϐήσει
1296 3861 1512 3926 πάντως
1530 3864 1610 3927 είς
1642 3865 1801 3918 αὐτὸν
1826 3867 1918 3919 τὸν

340 3953 700 4023 γεννήσαντα.
744 3953 807 4004 Ὃ
837 3950 944 4021 γὰρ
1004 3952 1095 4005 καὶ
1148 3951 1285 4022 αὐτὴ
1337 3953 1697 4024 παρῃτήσατο
1726 3955 1916 4009 παθεῖν

266 4078 275 4087 ν
336 4044 448 4097 τῶν
479 4042 721 4113 γενητῶν
759 4042 999 4112 ἡφύσις,
1056 4041 1213 4095 τοῦτο
1246 4042 1309 4113 δὴ
1340 4044 1556 4108 πάντως
1593 4046 1916 4111 ύποδείξειεν

333 4136 706 4207 ὑπομείναντα
731 4135 822 4189 τὸν
843 4134 995 4187 Θεὸν.
1032 4129 1106 4187 Ἶι
1133 4134 1240 4205 γὰρ
1270 4137 1390 4207 οὐχὶ
1412 4137 1473 4190 τὸ
1512 4137 1578 4191 ἐκ
1605 4155 1748 4204 τινος
1774 4139 1917 4193 κατὰ

332 4227 498 4296 φύσιν
550 4225 945 4296 γεγεννημένον
993 4224 1231 4295 ἀληθῶς,
1262 4226 1548 4297 όμοούσιον
1576 4228 1655 4299 τῷ
1701 4231 1914 4284 τεκόντι

331 4317 604 4385 φαίνεται,
634 4317 727 4370 καὶ
760 4316 879 4378 πῶς
930 4316 1028 4387 ούχ
1078 4317 1251 4371 ἅπασι
1279 4318 1593 4388 συμφανές;
1635 4320 1847 4374 Οὐκοῦν
1878 4321 1911 4391 ἡ

334 4408 437 4475 μὲν
470 4407 644 4468 κτίσις
672 4406 812 4459 κατὰ
843 4405 998 4473 λόγον
1029 4404 1242 4475 πρόεισι
1272 4405 1362 4457 τὸν
1400 4407 1698 4478 πρέποντα’
1733 4408 1909 4463 τίκτει

2014 604 2353 667 comparata,
2384 611 2494 650 non
2518 595 2625 651 erit
2652 592 3151 648 consubstantialis
3172 591 3322 647 Patri
3355 593 3582 650 Filius.»

2014 686 2146 753 Quae
2197 702 2322 742 cum
2369 687 2529 751 dicit,
2574 684 2855 741 existimat
2910 699 2969 739 se
3020 685 3191 738 altum
3223 684 3483 754 quiddam
3538 697 3592 740 et

2016 778 2218 833 subtile
2249 778 2616 846 excogitasse,
2648 782 2704 832 et
2731 775 2997 831 invictum
3031 774 3301 830 adversus
3328 776 3593 833 Ecclesia:

2015 867 2271 938 dogmata
2299 875 2681 938 argumentum
2710 881 3110 936 comparasse:
3169 867 3264 923 sed
3304 869 3588 923 nihilomi-

2015 973 2123 1013 nus
2142 957 2269 1014 hinc
2284 972 2502 1028 quoque
2522 957 2714 1028 nugari
2735 958 3125 1027 comperietur.
3146 957 3391 1012 Primum
3414 961 3582 1027 enim,

2016 1063 2142 1103 eum
2190 1048 2418 1105 alterius
2457 1047 2760 1105 secundum
2789 1056 3043 1102 naturam
3094 1049 3314 1117 generis
3334 1065 3458 1106 esse
3495 1050 3585 1105 Fi-

2019 1141 2148 1195 lium
2194 1147 2493 1201 asseverct,
2525 1155 2762 1209 eumque
2791 1147 2946 1194 extra
2996 1139 3273 1197 Gcnitoris
3320 1142 3585 1198 substan-

2018 1230 2148 1282 tiam
2180 1230 2431 1293 eollocet,
2464 1228 2739 1297 quomodo
2762 1227 2986 1282 Patrem
3020 1230 3239 1284 vocabit
3264 1229 3455 1296 Deum,
3489 1241 3589 1286 aut

2018 1320 2243 1375 omnino
2272 1320 2467 1374 Filium
2492 1318 2637 1374 dicet
2662 1319 2905 1373 Filium?
2929 1319 3063 1374 Nam
3099 1322 3143 1376 si
3186 1337 3294 1375 non
3335 1338 3459 1377 esse
3489 1339 3583 1392 εον

2018 1412 2193 1466 nitum
2228 1412 2407 1481 ipsum
2433 1412 2530 1476 ait,
2564 1412 2667 1466 hoc
2693 1420 2865 1466 estex
2898 1412 3213 1466 substantia
3246 1412 3427 1470 Patris
3460 1430 3586 1483 pro-

2016 1500 2233 1563 cedere,
2270 1499 2733 1570 quemadmodum
2765 1508 2819 1554 et
2842 1515 2910 1554 ex
2944 1501 3258 1555 hominibus
3286 1516 3477 1556 eorum
3519 1503 3584 1555 ti-

2018 1590 2108 1653 lii,
2148 1589 2426 1660 quomodo
2473 1606 2600 1646 vere
2643 1590 2815 1644 Filius
2854 1590 3000 1645 erit?
3058 1591 3261 1647 Deinde
3308 1595 3585 1663 quomodo

2017 1680 2234 1734 beatum
2282 1677 2549 1735 Joannem
2602 1679 2915 1748 repudiabit
2963 1678 3277 1737 dicentem:
3315 1701 3335 1735 ι
3391 1683 3585 1740 Omnis

2016 1771 2107 1839 qui
2141 1779 2302 1839 negat
2333 1769 2555 1834 Filium,
2588 1785 2689 1824 nec
2722 1769 2938 1824 Patrem
2974 1771 3172 1825 habet:
3221 1773 3315 1842 qui
3360 1774 3585 1830 conﬁte-

1946 1850 1987 1905 Β
2018 1869 2109 1915 tur
2142 1860 2365 1922 Filium,
2401 1870 2457 1914 et
2481 1860 2702 1914 Patrem
2733 1860 2898 1914 habet
2920 1861 3020 1913 ὀ.»
3060 1861 3214 1926 Quod
3237 1863 3458 1932 quidem
3494 1880 3586 1920 ve-

2014 1968 2134 2006 rum
2166 1960 2267 2006 est.
2302 1951 2489 2005 Altero
2519 1952 2662 2006 enim
2698 1951 2881 2006 ablato
2912 1959 3007 2004 aut
3045 1954 3249 2021 posito,
3276 1955 3485 2008 tollitur
3520 1955 3590 2009 si-

2015 2044 2126 2096 mul
2150 2042 2406 2107 alterum,
2437 2050 2494 2097 et
2521 2042 2766 2112 ponitur.
2786 2040 2897 2098 Nec
2916 2044 3061 2098 enim
3084 2043 3247 2099 Pater
3266 2046 3373 2100 erit
3400 2046 3446 2101 si
3476 2061 3586 2100 non

2014 2135 2086 2191 sit
2122 2133 2315 2195 Filius.
2354 2148 2455 2189 nec
2480 2133 2659 2188 Filius
2688 2135 3030 2204 concipietur
3064 2150 3331 2207 unquam,
3354 2138 3460 2192 nisi
3486 2137 3589 2191 Pa.

2014 2233 2097 2280 ter
2126 2241 2237 2281 una
2270 2240 2489 2295 quoque
2530 2226 2894 2295 concipiatur.
2928 2225 2985 2280 Si
3032 2242 3161 2297 ergo
3194 2235 3358 2297 negat
3387 2228 3588 2282 Filium

2015 2316 2243 2387 (diversi
2282 2318 2488 2388 quippe
2522 2318 2741 2388 generis
2777 2333 2905 2373 esse
2944 2318 3066 2385 ait),
3102 2328 3158 2375 et
3189 2319 3355 2390 865
3401 2320 3587 2389 ipsum

2015 2408 2232 2465 Patrem
2276 2410 2581 2481 negaverit.
2625 2409 2766 2477 Quid
2797 2412 2963 2482 igitur
2994 2411 3062 2466 ad
3095 2413 3208 2467 haec
3252 2413 3426 2474 dices,
3458 2413 3591 2466 ami-

2014 2503 2118 2557 ce?
2152 2501 2210 2556 In
2245 2517 2409 2572 quem
2443 2502 2664 2557 demum
2709 2502 2848 2558 ﬁdes
2868 2503 3009 2559 erit?
3043 2501 3145 2557 Ubi
3177 2512 3382 2558 sancta:
3409 2502 3589 2557 Trini-

2015 2597 2149 2650 tatis
2187 2596 2395 2665 gloria?
2428 2594 2577 2649 Perit
2600 2594 2749 2649 enim
2780 2603 2835 2649 et
2868 2594 3050 2649 inanis
3090 2594 3341 2649 redditur
3363 2594 3586 2648 demum

2015 2687 2105 2740 illa
2142 2686 2386 2740 universi
2435 2684 2660 2738 domina
2709 2691 2930 2748 natura,
2963 2684 3124 2739 nobis
3153 2698 3181 2737 a
3217 2693 3406 2738 sancta
3437 2682 3589 2738 Scri-

2014 2784 2175 2845 ptura
2222 2776 2386 2831 nudis
2438 2773 2742 2843 signiﬁcata
2788 2774 3164 2829 dictionibus:
3198 2788 3266 2828 eo
3304 2773 3452 2828 enim
3493 2773 3588 2828 ab-

2014 2868 2343 2920 surditatum
2393 2865 2647 2935 progredi
2694 2864 2914 2919 illorum
2965 2863 3119 2919 furor
3148 2872 3203 2919 et
3241 2862 3587 2918 mendacium

2014 2974 2118 3013 nos
2164 2957 2357 3029 adigit.
2412 2956 2519 3012 Sed
2585 2957 2985 3012 immanitatem
3039 2959 3190 3013 illius
3236 2957 3591 3027 blasphemiae

2015 3049 2203 3104 forsan
2224 3048 2455 3113 veritus,
2480 3046 2684 3102 diversi
2713 3047 2933 3117 quidem
2959 3064 3081 3103 esse
3099 3049 3338 3119 generis,
3370 3064 3591 3103 verunt--

2016 3152 2198 3199 tamen
2236 3158 2266 3197 a
2295 3141 2404 3197 Deo
2435 3150 2489 3198 et
2531 3142 2690 3196 Patre
2718 3145 2961 3212 genitum
3000 3159 3123 3198 esse
3144 3145 3238 3198 ait.
3263 3143 3374 3198 Nos
3405 3154 3587 3199 autem

2014 3251 2209 3289 rursus
2238 3234 2555 3304 urgebimns
2580 3240 2641 3286 ut
2662 3232 2810 3287 dicat
2840 3249 2950 3303 quo
2982 3243 3142 3303 pacto
3170 3234 3416 3304 genitum
3460 3250 3588 3289 eum

2013 3341 2138 3380 esse
2162 3326 2416 3380 fateatur.
2444 3324 2499 3377 Si
2526 3326 2672 3378 enim
2705 3332 2964 3393 tanquam
2988 3333 3370 3379 creaturarum
3398 3338 3586 3389 unam,

2016 3417 2283 3472 relatione
2324 3416 2585 3471 videlicet
2627 3423 2681 3469 et
2714 3415 3041 3471 habitudine
3087 3416 3380 3471 cliaritatis
3424 3425 3590 3486 atque

2013 3508 2312 3564 voluntatis
2344 3505 2554 3576 (omnia
2581 3505 2787 3574 quippe
2814 3521 2877 3560 ex
2910 3504 3018 3560 Deo
3043 3522 3165 3563 esse
3198 3507 3504 3575 dicuntur),
3532 3508 3587 3561 in

2012 3597 2233 3655 easdem
2292 3598 2667 3670 blasphemias
2718 3597 2940 3653 recidet.
2996 3595 3092 3651 Sin
3156 3606 3337 3651 autem
3394 3612 3588 3651 verum

2014 3693 2237 3763 quidem
2258 3691 2457 3747 Filium
2505 3706 2629 3746 esse
2656 3690 2850 3754 dicat,
2892 3689 3120 3743 alterius
3162 3697 3346 3742 tamen
3374 3690 3587 3758 generis

2015 3790 2266 3857 assegat,
2325 3782 2381 3835 in
2431 3782 2610 3850 ipsum
2641 3781 2833 3850 utique
2880 3779 3194 3834 Genitorem
3251 3780 3586 3849 impietatem

2016 3887 2170 3927 suam
2195 3882 2400 3927 exeret.
2437 3872 2592 3938 Quod
2639 3872 2788 3927 enim
2829 3885 3101 3941 nusquam
3135 3870 3189 3924 in
3213 3885 3397 3925 rerum
3427 3886 3590 3926 crea-

2012 3967 2193 4012 tarum
2252 3967 2503 4012 naturam
2532 3959 2818 4024 ceciderit,
2855 3959 2961 4014 hoc
3020 3959 3211 4029 utique
3239 3958 3387 4014 Patri
3437 3960 3593 4014 ailin-

2014 4058 2122 4121 get.
2150 4049 2428 4120 Numquid
2464 4053 2609 4105 enim
2659 4051 2806 4120 quod
2834 4067 2902 4106 ex
2936 4051 3120 4120 aliquo
3152 4051 3456 4107 secundum
3492 4066 3592 4106 na-

2016 4151 2193 4196 turam
2230 4156 2357 4196 vere
2384 4152 2468 4198 est
2507 4142 2756 4212 genitum
2796 4142 3275 4200 consubstantiale
3335 4143 3588 4198 Genitori

2014 4246 2138 4287 esse
2155 4232 2334 4287 cuivis
2367 4231 2721 4285 manifestum
2764 4230 2887 4285 est?
2928 4228 3072 4301 Ergo
3110 4240 3361 4285 creatura
3385 4246 3589 4285 convc-

2016 4326 2189 4382 nienti
2214 4326 2321 4381 sibi
2356 4326 2570 4379 ratione
2593 4326 2839 4396 procedit
2868 4340 2879 4375 :
2917 4308 3059 4394 parit
3088 4323 3235 4377 enim
3258 4324 3403 4392 quod
3441 4324 3591 4391 ejus-

2016 4418 2159 4481 dem,
2202 4432 2309 4472 non
2350 4416 2552 4471 diversi
2590 4416 2806 4485 generis
2844 4417 2953 4480 sit;
2985 4417 3163 4470 solum
3209 4424 3390 4469 autem
3420 4414 3589 4468 Deum

330 4501 440 4567 7&9
500 4498 599 4549 ούκ
645 4496 927 4564 ἀλλογενῆ·
976 4494 1134 4564 μόνον
1171 4495 1227 4547 δὲ
1283 4495 1523 4549 παθόντα
1556 4497 1647 4550 τὸν
1690 4497 1824 4551 Θεὸν
1851 4498 1910 4551 τὸ

2014 4511 2348 4580 reperiemus
2377 4517 2574 4564 contra
2609 4509 2772 4571 allici,
2810 4509 2855 4561 si
2882 4508 3103 4576 quidem
3134 4505 3332 4563 Filium
3365 4507 3591 4561 alterius

332 4587 574 4642 ἐναντίον
601 4588 928 4658 εὑρήσομεν,
964 4587 1120 4653 εἴπερ
1147 4585 1409 4656 ἀλλογενῆ
1444 4588 1743 4659 γεγέννηκε
1763 4630 1779 4656 ,
1814 4590 1907 4643 καὶ

334 4680 436 4732 οὐκ
462 4680 521 4745 ἐξ
553 4678 687 4738 ἰδίας
716 4676 931 4745 φύσεως
964 4676 1055 4728 τὸν
1086 4675 1234 4729 Υίὸν.

406 4766 516 4823 Ἦν
554 4771 652 4839 μὲν
686 4764 779 4822 οῦν
827 4767 973 4829 εἰκὸς
1024 4765 1176 4819 οὐδὲν
1217 4765 1298 4819 ἔτι
1343 4768 1479 4837 πρὸς
1526 4767 1699 4821 ταῦτα
1733 4768 1908 4821 θέλειν

331 4864 507 4914 εἰπεῖν
536 4861 625 4913 τὸν
655 4860 721 4913 δι’
752 4858 1024 4925 ἐναντίας,
1054 4858 1153 4910 οὐκ
1185 4857 1523 4927 ὲξισταμένῳ
1549 4858 1607 4910 δὲ
1635 4862 1733 4928 τῆς
1759 4858 1909 4911 ἐνού-

332 4971 435 5023 σης
472 4952 621 5022 αὐτῷ
643 4952 982 5014 δυσϐουλίας,
1030 4950 1264 5020 οἰομένῳ
1302 4967 1361 5002 τε
1417 4949 1683 5019 ἀλλογενῆ
1727 4950 1818 5003 τὸν
1842 4952 1907 5004 ὲκ

327 5046 467 5098 Θεοῦ
499 5046 592 5099 καὶ
620 5044 833 5115 Πατρὸς
854 5043 1122 5115 ὑπάρχειν
1153 5042 1302 5105 Υἱὸν,
1334 5042 1433 5095 οὐκ
1472 5041 1774 5111 ὲνδώσομεν
1796 5046 1908 5106 τοῖς

326 5137 430 5207 τῆς
458 5136 714 5207 ἀληθείας
742 5134 1164 5205 συνηγοροῦντες
1206 5133 1488 5202 δόγμασιν.
1539 5133 1910 5202 Ἔπιδείξομεν

326 5229 441 5299 γὰρ
462 5228 697 5299 ὁμογενῆ
726 5226 954 5294 λέγοντα
982 5228 1047 5295 τῇ
1078 5224 1255 5277 κτίσει
1282 5224 1373 5277 τὸν
1389 5223 1525 5276 Θεὸν
1549 5224 1643 5277 καὶ
1669 5224 1907 5292 Πατέραο

326 5317 585 5384 καὶπῶς,
614 5317 649 5386 ἦ
678 5316 842 5370 πόθεν
872 5314 1111 5369 ἀκούοιτ’
1150 5313 1219 5367 ἂν
1266 5314 1365 5383 ήδη
1421 5312 1605 5367 πάλιν.
1633 5313 1912 5383 ’Ἄμπελον

322 5405 579 5477 ἐναργῶς
608 5405 931 5458 διατείνεται
953 5403 1047 5457 καί
1094 5419 1277 5472 φησιν,
1306 5403 1367 5454 ού
1410 5402 1510 5471 τὴν
1549 5402 1730 5473 σάρκα
1768 5403 1905 5471 μᾶλ-

316 5500 442 5562 lor,
469 5496 587 5552 ἀλλ’
621 5497 791 5568 αὐτὴν
820 5495 1134 5565 ὠνομάσθαι
1179 5495 1277 5565 τὴν
1300 5492 1531 5563 θεότητα
1552 5492 1645 5546 τοῦ
1670 5494 1909 5559 Μονογε-

319 5590 473 5655 νοῦς.
520 5589 723 5658 Ἐχέτω
776 5588 903 5658 τῇδε
948 5588 1131 5658 τυχόν*
1181 5586 1400 5651 οὐκοῦν,
1451 5587 1718 5657 ἐρήσομαι
1778 5586 1907 5655 γὰρ,

394 5771 439 5803 ’δ
484 5768 499 5821 l
544 5768 702 5823 Joan.
741 5784 801 5823 Ill
829 5812 842 5837 _.
881 5771 971 5825 ‘25.

2005 4603 2244 4675 generis,
2276 4616 2376 4655 nec
2403 4615 2472 4654 ex
2506 4615 2604 4655 sua
2634 4607 2831 4652 natura
2854 4597 3066 4667 genuit.

2076 4778 2157 4832 Ad
2210 4784 2323 4829 meo
2352 4773 2576 4845 quidem
2622 4773 2757 4826 nihil
2799 4773 2941 4824 ultra
2976 4772 3163 4826 dicere
3209 4770 3589 4825 adversarium

2008 4885 2104 4939 par
2128 4876 2317 4933 esset;
2359 4865 2454 4920 sed
2494 4865 2754 4933 quoniam
2794 4863 3037 4916 insanire
3073 4878 3182 4916 non
3226 4869 3431 4921 cessat,
3469 4860 3591 4914 Dei-

2007 4976 2113 5031 que
2146 4975 2211 5013 ac
2260 4957 2440 5012 Patris
2470 4955 2668 5009 Filium
2723 4955 2949 5008 alterius
2995 4953 3215 5021 generis
3249 4968 3374 5005 esse
3414 4958 3587 5019 putat,

2008 5048 2260 5106 veritatis
2311 5044 2583 5113 dogmatis
2632 5042 2971 5112 patrocinari
3013 5056 3125 5095 non
3176 5036 3585 5092 cunctabimur.

2009 5140 2376 5197 Ostcndcmus
2430 5136 2577 5191 enim
2622 5150 2746 5189 eum
2800 5133 2984 5187 dicere
3033 5131 3205 5185 Deum
3259 5143 3321 5180 ac
3371 5127 3589 5181 Patrem

2009 5231 2256 5300 ejusdem
2277 5243 2401 5283 esse
2433 5241 2559 5279 cum
2582 5232 2836 5278 creatura
2858 5221 3075 5291 generis
3103 5234 3113 5268 :
3136 5216 3417 5286 quomodo
3433 5230 3584 5277 vero,

2012 5326 2106 5371 aut
2155 5314 2319 5377 unde,
2371 5328 2565 5368 rursus
2614 5311 2827 5365 audiat.
2851 5309 3033 5361 Vitem
3063 5314 3249 5374 aperte
3277 5303 3435 5368 dicit,
3474 5320 3585 5358 non

2002 5421 2248 5466 carnem.
2275 5404 2372 5459 sed
2407 5405 2582 5473 ipsam
2612 5400 2888 5471 Unigcniti
2916 5398 3178 5452 deitatem
3209 5411 3334 5450 esse
3371 5412 3585 5449 nuneu—

2005 5508 2210 5570 palam.
2235 5496 2364 5550 Esto
2383 5510 2541 5557 vero;
2566 5491 2893 5559 respondeat
2923 5488 3108 5556 igitur,
3128 5502 3337 5553 ψιειρδο,
3364 5502 3578 5545 rursus.

2009 5597 2197 5644 utrum
2235 5586 2402 5642 Deum
2430 5598 2617 5640 verum
2647 5583 2912 5637 exsistere
2930 5590 3079 5649 putet
3103 5577 3322 5642 Filium,
3353 5593 3420 5630 an
3447 5592 3577 5641 non,
