4024 6262
492 388 598 447 347

1522 386 1580 443 s.
1623 385 1906 442 CYRILLI
1942 340 2414 441 ALEXANDRINI
2443 382 2761 442 ARCHIEP.

3646 386 3751 443 548

482 517 724 574 eumque
757 502 1008 557 dicturus
1048 502 1118 560 sit
1152 498 1401 570 spurium
1447 504 1502 555 et
1541 500 1661 554 sola
1707 499 1949 555 nominis
1986 498 2069 552 di-

2175 496 2547 566 ἀπολογείσθω
2577 496 2634 553 δὲ
2665 495 2850 559 πάλιν,
2888 492 3118 565 πότερόν
3163 511 3293 548 ποτε
3326 493 3459 550 Θεὸν
3499 495 3752 568 ἀληθινὸν

482 596 694 666 guitate
721 595 1033 664 praeditum.
1085 591 1221 646 Nam
1257 592 1305 647 si
1338 607 1449 646 non
1492 606 1621 648 esse
1645 590 1951 647 secundum
1976 605 2076 645 na-

485 697 667 740 turam
703 684 872 739 Deum
903 684 1205 748 existimet,
1259 685 1437 753 ipsum
1487 681 1841 750 Unigenitum
1885 682 2075 737 dicen-

487 785 596 830 tem
633 774 862 830 audiat:
893 793 911 825 ι
948 772 1057 844 Ego
1092 788 1216 828 sum
1257 774 1467 827 veritas
1499 772 1568 827 ’⁷.
1609 790 1627 824 ι
1666 770 1884 827 Veritas
1918 769 2073 825 enim

485 866 620 923 nihil
660 867 712 918 in
746 880 806 919 se
831 864 999 919 habet
1032 863 1328 919 adulterini
1364 877 1428 917 ac
1464 861 1606 919 falso
1634 861 1857 918 nomine
1881 859 2073 914 adum-

486 959 649 1015 brati.
690 956 957 1011 Praeterea
1002 955 1471 1024 sapientissimum
1521 954 1795 1009 Joannem
1830 953 2075 1007 claman-

486 1059 594 1104 tem
630 1047 856 1102 audiat:
898 1065 917 1097 t
946 1046 1011 1099 Et
1033 1061 1225 1101 sumus
1254 1046 1310 1099 in
1337 1060 1473 1101 vero
1504 1044 1646 1098 Filio
1672 1043 1802 1099 Jesu
1827 1043 2071 1098 Christo.

487 1139 590 1193 llic
629 1146 712 1193 est
741 1152 907 1192 verus
939 1135 1105 1202 Deus,
1144 1144 1198 1189 et
1229 1134 1340 1187 vita
1367 1132 1659 1189 interna".
1699 1150 1718 1183 ι
1757 1129 1962 1185 Verum
2025 1128 2074 1182 si

487 1230 699 1300 pudore
734 1230 1006 1287 victus,et
1032 1226 1385 1280 contentione
1422 1224 1635 1288 relicta,
1673 1219 2073 1287 verumpeum

487 1336 609 1376 esse
636 1319 900 1374 fatebitur
931 1316 1151 1381 Filium,
1177 1315 1244 1369 ad
1276 1315 1382 1369 alia
1428 1327 1776 1382 nequaquam
1806 1326 1908 1366 nos
1936 1325 2075 1364 con-

489 1412 754 1474 feremus,
795 1410 889 1466 sed
918 1409 1040 1479 ejus
1075 1408 1260 1463 verbis
1309 1412 1530 1460 utemur
1573 1404 1640 1457 ad
1682 1403 1851 1473 866
1896 1402 2074 1472 ipsius

490 1503 637 1557 dicta
668 1501 978 1557 refutanda.
1008 1500 1204 1554 Nonne
1245 1499 1391 1553 sicut
1433 1495 1673 1566 agricola
1709 1493 1912 1548 diversi
1932 1501 2016 1549 est
2042 1508 2074 1547 a

487 1593 600 1647 vite
632 1593 872 1662 generis,
902 1590 1176 1659 siquidem
1222 1589 1317 1643 ille
1348 1589 1512 1643 homo
1534 1594 1642 1649 est,
1674 1586 1790 1640 haec
1827 1586 2070 1656 lignum:

490 1682 564 1735 ita
595 1690 744 1737 recte
777 1696 842 1735 ac
878 1695 1008 1735 vere
1047 1678 1293 1749 ejusdem
1336 1680 1555 1749 generis
1599 1678 1728 1733 vitis
1760 1679 2074 1734 censebitur

490 1789 617 1829 cum
655 1772 772 1827 suis
810 1770 1162 1841 palmitibus?
1202 1768 1485 1824 Neminem
1517 1770 1716 1838 opinor
1753 1782 1819 1823 eo
1853 1768 2072 1822 venisse

490 1877 736 1932 unquam
769 1861 1039 1925 stultitiae,
1062 1869 1121 1913 ut
1157 1874 1269 1914 rem
1303 1861 1439 1914 adeo
1476 1859 1826 1915 manifestam
1867 1874 2072 1929 negare
2107 1842 2144 1896 Β

492 1952 715 2006 audeat.
747 1950 883 2005 Cum
933 1965 1063 2021 ergo
1115 1948 1259 2005 Deus
1291 1950 1567 2005 exsistens
1600 1964 1786 2012 verus,
1830 1949 2064 2003 consub-

492 2043 769 2099 stantialis
798 2057 929 2098 vero
950 2042 1257 2098 secundum
1290 2050 1541 2095 naturam
1568 2041 1702 2105 Deo,
1734 2041 1839 2095 hoc
1857 2048 1944 2095 est
1978 2040 2074 2093 Pa-

492 2135 583 2196 tri,
633 2142 687 2189 et
736 2135 865 2190 vitis
910 2132 1130 2204 quidem
1180 2133 1294 2198 sit,
1344 2148 1448 2189 nos
1496 2132 1774 2203 palmites,
1820 2130 2069 2201 ejusdem

492 2242 687 2297 nempe
727 2227 931 2282 idcirco
962 2226 1178 2297 generis
1218 2241 1342 2279 cum
1372 2225 1501 2292 vite,
1525 2224 1805 2294 quomodo
1827 2224 1900 2278 dii
1932 2237 2072 2293 quo-

490 2333 597 2387 que
632 2333 731 2373 nos
768 2317 1075 2374 secundum
1119 2324 1373 2371 naturam
1414 2324 1603 2371 nostra
1651 2315 1819 2371 veluti
1850 2314 2071 2385 spoliati

491 2418 686 2462 natura
724 2423 835 2462 non
866 2406 1129 2463 erimus?
1175 2405 1283 2461 Sed
1330 2414 1590 2460 extrema:
1636 2405 1935 2475 impietatis
1986 2410 2074 2459 est

492 2502 565 2556 ita
609 2500 835 2554 sentire.
868 2498 1024 2553 Facti
1061 2498 1266 2567 quippe
1307 2511 1409 2551 nos
1435 2510 1664 2552 sumus:
1704 2495 1848 2551 Deus
1881 2510 2075 2552 secun-

492 2589 622 2641 dum
652 2596 905 2641 naturam
929 2594 1014 2641 est
1036 2585 1227 2641 Filius.
1253 2585 1322 2639 At
1344 2584 1621 2654 quomodo
1654 2584 1901 2638 futurum
1925 2583 2073 2639 istud

489 2679 615 2733 est?
649 2678 757 2731 Aut
791 2677 1068 2747 quomodo
1091 2692 1278 2731 verum
1309 2683 1394 2731 est
1423 2676 1567 2744 quod
1601 2676 1667 2730 tle
1701 2676 1823 2745 ipso
1848 2676 2072 2741 dicitur,

492 2771 537 2826 si
569 2770 818 2840 ejusdem
841 2769 1058 2838 generis
1080 2775 1206 2821 sunt
1233 2782 1356 2821 cum
1383 2766 1489 2820 vite
1522 2766 1817 2835 palmites?
1840 2764 2075 2821 Necesse

492 2861 641 2915 enim
669 2866 752 2915 est
784 2867 881 2911 aut
925 2873 1028 2912 nos
1057 2859 1203 2926 ipsos
1233 2857 1302 2911 ad
1337 2870 1479 2911 vera:
1509 2856 1733 2911 deitatis
1765 2854 1945 2910 efferri
1979 2871 2076 2911 na-

492 2961 698 3011 turam,
738 2956 831 3003 aut
880 2950 1029 3002 illam
1086 2947 1153 3000 ad
1203 2963 1301 3002 nos
1349 2947 1578 3001 deduci:
1636 2946 1881 3016 ejusdem
1925 2948 2070 3001 enim

493 3048 620 3094 sunt
648 3036 866 3109 generis
889 3050 1013 3091 cum
1046 3036 1156 3089 vite
1183 3035 1458 3103 palmites.
1493 3034 1742 3102 Cumque
1777 3033 1950 3088 Filius
1989 3034 2074 3087 di-

493 3143 616 3183 cat:
663 3145 682 3179 ι
741 3128 853 3196 Ege
882 3134 935 3179 et
963 3125 1124 3179 Pater
1149 3140 1316 3179 unum
1354 3116 1548 3181 sumus
1581 3127 1649 3190 ’9,
1687 3144 1705 3176 ι
1757 3128 1919 3181 etiam
1970 3140 2072 3180 nos

500 3218 599 3285 ipsi
640 3232 746 3272 una
783 3219 1080 3273 evehemur
1113 3216 1179 3270 ad
1214 3216 1585 3271 omnimodam
1623 3232 1749 3270 cum
1802 3216 1964 3270 Patre
1998 3217 2069 3271 si-

492 3311 881 3376 militudinem,
910 3320 1003 3363 aut
1041 3309 1158 3378 ipse
1185 3308 1345 3362 Pater
1376 3308 1443 3361 ad
1473 3317 1722 3362 nostram
1758 3308 2076 3361 similitudi-

492 3415 615 3455 nem
662 3399 995 3455 detrudetur
1041 3414 1148 3452 una
1196 3413 1321 3452 cum
1355 3397 1514 3461 Filio,
1551 3399 1644 3467 qui
1691 3399 1936 3467 ejusdem
1970 3413 2074 3453 no-

491 3489 705 3544 biscum
740 3497 821 3544 est
852 3489 1089 3559 generis.
1127 3486 1320 3541 Videte
1350 3502 1481 3556 ergo
1509 3496 1715 3556 quanta
1753 3486 1884 3541 hinc
1924 3487 2074 3541 blas-

492 3578 834 3648 pbemiarum
889 3578 1053 3632 turba
1086 3593 1145 3633 se
1166 3577 1383 3647 prodat.
1418 3576 1687 3641 Quocirca
1711 3576 1957 3631 rationes
1984 3590 2073 3631 se-

492 3685 723 3740 quemur
762 3669 967 3739 potius,
1018 3669 1307 3724 credentes
1357 3666 1556 3721 Filium
1605 3682 1701 3737 per
1729 3666 1952 3721 modum
1989 3667 2068 3722 si»

492 3762 821 3817 militudinis
844 3770 902 3816 et
928 3761 1166 3830 exempli
1188 3761 1374 3815 dicere
1405 3778 1416 3815 :
1454 3776 1472 3811 t
1503 3760 1618 3830 Ego
1644 3775 1769 3814 sum
1800 3758 1948 3823 vitis,
1972 3772 2072 3814 vos

491 3853 767 3920 palmites,
804 3852 968 3908 Pater
996 3868 1152 3907 meus
1182 3853 1420 3922 agricola
1450 3859 1554 3907 est.
1600 3869 1618 3903 ι

2182 589 2447 660 ὑπάρχειν
2475 589 2644 641 οἴεται
2672 588 2763 641 τὸν
2796 587 2944 653 Υίὸν,
2980 586 3013 657 ἢ
3042 586 3180 656 οὐχὶ,
3236 589 3498 658 προσερεῖ
3519 588 3579 642 δὲ
3600 589 3752 644 νόθον

2175 677 2272 731 καὶ
2297 679 2354 730 έν
2381 676 2565 745 ψιλαῖς
2593 675 2785 746 ἔχοντα
2814 678 3015 745 φωναῖς
3041 675 3103 728 τὸ
3138 675 3376 745 ἀξίωμα.
3410 678 3474 729 Εἰ
3517 677 3618 747 μὲν
3644 679 3753 751 γάρ

2174 768 2275 821 οὐκ
2299 767 2437 822 εἶναι
2464 767 2608 821 κατά
2627 768 2788 837 φύσιν
2838 767 2988 832 Θεὸν,
3009 766 3169 819 αὐτὸν
3198 768 3283 837 ἐφ’
3310 767 3486 838 ἑαυτῷ
3514 768 3755 839 δεχέσθω

2179 860 2432 931 μάρτυρα
2459 860 2549 912 τὸν
2579 858 2858 929 Μονογενῆ
2882 858 3127 927 λέγοντα·
3167 876 3188 910 ι
3238 858 3378 927 Ἐγώ
3410 862 3526 930 εἰμι
3555 864 3588 931 ἡ
3619 861 3751 931 ἀλή-

2177 950 2316 1031 θειαἶ
2347 970 2364 1002 ι
2405 951 2657 1021 Ἀλήθεια
2701 951 2810 1021 γὰρ
2865 950 2989 1003 καθ’
3032 949 3127 1003 ἕνα
3158 949 3358 1020 τρόπον
3412 953 3475 1004 οὐ
3507 950 3567 1004 τὸ
3598 951 3756 1005 νόθον

2175 1041 2288 1112 ἔχει
2338 1042 2432 1094 καὶ
2488 1041 2858 1112 ψευδώνυμον.
2926 1040 3324 1110 Παραδεχέσθω
3367 1041 3425 1095 δὲ
3463 1042 3562 1096 καὶ
3591 1042 3756 1096 αὐτὸν

2173 1133 2267 1186 ἐπὶ
2295 1133 2468 1203 τούτῳ
2518 1132 2608 1185 τὸν
2657 1132 2963 1201 σοφώτατον
3009 1132 3285 1202 Ἰωάννην,
3335 1133 3757 1203 ἀνακεκραγότα

2177 1225 2365 1292 σαφῶς
2391 1225 2484 1278 καὶ
2509 1225 2758 1293 λέγονταο
2796 1245 2813 1275 ι
2837 1225 2944 1277 Καὶ
2985 1225 3155 1294 ὲσμὲν
3185 1226 3244 1278 ὲν
3277 1225 3356 1294 τῷ
3378 1226 3619 1298 ἀληθινῷ
3634 1227 3757 1300 Θεῷ

2189 1316 2363 1387 Ἰησοῦ
2396 1316 2636 1387 Χριστῷ;
2669 1311 2832 1379 Οὗτός
2863 1319 3009 1370 ἐστιν
3053 1318 3082 1369 6
3129 1315 3382 1389 ἀληθινὸς
3415 1317 3571 1381 Θεὸς,
3600 1319 3695 1372 καὶ
3716 1321 3756 1389 ἡ

2176 1407 2343 1479 ζωὴή
2371 1407 2604 1471 αἰώνιος.
2632 1427 2650 1459 ι
2683 1408 2822 1460 Ἀλλ’
2850 1409 2897 1460 εί
2925 1408 3018 1462 καὶ
3048 1408 3185 1478 πρὸς
3220 1409 3378 1461 τοῦτο
3433 1410 3599 1479 τυχὸν
3657 1411 3758 1465 ὑπο

2175 1497 2526 1569 ερυθρίασας,
2544 1499 2637 1551 καὶ
2665 1497 2726 1550 τὸ
2744 1498 3103 1552 διατείνεσθαι
3134 1498 3320 1569 μεθεὶς
3341 1500 3595 1570 ἀληθινὸν
3619 1503 3756 1571 ὁμο-

2175 1588 2393 1659 λογήσει
2421 1588 2553 1641 Θεὸν
2587 1588 2678 1641 τὸν
2702 1589 2852 1652 Υίὸν,
2873 1588 2972 1658 οὐχ
3002 1589 3239 1659 ἑτέρωσέ
3268 1607 3360 1643 ποι
3387 1593 3714 1661 χωρήσομεν
3733 1632 3751 1655 ,

2174 1679 2353 1748 λόγοις
2383 1678 2439 1731 δὲ
2469 1680 2582 1741 τοῖς
2613 1678 2741 1749 παρ’
2774 1678 2935 1732 αὑτοῦ
2987 1679 3306 1749 χρησόμεθα
3358 1679 3497 1750 πρὸς
3523 1682 3756 1753 ἀνατροα

2177 1771 2285 1843 πὴν
2334 1771 2450 1823 τῶν
2492 1770 2623 1842 παρ’
2681 1769 2846 1824 αὑτοῦ
2895 1770 3225 1840 λεγομένων.
3258 1771 3388 1843 Ἆρ’
3439 1774 3540 1844 οὐχ
3564 1775 3756 1848 ὥσπερ

2173 1860 2412 1931 γεωργὸς
2440 1860 2736 1930 ἀλλογενὴς
2785 1861 2903 1913 ἐστι
2930 1863 2996 1931 τῇ
3057 1861 3308 1932 ἀμπέλῳο
3336 1865 3366 1916 6
3401 1864 3500 1935 μὲν
3522 1865 3633 1937 γάρ
3658 1867 3755 1920 ἀν-

2171 1952 2407 2021 θρωπο;
2444 1955 2477 2022 ἡ
2509 1952 2565 2004 δὲ
2599 1952 2773 2017 ξύλον·
2802 1953 2975 2017 οὕτως
3006 1956 3038 2024 ἡ
3080 1954 3344 2025 ἄμπελος,
3386 1956 3563 2026 ὀρθῶς
3581 1975 3640 2011 τε
3664 1959 3757 2012 καὶ

2171 2041 2404 2108 ἀληθῶς,
2435 2043 2684 2111 ὁμοφυὴς
2715 2042 2782 2095 ἂν
2805 2046 2996 2109 νοοῖτο,
3024 2045 3160 2114 πρὸς
3216 2045 3285 2098 τά
3316 2044 3426 2098 ίδια
3461 2045 3755 2116 κλήματα;

2184 2128 2321 2182 Ἀλλ’
2354 2125 2508 2199 οἶμαί
2541 2147 2605 2198 γε
2634 2130 2738 2201 μὴν
2769 2131 2972 2202 μηδένα
3015 2133 3152 2200 πρὸς
3198 2131 3356 2187 τοῦτο
3394 2135 3609 2204 μωρίας
3633 2134 3756 2187 ὲθε-

2170 2222 2329 2294 λῆσαι
2355 2221 2660 2285 κατελθεῖν,
2695 2222 2772 2286 ὡς
2803 2222 3085 2294 ἀρνεῖσθαι
3106 2222 3309 2294 τολμᾷν
3331 2224 3391 2277 τὸ
3419 2223 3566 2278 οὕτω
3587 2242 3757 2280 κατα-

2172 2313 2356 2383 φανές.
2386 2316 2514 2367 Ὀτε
2536 2314 2717 2367 τοίνυν
2736 2313 2869 2377 Θεὸς
2888 2314 3147 2385 ὑπάρχων
3178 2314 3453 2385 ἀληθινὸς,
3470 2315 3758 2385 ὁμοούσιός

2171 2403 2386 2475 ἐστιτῷ
2424 2404 2566 2456 κατά
2623 2406 2786 2472 φύσιν
2821 2405 3062 2477 ἀληθινῷ
3113 2405 3254 2476 Θεῷ,
3306 2406 3452 2460 τοῦτ’
3502 2407 3623 2460 ἔστι
3678 2408 3757 2478 τῷ

2172 2495 2365 2566 Πατρὶ,
2394 2496 2491 2549 καὶ
2538 2497 2781 2560 ἄμπελος
2830 2497 2927 2566 μὲν
2972 2497 3110 2562 ἐστι,
3159 2498 3418 2569 κλήματα
3442 2500 3502 2553 δὲ
3550 2502 3753 2569 ἡμεῖς,

2172 2586 2385 2656 ὁμοφυῆ
2408 2585 2648 2655 δηλονότι
2676 2587 2763 2640 διά
2794 2589 2952 2642 τοῦτο
2980 2592 3045 2660 τῇ
3081 2589 3329 2661 ἀμπέλῳ,
3364 2593 3481 2654 πῶς
3500 2591 3624 2661 οὐχὶ
3646 2592 3757 2645 θεοὶ

2173 2675 2315 2729 κατά
2367 2675 2529 2743 φύσιν
2582 2677 2819 2746 ἐσόμεθα
2842 2679 2937 2732 καὶ
2979 2681 3164 2751 ἡμεῖς,
3211 2679 3309 2750 τὴν
3365 2681 3504 2734 ίδίαν
3563 2680 3757 2752 ὥσπερ

2173 2764 2402 2833 ἀφέντες
2437 2766 2632 2835 φύσιν;
2701 2769 2839 2823 Ἀλλ’
2867 2770 2983 2824 ἔστι
3032 2772 3094 2825 τὸ
3118 2771 3262 2826 οὕτω
3292 2775 3511 2843 φρονεῖν
3530 2774 3643 2828 τῶν
3679 2777 3757 2839 είς

2174 2856 2342 2927 ἄκρον
2364 2858 2680 2923 δυσσεϐείας
2721 2863 2961 2932 ἡκόντων
3014 2865 3220 2919 κακῶν.
3258 2868 3616 2939 Πεποιήμεθα
3646 2870 3755 2942 γὰρ

2173 2950 2354 3019 ἡμεῖς·
2403 2950 2535 3013 Θεὸς
2562 2952 2620 3004 δὲ
2654 2953 2795 3005 κατά
2830 2954 2991 3021 φύσιν
3024 2957 3171 3009 ἐστὶν
3210 2961 3237 3010 6
3275 2959 3423 3014 Υἱός.
3466 2958 3603 3015 Εἶτα
3640 2963 3756 3026 πῶς

2175 3040 2327 3094 ἔσται
2356 3041 2509 3094 τοῦτο
2536 3059 2549 3106 ;
2575 3043 2698 3106 Πῶς
2734 3044 2788 3096 δὲ
2821 3045 3020 3116 ἀληθὲς
3047 3048 3133 3100 ἐπ’
3158 3048 3305 3119 αὐτῷ
3344 3051 3405 3104 τὸ
3437 3051 3750 3122 λεγόμενον,

2176 3128 2333 3200 εἴπερ
2361 3131 2497 3182 εἰσὶν
2527 3133 2739 3202 ὁμοφυῆ
2761 3135 2824 3203 τῇ
2855 3133 3087 3205 ἀμπέλῳ
3106 3136 3173 3189 τά
3192 3136 3291 3206 κλή
3303 3155 3484 3207 ματα;
3516 3141 3754 3211 Ἀνάγκη

2174 3219 2303 3289 γὰρ,
2334 3219 2366 3291 ἢ
2403 3221 2497 3273 καὶ
2537 3224 2687 3291 ἡμᾶς
2734 3224 2927 3287 αὐτοὺς
2959 3225 3040 3287 είς
3076 3225 3175 3296 τὴν
3225 3228 3326 3298 τῆς
3375 3229 3635 3300 θεότητος
3659 3233 3757 3303 τῆς

2171 3309 2406 3379 ἀληθοῦς
2439 3312 2865 3381 ἀνακομίζεσθσι
2915 3313 3095 3382 φύσιν,
3146 3317 3314 3387 ἤγουν
3345 3320 3563 3391 ἐκείνην
3590 3339 3757 3375 κατα-

2172 3399 2486 3463 ϐιϐάζεσθαι
2517 3402 2653 3471 πρὸς
2685 3404 2849 3471 ἡμᾶς·
2878 3406 3088 3476 ὀμοφυῆ
3140 3407 3247 3479 γὰρ
3281 3411 3346 3480 τῇ
3407 3412 3640 3482 ἀμπέλῳ
3685 3413 3754 3468 τά

2173 3489 2444 3559 κλήματα.
2469 3493 2578 3545 Καὶ
2604 3493 2832 3565 ἐπείπερ
2863 3496 3107 3562 φαίνεται
3139 3496 3311 3566 λέγων
3328 3503 3355 3553 6
3382 3501 3533 3566 Υίός·
3559 3522 3579 3556 ι
3615 3502 3757 3573 Ἐγὼ

2173 3581 2267 3633 καὶ
2298 3583 2327 3634 6
2363 3582 2550 3652 Πατὴρ
2575 3583 2633 3636 ἓν
2654 3585 2845 3650 ἐσμεν,
2872 3604 2891 3637 ι
2932 3586 3027 3639 καὶ
3068 3588 3228 3656 ἡμεῖς
3275 3592 3407 3645 αὐτὸ
3442 3592 3557 3664 [γρ.
3579 3595 3756 3668 αὐτοὶ]

2180 3671 2662 3743 συναναϐησόμεθα
2717 3673 2852 3743 πρὸς
2914 3675 3241 3747 ὁμοιότητα,
3304 3682 3404 3750 τὴν
3456 3684 3600 3738 κατά
3648 3685 3759 3738 πᾶν

2176 3761 2356 3814 ὁτιοῦν
2380 3763 2516 3832 πρὸς
2540 3762 2631 3814 τὸν
2678 3763 2920 3835 Πατέρα,
2960 3764 2993 3835 ἢ
3025 3767 3118 3819 καὶ
3175 3768 3334 3833 αὐτὸς
3378 3771 3408 3822 6
3459 3774 3651 3845 Πατὴρ
3678 3778 3759 3831 εἰς

2179 3853 2450 3924 ἡμετέραν
2483 3854 2742 3924 ὁμοίωσιν
2779 3857 3380 3931 συγκαθελκυσθὴσεται
3402 3863 3482 3935 τῷ
3520 3867 3658 3937 Υίῷ,
3680 3867 3758 3937 τῷ

392 4470 399 4474 γ
489 4398 736 4469 purgabit
764 4414 904 4460 eum,
939 4407 996 4450 ut
1023 4398 1261 4466 fructum
1292 4397 1412 4465 plus
1446 4399 1663 4467 aﬂ‘crat.

493 3944 632 4012 πρὸς
661 3945 810 4013 ἡμᾶς
833 3946 1078 4012 ὁμοφυεῖ.
1121 3945 1315 4015 Ὁρᾶτε
1340 3943 1405 4013 δὴ
1433 3939 1550 4005 οὖν,
1577 3942 1701 3995 ὅσον
1730 3943 1860 4012 ἡμῖν
1880 3942 2128 3996 ἐντεῦθεν
2154 3943 2476 4015 δυσφημιῶν
2503 3946 2783 4001 ἀνατέλλει
2811 3947 3060 4020 θόρυϐος.
3130 3953 3230 4006 Διά
3287 3954 3351 4023 δὴ
3407 3957 3589 4025 τοῦτο,
3642 3961 3754 4027 τοῖς

443 4075 453 4084 .
492 4036 550 4102 ἐξ
582 4034 839 4104 ἀληθείας
869 4035 1067 4103 μᾶλλον
1089 4035 1331 4106 ἑψόμεθα
1378 4036 1679 4104 λογισμοῖς,
1722 4035 1778 4085 ἐν
1810 4034 2206 4105 ὑποδείγματος
2268 4037 2481 4108 τρόπῳ,
2516 4039 2868 4104 πιστεύοντες
2917 4043 3008 4097 τὸν
3072 4043 3202 4096 Υίὸν
3266 4046 3477 4099 εἰπεῖν·
3548 4067 3568 4100 ι
3616 4050 3755 4119 Ἐγώ

492 4130 609 4197 εἰμι
638 4129 670 4196 ἡ
703 4125 964 4195 ἄμπελος,
998 4127 1155 4195 ὑμεῖς
1185 4125 1253 4179 τά
1303 4125 1577 4194 κλήματα,
1606 4126 1634 4177 6
1686 4124 1876 4193 Πατήρ
1912 4142 2014 4195 μου
2043 4127 2072 4177 6
2112 4129 2357 4199 γεωργός
2387 4130 2555 4184 ἐστιν.
2581 4150 2599 4181 ι

566 4216 682 4280 XV,
731 4216 788 4269 2.
846 4217 1064 4270 Omnem
1105 4216 1378 4286 palmitem
1422 4217 1477 4269 in
1530 4232 1611 4269 me
1668 4234 1773 4270 non
1825 4218 2074 4286 ferentem

2246 4220 2376 4276 Πᾶν
2413 4221 2620 4290 κλῆμα
2651 4222 2721 4277 ἐν
2769 4224 2895 4293 ἐμοὶ
2933 4225 3020 4294 μὴ
3076 4227 3263 4297 φέρον
3305 4229 3560 4298 καρπὸν,
3604 4231 3752 4300 αἴρει

493 4310 749 4379 fructum,
788 4308 933 4361 tollet
967 4324 1087 4361 eum
1117 4348 1132 4372 ,
1169 4315 1219 4362 et
1250 4323 1456 4360 omnem
1511 4308 1601 4377 qui
1657 4308 1758 4376 fert
1816 4309 2068 4376 fructum,

2175 4312 2335 4375 αὐτὸ,
2371 4313 2469 4366 καὶ
2498 4315 2623 4370 πᾶν
2669 4315 2735 4368 τὸ
2786 4318 3022 4384 καρπὸν
3053 4319 3239 4388 φέρον
3275 4322 3543 4390 καθαίρει
3570 4325 3746 4387 αὐτὸ,

2170 4402 2271 4456 ἵνα
2299 4404 2534 4470 καρπὸν
2565 4405 2820 4459 πλείονα
2840 4406 3013 4474 φέρῃ.

565 4489 773 4545 All‘eetu
826 4499 881 4544 et
925 4489 1248 4544 habitudine
1283 4496 1506 4544 constat
1556 4499 1749 4546 nostra
1799 4492 2069 4564 congluti-

2253 4494 2474 4563 Ἐκτικὴ
2508 4494 2604 4564 μὲν
2635 4496 2666 4565 ἡ
2677 4496 2792 4566 μῶν
2820 4498 2852 4567 ἡ
2877 4497 3130 4568 κόλλησις
3177 4501 3312 4571 πρὸς
3339 4494 3598 4572 Χριστὸν,
3616 4519 3746 4575 προ·-

489 4582 645 4636 natio
670 4595 794 4635 cum
832 4580 1077 4643 Christo,
1106 4594 1227 4649 qua:
1257 4579 1527 4635 claritatis
1555 4581 1663 4635 vim
1685 4598 1752 4638 ex
1782 4585 2068 4654 proposito

2175 4588 2450 4660 αιρετικὴν
2481 4587 2680 4657 ἔχουσα
2730 4589 2829 4659 τῆς
2885 4591 3185 4660 σαφηνείας
3239 4593 3340 4663 τὴν
3368 4594 3620 4664 δύναμιν,
3664 4612 3747 4648 τε-

490 4682 545 4728 et
582 4673 865 4726 voluntate
898 4671 1084 4731 habet,
1116 4671 1210 4724 sed
1240 4685 1359 4724 eam
1390 4672 1660 4727 charitate
1711 4688 1775 4728 ac
1808 4674 1914 4729 llde
1951 4690 2070 4743 per-

2175 4679 2390 4732 λειοῦσα
2413 4677 2468 4730 δὲ
2495 4677 2685 4750 ἀγάπῃ
2716 4680 2811 4732 καὶ
2831 4679 3035 4733 πίστει.
3070 4682 3179 4734 Καὶ
3209 4684 3242 4753 ἡ
3281 4683 3381 4752 μὲν
3422 4684 3605 4747 πίστις
3633 4684 3776 4747 ταῖςέ

493 4765 625 4818 ficit.
663 4762 730 4817 Et
782 4762 919 4818 fides
963 4761 1184 4832 quidem
1234 4762 1442 4817 nostris
1483 4763 1689 4818 animis
1718 4763 1938 4828 insidet,
1971 4780 2072 4834 pu-

2175 4767 2472 4839 ἡμετέραις
2501 4769 2852 4833 είσοικίζεται
2878 4769 3099 4840 ψυχαῖς,
3119 4772 3394 4843 ἀκραιφνῆ
3413 4775 3511 4842 τῆς
3528 4774 3744 4842 θεογνω·
3774 4775 3779 4839 ξ

492 4869 607 4907 ram
650 4854 853 4909 divina:
875 4852 1214 4924 cognitionis
1243 4852 1496 4921 prazbens
1525 4855 2028 4911 manifestationem
2055 4874 2069 4911 :

2175 4858 2294 4920 σίας
2338 4857 2651 4929 παρέχουσα
2700 4859 2799 4929 τὴν
2855 4860 3109 4929 δήλωσιν.
3158 4862 3220 4914 '0
3268 4862 3326 4915 δὲ
3385 4864 3486 4933 τῆς
3530 4864 3745 4933 ἀγάπης

490 4945 788 5002 charitatis
820 4953 1004 4999 autem
1049 4944 1191 4999 ratio
1238 4943 1482 5007 mandati
1534 4945 1698 4999 nobis
1730 4947 1798 5000 ab
1828 4960 1893 5002 eo
1930 4963 2072 5017 prae.-

2175 4947 2391 5018 τρόπος,
2424 4947 2523 5016 τῆς
2581 4948 2709 5019 παρ’
2768 4948 2934 5001 αὑτοῦ
2972 4949 3339 5022 διορισθείσης
3374 4954 3505 5022 ἡμῖν
3531 4952 3745 5022 ἐντολῆς

492 5034 685 5104 scripti
742 5034 979 5104 requirit
1019 5035 1481 5089 observationem.
1528 5032 1620 5088 Sic
1669 5036 1815 5090 enim
1871 5039 2076 5093 alicubi

2180 5040 2403 5092 ἀπαιτεῖ
2424 5038 2523 5108 τὴν
2549 5039 2803 5110 τήρησιν.
2855 5039 3011 5094 Οὕτω
3040 5043 3147 5112 γάρ
3185 5059 3287 5095 που
3322 5042 3417 5095 καὶ
3467 5044 3634 5106 αὐτὸς
3658 5042 3743 5095 τὸν

492 5124 656 5176 etiam
690 5124 810 5194 ipse
846 5125 1169 5194 diligentem
1208 5137 1270 5177 se
1295 5123 1618 5186 ostendens,
1650 5126 1872 5180 aiebat:
1905 5146 1924 5178 ι
1980 5127 2084 5193 Qui

2178 5129 2476 5197 ἀγαπῶντα
2516 5129 2730 5192 δεικνὺς
2787 5130 3042 5199 ἔφασκενο
3107 5150 3126 5182 ι
3175 5131 3235 5185 '0
3267 5132 3498 5201 ἀγαπῶν
3542 5150 3612 5202 με
3652 5133 3745 5195 τὰς

493 5212 675 5282 diligit
728 5230 837 5278 me,
887 5214 1146 5268 mandata
1183 5226 1300 5265 mea
1352 5213 1666 5269 servabit‘.
1708 5234 1726 5267 ι
1780 5214 2081 5271 Sciendum

2175 5219 2397 5283 ἐντολάς
2426 5237 2526 5289 μου
2551 5221 2803 5291 τηρήσει.
2836 5239 2853 5271 ι
2900 5221 3096 5275 ’ἰστέον
3115 5218 3207 5277 οὖν
3240 5224 3324 5276 ὃτι
3372 5225 3742 5294 συνενούμενοι

493 5303 698 5371 itaque,
752 5304 879 5359 licet
920 5306 970 5359 ei
1019 5306 1154 5361 uniti
1190 5306 1365 5361 simus
1407 5320 1505 5375 pcr
1539 5306 1719 5371 ﬁdem,
1754 5315 1808 5361 et
1846 5307 1902 5360 in
1931 5308 2079 5361 nuda

2179 5309 2278 5380 μὲν
2316 5308 2404 5362 διά
2450 5312 2686 5372 πίστεως
2731 5309 2899 5379 αὐτῷ,
2942 5311 3038 5364 καὶ
3088 5315 3146 5365 ὲν
3200 5312 3385 5382 ψιλαῖς
3416 5315 3514 5369 καὶ
3558 5315 3744 5385 μόναις

494 5408 561 5446 ac
594 5392 713 5447 sola
756 5394 1113 5453 confessione
1158 5398 1570 5468 eonjunctionis
1605 5397 1827 5452 modum
1864 5406 2078 5453 statua-

2175 5400 2483 5469 ὁμολογίαις
2539 5400 2600 5452 τὸ
2652 5399 2752 5469 τῆς
2814 5400 3121 5471 κολλήσεως
3192 5401 3333 5467 εἶδος
3397 5404 3740 5481 ἐπιτηδεύον-

495 5496 645 5547 mus,
674 5497 854 5552 neque
879 5500 1010 5542 vero
1048 5489 1211 5545 bonis
1249 5491 1538 5547 charitatis
1589 5491 1904 5547 actionibus
1949 5507 2077 5546 con-

2175 5508 2262 5554 τες
2293 5529 2308 5555 ,
2346 5491 2409 5544 οὐ
2478 5491 2584 5561 μὴν
2628 5492 2723 5544 καὶ
2762 5493 2876 5555 τοῖς
2921 5492 2978 5558 ἐξ
3012 5493 3233 5563 ἀγάπης
3295 5494 3741 5567 ἀνδραγαθήμασι

490 5571 798 5641 ju.tctionis
831 5573 979 5632 illius
1010 5580 1286 5638 vinculum
1316 5585 1540 5654 insuper
1566 5584 1929 5654 stringamus,
1957 5584 2075 5653 pal-

2181 5583 2269 5635 τὸν
2327 5581 2429 5650 τῆς
2494 5581 2783 5649 συναφείας
2847 5582 3044 5652 δεσμὸν
3105 5585 3553 5655 ἐπισφξγγοντες,
3620 5586 3742 5655 κλή-

573 5750 619 5781 ⁹⁷
660 5747 819 5806 Joan.
854 5766 962 5819 xw,
996 5754 1048 5808 6.

1125 5758 1168 5788 ³⁸
1210 5756 1226 5810 Ι
1261 5757 1417 5813 .loan.
1452 5776 1511 5822 ν,
1544 5758 1634 5809 9.0.
1714 5760 1757 5789 9°
1799 5755 1958 5811 Joan.
1995 5774 2059 5819 χ,
2100 5758 2190 5812 30.
2273 5760 2283 5788 '
2326 5756 2480 5811 Joan.
2518 5774 2627 5823 xw,
2663 5759 2755 5812 25.
