4024 6262
335 380 444 440 349

1406 391 1478 447 ΙΝ
1502 393 1790 451 JOANNIS
1824 394 2270 453 EVANGELIUM
2305 398 2433 455 LIB.
2467 399 2537 457 Χ.

3497 412 3600 466 350

337 510 488 565 ματα
553 494 653 567 μὲν
696 496 931 569 ἐσόμεθα
962 537 978 565 ,
1034 501 1203 573 νεκρά
1250 503 1309 557 δὲ
1362 505 1513 577 ὅμως
1553 508 1646 562 καὶ
1672 509 1894 580 ἄκαρπα

2002 511 2183 565 ‘mites
2216 513 2436 580 quidem
2473 530 2573 571 nos
2605 515 2741 582 fore,
2786 518 2881 574 sed
2914 526 3160 576 mortuos
3192 527 3398 589 tamen,
3422 535 3486 576 ac
3518 525 3599 578 iu-

344 605 364 635 ι
406 587 539 658 Δίχα
601 590 709 660 γάρ
761 590 940 662 ἔργων
986 595 1019 665 ή
1076 596 1261 661 πίστις
1302 601 1475 671 νεκρά
1528 602 1675 668 ἐστι,
1720 621 1738 654 ι
1770 605 1912 659 κατά

332 676 439 749 τὴν
497 680 590 734 τοῦ
636 684 794 750 ἁγίου
828 686 1036 757 φωνήν.
1069 687 1135 741 Ei
1191 691 1372 745 τοίνυν
1433 692 1543 763 ἀρα
1603 695 1743 749 κατά
1800 695 1917 749 τοῦ·

333 788 427 826 τον
454 772 545 826 τὸν
563 774 761 845 τρόπον
787 777 961 848 ὁρῷτό
982 797 1040 833 τε
1075 782 1170 835 καὶ
1212 783 1446 856 ὑπάρχοι
1472 787 1572 857 κλῆ
1582 806 1680 857 μα.
1714 790 1911 860 μάτην,

333 863 409 927 ὠς
434 862 564 928 ἔπος
591 868 786 933 εἰπεῖν,
817 869 928 923 τῶν
946 871 1045 940 τῆς
1072 873 1319 943 ἀμπέλου
1346 878 1611 949 πελεχῶν
1649 881 1914 949 ὲκκεκρε-

338 953 655 1023 μασμένων,
680 957 815 1013 ἵστω
843 959 907 1014 δὴ
930 962 1147 1027 πάντως
1169 969 1232 1036 τῇ
1262 966 1357 1020 τοῦ
1392 970 1639 1040 γεωργοῦ
1670 971 1913 1046 δρεπάνῃ

335 1045 808 1117 περιτευξὸμενον.
860 1052 1153 1123 Ἀποτεμεῖ
1198 1057 1308 1126 γὰρ
1354 1058 1572 1124 πάντως
1621 1062 1787 1126 αὐτὸ,
1818 1045 1911 1115 καὶ

335 1132 588 1204 καθάπερ
635 1137 844 1191 είκαῖον
898 1141 1163 1211 συρφετὸν
1222 1146 1357 1216 πυρὶ
1411 1148 1670 1217 νέμεσθαι
1726 1149 1906 1207 δώσει.

336 1222 507 1276 Τοῦτο
538 1224 645 1295 γάρ
679 1226 787 1281 τῶν
816 1229 1081 1300 ἀκάρπων
1118 1234 1177 1286 τὸ
1207 1237 1381 1307 κρῖμα
1399 1277 1414 1303 ,
1439 1239 1707 1313 καθάπερ,
1730 1237 1907 1313 οἶμαι,

334 1316 432 1368 καὶ
455 1316 545 1369 ἐπὶ
575 1318 671 1388 τῆς
718 1319 794 1383 ὡς
821 1322 879 1374 ἐν
916 1322 1048 1376 εἴδει
1096 1329 1408 1401 παραϐολῆς
1451 1332 1909 1407 παραληφθείσης

335 1408 528 1477 συκῆς,
561 1409 637 1481 τῷ
658 1414 987 1482 γηπονοῦντί
1022 1435 1186 1487 φησιν
1219 1421 1360 1475 ὁτοῦ
1393 1423 1592 1494 χωρίου
1617 1425 1903 1499 δεσπότης·

338 1516 361 1549 ι
395 1498 665 1570 Ἐκκοψον
702 1504 891 1575 αὐτὴν,
924 1507 1011 1560 ἵνα
1055 1509 1108 1562 τί
1146 1510 1242 1563 καὶ
1267 1512 1364 1583 τὴν
1411 1516 1512 1585 γῆν
1543 1498 1845 1587 καταργεῖξ
1882 1540 1901 1572 ι

332 1587 495 1642 Οὕτω
515 1591 748 1646 κάνθάδε
766 1594 972 1665 νομίζω
996 1598 1088 1651 τὸν
1115 1601 1366 1656 ἁπάντων
1387 1604 1634 1661 Θεὸν-καὶ
1664 1610 1903 1680 Πατέρα,

330 1677 429 1770 τὸν
484 1683 702 1770 στεγνόν
732 1701 791 1736 τε
834 1687 925 1740 mi.
961 1689 1151 1756 ἄγονον
1186 1692 1294 1747 τῶν
1318 1694 1611 1765 κλημάτων
1649 1677 1906 1770 ἀποθε-ρί-

2019 599 2354 661 fructuosos.
2380 605 2513 660 Nam
2541 626 2559 659 ι
2589 609 2725 664 tides
2747 610 2868 665 sine
2899 612 3166 681 operibus
3198 621 3415 667 mortua
3444 625 3547 679 est,
3578 636 3596 667 ι
3638 615 3644 620 ’

2014 692 2179 764 867
2207 696 2363 764 juxta
2402 699 2548 755 illius
2578 703 2747 756 sancti
2778 718 2963 758 vocem
2984 706 3027 755 ¹.
3051 702 3108 758 Si
3130 706 3254 776 quis
3284 722 3414 776 ergo
3437 708 3601 763 istius

2013 784 2162 838 modi
2206 799 2463 843 cernatur
2509 800 2563 845 et
2589 795 2657 846 sit
2688 794 2921 863 palmes,
2952 795 3181 858 frustra,
3209 806 3269 851 ut
3295 814 3405 851 uno
3427 801 3600 853 verbo

2014 873 2220 941 dicam,
2242 883 2542 935 sarmentis
2571 898 2602 937 e
2627 885 2735 938 vite
2755 887 3140 954 pendentibus,
3159 889 3299 942 sciat
3327 890 3514 960 utique
3540 890 3595 944 in

2011 966 2267 1023 vinitoris
2310 968 2504 1026 falcem
2546 990 2605 1028 se
2660 975 3043 1032 incursurum.
3091 979 3411 1049 Amputahit
3445 982 3589 1035 enim

2013 1057 2215 1126 ipsum,
2239 1075 2304 1116 ac
2336 1064 2483 1117 velut
2518 1065 2733 1121 inanem
2763 1070 2970 1137 paleam
3012 1071 3066 1124 in
3105 1072 3279 1141 ignem
3316 1072 3588 1141 projiciet.

2014 1146 2128 1203 Hoc
2151 1153 2298 1207 enim
2324 1163 2408 1209 est
2434 1158 2703 1211 sterilium
2722 1169 2777 1215 et
2804 1160 3269 1218 infructuosorum
3292 1164 3587 1233 judicium,

2009 1245 2471 1311 quemadmodum
2503 1257 2556 1302 et
2590 1249 2657 1305 de
2697 1251 2800 1306 ficu
2832 1256 3105 1324 parabolae
3147 1256 3267 1309 loco
3308 1265 3587 1325 assumpta

2011 1331 2127 1400 agri
2151 1332 2410 1392 dominus
2435 1339 2631 1393 colono
2666 1342 2780 1394 ait:
2831 1361 2850 1393 ι
2891 1344 3130 1400 Suecide
3183 1345 3352 1407 illam,
3388 1346 3583 1416 utquid

2009 1420 2170 1474 etiam
2207 1430 2406 1479 terram
2433 1441 2662 1497 occupat
2684 1429 2704 1460 ³
2724 1431 2774 1482 ?i
2809 1433 2881 1486 ita
2913 1443 2967 1487 et
3002 1434 3087 1487 hic
3117 1434 3314 1504 Opinor
3343 1436 3585 1491 universi

2009 1510 2177 1568 Deum
2208 1531 2271 1569 ac
2315 1515 2533 1572 Patrem
2582 1520 2829 1581 sterilem,
2856 1530 2913 1575 et
2946 1522 3348 1577 infructuosam
3395 1526 3589 1594 palmi-

2008 1613 2120 1659 tum
2154 1623 2219 1661 ex
2254 1608 2608 1664 intellectuali
2642 1614 2749 1667 vite
2778 1612 2978 1669 frustra
3018 1615 3340 1684 pendentem
3370 1618 3583 1671 turbam

2006 1695 2302 1753 demetere.
2340 1698 2608 1755 Existimo
2647 1710 2831 1756 autem
2874 1718 2976 1772 ego
3013 1712 3326 1757 nostrarum
3373 1706 3586 1759 anima-

329 1766 452 1831 ζειν
483 1769 659 1840 ὄχλον,
689 1774 774 1828 ἐπ’
799 1776 974 1831 οὐδενὶ⁸
1000 1779 1108 1833 τῶν
1132 1783 1414 1853 χρησίμων
1446 1786 1543 1855 τῆς
1569 1788 1766 1859 νοητῆς
1797 1766 1900 1861 ἀμ-

2009 1803 2129 1841 rum
2168 1798 2511 1857 curatorem,
2550 1791 2655 1846 hoc
2686 1801 2771 1848 est
2814 1791 3005 1857 Deum,
3040 1809 3135 1864 per
3169 1794 3266 1848 has
3294 1796 3585 1863 parabolas

328 1859 501 1912 πέλου
533 1868 972 1936 παρηρτημένον.
1009 1847 1172 1940 Οἶμαι
1190 1847 1247 1926 5i
1281 1847 1412 1943 ire,
1568 1847 1677 1932 τῶν
1697 1847 1900 1951 μετιέ-

2009 1880 2301 1935 ostendere
2342 1883 2484 1936 velle
2517 1885 2735 1952 qualem
2766 1892 2822 1939 et
2852 1894 3111 1954 quantam
3155 1885 3427 1954 jacturam
3463 1901 3586 1954 pas-

329 1967 445 2021 ρων
460 1951 646 2024 ψυχῶν
666 1957 1016 2031 ἐπιμελητὴν,
1033 1962 1176 2016 τοῦτ’
1202 1966 1316 2019 ἐστι
1343 1968 1495 2034 Θεὸν,
1526 1970 1786 2037 ἐπιδεῖξαι
1823 1973 1908 2026 θέ-

324 2039 444 2095 λειν
487 2043 575 2098 διά
605 2049 706 2118 τῆς
742 2050 801 2102 ὲν
847 2051 1055 2117 τούτοις
1103 2057 1454 2129 παραϐολῆς,
1487 2062 1671 2115 ὁποῖόν
1720 2079 1779 2115 τε
1813 2064 1906 2117 καὶ

324 2132 455 2187 ὅσον
489 2136 747 2207 ὑπομένει
775 2140 834 2193 τὸ
861 2142 1106 2215 βλάϐοςή
1140 2148 1236 2217 τῆς
1260 2150 1395 2218 πρὸς
1432 2153 1595 2207 αὐτὸν
1624 2159 1904 2222 κοινωνίας

326 2223 709 2321 ἀποτμηθεῖσα
762 2231 929 2305 ψυχή.
977 2237 1119 2305 Πρὸς
1160 2240 1222 2293 τὸ
1270 2243 1434 2312 μηδὲν
1475 2246 1583 2318 γὰρ
1626 2250 1904 2321 οἰχήσεται

327 2314 427 2413 καί
444 2314 728 2413 Δἀχρηστος
753 2321 906 2378 ἔσται
942 2329 1078 2399 πρὸς
1103 2334 1282 2387 πᾶσαν
1306 2337 1369 2403 ἀγ
1380 2314 1903 2413 αθουργίανξίἀναμ-

326 2405 664 2503 ἱριὸόλωςμγε
717 2414 824 2484 μὴν
858 2418 1077 2480 κολάσει
1110 2405 1570 2496 παραδοθήσεται,
1606 2432 1697 2485 καὶ
1729 2405 1904 2503 πυρὸς

324 2492 921 2594 ἑσταιτοῦῌπαμφάγου
961 2512 1154 2581 τροφή.
1190 2492 1298 2567 Καὶ
1342 2492 1470 2583 γοῦν
1509 2492 1596 2572 διὰ
1628 2521 1720 2574 τοῦ
1765 2492 1903 2594 προ-ξ

329 2586 517 2681 φητου-
533 2589 695 2645 πάλιν
736 2595 991 2669 Ίεζεχιὴλ
1018 2602 1149 2655 αὐτὸ
1178 2603 1239 2673 δὴ
1287 2605 1465 2669 τοῦτο.
1497 2610 1589 2663 καὶ
1622 2612 1765 2681 μάλα
1800 2586 1899 2670 σα-

327 2676 445 2770 (prii;
498 2679 868 2753 διερμηνεύων
905 2688 1092 2759 ἔλεγεν
1127 2710 1139 2722 ·
1174 2712 1192 2745 ι
1233 2695 1327 2749 Υἱὲ
1383 2676 1669 2770 ἀνθρώπου
1693 2746 1706 2769 ,
1738 2706 1790 2758 τί
1834 2707 1901 2761 ἀν

325 2768 537 2862 γένοιτο
585 2773 644 2826 τὸ
676 2774 830 2840 ξύλον
861 2780 961 2851 τῆς
984 2783 1230 2853 ἀμπέλου
1263 2789 1326 2841 ὲκ
1359 2768 1574 2845 πάντων
1603 2768 1709 2846 τῶν
1729 2796 1902 2862 ξύλων

323 2860 437 2956 τιῦν
469 2862 639 2956 θντων
675 2868 733 2920 ὲν
754 2873 867 2933 τοῖς
905 2872 1080 2939 ξύλοις
1110 2877 1204 2931 τοῦ
1242 2880 1487 2950 δρυμοῦ;
1524 2885 1613 2955 Μὴ
1645 2860 1901 2956 λήψονται

323 2951 385 3018 ἐξ
421 2955 583 3010 αὑτοῦ
612 2957 765 3021 ξύλον
793 2963 885 3016 τοῦ
918 2966 1139 3036 ποιῆσαι
1167 2973 1245 3034 είς
1275 2974 1536 3043 ἐργασίαν
1560 2993 1575 3041 ;
1656 2951 1750 3030 τοῦ
1782 2996 1904 3048 κρε-

325 3044 498 3112 μάσαι
532 3049 589 3101 ὲν
624 3051 772 3122 αὐτῷ
806 3055 914 3108 πᾶν
945 3059 1171 3124 σκεῦος;
1208 3063 1318 3134 Τὴν
1345 3065 1466 3119 κατ’
1497 3067 1740 3122 ἐνιαυτὸν
1771 3070 1901 3125 κάθ-

320 3152 483 3205 αρσιν
512 3139 681 3212 αὐτῆς
704 3145 983 3202 ἀναλίσκει
1012 3152 1072 3204 τὸ
1099 3151 1228 3224 πῦρ,
1244 3155 1335 3208 καὶ
1355 3156 1594 3213 ἐκλείπει
1624 3161 1701 3222 είς
1722 3161 1893 3227 τέλος,

325 3226 404 3322 μὴ
435 3230 700 3322 χρήσιμον
727 3235 879 3293 ἔσται
907 3244 988 3305 είς
1030 3244 1293 3314 ἐργασίαν
1322 3265 1335 3313 ;
1371 3268 1388 3299 ι
1434 3249 1597 3314 Σύνες
1621 3251 1684 3322 δὴ
1723 3249 1814 3306 οὖν
1837 3226 1898 3307 τὸ

321 3318 471 3384 ἅπαξ
519 3323 836 3397 ἀποτμηθὲν
865 3371 879 3396 ,
912 3334 1005 3387 καὶ
1061 3335 1374 3409 ὁλοκλήρως
1430 3318 1855 3414 ἀπεσπασμένον
1881 3386 1896 3411 ,

319 3412 596 3484 ἄχρηστον
646 3419 744 3487 μὲν
773 3424 1052 3490 παντελῶς
1098 3429 1190 3481 xui.
1223 3431 1303 3493 είς
1337 3432 1490 3486 οὐδέν
1516 3436 1633 3488 ἐστι
1662 3412 1770 3490 τῶν
1801 3438 1897 3491 ἀν-

319 3507 1029 3601 αγκαίωνῌπαραληφθῆναι
1084 3519 1400 3590 δυνάμενον,
1455 3525 1601 3594 μόνῳ
1651 3529 1707 3581 δὲ
1757 3531 1900 3601 τάχα

319 3595 661 3665 χρησιμεῦον
691 3601 844 3670 πυρί.
881 3598 1006 3675 ⁷Δρ’
1042 3603 1135 3660 οὖν
1162 3611 1222 3661 οὑ
1277 3612 1541 3681 πρόδηλον
1568 3653 1581 3679 ,
1612 3617 1685 3680 ὼς
1723 3620 1771 3671 εἰ
1806 3595 1900 3674 καὶ

324 3685 516 3754 κλῆμα
546 3689 856 3759 γενοίμεθα,
898 3697 995 3765 τῆς
1027 3697 1125 3765 μὲν
1156 3701 1416 3757 πολυθέου
1442 3704 1649 3776 πλάνης
1672 3708 1900 3772 ὲξεσπα-

329 3776 537 3869 σμένοι,
557 3779 990 3852 ὁμολογήσαντες
1013 3787 1070 3841 δὲ
1096 3789 1190 3859 τὴν
1214 3791 1397 3846 πίστιν
1424 3795 1519 3866 τὴν
1541 3799 1619 3861 είς
1644 3801 1896 3869 Χριστὸν,

326 3865 526 3961 ἔρημοι
562 3869 618 3961 δὲ
646 3871 733 3926 διά
766 3871 862 3945 τῆς
903 3877 1012 3931 τῶν
1036 3878 1213 3950 ἔργων
1256 3865 1563 3955 κολλήσεως
1588 3865 1896 3961 γενοίμεθα,

323 3959 546 4024 πάντως
573 3960 745 4031 δήπου
783 3966 849 4019 τά
881 3968 989 4022 τῶν
1029 3973 1247 4027 είκαίων
1271 3976 1564 4046 κλημάτων
1598 3959 1897 4057 ὑποστησό-

320 4051 497 4121 μεθα;
545 4055 657 4108 Καὶ
698 4056 752 4109 τί
781 4058 842 4112 τὸ
887 4060 1114 4129 λοιπόν;
1162 4066 1603 4141 Ἀποτεμνόμεθα
1638 4075 1744 4146 γὰρ
1782 4051 1901 4132 δλο·

316 4144 556 4214 κλήρως,
592 4147 930 4221 δοθησόμεθα
978 4154 1086 4226 γάρ
1122 4159 1215 4210 καὶ
1257 4164 1391 4231 πυρὶ
1440 4165 1534 4217 καὶ
1578 4166 1643 4235 ἣν
1680 4144 1896 4240 είχομέν

315 4251 451 4287 ποτε
505 4238 655 4308 παρά
700 4241 799 4311 τῆς
847 4244 1095 4314 ἀμπέλου
1147 4248 1416 4313 ζωοποιδν
1477 4255 1715 4324 ἰκμάδα,
1748 4238 1896 4314 τοῦτ’

315 4323 452 4387 ἐστι,
486 4326 545 4379 τὸ
576 4328 798 4401 Πνεῦμα
832 4337 1354 4403 προσ-ἀποϐαλόντες.
1396 4343 1460 4394 Ὃ
1483 4323 1592 4413 γάρ
1629 4345 1731 4416 ἔφη
1763 4349 1897 4419 Χρι-

317 4417 463 4481 στὸς,
501 4419 592 4472 ἐπὶ
634 4421 728 4474 τοῦ
773 4422 832 4475 τὸ
883 4425 1145 4481 τάλαντον
1177 4430 1616 4507 καταχώσαντος,
1643 4436 1801 4490 τοῦτο
1816 4417 1894 4510 δὴ

2007 1983 2137 2023 sura
2168 1970 2239 2024 sit
2268 1971 2451 2025 anima
2486 1974 2557 2027 ab
2585 1974 2704 2042 ejus
2744 1978 3027 2031 consortio
3070 1976 3400 2030 resecta.-ln
3442 1977 3586 2030 nihi-

2008 2059 2117 2114 lum
2148 2062 2349 2131 quippe
2379 2065 2608 2130 recidet,
2650 2073 2704 2120 et
2732 2068 2797 2121 ad
2833 2082 3051 2122 omnem
3082 2070 3352 2123 actionem
3382 2069 3581 2122 bonam

2004 2150 2111 2205 erit
2152 2151 2402 2219 inutilis,
2454 2156 2702 2226 adeoque
2760 2159 2897 2213 citra
2961 2159 3359 2213 dubitationem
3416 2160 3581 2212 ullam

2005 2243 2277 2311 supplicio
2308 2245 2578 2310 tradetur,
2606 2255 2818 2303 aterno
2847 2251 2971 2319 igne
3000 2250 3399 2306 consumenda.
3429 2249 3583 2303 Unde

2004 2349 2102 2404 per
2130 2333 2462 2391 Ezechielem
2486 2338 2807 2407 prophetam
2842 2338 3079 2408 idipsum
3109 2341 3256 2394 clare
3286 2340 3581 2393 admodum

2003 2424 2286 2493 explicans
2324 2426 2503 2480 aiebat
2534 2446 2546 2481 :
2589 2448 2606 2478 ‹
2641 2427 2740 2481 Fili
2767 2428 3026 2492 hominis,
3064 2429 3195 2499 quid
3227 2430 3315 2484 fiet
3342 2429 3409 2483 de
3434 2430 3583 2499 ligno

2002 2515 2133 2569 vitis
2187 2530 2257 2570 ex
2314 2517 2571 2573 omnibus
2615 2518 2783 2587 lignis
2832 2529 3240 2574 sarmentorum
3292 2535 3412 2589 qua:
3454 2528 3582 2575 sunt

2002 2605 2145 2659 inter
2183 2607 2325 2675 ligna
2371 2608 2563 2662 silvag?
2622 2608 2678 2661 Si
2735 2610 2929 2663 tollent
2981 2611 3049 2665 de
3110 2611 3203 2664 illa
3255 2612 3460 2679 lignum
3511 2610 3579 2664 ad

2002 2695 2314 2751 faciendum
2361 2698 2415 2751 in
2451 2700 2701 2769 opus?si
2754 2700 2948 2754 tollent
2982 2704 3051 2755 de
3103 2716 3166 2756 ea
3216 2702 3474 2772 paxillum
3511 2700 3579 2754 ad

2002 2787 2452 2857 suspendendum
2488 2806 2655 2860 super
2686 2806 2810 2845 eum
2844 2792 3216 2862 quodcunque
3250 2791 3393 2847 vas?
3440 2790 3582 2846 Ecce

2001 2879 2112 2948 igni
2148 2879 2334 2934 datum
2370 2889 2476 2944 est,
2510 2896 2750 2937 annuam
2780 2885 3162 2954 purgationem
3195 2900 3261 2937 ex
3284 2898 3346 2937 ea
3381 2898 3582 2938 cousuc

2000 2971 2100 3025 mit
2130 2970 2293 3040 ignis.
2325 2980 2378 3026 et
2405 2973 2635 3028 dimittit
2680 2975 2732 3029 in
2767 2976 2927 3030 finem
2960 2993 2973 3029 :
3021 2975 3270 3045 nunquid
3309 2975 3443 3030 utile
3470 2976 3576 3030 erit

2003 3062 2070 3116 ad
2105 3077 2245 3132 opus
2271 3063 2335 3116 ‘?
2374 3082 2392 3115 ι
2421 3063 2807 3119 Animadverte
2832 3066 3000 3136 igitur
3030 3082 3138 3136 quo
3165 3074 3321 3135 pacto
3357 3063 3408 3120 id
3434 3065 3579 3133 quod

2002 3154 2169 3207 semel
2197 3154 2432 3209 recisum
2472 3163 2580 3219 est,
2616 3171 2679 3209 ac
2705 3157 2926 3226 penitus
2972 3158 3243 3219 avulsum,
3284 3155 3475 3210 inutile
3506 3156 3580 3211 sit

2001 3263 2248 3318 prorsus,
2280 3263 2382 3303 nec
2410 3250 2477 3303 ad
2504 3251 2669 3303 ullam
2703 3267 2814 3304 rem
2850 3252 3057 3304 utiliter
3102 3249 3346 3303 adhiberi
3381 3247 3575 3318 possit,

2001 3339 2095 3393 sed
2130 3339 2237 3410 igni
2276 3339 2542 3394 duntaxat
2571 3341 2869 3395 inserviat-
2886 3340 3157 3410 Numquid
3189 3354 3318 3409 ergo
3348 3338 3577 3392 manife—

2000 3441 2144 3488 SIum
2181 3440 2285 3497 est,
2317 3434 2536 3487 tametsi
2570 3434 2824 3502 palmites
2873 3434 3048 3488 simus
3080 3449 3110 3485 a
3156 3431 3294 3485 falso
3348 3431 3575 3485 deorum

1999 3526 2150 3580 cultu
2185 3526 2379 3587 avulsi,
2440 3536 2493 3578 et
2526 3524 2683 3577 tidem
2729 3525 2784 3577 in
2833 3524 3118 3577 Christum
3165 3521 3429 3582 confessi,
3468 3522 3574 3575 nisi

2001 3622 2179 3669 tamen
2214 3616 2469 3685 operibus
2493 3614 2542 3669 ei
2578 3614 2859 3683 conjuncti
2896 3613 3185 3676 fuerimus,
3231 3612 3374 3667 idem
3412 3611 3575 3666 nobis

1998 3708 2144 3777 quod
2196 3706 2483 3761 inutilibus
2541 3706 2863 3775 palmitibus
2912 3714 3272 3765 eventurum,
3329 3703 3575 3772 adeoque

1999 3814 2101 3854 nos
2139 3799 2386 3854 excisum
2433 3798 2499 3851 iri
2531 3798 2774 3868 penitus,
2812 3797 2923 3867 igni
2961 3795 3277 3857 tradendos,
3320 3810 3386 3848 eo
3413 3810 3574 3862 quem

1999 3890 2129 3943 olim
2157 3904 2186 3943 a
2227 3889 2338 3943 vite
2366 3888 2707 3943 habebamus
2738 3886 2954 3941 vivifico
2981 3885 3233 3950 humore,
3267 3883 3319 3937 id
3349 3891 3433 3938 est
3456 3883 3580 3952 Spi-

1998 3982 2132 4045 ritu,
2166 3980 2392 4049 insuper
2428 3978 2676 4034 ainisso?
2712 3977 2866 4044 Quod
2905 3977 3051 4031 enim
3104 3975 3362 4031 Christus
3396 3975 3462 4028 de
3510 3986 3573 4026 eo

1998 4052 2136 4127 dixit
2167 4073 2261 4141 qui
2284 4073 2546 4127 talentum
2580 4069 2914 4132 iufoderat',
2944 4071 3046 4123 hoc
3080 4068 3270 4138 utique
3292 4065 3572 4134 impletum

1997 4164 2171 4219 videri
2204 4171 2384 4233 potest
2407 4164 2473 4218 de
2504 4164 2572 4219 iis
2601 4163 2694 4231 qui
2727 4161 2950 4232 penitus
2972 4161 3167 4216 resecti
3201 4166 3348 4214 sunt.
3381 4156 3554 4221 Quem

1999 4254 2287 4309 admodum
2318 4254 2464 4308 enim
2500 4254 2568 4309 ab
2602 4254 2696 4307 illo
2732 4255 3000 4308 talentum
3036 4251 3305 4312 aufertur,
3338 4247 3571 4316 sic,opi-

1998 4361 2119 4410 nor,
2146 4353 2198 4400 et
2234 4361 2297 4400 ex
2333 4345 2582 4415 palmite,
2626 4345 2875 4400 humoris
2902 4355 2994 4397 aut
3030 4342 3316 4413 qualitatis
3374 4343 3570 4404 instar,

1999 4438 2260 4508 Spiritus.
2304 4436 2417 4491 Cur
2443 4435 2693 4491 aufertur
2727 4437 2901 4490 vero?
2933 4436 3010 4491 Ne
3066 4450 3172 4489 una
3213 4450 3334 4489 cum
3383 4433 3448 4486 iis
3479 4431 3569 4500 qui

316 4509 588 4580 θεωρήσαι
622 4529 706 4575 τις
724 4513 790 4566 ἂν
822 4515 1194 4586 πληρούμενον
1221 4521 1315 4573 καὶ
1339 4523 1431 4575 ἐπὶ
1454 4527 1566 4587 τοῖς
1586 4509 1894 4598 ὁλοκλήρως

2001 4531 2054 4585 in
2114 4529 2294 4599 ignem
2345 4527 2669 4583 detrudendi
2724 4536 2852 4581 sunt
2901 4542 2928 4578 a
2977 4526 3166 4594 judice
3216 4523 3568 4578 condemnari

314 4601 646 4670 ὑπομείνασι
692 4604 790 4672 τὴν
834 4606 1135 4677 ἀποτομήν.
1185 4611 1523 4682 Ἀφαιρεῖται
1552 4618 1662 4688 γὰρ
1703 4617 1894 4692 ὥσπερ

313 4692 525 4745 ἐκείνου
553 4692 615 4746 τὸ
661 4695 924 4750 τάλαντον
972 4699 1086 4769 ἅμα
1109 4741 1121 4763 ,
1153 4701 1344 4767 οὕτως,
1390 4702 1562 4775 οἶμαι,
1594 4710 1688 4763 καὶ
1712 4712 1775 4765 ἐκ
1798 4713 1892 4765 τοῦ

314 4783 615 4854 κλήματος,
639 4787 713 4850 ὡς
744 4790 804 4841 ὲν
841 4791 1064 4859 ἰκμάδος
1096 4794 1260 4858 τινὸς,
1282 4796 1399 4867 ἤτοι
1418 4800 1699 4871 ποιότητος
1727 4803 1890 4875 λόγῳ,

314 4877 561 4948 Πνεῦμα.
609 4881 951 4952 Ἀφαιρείται
987 4884 1042 4936 δὲ
1088 4885 1176 4939 διά
1216 4888 1376 4941 ποίαν
1419 4892 1634 4957 αίτίαν;
1668 4894 1786 4948 Ἵνα
1819 4896 1891 4965 μὴ

312 4972 429 5033 τοῖς
458 4973 535 5033 είς
551 4971 611 5025 τὸ
633 4972 744 5044 πῦρ
762 4977 1180 5045 κατοιχήσεσθαι
1212 4980 1462 5047 μέλλουσι
1485 4983 1637 5053 παρὰ
1654 4987 1746 5039 τοῦ
1769 5005 1893 5057 κρι-

311 5062 409 5115 τοῦ
460 5068 1025 5133 συγκαταδικάζεσθαι
1053 5070 1112 5122 τὸ
1145 5072 1370 5143 Πνεῦμα
1399 5074 1528 5145 δοκῇ
1558 5076 1617 5129 τὸ
1647 5077 1895 5132 δεσποτι-

314 5151 430 5205 κόν.
468 5153 529 5205 Ei
559 5153 666 5224 γὰρ
693 5157 740 5208 oi
770 5154 877 5208 τῶν
903 5157 1155 5224 ἐπιγείων
1195 5160 1524 5230 κρατοῦντες
1554 5165 1894 5232 πραγμάτων

309 5242 423 5294 τῶν
454 5243 600 5310 ἆπαξ
638 5248 1017 5317 τετιμημένων
1058 5249 1152 5302 καὶ
1186 5250 1484 5317 βασιλικοῖς
1505 5252 1891 5323 δεδοξασμένον

308 5330 449 5402 [χρ.
492 5332 929 5404 δεδοξασμένων]
978 5339 1238 5407 νεύμασιν
1268 5380 1283 5401 ,
1318 5339 1379 5393 οὐ
1439 5340 1792 5410 καθορίζουσί
1836 5361 1889 5397 τι

304 5419 622 5489 προχείρως
642 5458 657 5482 ,
686 5422 816 5477 ἀλλά
847 5426 940 5477 καὶ
979 5425 1032 5477 εἴ
1073 5443 1157 5489 τις
1185 5426 1338 5495 ἁλοίη
1379 5429 1561 5497 τυχὸν,
1603 5431 1687 5498 ἐφ’
1717 5426 1797 5495 οἷς
1823 5432 1889 5485 ἂν

304 5510 556 5579 εὐλόγως
601 5513 905 5568 ἁποτιννύοι
962 5516 1117 5580 δίκας
1142 5559 1155 5580 ,
1186 5519 1284 5571 οὐκ
1314 5518 1378 5571 ἂν
1406 5519 1563 5573 τοῦτο
1597 5522 1757 5575 πάθοι
1784 5524 1889 5592 πρὸ

302 5604 409 5673 τῆς
439 5602 550 5655 τῶν
581 5603 904 5676 ἀξιωμάτων
942 5609 1212 5679 ἀποϐολῆς
1233 5625 1245 5638 ’
1286 5611 1401 5673 πῶς
1429 5613 1525 5664 οὐκ
1568 5614 1883 5682 ἀναγκαῖον,

377 5784 396 5813 ¹
430 5781 548 5836 Jac.
588 5800 656 5845 Il,
694 5785 782 5840 9.0.
862 5789 880 5819 ³
923 5788 1050 5847 Luc.
1087 5809 1215 5857 xm,
1255 5797 1301 5848 7.

1417 5798 1435 5825 "
1474 5797 1663 5851 litui-li.
1706 5811 1793 5857 xv,
1825 5794 1943 5845 εΗ.

1990 4619 2244 4674 videatur
2275 4617 2599 4686 Dominicus
2637 4617 2902 4685 Spiritus.
2937 4615 3105 4686 868
3135 4614 3267 4667 Nam
3301 4613 3346 4665 si
3386 4625 3567 4677 rerum

1992 4718 2338 4765 terrenarum
2373 4707 2585 4763 domini
2628 4722 2736 4760 non
2782 4715 2984 4761 temere
3023 4705 3319 4774 quidquam
3368 4701 3423 4753 in
3475 4714 3566 4755 eos

1991 4807 2240 4854 statuunt
2272 4815 2414 4869 quos
2443 4799 2509 4852 ad
2542 4799 2782 4852 honores
2814 4799 2981 4853 semel
3013 4797 3294 4853 evexerint
3320 4810 3384 4847 ac
3416 4794 3566 4857 regio

1992 4900 2125 4947 nutu
2158 4892 2430 4952 ornarint,
2463 4891 2557 4944 sed
2592 4889 2637 4943 si
2668 4889 2795 4958 quis
2828 4904 3019 4942 eorum
3053 4888 3238 4940 forsan
3278 4890 3564 4953 perpetra-

1991 4983 2068 5037 rit
2098 4983 2248 5037 unde
2304 4982 2431 5049 jure
2461 4995 2653 5050 pinnas
2705 4980 2842 5041 luat,
2882 4995 2991 5032 non
3060 4987 3185 5030 ante
3220 4976 3267 5028 ei
3312 4975 3560 5042 irrogan-

1993 5080 2082 5125 tur
2115 5086 2280 5140 quam
2304 5070 2612 5125 honoribus
2645 5077 2699 5123 et
2732 5068 3103 5139 dignitatibus
3134 5065 3353 5119 amissis
3382 5082 3393 5115 :
3428 5078 3557 5130 quo-

1992 5164 2156 5216 ruodo
2191 5177 2419 5217 necesse
2454 5177 2564 5216 non
2605 5169 2690 5215 est
2730 5168 2788 5215 ut
2825 5161 3008 5214 anima
3042 5172 3168 5227 quae
3211 5153 3437 5224 superni
3469 5151 3557 5206 Ju-

1989 5253 2128 5307 dicis
2176 5254 2446 5306 sententia
2507 5250 2573 5305 ad
2637 5252 2968 5321 supplicium
3023 5246 3389 5302 condemnata
3438 5250 3561 5303 est,

1989 5352 2285 5413 antequam
2320 5359 2533 5410 pugnam
2557 5343 2747 5396 subeat
2772 5340 3014 5409 Spiritus
3039 5337 3270 5406 gratiam
3298 5334 3553 5404 quodam-

1989 5435 2151 5489 modo
2185 5442 2351 5490 exuat
2405 5443 2571 5504 atque
2601 5434 2845 5501 deponat
2872 5433 2893 5484 ?
2919 5430 3074 5483 Talia
3107 5444 3238 5497 ergo
3268 5442 3559 5498 passurum

1987 5526 2061 5579 ait
2108 5525 2521 5578 infructuosum
2557 5522 2840 5594 palmitem
2869 5559 2884 5582 ,
2922 5525 3071 5572 recte
3116 5518 3411 5574 admodum
3461 5535 3555 5573 uo-

1987 5626 2131 5671 stras
2161 5626 2369 5670 mentes
2388 5615 2745 5677 confirmans,
2780 5619 2839 5664 ut
2873 5610 2924 5663 in
2952 5609 3243 5666 dilectione
3273 5611 3390 5680 ejus
3431 5624 3555 5675 per-

2022 5796 2038 5821 ”
2083 5796 2276 5849 Mallli.
2317 5812 2454 5858 xxv,
2492 5793 2578 5852 1,8.
