4024 6262
473 375 569 431 551

1492 384 1548 443 S.
1573 386 1850 443 CYBILLl
1877 390 2355 454 ALEXANDRINI
2385 401 2701 459 ARCIIIEP.

3621 404 3724 464 352

472 499 703 553 stemus,
756 491 974 547 actione
1008 492 1251 559 virtutis,
1311 503 1367 549 et
1429 495 1765 554 inconcussa
1824 500 1878 554 in
1915 516 2038 556 eum

2151 506 2242 577 τὴν
2279 508 2373 560 ἐπὶ
2416 508 2494 579 τῷ
2519 512 2716 582 χρῆναι
2745 512 3071 578 κολάζεσθαι
3106 514 3596 571 καταδικασθεῖσαν
3623 520 3726 589 ψυ-

476 581 599 635 fide.
629 579 999 638 Fructiferum
1059 600 1190 640 vero
1219 585 1498 655 palmitem
1533 604 1642 644 non
1672 590 1860 661 utique
1897 594 2040 647 vini-

474 673 615 727 toris
644 689 778 728 cura
808 684 1083 744 expertem
1125 674 1242 734 fore
1273 677 1370 740 ait.
1405 679 1500 734 sed
1532 691 1823 751 purgatum
1858 683 1948 748 iri,
1979 693 2039 739 ut

476 763 764 820 uberiores
822 764 1035 820 fructus
1089 767 1394 836 producere
1440 780 1642 840 queat:
1706 782 2040 844 cooperatur

472 853 614 907 enim
649 853 789 909 Deus
820 856 888 909 iis
918 855 1009 925 qui
1058 866 1209 912 recte
1238 858 1421 914 vivere
1454 874 1519 915 ac
1557 862 1694 917 bene
1747 878 1910 934 agere
1943 881 2040 921 co-

473 955 694 1013 nantur,
725 956 779 999 et
820 963 915 1017 per
946 964 1108 1005 omne
1143 951 1361 1019 pietatis
1395 968 1570 1023 genus
1609 970 1731 1011 eum
1764 957 1870 1012 sibi
1914 974 2042 1028 pro-

472 1036 668 1090 mereri
722 1038 970 1103 student,
1025 1040 1202 1103 instar
1261 1041 1417 1099 falcis
1474 1044 1759 1114 cujusdam
1799 1045 2041 1118 Spiritus

473 1125 849 1182 edicacitatem
881 1131 1170 1195 adhibens,
1203 1140 1258 1187 et
1308 1133 1470 1189 modo
1514 1136 1833 1206 voluptates
1866 1139 1918 1191 in
1974 1139 2042 1195 iis

471 1219 876 1275 circumcidens
903 1237 1025 1291 quae
1051 1223 1118 1276 ad
1145 1223 1332 1279 carnis
1359 1239 1598 1280 amorem
1620 1226 1825 1296 iugiter
1856 1226 2045 1297 impel-

472 1317 613 1379 lunt,
642 1316 805 1370 modo
833 1331 1174 1386 quaecunque
1226 1318 1374 1371 novit
1419 1318 1705 1373 hominum
1756 1321 2045 1377 animabus

473 1407 814 1477 contingere,
851 1408 1001 1462 varia
1050 1410 1316 1461 malorum
1353 1410 1538 1478 specie
1589 1417 1824 1465 mentem
1859 1412 2043 1482 inqui-

476 1506 692 1551 natura.
728 1497 879 1552 lianc
900 1498 1101 1569 quippe
1123 1499 1360 1554 dicimus
1388 1516 1510 1555 esse
1536 1516 1646 1555 non
1674 1502 2043 1557 manufactam

472 1598 526 1643 et
554 1590 857 1658 spiritalem
890 1590 1037 1643 illam
1062 1592 1572 1652 circumcisionem.
1611 1596 1678 1647 de
1711 1609 1817 1663 qua
1844 1593 2045 1651 Paulus

473 1681 637 1734 modo
668 1680 892 1749 quidem
925 1681 1040 1735 ait:
1080 1699 1098 1732 ι
1138 1680 1258 1735 Non
1300 1682 1445 1737 enim
1478 1685 1571 1753 qui
1625 1684 1682 1737 in
1731 1685 2043 1753 manifesto,

2147 599 2269 668 χὴν,
2302 599 2393 653 διά
2434 601 2618 673 ψήφου
2668 605 2768 674 τῆς
2822 605 3048 668 ἀνωθεν,
3074 606 3478 677 προσποθέσθαι
3526 611 3728 680 τρόπον

2147 690 2288 755 τινά,
2313 693 2407 745 καὶ
2436 695 2912 763 προαποδύσασθαι
2940 699 3037 767 τῆς
3060 698 3170 752 τῶν
3194 698 3380 753 κακῶν
3411 701 3608 772 πείρας
3628 701 3729 774 τήν

2146 781 2241 834 τοῦ
2282 782 2597 853 Πνεύματος
2651 787 2851 857 χάρινις
2891 788 3182 843 Πείσεσθαι
3217 790 3316 861 μὲν
3347 787 3441 845 οὖν
3491 809 3623 862 φησι
3659 794 3729 848 τά

2148 871 2371 926 τοιαῦτα
2393 874 2455 927 τὸ
2486 874 2731 946 ἄκαρπον
2764 877 2968 948 κλῆμα,
2995 879 3178 943 καλῶς
3208 897 3273 948 γε
3299 880 3363 951 δή
3395 881 3599 954 σφόδρα
3629 882 3730 947 τάς

2147 963 2419 1033 ἡμετέρας
2455 965 2690 1031 διανοίας
2734 969 3199 1040 ἀσφαλιζόμενος,
3257 974 3337 1035 είς
3388 972 3450 1025 τὸ
3502 974 3729 1043 ἔχεσθαι

2151 1054 2321 1122 φιλεῖν
2340 1057 2439 1126 τῆς
2458 1061 2537 1121 είς
2556 1059 2716 1113 αὑτὸν
2731 1062 2971 1132 ἀγάπης,
3001 1062 3090 1115 διά
3109 1079 3170 1116 τε
3188 1063 3287 1133 τῆς
3312 1066 3433 1117 κατ’
3446 1065 3730 1135 ἐνέργειαν

2151 1147 2380 1217 ἀρετῆς,
2412 1150 2505 1201 καὶ
2551 1151 2650 1220 τῆς
2700 1152 2916 1215 ἀσινοῦς
2952 1153 3193 1223 δηλονότι
3242 1153 3496 1217 πίστεως.
3528 1155 3645 1223 Τῆς
3671 1155 3732 1207 δὲ

2150 1240 2245 1294 τοῦ
2288 1242 2650 1310 γηπονοῦντος
2695 1246 2971 1316 φροντίδος
3013 1246 3115 1299 οὐκ
3167 1245 3459 1317 ἀπείρατον
3511 1245 3731 1298 ἔσεσθαι

2153 1333 2429 1396 παντελῶς
2460 1333 2521 1385 τὸ
2563 1336 2906 1407 καρποφόρον
2954 1336 3144 1406 κλῆμά
3170 1352 3323 1407 φησιο
3363 1334 3734 1405 διακαθαρθή-

2155 1422 2339 1475 σεσθαι
2365 1422 2473 1493 γὰρ
2510 1424 2646 1494 πρὸς
2672 1425 2731 1479 τὸ
2763 1427 2856 1478 καὶ
2886 1425 3145 1496 μειζόνως
3167 1426 3422 1479 δύνασθαι
3449 1442 3731 1496 καρποφο-

2156 1516 2267 1582 ρεῖν
2304 1530 2318 1544 ο
2345 1515 2459 1577 τοῖς
2494 1514 2603 1586 γὰρ
2647 1516 2782 1581 ὅλως
2822 1517 3020 1588 ἄριστα
3073 1518 3202 1587 μὲν,
3231 1517 3361 1579 καὶ,
3393 1517 3469 1581 ὡς
3505 1517 3572 1571 ἀν
3616 1517 3732 1586 ἔχοι

2154 1606 2333 1668 καλῶς
2355 1604 2545 1676 διαζῇν
2571 1607 2866 1678 ἑλομένοις,
2890 1609 3251 1678 ἀγαθουργεῖν
3279 1608 3337 1661 δὲ
3365 1608 3448 1661 ὅτι
3494 1608 3732 1678 μάλιστα

2154 1692 2247 1745 καὶ
2277 1692 2364 1746 διά
2406 1694 2586 1764 πάσης
2629 1696 2763 1749 ἰέναι
2808 1696 3083 1760 πολιτείας
3122 1696 3403 1765 θεοφιλοῦς
3433 1698 3736 1768 ᾑρημένοις

473 1771 698 1829 .Iudaeus
723 1781 808 1829 est
831 1812 847 1839 ,
878 1789 1058 1844 neque
1090 1790 1211 1843 qua:
1246 1774 1303 1828 in
1328 1775 1649 1840 manifesto,
1685 1777 1739 1831 in
1770 1792 1939 1832 carne
1960 1787 2045 1833 est

2157 1784 2545 1855 συνεργάζεται
2597 1788 2747 1861 Θεὸς,
2787 1789 3036 1861 καθάπερ
3086 1790 3193 1842 τινὶ⁵
3237 1788 3478 1861 δρεπάνῃ
3528 1792 3596 1860 τῇ
3635 1791 3729 1843 τοῦ

474 1862 865 1918 circumcisio:
901 1865 996 1919 sed
1033 1865 1125 1933 qui
1158 1864 1212 1919 iu
1239 1865 1458 1920 oeculto
1484 1864 1706 1922 Iudaeus
1736 1876 1791 1923 et
1811 1867 2046 1923 circum-

2151 1877 2465 1946 Πνεύματος
2518 1859 2768 1951 ἐνεργείᾳ
2825 1857 3106 1952 χρώμενος
3129 1919 3144 1943 ,
3175 1857 3643 1951 καὶ-περιτέμνων
3671 1883 3732 1934 ἐν

476 1956 617 2012 cisio
641 1955 829 2011 cordis
858 1955 913 2011 in
953 1955 1183 2026 Spiritu,
1218 1974 1329 2011 non
1364 1957 1545 2011 littera
1570 1975 1583 2011 :
1608 1958 1770 2028 cujus
1790 1960 1910 2016 laus
1937 1975 2045 2015 non

474 2064 539 2103 ex
583 2048 918 2115 hominibus,
950 2049 1042 2104 sed
1076 2064 1140 2103 ex
1169 2049 1277 2104 Deo
1300 2060 1385 2104 est
1405 2049 1457 2114 ‘;
1489 2068 1508 2101 ι
1547 2048 1707 2105 modo
1739 2065 1908 2107 vero:
1939 2071 1957 2103 ι
1989 2054 2047 2108 In

475 2155 584 2209 quo
635 2147 689 2194 et
726 2140 1014 2196 credentes
1067 2140 1386 2195 circumcisi
1436 2141 1570 2195 estis
1616 2141 2049 2201 circumcisione

476 2247 586 2287 non
621 2232 1002 2287 manufacta'.
1069 2252 1087 2285 ι
1142 2233 1223 2288 Ad
1259 2249 1381 2302 qua:
1428 2237 1473 2289 si
1525 2234 1775 2289 nonnulli
1819 2251 2050 2306 respon-

474 2324 639 2379 deant
661 2325 828 2395 quod,
861 2325 906 2379 si
944 2333 1253 2394 purgentur
1288 2325 1563 2395 spiritalis
1594 2327 1722 2383 vitis
1758 2328 2045 2398 palmites,

477 2415 531 2469 id
560 2430 667 2469 non
699 2416 819 2470 sine
846 2416 1034 2471 labore
1062 2416 1310 2470 futurum
1345 2418 1458 2483 sit;
1492 2432 1648 2488 teque
1678 2420 1827 2474 enim
1869 2435 1933 2476 ac
1978 2421 2047 2475 li-

475 2519 641 2575 gnum
668 2505 994 2574 patiuntur:
1030 2506 1081 2558 id
1114 2520 1215 2561 nos
1252 2505 1321 2561 de
1351 2507 1557 2562 sanctis
1601 2508 1857 2563 similiter
1892 2509 2049 2563 intel-

476 2596 754 2665 ligendum
786 2596 1099 2650 fatebimur.
1142 2592 1342 2650 Erudit
1387 2599 1589 2671 quippe
1638 2615 1739 2654 nos
1774 2615 1869 2668 per
1901 2601 2051 2654 labo-

476 2701 591 2740 rem
623 2693 678 2740 et
697 2684 1108 2740 tribulationem
1139 2686 1404 2741 virtutum
1442 2703 1634 2745 amans
1659 2688 1802 2745 Deus
1836 2700 2045 2745 noster.

479 2775 635 2832 Unde
673 2777 937 2846 propheta
989 2777 1149 2834 nobis
1184 2779 1354 2835 Isaias
1384 2778 1536 2833 infit:
1577 2797 1598 2830 ι
1653 2780 1849 2836 Abluet
1904 2783 2047 2836 enim

478 2867 745 2924 Dominus
775 2868 965 2925 sordes
1007 2870 1241 2931 filiorum
1266 2877 1321 2925 et
1365 2870 1599 2926 ﬁliartun
1633 2870 1787 2932 Sion,
1831 2880 1885 2927 et
1921 2889 2050 2928 san-

476 2961 698 3031 guinem
741 2961 1062 3016 emundabit
1102 2963 1170 3018 de
1217 2963 1397 3018 medio
1435 2979 1627 3018 eorum
1654 3005 1669 3029 ,
1738 2965 1790 3018 in
1851 2965 2049 3035 spiritu

475 3050 690 3120 jndicii,
719 3060 775 3106 et
808 3052 1006 3120 spiritu
1040 3052 1443 3108 combustionis
1467 3054 1507 3106 ⁸.
1550 3074 1569 3105 ι
1603 3053 1872 3110 Praeterea
1901 3055 2047 3110 divi-

480 3158 581 3198 nus
612 3143 702 3198 ille
749 3142 995 3199 Paulus:
1035 3163 1053 3196 ι
1099 3143 1157 3198 Si
1197 3144 1253 3198 in
1310 3144 1607 3213 disciplina
1655 3147 2045 3215 perseveratis,

478 3252 736 3310 tanquam
767 3239 893 3294 tiliis
927 3240 1085 3294 vobis
1119 3255 1177 3295 se
1199 3238 1380 3294 offert.
1410 3239 1549 3304 Quis
1584 3239 1728 3293 enim
1781 3249 1866 3295 est
1899 3239 2046 3294 filius

476 3347 637 3401 quem
666 3347 772 3387 non
803 3332 973 3403 869
1004 3331 1271 3400 corripiat
1312 3331 1552 3400 pater“?
1596 3351 1615 3383 ›
1656 3329 1798 3396 Quin
1844 3338 1895 3385 et
1938 3331 2054 3400 ipse

476 3439 693 3479 onmem
726 3425 1150 3479 admirationem
1183 3427 1460 3481 excedens
1488 3433 1806 3481 sanctorum
1850 3428 2053 3481 chorus

478 3516 893 3585 castigationem
942 3515 1101 3571 istam
1153 3531 1263 3570 non
1294 3514 1513 3581 renuit,
1553 3513 1648 3569 sed
1689 3513 2052 3569 libentissime

477 3608 660 3676 potius
687 3622 805 3662 eam
837 3607 1070 3676 suscipit
1096 3607 1318 3663 dicens:
1346 3627 1365 3658 ι
1390 3606 1618 3675 Corripe
1639 3620 1762 3668 nos,
1789 3604 2047 3669 Domine;

477 3707 853 3754 verumtamen
876 3701 930 3753 in
957 3699 1188 3768 judicio,
1211 3708 1266 3754 et
1289 3714 1395 3754 non
1426 3699 1481 3752 in
1515 3698 1723 3762 furore,
1758 3706 1816 3750 ut
1848 3712 2051 3766 paucos

478 3807 588 3845 non
626 3790 799 3845 facias
834 3807 936 3846 nos
962 3792 1025 3846 ‘°.
1064 3810 1081 3842 ι
1119 3791 1176 3846 In
1216 3791 1403 3847 furore
1439 3792 1642 3861 quippe
1674 3790 2051 3844 infructuose-

476 3897 598 3935 rum
639 3882 923 3952 palmitum
962 3881 1021 3934 fit
1050 3882 1405 3951 exstirpatio;
1441 3882 1542 3935 hos
1589 3894 1786 3948 nempe
1820 3878 1876 3932 in
1918 3895 2051 3946 sup.

476 3974 703 4043 plicium
757 3974 962 4027 mittit:
1021 3974 1115 4029 sed
1168 3974 1220 4027 in
1274 3973 1486 4043 judicio
1539 3972 1759 4043 potius,
1813 3970 1918 4025 hoc
1966 3978 2052 4024 est

476 4063 826 4120 considerate
850 4072 905 4120 et
935 4080 1064 4119 cum
1095 4063 1277 4128 modo,
1312 4063 1727 4119 fructiferorum
1763 4060 2051 4131 palmitum

478 4155 728 4225 purgatio
755 4154 834 4217 ﬁt,
875 4157 1073 4225 exiguo
1098 4155 1282 4210 labore
1314 4155 1622 4210 ubertatem
1655 4167 1719 4205 ac
1746 4151 2051 4207 fecundita-

478 4258 586 4303 tem
622 4247 949 4302 concilians.
997 4246 1155 4312 Quod
1202 4246 1347 4300 nacti
1379 4244 1642 4315 quidam,
1702 4244 2048 4299 exclamant:

482 4359 501 4392 ι
538 4339 786 4403 Domine,
815 4340 871 4394 in
895 4339 1254 4395 tribulatione
1279 4352 1447 4408 parva
1472 4337 1750 4407 correptio
1771 4345 1865 4390 tua
1891 4336 2052 4392 nobis

475 4441 561 4487 est
583 4432 650 4487 “.
696 4450 714 4482 ι
754 4431 960 4503 Exigua
989 4431 1134 4486 enim
1174 4431 1335 4501 plane
1358 4437 1442 4485 est
1474 4430 1756 4485 tribulatio
1784 4444 1891 4500 qua
1919 4444 2052 4500 pur-

2150 1970 2353 2035 αύτοῖς,
2398 1971 2528 2024 ποτὲ
2584 1972 2683 2043 μὲν
2746 1972 2845 2037 τάς
2895 1973 3107 2045 ήδονάς,
3137 1974 3196 2026 αἳ
3231 1972 3319 2026 ἀεὶ
3365 1971 3623 2026 καλοῦσιν
3650 1974 3735 2034 είς

2149 2061 2526 2131 φιλοσαρκίαν,
2563 2064 2657 2116 καὶ
2701 2063 2846 2133 πάθη
2876 2063 3183 2134 σωματικὰ,
3210 2063 3338 2117 ποτὲ
3372 2064 3428 2117 δὲ
3462 2058 3533 2117 αὖ
3569 2063 3733 2117 πάλιν

2149 2152 2218 2205 τά
2248 2153 2456 2220 ὅσαπερ
2484 2151 2592 2207 οἶδε
2637 2157 2757 2219 ταῖς
2784 2156 2911 2209 τῶν·
2936 2154 3239 2225 ἀνθρώπων
3272 2155 3592 2225 συμϐαίνειν
3628 2154 3731 2225 ψυ-

2150 2247 2291 2314 χαῖς,
2320 2245 2406 2298 διά
2458 2246 2707 2317 ποικίλης
2751 2245 2938 2301 κακῶν
2974 2248 3118 2309 ἰδέας
3171 2246 3608 2301 κατασπιλοῦντα
3637 2247 3730 2299 τὸν

2150 2336 2292 2390 νοῦν.
2321 2336 2536 2406 Ταύτην
2564 2337 2673 2409 γὰρ
2700 2334 2837 2392 είναί
2870 2354 3051 2408 φαμεν
3084 2337 3184 2409 τήν
3221 2336 3640 2408 ἀχειροποίητόν
3666 2353 3727 2389 τε

2151 2429 2245 2482 καὶ
2291 2429 2348 2481 ὲν
2384 2430 2661 2500 Πνεύματι
2713 2430 3009 2500 νοουμένην
3065 2429 3392 2501 περιτομὴν,
3424 2430 3553 2500 περὶ
3603 2424 3672 2502 ἦς
3699 2430 3731 2482 6

2151 2519 2361 2584 Παῦλός
2417 2537 2551 2591 φησι
2604 2520 2735 2574 ποτὲ
2783 2520 2922 2591 μέν’
2952 2540 2970 2573 ι
3018 2521 3093 2575 Οὐ
3126 2519 3235 2592 γάρ
3277 2521 3337 2574 ὲν
3381 2518 3462 2590 τῷ
3510 2520 3730 2592 φανερῷ

2164 2609 2413 2673 Ἰουδαῖός
2442 2612 2610 2675 ἐστιν,
2641 2609 2762 2664 οὐδὲ
2797 2613 2830 2681 ή
2861 2610 2919 2663 ὲν
2946 2609 3026 2680 τῷ
3060 2607 3280 2680 φανερῷ
3300 2608 3357 2661 ὲν
3384 2608 3550 2680 σαρκῖ⁵
3578 2624 3733 2677 περι·
3844 2653 3852 2659 .

2151 2695 2310 2765 τομὴ,
2344 2695 2457 2749 ἀλλ’
2492 2698 2520 2749 ὁ
2571 2698 2628 2748 ὲν
2658 2696 2737 2765 τῷ
2768 2696 2996 2767 κρυπτῷ
3036 2695 3303 2761 ’louoaYtoc,
3332 2696 3425 2749 καὶ
3457 2696 3735 2766 περιτομὴ

2152 2786 2379 2856 καρδίας
2437 2787 2495 2839 ὲν
2543 2786 2820 2857 Πνεύματι
2848 2827 2861 2851 ,
2889 2787 2952 2840 οὐ
3005 2788 3334 2859 γράμματι,
3359 2778 3419 2840 οὗ
3454 2787 3484 2838 6
3510 2787 3734 2849 ἔπαινος

2151 2878 2251 2931 οὐκ
2275 2878 2334 2943 ἐξ
2358 2878 2681 2950 ἀνθρώπων,
2711 2878 2826 2933 ἀλλ’
2859 2880 2925 2934 ὲκ
2951 2879 3045 2933 τοῦ
3068 2879 3204 2935 Θεοῦ
3231 2895 3246 2910 ·
3281 2878 3412 2932 ποτὲ
3434 2877 3493 2932 δὲ
3517 2877 3685 2932 πάλιν
3714 2892 3730 2907 ’

2159 2988 2177 3019 ι
2216 2970 2303 3022 Ἐν
2329 2962 2373 3036 ᾧ
2425 2970 2521 3022 καὶ
2569 2969 2957 3035 πιστεύσαντες
3006 2970 3409 3043 περιετμήθητε
3458 2969 3731 3040 περιτομῇ

2154 3058 2565 3130 ἀχειροποιήτῳ.
2612 3079 2630 3112 ι
2685 3060 2957 3115 Φάσκουσί
3001 3078 3063 3114 τε
3091 3060 3229 3132 πρὸς
3267 3059 3443 3113 ταῦτά
3464 3076 3627 3124 τισιν,
3658 3058 3734 3122 ὡς

2154 3150 2312 3220 εἰπερ
2335 3167 2420 3214 τις
2448 3152 2658 3217 γένοιτο
2681 3151 3039 3223 διακάθαρσις
3068 3155 3180 3215 τοῖς
3202 3151 3301 3221 τῆς
3330 3151 3527 3221 νοητῆς
3550 3150 3733 3221 ἀμπέ-

2155 3241 2247 3295 λου
2272 3243 2564 3314 κλήμασιν,
2582 3244 2681 3297 οὐκ
2711 3245 2797 3309 ἂν,
2831 3240 3007 3315 οἶμαι,
3032 3244 3154 3315 δίχα
3178 3244 3340 3297 πόνου
3371 3243 3729 3313 συμϐήσεταιο

2156 3333 2310 3402 ἀλγεῖ
2337 3335 2447 3404 γὰρ
2473 3335 2725 3389 τοσοῦτον
2750 3376 2765 3398 ,
2799 3338 2924 3389 ὅσον
2971 3352 3029 3388 τε
3076 3335 3170 3389 καὶ
3197 3335 3346 3397 ὅπως
3378 3327 3517 3386 οἶδεν
3546 3332 3732 3398 ἀλγεῖν

2152 3423 2213 3475 τὸ
2241 3422 2394 3487 ξύλον
2410 3441 2425 3456 ο
2448 3425 2725 3492 ἀναλόγως
2752 3423 2843 3479 οὖν
2868 3425 2999 3495 ἀρα,
3020 3424 3114 3479 καὶ
3142 3423 3365 3477 ἐπὶτῶν
3396 3422 3568 3491 ἁγίων
3588 3422 3734 3491 ἡμᾶς

2154 3517 2344 3586 νοῆσαι
2378 3518 2672 3587 προσήκοι,
2698 3517 3081 3587 συναινέσομέν
3106 3533 3167 3570 τε
3190 3516 3282 3569 καὶ
3313 3513 3643 3585 συνεροῦμεν
3674 3506 3732 3565 εὗ

2157 3606 2303 3675 μάλα
2336 3606 2737 3679 διεσκεμμένοι.
2796 3608 3048 3661 Παιδεύει
3099 3608 3209 3679 γὰρ
3255 3608 3401 3678 ἡμᾶς
3431 3605 3523 3661 διά
3567 3605 3734 3659 πόνου

2154 3700 2247 3753 καὶ
2294 3698 2524 3769 θλίψεως
2568 3702 2597 3753 6
2642 3701 2929 3770 φιλάρετος
2977 3701 3134 3771 ήμῶν
3190 3700 3342 3764 Θεός.
3387 3701 3496 3753 Καὶ
3540 3698 3674 3766 γοῦν
3707 3699 3737 3750 6

2154 3790 2436 3861 προφήτης
2491 3792 2621 3861 ἡμῖν
2663 3791 2889 3853 Ἡσαΐας
2913 3790 3102 3860 φησιν,
3132 3792 3214 3845 ὅτι
3245 3811 3264 3843 ι
3308 3789 3597 3844 Ἐκπλυνεῖ
3619 3786 3735 3841 Κύ-

2155 3898 2267 3950 ριος
2301 3881 2393 3935 τὸν
2425 3880 2595 3950 ῥύπον
2626 3881 2735 3935 τῶν
2782 3882 2935 3949 υἱῶν,
2966 3882 3060 3935 καὶ
3087 3880 3196 3935 τῶν
3224 3880 3543 3952 θυγατέρων
3571 3878 3731 3947 Σιὼν,

2153 3971 2247 4023 καὶ¹
2283 3970 2343 4024 τὸ
2389 3965 2529 4042 αἷμα
2576 3974 2898 4043 ἐκκαθαριεῖ
2933 3975 2999 4027 ὲκ
3028 3973 3197 4043 μέσον
3231 3972 3446 4036 αὐτῶν,
3476 3972 3538 4025 ὲν
3570 3971 3735 4024 πνεύι-

2156 4081 2284 4132 ματι
2330 4065 2565 4135 κρίσεως
2588 4106 2603 4131 ,
2636 4067 2730 4118 καὶ
2766 4064 3037 4135 πνεύματι
3078 4064 3342 4129 καύσεως.
3379 4083 3397 4115 ι
3430 4064 3542 4117 Καὶ
3572 4062 3733 4125 αὐτὸς

2150 4156 2207 4210 δὲ
2248 4158 2386 4227 πρὸς
2434 4158 2608 4229 τούτῳ
2643 4161 2671 4211 ὁ
2702 4158 2987 4222 θεσπέσιος
3029 4159 3279 4221 Παῦλος·
3320 4177 3338 4209 ι
3379 4158 3440 4211 Et
3484 4155 3730 4211 παιδείαν

2153 4250 2450 4320 ὑπομένετε
2474 4290 2489 4314 ,
2512 4251 2588 4314 ὠς
2633 4251 2769 4314 υἱοῖς
2813 4251 2941 4319 ὑμῖν
2976 4249 3344 4320 προσφέρεται
3386 4250 3414 4301 6
3451 4246 3607 4310 Θεός.
3636 4246 3728 4309 Τίς

2150 4339 2258 4409 γάρ
2282 4341 2427 4393 ἐστιν
2457 4340 2591 4404 υἱὸς,
2620 4340 2679 4393 ὃν
2709 4340 2768 4393 οὐ
2795 4338 3037 4392 παιδεύει
3059 4340 3242 4408 πατήρ
3265 4355 3281 4403 ;
3306 4357 3323 4387 ι
3356 4337 3468 4391 Καὶ
3500 4337 3610 4408 μὴν
3636 4335 3727 4389 καὶ

2151 4432 2311 4495 αὐτὸς
2335 4433 2364 4485 6
2387 4431 2584 4494 παντὸς
2615 4432 2872 4486 ἐπέκεινα
2902 4430 3177 4500 θαύματος
3207 4430 3316 4483 τῶν
3344 4429 3516 4498 ἀγίων
3549 4428 3726 4499 χορὸς,

474 4537 691 4595 gamur,
727 4522 820 4577 sed
850 4523 978 4578 dum
1009 4539 1300 4595 supernam
1333 4524 1480 4578 illam
1508 4522 1857 4593 disciplinam
1888 4523 2046 4578 nobis

2153 4523 2249 4593 τὴν
2299 4523 2386 4577 διὰ
2414 4522 2520 4575 τῶν
2558 4519 2728 4590 ἁγίων
2769 4524 3090 4591 πεφυκότων
3131 4521 3231 4575 οὐκ
3259 4522 3577 4574 ἀποσείεται
3607 4518 3726 4573 παί-

474 4615 705 4684 praebet,
739 4615 930 4670 beatos
974 4629 1074 4671 nos
1110 4616 1295 4670 etlicit.
1340 4614 1511 4684 Cujus
1560 4615 1637 4669 rei
1674 4614 1832 4670 testis
1885 4614 2046 4670 nobis

2152 4613 2333 4666 δευσιν
2360 4653 2374 4674 ,
2412 4611 2787 4697 ἀσμενέστατα
2831 4613 2888 4665 δὲ
2932 4611 3131 4683 μᾶλλον
3182 4611 3465 4682 προσίεται
3520 4611 3723 4678 λέγων·

474 4705 580 4759 erit
636 4705 828 4760 beatus
879 4703 1083 4767 David,
1134 4706 1209 4759 ita
1247 4706 1533 4760 clamans:
1576 4723 1596 4756 ι
1655 4703 1856 4759 Beatus
1888 4704 2049 4759 homo

475 4811 636 4862 quem
673 4804 728 4850 tu
762 4795 1057 4857 erudieris,
1091 4795 1341 4859 Domine,
1381 4805 1435 4851 et
1463 4797 1531 4852 de
1559 4799 1680 4866 lege
1714 4807 1804 4850 tua
1844 4798 2050 4852 docue-

474 4887 551 4940 ris
582 4900 729 4946 eum,
760 4894 820 4939 ut
871 4887 1088 4954 mitiges
1147 4887 1196 4941 ei
1239 4903 1267 4940 a
1321 4888 1516 4944 diebus
1567 4889 1810 4943 malis".
1856 4907 1875 4939 ι
1924 4888 2050 4944 Dies

473 4980 619 5031 enim
651 4979 898 5047 profecto
938 4980 1271 5050 inauspicati
1299 4987 1352 5035 et
1376 4981 1503 5033 mali
1538 4988 1666 5036 sunt
1702 4980 1925 5050 penitus
1953 4995 2042 5035 res

475 5068 640 5124 sectis
688 5081 738 5124 et
788 5071 842 5124 in
889 5071 1221 5141 supplicium
1267 5070 1411 5141 ignis
1456 5070 1852 5134 detrudendis,
1904 5069 2041 5134 dies,

474 5158 886 5227 inquam,illius
916 5159 1092 5215 severi
1121 5168 1178 5213 et
1211 5159 1515 5229 incorrupti
1546 5158 1736 5229 judicii
1759 5172 1775 5212 :
1796 5158 1888 5214 sed
1914 5166 2046 5212 tunc

472 5249 760 5317 castigatis
788 5258 843 5306 et
865 5252 1141 5322 correptis
1165 5251 1352 5305 mitem
1384 5265 1445 5306 se
1469 5250 1676 5320 praebet
1707 5249 1876 5305 Deus.
1907 5248 2044 5302 Nam

470 5339 566 5407 qui
598 5341 728 5395 talis
757 5348 841 5397 est
871 5356 1218 5413 nequaquam
1259 5341 1666 5395 damnationem
1715 5354 2045 5409 pmnamqne

470 5428 714 5493 subibit,
755 5433 1204 5503 quandoquidem
1247 5446 1356 5486 non
1398 5429 1779 5486 infructuosus
1833 5431 2044 5500 palmes

471 5520 702 5575 exstitit.
721 5520 1105 5593 Conjungatur
1133 5524 1314 5592 itaque
1336 5522 1460 5578 ﬁdei
1485 5522 1824 5578 confessioni
1859 5523 2045 5590 splen-

470 5611 573 5665 dor
623 5613 787 5668 etiam
850 5630 1115 5685 operum,
1176 5624 1230 5669 et
1282 5615 1633 5672 sermonibus
1680 5615 1747 5668 de
1796 5613 1906 5667 Deo
1952 5628 2038 5666 res

545 5722 564 5748 "
599 5720 756 5777 Rom.
794 5741 862 5781 ιι,
906 5725 993 5787 ‘28,
1037 5725 1106 5777 29
1169 5728 1188 5757 ⁷
1222 5726 1437 5779 Coloss.
1479 5742 1550 5787 tt,
1590 5727 1670 5779 ll.

474 5791 560 5857 16,
599 5809 711 5849 sec.
745 5793 905 5849 LXX.
989 5798 1029 5827 "
1070 5796 1214 5852 Psal.
1255 5812 1405 5859 xcut,
1448 5797 1529 5849 l2.

1750 5726 1768 5753 "
1809 5725 1913 5777 lsa.
1956 5740 2027 5775 tv.
2060 5723 2109 5776 ί.
2187 5728 2206 5759 ⁹
2248 5723 2411 5779 llcbr.
2481 5743 2577 5791 xu,
2615 5726 2664 5779 7.

2154 4723 2171 4754 ι
2204 4703 2499 4757 Παίδευσον
2523 4703 2691 4772 ἡμᾶς,
2718 4703 2911 4773 Κύριε,
2938 4703 3076 4774 πλὴν
3124 4702 3182 4754 ὲν
3211 4701 3409 4773 κρίσει,
3444 4702 3539 4755 καί¹
3565 4701 3640 4772 μὴ
3669 4701 3726 4752 έν

2148 4793 2345 4864 θυμῷ,
2374 4793 2459 4846 ἵνα
2502 4793 2576 4863 μὴ
2618 4794 2832 4863 ὀλίγους
2878 4796 3025 4863 ἡμᾶς
3074 4794 3325 4863 ποιήσῃς.
3364 4804 3383 4845 ι
3430 4793 3520 4845 Ἐν
3570 4791 3723 4862 θυμῷ

2150 4884 2247 4953 μὲν
2283 4884 2392 4956 γὰρ
2417 4886 2450 4955 ή
2479 4884 2769 4955 ὁλόκληρος
2784 4884 2949 4964 ⁸ἔσται
2981 4885 3090 4937 τῶν
3125 4885 3392 4953 ἀκάρπων
3429 4882 3750 4959 κλημάτωντ

2147 4976 2490 5047 ἀπότμησιςο
2521 4977 2729 5048 πέμπει
2785 4976 2894 5046 γὰρ
2943 4977 3022 5038 εἰς
3070 4976 3311 5037 κόλασιν,
3351 4977 3412 5029 ἐν
3459 4976 3639 5046 κρίσει
3665 4974 3717 5027 δὲ

2145 5067 2365 5138 μᾶλλον,
2396 5068 2541 5122 τοῦτ’
2572 5068 2754 5135 ἐστιν,
2784 5069 2842 5121 ὲν
2884 5067 3168 5134 διασκέψει
3208 5065 3304 5120 καὶ
3355 5064 3577 5135 μέτρῳ,
3620 5063 3720 5117 τῶν

2144 5159 2506 5231 καρποφόρων
2546 5161 2580 5230 ή
2622 5158 2981 5229 διακάθαρσις
3005 5197 3022 5223 ,
3072 5158 3251 5224 ὀλίγον
3288 5155 3490 5226 ἔχουσα
3529 5154 3716 5225 κομιδῇ

2142 5253 2230 5305 τὸν
2272 5252 2432 5305 πόνον
2474 5253 2553 5315 εἰς
2599 5251 2977 5323 καρποφορίας
3015 5247 3399 5319 παροξυσμὸν,
3433 5248 3530 5302 καὶ
3565 5248 3719 5300 εὐαν-

2144 5341 2404 5413 θεστέρας
2450 5342 2764 5413 ἀναδρομῆς
2817 5341 2915 5411 τὴν
2961 5340 3212 5393 ἐντεῦθεν
3263 5339 3555 5411 πρόφασιν.
3617 5337 3718 5391 Καὶ

2149 5431 2277 5500 γοῦν
2324 5432 2713 5503 ἀποδεχόμενοι
2758 5430 2913 5484 τοῦτο
2964 5430 3127 5499 βοῶσί
3177 5445 3358 5492 τινεςο
3389 5448 3408 5481 ι
3440 5429 3636 5501 Κύριε,
3665 5429 3717 5479 ὲν

2150 5523 2323 5592 θλίψει
2353 5526 2585 5594 μικρᾷ-ἠ
2621 5524 2838 5576 παιδεία
2879 5540 2972 5575 σου
3008 5523 3158 5591 ἡμῖν.
3196 5541 3213 5569 ι
3244 5521 3591 5591 Σμικροτάτη
3626 5518 3715 5588 μὲν

2149 5617 2256 5687 γὰρ
2278 5619 2310 5685 ή
2330 5616 2424 5669 τοῦ
2455 5616 2903 5687 διακαθαίρεσθαι
2926 5614 3121 5684 θλίψις,
3149 5612 3288 5667 ἀλλά
3316 5611 3566 5667 παιδείαν
3592 5610 3714 5679 ἡμῖν

2746 5726 2786 5756 ὀ
2821 5724 3019 5779 .lerem.
3057 5741 3109 5789 κ,
3152 5724 3243 5778 25.
3325 5724 3364 5755 “
3410 5720 3514 5778 lsa.
3553 5736 3708 5782 xxvi.
