4024 6262
299 339 402 396 653

1350 310 1416 366 IN
1450 306 1735 365 JOANNIS
1763 305 2217 364 EVANGELIUM
2255 306 2384 362 LIB.
2422 307 2488 361 Χ.

3441 310 3547 365 554

297 446 613 516 παρέχουσα
641 437 739 507 τὴν
787 432 993 487 ἀνωθεν
1014 466 1028 487 ,
1067 420 1374 516 μακαρίους
1407 416 1712 516 ἀποφαίνει.
1759 415 1865 516 lia!

1975 415 2345 470 consentiant.
2394 415 2549 469 Tunc
2602 412 2772 478 enim,
2818 422 2950 469 tunc
3005 429 3113 469 una
3162 432 3287 471 cum
3334 420 3557 475 Christo

297 506 786 608 παραληφθήσεται
838 524 1047 594 μάρτυς
1098 520 1126 570 6
1185 513 1456 608 μακάριος
1507 508 1669 608 dudm
1695 546 1710 571 ,
1732 506 1875 608 οῦτω

297 596 466 698 βοιῦψ
506 596 837 689 ἷΜακάριος
871 611 1186 681 ἄνθρωπος,
1221 604 1282 657 ὃν
1311 604 1377 656 ἂν
1413 599 1729 698 παιδεύσης,
1763 596 1877 697 lui-

1984 506 2225 569 erimus,
2257 513 2541 575 tutamque
2585 520 2649 560 ac
2695 520 2943 559 securam
2982 508 3390 564 communionis
3433 524 3557 563 cum

1983 611 2050 650 eo
2080 596 2189 649 vim
2239 597 2647 662 nancisccmur,
2687 596 2859 649 vitato
2907 598 3238 653 resectionis
3291 601 3556 668 periculo.

294 688 397 793 ριε,
435 719 526 773 καὶ
554 719 618 770 ἐκ
646 712 738 767 τοῦ
780 710 949 781 νόμου
976 722 1071 758 σου
1100 701 1322 771 διδάξῃς
1351 696 1539 793 αὐτδν,
1594 692 1704 793 τοῦλ
1741 688 2001 793 ,πραῦναι
2038 690 2208 793 αὐτῷ
2233 730 2248 754 ,
2487 690 2712 793 ἡμερῶν
3079 710 3100 744 ι
3127 783 3139 793 ι
3163 692 3399 763 Ἡμέραι
3446 695 3562 793 ’γὰρ

288 779 455 872 όντως
502 803 819 875 ἀποφράδες
852 779 971 853 καὶ
1018 793 1257 864 πονηραὶ
1292 790 1407 851 τοῖς
1453 782 1849 875 ἀποτμηθετσιν
1885 779 2178 875 όλοτελῶς,
2234 781 2330 875 καὶ
2358 782 2441 875 εἰς
2470 781 2692 834 κόλασιν
2750 783 2849 852 τὴν
2883 782 2971 875 διά
3240 789 3561 858 κατοικήσε-

288 900 411 953 σθαι
445 871 754 970 μέλλουσιν,
794 880 851 946 αἳ
875 891 974 961 τῆς
995 885 1300 941 ἀδεκάστου
1327 882 1591 953 κρίσεως,
1624 875 1763 930 ἀλλά
1788 872 1912 926 τότε
1943 968 1952 970 Δ
1981 873 2095 970 τοίς
2148 871 2557 970 παιδευομένοις
2614 874 2989 970 καταπραΰνει
3014 873 3165 938 Θεός.
3215 877 3258 929 Τ
3261 877 3404 949 ελοίη
3451 880 3560 950 γάρ

284 993 348 1046 ἂν
371 993 400 1044 6
419 965 661 1054 τοιοῦτος
696 985 951 1058 οὐδαμῶς
976 985 1034 1036 ὲν
1064 983 1175 1044 τοῖς
1207 978 1312 1033 ὑπὸ
1339 977 1522 1048 κρίσιν
1540 974 1636 1029 καὶ
1655 972 1897 1034 κόλασιν,
1938 966 2170 1037 ἐπείπερ
2192 967 2292 1019 οὐκ
2313 965 2561 1037 ἄκαρπον
2581 968 2771 1035 γέγονε
2811 969 3015 1039 κλῆμα.
3069 971 3563 1043 Συμπαραζευγνύα

287 1089 399 1143 σθω
448 1082 744 1157 τοιγαροῦν
771 1085 839 1154 τῇ
890 1082 990 1151 τῆς
1015 1077 1255 1139 πίστεως
1300 1070 1580 1145 ὁμολογίᾳ,
1610 1068 1707 1121 καὶ
1737 1067 1771 1136 ἡ
1804 1064 1893 1157 διὰ
1923 1060 2253 1157 τωνῄέργων
2274 1058 2598 1157 qut-6961f,“
2640 1062 2735 1157 καὶ
2782 1063 3043 1157 συνθείτω
3074 1067 3185 1128 τοῖς
3245 1067 3375 1137 περὶ
3424 1068 3558 1123 Θεοῦ

286 1184 468 1253 λόγοις
517 1152 588 1235 τά
614 1152 966 1251 πράγματα.
1019 1172 1155 1228 Τότε
1192 1170 1302 1240 γὰρ
1326 1208 1340 1232 ,
1374 1166 1496 1219 τότε
1557 1156 1894 1253 συνεσόμεθα
1925 1154 2004 1253 τῷ
2041 1152 2284 1253 Χριστίίῖ,
2303 1152 2426 1253 καὶ.
2456 1153 2555 1223 τῆς
2593 1152 2727 1253 πρὸς
2746 1242 2770 1253 Α
2789 1154 2951 1208 αὐτὸν
2987 1157 3269 1221 κοινωνίας
3291 1158 3388 1229 τὴν
3411 1158 3561 1213 δύνα-

288 1241 382 1349 μιν
439 1241 663 1343 ἀσφαλῆ
685 1241 905 1323 ’τε-’καὶ
951 1264 1179 1337 βεϐαίαν
1233 1259 1521 1329 εὕροιμεν,
1546 1251 1643 1349 τὸν
1679 1252 1753 1349 ἐκ
1772 1247 1885 1349 ’τῆς
1922 1242 2201 1349 ἀποτεμῆς
2238 1241 2624 1349 διαφεύγοντες
2654 1242 2916 1349 κίνδυνονἶ

355 1367 591 1438 Εἴρηται
624 1342 681 1417 δὲ
713 1361 889 1416 ταῦτα
917 1357 1039 1412 νυνὶ
1072 1353 1203 1426 παρ’
1226 1350 1402 1423 ἡμῶν,
1435 1346 1669 1415 ἐπείπερ
1699 1342 1877 1438 ἐδόκει

283 1436 679 1530 πνευματικῶς
708 1456 775 1525 τῇ
806 1452 914 1506 τῶν
955 1446 1335 1520 προκειμένων
1370 1440 1572 1512 θεωρίᾳ

280 1525 439 1601 λεινί
475 1545 623 1609 είκδς
663 1544 721 1598 δὲ
765 1543 829 1613 δή
868 1558 919 1594 τι
964 1539 1058 1592 καὶ
1099 1537 1285 1607 ἕτερον
1324 1532 1530 1587 ἐθέλειν
1569 1525 1873 1599 ὑποδηλοῦν

280 1641 376 1693 τὸν
418 1639 656 1708 Κύριον,
688 1635 775 1689 διά
807 1631 903 1686 τοῦ
941 1631 1106 1701 φάναι
1139 1625 1360 1697 σαφῶς
1394 1643 1413 1677 ι
1453 1624 1571 1677 Πᾶν
1599 1621 1788 1691 κλῆμα
1812 1621 1871 1672 ὲν

2051 1333 2212 1389 Nunc
2243 1342 2425 1388 autem
2461 1334 2577 1388 haec
2617 1349 2647 1388 a
2681 1335 2840 1389 nobis
2863 1335 3011 1388 dicta
3041 1343 3191 1398 sunt,
3228 1337 3357 1405 quia
3395 1339 3561 1408 spiri-

1978 1426 2159 1481 taliter
2190 1425 2341 1480 hunc
2396 1427 2576 1480 locum
2630 1426 2969 1481 intellexisse
3021 1428 3323 1494 videbatur;
3378 1441 3557 1487 tamen

1972 1517 2260 1589 probabile
2286 1525 2372 1574 est
2415 1517 2622 1589 aliquid
2666 1517 2814 1572 aliud
2848 1518 3168 1588 signiﬁcare
3206 1521 3346 1575 velle
3369 1520 3558 1577 Domi-

1967 1625 2125 1678 num,
2156 1625 2221 1666 ex
2253 1626 2320 1667 eo
2340 1612 2488 1682 quod
2519 1610 2656 1666 dicit
2691 1618 2919 1680 aperte:
2961 1630 2979 1662 ι
3011 1608 3242 1666 Omnem
3274 1614 3555 1683 palmitem

281 1731 409 1802 ἐμοὶ
467 1700 546 1801 μίιι
592 1700 755 1800 φέρον
822 1700 1067 1795 καρπὸν,
1100 1720 1241 1789 αῐρει
1295 1716 1426 1770 αὐτὸ
1451 1755 1465 1780 ,
1496 1713 1592 1768 καὶ
1646 1713 1757 1765 πᾶν
1805 1711 1865 1764 τὺ

1970 1702 2025 1757 in
2075 1717 2164 1758 me
2221 1716 2330 1757 non
2394 1701 2657 1756 ferentem
2704 1700 2945 1755 fructum
2974 1737 2991 1763 ,
3051 1702 3211 1756 tollet
3258 1717 3385 1758 eum
3434 1722 3448 1759 :
3505 1714 3558 1760 et

282 1815 679 1889 καρποφοροῦν
736 1813 985 1884 καθαίρει
1040 1809 1202 1872 αὐτὸ,
1259 1808 1348 1860 ῐνα
1384 1804 1597 1876 καρπὸν
1646 1802 1868 1856 πλείονα

280 1908 447 1978 φέρῃ.
495 1925 514 1957 ι
549 1905 752 1974 Κλῆμα
789 1902 916 1973 γάρ,
962 1895 1137 1969 οἶμαι,
1168 1896 1228 1950 τὸ
1251 1899 1319 1967 τῇ
1368 1893 1462 1947 τοῦ
1500 1893 1710 1963 Πατρὸς
1734 1892 1868 1945 ἀπο-

277 1998 444 2069 τομία
478 1997 583 2067 τῆς
612 1995 692 2059 είς
720 1991 952 2064 Χριστὸν
975 1988 1258 2050 κοινωνίας
1304 1985 1753 2054 ἀπεσπασμένον,
1778 1982 1869 2034 τὶν

278 2092 355 2153 είς
386 2088 705 2159 εὐκαρπίαν
723 2086 824 2139 οὐκ
848 2082 1153 2153 ἐπιτήδειον
1171 2080 1281 2133 τῶν
1308 2077 1579 2132 Ἰουδαίων
1614 2076 1868 2146 σημαίνει

283 2182 426 2250 λαὸν,
453 2176 547 2245 οἷς
579 2180 672 2233 καὶ
699 2178 887 2247 ἀξίνην
919 2171 1381 2245 ὲπενεχθήσεσθαί
1412 2186 1577 2239 φησιν
1594 2170 1870 2240 ότρισμα-

283 2271 481 2339 κάριος
552 2269 819 2338 Ἰωάννης,
872 2264 1006 2335 πυρὶ
1064 2259 1537 2333 παραδοθήσεσθαι
1581 2257 1757 2325 λέγων
1809 2255 1870 2308 τὸ

276 2359 726 2431 ἀποτεμνόμενον
766 2355 998 2428 δένδρον.
1029 2354 1108 2408 Τά
1134 2353 1190 2405 δὲ
1217 2351 1426 2416 τελείας
1467 2351 1566 2421 μὲν
1593 2350 1654 2403 οὐ
1682 2348 1867 2418 δεδεη-

281 2448 410 2521 μένα
429 2452 641 2519 τομῆς,
665 2447 1007 2517 ἀπομένοντα
1030 2444 1087 2497 δὲ
1109 2443 1167 2496 ὲν
1190 2446 1258 2514 τῇ
1292 2441 1520 2512 ἀμπέλῳ
1541 2441 1633 2495 καὶ
1653 2442 1718 2510 τῇ
1750 2438 1870 2509 θείᾳ

280 2542 527 2614 φροντίδι
559 2537 1011 2610 διακαθαίρεσθαι
1043 2535 1334 2607 μέλλοντα,
1361 2533 1486 2596 τούς
1515 2549 1573 2585 τε
1607 2532 1666 2597 ἐξ
1691 2532 1870 2585 αὐτῶν

281 2634 721 2696 πεπιστευκότας
762 2631 869 2685 τῶν
914 2628 1206 2693 Ἰουδαίων,
1239 2627 1482 2689 καὶτοὺς
1525 2625 1611 2677 ἐπ’
1641 2623 1867 2686 ἐκείνοις

278 2725 717 2795 ἐπιστρέφοντας
746 2722 804 2788 ἐξ
846 2720 1038 2784 ὲθνῶν,
1074 2714 1156 2801 οἷς
1206 2718 1304 2788 μία
1349 2717 1448 2786 μὲν
1482 2718 1514 2786 ἡ
1563 2714 1863 2785 κάθαρσις·

276 2817 331 2869 ὲν
363 2819 469 2872 Πνε
492 2816 658 2885 ύματι
678 2814 787 2885 γὰρ
812 2814 1044 2867 τελεῖται
1076 2810 1156 2881 τῷ
1179 2810 1339 2880 ἁγίῳ,
1380 2829 1399 2861 ι
1440 2809 1581 2862 κατά
1610 2807 1706 2870 τὰς
1729 2807 1871 2876 Γρα-

279 2910 403 2979 φάς.
457 2906 743 2978 Ἐτεροῖός
787 2921 851 2973 γε
912 2904 1041 2975 μὴν,
1074 2902 1167 2956 καὶ
1218 2899 1676 2973 παρηλλαγμένος
1717 2900 1747 2951 6
1776 2895 1869 2950 τοῦ

283 2996 648 3065 καθαίρεσθαι
710 2996 929 3065 τρόπος.
1002 2991 1390 3062 Ἀποτέμνεται
1460 2989 1569 3059 γάρ
1636 2988 1746 3042 τῶν
1809 2986 1870 3053 ἐξ

1970 1806 2189 1848 omnem
2215 1794 2307 1863 qui
2334 1792 2440 1848 fert
2465 1792 2731 1859 fructum,
2754 1792 3013 1864 purgabit
3043 1807 3193 1857 eum,
3225 1803 3285 1849 ut
3315 1795 3553 1851 fructum

1970 1885 2094 1955 plus
2130 1885 2339 1940 allerat.
2375 1904 2393 1937 ι
2440 1884 2657 1941 Palmes
2699 1888 2871 1952 enim,
2921 1896 2982 1941 ut
3033 1903 3183 1954 reor,
3243 1868 3554 1945 Iudaeorum

1971 1975 2230 2046 p0pulum
2266 1976 2557 2046 signiﬁcat,
2603 1990 2634 2029 a
2673 1979 3064 2034 communione
3096 1979 3303 2035 Christi
3335 1996 3364 2033 a
3395 1981 3556 2036 Patre

1970 2073 2338 2136 amputatum,
2372 2065 2525 2119 illum
2555 2065 2966 2137 inl‘rugil‘erum,
2992 2069 3196 2138 quibus
3231 2077 3285 2123 et
3318 2072 3553 2125 securim

1972 2157 2276 2212 adhibitum
2309 2157 2377 2212 iri
2411 2166 2495 2211 ter
2524 2158 2720 2213 beatus
2754 2156 2996 2214 Joannes
3022 2162 3320 2231 signiﬁcat,
3359 2163 3554 2218 dicens

1972 2248 2386 2320 ignixtraditum
2413 2249 2480 2304 iri
2505 2250 2780 2319 succisam
2806 2251 3080 2306 arborem.
3110 2252 3216 2306 Sed
3249 2259 3304 2306 et
3337 2267 3401 2307 ea
3435 2269 3555 2321 qua:

1971 2342 2134 2413 iligna
2171 2356 2277 2395 non
2307 2348 2437 2396 sunt
2467 2356 2571 2395 cur
2602 2341 2827 2412 penitus
2849 2350 3194 2407 resecentur,
3221 2344 3317 2398 sed
3354 2344 3410 2397 in
3444 2348 3554 2398 vite

1976 2441 2293 2495 remanent,
2328 2447 2392 2486 ac
2422 2432 2611 2487 divina
2651 2447 2786 2486 cura
2819 2433 3102 2504 purganda
3144 2435 3406 2499 veniunt,
3440 2446 3553 2490 tum

1971 2525 2064 2595 qui
2109 2539 2174 2579 ex
2212 2522 2418 2579 Iudaeis
2476 2525 2614 2594 ipsis
2669 2524 3051 2590 crediderunt,
3078 2525 3246 2594 870
3291 2536 3402 2579 tum
3460 2528 3552 2595 qui

1969 2625 2100 2689 post
2134 2617 2260 2672 illos
2300 2632 2363 2670 ex
2417 2617 2679 2685 gentibus
2711 2618 2965 2671 conversi
3006 2625 3156 2680 sunt,
3202 2617 3406 2684 quibus
3442 2633 3552 2671 una

1972 2708 2191 2777 quidem
2230 2715 2314 2762 est
2374 2707 2668 2776 purgatio:
2736 2708 2790 2761 in
2835 2705 3046 2777 Spiritu
3090 2710 3301 2778 quippe
3360 2719 3554 2764 sancto

1973 2799 2274 2869 perficitur,
2317 2798 2478 2868 juxta
2532 2799 2872 2869 Scripturas,
2918 2798 3015 2853 sed
3067 2800 3324 2856 diversus
3369 2812 3550 2857 tamen

1972 2892 2241 2962 purgandi
2296 2890 2514 2947 modus.
2564 2893 2895 2961 Amputatur
2950 2891 3098 2945 enim
3165 2893 3235 2947 ab
3288 2892 3553 2950 lsraelilis

1973 2977 2228 3031 voluntas
2246 2978 2465 3032 vivendi
2487 2977 2649 3048 juxta
2667 2978 2837 3049 legem
2857 2977 3188 3034 Mosaicam:
3218 2981 3288 3036 ab
3321 2982 3553 3038 idolola«

296 3089 535 3161 Ἰσραὴλ,
560 3087 622 3140 τὸ
647 3085 789 3139 κατὰ
816 3087 978 3155 νόμον
1001 3084 1081 3137 ἔτι
1110 3083 1202 3138 τὸν
1225 3081 1519 3137 Μωσαῖκὺν
1545 3080 1733 3150 διαζῇν
1753 3078 1865 3131 ὲθέ-

1971 3073 2179 3121 trarum
2235 3076 2415 3122 autem
2484 3067 2652 3124 corde
2700 3069 2903 3125 veteris
2950 3072 3157 3126 erroris
3207 3074 3551 3142 propositum

283 3181 396 3234 λειν
422 3180 520 3232 καὶ
552 3176 950 3242 πολιτεύεσθαι,
997 3175 1096 3245 τῆς
1123 3174 1181 3227 δὲ
1206 3173 1314 3226 τῶν
1345 3170 1869 3242 είδωλολατρούντων

285 3269 514 3341 καρδίας
563 3269 910 3339 παραιτεῖται
948 3258 1057 3339 [Ion
1097 3263 1453 3336 παραιρεῖται]
1487 3264 1588 3334 τῆς
1635 3263 1868 3334 ἀρχαίας

284 3360 504 3429 ἀπάτης
542 3361 571 3411 6
599 3358 820 3423 σκοπὸς,
851 3358 946 3411 καὶ
968 3356 1070 3426 τῆς
1093 3354 1201 3410 τῶν
1225 3356 1499 3409 ἀσυνέτων
1531 3353 1871 3424 ἀκαθαρσίας

284 3452 315 3504 6
345 3451 633 3522 συρφετὸς,
662 3450 752 3504 ἶνα
805 3449 1070 3503 δύνωνται
1113 3447 1301 3519 φέρειν
1349 3447 1449 3518 τῆς
1485 3446 1636 3508 θείας
1677 3463 1737 3498 τε
1775 3446 1871 3499 καὶ

285 3541 648 3611 εὐαγγελικῆς
678 3538 1012 3603 παιδεύσεως
1036 3539 1127 3593 τὸν
1148 3537 1406 3608 ἐδώδιμον
1434 3536 1624 3607 ὥσπερ
1650 3537 1728 3607 τῷ
1749 3535 1870 3605 Θεῷ

286 3634 389 3684 καὶ
421 3631 572 3699 φίλον
599 3632 770 3694 ὅντως
798 3630 1032 3702 καρπόν.
1059 3630 1182 3683 Ὅτι
1210 3628 1266 3681 δὲ
1312 3628 1474 3683 πάλιν
1514 3628 1645 3698 ἡμῖν
1675 3626 1870 3697 ἀληθὲς

292 3721 542 3790 φαίνεται
574 3722 635 3775 τὸ
668 3721 977 3793 εἰρημένον,
1010 3720 1248 3791 χαλεπὸν
1279 3719 1434 3773 οὐδὲν
1461 3717 1869 3788 πληροφορῆσαι

292 3811 356 3875 ἐξ
388 3813 568 3866 αὐτῶν
592 3814 701 3868 τῶν
730 3813 889 3867 θείων
915 3811 1285 3884 Γραμμάτων.
1321 3810 1666 3864 .Ἐπιστέλλει
1708 3809 1815 3880 γὰρ
1843 3812 1871 3862 6

291 3901 579 3969 θεσπέσιος
611 3904 823 3969 Παῦλος
851 3908 962 3969 τοῖς
991 3904 1090 3976 μὲν
1123 3903 1180 3971 ἐξ
1212 3903 1480 3957 Ἰουδαίων
1516 3901 1867 3955 πεπιστευκό-

288 4010 408 4060 σιν,
436 3995 527 4048 ὅτε
555 3996 664 4050 τῶν
704 3995 1077 4066 εὐαγγελικῶν
1107 3994 1390 4066 δογμάτων
1415 3994 1865 4065 ὀλιγωρήσαντες,

281 4085 464 4139 ὀπίσω
482 4087 643 4142 πάλιν
661 4086 863 4158 ᾤχοντο
877 4088 976 4152 τὰς
1002 4085 1097 4140 τοῦ
1120 4086 1284 4157 νόμου
1308 4084 1667 4155 τετιμηκότες
1687 4086 1864 4150 σκιάς·

288 4194 308 4228 ι
368 4177 870 4250 Ἀπηλλοτριώθητε
910 4177 1018 4232 ἀπὸ
1051 4174 1323 4248 Χριστοῦ,
1364 4177 1559 4239 οἵτινες
1610 4177 1669 4228 ὲν
1717 4176 1867 4247 νόμῳ

280 4268 589 4324 δικαιοῦσθε
617 4309 631 4336 ,
671 4270 769 4342 τῆς
816 4270 1038 4342 χάριτος
1081 4268 1401 4334 ἐξεπέσατε.
1446 4285 1466 4318 ι
1515 4269 1625 4321 Καὶ
1653 4267 1842 4322 πάλιν·

287 4380 305 4413 ι
330 4362 490 4429 Λέγω
504 4362 611 4434 γάρ
629 4363 776 4434 ὑμῖν,
796 4363 878 4415 ὅτι
895 4363 989 4417 ὲάν
1016 4359 1438 4433 περιτέμνησθε,
1455 4360 1687 4430 Χριστὸς
1712 4360 1861 4430 ὑμᾶς

281 4452 431 4505 οὐδὲν
491 4450 779 4523 ὠφελήσει.
817 4471 833 4503 ι
887 4453 949 4504 Εἰ
996 4452 1053 4504 δὲ
1082 4451 1143 4504 τὸ
1186 4450 1470 4520 βούλεσθαι
1519 4449 1859 4504 δικαιοῦσθαι

280 4544 421 4597 κατά
466 4543 559 4598 τὸν
603 4544 768 4612 νόμον
817 4542 1130 4613 ἀλλοτρίους
1179 4541 1378 4604 αὐτοὺς
1426 4542 1713 4608 ἀποφαίνει
1769 4540 1863 4593 τοῦ

280 4624 555 4702 Χριστοῦ,
605 4633 724 4697 πῶς
775 4632 898 4703 οὐχὶ
944 4632 1158 4695 πάντως
1207 4631 1610 4700 ἀναμφίλογον,
1641 4631 1724 4684 ὅτι
1766 4631 1865 4701 τῆς

280 4724 420 4778 κατά
466 4726 632 4796 νόμον
697 4723 974 4785 πολιτείας
1009 4725 1043 4794 ἡ
1086 4722 1385 4786 ἀπόθεσις,
1442 4723 1542 4792 τῆς
1594 4724 1673 4786 είς
1724 4724 1861 4793 Χρι-

282 4816 401 4868 στὸν
425 4815 727 4885 συναφείας
758 4815 1011 4885 προξενεῖ
1054 4816 1152 4884 τὴν
1181 4812 1406 4883 δύναμιν
1431 4832 1447 4880 ;
1471 4815 1861 4885 Περιτέμνεται

278 4905 456 4959 τοίνυν
505 4905 651 4959 οὕτω
683 4906 782 4974 μὲν
809 4906 837 4957 6
870 4904 1104 4975 Ἰσραὴλ,
1137 4902 1543 4973 διακαθαίρεται
1571 4902 1628 4955 δὲ
1664 4902 1861 4973 μᾶλλον

248 5044 253 5048 .
283 4997 369 5049 καὶ
395 4998 424 5049 6
452 4996 589 5048 ποτὲ
632 4999 698 5067 τῇ
730 4997 906 5050 κτίσει
946 4995 1249 5067 λατρεύσεις
1277 4996 1426 5066 παρά
1453 4995 1546 5049 τὸν
1576 4998 1856 5063 κτίσαντα,

275 5085 370 5156 τὴν
398 5087 635 5160 ἀρχαίαν
675 5088 830 5141 νόσον
864 5087 1174 5142 ἀποϐαλών.
1205 5088 1271 5140 Τί
1302 5087 1410 5159 γὰρ
1441 5089 1577 5160 πρὸς
1606 5089 1800 5153 αὐτοὺς
1832 5092 1860 5143 ό

276 5176 485 5241 Παῦλός
524 5194 723 5248 φησιν;
760 5197 778 5230 ι
818 5179 881 5232 Et
903 5178 1010 5249 γὰρ
1035 5178 1220 5249 ἐχθροὶ
1245 5177 1415 5243 ὄντες,
1439 5176 1856 5248 κατηλλάγημεν

275 5265 350 5335 τῷ
379 5268 501 5338 Θεῷ
526 5309 542 5334 ,
577 5268 663 5322 διὰ
694 5267 785 5322 τοῦ
831 5268 1060 5322 θανάτου
1118 5268 1213 5320 τοῦ
1264 5265 1395 5320 Υίοῦ
1438 5267 1640 5332 αὐτοῦ,
1676 5268 1853 5339 πολλῷ

277 5357 477 5426 μᾶλλον
498 5358 923 5427 καταλλαγέντες
945 5357 1301 5428 σωθησόμεθα
1326 5359 1384 5410 ὲν
1402 5360 1469 5429 τῇ
1494 5358 1603 5429 ζωῇ
1628 5358 1812 5412 αὐτοῦ.
1826 5377 1844 5408 ι

272 5450 526 5503 Λίτιᾱται
557 5449 616 5503 δὲ
639 5451 730 5504 καί
755 5468 918 5521 φησιν
957 5451 1015 5502 ὲν
1043 5450 1253 5521 ἑτέροις
1278 5468 1288 5481 ·
1325 5467 1343 5499 ι
1380 5450 1518 5503 Νυνὶ
1553 5451 1609 5502 δὲ
1636 5450 1851 5517 γνόντες

274 5540 429 5607 Θεὸν,
452 5538 651 5612 μᾶλλον
678 5541 733 5594 δὲ
751 5540 1085 5609 γνωσθέντες
1103 5540 1205 5593 ὑπὸ
1232 5539 1389 5606 Θεοῦ,
1405 5539 1520 5604 πῶς
1555 5539 1714 5592 πάλιν
1732 5543 1853 5593 ἐπι-

1979 3159 2270 3223 avellitur,
2317 3168 2373 3215 et
2427 3160 2766 3230 impuritatis
2825 3161 3208 3232 insipientium
3265 3164 3549 3220 hominum

1972 3252 2149 3320 palea,
2187 3252 2469 3307 utdivinte
2524 3261 2581 3309 et
2619 3255 2949 3324 evangelicae
2996 3254 3268 3311 doctrinae
3307 3256 3547 3313 fructum

1972 3342 2375 3413 quodammodo
2415 3345 2612 3400 edilem
2646 3346 2868 3417 Deoque
2911 3362 3098 3402 revera
3131 3355 3369 3418 gratum,
3402 3349 3550 3406 ferre

1971 3437 2205 3505 possint.
2267 3435 2426 3501 Quod
2482 3446 2665 3491 autem
2717 3454 2904 3493 verum
2945 3438 3079 3492 illud
3134 3438 3241 3502 sit,
3292 3454 3402 3493 non
3444 3443 3550 3495 erit

1970 3525 2189 3581 diﬁicile
2238 3541 2303 3578 ex
2356 3525 2579 3580 Litteris
2610 3526 2813 3584 divinis
2883 3529 3283 3583 demonstrare.
3342 3528 3547 3585 Scribit

1970 3617 2117 3671 enim
2147 3616 2369 3670 divinus
2402 3614 2611 3671 Paulus
2640 3614 2846 3672 Iudaeis
2883 3615 3138 3671 ﬁdelibus
3160 3658 3173 3681 ,
3206 3617 3298 3686 qui
3346 3622 3546 3688 spretis

1970 3707 2301 3778 evangelicis
2347 3707 2630 3778 dogmatis
2670 3714 2821 3763 retro
2851 3722 3048 3763 rursus
3088 3708 3375 3775 abierant,
3410 3710 3544 3781 legis

1972 3798 2197 3853 umbras
2234 3796 2482 3852 venerati
2513 3815 2526 3850 :
2568 3814 2587 3847 ι
2618 3795 2881 3852 Evacuati
2911 3797 3050 3854 estis
3070 3812 3101 3851 a
3130 3798 3388 3854 Christo:
3421 3802 3546 3871 qui-

1970 3905 2187 3961 cunque
2202 3891 2259 3946 in
2272 3891 2391 3963 lege
2405 3890 2808 3962 justiﬁeamini,
2827 3905 2858 3946 a
2871 3892 3047 3963 gratia
3062 3893 3350 3950 excidistis
3371 3894 3505 3950 ¹³·¹³.
3526 3914 3538 3944 ο

1969 3984 2036 4039 Ει
2069 4000 2303 4041 rursus:
2360 4004 2380 4038 ι
2432 3986 2565 4041 Dico
2622 3987 2769 4041 enim
2824 3986 2983 4043 vobis
3026 3987 3312 4058 quoniam,
3352 3990 3397 4044 si
3438 3990 3545 4044 circ

1969 4077 2380 4143 cumcidamini,
2423 4077 2680 4134 Christus
2732 4078 2890 4135 vobis
2936 4078 3074 4133 nihil
3125 4080 3371 4149 proderit
3398 4080 3461 4134 “.
3518 4102 3536 4133 ι

1970 4168 2127 4233 Quod
2176 4169 2223 4222 si
2279 4169 2418 4225 velle
2462 4170 2750 4239 justillcari
2798 4171 2959 4241 juxta
3010 4171 3207 4243 legem,
3253 4173 3458 4229 alienos
3512 4190 3540 4227 a

1969 4259 2189 4315 Christo
2218 4274 2314 4315 eos
2344 4261 2545 4324 reddit,
2582 4263 2858 4331 quomodo
2893 4275 3005 4316 non
3057 4262 3425 4317 indubitatum
3458 4275 3541 4319 est

1970 4371 2220 4426 prorsus,
2239 4356 2435 4425 legalis
2464 4358 2903 4413 conversationis
2930 4358 3160 4427 repudio
3190 4357 3541 4428 conjunctio-

1968 4464 2092 4503 nem
2131 4464 2254 4503 cum
2281 4448 2507 4503 Christo
2541 4450 2870 4504 conciliari?
2901 4448 3332 4504 Circumciditur
3358 4450 3541 4520 itaque

1964 4539 2067 4593 hoc
2116 4538 2279 4592 modo
2334 4537 2554 4607 quidem
2610 4539 2813 4603 lsrael,
2863 4538 2975 4592 imo
3029 4546 3319 4608 purgatur,
3365 4538 3537 4591 veteri

1960 4629 2156 4684 morbo
2185 4630 2453 4700 deposito,
2492 4630 2585 4699 qui
2621 4629 2934 4684 creaturam
2978 4644 3077 4699 pro
3110 4629 3370 4684 Creatore
3408 4628 3534 4682 olim

1961 4721 2149 4776 coluit.
2184 4721 2326 4787 Quid
2378 4722 2522 4777 enim
2578 4720 2642 4775 ad
2696 4735 2790 4776 eos
2851 4720 3054 4775 Paulus
3112 4717 3350 4773 scribit?
3401 4734 3420 4768 ι
3478 4716 3533 4769 Si

1962 4816 2132 4879 enim,
2152 4830 2277 4870 cum
2304 4816 2511 4872 inimici
2540 4825 2812 4881 essemus,
2835 4814 3178 4872 reconciliati
3205 4827 3395 4869 sumus
3425 4811 3535 4867 Deo

1962 4921 2060 4977 per
2090 4914 2317 4962 mortem
2371 4906 2494 4961 Filii
2552 4909 2697 4978 ejus,
2751 4908 2926 4962 multo
2958 4907 3131 4977 magis
3166 4905 3531 4965 reconciliati,

1958 4997 2096 5052 salvi
2126 4998 2333 5053 erimus
2365 4999 2419 5052 in
2448 4999 2560 5053 vita
2592 4999 2767 5068 ipsius
2791 4999 2854 5052 ".
2898 5017 2915 5050 ι
2959 4995 3258 5065 Redarguit
3291 5008 3443 5058 vero,
3479 5002 3533 5046 et

1958 5087 2031 5141 ait
2056 5087 2225 5142 alibi:
2267 5105 2285 5138 ι
2321 5087 2479 5143 Nunc
2526 5099 2705 5143 autem
2742 5102 2866 5142 cum
2905 5083 3280 5157 cognoveritis
3336 5082 3529 5145 Deum,

1956 5179 2067 5234 imo
2119 5180 2327 5251 cogniti
2382 5180 2504 5237 sitis
2551 5194 2581 5234 a
2630 5179 2762 5245 Deo,
2826 5176 3103 5248 quomodo
3145 5173 3531 5229 convertimini

1957 5270 2153 5325 iterum
2187 5272 2254 5326 ad
2282 5271 2501 5325 inﬁrma
2526 5279 2582 5327 et
2610 5285 2779 5342 egena
2811 5270 3101 5331 elementa,
3124 5265 3325 5336 quibus
3349 5264 3530 5320 denuo

1958 5361 2170 5417 servire
2199 5363 2363 5417 vultis
2384 5364 2427 5395 ¹⁸
2448 5364 2472 5416 ?
2497 5382 2516 5414 ι
2544 5362 2679 5418 Cum
2701 5377 2832 5431 ergo
2863 5358 2956 5429 qui
2984 5357 3218 5412 inﬁrmis
3242 5357 3529 5412 elementis

1959 5452 2208 5507 serviunt
2239 5454 2403 5509 alieni
2432 5453 2542 5509 sint
2579 5467 2608 5506 a
2647 5451 2892 5515 Christo,
2924 5463 3046 5504 cum
3074 5462 3140 5503 eo
3168 5462 3301 5502 vero
3334 5447 3531 5503 unian-

1963 5550 2053 5595 tur
2075 5542 2167 5612 qui
2199 5553 2470 5599 creaturae
2490 5558 2601 5615 prae
2623 5543 2880 5600 Creatore
2908 5539 3117 5597 servire
3145 5538 3363 5605 nolunt,
3391 5550 3530 5607 quo-

268 5725 275 5736 ‘
351 5723 463 5793 ι’·ξυ
503 5722 680 5777 Galat.
708 5739 763 5789 ν,
792 5723 845 5777 4.
926 5722 967 5755 ’⁸
1004 5722 1138 5778 Ibid.
1170 5722 1222 5775 Ξ.
1305 5725 1343 5757 ιτ
1379 5722 1535 5778 Rom.
1576 5738 1609 5779 v
1634 5762 1647 5789 ,
1687 5724 1775 5780 10.
1857 5724 1865 5754 ¹

1977 5723 2112 5778 alat.
2151 5737 2202 5776 iv
2225 5763 2238 5789 ,
2272 5723 2325 5777 9.
