4024 6262
504 319 613 376 355

1529 311 1584 365 S.
1624 309 1903 364 CYRILLI
1930 308 2397 363 ALEXANDRINI
2435 309 2767 364 ARCHIEP.

3647 310 3752 365 556

507 431 671 488 modo
714 443 822 482 non
877 433 981 481 erit
1045 422 1397 479 manifestum
1450 424 1792 493 purgationis
1849 423 2069 477 modum

2181 422 2436 491 στρέφετε
2479 422 2570 473 ἐπὶ
2618 420 2685 475 τὰ
2735 420 2935 489 ἀσθενῆ
2990 420 3086 472 καὶ
3121 416 3313 487 πτωχά
3369 418 3607 486 στοιχεῖα
3658 419 3753 473 τοῦ

508 521 801 593 gentilibus
853 532 975 572 esse
1029 514 1232 569 veteris
1287 514 1494 567 erroris
1535 514 1886 569 utilissimam
1928 529 2075 569 rese-

506 615 740 670 etionem
772 624 868 681 per
899 607 1189 678 Spiritum,
1225 620 1346 674 quae
1390 606 1657 659 bonorum
1690 620 1864 675 genus
1915 619 2077 661 omne

507 706 657 761 illius
705 704 824 757 loco
874 695 1229 752 multifariam
1277 696 1437 750 nobis
1462 696 1673 751 infert?
1726 696 1882 750 Malis
1929 696 2077 749 enim

509 794 772 865 depositis
817 799 984 860 atque
1019 788 1263 857 rejectis,
1292 790 1347 842 in
1391 803 1582 843 eorum
1636 788 1814 842 locum
1856 786 2075 842 virtutis

511 881 863 958 pulchritudo
882 880 1151 936 succedit.
1171 879 1275 934 Uhi
1302 880 1448 933 enim
1468 879 1641 949 ejecta
1662 890 1745 934 est
1773 877 2074 948 turpitudo,

508 976 583 1030 ibi
624 974 871 1045 gravitas
917 973 1095 1025 oritur
1120 977 1176 1023 et
1226 970 1460 1025 exsistit.
1498 968 1912 1025 Observandum
1949 982 2079 1023 vero

508 1066 985 1124 circumcisionem
1020 1063 1241 1133 quidem
1291 1077 1389 1131 per
1426 1062 1689 1131 Spiritum
1735 1060 2078 1132 purgationis

508 1158 743 1213 cilicium
782 1158 838 1210 in
869 1156 1030 1210 nobis
1060 1155 1308 1224 implere,
1351 1151 1552 1207 Filium
1596 1161 1778 1207 autem
1838 1153 2078 1223 Spiritus

507 1248 823 1319 largitorem
856 1260 984 1301 esse
1008 1262 1021 1298 :
1048 1262 1066 1295 ‹
1096 1245 1171 1299 De
1191 1244 1530 1314 plenitudine
1558 1245 1703 1297 enim
1735 1242 1855 1311 ejus
1884 1257 2080 1299 omnes

510 1338 847 1406 accepimus,
886 1355 905 1387 ι
944 1342 1001 1388 ιιι
1036 1335 1111 1388 ait
1139 1334 1382 1389 Joannes
1408 1338 1474 1397 ιθ,
1512 1342 1566 1388 et
1618 1337 1732 1403 ipse
1763 1336 1971 1404 est-qui
2011 1332 2080 1387 ad

511 1444 614 1482 nos
646 1427 822 1481 dixit:
859 1445 877 1477 ι
918 1424 1162 1495 Accipite
1190 1425 1351 1495 871
1383 1422 1645 1494 Spiritum
1675 1433 1931 1479 sanctum
1957 1424 2022 1481 “.
2057 1444 2074 1477 ι
2112 1434 2117 1438 ’

512 1518 659 1571 Illam
707 1519 892 1586 itaque
941 1515 1320 1585 purgationem
1393 1515 1448 1569 in
1503 1516 1663 1572 nobis
1714 1531 1810 1584 per
1859 1516 2080 1570 modum

510 1610 775 1677 spiritalis
801 1607 1244 1661 circumcisionis
1274 1606 1435 1661 Pater
1456 1622 1552 1676 per
1576 1605 1772 1660 Filium
1799 1614 2077 1677 operatur.

510 1700 779 1766 Quocirca
812 1700 865 1752 in
897 1698 1128 1752 nihilum
1178 1698 1291 1751 abit
1332 1706 1469 1751 tetra
1503 1707 1557 1752 et
1597 1698 1761 1767 impia
1811 1699 2074 1753 adversa-

510 1792 718 1844 riorum
751 1789 999 1851 audacia,
1032 1789 1126 1858 qui
1161 1789 1345 1844 dicere
1379 1790 1538 1843 veriti
1582 1804 1690 1843 non
1735 1797 1893 1844 erant
1947 1790 2075 1859 quia

512 1883 683 1934 vilem
716 1880 957 1949 seipsum
988 1879 1159 1935 Filius
1185 1879 1509 1946 nominavit,
1543 1880 1757 1935 Patrem
1792 1889 1973 1935 autem
2017 1897 2080 1936 ac

513 1969 684 2024 Deum
718 1971 1037 2040 agricolam,
1069 1970 1278 2025 idcirco
1316 1970 1566 2024 eumdem
1601 1985 1711 2024 non
1742 1987 1863 2027 esse
1887 1981 2080 2026 natura

512 2077 637 2115 cum
663 2062 803 2130 ipso.
837 2060 995 2115 Nulla
1016 2063 1219 2132 quippe
1246 2063 1408 2124 ratio,
1441 2062 1639 2132 inquit,
1665 2064 1829 2118 vitem
1853 2074 1907 2119 et
1935 2067 2080 2136 agri-

511 2153 688 2206 colam
718 2153 1058 2221 persuaserit
1087 2170 1255 2207 unum
1293 2164 1346 2209 et
1376 2154 1519 2209 idem
1548 2170 1672 2210 esse
1693 2163 1907 2209 natura.
1945 2156 2081 2211 Cum

510 2258 642 2313 ergo
678 2242 873 2297 Filium
914 2244 1215 2314 agricolam
1252 2258 1375 2299 esse
1399 2245 1801 2316 comperiamus
1834 2262 1932 2317 per
1973 2247 2085 2317 spi-

512 2334 725 2387 ritalem
755 2335 1254 2401 circumcisionem,
1297 2336 1476 2390 sciant
1534 2336 1751 2390 demum
1784 2338 1929 2407 quod
1960 2354 2084 2394 cum

2176 515 2404 583 κόσμου,
2434 507 2516 576 οἷς
2551 513 2711 565 πάλιν
2752 510 2958 566 ἀνωθεν
3005 509 3280 563 δουλεύειν
3308 508 3492 563 θέλετε
3521 525 3537 574 ;
3574 525 3593 560 ι
3625 508 3753 563 Ὅτε

2184 605 2364 659 τοίνυν
2396 605 2445 657 οί
2492 606 2604 666 τοῖς
2633 604 2881 657 ἀσθενέσι
2913 603 3198 672 στοιχείοις
3221 599 3491 655 δουλεύειν
3515 600 3759 665 θέλοντες

2176 695 2590 767 ἀλλοτριοῦνται
2622 693 2881 766 Χριστοῦ,
2923 692 3269 746 συνενοῦνταί
3315 708 3380 759 γε
3417 691 3527 762 μὴν
3566 691 3615 743 οἱ
3643 691 3758 744 δου-

2177 788 2353 841 λεύειν
2383 789 2484 841 οὑκ
2508 788 2822 858 ἀνεχόμενοι
2854 789 2919 857 τῇ
2951 786 3128 839 κτίσει
3166 784 3321 857 παρὰ
3350 785 3443 838 τὸν
3472 784 3759 846 κτίσαντα,

2177 880 2294 941 πῶς
2313 880 2412 932 οὑκ
2443 878 2714 932 ἔσταιτῶν
2736 876 3179 947 ὁμολογουμένων
3208 874 3288 930 ὄτι
3318 876 3519 948 τρόπος
3553 877 3665 937 τοῖς
3704 873 3763 938 ἐξ

2179 971 2348 1026 ἐθνῶν
2375 973 2406 1024 6
2433 971 2533 1040 τῆς
2556 969 2963 1043 διακαθάρσείως
2992 967 3144 1021 ἔσται
3164 968 3262 1038 τῆς
3288 967 3520 1038 ἀρχαίας
3545 966 3763 1035 ἀπάτης

2177 1059 2265 1113 διὰ
2293 1057 2386 1113 τοῦ
2423 1058 2743 1128 Πνεύματος
2777 1057 3196 1127 ἐπωφελεστάτη
3236 1056 3299 1109 τὸ
3354 1056 3430 1126 μὴ
3628 1054 3763 1107 ἀποο

2178 1151 2343 1224 τομὴ]
2385 1154 2495 1206 πᾶν
2527 1147 2664 1215 εἶδος
2695 1153 2826 1222 ¹ἡμῖν
2854 1148 3072 1218 ἀγαθῶν
3095 1148 3446 1218 πολυτρόπως
3482 1150 3761 1201 ἀντεισκο-

2184 1242 2457 1314 μίζουσα;
2510 1244 2599 1296 Ἐν
2646 1241 2755 1311 γὰρ
2801 1244 2866 1313 τῇ
2912 1241 3022 1294 τῶν
3068 1239 3286 1310 φαύλων
3345 1239 3602 1292 ὑποθέσει
3647 1237 3757 1312 [ψ.

2180 1333 2462 1403 ἀποθέσει]
2499 1334 2593 1386 καὶ
2622 1331 2860 1403 ἀποϐολῇ
2890 1331 2951 1385 τὸ
2977 1332 3075 1402 τῆς
3102 1332 3302 1402 ἀρετῆς
3336 1330 3761 1401 ἀντεισκρίνεται

2181 1426 2397 1489 κάλλος.
2436 1426 2607 1478 Ὅπου
2654 1423 2762 1496 γάρ
2799 1423 3092 1495 αἰσχρότης
3143 1422 3406 1487 ἐκποδὼν,
3436 1425 3556 1476 ἐκεῖ
3597 1422 3658 1475 τὸ
3686 1439 3766 1475 σε·

2185 1520 2313 1588 μνὸν
2358 1515 2568 1585 ἀνίσχει
2615 1516 2711 1571 καὶ
2745 1515 3014 1585 φαίνεται.
3050 1514 3391 1586 Σημειωτέον
3416 1514 3474 1568 δὲ
3495 1555 3508 1580 ,
3544 1516 3625 1569 ὅτι
3678 1513 3766 1567 διά

2186 1608 2283 1679 μὲν
2315 1607 2410 1660 τοῦ
2449 1606 2768 1677 Πνεύματος
2796 1609 2830 1676 ἡ
2864 1606 3156 1678 περιτομὴ.
3189 1606 3287 1677 τὴν
3317 1606 3518 1677 τῆςδιά
3556 1605 3763 1676 καθάρ-

2186 1714 2322 1761 σεως
2375 1697 2769 1768 ἀποπληροῦσα
2802 1698 2992 1769 χρείαν
3039 1698 3095 1749 ἐν
3140 1698 3293 1767 ἡμῖν,
3326 1697 3561 1768 χορηγὸς
3594 1697 3651 1750 δὲ
3672 1695 3763 1749 τοῦ

2179 1788 2495 1859 Πνεύματος
2520 1791 2548 1842 6
2574 1790 2720 1853 Υἱός.
2759 1806 2779 1840 ι
2834 1789 2969 1842 Ἀπὸ
2994 1788 3104 1858 γὰρ
3142 1788 3238 1841 τοῦ
3265 1787 3630 1859 πληρώματος
3669 1788 3765 1840 αὑ-

2175 1881 2270 1934 τοῦ
2319 1880 2516 1942 πάντες
2565 1882 2725 1951 ἡμεῖς
2783 1879 3079 1948 ἐλάϐομεν,
3121 1899 3139 1931 ι
3190 1879 3333 1933 κατὰ
3376 1880 3478 1950 τὴν
3519 1879 3765 1932 Ἰωάννου

2177 1974 2384 2043 φωνὴν,
2407 1972 2504 2025 καὶ
2524 1973 2686 2035 αὑτός
2705 1974 2853 2025 ἐστιν
2877 1973 2905 2025 6
2929 1971 3063 2042 πρὸς
3090 1973 3241 2042 ἡμᾶς
3269 1971 3439 2025 είπὼν
3461 1989 3474 2002 ·
3512 1990 3532 2024 ι
3563 1970 3765 2025 Λάϐετε

2178 2063 2407 2134 Πνεῦμα
2453 2064 2627 2132 ἆγιον.
2665 2083 2682 2114 ι
2732 2064 2975 2134 Ἐνεργεῖ
3000 2063 3296 2134 τοιγαροῦν
3346 2063 3445 2135 τὴν
3491 2065 3572 2127 εἰς
3624 2064 3766 2133 ἡμᾶς

2179 2156 2575 2228 ἀνακάθαρσιν,
2604 2155 2679 2218 ὡς
2729 2155 2786 2208 ἐν
2829 2154 3018 2224 τρόπῳ
3059 2154 3157 2223 τῆς
3189 2154 3276 2208 διὰ
3315 2153 3411 2208 τοῦ
3461 2156 3768 2225 πνεύματος

2179 2248 2476 2319 νοουμένης
2531 2246 2836 2318 περιτομῆς
2863 2248 2891 2298 6
2932 2246 3123 2316 Πατὴρ
3155 2245 3225 2298 δι’
3261 2244 3418 2303 Υίοῦ.
3448 2246 3767 2299 Κεκένωται

2178 2339 2358 2391 τοίνυν
2374 2338 2433 2389 τὸ
2454 2335 2649 2407 πικρὸν
2666 2336 2759 2387 καὶ
2780 2335 2992 2388 ἀνόσιον
3013 2333 3118 2387 τῶν
3141 2335 3207 2387 δι’
3221 2335 3473 2398 ἐναντίας
3489 2335 3764 2406 τόλμημα,

510 2424 758 2493 ejusdem
786 2426 992 2496 speciei
1029 2427 1140 2481 sint
1163 2428 1307 2481 inter
1335 2443 1393 2482 se
1420 2427 1695 2499 agricolae,
1730 2431 1784 2483 in
1815 2439 2081 2501 quantum

2184 2428 2259 2499 μὴ
2303 2427 2740 2482 καταδεισάντων
2772 2427 2966 2492 εἰπεῖν,
3003 2426 3077 2489 ὡς
3106 2427 3337 2497 ἐπείπερ
3369 2426 3619 2498 ἄμπελον
3675 2426 3769 2496 μὲν

512 2525 707 2568 natura
749 2531 848 2570 sua
884 2525 1016 2570 sunt
1050 2517 1320 2581 homines,
1356 2517 1708 2573 mam’l‘eslum
1754 2529 1839 2575 est
1886 2519 2083 2575 Filium

2181 2518 2371 2571 ἐαυτὸν
2405 2517 2627 2588 εἴρηκεν
2657 2519 2685 2569 6
2728 2516 2879 2579 Υἱὸς,
2923 2516 3166 2586 γεωργὸν
3193 2516 3250 2570 δὲ
3287 2517 3379 2571 τὸν
3421 2517 3646 2587 Πατέρα
3678 2516 3769 2569 καὶ

513 2620 621 2658 non
692 2621 817 2661 esse
863 2621 893 2659 a
937 2608 1510 2663 consubstantialitate
1568 2626 1692 2664 cum
1758 2608 1920 2665 Patre
1981 2613 2083 2667 Deo

2181 2609 2331 2673 Θεὸν,
2356 2611 2384 2660 6
2406 2608 2568 2670 αὐτὸς
2592 2607 2688 2659 οὐκ
2719 2605 2871 2659 ἔσται
2903 2606 3044 2659 κατά
3075 2606 3238 2675 φύσιν
3270 2608 3441 2676 αὑτῷ.
3469 2607 3648 2675 Λόγος
3667 2606 3770 2676 γὰρ

513 2696 774 2750 alienum.
2191 2701 2364 2762 οὐδεὶς
2395 2700 2696 2768 ἐπιτρέψει,
2727 2701 2880 2769 φησι,
2914 2699 3107 2751 ταυτὸν
3137 2702 3219 2762 είς
3242 2700 3431 2753 οὐσίαν
3450 2699 3699 2771 γεωργόν
3715 2715 3769 2751 τε

513 2787 607 2839 καὶ
650 2788 892 2859 ἄμπελον
947 2790 1187 2844 νοεῖσθαί
1236 2809 1384 2845 ποτε.
1431 2792 1598 2844 Ὅταν
1639 2787 1730 2845 οὖν
1764 2793 2083 2863 εὑρίσκηται
2121 2792 2366 2864 γεωργὸς
2417 2795 2445 2845 6
2507 2792 2634 2854 Υἱὸς
2687 2791 2776 2844 διὰ
2833 2792 2931 2862 τῆς
2984 2793 3041 2843 ἐν
3128 2792 3397 2861 πνεύματι
3444 2791 3768 2863 περιτομῆς,

511 2877 899 2933 διακείσθωσαν
920 2881 1020 2949 ἤδη
1048 2881 1252 2944 λοιπὸν,
1270 2884 1344 2945 ὡς
1371 2885 1597 2957 ἐπείπερ
1628 2887 1876 2956 ἀλλήλοις
1906 2889 2169 2958 ὁμοειδεῖς
2198 2891 2246 2942 οἱ
2273 2889 2529 2958 γεωργοὶ,
2592 2887 2728 2940 καθὸ
2783 2886 3091 2956 πεφύκασιν
3155 2887 3451 2957 ἄνθρωποι,
3511 2886 3771 2958 πρόδηλον

511 2974 591 3025 ὅτι
622 2972 719 3041 τῆς
748 2972 881 3042 πρὸς
905 2973 993 3025 τὸν
1023 2974 1237 3045 Πατέρα
1262 2976 1356 3027 καὶ
1380 2976 1511 3032 Θεὸν
1538 2979 1952 3051 ὁμοουσιότητος
1984 2983 2084 3035 οὐκ
2121 2983 2399 3054 ἀλλότριος
2424 2984 2452 3034 6
2478 2982 2624 3043 Υἱός.

584 3063 700 3129 XV,
721 3065 774 3118 3.
812 3063 937 3118 Jam
977 3082 1063 3120 vos
1112 3071 1293 3125 mundi
1337 3073 1462 3127 estis
1517 3082 1730 3141 propter
1782 3091 2072 3130 sermonem

510 3171 659 3226 quem
678 3156 898 3211 locutus
931 3174 1046 3211 sum
1076 3160 1243 3215 vobis.

580 3246 894 3318 Discipulos
927 3250 1130 3305 iudicio
1164 3261 1222 3307 et
1254 3266 1577 3324 argumento
1606 3257 1920 3312 certissimo
1960 3274 2081 3314 esse

509 3339 585 3393 ait
627 3340 761 3395 artis
791 3339 912 3410 ejus
951 3356 979 3395 a
1004 3357 1114 3413 quo
1156 3354 1480 3415 purgantur.
1518 3346 1638 3401 Jam
1669 3349 1814 3402 enim
1848 3350 2078 3404 munda-

510 3436 598 3484 tos
628 3443 749 3484 esse
781 3430 1002 3493 asserit,
1057 3440 1279 3504 propter
1327 3435 1507 3489 solum
1559 3451 1868 3492 sermonem
1920 3455 2081 3506 quem

508 3517 727 3573 locutus
775 3526 860 3573 est
898 3519 999 3580 eis,
1045 3521 1149 3575 hoc
1190 3531 1274 3578 est
1320 3524 1561 3580 divinam
1616 3535 1668 3580 et
1710 3529 2081 3597 evangelicam

509 3607 839 3665 doctrinam.
874 3608 973 3664 Hic
996 3618 1178 3667 autem
1206 3629 1387 3671 sermo
1416 3625 1501 3673 est
1526 3633 1556 3672 a
1586 3616 1826 3676 Christo.
1860 3621 1929 3675 At
1958 3620 2083 3690 quis

508 3714 656 3755 sana;
697 3701 898 3756 mentis
928 3719 1170 3773 unquam
1212 3705 1551 3763 dubitaverit
1584 3713 1718 3780 quin
1773 3712 1883 3768 l‘alx
1915 3715 2083 3769 veluti

509 3788 758 3859 quaedam
791 3798 844 3844 et
886 3805 1081 3847 manus
1125 3792 1307 3851 Patris
1346 3797 1417 3850 sit
1462 3797 1572 3860 ille,
1607 3814 1704 3867 per
1736 3816 1897 3868 quem
1954 3811 2085 3856 sunt

508 3879 717 3944 omnia,
762 3880 814 3933 id
845 3888 928 3935 est
956 3880 1152 3948 Filius,
1186 3886 1284 3953 qui
1321 3888 1555 3941 culturae
1586 3896 1791 3943 nostra;
1819 3891 2078 3946 virtutem

511 3970 805 4037 adimplet,
858 3987 1023 4040 quam
1075 3972 1251 4030 Patris
1295 3991 1544 4045 personae
1590 3978 1827 4042 tribuit,
1874 3980 2079 4037 docens

508 4062 697 4114 omnia
741 4076 865 4117 esse
915 4077 945 4115 a
1000 4063 1183 4128 Patre,
1241 4076 1614 4123 verumtamen
1668 4076 1929 4140 tanquam
1990 4090 2083 4144 per

509 4152 634 4207 Filii
665 4153 919 4209 virtutem
947 4156 970 4208 ?
1008 4155 1220 4210 Etenim
1247 4156 1561 4214 Servatoris
1596 4176 1780 4216 sermo
1821 4180 1923 4219 nos
1952 4182 2086 4235 pur-

511 4251 624 4316 gat,
670 4245 926 4314 quamvis
957 4247 1176 4301 colendi
1200 4251 1373 4303 nostri
1403 4249 1635 4306 olIicium
1663 4254 1940 4310 tribuatur
1974 4256 2083 4312 Deo

510 4350 577 4390 ac
608 4335 777 4389 Patri.
830 4354 847 4387 ι
884 4334 1008 4406 ipse
1038 4337 1182 4392 enim
1213 4347 1299 4395 est
1344 4341 1523 4405 vivus,
1577 4353 1632 4399 et
1667 4344 2083 4405 eﬂicacissimus

509 4428 632 4497 ejus
657 4441 861 4493 sermo,
882 4430 1197 4502 pertingens
1228 4448 1407 4505 usque
1437 4436 1502 4490 ad
1531 4437 1856 4493 divisionem
1891 4441 2083 4495 animae

509 4532 577 4572 ac
611 4516 861 4587 spiritus,
890 4532 1213 4591 compagum
1250 4538 1469 4594 quoque
1501 4540 1565 4581 ac
1603 4528 1990 4592 medullarum,
2028 4541 2081 4584 et

509 4607 776 4664 discretor
797 4610 1188 4680 cogitationum
1223 4623 1275 4669 et
1316 4617 1691 4673 intentionum
1736 4623 1921 4676 cordis
1946 4623 2012 4676 “.
2060 4642 2077 4674 ι

508 4697 829 4768 Pertingens
898 4700 1043 4754 enim
1116 4718 1290 4773 usque
1355 4706 1422 4760 ad
1485 4708 1817 4777 profundum
1888 4712 2083 4765 anima:

510 4787 796 4856 cujusque,
847 4798 901 4844 et
947 4791 1226 4846 occultum
1269 4796 1709 4870 uniuscujusque
1744 4816 1971 4872 secpum
2018 4816 2082 4856 ac

510 4881 853 4950 propositum
910 4881 1265 4951 exploratum~
1310 4896 1362 4940 et
1423 4897 1671 4958 apertum
1731 4892 1975 4960 habens,
2023 4902 2082 4948 ut

510 4970 675 5038 Deus,
696 4973 853 5026 vanis
876 4974 1095 5042 quidem
1122 4977 1331 5031 nostris
1360 4979 1631 5037 institutis
1662 4992 1877 5037 acutam
1905 4986 2079 5040 aciem

508 5062 731 5117 adhibet
780 5078 879 5133 per
928 5064 1306 5122 ellicacitatem
1358 5071 1619 5139 Spiritus.
1674 5074 1734 5128 id
1788 5079 1935 5130 enim
1987 5092 2084 5147 per

508 5153 887 5222 purgationem
952 5154 1248 5224 signiﬁcari
1324 5160 1661 5227 putabimus.
1730 5162 2081 5235 Quaecunque

507 5255 640 5295 vero
665 5248 862 5296 natura
897 5258 995 5296 sua
1023 5258 1126 5298 nos
1162 5246 1228 5301 ad
1277 5248 1502 5304 virtutis
1552 5250 1884 5306 desiderium
1919 5253 2080 5322 adju-

507 5338 658 5395 vant,
690 5332 804 5386 haec
835 5334 1192 5404 multiplicari
1233 5336 1364 5392 facit
1398 5339 1465 5394 ad
1502 5342 1724 5411 pietatis
1767 5344 2080 5401 fecundita-

508 5428 637 5473 tem.
677 5419 811 5475 Cum
846 5439 977 5495 ergo
1005 5441 1102 5496 per
1129 5427 1324 5482 Filium
1351 5444 1380 5483 a
1416 5428 1581 5487 Patre
1610 5435 1840 5490 culturae
1876 5448 2081 5492 nostrae

507 5506 647 5561 ratio
675 5518 990 5579 peragatur,
1027 5518 1289 5586 numquid
1320 5521 1371 5574 in
1408 5522 1638 5578 nihilum
1673 5524 1889 5580 demum
1930 5530 2073 5582 reci~

2256 3076 2409 3144 Ἤδη
2443 3075 2611 3144 ὑμεῖς
2642 3075 2890 3141 καθαροί
2918 3074 3057 3127 ἐστε
3081 3072 3179 3127 διὰ
3215 3073 3322 3127 τὸν
3346 3074 3553 3142 λόγον,
3573 3072 3647 3127 ὃν
3671 3075 3770 3127 ,ιε-

2183 3167 2424 3234 λάληκα
2447 3166 2608 3234 ὑμῖν.

2265 3257 2563 3322 Ἀπόδειξιν
2621 3256 2809 3327 ὥσπερ
2855 3255 3086 3327 διαφανῆ
3136 3273 3197 3308 τε
3243 3254 3338 3308 καὶ
3394 3254 3767 3324 ἀναμφίλογον

2184 3349 2282 3418 τῆς
2311 3348 2404 3401 τοῦ
2436 3348 2884 3419 διακαθαίροντος
2910 3349 3109 3411 αὐτοὺς
3145 3348 3340 3418 τέχνης
3380 3350 3617 3400 ποιεῖται
3647 3348 3773 3410 τοὺς
3836 3398 3849 3407 ,

2188 3439 2454 3510 μαθητάς.
2494 3441 2631 3510 Ἤδη
2684 3440 2794 3511 γὰρ
2850 3441 3046 3503 αὐτοὺς
3097 3438 3529 3510 διακεκαθάρθαι
3587 3438 3772 3510 φησιν,

2184 3533 2281 3601 οὐχ
2332 3531 2518 3603 ἐτέρου
2551 3531 2695 3594 τινὸς
2747 3529 3196 3593 ἀπολαύσαντας,
3241 3530 3399 3600 μόνον
3445 3529 3505 3582 δέ
3555 3529 3644 3583 διά
3684 3528 3773 3581 τὸν

2187 3624 2324 3693 πρὸς
2354 3623 2552 3686 αὐτοὺς
2570 3622 2872 3691 λαληθέντα
2905 3621 3082 3690 λόγον,
3107 3621 3250 3675 τοῦτ’
3273 3621 3391 3675 ἔστι
3413 3622 3511 3691 τὴν
3538 3621 3692 3675 θείαν
3715 3636 3773 3671 τε

2185 3714 2279 3767 καὶ¹
2305 3713 2665 3782 εύαγγελικὴν
2688 3715 2979 3783 ὑφήγησιν.
3011 3712 3185 3781 Λόγος
3214 3712 3270 3766 δὲ
3298 3708 3452 3776 οὗτός
3477 3714 3597 3765 ἐστι
3624 3715 3776 3786 παρά

2185 3804 2442 3873 Χριστοῦ.
2468 3801 2599 3857 Εἶτα
2642 3803 2726 3866 τίς
2764 3804 2873 3875 ἄρα
2918 3802 3035 3857 ἐστὶ
3075 3804 3185 3856 τῶν
3221 3799 3279 3857 εὖ
3312 3804 3679 3875 φρονούντων,
3717 3804 3776 3867 δς

2185 3896 2446 3948 ἐνδοιάσει
2476 3896 2686 3960 λοιπὸν,
2705 3897 2786 3948 ὃτι
2811 3895 3053 3967 δρεπὰνη
3083 3913 3168 3959 τις
3194 3895 3383 3967 ὥσπερ
3407 3897 3502 3950 καὶ
3525 3898 3651 3968 χεὶρ
3681 3897 3774 3951 τοῦ

2185 3989 2419 4061 Πατρὸς,
2450 3992 2477 4043 6
2507 3990 2573 4043 δι’
2609 3983 2668 4041 οῦ
2717 3989 2786 4043 τά
2818 3990 2996 4063 πάντα
3027 3990 3183 4057 ἐστὶ,
3212 3989 3357 4043 τοῦτ’
3391 3989 3541 4043 ἐστιν
3573 3993 3602 4045 6
3623 3991 3771 4055 Υἱὸς,

2184 4080 2279 4149 τὴν
2302 4081 2402 4149 τῆς
2433 4083 2511 4145 είς
2539 4083 2686 4151 ἡμᾶς
2712 4082 2987 4154 γεωργίας
3019 4082 3297 4152 ἐνέργειαν
3325 4082 3682 4154 ἀποπληρῶν,
3707 4084 3772 4154 ἢν

2183 4170 2261 4239 τῷ
2290 4169 2381 4222 τοῦ
2415 4170 2627 4240 Πατρὸς
2685 4172 2991 4241 προσάπτει
3040 4171 3320 4242 προσώπῳ
3341 4212 3355 4237 ,
3387 4171 3657 4226 διδάσκων
3689 4174 3769 4226 ὅτι

2184 4260 2365 4331 πάντα
2406 4261 2505 4330 μὲν
2531 4262 2681 4331 παρά
2711 4262 2943 4333 Πατρὸς,
2972 4261 3111 4333 πλὴν
3142 4262 3217 4326 ὼς
3246 4263 3334 4316 διά
3361 4262 3646 4332 δυνάμεως
3676 4261 3766 4316 τοῦ

2184 4352 2315 4404 Υίοῦ
2346 4368 2360 4417 ;
2392 4353 2484 4404 καὶ
2511 4351 2619 4422 γὰρ
2647 4353 2675 4404 6
2702 4353 2795 4404 τοῦ
2847 4353 3101 4425 Σωτῆρος
3133 4355 3281 4425 ἡμᾶς
3308 4353 3655 4425 διακαθαίρει
3688 4354 3766 4406 λόο

2183 4460 2276 4510 γος
2303 4483 2317 4507 ,
2349 4444 2523 4497 καίτοι
2558 4445 2658 4513 τῆς
2700 4445 2822 4497 καθ’
2864 4446 3011 4517 ἡμᾶς
3026 4447 3318 4518 ,γεωργίας
3347 4445 3768 4517 ἀνατεθειμένης

2118 4567 2160 4622 D
2188 4532 2264 4601 τῷ
2288 4531 2408 4601 Θεῷ
2462 4532 2557 4585 καὶ
2605 4534 2798 4603 Πατρί.
2843 4554 2861 4585 ι
2903 4536 3072 4598 Αὐτὸς
3106 4538 3213 4604 γάρ
3257 4538 3408 4589 ἐστιν
3440 4538 3469 4589 6
3509 4535 3639 4599 ζῶν,
3674 4536 3762 4588 καὶ

2185 4621 2499 4692 τομώτατος
2533 4623 2698 4676 αὑτοῦ
2737 4625 2912 4692 λόγος,
2955 4628 2983 4678 6
3015 4626 3387 4695 διικνούμενος
3441 4626 3571 4697 ἄχρι
3618 4643 3759 4697 μερι-

2182 4712 2322 4783 σμοῦ
2369 4713 2549 4783 ψυχῆς
2594 4715 2687 4767 καὶ
2728 4716 3065 4785 πνεύματος,
3101 4717 3293 4787 ἀρμῶν
3323 4734 3381 4769 τε
3413 4719 3508 4770 καὶ
3533 4716 3753 4787 μυελῶν,

2182 4803 2277 4855 καὶ
2296 4803 2539 4873 κριτικὸς
2565 4804 2914 4875 ἐνθυμήσεων
2947 4805 3038 4858 καὶ
3057 4805 3273 4859 ἐννοιῶν
3296 4807 3544 4878 καρδίας.
3576 4826 3595 4859 ι
3618 4803 3752 4860 K10-

2185 4895 2499 4965 ικνούμενος
2528 4895 2637 4966 γάρ
2673 4899 2752 4959 εἰς
2800 4896 2868 4949 τὰ
2904 4896 3041 4969 βὰθῃ
3073 4898 3173 4967 τῆς
3194 4898 3425 4953 ἑκάστου
3445 4899 3648 4970 ψυχῆς,
3672 4898 3757 4952 καὶ

2179 4985 2271 5057 τὸν
2313 4986 2370 5038 ἐν
2414 4985 2631 5056 ἑκάστῳ
2674 4987 3052 5057 κεκρυμμένον
3083 4989 3282 5042 σκοπὸν
3310 4990 3757 5043 ἀκατακάλυπτον

2177 5074 2318 5145 ἔχων
2346 5075 2420 5139 ὼς
2443 5073 2605 5139 θεὸς,
2633 5080 2745 5140 τοῖς
2793 5079 2888 5148 μὲν
2929 5079 3159 5143 είκαίοις
3201 5079 3357 5151 ἡμῶν
3380 5080 3753 5150 σπουδάσμασι

2175 5168 2277 5237 τὴν
2297 5166 2474 5232 ὀξεῖαν
2491 5170 2687 5236 ἐπάγει
2715 5169 2888 5239 τομὴν
2915 5169 3003 5223 διὰ
3025 5170 3123 5239 τῆς
3148 5171 3241 5223 τοῦ
3272 5170 3591 5242 Πνεύματος
3612 5172 3759 5241 ἐνερ-

2177 5258 2350 5326 γείας.
2380 5257 2549 5311 Τοῦτο
2573 5259 2703 5328 γὰρ,
2726 5254 2898 5328 οἶμαι,
2915 5259 3210 5330 νομιοῦμεν
3240 5260 3336 5332 τὴν
3362 5262 3752 5332 ἀποκάθαρσιν.

2179 5347 2259 5399 Τὰ
2280 5346 2337 5398 δὲ
2363 5348 2463 5400 ὅσα
2495 5347 2738 5416 πέφυκεν
2776 5349 3008 5417 ὠφελεῖν
3035 5351 3181 5421 ἡμᾶς
3212 5353 3291 5414 είς
3327 5350 3516 5421 ἔφεσιν
3536 5351 3756 5421 ἀρετῆς,

2177 5435 2350 5489 ταῦτα
2378 5437 2913 5502 πολυπλασιάζεσθαι
2951 5444 3098 5493 ποιεῖ
3126 5441 3259 5510 πρὸς
3288 5441 3690 5512 καρποφορίαν,
3722 5439 3753 5508 ἧ

2178 5533 2378 5585 νοεῖται
2433 5535 2554 5585 κατ’
2587 5535 2890 5591 εὐσέϐειαν.
2948 5537 3074 5589 Ὅτε
3129 5535 3307 5588 τοίνυν
3338 5535 3405 5588 δι’
3436 5533 3565 5588 Υίοῦ
3609 5530 3756 5607 παρὰ

578 5681 621 5712 ¹¹
648 5679 808 5773 Joan.
847 5699 899 5751 I,
935 5686 1022 5742 16.
1100 5691 1147 5722 ²⁰
1172 5691 1333 5751 Joan.
1371 5712 1437 5750 xx
1466 5737 1481 5764 ,
1534 5699 1625 5753 9.2.
1703 5701 1746 5731 ¹¹
1785 5699 1950 5757 Hebr.
2001 5720 2052 5758 IV
2080 5708 2221 5771 .12.
