4024 6262
287 309 392 365 357

285 510 505 580 τρόπος,
532 509 906 579 μεματαίωται
928 526 940 539 ο
963 508 1079 571 πῶς
1111 509 1219 578 γὰρ
1251 509 1392 579 οὐχὶ,
1414 509 1475 561 τὸ
1493 508 1747 579 περιττὸν
1770 507 1866 561 καὶ

284 596 721 668 κακουργότατον
754 597 863 649 τῶν
901 597 969 650 δι’
1002 599 1250 662 ἐναντίας
1292 598 1659 669 ἐπιχείρημα,
1683 599 1866 668 ἑτερο-

283 690 397 757 φυᾶ
423 689 514 741 τόν
556 688 682 740 Υίὸν
703 688 792 741 διὰ
814 688 973 741 τοῦτο
1002 689 1272 757 λεγόντων
1301 688 1591 759 ὑπάρχειν,
1623 688 1697 750 ὡς
1727 685 1862 756 πρὸς

282 778 501 848 Πατέρα
541 779 635 831 καὶ
677 778 811 832 Θεὸν
839 819 854 844 ,
890 780 1189 851 ἐπειδήπερ
1242 779 1485 850 ἄμπελος
1535 781 1633 848 μὲν
1678 778 1861 842 αὐτὸς,

279 868 696 938 κατωνόμασται
742 870 798 923 δὲ
835 870 1078 943 γεωργὸς
1117 874 1146 924 6
1179 873 1406 942 Πατήρ;
1439 870 1863 925 Διασκεπτέσθω

276 957 332 1010 δὲ
365 958 657 1023 πάλινρια).
691 961 1057 1032 περιαθρείτω
1084 963 1291 1030 σαφῶς,
1322 964 1404 1015 ὅτι
1425 961 1700 1033 καθαροὺς
1723 957 1861 1015 εἶναι

275 1047 571 1120 διορίζεται
614 1051 741 1113 τοὺς
793 1051 956 1104 αὑτοῦ
1003 1052 1271 1122 μαθητὰς,
1310 1053 1433 1122 οὐχὶ
1463 1053 1647 1115 ίδικῶς
1676 1069 1734 1105 τε
1768 1054 1863 1106 καὶ

273 1139 680 1211 ἀφορισμένως,
710 1141 854 1194 τοῦτ’
886 1140 1020 1209 ἐστι,
1055 1144 1176 1214 δίχα
1204 1143 1297 1197 τοῦ
1331 1144 1686 1213 Μονογενοῦς,
1714 1146 1865 1215 ἐνερ-

274 1229 548 1297 γήσαντός
596 1247 648 1282 τι
687 1230 816 1304 περὶ
876 1234 1075 1296 αὐτοὺς
1129 1234 1223 1288 τοῦ
1276 1235 1412 1288 Θεοῦ
1461 1237 1556 1289 καὶ
1607 1236 1858 1307 Πατρόςο

272 1317 388 1369 ἀλλ’
418 1317 656 1389 ἐπείπερ
703 1320 983 1377 ἐπείθοντο
1009 1322 1084 1393 τῷ
1112 1325 1242 1394 παρ’
1267 1323 1430 1376 αὐτοῦ
1465 1323 1625 1394 λόγῳ.
1649 1325 1861 1398 Ὥσπερ

271 1401 363 1460 οὖν
412 1409 678 1474 ζωοποιός
721 1412 837 1463 ἐστι
882 1412 949 1464 δι’
998 1414 1128 1466 Υίοῦ
1160 1415 1252 1468 καὶ
1297 1416 1354 1469 ἐν
1386 1414 1519 1485 Υἰῷ,
1557 1416 1647 1469 τὸν
1677 1416 1861 1482 αὐτὸνζ

270 1493 451 1568 οἶμαι,
484 1503 690 1571 τρόπον
727 1504 822 1555 καὶ
862 1504 1125 1572 γεωργὸς,
1156 1505 1273 1575 ἦτοι
1302 1505 1408 1557 τῶν
1435 1506 1718 1577 ἡμετέρων
1753 1506 1859 1576 ψυ-

268 1589 382 1659 χῶν
437 1592 799 1665 ἐπιμελητὴς,
835 1595 1061 1657 εἰκότως
1098 1595 1165 1649 ἂν
1206 1599 1376 1649 νοοῖτο
1409 1598 1591 1661 πάλιν,
1619 1599 1719 1669 οὺχ
1746 1601 1860 1652 ἐτέ-

268 1695 402 1749 ρως,
435 1680 469 1750 ἦ
500 1681 571 1732 δι’
599 1682 754 1737 Υίοῦ.
785 1686 846 1737 Εί
869 1685 926 1739 δέ
956 1688 1069 1748 τοῖς
1111 1686 1256 1750 ἅπαξ
1297 1687 1396 1740 οὐκ
1427 1688 1603 1760 ὀρθῶς
1629 1689 1858 1760 εἰρημέ-

262 1786 380 1832 νοις
407 1770 616 1825 οἴονται
644 1774 755 1828 δεῖν
784 1776 1063 1847 ἐπιμένειν
1079 1777 1127 1829 oi
1153 1777 1244 1830 τὸν
1277 1755 1518 1832 ἐναντίον
1557 1755 1696 1850 ἡμῖν*
1721 1755 1856 1851 πρε·-
1887 1755 1929 1809 Β

263 1861 557 1926 σϐεύοντες
613 1864 789 1933 λόγον,
838 1868 930 1921 καὶ
968 1867 1193 1943 ἐπείπερ
1235 1869 1478 1939 ἄμπελον
1506 1869 1697 1923 ἐαυτὸν
1750 1870 1854 1942 ἔφη

260 1951 515 2021 Χριστὸς,
534 1953 625 2007 διά
650 1956 826 2017 τοῦτο,
854 1957 1100 2028 καθάπερ
1126 1957 1184 2023 ἐξ
1223 1959 1489 2030 ἀνάγκης.
1514 1962 1592 2023 είς
1624 1960 1855 2031 ἔκφυλον

259 2042 562 2113 ἑτερότητα
620 2046 894 2116 παρωθεῖν
948 2047 1317 2113 ἐκϐιάζονται,
1346 2049 1400 2104 τί
1443 2051 1503 2103 τὸ
1534 2050 1741 2105 κωλύον
1774 2052 1851 2106 ἔτι

258 2134 347 2186 καὶ
371 2135 521 2204 ἡμᾶς
550 2134 750 2200 αὐτοὺς
776 2137 863 2190 διὰ
895 2140 995 2208 τῆς
1021 2139 1142 2209 ἴσης
1166 2140 1550 2211 ἀναισχυντίας
1573 2142 1707 2196 ίέναι
1741 2144 1851 2198 λοι-

261 2226 379 2289 πόν,
408 2225 502 2278 καὶ
533 2228 891 2299 περιτρέπειν
923 2229 1003 2284 ἔτι
1038 2231 1134 2283 καὶ
1165 2231 1262 2303 οὐχ
1288 2233 1514 2296 ἑκόντας
1540 2234 1736 2298 αὐτοὺς
1764 2234 1851 2288 διὰ

258 2316 352 2385 τῆς
399 2319 695 2390 ίσοτρόπου
730 2321 1020 2392 φλυαρίας,
1047 2322 1147 2392 τῆς
1195 2325 1591 2396 μειρακιώδους
1615 2330 1849 2399 ταυτησὶ

258 2404 348 2457 καὶ
364 2406 602 2476 ἀνοήτου
631 2409 909 2474 παντελῶς
926 2411 1229 2482 διαλήψεως
1252 2415 1617 2470 ἀπανίσασθαι
1641 2419 1845 2487 φιλεῖν;

256 2496 315 2549 El
341 2497 449 2570 γὰρ
479 2500 717 2572 ἐπείπερ
774 2502 1014 2572 ἄμπελος
1062 2504 1311 2576 εἴρηται,
1344 2506 1430 2560 διὰ
1458 2507 1659 2577 ταύτην
1685 2510 1847 2563 αὑτὸν

253 2586 451 2642 οἴονται
489 2590 599 2661 τὴν
655 2591 854 2655 αἰτίαν,
885 2593 985 2663 τῆς
1013 2595 1151 2665 πρὸς
1180 2596 1312 2649 Θεὸν
1340 2598 1431 2651 καὶ
1480 2599 1699 2670 Πατέρα
1728 2600 1844 2654 δια-

256 2677 471 2734 πίπτειν
532 2682 868 2753 οἰκειότητος
914 2690 1171 2758 φυσικῆς,
1209 2688 1301 2742 καὶ
1337 2688 1673 2759 ἐτεροούσιον
1706 2686 1843 2746 εἶναι

258 2770 557 2834 παντελῶς,
584 2771 895 2843 ἐπείπερού
922 2775 1138 2840 ταυτὸν,
1158 2778 1238 2840 είς
1268 2779 1570 2849 ταυτότητα
1604 2780 1839 2849 φύσεως,

253 2857 494 2929 ἀμπελός
520 2878 582 2913 τε
615 2862 709 2914 καὶ
738 2864 1001 2934 γεωργὸς,
1029 2865 1082 2917 τί
1116 2868 1190 2938 μὴ
1219 2867 1312 2920 καὶ
1345 2870 1526 2937 ἡμεῖς,
1560 2870 1651 2924 τὸν
1679 2871 1840 2926 αὑτὸν

254 2950 480 3015 ἐκείνοις
512 2953 982 3025 ἁνθυποφέροντες
1024 2958 1211 3028 ἀμαθῆ
1250 2977 1308 3012 τε
1333 2961 1427 3014 καὶ
1460 2962 1839 3033 ἀκομψότατον

252 3039 532 3112 λογισμὸν,
585 3045 760 3097 ἐκεῖνό
794 3063 1007 3115 φαμεν;
1041 3042 1190 3119 τΑρα
1217 3050 1399 3119 μόνοις
1419 3053 1534 3116 τοῖς
1564 3053 1837 3124 κλήμασιν

251 3132 284 3201 ἡ
318 3132 427 3186 τῶν
474 3138 733 3204 γηπονεῖν
774 3136 1036 3191 εἰωθότων
1066 3140 1338 3195 ἐπιείκεια
1356 3142 1637 3215 λυσιτελὴς
1662 3144 1726 3198 ἂν
1752 3146 1842 3214 γέ-

245 3238 414 3286 νοιτο,
438 3224 531 3277 καὶ
554 3225 681 3297 περὶ
710 3227 845 3296 μόνα
870 3228 1029 3298 τυχὸν
1051 3229 1119 3282 τὰ
1151 3232 1213 3283 ἐκ
1242 3231 1348 3285 τῶν
1376 3232 1644 3304 στελεχῶν
1677 3236 1839 3308 ἐξηρ-

250 3315 483 3384 τημένα,
516 3316 576 3369 τὺ
615 3318 680 3370 ἐκ
713 3319 813 3389 τῆς
852 3319 1049 3399 τέχνης
1094 3322 1430 3395 προϐήσεται
1473 3329 1768 3398 χρήσιμον,
1802 3331 1834 3401 ἢ

172 3389 186 3400 ’
249 3404 510 3476 δεήσεταί
540 3426 682 3474 τινος
713 3389 1027 3480 ἐπιμελείας
1050 3389 1150 3466 καὶ·
1173 3389 1309 3485 αὐτὴ
1336 3415 1446 3471 τῶν

249 3498 473 3566 τροφὸς,
504 3499 646 3553 τοῦτ’
671 3501 817 3555 ἐστιν
843 3504 877 3572 ή
907 3499 1241 3578 ἄμπελος,
1277 3507 1631 3576 προσπέφυκέ
1666 3526 1724 3562 τε
1764 3510 1835 3563 τὰ

250 3584 312 3650 ἐξ
351 3587 523 3655 αὐτῆς
552 3590 649 3642 καὶ
687 3591 1019 3659 ἐνήρμοσται
1059 3595 1341 3662 φυσικῶς;
1388 3597 1528 3650 Ἀλλ’
1558 3597 1833 3661 οὺδέν,οἷ-
1876 3632 1883 3635 ν

257 3693 377 3744 μαι,
408 3677 588 3746 δεήσει
613 3679 749 3748 πρὸς
779 3680 1050 3748 ἀπόδειξιν
1074 3683 1236 3736 πόνου
1255 3701 1268 3714 ·
1300 3690 1515 3757 συνερεῖ
1541 3689 1648 3759 γὰρ
1675 3690 1833 3755 εὐθὺς

255 3766 391 3833 ἡμῖν
417 3766 514 3818 καὶ
543 3768 704 3831 αὐτὸς
733 3771 761 3822 6
788 3769 855 3821 δι’
882 3771 1158 3837 ἐναντίας,
1183 3773 1256 3837 ὼς
1286 3776 1335 3826 εί
1374 3777 1446 3846 μή
1496 3795 1579 3841 τις
1625 3781 1833 3848 γένοιτο

254 3852 364 3905 τῶν
386 3854 696 3927 στελεχῶνή
725 3858 964 3929 φροντὶς,
992 3860 1181 3914 οὐδ’ἂν
1202 3862 1383 3926 αὐτοῖς
1400 3866 1695 3938 ἐνυπάρξαι
1723 3873 1834 3934 τοῖς

250 3945 499 4015 κλήμασι
533 3948 592 4001 τὸ
623 3943 760 4002 εἶναι
788 3949 966 4014 καλῶς
991 3969 1004 3982 °
1039 3953 1225 4025 ἐπειδὴ
1257 3956 1435 4009 τοίνυν
1456 3958 1702 4028 ἄμπελον
1733 3963 1830 4032 μὲν

1342 304 1409 359 IN
1436 298 1719 361 JOANNIS
1752 298 2200 356 EVANGELIUM
2233 300 2360 357 LIB.
2408 300 2471 354 Χ.
2758 372 2763 378 ι

286 419 503 494 Πατρὺς
534 418 832 490 ἐνεργεῖται
884 395 1063 483 καλῶς
1091 417 1191 490 τῆς
1235 420 1314 482 εἰς
1351 394 1502 488 ἡμᾶς
1542 417 1843 489 γεωργίαςι

1966 413 2051 469 dit
2106 413 2350 470 nefarius
2395 414 2490 470 ille
2536 413 2983 470 adversariorum
3035 422 3291 481 conatus,
3339 414 3538 473 Filium

3436 307 3542 365 553

1966 505 2199 561 diversae
2226 520 2255 559 a
2291 505 2398 561 Deo
2427 521 2490 561 ac
2514 504 2679 563 Patre
2713 515 2920 562 naturae
2951 507 3162 562 idcirco
3195 523 3319 564 esse
3351 509 3540 566 dicen-

1966 597 2104 652 tium
2142 598 2308 668 872
2334 598 2482 667 quod
2517 599 2645 655 vitis
2665 600 2888 670 quidem
2931 600 3081 670 ipse,
3115 599 3278 657 Pater
3311 618 3440 657 vero
3470 606 3541 658 sit

1966 686 2210 756 agricola
2266 689 2661 757 nuncupatus?
2714 688 3043 746 Consideret
3089 697 3274 745 autem
3342 706 3539 746 rursus

1963 784 2018 828 et
2076 777 2223 830 clare
2276 778 2695 848 circumspiciat
2765 782 2948 848 ipsum
3006 774 3251 836 statuere
3298 783 3538 838 mundos

1964 880 2089 921 esse
2153 883 2287 924 suos
2321 869 2658 939 discipulos,
2717 886 2830 926 non
2890 871 3161 941 privatim!
3201 872 3421 942 quidem
3474 889 3539 929 ac

1964 959 2220 1022 seorsim,
2246 960 2298 1012 id
2337 968 2420 1015 est
2447 961 2658 1030 absque
2686 960 3006 1032 Unigenito,
3040 973 3305 1034 operante
3335 963 3445 1019 Deo
3474 979 3538 1018 ac

1962 1047 2127 1105 Patre
2157 1069 2171 1105 :
2214 1049 2312 1106 sed
2336 1052 2465 1120 quia
2493 1052 2619 1121 ejus
2666 1056 2910 1108 sermoni
2946 1055 3232 1124 parebant.
3265 1054 3539 1121 Quemad-

1963 1135 2185 1190 modum
2212 1152 2346 1208 ergo
2376 1139 2627 1195 viviﬁcus
2656 1154 2742 1197 est
2774 1158 2871 1213 per
2904 1142 3105 1198 Filium
3161 1152 3215 1199 et
3268 1144 3321 1199 in
3370 1145 3532 1207 Filio,

1962 1229 2177 1295 eodem,
2213 1239 2274 1285 ut
2304 1246 2452 1298 reor,
2482 1234 2648 1288 modo
2680 1235 2843 1290 etiam
2882 1236 3121 1307 agricola
3163 1239 3279 1293 sive
3328 1247 3538 1293 nostra-

1961 1332 2083 1371 rum
2168 1320 2476 1375 animarum
2534 1324 2720 1378 cultor
2756 1326 2882 1396 jure
2924 1328 3122 1382 merito
3166 1344 3362 1384 rursus
3406 1345 3539 1385 cen-

1959 1409 2172 1463 sebitur
2243 1427 2350 1466 non
2403 1414 2560 1468 aliter
2620 1432 2785 1487 quam
2851 1434 2948 1488 per
2991 1419 3212 1474 Filium.
3273 1421 3430 1487 Quod
3486 1423 3533 1479 si

1961 1513 2068 1551 non
2113 1507 2263 1555 recte
2295 1503 2464 1557 semel
2501 1503 2661 1562 dictis
2694 1507 3063 1563 insistendum
3095 1511 3413 1565 existimant
3437 1512 3535 1582 qui

1960 1588 2123 1667 nobis
2176 1593 2458 1646 contraria
2507 1596 2726 1662 docent,
2769 1606 2822 1650 et
2879 1601 3010 1667 quia
3067 1601 3234 1654 vitem
3289 1604 3531 1673 seipsum

1960 1677 2220 1736 Christus
2246 1682 2404 1747 dixit,
2435 1685 2643 1741 idcirco
2666 1688 2713 1742 ei
2744 1697 2955 1744 natura:
2978 1689 3357 1753 diversitatem
3385 1696 3534 1750 velut

1957 1786 2025 1826 ex
2054 1775 2384 1831 necessitate
2412 1778 2685 1842 tribuunt,
2720 1781 2851 1848 quid
2883 1789 3032 1836 vetat
3066 1783 3284 1837 demum
3321 1786 3535 1854 quomi-

1957 1879 2063 1919 nus
2092 1866 2257 1920 etiam
2308 1883 2409 1923 nos
2445 1871 2613 1925 simili
2650 1881 2872 1928 utamur
2933 1874 3292 1945 impudentia,
3327 1893 3533 1947 eosque

1955 1953 2039 2007 vel
2064 1955 2266 2012 invitos
2306 1974 2568 2029 cogamus
2605 1977 2702 2031 per
2762 1962 2982 2019 easdem
3039 1980 3217 2035 nugas
3265 1966 3532 2036 juvenilis

1953 2043 2186 2115 hujusce
2231 2055 2286 2103 et
2327 2050 2538 2106 insana:
2571 2068 2800 2123 prorsus
2831 2057 3079 2112 stultitiae
3139 2060 3438 2129 progredi?
3470 2058 3530 2114 Si

1953 2139 2098 2192 enim
2132 2154 2196 2194 ex
2229 2156 2294 2194 eo
2325 2143 2471 2211 quod
2496 2145 2623 2199 vitis
2663 2147 2845 2203 dictus
2871 2157 2975 2213 est,
3014 2149 3223 2205 idcirco
3254 2166 3377 2205 eum
3413 2151 3530 2206 exi-

1950 2227 2178 2283 stimant
2216 2228 2283 2284 de
2306 2231 2701 2301 conjunctione
2735 2238 2972 2292 naturali
3010 2253 3134 2293 cum
3165 2237 3279 2293 Deo
3316 2254 3382 2293 ac
3422 2239 3528 2294 Pa-

1950 2323 2035 2372 tre
2082 2321 2357 2384 exeidere,
2423 2333 2478 2378 et
2529 2326 2759 2385 alterius
2799 2345 2926 2386 esse
2968 2331 3129 2401 plane
3160 2333 3524 2397 substantiae,
3559 2321 3566 2329 ’

1949 2411 2395 2479 quandoquidem
2446 2432 2554 2470 non
2613 2419 2753 2474 idem
2802 2430 2932 2477 sunt
2970 2424 3259 2481 identitate
3316 2436 3525 2481 natura:

1947 2500 2075 2556 vitis
2105 2510 2158 2555 et
2191 2505 2453 2573 agricola,
2486 2508 2682 2576 quidni
2710 2512 2874 2566 etiam
2908 2530 3009 2568 nos
3036 2516 3287 2571 eamdem
3322 2518 3375 2571 in
3400 2519 3522 2575 illos

1947 2593 2170 2647 stultam
2222 2605 2277 2648 et
2327 2598 2735 2666 putidissimam
2800 2603 3077 2659 rationem
3135 2616 3521 2677 retorquentes

1945 2682 2082 2737 illud
2140 2684 2417 2742 dicimus:
2474 2688 2614 2744 Num
2675 2693 2811 2747 solis
2853 2696 3172 2763 palmitibus
3222 2699 3519 2756 vinitornm

1946 2777 2187 2831 studium
2226 2780 2518 2845 conducet,
2545 2793 2599 2837 et
2636 2800 2765 2854 erga
2804 2801 2867 2840 ea
2909 2788 3087 2842 solum
3120 2805 3243 2859 quae
3282 2793 3520 2860 pendent

1943 2881 2009 2922 ex
2042 2870 2254 2924 truncis
2284 2887 2378 2927 ars
2415 2872 2625 2930 utiliter
2650 2877 3021 2944 adhibebitur,
3059 2896 3129 2934 an
3162 2881 3346 2952 aliqua
3384 2900 3519 2940 cura

1944 2957 2209 3029 indigebit
2238 2963 2401 3017 etiam
2435 2964 2552 3034 ipsa
2604 2967 2791 3020 nutrix
2846 2970 3158 3038 palmitum,
3190 2972 3318 3027 vitis
3352 2974 3517 3028 nimi-

1941 3065 2084 3115 rum,
2119 3053 2209 3106 cui
2249 3053 2437 3108 adnati
2469 3064 2600 3110 sunt
2631 3058 2845 3113 surculi
2890 3069 2944 3114 et
2982 3062 3312 3117 naturaliter
3343 3065 3515 3119 inhae-

1942 3141 2103 3194 rent?
2132 3141 2295 3212 Atqui
2324 3145 2476 3204 nullo
2511 3145 2588 3211 id,
2621 3147 2839 3216 opinor,
2886 3150 3077 3205 labore
3112 3151 3516 3209 demonstrabi-

1939 3241 2031 3289 tur
2058 3250 2070 3287 :
2112 3233 2229 3304 ipse
2258 3238 2463 3307 quippe
2493 3240 2676 3293 statim
2709 3241 2868 3295 nobis
2902 3242 3256 3299 adversarius
3303 3246 3514 3315 astipu-

1936 3326 2159 3393 labitur,
2186 3330 2293 3384 nisi
2323 3340 2642 3385 lruncorum
2681 3348 2817 3388 cura
2842 3334 3094 3403 quardam
3123 3337 3409 3400 habeatur,
3442 3353 3513 3393 ne

1933 3414 2072 3471 bene
2122 3418 2342 3487 quidem
2405 3420 2521 3475 fore
2570 3422 2906 3490 palmitibus.
2962 3424 3098 3478 Cum
3153 3441 3284 3496 ergo
3345 3429 3506 3482 vitem

1932 3510 2151 3578 quidem
2201 3513 2444 3582 seipsum
2488 3515 2744 3571 Christus
2808 3517 3209 3583 nominaverit,
3261 3520 3507 3591 adeoque

1928 3600 2049 3670 ipse
2075 3602 2204 3658 vitis
2232 3604 2441 3658 caudex
2465 3605 2722 3660 vinitoris
2747 3606 2931 3660 studio
2959 3606 3223 3677 indigeat,
3255 3610 3503 3680 alioquin

1928 3689 2187 3745 damnum
2238 3703 2598 3763 suscepturus
2625 3736 2640 3761 ,
2679 3694 2986 3765 cogitemus
3028 3700 3248 3755 tandem
3300 3700 3502 3757 Filium

1928 3797 2051 3837 esse
2078 3783 2241 3838 sicuti
2268 3800 2392 3852 nos,
2423 3793 2477 3841 et
2509 3802 2644 3841 cura
2688 3787 2871 3844 Patris
2904 3789 3194 3845 nobiscum
3233 3792 3500 3863 indigere,

1927 3888 1997 3929 ne
2028 3874 2146 3943 ipse
2178 3875 2234 3929 in
2271 3876 2419 3931 aliud
2452 3879 2715 3947 quiddam
2754 3896 2920 3950 quam
2966 3881 3111 3953 quod
3140 3891 3224 3939 est
3271 3900 3501 3941 conver-

1926 3970 2096 4031 tatur,
2132 3975 2186 4020 et
2229 3982 2334 4022 suo
2379 3968 2502 4023 loco
2560 3986 2656 4025 seu
2705 3971 2964 4027 ﬁrmitate
3008 3989 3107 4028 sua
3152 3975 3391 4030 excidat.
3421 3975 3501 4032 Eo

248 4037 445 4089 ἑαυτὸν
480 4041 865 4111 κατωνόμακεν
913 4044 940 4096 6
982 4044 1248 4114 Χριστὸς,
1284 4047 1454 4101 δεῖταί
1503 4068 1565 4119 γε
1600 4052 1707 4123 μὴν
1734 4055 1828 4107 καλ⁵

1942 4057 2125 4126 ιιιὶρρε
2166 4074 2269 4114 nos
2298 4059 2519 4115 deducit
2555 4060 2650 4117 Dei
2679 4064 2916 4120 hostium
2945 4065 3212 4134 juvenilis
3236 4068 3495 4138 objectio.

244 4124 378 4177 αὐτὸ
407 4126 507 4196 τῆς
535 4127 781 4198 ἀμπέλου
807 4131 867 4183 τὸ
921 4132 1168 4204 στέλεχος
1203 4136 1304 4206 τῆς
1329 4138 1422 4190 τοῦ
1453 4141 1817 4211 γηπονοῦντος

1942 4124 2037 4200 Sed
2062 4124 2278 4203 valeant
2310 4151 2630 4207 istiusmodi
2664 4171 2840 4226 nugae,
2887 4165 2942 4212 et
2975 4158 3043 4213 ad
3096 4124 3323 4215 sanctos
3362 4175 3496 4232 apo-

242 4217 570 4281 ἐπιεικείας,
602 4220 634 4290 ἢ
686 4221 858 4291 πάντη
899 4239 963 4275 τε
1003 4224 1096 4277 καὶ
1127 4225 1344 4291 πάντως
1392 4230 1815 4303 ἀδικηθήσεται·

1942 4238 2098 4292 stolos
2124 4251 2314 4296 nostra
2346 4246 2726 4313 progrediatur
2751 4249 2952 4303 oratio.

240 4305 579 4378 λογισώμεθα
623 4309 809 4364 λοιπὸν
839 4314 897 4367 ἐν
921 4315 1071 4382 τάξει
1122 4318 1219 4387 μὲν
1266 4314 1405 4372 εἶναι
1441 4325 1505 4393 τῇ
1540 4323 1661 4375 καθ’
1684 4326 1831 4394 ἡμᾶς
1868 4326 1959 4381 τὸν
1996 4330 2141 4395 Υίὸν,
2175 4305 2382 4388 δεῖσθαι
2413 4305 2475 4389 δέ
2528 4338 2647 4408 μεθ’
2712 4339 2868 4410 ἡμῶν
2912 4342 3014 4411 τῆς
3060 4344 3209 4415 παρά
3281 4344 3494 4416 Πατρός

240 4397 589 4464 ἐπιμελείας,
626 4400 713 4454 ἵνα
761 4402 836 4472 μὴ
890 4404 982 4456 καὶ
1051 4406 1212 4468 αὐτὸς
1263 4409 1343 4471 είς
1394 4409 1581 4483 ἕτερόν
1626 4429 1679 4464 τι
1747 4413 1878 4483 παρ’
1917 4417 2053 4489 ὅπερ
2094 4420 2211 4472 ἐστὶ
2255 4397 2681 4496 περιτρέπηται,
2711 4397 2805 4481 καὶ
2847 4397 3110 4505 διαπί-πτῃ
3140 4397 3240 4504 τῆς
3288 4397 3493 4499 οἰκείας

238 4485 459 4551 τάξεως,
494 4488 612 4558 ἦτοι
633 4490 732 4558 τῆς
758 4491 976 4561 ἐνούσης
1017 4494 1360 4565 ἐδραιότητος
1381 4498 1549 4568 αὐτῷ.
1576 4500 1807 4569 Συνάγει
1843 4502 1950 4575 γὰρ
1975 4485 2054 4569 εἰς
2078 4510 2235 4561 τοῦτο
2273 4485 2457 4566 λοιπόν
2483 4485 2590 4569 τῶν
2622 4485 2907 4590 θεομαχεῖν
2941 4485 3236 4579 emerito);

2715 4576 2727 4588 .
2796 4576 2826 4590 η
3273 4576 3299 4595 -.
3370 4576 3459 4597 .----

238 4576 502 4646 ρακιώδης
536 4578 803 4643 ἔνστασις.
835 4582 972 4635 Ἀλλ’
998 4584 1226 4655 οἰχέσθω
1260 4588 1357 4656 μὲν
1386 4589 1578 4656 ταῦτα,
1603 4592 1804 4664 πολλὴν
1842 4599 2099 4653 νοσοῦντα
2127 4602 2224 4672 τήν
2249 4603 2523 4673 ἀϐουλίαν,
2543 4609 2726 4664 εἰσίτω
2755 4628 2816 4680 γε
2848 4612 2955 4684 μὴν
2990 4618 3117 4686 περὶ
3152 4617 3259 4671 τῶν
3316 4619 3487 4687 ἁγίων

242 4666 505 4687 L__-_l\,_
537 4686 541 4687 ν
579 4669 627 4687 .1,
656 4671 677 4685 Ψ
744 4672 756 4687 ο
790 4670 846 4687 \I

238 4666 543 4720 ἀποστόλων
577 4669 705 4739 ἡμῖν
734 4672 761 4723 6
790 4670 966 4738 λόγος.

309 4779 325 4811 ι
372 4761 513 4830 Ἤδη
540 4762 671 4833 γὰρ,
722 4764 906 4832 φησὶν,
944 4765 1103 4834 ὑμεῖς
1148 4766 1376 4838 καθαροί
1402 4769 1549 4832 ἐστε,
1583 4754 1670 4826 διά
1714 4773 1805 4826 τὸν
1840 4780 1843 4831 Ῑ

1989 4795 2007 4827 ι
2056 4775 2172 4830 Jam
2220 4778 2387 4845 enim,
2441 4782 2639 4852 inquit,
2694 4802 2790 4841 vos
2843 4789 3030 4843 mundi
3065 4793 3221 4856 estis,
3260 4807 3484 4866 prepter

234 4848 430 4917 λόγον,
492 4852 554 4905 ὃν
618 4852 892 4924 λελάληκα
946 4857 1076 4926 ὑμῖν
1110 4873 1123 4888 ·
1157 4878 1174 4910 ι
1215 4860 1398 4928 ὅμοιον
1458 4860 1587 4914 ὡσεὶ
1638 4864 1807 4933 λέγοι,

1942 4880 2220 4920 ermonem
2245 4883 2405 4937 quem
2433 4871 2599 4943 873
2630 4875 2846 4931 loeutus
2878 4895 2998 4933 sum
3032 4882 3190 4936 vobis
3218 4902 3230 4937 :
3276 4903 3295 4936 ι
3334 4901 3398 4941 ac
3431 4889 3478 4943 si

236 4941 551 5014 ιιέπρακται
592 4948 743 5018 παρά
793 4948 1008 5018 Πατρὸς
1048 4949 1135 5002 διὰ
1181 4950 1273 5002 τὸν
1306 4952 1438 5019 ἐμὸν
1484 4951 1673 5021 λόγον,
1714 4956 1808 5009 ἐπὶ

1945 4957 2137 5021 iceret,
2169 4957 2369 5016 Factus
2413 4973 2499 5016 est
2530 4941 2585 5017 in
2611 4981 2709 5022 vos
2742 4970 2950 5038 primos
2974 4986 3003 5024 a
3037 4970 3218 5035 Patre,
3257 4986 3480 5047 propter

239 5034 478 5103 πρώτους
513 5038 681 5106 ὑμᾶς,
716 5041 743 5091 6
770 5040 869 5108 τῆς
894 5039 1095 5109 νοητῆς
1121 5040 1216 5092 καὶ
1243 5040 1332 5094 διὰ
1362 5041 1675 5111 Πνεύματος
1712 5048 1805 5099 καὶ

233 5127 287 5177 ἐν
313 5127 593 5200 Πνεύματι
627 5133 920 5202 νοουμένης
949 5132 1361 5204 διακαθάρσεως
1400 5134 1624 5205 τρόπος.
1672 5138 1801 5192 Ἰδοὺ

232 5218 335 5272 τῶν
372 5222 594 5277 είκαίων
623 5223 760 5277 ἐθῶν
783 5264 797 5290 ,
846 5228 940 5280 καὶ
982 5228 1310 5298 νεκρότητος
1343 5224 1619 5299 κοσμικῆς
1662 5232 1795 5289 duro-

231 5308 475 5379 ϐαλόντες
521 5316 620 5386 τὴν
658 5316 877 5387 ὄχλησιν
904 5356 918 5380 ,
963 5317 1169 5388 ἕτοιμοι
1229 5320 1366 5390 πρὸς
1418 5322 1797 5392 καρποφορίαν

230 5403 343 5456 ἐστέ
375 5406 472 5474 τὴν
507 5406 748 5478 θεοφιλῆ.
801 5409 930 5464 Ἰδοὺ
978 5410 1208 5481 νομικῆς
1260 5411 1646 5483 ἀπηλλάχθητε
1695 5416 1790 5469 καὶ

226 5495 572 5567 είκαιοτάτης
617 5498 722 5552 τῶν
791 5500 1062 5553 Ἰουδαίων
1122 5504 1519 5574 ἐπιτηρήσεως.
1581 5503 1790 5569 Ἐξεκά-

226 5584 351 5654 θαρε
381 5587 542 5657 λόγος
587 5589 726 5657 ὑμᾶς
769 5593 797 5643 6
836 5593 986 5663 ἐμός.
1032 5594 1106 5645 Οὐ
1156 5595 1263 5664 γὰρ
1321 5594 1401 5646 ἔτι
1441 5594 1788 5651 πολιτεύεσθε

1902 5063 2082 5102 meum
2107 5065 2436 5119 sermonem,
2462 5055 2847 5116 intellectualis
2872 5062 3055 5127 ille,et
3088 5079 3183 5131 per
3213 5064 3474 5134 Spiritum

1902 5151 2063 5208 atque
2096 5142 2152 5195 in
2182 5141 2407 5212 Spiritu,
2442 5149 2782 5220 purgationis
2806 5152 3020 5206 modus.
3058 5152 3195 5207 Ecce
3228 5165 3471 5212 veterum

1903 5243 2115 5283 morum
2156 5239 2208 5285 et
2248 5235 2537 5291 mundana:
2598 5240 2946 5294 mortalitatis
2977 5240 3189 5309 abjeeta
3222 5245 3470 5301 molestia

1902 5318 1968 5371 ad
2007 5320 2224 5388 pietatis
2260 5325 2473 5382 fructus
2504 5329 2884 5398 producendos
2928 5333 3104 5400 parati
3143 5335 3297 5390 estis.
3330 5335 3471 5393 Ecce

1902 5406 2058 5477 legali
2086 5420 2138 5466 et
2169 5416 2334 5469 stulta
2370 5426 2536 5488 atque
2576 5420 2873 5473 vanissima
2907 5420 3221 5478 Judworum
3280 5428 3470 5484 obser-

1901 5502 2123 5557 vatione
2184 5508 2347 5561 soluti
2405 5510 2559 5564 estis.
2618 5508 2812 5564 Sermo
2840 5526 2938 5567 vos
2989 5529 3142 5569 meus
3192 5520 3463 5588 purgavit.

1897 5589 2014 5645 Non
2049 5594 2162 5662 jam
2208 5600 2352 5651 enim
2406 5616 2469 5654 ex
2518 5599 2685 5656 Mosis
2749 5603 3070 5674 praescripto
3108 5606 3328 5671 vivitis,
3372 5618 3464 5660 aut

225 5674 547 5741 Μωσαῖκῶς,
588 5678 703 5748 ήτοι
740 5681 879 5736 κοιτά
913 5682 1002 5735 τὸν
1037 5681 1130 5735 τοῦ
1179 5683 1406 5753 νομικοῦ
1460 5684 1787 5755 γράμματος

1942 5694 2045 5737 ixta
2093 5687 2279 5757 legalis
2312 5691 2504 5746 littera:
2540 5690 2759 5748 modum
2788 5713 2801 5752 :
2836 5710 2938 5754 nec
2987 5698 3133 5754 enim
3166 5699 3224 5753 in
3248 5697 3370 5754 cibo
3395 5711 3458 5753 ac

3467 5970 3504 5988 κ
