4024 6262
509 338 610 394 5ἲί9

1532 322 1587 378 S.
1620 321 1897 377 CYRILLI
1930 319 2397 375 ALEXANDRINI
2429 318 2750 377 ARCHIEP.

3653 320 3758 378 560

505 452 661 513 potu,
696 454 797 496 nec
829 440 881 493 in
912 438 1305 493 lustrationum
1337 437 1614 501 doctrina,
1652 452 1750 491 nec
1774 436 2078 492 oblationi-

2200 439 2419 511 τρόπον*
2454 440 2579 495 οὔτε
2629 440 2737 511 γὰρ
2783 442 2843 493 ὲν
2883 437 3133 508 βρώμασι
3202 437 3300 490 καὶ
3345 436 3607 506 πόμασιν,
3639 439 3760 492 οὔτε

508 531 611 589 bus
683 532 931 587 cruentis
996 530 1490 587 sanctiﬁcationem
1549 528 1828 599 quaeritis,
1873 528 1970 584 sed
2021 528 2079 583 in

508 622 613 676 ﬁde
650 622 804 676 ﬁrma
832 620 1016 690 perﬁci
1051 635 1148 674 vos
1177 620 1418 680 creditis,
1445 628 1501 674 et
1530 634 1627 688 per
1658 633 1878 673 omnem
1910 619 2081 672 actio-

506 730 630 768 nem
671 714 869 768 bonam
905 713 1121 781 placere
1168 711 1279 766 Deo
1330 710 1589 767 studetis.
1630 711 1691 765 In
1744 711 1836 766 his
1878 711 2082 781 quippe

506 806 775 876 spiritalis
814 805 998 859 cultus
1046 804 1132 858 vis
1161 812 1217 858 et
1248 803 1393 858 ratio
1442 810 1742 871 spectatur.
1793 801 1899 867 Qui
1951 816 2082 873 ergo

509 893 778 966 purgandi
817 892 1066 956 veniunt,
1097 898 1285 954 erunt,
1316 890 1518 957 inquit,
1563 889 1729 945 sicuti
1762 904 1881 944 vos.
1919 888 2084 943 Doce-

510 986 717 1039 huntur
742 983 887 1037 enim
917 982 1011 1052 qui
1038 996 1214 1049 nuper
1244 981 1450 1036 diaboli
1484 980 1669 1050 plagas
1690 985 2080 1042 excusserunt,

507 1084 562 1132 et
615 1074 943 1129 idololatria
1001 1073 1240 1144 expediti
1309 1073 1520 1143 laqueis
1588 1070 1918 1143 effugerunt,
1972 1084 2085 1125 non

510 1168 745 1237 amplius
770 1166 921 1220 illius
954 1166 1136 1220 vivere
1164 1164 1399 1235 legibus,
1434 1163 1554 1228 sed,
1593 1173 1845 1217 veterum
1877 1162 2085 1216 rituum

512 1258 829 1327 impuritate
854 1272 956 1311 ceu
991 1257 1150 1310 vanis
1182 1256 1357 1326 paleis
1384 1269 1641 1317 excussa,
1671 1260 1835 1323 atque
1858 1254 1931 1306 ita
1960 1265 2087 1322 pro-

510 1350 785 1406 ducendis
811 1350 1033 1421 pietatis
1068 1349 1347 1404 fructibus
1406 1363 1502 1418 per
1561 1346 1805 1401 divinam
1856 1345 2086 1415 gratiam

513 1443 697 1499 idonei
725 1441 945 1506 redditi,
978 1441 1264 1510 palmitum
1302 1440 1478 1495 instar
1522 1439 1658 1491 mihi
1705 1436 2085 1498 adhaerebunt,

512 1542 569 1588 et
595 1549 661 1589 ex
693 1533 964 1587 charitate
994 1547 1124 1602 erga
1156 1547 1243 1586 mc
1274 1530 1574 1601 pendentes
1605 1528 1812 1582 inﬁuxu
1845 1525 2090 1597 Spiritus

513 1625 683 1679 corde
713 1624 1144 1694 saginabuntur,
1178 1630 1231 1677 et
1266 1636 1398 1676 mete
1427 1621 1687 1676 bonitatis
1718 1618 1949 1690 gratiam
1994 1632 2093 1686 po-

2184 529 2292 601 μήν
2344 532 2401 583 ὲν
2456 530 2699 600 διδαχαῖς
2756 528 3085 599 βαπτισμῶν
3110 567 3124 591 ,
3185 524 3302 579 ἀλλ’
3354 524 3477 578 οὐδὲ
3523 526 3647 588 ταῖς
3692 522 3763 579 δι’

2180 622 2428 692 αἱμάτων
2476 622 2867 691 προσαγωγαῖς
2935 618 3298 688 ἐκζητήσεται
3349 615 3483 686 [γρ.
3537 615 3766 688 ἐκζητή-

2183 713 2350 786 σετε]
2378 713 2472 769 τόν
2500 713 2796 785 ἀγιασμδν,
2837 711 2954 767 ἀλλ’
2981 711 3039 764 ὲν
3073 710 3256 764 πίστει
3285 707 3482 779 βεϐαία
3521 708 3758 779 πληροῦ-

2184 806 2309 861 σθαι
2341 807 2652 873 πιστεύετε,
2699 806 2794 860 καὶ
2828 805 2917 859 διὰ
2953 804 3134 872 πάσης
3172 801 3548 871 ἀγαθουργίας
3571 801 3767 872 εὐαρε-

2185 900 2331 952 στεῖν
2357 896 2437 967 τῷ
2464 896 2584 967 Θεῷ
2611 894 2961 959 σπουδάζετε.
2990 894 3289 963 Θεωρεῖται
3331 891 3443 961 γὰρ
3469 891 3530 942 ὲν
3558 888 3768 952 τούτοις

2182 990 2282 1060 τῆς
2337 988 2720 1060 πνευματικῆς
2768 986 3027 1058 λατρείας
3082 986 3117 1055 ή
3168 983 3416 1054 δύναμις.
3467 982 3533 1035 Οί
3587 981 3767 1034 τοίνυν

2185 1078 2740 1150 ἀποκαθαρθήσεσθαι
2773 1076 3093 1148 μέλλοντες,
3126 1073 3339 1127 ἔσονται
3362 1112 3377 1137 ,
3438 1072 3575 1141 φησὶ
3598 1111 3614 1136 ,
3646 1069 3769 1123 καθ’

2186 1174 2351 1242 ὑμᾶς.
2379 1170 2840 1240 Παιδευθήσονται
2865 1168 2995 1238 γὰρ,
3026 1168 3077 1219 oi
3114 1165 3212 1237 μὲν
3249 1164 3375 1234 ἄρτι
3403 1165 3503 1235 τῆς
3528 1161 3625 1213 τοῦ
3653 1160 3762 1213 δια-

2188 1265 2347 1318 ϐόλου
2373 1265 2615 1335 σαγήνης
2649 1260 3096 1331 ὲκδιδράσκοντες
3120 1298 3135 1324 ,
3184 1258 3280 1310 καὶ
3317 1256 3446 1318 τοὺς
3480 1254 3583 1323 τῆς
3616 1253 3767 1306 είδωο

2187 1357 2506 1426 λολατρείας
2548 1353 2865 1425 διαδράντες
2923 1350 3187 1421 βρόχους,
3245 1345 3431 1400 οὐκέτι
3489 1343 3590 1413 μὲν
3659 1341 3769 1403 τοῖς

2189 1451 2397 1507 ἐκείνου
2422 1445 2797 1501 πολιτεύεσθαι
2816 1444 3022 1514 νόμοις,
3048 1436 3505 1506 ἀποτιναξάμενοι
3527 1434 3585 1487 δὲ
3606 1432 3772 1486 καθά-

2190 1560 2297 1614 περ
2343 1542 2549 1595 είκαῖον
2588 1537 2873 1610 συρφετὸν,
2910 1533 3009 1604 τὴν
3035 1530 3144 1584 τῶν
3177 1529 3421 1599 ἀρχαίων
3450 1525 3591 1579 ἐθῶν
3636 1525 3770 1577 ἀκα·

2192 1634 2441 1706 θαρσξαν,
2474 1632 2617 1686 οῦτω
2648 1647 2708 1683 τε
2739 1627 2928 1682 λοιπὸν
2951 1623 3244 1694 ἐπιτήδειοι
3275 1621 3412 1692 πρὸς
3432 1621 3494 1672 τὸ
3512 1617 3767 1706 δύνασθαι

514 1724 700 1772 tantes
734 1717 943 1780 vivent,
977 1724 1141 1798 atque
1172 1713 1240 1768 ad
1274 1714 1530 1785 pietatem
1562 1714 1798 1767 alentur.
1832 1709 2093 1766 lsraelitae

2200 1704 2565 1796 καρποφορεῖν
2617 1720 2687 1774 τά
2746 1720 2847 1790 τῆς
2901 1711 3188 1785 θεοφιλοῦς
3238 1713 3441 1784 ἀρετῆς
3493 1709 3658 1782 ἔργα.
3692 1704 3771 1759 διὰ

515 1824 653 1863 vero
685 1823 813 1863 cum
849 1807 954 1863 ﬁde
1004 1807 1135 1862 mihi
1170 1807 1465 1877 palmitum
1514 1806 1693 1860 instar
1740 1803 2090 1867 adliaeserint,

519 1908 652 1956 tunc
682 1916 840 1968 sane,
878 1907 1011 1955 tunc
1043 1899 1148 1955 mei
1201 1898 1472 1955 sermonis
1506 1896 1884 1969 purgationem
1913 1904 2096 1950 mente

519 1993 910 2064 suscipientes,
940 2007 1049 2046 non
1078 1993 1189 2061 jam
1226 1991 1422 2046 litterae
1467 1990 1751 2047 mordicus
1804 1988 2093 2052 inhmrent,

519 2097 621 2137 nec
680 2083 870 2153 ﬁguris
918 2080 1239 2137 umbraticis
1286 2080 1448 2135 sicuti
1502 2093 1650 2134 nunc
1698 2078 1867 2134 corde
1910 2076 2093 2142 afﬁxi,

518 2189 707 2229 verum
737 2189 801 2229 ac
840 2175 1142 2245 spiritalem
1175 2174 1382 2228 cultum
1418 2170 1530 2227 Deo
1559 2171 1864 2242 proferunt.
1910 2188 1929 2220 ι
1969 2168 2095 2238 Spi-

520 2266 659 2322 ritus
688 2264 833 2321 cnim
878 2264 1021 2320 Deus
1052 2271 1162 2328 est,
1194 2272 1242 2319 et
1284 2279 1381 2319 eos
1412 2262 1507 2333 qui
1555 2262 1789 2317 adorant
1830 2275 1956 2315 eum
1978 2300 1994 2327 ,
2041 2259 2095 2312 in

521 2358 715 2427 spiritu
746 2364 801 2411 et
823 2357 1056 2413 veritate
1089 2363 1309 2427 oportet
1344 2356 1579 2411 adorare
1604 2356 1672 2408 “.
1715 2373 1733 2406 ι
1771 2352 1943 2407 Simul
1965 2367 2098 2423 ergo

524 2458 577 2502 et
608 2463 798 2503 eorum
842 2448 936 2517 qui
968 2448 1238 2520 purgandi
1279 2454 1408 2503 sunt
1441 2446 1678 2501 futuram
1729 2444 2098 2515 pulchritudi-

524 2554 648 2592 nem
677 2539 825 2593 clare
853 2541 1079 2609 exponit
1113 2557 1209 2612 per
1245 2540 1462 2595 modum
1502 2539 1737 2609 exempli
1780 2540 1897 2594 suis
1929 2537 2098 2592 disci-

524 2629 691 2697 pulis,
723 2637 778 2682 et
818 2643 914 2683 eos
943 2630 1118 2700 magis
1143 2631 1430 2701 magisque
1462 2630 1752 2685 confirmat
1785 2628 1850 2683 ad
1876 2629 2100 2683 uberio-

470 2780 488 2795 κ
525 2736 637 2775 rem
692 2720 871 2774 adhuc
916 2721 1174 2775 virtutem
1221 2721 1625 2784 assumendam,
1661 2719 1961 2774 ostendens
2000 2734 2096 2776 eos

524 2829 635 2868 non
671 2811 871 2867 frustra
899 2812 1000 2866 sibi
1035 2811 1353 2875 adhaesisse,
1382 2810 1487 2866 nec’
1512 2810 1763 2865 inutilem
1806 2809 1887 2865 eis
1920 2809 2097 2866 fuisse

526 2904 833 2957 doctrinam
865 2912 917 2957 et
948 2903 1350 2957 institutionem
1385 2901 1778 2971 evangelicam,
1816 2915 1914 2971 per
1936 2916 2100 2971 quam

529 2994 775 3048 universi
809 2994 961 3049 orbis
1005 2994 1322 3049 hominibus
1361 3006 1517 3064 opem
1558 2991 1775 3047 allaturi
1810 3000 1987 3056 erant,
2019 3007 2104 3047 se-

2194 1819 2292 1888 τῆς
2339 1815 2489 1879 θείας
2537 1810 2948 1882 ἀποδειχθέντες
2999 1808 3253 1881 χάριτος,
3289 1802 3590 1873 κλημάτων
3618 1797 3769 1866 δίκην

2195 1907 2319 1978 ἐμοὶ
2354 1903 2830 1975 προσαφθήσονται
2852 1940 2867 1965 ,
2913 1900 3011 1953 καλ⁵
3055 1897 3278 1967 ἀγάπης
3305 1894 3407 1964 τῆς
3435 1894 3518 1956 είς
3558 1890 3658 1961 ἐμὲ
3691 1888 3773 1954 ἐξ·

2196 1997 2497 2071 ηρτημένοι
2519 1993 2910 2066 πιανθήσονται
2947 1989 3046 2062 τὴν
3073 1988 3302 2059 καρδίαν
3322 1986 3442 2048 ταῖς
3474 1982 3572 2036 τοῦ
3602 1978 3774 2034 Πνεύ-

2202 2105 2370 2163 ματος
2392 2086 2722 2160 ἐπιρροίαις,
2764 2083 2859 2137 καὶ
2898 2081 2996 2153 τὴν
3021 2080 3123 2151 τῆς
3150 2078 3289 2150 ἐμῆς
3317 2075 3655 2145 ἀγαθότητος
3683 2072 3777 2124 ὲκ-

2199 2182 2445 2244 πίνοντες
2491 2178 2650 2249 χάριν
2692 2174 3062 2246 διαζήσονται,
3095 2171 3190 2224 καὶ
3230 2167 3603 2241 τραφήσονται
3644 2163 3776 2234 πρὸς

2198 2272 2501 2326 εὐσέϐειαν.
2534 2270 2598 2323 Ol
2630 2268 2687 2321 δὲ
2737 2266 2844 2338 μὴν
2886 2264 2945 2333 ἐξ
2998 2263 3252 2334 Ἰσραὴλ,
3312 2261 3443 2313 ὅταν
3474 2259 3541 2328 τῇ
3600 2254 3775 2308 πίστει

2200 2362 2604 2437 προσηλωθεῖεν
2636 2360 2779 2431 ἐμοὶ,
2802 2357 3101 2429 κλημάτων
3130 2355 3185 2407 δὲ
3200 2352 3356 2408 αὐτοὶ
3372 2348 3776 2437 παραρτηθεῖεν

2200 2435 2377 2525 δίκην,
2430 2453 2550 2506 τότε
2600 2452 2687 2523 δὴ,
2734 2448 2856 2503 τότε
2888 2446 2987 2517 τὴν
3026 2444 3117 2498 διά
3155 2443 3246 2497 τὸν
3293 2440 3425 2512 ὲμδν
3469 2438 3634 2505 λόγον
3671 2435 3776 2487 δια-

2203 2546 2470 2615 κάθαρσιν
2497 2544 2578 2605 είς
2599 2539 2723 2594 νοῦν
2741 2537 3046 2608 δεξάμενοι,
3065 2533 3247 2588 οὐκέτι
3266 2530 3364 2602 μὶν
3388 2532 3452 2599 τῇ
3475 2526 3573 2580 τοῦ
3599 2526 3777 2595 γράμ-

2206 2651 2375 2706 ματος
2423 2631 2749 2703 προσεδρείᾳ
2790 2626 3150 2699 σχολάζουσι,
3200 2622 3325 2676 οὺδὲ
3381 2622 3496 2682 τοῖς
3550 2619 3610 2671 ὲν
3656 2618 3778 2685 σκιᾷ

2203 2725 2618 2799 προσπήξαντες
2641 2722 2832 2785 τύποις
2856 2760 2871 2785 ,
2914 2719 3168 2787 καθάπερ
3196 2715 3313 2769 νυνὶ
3336 2756 3351 2780 ,
3386 2712 3486 2783 τὴν
3531 2709 3772 2799 καρδίαν,

2201 2798 2300 2889 τήν
2336 2816 2508 2887 ἀληθῆ
2540 2814 2633 2867 καὶ
2674 2814 2731 2867 ὲν
2780 2810 3051 2882 πνεύματι
3084 2807 3339 2878 λατρείαν
3369 2798 3779 2873 καρποφοροῦπι

2202 2903 2281 2975 τῷ
2308 2902 2446 2973 Θεῷ.
2484 2921 2501 2953 ι
2538 2900 2763 2971 Πνεῦμα
2811 2900 2920 2971 γὰρ
2966 2901 2995 2951 ὁ
3038 2897 3202 2960 Θεὸς,
3254 2894 3509 2953 καὶτοὺς
3541 2906 3779 2960 προσκυο

2204 2996 2428 3059 νοῦντας
2461 2994 2643 3058 αὑτὸν,
2674 2994 2731 3045 ὲν
2758 2991 3031 3062 πνεύματι
3058 2989 3154 3043 καὶ
3196 2986 3424 3058 ἀληθείᾳ
3447 2985 3529 3037 δεῖ
3552 2999 3782 3054 προσκυ-

527 3085 678 3153 ipsos
712 3086 1020 3155 exemplum
1058 3086 1407 3141 credentibus
1442 3086 1497 3139 in
1532 3083 1810 3139 Christum
1854 3084 2096 3156 praeben-

2203 3088 2335 3140 νεῖν.
2378 3105 2396 3139 ι
2446 3083 2615 3155 Ὀμοῦ
2660 3082 2985 3154 τοιγαροῦν,
3027 3083 3121 3135 καὶ
3162 3081 3273 3134 τῶν
3322 3077 3626 3151 μελλόντων
3672 3074 3785 3126 δια⁴

528 3185 633 3229 tes.
667 3175 945 3246 Scriptum
975 3175 1121 3229 enim
1150 3183 1235 3232 est
1273 3176 1341 3231 de
1366 3176 1594 3240 sanctis,
1626 3176 1833 3230 exitum
1870 3188 2096 3230 conver-

2202 3176 2648 3249 καθαρθήσεσθαι
2690 3175 2877 3244 σαφῶς
2909 3174 3147 3229 δεικνύει
3195 3173 3254 3225 τὸ
3286 3171 3544 3240 ἐσόμενον
3592 3165 3783 3227 κάλλῡς

528 3265 761 3320 sationis
791 3266 961 3339 874
993 3282 1183 3322 eorum
1236 3283 1361 3325 esse
1406 3267 1790 3338 spectandum,
1837 3276 1891 3322 et
1944 3266 2096 3322 ﬁdem

2201 3272 2277 3336 ὡς
2300 3273 2355 3325 ὲν
2380 3269 2745 3339 ὑποδείγματι
2774 3270 2887 3331 τοῖς
2918 3265 3110 3320 ἑαυτοῦ
3138 3265 3426 3336 μαθηταῖς,
3460 3261 3556 3314 καὶ
3591 3257 3785 3318 αὐτοὺς

528 3355 852 3412 imitandam
880 3358 970 3416 ¹²⁶.
1004 3359 1209 3414 Paulus
1232 3367 1414 3413 autem
1444 3358 1607 3413 etiam
1644 3357 1711 3413 ad
1744 3356 2096 3412 imitationem

2202 3362 2260 3415 δὲ
2309 3361 2569 3432 μειζόνως
2610 3358 3045 3430 παραθαρσύνει,
3091 3359 3230 3428 πρὸς
3259 3352 3527 3423 ἀνάληψιν
3556 3351 3658 3419 τῆς
3709 3348 3784 3400 ἔτι

532 3445 615 3498 sui
644 3445 1061 3518 ﬁdelessaepius
1090 3450 1289 3505 invitat
1314 3449 1383 3500 ’⁸.

2208 3451 2613 3523 πλουσιωτέρας
2636 3450 2864 3522 ἀρετῆς,
2882 3450 2982 3502 οὐκ
3011 3448 3225 3501 εἰκαίαν
3252 3446 3434 3507 αὐτοῖς
3454 3437 3786 3510 γεγενῆσθαι

527 3536 628 3607 τὴν
651 3539 1011 3609 προσεδρείαν
1035 3578 1049 3601 ,
1075 3538 1171 3592 καὶ
1198 3536 1297 3609 τὴν
1323 3539 1389 3590 ὲκ
1419 3537 1519 3607 τῆς
1548 3538 1922 3609 γεγενημένης
1977 3538 2329 3602 διδασκαλίας
2376 3539 2665 3605 ἀποδείξας
2706 3538 2988 3592 παίδευσιν
3009 3575 3024 3601 ,
3081 3533 3444 3603 εὐαγγελικῆς
3503 3530 3563 3584 δὲ
3600 3529 3787 3599 δηλον-

532 3630 617 3685 ότι
650 3632 852 3703 φαμὲν,
909 3631 975 3685 δι’
1020 3624 1088 3703 ἧς
1121 3630 1345 3702 ἔμελλον
1388 3630 1546 3684 αὐτοὶ
1576 3632 1705 3695 τοὺς
1748 3633 1893 3687 κατά
1928 3634 2109 3686 πᾶσαν
2146 3631 2308 3696 ὄντας
2344 3633 2562 3703 ὀνήσειν
2592 3632 2692 3703 τὴν
2720 3630 3072 3702 οἰκουμένην,
3097 3628 3327 3691 ἑαυτοὺς
3363 3628 3444 3690 είς
3502 3623 3789 3679 ὑποτύπωο

532 3738 617 3777 σιν
683 3726 797 3786 τοῖς
850 3724 930 3786 είς
989 3723 1226 3795 Χριστὸν
1265 3722 1583 3776 πιστεύουσι
1632 3723 2017 3795 παρεχόμενοι.
2065 3723 2382 3795 Γέγραπται
2435 3723 2545 3795 γὰρ
2589 3724 2720 3796 περὶ
2766 3723 2877 3776 τῶν
2935 3722 3148 3791 ἁγίων,
3206 3720 3283 3784 ὡς
3337 3718 3612 3789 προσήκει
3685 3716 3781 3786 μὲν

528 3813 713 3867 αὐτῶν
738 3813 1072 3883 ἀναθεωρεῖν
1093 3812 1192 3881 τὴν
1214 3812 1439 3868 ἔκϐασιν
1467 3814 1569 3884 τῆς
1600 3815 1968 3884 ἀναστροφῆς,
2013 3815 2106 3869 καὶ
2142 3814 2314 3886 αὐτὴν
2339 3814 2395 3868 δὲ
2426 3814 2712 3886 μιμεῖσθαι
2746 3814 2845 3885 τὴν
2887 3813 3091 3867 πίστιν.
3130 3810 3356 3865 Ἑαυτοῦ
3418 3809 3478 3863 δὲ
3539 3808 3789 3876 γίνεσθαι

537 3906 781 3975 μιμητὰς
817 3907 942 3970 τοὺς
967 3907 1046 3976 τῷ
1086 3907 1206 3977 Θεῷ
1229 3906 1595 3978 λατρεύοντας
1627 3907 1928 3978 προτρέπει
1958 3908 2051 3960 καὶ
2083 3910 2112 3961 ὁ
2149 3908 2379 3972 Παῦλος.

608 3992 726 4061 XV,
765 3995 820 4049 ι.
852 3994 1061 4050 Manete
1096 3997 1150 4050 in
1181 4012 1281 4061 me,
1313 4005 1363 4052 et
1394 4013 1489 4069 ego
1524 3997 1579 4051 in
1606 3997 1774 4051 vobis.
1813 3996 2107 4064 Sicutpal-

535 4100 644 4139 mes
670 4100 775 4138 non
800 4093 968 4152 potest
991 4086 1130 4155 ferre
1158 4085 1391 4154 fructum
1418 4102 1451 4139 a
1496 4087 1793 4154 semetipso,
1822 4087 1930 4140 nisi
1957 4103 2108 4140 man-

537 4175 665 4229 serit
687 4175 743 4228 in
775 4175 876 4230 vite
900 4218 915 4242 ,
936 4176 1012 4230 sic
1034 4192 1127 4231 nec
1161 4193 1273 4242 vos,
1309 4180 1413 4233 nisi
1443 4179 1498 4232 in
1529 4193 1611 4232 me
1641 4179 1963 4233 manseritis.

609 4352 825 4409 Rursus
848 4361 1102 4408 accurate
1135 4353 1315 4408 locum
1346 4354 1493 4409 hunc
1522 4354 1922 4425 perpendentes
1943 4368 2112 4425 agno-

542 4459 763 4501 scemns
800 4445 1034 4514 primum
1075 4459 1214 4515 opus
1247 4445 1509 4502 salutaris
1539 4459 1603 4500 ac
1634 4445 1738 4514 piae
1786 4461 1933 4501 curae
1965 4461 2108 4508 esse,

542 4552 640 4609 per
665 4534 827 4591 ﬁdem
885 4535 1157 4589 sinceram
1193 4549 1259 4591 ac
1287 4551 1477 4592 veram
1522 4551 1551 4590 a
1601 4534 1825 4592 Christo
1881 4537 2109 4607 suscipi.

543 4629 663 4684 Hoc
704 4628 852 4683 enim
906 4634 992 4683 est
1030 4628 1244 4684 censeri
1292 4628 1510 4686 demum
1551 4629 1695 4685 inter
1729 4629 1983 4698 palmites
2018 4630 2113 4699 qui

538 4733 682 4775 vera:
705 4720 825 4784 viti,
856 4718 913 4773 id
943 4728 1027 4775 est
1052 4719 1275 4775 Christo
1302 4721 1603 4777 adhaerent.
1636 4719 1905 4777 Secundae
1932 4727 2114 4776 autem

538 4825 685 4866 curae
716 4810 955 4865 fructum
989 4824 1114 4866 esse
1135 4824 1281 4877 reor,
1308 4812 1460 4867 nullo
1489 4812 1655 4867 modo
1695 4813 1871 4883 prima
1900 4813 1994 4866 illa
2028 4812 2114 4866 in-

536 4901 816 4967 feriorem,
856 4901 970 4957 imo
1008 4900 1277 4970 majorem
1330 4903 1755 4958 sollicitudinem
1818 4904 1877 4958 in
1929 4903 2113 4973 seipso

534 4992 937 5057 continentem,
980 4991 1263 5047 adhaerere
1307 4992 1567 5047 nimirum
1610 5008 1675 5051 ac
1716 4993 1946 5048 ﬁrmiter
1980 5009 2114 5050 con-

531 5081 689 5155 jungi
716 5083 828 5140 Deo
860 5098 963 5155 per
989 5084 1314 5139 charitatem
1345 5099 1656 5155 operosam,
1686 5070 1808 5154 quae
1838 5086 2014 5140 sancti
2049 5100 2114 5140 ac

540 5174 712 5230 divini
736 5174 980 5230 mandati
1004 5174 1395 5245 perfectionem
1419 5175 1688 5231 continet.
1708 5175 1821 5230 Hoc
1843 5176 1987 5231 enim
2013 5191 2113 5232 nos

538 5263 595 5317 in
631 5278 698 5319 eo
735 5263 1015 5321 indivulse
1056 5265 1328 5321 exsistere
1366 5270 1421 5319 et
1460 5265 1727 5321 inhaerere
1762 5266 1915 5332 facit,
1947 5266 2105 5336 juxta

534 5352 668 5408 illud
686 5352 994 5412 Psalmistaa
1018 5373 1033 5411 :
1065 5374 1085 5408 ι
1110 5354 1355 5411 Adhaesit
1383 5355 1566 5411 anima
1599 5372 1718 5413 mea
1749 5366 1874 5428 post
1904 5365 1957 5412 te
1979 5359 2099 5411 η’.»

534 5439 655 5495 Non
691 5443 924 5501 suﬁlciet
952 5446 1118 5518 igitur
1144 5445 1306 5501 nobis
1352 5446 1421 5501 ad
1451 5446 1685 5502 solidam
1717 5447 1886 5501 animi
1949 5454 2101 5500 tran-

534 5529 857 5599 quillitatem
886 5541 941 5588 et
962 5534 1318 5604 voluptatem,
1355 5535 1471 5591 sive
1507 5536 1574 5591 ad
1606 5535 2099 5592 sanctiﬁcationem

2281 4001 2540 4055 Μείνατε
2588 4000 2658 4053 ἐν
2700 3999 2830 4068 ἐμοὶ
2855 4037 2871 4063 ,
2923 3997 3085 4066 κάγὼ
3131 3996 3201 4051 ἐν
3249 3993 3410 4063 ὑμῖν.
3461 3992 3671 4057 Καθὼς
3722 3990 3789 4044 τό

2214 4090 2421 4161 κλῆμα
2467 4092 2539 4145 οὐ
2578 4088 2828 4143 δύναται
2880 4087 3084 4159 φέρειν
3132 4087 3367 4156 καρπὸν
3407 4084 3508 4154 ἀφ’
3547 4081 3785 4143 ἑαυτοῦ,

2214 4182 2322 4236 ἐὰν
2352 4182 2437 4253 μὴ
2462 4183 2641 4252 μείνῃ
2675 4182 2744 4235 ἐν
2776 4181 2849 4250 τῇ
2887 4180 3137 4251 ἀμπέλῳ
3158 4220 3173 4245 ,
3205 4179 3395 4244 οὕτως
3422 4175 3568 4230 οὐδὲ
3596 4173 3784 4245 ὑμεῖς,

2215 4273 2322 4326 ἐὰν
2354 4273 2436 4345 μὴ
2478 4275 2548 4327 ἐν
2580 4274 2707 4343 ἐμοὶ
2731 4274 2995 4343 μείνητε.

2287 4365 2557 4434 Είσόμεθα
2582 4365 2764 4428 πάλιν,
2798 4365 2893 4417 καὶ
2925 4363 3014 4417 διὰ
3042 4364 3141 4434 τῆς
3173 4364 3229 4413 ὲν
3261 4364 3376 4424 τοῖς
3403 4357 3789 4429 προκειμένοις

2216 4455 2474 4526 ἀκριϐοῦς
2516 4456 2770 4526 θεωρίας,
2812 4457 2887 4520 ὡς
2919 4455 3022 4526 ἄρα
3066 4455 3184 4507 ἐστὶ
3224 4452 3439 4522 πρῶτον
3484 4451 3583 4521 μὲν
3631 4448 3788 4520 ἔργον

2214 4547 2450 4616 σπουδῆς
2491 4548 2794 4617 ἀναγκαίας
2849 4547 2944 4601 καὶ
2993 4543 3309 4615 θεοφιλοῦς,
3356 4541 3419 4594 τὸ
3446 4538 3827 4621 εἰσδεχθῆναι·

2212 4637 2301 4690 διὰ
2346 4637 2443 4706 τῆς
2494 4637 2729 4701 πίστεως
2774 4637 2876 4707 τῆς
2934 4633 3259 4705 εἰλικρινοῦς
3313 4650 3374 4685 τε
3427 4633 3523 4684 καὶ
3555 4627 3787 4700 ἀληθοῦς

2215 4724 2365 4795 παρὰ
2408 4724 2668 4796 Χριστοῦ.
2719 4725 2882 4779 Τουτὶ
2920 4725 3029 4795 γάρ
3074 4722 3141 4777 ἂν
3195 4722 3282 4791 εἴη
3329 4721 3391 4774 τὸ
3432 4718 3790 4790 ἀριθμεῖσθαι

2214 4814 2396 4868 λοιπὸν
2427 4818 2484 4868 ὲν
2515 4815 2756 4886 κλήμασι
2787 4816 2900 4877 τοῖς
2931 4817 2997 4886 τῇ
3025 4813 3257 4885 ἀμπέλῳ
3283 4810 3697 4884 προσπεφυκόσι
3723 4810 3789 4877 τῇ

2210 4906 2480 4977 ἀληθινῇ,
2544 4908 2691 4978 φημὶ
2746 4907 2810 4979 δὴ
2864 4906 3107 4977 Χριστῷ.
3170 4905 3438 4976 Δευτέρας
3482 4903 3564 4967 δὲ,
3614 4898 3788 4971 οἶμαι.

2214 4996 2492 5068 φροντίδος
2517 4996 2733 5067 καρπὸς
2754 5038 2767 5063 ,
2800 4995 2921 5048 κατ’
2951 4994 3143 5048 οὐδένα
3180 4994 3381 5064 τρόπον
3424 4995 3527 5063 τῆς
3566 4991 3788 5062 πρώτης

2216 5105 2282 5158 με
2295 5087 2702 5157 ιονεκτούμενος
2720 5128 2736 5154 ,
2784 5085 2983 5157 μᾶλλον
3013 5086 3069 5139 δὲ
3101 5084 3504 5155 συντονωτέραν
3533 5083 3675 5153 ἔχων
3704 5080 3787 5149 ἐφ’

2213 5178 2389 5249 ἑαυτῷ
2412 5178 2509 5249 τὴν
2538 5178 2828 5249 μέριμναν,
2852 5178 2912 5231 τὸ
2932 5178 3268 5249 ἑνηρμόσθαι
3292 5176 3485 5246 φιλεῖν,
3510 5174 3604 5227 καὶ
3620 5172 3789 5244 ἀπρὶξ

2211 5268 2432 5339 ἔχεσθαι
2487 5266 2580 5321 τοῦ
2628 5267 2765 5321 Θεοῦ
2790 5309 2805 5334 ,
2848 5269 2937 5322 διά
2983 5268 3082 5342 τῆς
3123 5270 3181 5322 ὲν
3234 5269 3419 5339 ἔργοις
3455 5265 3682 5337 ἀγάπης
3704 5300 3719 5327 ο
3752 5262 3785 5332 ἢ

2212 5358 2347 5430 [γρ.
2382 5357 2455 5430 ἢ]
2496 5359 2721 5430 καὶτῆς
2764 5360 2926 5428 ἁγίας
2967 5377 3026 5412 τε
3082 5362 3177 5414 καὶ
3224 5359 3373 5423 θείας
3423 5357 3644 5427 ἐντολῆς
3690 5352 3789 5421 τὴν

2217 5446 2493 5517 πλήρωσιν
2522 5447 2656 5516 ἔχει.
2699 5447 2870 5501 Τοῦτο
2915 5449 3025 5520 γάρ
3073 5451 3217 5520 ἡμᾶς
3270 5448 3653 5510 ἀδιασπάστως
3705 5446 3788 5497 ἐν·

2208 5537 2477 5606 υπάρχειν
2529 5537 2711 5607 αὐτῷ,
2763 5540 2857 5592 καὶ
2904 5541 3257 5611 ἐμπεπῆχθαι
3290 5543 3466 5608 ποιεῖ,
3509 5536 3651 5593 κατὰ
3693 5544 3788 5590 τεν

606 5709 650 5741 ³³
678 5707 836 5765 Joan.
866 5727 954 5778 tv,
993 5712 1081 5771 24.
1159 5720 1223 5751 ³³·
1253 5716 1418 5775 Hebr.
1452 5734 1571 5786 xm,
1616 5720 1667 5772 7.
1745 5720 1788 5750 ’³
1822 5721 1839 5773 ι
1881 5719 2007 5774 Cor.
2044 5736 2096 5775 tv

2200 5721 2253 5787 ὃς
2297 5737 2375 5783 ιι,
2422 5723 2467 5775 l.
2549 5723 2612 5754 ³³⁸
2644 5721 2790 5779 Psal.
2822 5736 2953 5788 un,
2997 5720 3049 5776 9.
