4024 6262
242 359 337 414 561

1299 331 1666 414 latemus
1708 353 2158 417 avsucmuu
2199 358 2326 416 LIB.
2370 361 2434 417 χ.

3375 357 3478 414 562

242 472 472 543 λῖγοντα
494 474 824 544 Ψαλμῳδόν·
861 487 880 525 t
925 471 1216 545 Ἐκολλήθη
1243 476 1277 545 ἡ
1299 441 1462 547 ,ψυχή
1497 493 1597 547 μου
1631 477 1810 528 ὀπίσω

1928 493 2020 546 ιιιιι
2049 477 2360 533 sanctiﬁcat
2391 492 2492 532 nos
2509 476 2784 535 Christus,
2809 474 3017 545 suscipi
3049 474 3269 544 quidem
3303 475 3480 528 instar

245 579 363 618 σου.
400 583 419 614 ι
457 564 569 616 υύκ
599 564 817 634 ἀρκέσει
861 561 1149 632 τοιγαροῦν
1197 564 1332 633 πρὸς
1364 565 1654 634 ὀλόκληρον
1681 565 1812 633 ἡμῖν

243 651 542 726 θυμηδίαν,
578 654 694 724 ἦτοι
736 653 872 724 πρὸς
898 655 1172 724 ἀγιασμὸν
1196 696 1210 720 ,
1242 656 1332 708 τὸν
1361 656 1435 718 ὡς
1471 658 1562 708 ἐπὶ
1603 653 1814 708 ἐκθέσει

245 744 338 796 τοῦ
369 743 682 811 ἀγιάζοντος
709 746 858 816 ἡμᾶς
891 746 1166 816 Χριστοῦ,
1225 747 1284 799 τὸ
1329 746 1663 816 εἰσδεχθῆναι
1694 745 1812 816 μὲν,

243 833 319 896 ὡς
341 835 397 887 ἐν
429 834 579 898 τάξει
613 836 912 906 κλημάτων
935 855 947 867 '
985 839 1182 910 χρῆναι
1213 838 1268 890 δὲ
1300 837 1434 909 πρὸς
1467 837 1627 890 τοῦτό
1651 855 1814 907 φημι,

244 926 339 979 καὶ
369 927 428 980 τὸ
465 925 553 979 διά
595 927 696 996 τῆς
733 927 942 991 τελείας
979 946 1038 980 τε
1093 930 1184 982 καὶ
1230 929 1546 992 ἀνελλιποῦς
1596 929 1817 997 ἀγάπης

248 1016 480 1083 γνησίως
525 1005 860 1068 ἀκολουθεῖν.
940 1018 1028 1070 Ἐν
1078 1017 1188 1089 γάρ
1238 1017 1303 1088 δὴ
1353 1017 1528 1087 τούτῳ
1587 1018 1818 1087 μάλιστα

245 1105 428 1169 καλῶς
463 1105 528 1159 ἂν
554 1105 668 1175 ἔχοι
707 1108 797 1160 καὶ
831 1109 1058 1172 σώζοιτο
1099 1109 1198 1174 τῆς
1230 1109 1286 1161 ἐν
1322 1110 1592 1178 πνεύματι
1625 1106 1819 1172 κολλή-

248 1213 385 1259 σεως
421 1197 734 1268 νοουμένης,
769 1201 888 1269 ἦτοι
922 1200 1216 1267 συναφείας
1249 1201 1282 1269 ἡ
1313 1198 1559 1268 δύναμις.
1598 1197 1816 1268 Ἐπειδὴ

245 1288 427 1340 τοίνυν
458 1289 560 1359 ἔφη
611 1290 846 1360 Χριστὸς
882 1294 994 1354 τοῖς
1039 1289 1232 1343 ἑαυτοῦ
1288 1290 1584 1360 μαθηταῖς·
1623 1309 1641 1340 ι
1678 1289 1818 1358 Ἤδη

250 1378 409 1447 ὑμεῖς
429 1379 659 1449 καθαροί
687 1381 832 1445 ὲστε,
854 1381 942 1433 διά
963 1381 1051 1433 τὸν
1069 1379 1226 1448 λόγον
1246 1379 1304 1432 ὃν
1328 1379 1596 1449 λελάληκα
1618 1379 1767 1448 ὑμῖν·
1795 1395 1814 1430 ι

253 1471 340 1523 ἵνα
375 1473 448 1542 μή
483 1490 566 1534 τις
595 1473 803 1544 οἰηθείη
853 1475 982 1527 ποτὲ
1036 1473 1145 1527 τῶν
1180 1472 1325 1538 ana:
1373 1473 1817 1543 κεκαθαρμὲνων,

247 1561 604 1627 ἀδιαπτώτως
634 1563 774 1632 ἔχειν
799 1564 1083 1626 δύνασθαι,
1107 1563 1199 1617 καὶ
1231 1563 1280 1615 εί
1317 1565 1388 1632 μή
1411 1579 1532 1614 τινα
1557 1561 1716 1631 τυχὸν
1741 1561 1820 1624 είς

247 1651 310 1703 τὸ
337 1648 396 1704 εὖ
421 1636 557 1706 εἶναι
582 1657 781 1706 ποιοῖτο
803 1655 1058 1725 σπουδὴν,
1084 1655 1500 1724 προσεπιτάττοι
1527 1653 1641 1724 [πο.
1661 1669 1824 1722 προσ·

247 1741 572 1815 επιτάττει]
602 1744 906 1816 χρησίμως,
929 1745 1011 1798 ὅτι
1045 1746 1308 1815 προσήκοι
1345 1745 1530 1814 μένειν
1559 1745 1616 1796 ἐν
1646 1742 1820 1813 αύτῷ.

247 1834 356 1885 Καὶ
389 1833 442 1885 τί
470 1807 830 1900 τούτο-ἔσταη
856 1807 1287 1906 Ἕτερον-οὐδὲν,
1318 1807 1392 1898 ῶς
1416 1835 1481 1902 γέ
1513 1852 1601 1905 μοι
1631 1807 1816 1904 φαίνε-
1853 1807 1894 1865 Β

247 1941 359 1989 ται,
393 1924 599 1994 μᾶλλον
640 1925 698 1978 δὲ
737 1926 981 1996 ἐναργῶς
1010 1927 1071 1980 τὸ
1112 1927 1201 1980 διὰ
1246 1926 1340 1980 τοῦ
1377 1926 1600 1980 Παύλου
1641 1926 1820 1990 καλῶς

247 2014 574 2084 εἰρημένον·
613 2032 631 2065 ι
668 2015 831 2068 Ὥστε
861 2018 904 2081 ,6
936 2016 1110 2069 δοκῶν
1152 2016 1407 2083 ἑστάναι,
1465 2016 1708 2086 βλεπέτω
1746 2016 1820 2088 μὴ

251 2106 415 2176 πέσῃ.
447 2124 464 2156 ι
503 2107 687 2177 Μυρία
709 2107 818 2177 γὰρ
843 2106 908 2160 ἂν
935 2107 1027 2161 καὶ
1050 2109 1289 2180 τοῖςῆδη
1317 2108 1549 2178 βεϐαίως
1576 2107 1822 2162 δοκοῦσιν

253 2193 473 2251 ἑστάναι
502 2199 833 2268 συναντήσαι
869 2199 942 2254 τὰ
961 2198 1333 2272 ὀλισθήματα,
1369 2199 1444 2272 μὴ
1475 2198 1824 2270 ούχὶδιεδρά-

253 2288 380 2340 σθαι
399 2288 576 2351 καλῶς
601 2291 658 2342 ὲν
681 2285 878 2362 οἷσπερ
905 2291 971 2345 ἂν
996 2288 1126 2357 εἷεν,
1142 2292 1230 2346 διὰ
1260 2292 1460 2362 πολλῆς
1479 2292 1616 2359 ἄγαν
1648 2306 1824 2343 ποιου-

255 2381 441 2449 μένοις
479 2381 731 2449 σπουδῆς.
784 2383 873 2434 Δεῖ
917 2382 998 2446 δὲ,
1042 2379 1193 2454 οἶμαι
1221 2421 1238 2448 ,
1293 2383 1387 2437 καὶ
1440 2382 1622 2453 πάσης
1676 2383 1821 2452 ἡμᾶς

253 2471 437 2538 ἀξιοῦν
477 2474 773 2537 ἐπιεικείας
799 2475 894 2526 καὶ
924 2474 1141 2545 νήψεως
1165 2476 1234 2528 τά
1274 2475 1394 2529 καθ’
1425 2474 1686 2538 ἑαυτοὺς,
1719 2472 1822 2526 κᾶν

253 2560 572 2633 ἐρηρεῖσθαί
603 2580 719 2628 πως
747 2564 878 2635 δοκῇ
911 2581 1017 2628 τις,
1058 2565 1125 2617 δι’
1160 2565 1402 2618 ἐπίδοσιν
1431 2565 1529 2635 τὴν
1552 2564 1650 2634 ἤδη
1687 2579 1824 2633 προε-

254 2653 568 2724 ηνυσμένην
602 2656 680 2717 είς
713 2655 1051 2725 κατόρθωσιν
1075 2655 1320 2724 ἀγαθῶν.
1363 2655 1585 2708 ὐποίαν
1611 2654 1719 2725 γάρ
1740 2670 1827 2717 τις

256 2743 353 2796 καὶ
385 2744 514 2814 ὅσην
545 2744 803 2815 ὑπομένει
841 2746 940 2816 τὴν
967 2745 1192 2815 ζημίαν,
1229 2747 1328 2815 τῆς
1359 2749 1496 2817 πρὸς
1528 2745 1660 2799 Θεὸν
1691 2761 1828 2814 συμ-

257 2835 420 2902 φυΐας
473 2837 922 2906 ἀποκεκομμένος
974 2836 1162 2907 ὥσπερ
1223 2836 1312 2891 διὰ
1371 2836 1466 2889 τοῦ
1522 2837 1607 2905 ἐφ’
1659 2835 1696 2890 ἃ.
1753 2835 1830 2906 μὴ

257 2925 536 2996 προσῆκεν
588 2927 654 2980 ὲκ
708 2926 981 2998 ῥᾳθυμίας
1048 2927 1431 2999 παρολισθεῖν,
1508 2925 1828 2999 παρέδειξεν

1917 567 2226 637 palmitum,
2260 568 2353 623 sed
2390 578 2650 638 praeterea
2700 564 2795 636 per
2824 567 3148 622 charitatem
3182 565 3478 635 perfectam

1915 665 1971 711 et
2022 657 2417 713 iudesinentem
2483 660 2697 713 sincere
2746 659 3058 728 sequendus
3100 668 3206 712 est.
3264 665 3321 712 tn
3377 656 3481 708 hoc

1916 746 2062 801 enim
2098 748 2446 817 potissimum
2487 749 2745 804 consistit
2777 757 2830 803 et
2865 756 3114 804 servatur
3145 748 3228 802 vis
3257 758 3308 802 et
3341 747 3481 800 ratio

1918 836 2327 906 coniunctionis
2375 840 2659 910 spiritalis.
2695 838 2964 905 Quoniam
2998 853 3130 908 ergo
3163 838 3301 893 dixit
3325 837 3482 892 Chri‘

1919 937 2036 984 stus
2071 930 2186 984 suis
2216 930 2540 1000 discipulis:
2573 949 2589 981 ι
2623 929 2742 983 1am
2771 945 2864 985 vos
2889 929 3074 984 mundi
3100 931 3232 984 estis
3264 939 3484 998 propter

1919 1033 2227 1074 sermonem
2273 1035 2434 1090 quem
2481 1021 2698 1076 locutus
2749 1036 2869 1076 sum
2929 1020 3123 1075 vobis:
3165 1039 3182 1072 ›
3238 1033 3310 1074 ne
3362 1020 3487 1089 quis

1921 1109 2089 1164 semel
2150 1117 2416 1180 purgatus
2455 1125 2485 1163 a
2541 1125 2675 1164 casu
2743 1111 3040 1164 immunem
3111 1124 3171 1164 se
3226 1115 3482 1178 putaret,

1919 1201 2129 1256 etiamsi
2162 1203 2364 1255 nullam
2398 1203 2465 1256 ad
2495 1201 2546 1255 id
2568 1214 2754 1257 curam
2782 1202 3056 1266 adhibeat,
3099 1201 3301 1255 utiliter
3334 1201 3487 1270 jubet

1921 1289 1976 1342 in
2006 1304 2071 1344 eo
2103 1304 2444 1359 permanere.
2474 1290 2748 1356 Quidnam
2777 1301 2958 1348 autem
3003 1292 3152 1346 aliud
3185 1291 3332 1346 istud
3380 1299 3482 1352 est,

1921 1395 2081 1450 quam
2112 1381 2256 1450 quod
2289 1396 2385 1451 per
2423 1381 2652 1437 Paulum
2679 1391 2827 1438 recte
2851 1383 3056 1437 dicitur
3085 1401 3097 1435 :
3136 1400 3154 1434 ι
3187 1381 3368 1447 Quare
3393 1384 3487 1450 qui

1921 1471 2028 1527 sibi
2083 1472 2297 1527 videtur
2343 1481 2515 1538 stare,
2565 1475 2747 1529 videat
2786 1489 2855 1530 ne
2888 1475 3050 1529 cadat
3071 1472 3185 1525 ’νῖ
3223 1490 3242 1522 ι
3281 1471 3484 1526 lnliniti

1922 1562 2066 1617 enim
2109 1562 2296 1633 lapsus
2332 1565 2498 1619 etiam
2540 1565 2609 1620 iis
2643 1573 2946 1620 occurrunt
2976 1565 3070 1635 qui
3119 1564 3223 1620 sibi
3248 1564 3360 1634 jam
3393 1563 3488 1617 ιιτι

1923 1653 2082 1707 miter
2113 1662 2262 1708 stare
2299 1655 2580 1719 videntur,
2610 1656 2714 1710 nisi
2749 1658 2986 1712 maxime
3021 1655 3277 1711 studeant
3305 1655 3360 1709 in
3424 1670 3490 1708 eo

1924 1745 1978 1796 in
2010 1758 2118 1813 quo
2149 1753 2280 1799 sunt
2310 1746 2483 1815 gradu
2523 1745 2752 1802 ﬁrmiter
2787 1747 3013 1802 haat'ere.
3039 1745 3275 1802 Necesse
3309 1752 3488 1799 autem

1922 1844 2026 1899 est,
2053 1835 2270 1906 opinor,
2308 1853 2408 1893 nos
2439 1833 2654 1892 omne‘m
2693 1853 2881 1892 curam
2917 1854 2978 1893 ac
3014 1839 3352 1909 vigilantiam
3393 1835 3493 1891 ad-

1920 1927 2129 1992 bibere,
2160 1930 2412 1998 quamvis
2437 1944 2730 2001 progressu
2755 1929 2823 1984 ad
2864 1931 3002 1986 bene
3032 1930 3300 2002 agendum
3341 1943 3493 1984 cum-

1921 2019 2115 2088 primis
2156 2021 2401 2077 iirmatos
2426 2029 2479 2075 ct
2512 2021 2791 2075 stabilitos
2820 2035 2922 2076 nos
2954 2030 3229 2090 putemus.
3265 2020 3491 2086 Qualem

1921 2111 2066 2164 enim
2097 2119 2151 2164 et
2180 2118 2445 2180 quantam
2470 2111 2742 2180 jacturam
2779 2111 3036 2180 patiatur,
3069 2109 3234 2180 875
3278 2111 3371 2180 qui
3399 2122 3494 2179 per

1924 2200 2312 2271 negligentiam
2344 2201 2399 2255 in
2422 2201 2551 2255 vitia
2584 2201 2946 2270 prolabendo,
2979 2216 3009 2254 a
3043 2199 3137 2256 Dei
3169 2200 3496 2271 cognatione

1925 2289 2160 2360 quodam
2197 2289 2361 2346 modo
2386 2299 2636 2347 resectus
2676 2290 2864 2358 fuerit,
2891 2291 3106 2347 utiliter
3138 2289 3383 2346 ostendit
3411 2289 3496 2344 his

1925 2381 2146 2438 verbis:
2177 2400 2194 2432 ι
2239 2381 2392 2437 Sicut
2415 2383 2624 2452 palmes
2651 2397 2758 2436 non
2789 2390 2969 2452 potest
3010 2381 3152 2436 ferre
3184 2381 3424 2436 l‘ructum
3466 2397 3497 2432 ιι

1928 2467 2245 2544 semetipso,
2278 2475 2386 2529 nisi
2419 2475 2686 2529 manserit
2734 2475 2787 2527 in
2833 2475 2984 2538 vite,
3019 2473 3098 2528 sic
3143 2488 3318 2542 neque
3359 2488 3455 2526 vos
3480 2515 3496 2538 ,

1927 2567 2036 2622 nisi
2064 2566 2120 2620 in
2158 2581 2244 2622 me
2282 2566 2622 2622 manseritis.
2658 2585 2676 2615 ι
2705 2561 2818 2619 Nisi
2865 2565 3011 2620 enim
3066 2564 3273 2634 palmes
3303 2579 3332 2616 a
3389 2563 3499 2618 vite

1929 2664 2192 2726 tanquam
2221 2669 2252 2708 a
2282 2662 2457 2710 matre
2487 2653 2762 2708 vivilicum
2801 2652 3083 2707 humorem
3128 2651 3330 2717 trahat,
3361 2668 3500 2722 quo.

1929 2749 2092 2804 modo
2141 2761 2300 2803 uvam
2351 2745 2550 2817 pariet,
2601 2752 2695 2799 aut
2737 2759 2934 2815 quem,
2967 2754 3020 2799 et
3059 2744 3208 2799 unde
3259 2743 3498 2799 fructum

1929 2837 2052 2892 edet
2079 2836 2103 2890 τ
2131 2834 2310 2890 Simili
2346 2835 2533 2905 itaque
2571 2833 2783 2890 ratione
2809 2834 2878 2889 de
2913 2834 3078 2889 nobis
3118 2849 3337 2905 quoque
3365 2835 3503 2903 ipsis

1931 2925 2140 2982 dictum
2193 2925 2488 2995 intelliges.
2542 2923 2737 2980 Nullus
2793 2924 2938 2979 enim
2997 2938 3234 2994 unquam
3280 2923 3502 2977 virtutis

257 3017 573 3086 ἀναγκαίως
607 3021 847 3071 ἐπειπών
870 3034 884 3048 δ
919 3037 936 3070 ι
978 3017 1176 3082 Καθὼς
1210 3019 1272 3072 τὸ
1295 3019 1481 3090 κλῆμα
1518 3019 1578 3072 ού
1604 3018 1828 3072 δύναται

1935 3019 2147 3073 fructus
2195 3018 2251 3071 in
2290 3016 2449 3071 nobis
2484 3015 2834 3087 germinabit,
2895 3015 2941 3071 si
2974 3015 3366 3085 conjunctione
3412 3015 3502 3069 illa

257 3109 445 3178 φέρειν
495 3109 705 3179 καρπὸν
734 3109 828 3177 ἀφ’
860 3109 1097 3174 ἑαυτοῦ,
1151 3108 1246 3162 ὲάν
1298 3109 1373 3180 μὴ
1434 3099 1593 3182 μείνῃ
1650 3110 1708 3161 ἐν
1761 3111 1828 3178 τῇ

1937 3123 2058 3164 cum
2091 3107 2310 3162 Christo
2335 3106 2723 3161 exciderimus.
2760 3106 2916 3172 Quod
2949 3107 2993 3162 si
3025 3105 3146 3176 ejus
3181 3108 3274 3175 qui
3307 3106 3503 3176 impin-

254 3199 522 3269 ἀμπέλῳ,
570 3199 743 3263 οὕτως
787 3200 906 3254 οὐδὲ
955 3201 1148 3272 ὑμεῖς,
1186 3201 1282 3254 ἐὰν
1317 3200 1394 3272 μὴ
1425 3203 1483 3254 ὲν
1534 3200 1658 3270 ἐμοὶ
1709 3200 1846 3270 μεί--

255 3306 406 3359 νητε.
449 3310 466 3341 ι
501 3291 564 3342 Εί
617 3288 725 3360 γὰρ
771 3290 846 3361 μὴ
898 3289 1012 3360 ἔχοι
1063 3291 1126 3344 τὸ
1189 3291 1375 3361 κλῆμα
1427 3291 1677 3362 καθάπερ
1725 3291 1834 3344 ἀπὸ

260 3381 465 3451 μητρὸς
496 3381 596 3450 τῆς
627 3380 873 3450 ἀμπέλου
923 3381 1022 3452 τὴν
1067 3380 1334 3446 ζωοποιὸν
1380 3382 1532 3454 αὐτῷ
1568 3399 1834 3453 χορηγου-

262 3472 428 3541 μένην
459 3471 685 3540 ἰκμάδα,
712 3470 827 3533 πῶς
859 3470 925 3524 ἂν
959 3472 1221 3525 ἀποτέκοι
1257 3473 1349 3527 τὸν
1383 3473 1597 3543 βότρυν,
1627 3473 1660 3544 ἢ
1687 3473 1830 3537 τίνα,

259 3563 356 3614 καὶ
385 3562 548 3613 πόθεν
591 3561 790 3624 ἐξοίσει
832 3562 1080 3632 καρπόν;
1131 3563 1435 3630 Ἀναλόγως
1477 3559 1571 3616 οὖν
1604 3565 1712 3633 ἀρα
1743 3565 1834 3616 καὶ

258 3653 345 3719 ἐφ’
387 3651 546 3720 ἡμῶν
579 3650 758 3704 αὐτῶν
785 3653 998 3718 νοήσεις
1038 3653 1098 3705 τὸ
1129 3653 1438 3723 είρημένον.
1469 3655 1700 3724 Καρπδς
1727 3655 1835 3724 γὰρ

262 3741 442 3802 οὐδεὶς
482 3743 539 3792 ὲν
593 3743 726 3810 ἡμῖν
765 3742 966 3811 ἀρετῆς
1011 3742 1414 3814 ἀναϐλαστήσει
1463 3745 1593 3797 ποτὲ
1625 3745 1720 3814 τῆς
1757 3746 1836 3808 είς

266 3829 502 3900 Χριστὸν
533 3831 832 3898 συναφείας
861 3833 1298 3887 ἐκπεπτωκόσιν.
1343 3834 1757 3905 Ἐξηρτυμένοις
1775 3853 1837 3904 γε

267 3920 377 3991 μὴν
409 3920 503 3973 τοῦ
537 3921 920 3976 καταπιαίνειν
956 3923 1230 3992 ἰσχύοντος
1251 3966 1266 3992 ,
1314 3926 1408 3977 καὶ
1438 3926 1838 3996 ἀποτρέφοντος

260 4014 345 4075 είς
397 4013 716 4079 εὐσέϐειαν,
776 4016 1025 4087 καθάπερ
1083 4017 1234 4070 ὕδατι
1295 4018 1576 4090 ζωοποιῷ,
1633 4023 1699 4091 τῇ
1745 4021 1835 4074 τοῦ

259 4103 584 4173 Πνεύματος
638 4107 875 4177 χορηγίᾳ
924 4107 1020 4160 καὶ
1073 4108 1294 4179 χάριτι,
1346 4109 1442 4162 καὶ
1486 4109 1546 4162 τὸ
1575 4109 1837 4165 δύνασθαι

257 4198 634 4267 καρποφορεῖν
673 4198 967 4266 προσέσται
1008 4199 1226 4269 ῥαδίως.
1262 4200 1376 4253 Καὶ
1421 4199 1584 4253 τοῦτο
1621 4202 1774 4266 εἰδὼς
1809 4205 1837 4257 ὁ

256 4287 576 4357 Μονογενὴς
599 4329 614 4354 ,
657 4291 728 4341 ὲν·
755 4290 1106 4359 Εὐαγγελίοις
1149 4290 1362 4359 ἕλεγεν-
1402 4313 1419 4344 ι
1458 4293 1526 4345 Et
1553 4311 1638 4356 τις
1683 4295 1834 4365 διψᾷ,

257 4377 509 4446 ἐρχέσθω
543 4380 678 4449 πρός
732 4397 835 4450 με,
887 4382 983 4434 καὶ
1032 4383 1256 4436 πινέτω.
1298 4401 1316 4434 ι
1372 4385 1438 4435 Ὅ
1482 4383 1579 4436 καὶ
1633 4385 1837 4455 σφόδρα

1936 3213 2103 3268 guare
2130 3205 2309 3266 potest
2343 3213 2406 3251 ac
2447 3198 2500 3250 in
2540 3197 2747 3267 pietate
2786 3198 2980 3262 nutrit,
3047 3197 3291 3267 Spiritus
3335 3197 3501 3267 largi.
3558 3243 3578 3259 _

1936 3289 2084 3343 tione
2111 3295 2166 3343 et
2193 3289 2370 3359 gratia
2399 3304 2498 3343 ceu
2523 3287 2670 3343 unda
2699 3288 2933 3356 quadam
2959 3288 3172 3344 viviﬁca
3201 3288 3356 3358 rigati
3387 3287 3503 3342 fuco

1935 3379 2128 3444 rimus,
2180 3378 2337 3432 facile
2383 3393 2604 3448 quoque
2659 3379 2766 3433 erit
2813 3376 3030 3432 fructus
3063 3377 3393 3447 producere.
3447 3377 3502 3430 Id

1937 3484 2059 3524 cum
2108 3470 2273 3524 sciret
2307 3470 2653 3539 Unigenitus,
2685 3469 2740 3523 in
2786 3468 3096 3539 Evangeliis
3148 3468 3326 3524 dixit:
3373 3487 3392 3520 ι
3441 3468 3501 3524 Si

1937 3562 2061 3630 quis
2090 3561 2223 3626 sitit,
2255 3561 2440 3616 veniat
2471 3561 2537 3615 ad
2563 3576 2670 3624 me,
2710 3569 2765 3614 et
2813 3560 2961 3615 bibat
2988 3560 3056 3614 ".
3102 3579 3120 3613 ι
3168 3559 3323 3627 Quod
3360 3571 3506 3617 recte

1937 3667 2156 3724 quoque
2182 3651 2345 3707 nobis
2375 3651 2745 3721 interpretans
2775 3649 2998 3705 divinus
3024 3650 3384 3720 evangelista,
3422 3659 3504 3702 te-

1938 3752 2114 3799 status
2143 3751 2226 3798 est
2259 3743 2488 3797 dicens:
2528 3761 2547 3794 ‹
2595 3740 2708 3795 Hoc
2752 3747 2932 3795 autem
2977 3739 3134 3808 dixit,
3186 3739 3384 3810 inquit,
3439 3739 3506 3794 de

1940 3834 2170 3905 Spiritu,
2194 3849 2352 3904 quem
2384 3831 2665 3901 accepturi
2688 3831 3145 3887 erantcredentes
3170 3831 3222 3887 in
3247 3845 3370 3885 eum
3389 3829 3450 3884 ".
3481 3851 3500 3880 ι

1938 3925 2006 3980 Ει
2059 3929 2176 3996 ipse
2231 3933 2495 3996 praeterea
2539 3925 2731 3979 beatus
2789 3922 2959 3977 David
3017 3923 3387 3992 precabatur,
3439 3924 3504 3975 ad

1940 4015 2107 4071 Deum
2138 4031 2202 4071 ac
2229 4016 2444 4070 Patrem
2477 4013 2771 4083 inquiens:
2810 4031 2828 4063 ι
2865 4011 3133 4078 Quoniam
3166 4011 3306 4081 apud
3342 4021 3395 4066 te
3423 4021 3507 4065 est

1941 4108 2065 4162 fons
2085 4108 2229 4170 vitaz,
2249 4115 2302 4161 et
2324 4113 2568 4161 torrente
2593 4104 2893 4174 voluptatis
2919 4111 3024 4157 tua:
3046 4103 3259 4172 potabis
3282 4103 3456 4158 eos".
3483 4122 3499 4153 ι

1940 4197 2088 4253 Fons
2120 4199 2265 4253 enim
2307 4198 2503 4253 divina:
2533 4198 2676 4259 vitae,
2715 4206 2769 4251 et
2813 4195 3142 4264 spiritalium
3184 4193 3504 4248 deliciarum

1941 4299 2156 4346 torrens
2187 4290 2409 4359 quinam
2456 4289 2769 4344 censendus
2809 4295 2893 4342 est
2944 4287 3085 4340 alius
3119 4300 3281 4354 quam
3334 4284 3508 4339 Filius

1940 4383 2033 4453 qui
2069 4383 2394 4452 impinguat,
2430 4388 2481 4436 et
2508 4380 2703 4450 irrigat
2737 4377 2951 4432 vivilica
2985 4385 3041 4432 et
3080 4376 3240 4430 hilari
3269 4374 3512 4444 Spiritus

257 4469 446 4533 καλῶς
485 4470 859 4541 διερμηνεύων
891 4473 1022 4542 ἡμῖν
1051 4475 1081 4526 ὁ
1120 4471 1565 4542 πνέυματοφόρος
1603 4475 1828 4542 εὐαγγε-

1942 4474 2140 4544 gratia,
2174 4487 2281 4526 non
2315 4486 2477 4526 secus
2530 4485 2592 4524 ac
2624 4470 2877 4540 palmites
2935 4467 2982 4523 ei
3015 4467 3361 4522 adhaerentes
3411 4481 3506 4535 per

254 4558 472 4630 λιστὴς,
506 4560 910 4632 διεμαρτύρατο
932 4561 1106 4629 λέγων
1126 4577 1139 4590 ·
1178 4581 1196 4613 ι
1225 4563 1396 4614 Τοῦτο
1429 4562 1486 4614 δὲ
1510 4558 1652 4627 εἷπε,
1679 4566 1834 4634 φησὶ,

1942 4563 2266 4619 charitatem
2299 4576 2363 4614 ac
2397 4561 2577 4622 ﬁdem,
2612 4565 2828 4613 nostras
2853 4559 3066 4611 animas

255 4649 397 4717 περὶ
423 4649 515 4701 τοῦ
535 4649 874 4720 Πνεύματος,
902 4643 964 4702 οὗ
1017 4647 1240 4717 ἔμελλον
1295 4648 1591 4718 λαμϐάνειν
1646 4653 1694 4702 οἱ
1749 4655 2097 4716 πιστεύοντες
2131 4652 2210 4714 είς
2242 4650 2423 4705 αὐτόν.
2465 4668 2483 4700 ι
2522 4648 2630 4702 Καὶ
2659 4647 2821 4710 αὐτὸς
2868 4647 2926 4699 δὲ
2963 4646 3099 4717 πρὸς
3128 4645 3299 4714 τούτῳ
3341 4658 3506 4711 προσο

255 4737 465 4808 ηύχετο
504 4738 678 4807 λέγων
715 4740 744 4791 ὁ
781 4738 1049 4808 μακάριος
1074 4737 1271 4802 Δαϐὶδ,
1302 4738 1376 4800 ὡς
1412 4739 1549 4809 πρὸς
1577 4739 1711 4793 Θεὸν
1741 4745 1838 4796 καὶ
1871 4745 2125 4814 Πατέρα⁸
2174 4760 2190 4792 ι
2235 4742 2356 4792 Ὅτι
2396 4739 2547 4810 παρά
2585 4740 2667 4792 σοὶ
2700 4737 2851 4808 πηγὴ
2878 4737 3050 4807 ζωῆς,
3085 4737 3179 4789 καὶ
3239 4734 3328 4786 τὸν
3392 4750 3508 4802 χει-

258 4831 513 4902 μάρῤουν
553 4833 648 4902 τῆς
703 4832 915 4900 τρυφῆς
965 4832 1166 4892 πτιεῖς
1215 4829 1431 4892 αὐτούς.
1479 4849 1497 4881 ³
1535 4831 1692 4902 Πηγὴ
1761 4833 1871 4906 γάρ
1906 4837 2051 4906 ζωῆς
2126 4832 2274 4895 θείας
2316 4831 2410 4885 καί
2462 4830 2836 4901 πνευματικῆς
2882 4829 3214 4900 χειμάρρους
3271 4825 3507 4894 τρυφῆς,

251 4919 343 4980 τίς
382 4918 447 4972 ἂν
475 4919 658 4989 ἕτερος
693 4923 864 4974 νοοῖτο
902 4918 1053 4990 παρά
1083 4919 1175 4970 τὸν
1206 4918 1354 4980 Υίὸν,
1400 4917 1458 4980 ὃς
1487 4919 1836 4974 καταπιαίνει
1876 4940 1933 4974 τε
1959 4925 2054 4976 καὶ
2082 4921 2426 4993 καταρδεύει,
2456 4924 2521 4991 τῇ
2583 4920 2830 4990 ζωοποιῷ
2860 4921 2954 4973 καὶ
2994 4920 3154 4990 ἱλαρᾷ
3198 4917 3293 4972 τοῦ
3339 4916 3508 4970 Πνεύο

250 5025 434 5076 ματος
486 5010 706 5078 χάριτι,
742 5008 994 5078 καθάπερ
1068 5009 1124 5060 ὲν
1199 5006 1350 5071 τάξει
1403 5006 1698 5076 κλημάτων
1754 5013 2225 5082 προσπεφυκότων
2279 5011 2429 5082 αὐτῷ
2475 5012 2543 5064 δι’
2605 5012 2830 5080 ἀγάπης

243 5096 536 5165 ἡμετέρας
566 5094 763 5163 ψυχάς.

361 5183 490 5252 Εγώ
537 5186 652 5252 ειμι
691 5185 730 5250 ἡ
777 5184 1063 5252 ἄμπελος,
1094 5183 1262 5252 ὑμεῖς
1311 5183 1381 5236 τὰ
1419 5183 1711 5250 κλήματα.
1778 5184 1838 5236 ’0

234 5276 455 5346 μένων
474 5275 543 5327 ἐν
563 5274 712 5342 ἐμοὶ,
735 5275 897 5344 κάγὼ
927 5276 997 5327 ἐν
1020 5273 1198 5339 αὐτῷ,
1223 5271 1399 5340 οὗτος
1427 5276 1590 5343 φέρει
1608 5276 1838 5342 καρπὸν

237 5366 476 5420 πολύν
517 5364 607 5418 ὅτι
634 5364 808 5432 χωρὶς
833 5364 979 5434 ἐμοῦ
1012 5366 1084 5417 οὐ
1123 5364 1386 5418 δύνασθε
1419 5363 1611 5417 ποιεῖν
1635 5363 1833 5417 οὐδέν.

235 5454 385 5509 Εὰν
405 5452 489 5521 μή
517 5471 606 5518 τις
623 5453 800 5521 μείνῃ
823 5453 891 5506 ἐν
928 5453 1079 5523 ἐμοὶ,
1102 5454 1328 5523 ἐϐλήθη
1345 5454 1460 5518 ἔξω
1481 5455 1561 5518 ὡς
1596 5455 1661 5508 τὸ
1689 5452 1833 5521 κλῆ-

227 5559 353 5613 μα,
394 5543 489 5595 καὶ
515 5541 837 5610 ἐξηράνθη·
869 5545 966 5597 καὶ
997 5545 1373 5614 συνάγουσιν
1411 5545 1589 5608 αὐτὸ,
1620 5544 1717 5598 καί
1744 5549 1832 5610 εἰς

235 5634 372 5700 πῦρ
395 5634 732 5698 βάλλουσι,
766 5633 861 5686 καὶ
885 5638 1128 5717 migrat.

2916 5011 3010 5063 καὶ
3061 5012 3301 5072 πίστεως
3336 5050 3350 5073 ,
3409 5008 3508 5071 τὰς

2017 5181 2130 5247 XV,
2172 5183 2224 5247 5,
2251 5183 2304 5237 6.
2333 5183 2444 5253 Ego
2473 5201 2588 5238 sum
2622 5186 2764 5248 citis,
2802 5201 2888 5239 vos
2913 5179 3177 5250 palmites.
3204 5184 3307 5249 Qui
3334 5199 3506 5242 manet

1943 5276 1999 5327 in
2026 5291 2124 5338 me,
2152 5288 2201 5328 et
2230 5291 2321 5344 ego
2353 5276 2406 5327 in
2440 5291 2520 5337 eo,
2569 5275 2652 5327 hic
2693 5275 2792 5340 fert
2824 5276 3057 5343 fructum
3095 5275 3356 5328 multum:
3383 5278 3507 5345 quia

1942 5368 2054 5419 sine
2084 5382 2163 5418 me
2193 5367 2325 5420 nihil
2348 5367 2561 5436 potestis
2587 5368 2777 5432 facere.
2817 5366 2874 5419 Si
2902 5367 3017 5432 quis
3048 5366 3101 5418 in
3127 5383 3206 5419 me
3231 5382 3334 5419 non
3360 5385 3508 5420 man.

1941 5457 2087 5522 serit,
2134 5458 2370 5510 mittetur
2406 5459 2554 5528 foras
2601 5460 2736 5511 sicut
2787 5458 3007 5526 palntes,
3059 5467 3109 5510 et
3168 5469 3406 5514 arescet:
3459 5470 3507 5512 et

1941 5546 2186 5615 colligent
2217 5563 2354 5614 eum,
2390 5560 2437 5601 et
2468 5551 2522 5601 in
2555 5549 2721 5616 ignem
2766 5550 2994 5609 mittent,
3024 5558 3073 5600 et
3104 5548 3277 5602 ardet.

324 5725 390 5755 ιι·
430 5721 830 5785 1Cor.x,l2.
904 5724 948 5756 ιδ
990 5723 1142 5778 luan.
1180 5741 1272 5789 vtl,
1305 5726 1394 5780 57.
1474 5726 1518 5757 ἀ
1557 5724 1687 5779 ibid.
1719 5722 1799 5778 59.
1886 5722 1928 5751 ’τ
1967 5719 2112 5774 Psal.
2146 5735 2316 5786 ων,
2351 5723 2404 5775 9.

582 5815 863 5877 PATROL.
901 5816 1016 5878 Gn.
1046 5817 1313 5879 LXXIV.

3112 5812 3181 5873 l2
