4024 6262
501 401 609 462 363

1439 370 1455 385 '
1529 388 1586 442 s.
1629 383 1901 443 εγω-ιιι
1929 369 2394 436 ALEXANDRIN’I
2418 371 2734 432 ARCHIEP.

3663 363 3767 418 τοι

576 523 781 589 Aperte
843 515 1104 571 Dominus
1163 521 1350 569 noster
1401 509 1566 567 Jcsus
1629 509 1888 564 Christus
1941 505 2084 560 hanc

2211 531 2217 537 ‘
2269 516 2596 588 Ἀναφανδὸν
2627 517 2656 568 6
2689 514 2892 586 Κύριος
2909 510 3114 582 Ἰησοῦς
3140 512 3167 564 ό
3189 507 3423 580 Χριστὸς
3451 506 3657 576 ταύτης
3688 523 3771 559 τοι

506 612 688 668 solum
717 610 788 664 ob
825 621 1046 678 causam
1099 604 1340 672 seipsum
1393 601 1614 672 quidem
1647 599 1811 653 vitem
1863 610 2078 651 nuncuv

509 712 694 772 patum
739 715 862 755 esse
905 701 1002 761 ait,
1036 704 1095 750 ut
1134 701 1284 750 clare
1327 707 1702 758 cerneremus,
1745 700 1799 744 et
1829 688 2079 758 corporis

511 793 899 864 propemodum
919 789 1094 845 oculis
1116 795 1374 858 tanquam
1399 786 1452 841 in
1477 784 1621 850 rudi,
1643 792 1698 839 et
1717 781 1990 845 sensibili,
2017 793 2084 833 ac

512 882 804 938 manifesto
838 881 1088 950 exemplo
1132 879 1596 950 perspiceremus,
1645 874 1715 928 ad
1766 871 2082 943 pariendam

511 979 790 1038 virtutem,
829 971 1151 1040 fructusque
1205 968 1485 1039 spiritales
1529 963 1918 1036 producendos
1963 961 2082 1014 ido~

513 1077 647 1116 neos
683 1062 806 1114 illos
840 1075 985 1124 esse,
1036 1059 1132 1129 qui
1167 1059 1216 1112 ei
1256 1057 1534 1112 mordicus
1569 1052 1848 1108 adhaerere
1881 1060 2087 1106 statue-

511 1157 648 1220 rint,
685 1169 715 1206 a
740 1154 846 1207 vite
873 1152 1134 1206 nimirum
1168 1158 1394 1218 accepta
1424 1149 1629 1201 virtute
1661 1145 1828 1215 873
1854 1141 2013 1212 quasi
2055 1156 2088 1195 a

513 1253 708 1309 matre,
741 1249 800 1295 ut
834 1241 1001 1295 etiam
1029 1238 1246 1309 operari
1282 1237 1518 1307 possint.
1569 1235 1672 1301 Qui
1703 1247 1833 1288 vero
1871 1231 1939 1287 ab
1966 1231 2089 1299 ejus

512 1334 913 1404 conjunctione
946 1331 1123 1385 avulsi
1149 1325 1560 1400 quodammodo
1607 1334 1702 1379 aut
1729 1323 1931 1378 resecti
1963 1331 2092 1378 sunt

513 1427 882 1484 conversione
919 1424 986 1479 ad
1025 1422 1176 1487 vitia,
1227 1429 1282 1475 et
1334 1420 1500 1474 vitam
1546 1417 1656 1472 Deo
1701 1413 1928 1470 minime
1977 1415 2090 1484 pla-

514 1530 750 1586 centem,
781 1519 935 1574 nullo
963 1515 1125 1570 modo
1149 1512 1216 1568 ad
1241 1512 1496 1566 virtutem
1527 1509 1706 1564 idonei
1731 1506 2086 1571 videbuntur,

519 1621 613 1669 aut
650 1615 924 1669 bonorum
959 1624 1187 1680 Operum
1216 1606 1520 1662 claritatem
1555 1601 1788 1670 adipisci
1811 1607 2089 1670 poterunt,

521 1705 613 1776 sed
648 1704 939 1760 ottinivoro
991 1701 1104 1769 igni
1153 1699 1443 1752 tradentur
1490 1703 1753 1763 tanquam
1789 1689 2098 1746 inevitabili'

522 1793 850 1848 necessitate
899 1788 1283 1845 consumendi.
1332 1785 1488 1851 Quod
1521 1783 1671 1838 enim
1730 1781 1798 1836 ad
1832 1781 2088 1851 pietatem

2179 613 2275 665 καὶ
2317 611 2484 682 μόνης
2522 611 2685 664 ἕνεκα
2732 610 2832 679 τῆς
2871 606 3080 668 αἰτίας,
3132 601 3372 673 ἄμπελον
3432 599 3532 670 μὲν
3582 598 3772 651 ἑαυτὸν

2181 702 2599 772 κατωνομάσθαι
2631 700 2816 768 φησιν,
2858 696 2998 766 ὑπὲρ
3030 694 3120 746 τοῦ
3149 691 3386 745 συνιέναι
3421 687 3629 756 σαφῶς,
3682 686 3776 757 μό-

2181 810 2270 847 νον
2295 793 2351 846 δὲ
2372 792 2492 861 οὐχὶ
2515 790 2609 844 καὶ
2633 793 2744 851 τοῖς
2783 785 2878 840 τοῦ
2920 785 3168 855 σώματος
3192 780 3493 850 ’ὀφθαλμοῖς
3522 778 3775 841 κατιδεῖν,

2181 883 2256 946 ὡς
2302 884 2358 935 ὲν
2389 882 2554 950 παχεῖ
2581 897 2640 932 τε
2681 879 2774 931 καὶ
2811 875 3055 944 αἰσθητῷ
3085 874 3179 926 καὶ
3211 870 3496 940 φανοτάτῳ
3531 866 3652 920 λίαν
3675 883 3780 919 πα-

2186 973 2531 1044 ραδείγματι,
2564 969 2641 1032 ὡς
2678 970 2790 1029 τοῖς
2828 966 2926 1035 μὲν
2975 962 3124 1032 αὐτῷ
3171 957 3559 1032 προσηλῶσθαι
3612 972 3780 1007 σπου-

2184 1063 2442 1127 δάζουσι,
2522 1059 2617 1114 καὶ
2690 1057 2860 1128 ἀπρὶξ
2934 1055 3208 1125 ἑλομένοις
3291 1045 3779 1119 προσπεφυκέναι,

2189 1153 2471 1222 περιέσται
2491 1148 2692 1212 καλῶς,
2720 1146 2779 1199 τὸ
2799 1143 3057 1198 δύνασθαί
3077 1160 3136 1194 τε
3157 1140 3247 1193 καὶ
3267 1136 3589 1206 ἐπιτηδείως
3618 1133 3780 1202 ἔχειν,
3831 1193 3834 1196 ,

2189 1242 2326 1312 πρὸς
2373 1239 2474 1310 τὴν
2525 1238 2627 1307 τῆς
2687 1235 2890 1306 ἀρετῆς
2947 1230 3286 1300 ἀποκύησιν,
3344 1227 3443 1279 καὶ
3487 1238 3783 1293 ’καρποφοο

2192 1331 2311 1404 ρίας
2339 1329 2731 1401 πνευματικῆς,
2752 1323 3190 1397 χορηγουμένους
3218 1316 3480 1389 δηλονότι,
3527 1313 3784 1383 καθάπερ

2191 1424 2257 1476 ὲκ
2288 1421 2491 1492 μητρὸς
2517 1419 2618 1490 τῆς
2659 1416 2925 1488 ἀμπέλου,
2959 1415 3058 1484 τὴν
3091 1411 3151 1478 se
3203 1407 3373 1477 αὐτῆς
3415 1405 3676 1474 δύναμιν,
3707 1404 3786 1464 εἰς

2192 1514 2253 1567 τὸ
2277 1512 2534 1568 δύνασθαι
2581 1511 2676 1564 καὶ
2713 1508 2967 1579 ἐνεργεῖν
2999 1523 3013 1536 ’
3049 1505 3161 1567 τοῖς
3194 1519 3258 1572 γε
3304 1501 3411 1572 μὴν
3450 1495 3788 1566 ἀποσπωμέ-

2193 1623 2305 1668 νοις
2361 1603 2570 1674 ὥσπερ,
2627 1603 2744 1674 ἦτοι
2786 1597 3262 1668 διακεκομμένοις,
3323 1593 3427 1663 τῆς
3481 1593 3566 1653 είς
3623 1588 3786 1643 αὑτὸν

2197 1697 2433 1768 σχέσεως
2476 1694 2687 1749 διάτοῦ
2765 1732 2778 1747 .
2860 1730 2876 1745 .
2957 1731 2972 1745 .
3050 1729 3065 1742 .
3145 1727 3160 1742 .
3239 1724 3254 1740 .
3335 1725 3348 1739 .
3430 1724 3445 1740 .
3527 1678 3788 1750 ,πρὺςᾶ

2199 1788 2275 1860 μὴ
2319 1789 2450 1851 δεῖν,
2477 1788 2570 1842 καὶ
2600 1788 2679 1849 εἰς
2715 1783 2930 1854 ἀπῳδὸν
2979 1779 3057 1851 τῷ
3083 1777 3201 1848 Θεῷ
3229 1774 3501 1830 πολιτείαν
3519 1769 3789 1840 ,οὐδεμία

522 1895 606 1940 est
639 1883 856 1944 inutile,
903 1881 1085 1951 pomis
1118 1879 1334 1934 luendis
1380 1874 1786 1947 quodammodo
1827 1847 1916 1927 est
1972 1869 2096 1924 ido-

2209 1847 2299 1950 μέν
2323 1847 2553 1948 δύναμις
2590 1847 2961 1944 ἐποφθήσεται
2998 1847 3096 1941 vi];
3127 1847 3204 1930 εἰς
3243 1865 3446 1938 ἀρετὴν
3483 1858 3786 1928 ἐπιτηδειόο

525 1993 711 2044 neum,
740 1972 1198 2045 quemadmodum
1230 1984 1422 2039 nempe
1450 1975 1503 2023 et
1525 1966 1669 2036 quod
1699 1965 1753 2018 in
1780 1961 2098 2034 palmitibus

525 2076 609 2124 est
659 2067 896 2125 aridum,
952 2062 1017 2118 ad
1061 2063 1241 2132 ignem
1287 2061 1463 2114 solum
1509 2066 1595 2112 est
1639 2055 1792 2110 utile.
1849 2051 2097 2118 Quorum

526 2159 794 2215 indicium
851 2164 907 2212 et
961 2160 1345 2224 argumentum
1394 2163 1586 2205 verum
1635 2155 1690 2202 et
1728 2145 2098 2200 indubitatum

526 2251 789 2320 accipies,
823 2263 932 2302 non
961 2245 1180 2315 quidem
1215 2243 1262 2297 si
1290 2248 1534 2296 veterum
1567 2246 1888 2294 sanctorum
1919 2235 2100 2305 capita

527 2340 816 2411 respicias,
849 2335 944 2392 sed
975 2335 1042 2390 ad
1075 2335 1226 2404 ipsos
1272 2337 1496 2386 sanctos
1537 2326 1815 2397 apostolos
1860 2332 2098 2378 mentem

529 2431 805 2486 advertas.
840 2427 905 2480 Hi
935 2427 1116 2490 enim,
1145 2424 1296 2478 nullo
1327 2421 1488 2476 modo
1518 2427 1701 2489 spreta
1727 2417 1935 2472 Christi
1965 2414 2101 2469 dile-

530 2522 746 2583 ctione,
790 2517 886 2571 sed
929 2520 1314 2585 permanentes
1368 2513 1425 2568 in
1472 2526 1570 2576 eo,
1623 2509 1872 2578 nihilque
1903 2505 2100 2575 pietati

529 2625 658 2682 erga
683 2624 808 2665 eum
835 2603 1264 2676 praeponendum
1291 2603 1396 2656 rati
1418 2599 1758 2656 celeberrimi
1789 2597 1918 2652 facti
1949 2603 2100 2659 sunt,

530 2705 881 2771 fructumque
914 2713 1029 2753 suae
1060 2696 1278 2750 virtutis
1306 2695 1480 2749 totius
1502 2693 1654 2748 orbis
1686 2690 2104 2746 conversionem

529 2795 903 2867 protulerunt,
944 2797 998 2845 et
1028 2788 1240 2857 seipsos
1283 2785 1387 2856 piae
1439 2782 1881 2838 conversationis
1917 2795 2103 2836 exem-

531 2887 680 2957 plum
705 2899 802 2938 ceu
833 2884 1104 2937 illustrem
1136 2876 1428 2954 quamdam
1463 2874 1626 2930 terris
1656 2873 1948 2942 imaginem
1979 2885 2108 2940 pro-

532 2981 820 3046 ponentes,
854 2967 1371 3023 immarcescibilem
1406 2965 1592 3035 gloriae
1620 2977 1741 3031 quae
1766 2962 1908 3030 apud
1938 2959 2106 3014 Deum

530 3075 619 3125 est
656 3076 919 3118 coronam
954 3058 1062 3114 sibi
1119 3065 1452 3127 pepererunt
1475 3057 1542 3109 ’⁸.
1603 3053 1740 3109 Vilis
1775 3061 1956 3106 autem
1993 3051 2105 3116 ille,

2197 1983 2378 2042 τητος,
2408 1969 2521 2022 ἀλλ’
2559 1968 2679 2021 οὐδὲ
2722 1966 2816 2019 τοῦ
2842 1963 3100 2018 δύνασθαι
3145 1962 3257 2022 τοῖς
3295 1959 3360 2010 ὲκ
3393 1956 3495 2024 τῆς
3519 1951 3793 2020 ἀγαθουρ-

2198 2041 2326 2130 γίας
2374 2061 2694 2130 διαπρέπειν
2747 2057 3004 2128 καρποῖς,
3064 2052 3215 2105 ἕσται
3265 2049 3322 2102 δὲ
3358 2045 3582 2118 μᾶλλον,
3625 2043 3700 2105 ὡς
3734 2041 3792 2106 ἐξ

2197 2153 2444 2222 ἀνάγκης
2487 2149 2857 2220 ἀπαραιτήτου
2904 2143 3107 2208 λοιπὸν,
3158 2141 3218 2195 τὸ
3263 2139 3462 2211 χρῆναι
3511 2135 3792 2205 παμφάγῳ

2199 2242 2540 2299 δαπανᾶσθαι
2605 2241 2758 2310 πυρί.
2831 2239 2904 2290 Τὸ
2962 2237 3070 2305 γὰρ
3141 2233 3413 2304 ἄχρηστον
3495 2230 3578 2291 εἰς
3645 2227 3795 2278 εὐσέ-

2200 2339 2375 2402 6ειαν,
2415 2333 2714 2405 ἐπιτήδειόν
2745 2347 2860 2393 πως
2905 2332 2984 2392 εἰς
3014 2328 3074 2380 τὸ
3125 2326 3281 2387 δίκας
3317 2320 3662 2375 ἀποτιννύειν
3710 2317 3792 2368 δο-

2201 2432 2309 2495 κεῖ,
2365 2427 2552 2497 ὥσπερ
2603 2419 2696 2478 οὖν
2727 2423 2918 2493 ἀμέλει
2961 2419 3054 2473 καὶ
3085 2418 3146 2471 τὸ
3177 2415 3412 2469 αὐανθὲν
3442 2414 3500 2465 ὲν
3533 2411 3791 2480 κλήμασι,

2206 2519 2351 2588 μόνῳ
2387 2518 2653 2588 χρήσιμον
2686 2511 2835 2566 ἔσται
2862 2510 3014 2581 πυρί.
3050 2507 3248 2570 Λάθοις
3276 2505 3318 2557 δ’
3340 2503 3405 2557 ἂν
3433 2503 3545 2555 τῶν
3575 2499 3797 2571 εἰρημέ-

2201 2625 2307 2662 νων
2338 2606 2707 2677 ἀναμφίλογόν
2746 2621 2806 2656 τε
2832 2603 2922 2656 καὶ
2959 2600 3134 2671 ἀληθῆ
3165 2598 3262 2668 τὴν
3278 2594 3574 2658 ἀπόδειξιν,
3606 2593 3670 2644 οὐ
3702 2592 3794 2653 τὰς

2202 2701 2310 2752 τῶν
2405 2697 2650 2767 ἀρχαίων
2705 2695 2874 2762 ἁγίων
2947 2688 3451 2760 περισκοπούμενος
3533 2683 3794 2752 κεφαλὰς,

2205 2791 2318 2846 ἀλλ’
2354 2789 2536 2850 αὐτοῖς
2560 2787 2790 2855 ἐπαφεὶς
2817 2784 2914 2855 τὴν
2937 2783 3172 2836 διάνοιαν
3208 2781 3320 2841 τοῖς
3354 2776 3533 2844 ἁγίοις
3566 2771 3797 2827 ἀποστό-

2205 2884 2336 2944 λοις.
2370 2882 2432 2932 Οἱ
2466 2880 2561 2949 μὲν
2589 2878 2697 2948 γάρ
2717 2878 2816 2946 τῆς
2849 2877 2926 2938 εἰς
2951 2872 3182 2944 Χριστὸν
3212 2870 3434 2938 ἀγάπης
3463 2866 3586 2920 κατ’
3611 2861 3798 2919 οὖεένα

2205 2973 2404 3043 τρόπον
2449 2969 2907 3038 ὀλιγωρήσαντες,
2953 2959 3418 3033 διαμεμενηκότες
3447 2957 3502 3009 δὲ
3535 2957 3594 3009 ὲν
3631 2953 3799 3021 αὐτῷ,

2208 3063 2301 3115 καὶ
2342 3059 2505 3131 μηδὲν
2551 3058 2687 3119 ὅλως
2731 3050 3250 3126 προτάττεσθαιτῆς
3307 3049 3388 3111 εἰς
3427 3045 3594 3100 αὑτὸν
3646 3043 3802 3096 εὗσε-

532 3167 584 3213 et
614 3155 822 3212 venalis
853 3151 1027 3208 Judas
1059 3150 1210 3205 tenui
1258 3149 1456 3204 lucello
1502 3155 1718 3217 captus,
1763 3144 1834 3198 ab
1889 3143 2104 3198 intelle-

2209 3152 2362 3214 ὁείας
2412 3149 2646 3219 οἰόμενοι
2702 3147 2836 3209 δεῖν,
2905 3145 3158 3213 γεγόνασι
3222 3139 3588 3208 παναοίδιμοισ
3670 3151 3807 3204 καρ-

531 3247 700 3304 ctuali
733 3245 862 3312 vite,
885 3243 990 3298 hoc
1019 3248 1103 3297 est
1135 3239 1378 3302 Christo,
1401 3245 1674 3299 resectas,
1696 3231 2107 3306 quodammodo

2210 3242 2311 3296 πδν
2332 3243 2388 3296 δὲ
2435 3241 2534 3310 τῆς
2572 3238 2780 3292 ἑαυτῶν
2826 3238 3025 3307 ἀρετῆς
3071 3233 3277 3300 ἔδειξαν
3310 3231 3407 3300 τὴν
3450 3227 3803 3298 οἰκουμένην,

531 3339 762 3403 exaruit,
795 3351 904 3391 una
929 3349 1056 3390 cum
1099 3331 1358 3402 discipuli
1391 3329 1688 3399 dignitate,
1722 3324 1941 3380 vivilica
1986 3321 2108 3392 Spi-

533 3434 674 3488 ritus
715 3430 920 3484 amissa
956 3426 1010 3480 vi
1050 3424 1338 3495 qualitate.
1379 3419 1548 3474 Foras
1578 3418 1728 3474 enim
1759 3414 1973 3486 ejectus
2000 3419 2106 3475 est,

528 3526 684 3594 juxta
718 3517 1034 3576 Servatoris
1072 3531 1264 3572 vocem
1305 3531 1320 3568 :
1357 3512 1702 3568 abalienatus
1749 3506 1950 3578 quippe
2002 3510 2108 3567 est,

533 3593 696 3684 atque
755 3608 1051 3664 ultricibus
1110 3603 1350 3660 ﬂammis
1400 3603 1575 3657 instar
1623 3599 1796 3668 paleae
1850 3593 2110 3649 traditus.

538 3704 754 3759 Utiliter
783 3701 968 3771 itaque
1004 3697 1271 3753 Dominus
1302 3701 1493 3749 noster
1535 3691 1699 3747 .Iesus
1727 3688 1982 3745 Christus
2010 3699 2112 3738 au-

536 3795 812 3850 ditoribus
843 3791 963 3849 suis
991 3788 1238 3845 ostendit
1268 3794 1474 3857 quanta
1525 3797 1624 3838 eos
1653 3781 1843 3836 laetitia
1897 3783 2115 3832 maneat

537 3887 632 3958 qui
663 3885 770 3941 sibi
799 3882 1078 3937 adhaerere
1107 3878 1357 3940 student,
1393 3883 1450 3930 et
1497 3879 1765 3944 quantum
1799 3876 1990 3924 contra
2027 3866 2115 3936 ja-

539 3988 730 4038 ctura,
777 3973 824 4028 si
869 3972 964 4042 qui
1012 3986 1040 4025 a
1083 3985 1140 4026 se
1188 3975 1508 4024 resecentur
1536 4004 1551 4028 ,
1599 3961 1873 4031 duplicem
1924 3958 2118 4013 salutis

541 4067 764 4122 modum
795 4063 1137 4132 excogitans.
1172 4059 1269 4114 Vel
1296 4059 1442 4114 enim
1473 4055 1662 4126 gloriae
1710 4067 1775 4107 ac
1805 4051 1927 4106 vita;
1959 4049 2116 4119 cupi-

543 4160 734 4221 ditate,
761 4156 843 4211 vel
866 4155 1010 4225 ignis
1039 4151 1296 4222 supplicii
1338 4157 1485 4203 metu
1518 4161 1582 4200 ac
1615 4145 1762 4213 fuga,
1797 4151 1912 4198 toto
1947 4141 2118 4195 animi

544 4247 728 4305 studio
772 4249 820 4301 ei
870 4244 1066 4299 fortius
1105 4241 1526 4310 conjungemur.
1579 4234 1892 4306 Agricolam
1933 4242 2116 4287 autem

545 4341 762 4395 Patrem
793 4337 889 4400 ait,
925 4344 1138 4390 naturae
1175 4332 1378 4387 divinat
1411 4329 1815 4399 inSpectionem
1851 4326 1904 4381 in
1937 4341 2036 4380 nos
2068 4334 2121 4379 et

546 4444 737 4487 curam
771 4427 1106 4491 attribuens,
1137 4418 1601 4495 quemadmodum
1634 4427 1690 4473 et
1728 4419 1784 4472 in
1813 4417 2118 4487 superiori-

549 4523 652 4584 bus
693 4520 870 4576 fusius
907 4514 1426 4573 demonstravimus.
1462 4509 1644 4582 Ipsum
1668 4509 1870 4578 quippe
1896 4523 2118 4576 (:ompc-
2153 4499 2196 4554 D

549 4615 756 4669 riemus
788 4628 910 4667 esse
958 4607 1216 4680 agricolm
1258 4619 1503 4669 manum,
1551 4616 1896 4671 nequaquam
1945 4600 2014 4652 ab
2056 4613 2122 4652 eo

548 4706 795 4761 essentia
817 4704 1054 4758 alienam
1081 4715 1144 4755 ac
1165 4699 1438 4763 dissitam,
1464 4695 1558 4750 sed
1583 4711 1648 4748 ex
1676 4695 1795 4764 ipso
1818 4693 1949 4748 etin
1980 4691 2119 4762 ipso,

551 4793 1010 4868 quemadmodum
1039 4801 1092 4848 et
1120 4793 1175 4848 in
1203 4789 1364 4844 nobis
1391 4787 1583 4842 videre
1616 4786 1766 4840 licet.
1789 4783 1943 4850 Quod
1975 4782 2122 4837 enim

552 4893 753 4942 cuncta
786 4884 898 4938 sint
930 4899 1027 4952 per
1052 4880 1252 4935 Filium
1273 4919 1289 4945 ,
1319 4878 1482 4948 quasi
1531 4891 1626 4946 per
1663 4890 1884 4930 manum
1923 4873 2121 4936 Patris,

550 4979 716 5051 877
759 4978 938 5046 ipsum
970 4975 1038 5030 de
1072 4971 1348 5028 creaturis
1375 4970 1692 5038 loquentem
1735 4965 1860 5019 audi
1889 4983 1903 5019 :
1939 4982 1958 5015 ι
2007 4963 2123 5018 Ma-

563 5085 668 5124 nus
703 5081 822 5122 mea
858 5065 987 5121 fecit
1029 5064 1146 5118 hate
1177 5061 1362 5116 omnia
1383 5060 1467 5112 "z
1508 5057 1723 5110 tametsi
1763 5054 1945 5109 omnia
1983 5051 2125 5106 facta

553 5167 682 5214 sunt
711 5174 807 5227 per
834 5155 1061 5216 Filium,
1112 5152 1269 5220 juxta
1315 5156 1536 5204 sanctas
1584 5143 1983 5214 Scripturas”.
2019 5142 2128 5196 No-

555 5249 778 5304 tandum
839 5232 970 5301 vero
1004 5244 1248 5300 divinum
1305 5239 1536 5293 Paulum
1566 5238 1928 5292 resectionem
1961 5250 2124 5304 quam

557 5340 643 5394 hic
700 5338 1100 5407 intelligimus,
1156 5334 1244 5388 his
1303 5319 1439 5385 forte
1486 5331 1672 5386 verbis
1745 5329 2124 5382 subinnuere:

565 5447 583 5478 ι
621 5425 758 5480 Vide
789 5441 920 5494 ergo
947 5426 1246 5481 bonitatem
1286 5431 1340 5476 et
1369 5422 1716 5477 severitatem
1755 5418 1891 5473 Dei:
1930 5419 1986 5472 in
2030 5432 2127 5473 eos
2167 5455 2171 5460 -

562 5516 779 5586 quidem
809 5517 903 5585 qui
948 5517 1286 5574 ceciderunt.
1330 5515 1674 5569 severitatem
1707 5530 1720 5566 :
1750 5512 1804 5564 in
1847 5519 1899 5565 te
1947 5517 2125 5564 autem

630 5780 674 5813 ²⁹
711 5773 910 5834 IPctt‘.
940 5792 990 5839 ν.
1030 5777 1061 5830 4
1139 5778 1179 5808 ¹⁹
1220 5777 1318 5832 Isu.
1355 5795 1511 5843 vat,
1547 5779 1600 5830 Et.
1682 5775 1724 5805 ³ο
1768 5771 1923 5826 loan.
1967 5787 2022 5837 ι,
2056 5773 2108 5824 5.

2209 3335 2302 3388 καλ⁵
2331 3331 2576 3402 φιλοθέου
2612 3327 2885 3390 πολιτείας
2915 3324 3297 3395 ὑπογραμμὸν,
3330 3322 3398 3374 τά
3427 3319 3550 3374 καθ’
3578 3319 3806 3379 ἑαυτοὺς

2209 3425 2521 3488 ἀναθέντες,
2581 3421 2833 3492 καθάπερ
2889 3419 3074 3473 εἰκόνα
3132 3420 3197 3488 τῇ
3251 3415 3463 3485 ὑφηλίῳ
3515 3411 3806 3484 λαμπρὰν,

2211 3517 2302 3570 τὸν
2363 3516 2676 3585 ἀμάραντον
2728 3511 2829 3581 τῆς
2887 3509 3037 3581 παίρά
3105 3507 3224 3578 Θεῷ
3280 3507 3440 3575 δόξης
3485 3503 3810 3557 ὲνεδόσαντθ

2215 3607 2496 3676 στέφανον.
2530 3605 2591 3657 '0
2621 3604 2677 3656 δὲ
2739 3605 2955 3673 μικροῖς
2987 3599 3274 3672 ἀργυρίοις
3327 3594 3691 3666 σαγηνευθεὶς
3733 3593 3810 3655 είς

2216 3697 2509 3762 ἀπώλειαν,
2564 3694 2705 3765 φημὶ
2749 3693 2805 3746 δὲ
2843 3693 2935 3746 τὸν
2979 3692 3177 3762 εὐχερῆ
3234 3705 3293 3742 τε
3322 3689 3418 3740 καὶ
3472 3685 3812 3737 εὐωνότατον

2228 3786 2448 3851 Ἰούδαν,
2527 3781 2866 3854 ἀποτμηθεὶς
2946 3781 3049 3849 τῆς
3109 3777 3359 3848 ἀμπέλου
3423 3774 3522 3844 τῆς
3589 3772 3809 3841 νοητῆς,

2215 3878 2359 3933 τοῦτ’
2395 3877 2510 3930 ἔστι
2573 3874 2831 3947 Χριστοῦ,
2887 3870 3261 3942 κατεξηράνθη
3298 3867 3495 3938 τρόπον
3544 3864 3692 3928 τινὰ,
3737 3863 3815 3932 τῷ

2218 3968 2318 4039 τῆς
2350 3966 2649 4039 μαθητείας
2671 3963 2960 4033 ἀξιώματι,
2987 3963 3082 4016 καὶ
3103 3962 3200 4031 τὴν
3229 3956 3491 4022 ζωοποιὺν
3513 3956 3608 4008 τοῦ
3646 3955 3811 4008 πνεύ-

2223 4075 2393 4129 ματος
2446 4057 2708 4125 ποιότητα
2760 4051 3169 4108 συναποὸαλών.
3206 4049 3472 4117 Βέόληται
3536 4045 3648 4116 γὰρ
3690 4045 3812 4107 ἔξω,

2220 4149 2363 4203 κατά
2392 4147 2490 4219 τὴν
2522 4146 2614 4200 τοῦ
2655 4137 2908 4216 Σωτῆρος
2954 4142 3156 4212 φωνήν·
3212 4135 3653 4208 ἀπηλλοτρίωται
3684 4134 3812 4204 γὰρ,

2221 4245 2314 4297 καὶ
2341 4242 2478 4312 πυρὶ
2532 4241 2608 4312 τῷ
2662 4239 2943 4303 κολάζοντι
2991 4231 3257 4304 συρφετοῦ
3317 4226 3593 4300 παρεδόθη
3638 4225 3814 4293 δίκην.

2221 4335 2521 4406 Χρησίμως
2585 4326 2676 4384 οὖν
2734 4329 2840 4400 ἀρα
2893 4320 3450 4394 τοϊς’ἀκροωμένοις
3516 4319 3548 4370 6
3610 4315 3816 4381 Κύριος

2223 4425 2378 4495 ἡμῶν
2427 4422 2632 4494 Ἰησοῦς
2665 4422 2692 4473 6
2727 4419 2987 4490 Χριστὸς,
3029 4416 3130 4486 τήν
3169 4431 3229 4467 τε
3291 4415 3354 4464 ὲκ
3398 4409 3494 4464 τοῦ
3536 4405 3815 4479 προσηλῶν

2227 4517 2349 4571 σθαι
2391 4512 2709 4576 σπουδάζειν
2749 4511 2895 4580 αὑτῷ
2925 4505 3239 4579 παρέδειξεν
3283 4503 3570 4573 εὐθυμίαν,
3596 4502 3690 4552 καί
3717 4499 3817 4565 τὴν

2227 4610 2292 4662 ὲκ
2320 4605 2412 4659 τοῦ
2442 4605 2832 4675 παρακοπῆναι
2860 4598 3063 4669 ζημίαν
3113 4593 3558 4664 ἀντιπαρξστησι,
3599 4586 3819 4640 διπλοῦν

2228 4698 2520 4767 ἐπινοήσας
2549 4695 2647 4763 τῆς
2687 4691 2953 4761 σωτηρίας
2984 4688 3072 4742 τὸν
3101 4686 3319 4756 τρόπον,
3379 4684 3450 4736 Ἣ
3482 4681 3593 4751 γὰρ
3635 4679 3822 4746 ἀφέσει

2229 4789 2294 4856 τῇ
2359 4766 2496 4855 πρὸς
2553 4781 2709 4846 δόξαν
2775 4778 2955 4850 ὁρώσῃ
3006 4777 3100 4830 καὶ
3153 4773 3317 4843 ζωὴν,
3373 4773 3541 4842 ἧγουν
3585 4769 3644 4820 τὸ
3687 4766 3820 4836 πυρῖ

2231 4874 2555 4938 κολάζεσθαι
2628 4869 3053 4942 παραιτούμενοι
3099 4865 3197 4933 τῆς
3264 4864 3400 4933 πρὸς
3460 4859 3624 4912 αὐτὸν
3693 4872 3821 4908 συν-

2232 4968 2427 5038 αφείας
2465 4964 2742 5034 ὁλοκλήρῳ
2797 4961 2876 5032 τῷ
2916 4961 3011 5028 τῆς
3059 4956 3299 5017 διανοίας
3355 4953 3491 5021 τόνῳ
3546 4947 3829 5001 σπουδαιό-

2231 5037 2391 5129 τερον
2419 5055 2737 5124 ἀνεξόμεθα.
2769 5049 3017 5121 Γεωργὸν
3073 5045 3129 5099 δέ
3169 5061 3302 5116 φησι
3333 5043 3426 5095 τὸν
3477 5038 3714 5108 Πατέρα,
3751 5037 3822 5103 τῇ

2236 5127 2354 5218 θεία
2399 5147 2558 5216 φύσει
2610 5146 2782 5206 διδοὺς
2836 5141 2944 5195 τῶν
2992 5138 3113 5192 καθ’
3155 5137 3306 5207 ἡμᾶς
3357 5134 3458 5204 τὴν
3507 5127 3822 5194 ἐπίσκεψιν,

2237 5217 2379 5290 καθὰ
2405 5237 2500 5289 καὶ
2529 5237 2584 5287 ὲν
2631 5237 2744 5296 τοῖς
2781 5230 3038 5301 ἀνωτέρω
3078 5226 3167 5281 διά
3198 5222 3408 5277 πολλῶν
3441 5223 3577 5292 ἡμῖν
3604 5217 3817 5272 ἀπεδείο

2235 5326 2337 5397 χθη
2385 5326 2575 5394 λόγων.
2627 5322 2996 5394 Εὑρεθήσεται
3039 5316 3147 5388 γάρ
3197 5313 3461 5384 ὑπάρχων
3508 5307 3675 5370 αὐτὸς
3727 5302 3825 5356 τοῦ

2235 5418 2601 5488 γεωργοῦντος
2630 5417 2662 5486 ἡ
2691 5416 2832 5484 χεὶρ,
2862 5413 2959 5481 οὐχ
2985 5409 3148 5480 ἑτέρα
3172 5405 3302 5476 παρ’
3343 5402 3502 5458 αὐτὸν
3533 5397 3822 5466 νοουμένην

2237 5509 2376 5562 κατά
2412 5526 2472 5577 γε
2501 5509 2559 5562 τὸ
2591 5506 2872 5578 ὀμοούσιον
2902 5503 2995 5556 καὶ
3027 5500 3084 5567 ἐξ
3117 5495 3282 5552 αὑτοῦ
3344 5511 3403 5548 τε
3439 5491 3534 5547 καὶ
3561 5492 3619 5545 ὲν
3651 5485 3823 5556 αὐτῷ.
