4024 6262
498 359 602 416 567

1530 349 1588 404 Β.
1611 346 1905 403 'CYRILLI
1933 340 2418 399 'ALEXA‘NDRINI
2455 333 2772 396 ARCHIEP.

3666 335 3769 391 368

498 479 682 534 credis
740 475 1002 546 quoniam
1071 485 1215 525 unus
1285 475 1370 524 est
1434 466 1623 521 Deus:
1676 475 1730 520 et
1792 464 2072 519 dannones

2180 462 2306 522 νοῖς.
2327 478 2363 510 -›
2395 456 2590 512 Ὅτι-δὲ
2617 456 2774 526 μόνη,
2810 455 2905 522 καὶ.
2935 453 3333 526 καθ’ὲαυτὴνὴ
3372 453 3558 518 πίστις
3584 451 3683 523 τῆς
3709 439 3780 505 si

498 569 764 632 credunt,
811 574 868 621 et
916 561 1352 618 contremiscunt
1378 556 1444 610 ⁸³.
1500 576 1517 606 ι
1572 557 1642 609 At
1687 555 1835 609 dicet
1875 555 2078 624 aliquis

498 662 568 717 iis
615 659 708 730 qui
763 655 967 711 nudam
1024 659 1078 707 et
1123 650 1302 705 solam
1349 647 1511 703 ﬁdem
1569 647 1679 703 sibi
1722 645 2077 702 su-ﬂ‘ecturam

498 761 734 822 putant,
772 755 832 803 ut
876 758 1174 814 supernam
1235 741 1685 810 conjunctionem
1741 754 2073 808 comparare

499 841 713 911 possint
734 857 745 890 :
766 832 980 907 Ergtme
1015 834 1261 904 ipsorum
1289 832 1454 887 etiam
1483 832 1791 886 daemonum
1819 831 2078 886 cohortes

499 935 564 988 ad
593 930 1021 986 familiaritatem
1054 940 1179 980 cum
1243 924 1352 980 Deo
1410 924 1669 979 redibunt
1695 938 1760 978 ex
1818 938 1886 978 eo
1929 923 2079 992 quod

500 1042 669 1080 unum
711 1025 864 1078 illum
901 1034 1028 1076 esse
1060 1017 1340 1072 credunt?
1369 1018 1440 1069 At
1470 1014 1747 1087 quomodo
1777 1013 1923 1069 istud
1961 1013 2088 1078 tierl

499 1119 719 1192 potest?
760 1116 914 1171 Scire
942 1115 1088 1170 enim
1111 1121 1330 1167 tantum
1351 1110 1524 1165 Deum
1556 1124 1724 1163 unum
1748 1121 1896 1170 esse,
1922 1106 2074 1160 illum

498 1213 742 1267 universi
805 1211 1069 1264 factorem
1103 1216 1157 1262 et
1208 1211 1513 1275 parentem,
1548 1211 1634 1258 est
1693 1200 1887 1254 inutile
1933 1197 2077 1254 :sed

497 1304 719 1374 pietatis
753 1304 806 1355 in
839 1301 1016 1372 ipsum
1038 1297 1272 1368 gloriam
1302 1295 1426 1350 ﬁdei
1448 1294 1702 1348 comitem
1731 1306 1854 1346 esse
1880 1289 2080 1346 debere

498 1403 747 1450 autumo.
775 1391 913 1446 Nam
947 1391 1042 1461 qui
1077 1389 1206 1443 talis
1235 1395 1342 1449 est,
1383 1385 1553 1440 etiam
1591 1383 1650 1437 in
1683 1380 1910 1435 Christo
1957 1394 2076 1434 ma-

498 1495 613 1552 net,
642 1494 698 1540 et
742 1485 866 1554 ejus
905 1481 1072 1537 verba
1126 1478 1331 1534 habere
1369 1474 1760 1543 comperietur,
1811 1471 1972 1541 juxta
2024 1470 2076 1524 id

497 1577 647 1648 quod
681 1577 737 1630 in
787 1573 930 1629 libro
984 1571 1325 1626 Psalmorum
1377 1575 1640 1636 tanquam
1679 1563 1747 1618 ad
1784 1561 1956 1618 Deum
1993 1561 2078 1616 di-

497 1679 647 1722 ctum
690 1672 817 1720 est:
856 1683 874 1715 ι
912 1660 969 1715 1η
1004 1659 1169 1716 corde
1204 1672 1326 1713 meo
1379 1656 1650 1712 abscondi
1701 1655 1921 1726 eloquia
1961 1661 2072 1718 tua,

501 1762 558 1808 nt
592 1768 706 1808 non
748 1764 972 1822 peccem
1030 1747 1128 1802 tibi
1151 1747 1217 1801 “.
1256 1764 1274 1796 ›
1317 1745 1389 1802 Ut
1438 1745 1584 1800 enim
1637 1745 1779 1814 ignis
1834 1744 1890 1798 in
1947 1759 2076 1798 vase

2180 549 2289 602 τῶν
2337 549 2514 620 ἔργων
2537 548 2895 618 φαιδρότητος
2935 548 2994 599 οὐ
3039 547 3278 616 λαχοῦσα
3319 546 3417 617 τὴν
3449 541 3770 614 συνδρομὴν.

2180 640 2546 712 ἀποχρώντως
2574 640 2670 710 ούχ
2702 638 2811 702 ἔξει
2854 641 2933 701 εἰς
2964 639 3025 691 τὸ
3059 637 3315 692 δύνασθαι
3360 636 3643 708 προξενεῖν
3678 635 3774 706 τὴν

2179 734 2260 797 εἰς
2291 733 2422 786 Θεὸν
2465 733 2795 801 οἰκειότητα,
2833 730 3088 800 σημαίνει
3136 731 3309 798 λέγων
3344 731 3439 783 καὶ
3482 729 3510 780 6
3538 728 3773 800 Χριστοῦ

2183 823 2500 894 μαθητήςονι
2537 823 2608 875 Σὺ
2642 821 2939 885 πιστεύεις,
2975 823 3057 874 ὅτι
3088 815 3168 884 εἷς
3194 823 3222 873 6
3247 820 3398 884 Θεός’
3437 820 3531 872 καὶ
3564 819 3634 871 τὰ
3661 819 3775 872 δαι-

2183 913 2342 983 μόνια
2397 911 2735 976 πιστεύουσι,
2787 912 2878 964 καὶ
2908 910 3240 982 φρίττουσιν.
3275 929 3302 960 ιι
3340 907 3474 962 Εἶτα
3499 908 3618 972 πῶς
3660 909 3776 978 ἐρεῖ

2179 1023 2263 1068 τις
2309 1005 2406 1076 ἥδη
2446 1006 2560 1067 τοῖς
2611 1003 2866 1074 ἀρκέσειν
2910 991 3094 1066 αὐτοῖς
3123 1005 3336 1074 γυμνήν
3361 1020 3422 1055 τε
3479 1001 3576 1056 καὶ
3608 1002 3775 1070 μόνην

2178 1096 2448 1166 οἰομένοις
2486 1095 2583 1166 τὴν
2617 1095 2820 1158 πίστιν,
2857 1097 2937 1156 εἰς
2995 1094 3056 1148 τὸ
3103 1093 3363 1147 δύνασθαι
3405 1092 3505 1164 τὴν
3562 1092 3768 1147 ἄνωθεν

2178 1189 2486 1259 οἰκειότητα
2523 1189 2846 1260 περιποιεῖν·
2881 1183 2994 1259 ἆρα
3022 1188 3116 1240 καὶ
3155 1187 3338 1241 αὐτῶν
3363 1187 3474 1239 τῶν
3501 1187 3774 1257 δαιμόνων

2176 1278 2239 1332 τὸ
2274 1278 2458 1347 στῖφος
2473 1279 2864 1349 ἀειαδραμεῖται
2888 1278 3025 1347 πρὸς
3063 1278 3369 1347 οἰκειότητα
3400 1278 3500 1346 τὴν
3521 1277 3608 1339 ’ὡς
3641 1278 3773 1348 πρὸς

2178 1369 2331 1436 Θεὸν,
2368 1369 2600 1440 ἐπείπερ
2629 1364 2768 1422 οἶδεν
2793 1369 2892 1422 ’ἐνα
2919 1385 2976 1421 τε
2995 1369 3106 1421 καὶ
3128 1369 3258 1421 ὄντα
3271 1369 3604 1421 πεπίστευκε
3633 1370 3774 1435 ;Καὶ

2179 1462 2295 1524 πῶς
2314 1461 2379 1515 ἂν
2414 1462 2499 1531 εἴη
2526 1461 2685 1513 τοῦτό
2717 1477 2780 1529 γε
2811 1477 2826 1525 ;
2857 1462 2930 1513 Τὸ
2964 1461 3072 1531 γὰρ
3102 1460 3300 1513 εἰδέναι
3336 1461 3498 1530 μόνον
3522 1461 3771 1530 ἀχρεῖον,

2176 1553 2260 1606 ὅτι
2276 1551 2407 1616 Θεός
2425 1555 2570 1606 ἐστιν
2597 1547 2676 1616 εἷς
2700 1555 2727 1606 ό
2754 1553 2970 1606 πάντων
3003 1553 3234 1623 ποιητής
3261 1568 3320 1603 τε
3343 1553 3439 1605 καὶ
3463 1568 3770 1622 γενεσιουρσ

2176 1645 2292 1714 γός·
2332 1644 2441 1698 δεῖν
2468 1644 2522 1696 δὲ
2563 1641 2715 1714 οἶμαι
2740 1647 2806 1716 τῇ
2830 1644 3009 1698 πίστει
3036 1645 3527 1716 συμπαρομαρτεῖν
3540 1645 3646 1698 -καί
3676 1643 3774 1711 τῆς

2177 1736 2256 1795 εἰς
2280 1731 2450 1788 αὺτὸν
2474 1734 2762 1798 εὐλαϐείας
2792 1736 2852 1788 τὸ
2882 1735 3163 1806 καύχημα.
3204 1737 3264 1790 Ὀ
3290 1736 3396 1806 γὰρ
3415 1731 3660 1796 τοιοῦτος
3685 1735 3774 1787 καὶ

498 1859 642 1900 aereo
674 1840 995 1897 reconditus
1029 1853 1193 1895 suum
1227 1838 1278 1892 ei
1308 1837 1548 1892 calorem
1599 1835 1792 1905 utique
1831 1849 2074 1889 commn-

2180 1827 2234 1878 ὲν
2267 1826 2493 1897 Χριστῴ
2518 1827 2700 1896 μένει,
2750 1828 2844 1880 καὶ
2894 1826 3032 1897 ἔχων
3075 1827 3373 1898 ὀφθήσεται
3405 1827 3534 1889 τοὺς
3579 1825 3774 1894 λόγους

499 1939 672 2001 nicat,
701 1935 782 1990 sic
810 1948 934 2004 quae
993 1945 1091 2002 per
1135 1930 1318 1984 omnis
1370 1927 1593 1983 virtutis
1626 1925 1960 1982 desiderium
2018 1926 2074 1980 in

497 2023 680 2076 anima
710 2028 766 2075 et
796 2018 962 2074 corde
1008 2016 1292 2072 caelestem
1353 2029 1418 2070 ac
1478 2013 1728 2069 divinum
1761 2029 2074 2070 sermonem

498 2129 652 2169 mens
686 2111 953 2175 continet,
988 2123 1206 2177 semper
1231 2107 1300 2162 ad
1329 2105 1467 2160 illud
1487 2120 1738 2178 ,per‘eum
1765 2105 2074 2161 incalescit.

497 2205 777 2273 Scriptum
831 2209 916 2257 est
949 2200 1146 2256 enim:
1217 2217 1242 2251 ι
1288 2196 1524 2269 Ignitum
1579 2197 1861 2268 eloquium
1920 2205 2072 2251 tuum

497 2296 873 2356 vehementer,
908 2298 963 2346 ct
1002 2304 1198 2346 servus
1233 2295 1361 2344 tuus
1398 2289 1594 2343 dilexit
1623 2288 1759 2343 illud
1784 2288 1850 2342 ³⁸.
1889 2307 1906 2338 ι
1937 2287 2074 2354 Qui-

494 2401 710 2457 cunque
749 2385 937 2456 igitur,
973 2382 1176 2452 inquit,
1220 2396 1352 2438 suas
1407 2395 1495 2436 res
1529 2380 1587 2434 in
1630 2381 1714 2435 his
1760 2383 2070 2443 constituit,

495 2496 669 2552 coque
721 2486 947 2535 evectus
997 2486 1082 2532 est
1141 2476 1329 2547 gloriae
1373 2482 1433 2529 ut
1474 2480 1530 2529 et
1579 2476 1635 2528 in
1685 2490 1772 2530 me
1828 2483 2070 2538 maneat,

496 2586 729 2640 meaque
761 2567 902 2639 apud
932 2581 993 2622 se
1027 2566 1190 2621 verba
1218 2565 1440 2629 habeat,
1478 2564 1868 2618 incunctanter
1901 2579 2064 2619 acce-

497 2664 613 2728 dat,
645 2668 701 2716 et
730 2659 1100 2730 quodcunque
1130 2656 1356 2725 libuerit
1399 2669 1524 2710 cum
1562 2668 1778 2708 summa
1812 2654 2064 2709 libertate

498 2764 667 2826 petat,
707 2761 763 2809 et
796 2751 1172 2806 citraimoram
1218 2747 1385 2802 ullam
1409 2745 1631 2800 dabitur
1655 2744 1703 2800 ei
1739 2764 1751 2799 :
1783 2749 1896 2801 nec
1927 2747 2072 2799 enim

498 2846 727 2917 negabo.
775 2841 916 2897 Num
970 2855 1101 2911 ergo
1151 2840 1205 2895 si
1257 2838 1389 2893 mali
1431 2838 1636 2908 aliquid
1689 2845 1863 2907 petat,
1924 2838 2073 2892 illico

498 2937 790 3007 suscipiet,
833 2932 1082 3003 illudque
1135 2929 1356 2986 virtutis
1394 2944 1585 2985 amans
1645 2927 1790 2984 Deus
1831 2928 2074 2983 tribuet?

497 3026 698 3081 Procul
735 3024 827 3090 sit,
859 3037 1066 3092 qureso,
1105 3027 1257 3075 tanta
1289 3017 1537 3072 insania!
1561 3016 1709 3072 Nihil
1742 3017 1948 3089 quippe
1983 3019 2064 3072 vi-

2178 1918 2365 1984 αύτοῦ,
2393 1919 2534 1973 κατὰ
2572 1919 2632 1972 τὸ
2653 1921 2708 1972 ἐν
2735 1919 2905 1991 βίϐλῳ
2925 1920 3172 1990 Ψαλμῶν
3195 1919 3508 1990 εἰρημένον,
3534 1919 3613 1981 ὡς
3640 1919 3775 1989 πρὸς

2177 2012 2330 2068 Θεόν·
2380 2033 2398 2066 ι
2451 2014 2540 2068 Ἐν
2599 2016 2665 2085 τῇ
2689 2012 2886 2084 καρδίᾳ
2924 2029 3029 2084 μου
3086 2012 3300 2082 ἔκρυψα
3326 2011 3394 2064 τὰ
3445 2010 3602 2078 λόγιά
3657 2027 3772 2074 σου,

2176 2104 2324 2169 ὅπως
2351 2104 2418 2160 ἂν
2473 2105 2549 2176 μὴ
2590 2105 2821 2178 ἁμάρτω
2857 2122 2959 2160 σοι.
2993 2123 3022 2156 -ι
3061 2105 3273 2177 ’Ὥσπερ
3315 2104 3444 2176 γὰρ,
3503 2104 3561 2156 εἴ
3604 2120 3686 2164 τις
3713 2104 3776 2155 ὲν

2175 2197 2334 2266 ἄγγει
2364 2197 2549 2268 χαλκῷ
2578 2197 2749 2269 πυρὸς
2779 2196 3034 2250 ἀπόθοιτο
3062 2197 3308 2268 σπέρμα,
3338 2196 3561 2259 πάντως
3582 2194 3646 2266 δή
3672 2211 3772 2247 που

2175 2293 2267 2342 καὶ
2295 2291 2395 2362 τῆς
2424 2289 2556 2360 παρ’
2595 2289 2761 2342 αὐτοῦ
2802 2288 3134 2361 θερμότητος
3161 2289 3481 2343 ἀποτελέσει
3523 2289 3772 2358 μέτοχον’

2175 2382 2346 2446 οὕτως
2382 2384 2410 2435 6
2447 2383 2506 2435 ὲν
2536 2381 2681 2452 ψυχῇ
2704 2398 2760 2434 τε
2794 2383 2888 2435 καὶ
2935 2380 3132 2452 καρδίᾳ
3162 2379 3252 2434 τὸν
3292 2379 3434 2433 θεῖόν
3465 2396 3526 2432 τε
3560 2379 3660 2432 καὶ
3685 2379 3775 2430 06-

2177 2477 2360 2544 ράνιον
2388 2474 2545 2542 λόγον
2595 2472 2930 2543 διακατέχων
2987 2471 3133 2537 νοῦς,
3169 2471 3235 2524 δι’
3266 2471 3505 2540 ἐφέσεως
3549 2471 3650 2540 τῆς
3699 2470 3776 2532 εἰς

2176 2569 2395 2622 ἃπασαν
2424 2565 2650 2636 ἀρετὴν,
2682 2565 2770 2618 ἀεὶ
2800 2563 2937 2634 πρὸς
2979 2562 3139 2617 τοῦτο
3171 2563 3238 2617 δι’
3269 2561 3440 2617 αὐτοῦ
3484 2561 3775 2632 θερμαίνε-

2173 2676 2284 2712 ται.
2310 2658 2622 2728 Γέγραπται
2639 2655 3214 2728 γάρίΠεπυρωμένον
3242 2655 3302 2709 τὸ
3327 2654 3505 2722 λόγιόν
3527 2670 3623 2706 σου
3649 2653 3777 2720 σεῖό-

2173 2750 2295 2821 δρα,
2333 2750 2427 2802 καὶ
2451 2749 2479 2801 6
2525 2747 2712 2812 δοῦλός
2743 2765 2837 2800 σου
2875 2749 3163 2819 ἠγάπησεν
3210 2747 3363 2801 αὐτό.
3402 2765 3422 2797 ι
3469 2745 3531 2798 '0
3569 2745 3772 2808 τοίνυν,

2175 2839 2331 2910 φησι,
2358 2839 2717 2909 καταστήσας
2739 2840 2802 2892 ὲν
2831 2838 3039 2901 τούτοις
3060 2839 3129 2892 τὰ
3175 2838 3537 2900 καθ’-ἑαυτὸν,
3570 2837 3666 2889 καὶ
3695 2839 3776 2899 εἰς

2171 2931 2328 2985 τοῦτο
2350 2931 2532 2985 λοιπὸν
2545 2931 2900 3002 καυχήματος
2915 2930 3370 3000 ἀναδεϐηκὼς,ὼς
3386 2933 3442 2985 ὲν
3464 2934 3586 3004 ἐμοί
3602 2952 3661 2987 τε
3681 2934 3779 3003 μὲ-

2172 3040 2283 3077 νειν
2300 3024 2479 3088 αὐτὸν,
2513 3024 2656 3094 ἔχειν
2683 3041 2740 3077 τε
2773 3023 3103 3095 παρ’νέαυτῷ
3118 3024 3244 3088 τοὺς
3279 3027 3445 3096 ἐμοὺς
3463 3027 3777 3096 λόγους,ἀν-

499 3117 626 3173 tiosi
684 3121 778 3170 aut
825 3112 1095 3184 inquinati
1153 3109 1296 3166 Deus
1344 3109 1917 3181 largieturprorsus:
1975 3111 2070 3164 sed

2180 3115 2486 3179 υποστόλως
2503 3115 2766 3187 προσίτω,
2785 3118 2879 3168 καὶ
2901 3116 3037 3186 ὅπερ
3055 3114 3120 3168 ἂν
3144 3115 3241 3186 ἔχῃ
3261 3117 3395 3187 πρὸς
3411 3118 3610 3190 ἡδονὴν
3627 3117 3778 3184 ἐξαι-

496 3208 664 3281 879
693 3205 1045 3279 cogitandum
1093 3202 1278 3274 potius
1311 3202 1523 3271 justum
1570 3211 1624 3257 et
1665 3217 1903 3272 aequum
1955 3216 2077 3256 esse

501 3310 559 3356 ut
587 3300 681 3371 qui
730 3306 916 3353 manet
947 3295 1294 3360 .in-Christo,
1331 3302 1386 3349 et
1445 3293 1612 3349 verba
1663 3293 1784 3361 ejus
1819 3293 1984 3348 habet
2020 3292 2075 3346 in

498 3392 705 3463 seipso,
739 3387 1209 3460 praesertimcum
1239 3386 1418 3442 bonus
1447 3386 1520 3441 sit
1546 3399 1610 3438 ac
1631 3386 1779 3454 pius,
1803 3398 1869 3439 ea
1897 3383 2075 3439 solum

2177 3207 2338 3260 τείτω
2369 3208 2489 3260 τότε
2525 3209 2621 3260 σὺν
2649 3207 2932 3279 παρρησίᾳ
2964 3207 3157 3278 πολλῇ,
3190 3209 3284 3261 καὶ
3314 3209 3631 3280 μελλησμοῦ
3654 3211 3779 3279 δίχα

2177 3297 2461 3369 δοθήσεται
2519 3297 2710 3368 αὐτῷ’
2751 3299 3073 3351 κατανεύσω
3112 3298 3240 3369 γὰρ,
3295 3299 3480 3368 φησίν.
3521 3295 3648 3369 Ἆρ’
3687 3296 3780 3353 οὖν

2179 3390 2328 3454 εἴτις
2355 3391 2456 3446 κᾶν
2484 3407 2536 3444 τι
2559 3390 2666 3444 τῶν
2697 3389 2916 3460 φαύλων
2946 3392 3071 3461 αἰτῇ
3099 3391 3498 3462 προαλέστερον
3518 3391 3784 3462 λήψεσι-αις

499 3485 628 3538 velit
662 3497 784 3554 qua:
835 3487 967 3535 sunt
1019 3478 1128 3534 Deo
1172 3477 1512 3549 gratissima.
1572 3474 1825 3530 Divinum
1876 3474 2077 3545 quippe

2180 3483 2274 3535 καὶ
2299 3482 2503 3536 τούτων
2537 3480 2689 3535 ἔσται
2707 3482 2997 3552 διανομεὺς
3025 3484 3053 3534 6
3075 3482 3395 3553 φιλάρετος;
3434 3484 3650 3552 Ἄπαγε
3681 3484 3780 3552 τῆς

499 3591 808 3633 sermonem
839 3576 893 3629 in
917 3571 1084 3629 corde
1104 3570 1439 3627 habentibus
1455 3579 1646 3640 petere
1664 3569 1933 3640 permittit
1955 3583 2079 3637 qua:

497 3685 621 3723 Clllll
663 3667 875 3722 ratione
909 3665 1113 3732 volent,
1158 3678 1270 3718 non
1311 3662 1573 3734 ignorans
1611 3677 1710 3717 eos
1740 3660 2076 3732 spiritalium

498 3763 758 3816 nimirum
801 3773 866 3814 ac
912 3757 1226 3814 divinorum
1283 3755 1558 3810 bonorum
1600 3753 2077 3824 participationem

498 3851 914 3921 concupiscere.
959 3847 1103 3902 Cum
1143 3859 1271 3900 vero
1303 3859 1372 3900 ex
1431 3845 1519 3899 his
1574 3841 1840 3899 Servator
1893 3853 2081 3897 noster

498 3943 755 3998 Christus
787 3939 1062 4008 imprimis
1093 3936 1353 3992 statuerit
1380 3935 1596 4006 qualem
1625 3942 1681 3990 et
1710 3933 1912 4004 quibus
1958 3948 2079 3986 mo-

501 4034 656 4088 ribus
683 4030 966 4100 praditum
1007 4044 1128 4084 esse
1164 4028 1319 4082 illum
1359 4033 1612 4098 Oporteat
1650 4025 1744 4095 qui
1792 4032 2076 4095 precatur,

500 4136 555 4180 et
586 4136 932 4194 quaecunque
965 4120 1082 4174 vult
1111 4133 1142 4171 a
1176 4116 1287 4172 Deo
1314 4118 1514 4188 dignus
1544 4123 1630 4171 est
1673 4116 1944 4186 accipere,
1980 4130 2079 4169 no-

502 4228 678 4272 strum
708 4214 1020 4270 institutum
1043 4210 1189 4264 huic
1221 4209 1657 4270 conlormemus,
1686 4207 1734 4263 si
1769 4207 2080 4276 benignita-

503 4312 575 4366 tis
587 4320 838 4378 superna:
854 4310 1137 4372 compotes
1163 4300 1279 4356 lieri
1299 4299 1558 4354 velimus.
1589 4296 1688 4353 Sin
1711 4307 1917 4364 autem,
1942 4300 2081 4354 scito

505 4410 558 4457 te
590 4401 752 4454 talem
797 4395 932 4458 fore,
964 4393 1186 4465 qualem
1218 4390 1382 4446 nobis
1411 4389 1665 4446 Christus
1711 4389 1876 4445 modo
1907 4389 2079 4460 signi—

2178 3568 2517 3640 δυσϐουλίας,
2563 3572 2836 3643 ἄνθρωπε.
2925 3572 3163 3642 ’Δπηχὲς
3216 3573 3324 3643 γὰρ
3377 3573 3551 3640 οὐδὲν,
3607 3574 3642 3644 ἢ
3673 3575 3779 3626 τῶν

2178 3667 2314 3729 ὅλως
2336 3665 2826 3736 κατηγορουμένων
2855 3664 2943 3717 ἐπ’
2967 3666 3282 3737 αἰσχρότητι
3308 3667 3610 3736 χορηγήσει
3624 3665 3779 3724 Θεός·

2181 3759 2358 3811 έκεῖνο
2385 3756 2442 3809 δὲ
2468 3755 2666 3826 μᾶλλον
2695 3755 2948 3826 ἐννοῆσαι
2985 3755 3437 3826 πρεπωδέστερον
3463 3755 3515 3826 (ἢ
3545 3757 3657 3826 γὰρ
3682 3758 3780 3808 οὐκ

2182 3848 2335 3901 ἕσται
2397 3844 2603 3898 δίκαιόν
2651 3863 2711 3897 τε
2755 3846 2849 3898 καὶ
2894 3845 3070 3915 ὀρθῶς
3110 3844 3278 3915 ἔχον),
3327 3844 3402 3906 ὡς
3431 3846 3461 3896 6
3515 3845 3699 3912 μένων
3725 3847 3783 3897 ἐν

2180 3938 2422 4010 Χριστῷ,
2457 3938 2550 3992 καὶ
2591 3937 2729 4007 ἔχων
2763 3939 2820 3990 ὲν
2847 3936 3024 4008 ἐαυτῷ
3049 3939 3177 4000 τοὺς
3214 3937 3406 4004 λόγους
3429 3936 3617 3999 αὐτοῦ,
3652 3936 3782 4006 πρό-

2179 4032 2339 4104 δηλον
2367 4033 2448 4086 ὅτι
2474 4032 2570 4086 ἅτε
2589 4032 2691 4084 ⁴καὶ
2725 4031 2926 4100 ἀγαθὸς
2957 4031 3030 4085 ῶν
3061 4032 3156 4085 καὶ
3186 4029 3454 4102 ἐπιεικὴς,
3481 4031 3620 4100 μόνα
3651 4047 3783 4100 φρο-

2181 4126 2290 4176 νεῖν
2321 4123 2527 4190 ἔγνωκε
2553 4121 2621 4175 τὰ
2645 4121 2765 4191 Θεῷ
2788 4121 2932 4192 θυμη
2943 4121 3196 4191 ρέστατα.
3222 4123 3348 4184 Τοῖς
3370 4121 3480 4190 γὰρ
3494 4121 3554 4173 ἐν
3584 4119 3778 4190 καρδίᾳ

2179 4217 2271 4270 τὸν
2300 4216 2442 4270 θεῖον
2465 4215 2649 4286 έχουσι
2702 4214 2878 4282 λόγον,
2913 4214 3057 4286 ἆπερ
3103 4214 3169 4268 ἂν
3203 4214 3478 4284 βούλοιντο
3507 4212 3781 4281 καθηκόν-

2179 4320 2307 4368 τως,
2355 4302 2655 4374 ἐπέτρεψεν
2691 4303 2887 4366 αἰτεῖν,
2935 4304 3035 4357 οὐκ
3066 4303 3339 4374 ἀγνοήσας
3389 4299 3777 4372 πνευματικῶν

2181 4395 2420 4464 δηλονότι
2459 4396 2552 4449 καὶ
2580 4394 2740 4450 θείων
2789 4395 3009 4464 ἀγαθῶν
3048 4395 3303 4466 όρεκτίαν
3337 4395 3453 4466 [γρ.
3495 4391 3773 4466 ὁρεκτιᾷν]

506 4493 710 4548 licavit.
742 4489 868 4544 Noli
923 4487 1197 4557 repulsam
1244 4499 1386 4554 aegre
1433 4483 1564 4554 pati.
1607 4482 1762 4549 Quod
1819 4482 1866 4537 si
1918 4477 2077 4552 giave

2183 4488 2281 4558 τῆς
2335 4486 2622 4558 μεθέξεως.
2665 4487 3024 4558 Ὁρισαμὲνου
3052 4487 3108 4540 δὲ
3151 4486 3239 4540 διὰ
3286 4487 3478 4540 τούτου
3524 4481 3586 4540 εὖ
3631 4485 3776 4556 μάλα

505 4589 649 4644 istud
680 4586 777 4639 tibi
800 4582 1036 4640 videtur,
1053 4577 1398 4648 coniungens
1424 4576 1546 4630 lidei
1564 4576 1832 4631 bonorum
1854 4589 2077 4644 operum

2180 4578 2271 4633 τοῦ
2301 4578 2549 4648 Σωτῆρος
2581 4577 2738 4648 ἡμῶν
2777 4577 3037 4650 Χριστοῦ,
3073 4578 3157 4641 τίς
3186 4593 3247 4630 τε
3278 4576 3388 4646 εἴη,
3417 4578 3513 4630 καὶ
3539 4575 3776 4639 ποδαπὺς

502 4681 732 4753 gloriam
775 4677 906 4747 (hoc
937 4673 1085 4728 enim
1145 4677 1232 4725 est
1263 4669 1317 4722 in
1363 4669 1585 4724 Christo
1630 4681 1876 4734 manere,
1921 4675 1977 4721 et
2027 4667 2077 4720 in

2180 4669 2269 4722 τὸν
2291 4667 2492 4737 τρόπον
2521 4667 2550 4718 6
2579 4667 3032 4737 προσευχόμενος,
3086 4668 3182 4720 καὶ
3235 4665 3538 4736 λαμϐάνειν
3583 4665 3772 4732 ἀξιῶν,

504 4774 693 4843 seipso
739 4767 905 4824 verba
965 4763 1087 4833 ejus
1121 4759 1326 4816 habere
1345 4761 1388 4830 ),
1447 4775 1677 4816 securus
1717 4757 1983 4820 accedito,
2029 4764 2077 4810 et

2180 4761 2324 4830 ἆπερ
2351 4758 2417 4812 ἂν
2443 4758 2698 4830 βούληται
2728 4759 2878 4830 παρὰ
2923 4757 3080 4824 Θεοῦ,
3119 4757 3219 4828 τὴν
3253 4757 3462 4811 ἑαυτῶν
3507 4758 3590 4820 εἰς
3620 4755 3779 4812 τοῦτο

503 4866 642 4919 citra
670 4857 1084 4916 cunctationem
1114 4853 1282 4907 ullam
1321 4851 1560 4922 accipies
1586 4849 1955 4920 quodcunque
1982 4861 2077 4917 po-

2180 4849 2593 4920 διαπλάττωμεν
2643 4849 2940 4915 πολιτείαν,
2994 4849 3043 4900 εἰ
3096 4849 3281 4918 τυχεῖν
3340 4846 3617 4917 εὐχόμεθα
3677 4843 3780 4913 τῆς

503 4955 750 5028 posceris
777 4968 807 5006 a
844 4951 976 5006 Deo.
2181 4941 2388 4997 ἄνωθεν
2415 4943 2724 5012 εὐμενείας.
2759 4944 2822 4995 Εἰ
2878 4943 2935 4995 δὲ
2969 4941 3066 5012 μὴ,
3099 4941 3293 4994 σαυτὸν
3328 4935 3486 4993 οἶσθα
3514 4938 3778 5007 γεγονότα

503 5052 758 5114 τοιοῦτον,
803 5049 985 5101 ὁποῖον
1028 5047 1158 5116 ἡμῖν
1203 5043 1404 5115 ἀρτίως
1446 5037 1722 5102 ὑπέδειξεν
1769 5037 1798 5088 6
1833 5038 2086 5107 Χριστός.
2151 5037 2242 5109 Μὴ
2289 5038 2544 5109 δυσφόρει
2599 5038 3100 5108 παρακρουόμενος.
3156 5037 3221 5089 Εἰ
3285 5035 3343 5088 δέ
3372 5052 3456 5088 σοι
3507 5035 3656 5087 δοκεῖ
3716 5036 3780 5087 τὸ

504 5147 734 5219 πρᾶγμα
759 5139 1034 5212 φορτικὸν,
1054 5129 1520 5220 συμπαραζεύξας
1531 5132 1594 5199 τῇ
1620 5128 1798 5180 πίστει
1835 5129 1902 5180 τὰ
1937 5130 2000 5181 ἐκ
2029 5129 2125 5198 τῆς
2163 5128 2530 5200 ἀγαθουργίας
2559 5129 2885 5198 καυχήματα
2905 5126 3080 5186 (τοῦτο
3107 5126 3216 5196 γάρ
3252 5127 3368 5178 ἐστι
3398 5125 3459 5178 τὸ
3489 5125 3674 5194 μένειν
3722 5127 3782 5177 ἐν

506 5215 761 5310 Χριστῷ,
791 5236 886 5290 καὶ
921 5233 1065 5303 ἔχειν
1096 5234 1154 5285 ὲν
1184 5226 1361 5295 ἐαυτῷ
1385 5215 1519 5286 τοὺς
1554 5221 1744 5288 λόγους
1779 5218 1988 5287 αὐτοῦ),
2041 5219 2256 5291 πρόσιθι
2297 5219 2597 5289 πεποιθὼς,
2650 5219 2745 5272 καὶ
2778 5218 2926 5291 λήψῃ
2962 5218 3054 5272 καὶ
3101 5217 3262 5280 αὐτὸς
3302 5216 3615 5288 μελλησμοῦ
3660 5215 3783 5285 δίχα

486 5321 724 5396 ’παν-τὸς,
755 5334 892 5402 ὅπερ
910 5329 976 5383 ἂν
999 5327 1226 5395 αἰτήσῃς
1260 5319 1410 5388 παρὰ
1431 5315 1594 5371 Θεοῦ.

575 5418 695 5484 XV,
735 5421 789 5473 8.
833 5418 899 5472 In
949 5417 1044 5470 hoc
1077 5411 1411 5479 clariﬁcatus
1469 5415 1546 5460 est
1589 5405 1752 5459 Pater
1801 5420 1986 5468 naeus,
2029 5412 2083 5455 ut

506 5515 740 5580 fructum
768 5508 1056 5578 plurimum
1086 5501 1325 5570 aﬂ‘eratis
1346 5540 1358 5562 ,
1391 5508 1439 5552 et
1461 5495 1760 5566 e/ﬁciamiui
1793 5493 1890 5546 mei
1924 5493 2089 5545 disci-

2278 5401 2372 5453 Ἐν
2414 5401 2602 5466 τούτῳ
2634 5397 2933 5464 ἐδοξάσθη
2982 5399 3016 5449 ό
3062 5395 3262 5463 Πατήρ
3302 5412 3445 5463 μου,
3486 5396 3590 5450 ἵνα
3639 5413 3782 5466 uap-

2193 5491 2313 5544 πὸν
2365 5491 2565 5544 πολὺν
2627 5491 2878 5558 φέρητε,
2933 5487 3032 5542 καί
3087 5488 3422 5557 γενήσεσθε
3482 5489 3615 5557 ἐμοὶ
3665 5499 3781 5559 μα-

506 5603 641 5673 ριιίὲ.
1441 5631 1448 5636 ι
1479 5649 1489 5658 ,

579 5694 954 5749 (ilariflratum
996 5702 1117 5741 esse
1158 5685 1288 5738 dicit
1330 5697 1489 5737 suum
1531 5679 1748 5732 Patrem
1801 5691 1862 5728 ac
1893 5674 2085 5735 llenm,

585 5811 628 5844 ³³
663 5807 782 5865 Jac.
822 5821 859 5860 Il
885 5846 898 5873 ,
938 5806 1021 5860 19.
1099 5805 1144 5835 ³³
1180 5801 1321 5858 Psal.
1354 5811 1524 5854 cxvtu
1550 5836 1564 5862 ,
1611 5793 1694 5846 11.
1777 5792 1820 5822 ³⁸
1859 5787 1987 5843 ibid.
2031 5789 2154 5842 NO.

2195 5584 2388 5648 θητιιί.

2265 5673 2582 5739 Δεδοξὰσοαι
2630 5674 2761 5743 φησὶ
2813 5673 2901 5724 τὸν
2968 5669 3160 5725 ἑαυτοῦ
3213 5670 3433 5740 Πατέρα
3480 5670 3576 5725 καὶ
3623 5667 3781 5738 θεὸν,
