4024 6262
353 315 467 375 375

1403 315 1473 373 IN
1509 314 1792 374 JOANNIS
1845 283 2294 375 EVANGELIUM
2333 316 2461 374 Lm.
2501 317 2587 381 x..

3484 345 3500 358 -
3512 308 3621 367 57L

344 428 443 481 καὶ
477 426 565 481 διὰ
595 422 751 481 τοῦτο
771 426 1005 496 γεγονὼς
1033 426 1137 481 ὑπὺ
1182 427 1366 499 νόμον,
1404 428 1623 501 καὶτῆς
1652 426 1925 499 ἡμετέρας

2028 430 2347 485 mandatum
2378 428 2704 495 servaverit,
2743 435 2839 484 aut
2867 426 3033 495 etiam
3071 424 3346 499 quomodo
3390 424 3458 479 ah
3498 425 3620 495 ipso

346 519 625 591 πτωχείας
656 519 761 573 οὑκ
796 516 1217 585 ἀπαξιώσας-τὸ
1258 519 1455 592 μέτρον
1494 519 1657 584 ἑλεῖν,
1703 519 1789 573 ἵνα
1823 520 1935 585 τοῖς

349 610 640 681 ἡμετέροις
685 608 865 663 ἔθεσιν
907 611 1270 683 οἰκονομικῶς
1315 610 1894 682 συναναπλαττόμενος
1915 650 1932 673 ,

348 700 543 771 ὑδηγὸς
585 700 809 773 εὑρεθῇ,
838 701 1091 773 καθάπερ
1121 703 1179 757 ἑν
1212 703 1620 774 παραδείγμασι
1661 706 1772 766 τοῖς
1814 684 1935 757 καθ’

346 790 570 855 ἑαυτὸν,
628 791 766 863 πρὸς
808 790 1078 861 ἀνάληψιν
1133 792 1445 857 πολιτείας,
1501 788 1596 846 καὶ
1648 792 1793 864 ζωῆς
1834 791 1935 862 τῆς

343 882 548 953 ἀήθους
578 886 714 955 ἡμῖν
744 884 837 938 καὶ⁵
867 882 1128 947 άστιὸοῦς
1156 884 1456 947 παντελῶς.
1483 882 1591 938 Ποῦ
1618 881 1930 956 τοιγαροῦν,

345 972 383 1042 ἢ
415 972 573 1027 ποίαν
619 972 714 1032 τοῦ
756 972 969 1043 Harpe;
1008 975 1311 1043 τετήρηκεν
1356 969 1650 1043 ὲντολὴν,ἢ
1681 970 1773 1022 καὶ
1812 968 1932 1023 τίνα

354 1063 547 1135 τρόπον
589 1063 907 1134 ήγαπῆσθαι
945 1062 1200 1131 λέγεσθαι
1228 1061 1339 1134 [Ion
1371 1060 1616 1133 λέγεται]
1661 1062 1791 1133 παρ’
1830 1060 1930 1116 αὑ-

346 1153 467 1219 τοῦ,
494 1153 775 1225 ζητητέον.
802 1155 1069 1225 Παρέστω
1089 1152 1377 1224 τοιγαροῦν
1400 1151 1611 1216 Παῦλος
1630 1155 1658 1208 ὁ
1676 1152 1957 1223 -σοφὼτα-,

344 1263 460 1311 τος,
485 1246 580 1299 καὶ
620 1246 1049 1316 μυσταγωγείτω
1087 1245 1262 1313 λέγων
1305 1244 1431 1316 περὶ
1457 1244 1642 1310 αὑτοῦ,
1677 1244 1753 1309 ὡς
1779 1263 1799 1297 ι
1842 1244 1931 1298 Ἐν

348 1338 553 1423 μορφῇ
583 1338 794 1409 ὑπῆρχε
837 1337 993 1419 Θεοῦ,
1041 1336 1155 1392 ἀλλ’
1201 1337 1389 1391 ἑαυτὸν
1439 1335 1672 1390 ὲκένωσε
1716 1335 1928 1408 μορφὴν

342 1428 533 1485 δούλου
571 1428 781 1493 λαϐὼν,
825 1430 882 1483 ἐν
925 1425 1233 1498 ὁμοιώματι
1281 1425 1579 1498 ἀνθρώπων
1614 1427 1927 1496 γενόμενος,

344 1518 445 1569 καὶ
482 1518 721 1588 σχήματι
758 1516 1003 1588 εὑρεθεὶς
1050 1516 1126 1581 ὡς
1179 1515 1481 1588 ἄνθρωπος,
1516 1515 1929 1569 Τεταπείνωκεν

343 1609 562 1670 ἑαυτὸν,
592 1609 877 1678 γενόμενος
909 1609 1147 1679 ὑπήκοος
1196 1610 1357 1679 μέχρι
1404 1607 1658 1672 θανάτου,
1691 1608 1924 1662 θανάτου

341 1700 405 1753 δὲ
434 1699 690 1772 σταυροῦ.
725 1700 817 1753 Διὸ
848 1701 939 1755 καὶ
990 1701 1019 1752 ὁ
1071 1700 1202 1764 Θεὸς
1245 1698 1405 1754 αὑτὸν
1440 1698 1790 1769 ὑπερύψωσε,
1831 1700 1926 1752 καὶ

2036 519 2193 592 diligi
2218 521 2457 589 dicatur,
2498 518 2855 592 quaerendum
2898 517 3067 573 venit.
3106 516 3439 584 Adsit~ergo
3477 502 3620 566 Pau-

2035 610 2124 666 lus
2156 612 2625 683 sapientissimus,
2659 611 2839 680 deque
2882 624 2950 664 eo
2990 608 3207 671 doceat,
3243 604 3392 676 quod
3428 622 3445 655 ι
3480 600 3615 659 Cum

2033 700 2090 756 in
2131 700 2307 757 forma
2334 702 2440 757 'Dei
2473 712 2662 768 esset,
2696 703 2937 772 seipsum
3004 697 3308 755 exinanivit
3331 737 3346 759 ,
3383 693 3614 751 formam

2031 792 2177 848 servi
2206 793 2510 866 accipiens,
2538 795 2592 849 in
2620 791 3040 851 similitudinem
3076 789 3356 845 hominum
3394 785 3573 841 factus
3596 822 3612 847 ,

2028 891 2090 941 .et
2144 884 2337 942 habitu
2388 887 2651 942 inventus
2690 895 2750 942 ut
2805 885 2993 941 homo.
3050 879 3367 936 Humiliavit
3410 882 3613 933 semet-

2024 976 2240 1047 ipsum,
2276 975 2456 1032 factus
2488 976 2755 1033 obediens
2786 991 2964 1046 usque
2993 973 3061 1030 ad
3094 981 3348 1035 mortem.
3382 977 3610 1026 mortem

2030 1074 2217 1123 autem
2274 1069 2480 1124 crucis.
2544 1067 2775 1138 Propter
2833 1066 2978 1139 quod
3038 1073 3095 1121 et
3148 1063 3293 1118 Deus
3354 1061 3614 1118 exallavit

2032 1158 2223 1225 illum,
2280 1167 2334 1214 et
2387 1158 2539 1216 dedit
2589 1159 2643 1215 ei
2677 1174 2880 1215 nomen
2922 1157 3072 1229 quod
3116 1165 3201 1212 est
3245 1168 3412 1223 super
3451 1166 3614 1208 omne

2030 1265 2236 1307 nomen
2269 1251 2337 1305 ⁸⁸.
2362 1269 2381 1302 ι
2409 1250 2629 1307 Audisti
2662 1266 2773 1320 quo
2800 1257 2980 1321 pacto,
3010 1249 3135 1305 licet
3156 1245 3303 1302 Deus
3326 1260 3488 1299 verus
3519 1259 3610 1299 es-

2031 1352 2136 1409 set,
2160 1350 2353 1414 utpote
2375 1343 2541 1399 etiam
2569 1341 2875 1398 conformis
2898 1336 3047 1394 Patri
3079 1354 3109 1394 a
3136 1352 3246 1409 quo
3267 1336 3481 1407 genitus
3506 1343 3610 1397 est,

2031 1432 2340 1488 humiliavit
2366 1439 2549 1488 tamen
2582 1433 2967 1503 semetipsum,
3000 1429 3183 1485 factus
3218 1426 3480 1483 obediens
3513 1440 3608 1481 us-

2028 1537 2141 1592 que
2162 1522 2232 1577 ad
2266 1530 2497 1578 mortem
2518 1523 2539 1577 τ
2559 1521 2692 1578 Nam
2724 1537 2849 1577 cum
2884 1520 3028 1576 Deus
3055 1534 3118 1575 ac
3140 1519 3301 1574 Pater
3324 1533 3486 1573 omne
3513 1533 3609 1588 ge-

2029 1629 2135 1669 nus
2166 1614 2446 1668 hominum
2481 1623 2802 1684 corruptum
2835 1613 3050 1667 salvare
3093 1611 3404 1675 statuisset,
3434 1625 3610 1679 neque

2027 1705 2083 1760 id
2120 1706 2190 1760 ah
2221 1706 2330 1759 ulla
2375 1712 2631 1761 creatura
2674 1704 2788 1760 tleri
2823 1710 3033 1776 posset,
3069 1717 3196 1756 cum
3231 1709 3606 1756 creaturarum

340 1794 643 1864 ἐχαρίσατο
670 1792 816 1863 αὑτῷ
843 1792 1031 1864 ὄνομα,
1059 1793 1120 1845 τὸ
1149 1792 1289 1863 ὑπὲρ
1326 1794 1434 1846 πᾶν
1468 1790 1660 1862 ὄνομα.
1692 1811 1712 1843 ›
1758 1792 1924 1863 ’Δκή-

2028 1796 2171 1853 vires
2204 1811 2400 1852 omnes
2439 1796 2603 1867 longe
2631 1795 2922 1850 excederet
2943 1833 2959 1859 ,
2992 1793 3111 1864 ipse
3142 1791 3607 1871 diSpensationem

341 1902 480 1948 κοας
510 1886 676 1949 ὅπως,
718 1886 895 1940 καίτοι
942 1884 1073 1948 Θεὸς
1112 1883 1375 1956 ὑπάρχων
1424 1883 1698 1955 ἀληθινὸς,
1734 1883 1831 1938 ἆτε
1862 1883 1927 1955 δὴ

338 1978 438 2031 καὶ
501 1976 824 2047 σύμμορφος
871 1974 949 2046 τῷ
1001 1975 1211 2031 τεκόντι
1271 1977 1469 2048 Πατρὶ,
1532 1975 1927 2031 τεταπείνωκεν

340 2068 558 2129 ἑαυτὸν,
589 2068 877 2137 γενόμενος
903 2068 1163 2138 ὑπήκοος,
1202 2067 1367 2137 μέχρι
1401 2067 1671 2132 θανάτου;
1712 2066 1929 2139 Ἐπειδὴ

338 2157 453 2227 γὰρ
479 2156 740 2209 διασῶσαι
771 2155 831 2208 τὸ
863 2154 1308 2226 κατεφθαρμένον
1340 2155 1434 2208 ἐπὶ
1461 2157 1563 2225 γῆς
1593 2155 1747 2223 γένος
1775 2154 1929 2208 ἐδου-

339 2245 574 2299 λεύσατο
617 2248 647 2298 ὁ
690 2245 821 2309 Θεὸς
869 2247 964 2299 καὶ
1008 2246 1237 2317 Πατὴρ,
1277 2247 1377 2300 οὑκ
1424 2240 1495 2315 ἦν
1541 2245 1597 2298 δὲ
1654 2243 1813 2298 τοῦτο
1847 2243 1927 2298 δι⁶

340 2335 540 2391 ανῦσαι
571 2335 726 2406 Θέμις
752 2337 859 2388 τῶν
889 2337 945 2390 ὲν
992 2335 1202 2404 γενέσει
1227 2336 1355 2399 τινὶ,
1398 2336 1587 2390 πᾶσαν
1609 2335 1797 2408 ὥσπερ
1829 2336 1928 2408 τὴν

338 2428 568 2482 ἐνοῦσαν
600 2431 665 2500 τῇ
708 2428 884 2481 κτίσει
919 2427 1146 2499 δύναμιν
1176 2428 1561 2500 ἀναπηδῶντας
1599 2429 1693 2483 τοῦ
1734 2447 1929 2501 κατορ-

340 2519 614 2590 θώματος,
646 2520 804 2583 αὑτὸς
851 2518 1018 2573 ὑπέδυ
1067 2520 1165 2590 τὴν
1210 2521 1543 2590 οἰκονομίαν,
1570 2522 1599 2574 ὁ
1638 2520 1929 2591 γινώσκων

338 2612 404 2666 τὸ
445 2611 655 2682 θέλημα
704 2609 798 2666 τοῦ
854 2610 989 2665 Θεοῦ
1035 2611 1129 2666 καὶ
1182 2611 1396 2682 Πατρὸς
1440 2612 1572 2678 Θεὸς
1591 2594 1925 2686 ’μονογενής

339 2703 564 2772 Rata-S61}
610 2702 666 2756 δὲ
721 2701 893 2766 οὑτως
944 2703 1024 2765 είς
1078 2703 1324 2757 ἑκούσιον
1367 2703 1667 2774 ὑποταγὴν,
1711 2703 1786 2767 ὡς
1835 2705 1929 2758 καὶ

342 2794 508 2864 μέχρι
541 2794 771 2849 θανάτου
804 2793 1125 2848 καθικέσθαι
1178 2794 1275 2848 καὶ
1321 2794 1511 2848 τούτου
1573 2795 1927 2865 άτιμοτάτον.

338 2885 417 2938 Τὸ
456 2886 564 2957 γὰρ
624 2885 957 2957 ἐξηρτῆσθαι
1014 2884 1270 2957 σταυροῦ,
1303 2885 1420 2949 πῶς
1466 2885 1534 2940 ἂν
1588 2886 1675 2956 εἴη
1718 2886 1926 2958 τίμιον,

340 2976 546 3048 μᾶλλον
596 2977 653 3031 δὲ
710 2977 830 3042 πῶς
895 2978 993 3048 οὐχ
1054 2978 1274 3047 ἁπάσης
1341 2977 1559 3046 ἀδοξίας
1624 2977 1922 3042 ἑπέκεινα;

352 3070 574 3141 Ἐπειδὴ
609 3071 672 3142 δὴ
718 3070 776 3124 δὲ
825 3069 1000 3126 ταῦτα
1043 3071 1272 3143 ὑπέστη,
1303 3072 1489 3141 φησιν,
1530 3072 1559 3125 ὁ
1602 3071 1734 3133 Θεὸς
1764 3071 1953 3124 αὑτὸν-

2030 1888 2178 1943 illam
2210 1888 2399 1952 Subiit,
2430 1888 2633 1959 quippe
2671 1901 2795 1940 cum
2830 1885 2924 1940 Dei
2965 1898 3028 1939 ac
3060 1881 3244 1938 Patris
3271 1882 3607 1936 voluntatem

2029 1979 2173 2037 Deus
2210 1966 2527 2050 unigenitus
2569 1983 2915 2046 agnosceret.
2968 1974 3062 2030 Sic
3103 1982 3287 2029 autem
3328 1973 3384 2027 in
3426 1971 3599 2041 subje-

2029 2072 2272 2126 ctiunem
2307 2068 2676 2123 voluntariam
2713 2067 2860 2120 ultro
2893 2065 3199 2135 descendit,
3240 2073 3301 2118 ut
3331 2064 3496 2118 etiam
3541 2062 3609 2117 ad

2031 2171 2259 2217 mortem
2286 2172 2480 2227 usque,
2499 2170 2733 2225 eamque
2757 2154 3157 2225 turpissimam,
3187 2168 3246 2209 se
3270 2151 3606 2207 demitteret.

2030 2253 2088 2308 In
2119 2266 2284 2307 cruce
2313 2251 2461 2306 enim
2492 2248 2751 2320 pendere,
2802 2261 2992 2302 nonne
3020 2258 3238 2301 omnem
3268 2242 3493 2299 omnino
3523 2241 3611 2296 iu~

2030 2344 2253 2399 iamiam
2274 2342 2541 2413 superat?
2570 2339 2709 2407 Quia
2736 2350 2867 2394 vero
2893 2336 2999 2392 ista
3032 2350 3231 2409 passus
3267 2341 3373 2396 cst,
3408 2332 3605 2402 inquit,

2031 2439 2239 2494 idcirco
2275 2435 2420 2492 Deus
2459 2430 2893 2503 superexaltavit
2920 2442 3068 2484 eum.
3110 2426 3294 2481 Habes
3333 2424 3501 2494 igitur
3551 2422 3607 2476 in

2030 2529 2376 2601 subiectione
2403 2524 2719 2582 voluntaria
2740 2522 3085 2577 voluntatum
3122 2517 3306 2573 Patris
3340 2514 3607 2585 adimple—

2029 2624 2260 2685 tionem,
2286 2635 2428 2690 quas
2458 2620 2583 2673 loco
2620 2614 3005 2670 mandatorum
3029 2608 3202 2664 Filius
3229 2606 3370 2677 apud
3396 2622 3455 2662 se
3483 2621 3610 2662 esse

2029 2709 2123 2763 ait.
2164 2705 2301 2763 Nam
2338 2722 2463 2761 cum
2496 2703 2682 2759 Patris
2709 2700 2968 2764 consilia,
3011 2709 3070 2752 ut
3100 2697 3360 2758 Verbum,
3405 2695 3609 2749 intelli-

2029 2803 2121 2868 gat
2141 2835 2156 2859 ,
2182 2794 2412 2865 ejusque
2445 2789 2718 2863 profunda
2751 2795 3053 2853 scrutetur,
3080 2786 3189 2840 imo
3220 2800 3350 2840 vero
3377 2800 3501 2840 cum
3539 2784 3609 2838 sit

2029 2886 2295 2958 sapientia
2324 2900 2390 2940 ac
2414 2884 2604 2939 virtus-
2625 2881 2833 2945 Patris,
2852 2880 3190 2935 Voluntatem
3226 2875 3347 2945 ejus
3371 2876 3436 2930 ad
3468 2889 3608 2945 opus

2030 2978 2306 3050 perducit,
2351 2975 2593 3031 mandati
2638 2974 2767 3029 loco
2794 2988 2915 3027 eam
2944 2970 3173 3036 habens,
3212 2977 3375 3040 atque
3405 2968 3479 3021 ita
3509 2968 3608 3021 hu-

2031 3083 2193 3125 mano
2223 3081 2381 3123 more
2412 3081 2533 3122 eam
2567 3078 2918 3134 nuncupatis.
2950 3059 3088 3116 Vide
3117 3074 3281 3130 porro
3310 3059 3473 3115 etiam
3518 3056 3608 3112 hic

337 3130 717 3231 ὑπερύψωσεν.
750 3160 961 3224 Οὐκοῦν
988 3160 1154 3232 ἔχεις,
1437 3130 1502 3233 τῇ
1538 3161 1677 3216 κατὰ
1707 3130 1923 3231 θέλησιν

2030 3157 2349 3215 dilectionis
2405 3130 2653 3210 modum.
2728 3130 3171 3224 Silpei'exaltavit
3227 3150 3373 3204 enim
3424 3148 3604 3220 ipsum

340 3253 557 3323 ὑπακοῇ
590 3252 699 3306 τῶν
747 3252 842 3308 τοῦ
883 3253 1098 3323 Πατρὸς
1146 3253 1529 3324 βουλευμάτων
1572 3253 1672 3323 τὴν
1703 3254 1929 3325 πλήρως

341 3360 461 3399 σινο
510 3346 548 3401 ἃ.
596 3346 689 3400 καὶ
724 3347 785 3399 ὲν
835 3344 988 3412 τάξει
1042 3345 1269 3399 ἐντολῶν
1319 3362 1454 3413 φησι
1498 3345 1752 3413 γενέσθαι
1787 3345 1923 3417 πρὸς

336 3438 502 3491 αὑτὸν
552 3439 582 3491 ὁ
626 3438 775 3499 Υἱός.
822 3437 1011 3500 Συνεὶς
1055 3436 1162 3506 γὰρ
1186 3435 1282 3499 »ὡς
1334 3436 1507 3504 Λόγος
1553 3436 1623 3490 τὰ
1657 3437 1716 3489 ὲν
1746 3436 1937 3507 Harp}.

340 3530 657 3601 σκέμματα,
695 3529 790 3581 καὶ
821 3527 1194 3591 τοῦητεκόντος
1233 3526 1395 3581 αὑτὸν
1443 3525 1513 3579 τὰ
1543 3526 1683 3597 βάθη
1714 3527 1923 3598 διερευ-

338 3619 607 3688 νώμενος,
642 3618 841 3688 μᾶλλον
876 3617 934 3671 δὲ
976 3617 1139 3680 αὑτδς
1189 3617 1449 3689 ὑπάρχων
1471 3619 1505 3687 ἡ
1538 3617 1719 3686 σοφία,
1756 3619 1849 3671 καὶ
1886 3619 1920 3689 ή

343 3709 576 3777 δύναμις
625 3706 718 3761 τοῦ
763 3707 1116 3778 Πατρδςγείς
1167 3705 1327 3776 ἔργον
1367 3706 1490 3775 ἄγει
1532 3707 1592 3761 τὸ
1633 3707 1814 3773 δόξαν,
1845 3702 1923 3773 εἰς

346 3800 513 3853 τόπον
545 3799 675 3852 αὑτὸ
702 3797 870 3862 τιθεὶς
900 3796 1140 3867 ἐντολῆς,
1188 3798 1281 3852 καὶ
1318 3796 1596 3869 ὀνομάζων
1624 3797 1801 3866 οὕτως
1827 3801 1921 3857 ἀν-

346 3891 780 3963 θρωπινώτερον.
819 3890 996 3945 Βλέπε
1027 3890 1083 3943 δὲ
1113 3891 1215 3944 κάν
1252 3888 1425 3961 τούτῳ
1461 3890 1564 3962 τῆς
1608 3892 1824 3964 ἀγάπης
1863 3892 1946 3965 τὸΔ

345 3985 568 4055 μέτρον.
611 3984 963 4054 ’Υπερύψωσε
1011 3983 1123 4054 γάρ
1169 3985 1332 4039 αὑτὸν
1371 3987 1400 4040 ὁ
1444 3985 1597 4050 Θεὸς,
1631 3986 1782 4055 φησί.
1817 3987 1922 4040 Τὸν

339 4076 548 4146 ὑψηλὸν
579 4076 681 4147 ἤδη
719 4076 812 4130 καὶ
838 4076 1228 4147 δεδοξασμένον
1254 4076 1535 4146 ὑπερυψοῖ
1567 4079 1661 4131 καὶ
1685 4077 1925 4145 δοξάζει,

336 4167 519 4220 καίτοι
553 4166 683 4228 Θεὸς
725 4166 866 4220 κατὰ
908 4166 1071 4235 φύσιν
1099 4167 1236 4234 ἐστὶ,
1280 4167 1375 4222 καὶ
1425 4167 1696 4240 ἀληθινὸς,
1727 4169 1823 4223 ἅτε
1856 4170 1946 4240 δὴν

335 4258 434 4311 καὶ
467 4257 728 4327 ὑπάρχων
751 4258 849 4327 οὑχ
875 4252 956 4321 εἷς
992 4259 1101 4312 τῶν
1139 4258 1487 4329 κτισμάτων,
1539 4260 1680 4313 κατά
1711 4276 1776 4326 γε
1821 4260 1945 4330 τὴν.

336 4350 640 4419 ταυτότητά
666 4350 765 4419 τὴν
792 4351 857 4404 ἐκ
892 4350 988 4421 τῆς
1019 4350 1204 4414 οὐσίας
1242 4350 1431 4413 αὑτοῦ.
1455 4352 1546 4406 διὰ
1581 4350 1740 4406 τοῦτο
1764 4351 1917 4406 vecti-‘-

2030 3249 2200 3313 Deus,
2242 3248 2442 3319 inquit.
2490 3246 2778 3302 Excelsum
2822 3243 2936 3314 jam
2985 3249 3039 3297 et
3081 3241 3252 3311 gloria
3291 3239 3604 3294 redimitum

2030 3341 2407 3412 superexaltat
2438 3347 2493 3395 et
2520 3337 2794 3409 glorificat
2815 3377 2831 3403 ,
2863 3333 3083 3390 tametsi
3125 3331 3267 3388 Deus
3295 3330 3368 3386 sit
3401 3343 3604 3386 secun-

2030 3435 2163 3489 dum
2202 3442 2480 3497 naturam,
2510 3446 2575 3486 ac
2597 3425 3075 3497 verus,,ejusdem
3109 3437 3306 3494 nempe
3331 3437 3454 3477 eum
3485 3421 3606 3491 ipso

2029 3524 2378 3586 substantiae,
2409 3528 2597 3592 utpote
2632 3533 2758 3575 cum
2788 3533 2896 3572 non
2930 3516 3000 3571 sit
3026 3530 3057 3570 e
3088 3523 3465 3570 creaturarum
3499 3527 3603 3565 nu-

2030 3630 2205 3682 mero,
2237 3621 2307 3670 et-
2338 3613 2570 3668 idcirco-
2598 3616 2896 3666 censeatur
2929 3621 2994 3662 ac
3041 3619 3167 3661 vere
3214 3603 3286 3660 sit
3337 3616 3503 3672 supra
3550 3600 3603 3656 id

2029 3720 2195 3761 sutile
2226 3701 2585 3774 quedmente
2609 3696 3115 3769 comprehenditur.
3146 3693 3389 3763 adeoque
3417 3692 3606 3760 gloriae

2033 3795 2293 3851 Dominus
2312 3799 2683 3861 nuncupetur,
2713 3787 3015 3845 secundum
3044 3784 3382 3855 Scripturas.
3414 3781 3603 3836 Enim-

2029 3903 2159 3944 vero
2201 3887 2510 3948 exaltatur,
2544 3882 2744 3953 inquit,
2793 3890 2847 3936 et
2890 3879 3249 3936 clarilicatur.
3294 3875 3414 3941 Quo
3444 3879 3605 3945 pacto

2029 3994 2183 4046 vero,
2213 3990 2325 4037 aut
2355 3976 2598 4049 quando,
2645 3983 2740 4029 aut
2787 3971 3104 4044 quomodo?
3150 3968 3381 4036 Quando
3411 3982 3607 4036 nempe

2028 4069 2208 4124 factus
2237 4078 2320 4123 est
2350 4064 2606 4121 informa
2652 4063 2821 4128 servi,
2861 4068 2916 4118 et
2947 4061 3005 4116 in
3033 4058 3364 4117 humilitatis
3406 4058 3602 4118 forma,

2027 4163 2081 4217 id
2129 4170 2215 4218 est
2254 4160 2423 4215 homo
2447 4159 2609 4215 sicuti
2661 4171 2785 4213 nos.
2832 4152 3053 4210 Rursus
3107 4153 3254 4208 enim
3288 4150 3448 4219 etiam
3480 4163 3602 4202 eum

2027 4269 2192 4309 carne
2242 4253 2513 4309 exaltatur
2568 4248 2734 4320 883
2788 4246 2955 4303 simul
2997 4260 3122 4303 cum
3155 4243 3359 4306 Patre,
3391 4248 3450 4296 et
3479 4255 3605 4295 con-

2026 4345 2385 4423 glorilicatur,
2425 4350 2479 4398 et
2508 4342 2739 4396 dilectus
2779 4347 2868 4395 est
2900 4338 2969 4393 ab
2997 4353 3083 4403 eo,
3119 4352 3230 4391 non
3264 4334 3453 4405 utique
3486 4342 3600 4386 tum

340 4441 501 4511 μενεῖς
528 4455 589 4493 τε
624 4440 718 4493 καὶ
747 4439 825 4496 ὣν
848 4440 1064 4511 άληθῶς
1097 4442 1299 4505 παντὸς
1343 4441 1637 4513 ὑψώματος
1665 4443 1922 4496 ἐπέκεινα

2028 4438 2265 4508 primum
2307 4450 2432 4490 cum
2468 4432 2836 4488 voluntariam
2888 4429 3287 4499 subjectionem
3331 4425 3599 4496 implevit,

334 4530 554 4601 νοητοῦ,
583 4529 718 4583 ἀλλὰ
745 4531 841 4584 καὶ
874 4533 972 4602 τῆς
1000 4532 1159 4602 δόξης
1188 4532 1412 4604 Κύριος,
1441 4534 1580 4588 κατὰ
1627 4533 1726 4599 τὰς
1760 4535 1923 4604 ἁγίας

336 4622 580 4692 Γραφάς.
620 4622 778 4675 Ἀλλὰ
814 4622 926 4709 ναὶ,
958 4624 1143 4692 φησιν,
1193 4622 1421 4692 ὑψοῦται
1465 4626 1561 4678 καὶ
1614 4625 1921 4691 δοξάζεται.

334 4712 468 4775 Πῶς
521 4712 600 4775 δὲ,
644 4712 677 4783 ἢ
731 4713 863 4767 πότε
916 4714 1009 4766 καὶ
1037 4712 1159 4767 τίνα
1212 4714 1447 4784 τρόπον;
1491 4716 1618 4770 Ὅτε
1681 4717 1925 4789 δηλονότι

337 4802 566 4870 γέγονεν
599 4804 658 4855 ὲν
688 4805 754 4873 τῇ
783 4802 881 4887 τοῦ
905 4802 1093 4857 δούλου
1139 4807 1343 4883 μορφῇ,
1379 4807 1472 4859 καὶ¹
1500 4808 1556 4859 ὲν
1585 4807 1662 4878 τῷ
1702 4809 1800 4880 τῆς
1827 4826 1924 4863 τα-

339 4890 649 4955 πεινώσεως
705 4894 963 4963 σχήματι,
1024 4893 1168 4946 τοῦτ’
1222 4893 1405 4961 ἔστιν,
1462 4896 1754 4968 ἄνθρωπος
1803 4894 1925 4954 καθ’

337 4985 510 5053 ἡμᾶς.
547 4985 860 5056 Ἀνατρὲχει
889 4986 999 5056 γὰρ
1025 4987 1117 5040 καὶ
1152 4986 1294 5055 με,τὰ
1319 4987 1522 5056 σαρκὸς
1569 4990 1650 5053 είς
1692 4989 1754 5044 τὸ
1795 5008 1920 5045 συν-

336 5077 609 5146 υψοῦσοαι
640 5078 816 5142 πάλιν,
850 5080 943 5131 καὶ
978 5078 1389 5145 συνδοξάζεσθαι
1432 5079 1511 5151 τῷ
1544 5081 1721 5151 Πατρί
1740 5098 1754 5111 ο
1785 5082 1920 5151 ὴγα-

332 5167 493 5236 πήθη
523 5183 581 5219 τε
614 5167 743 5238 παρ’
767 5167 954 5230 αὑτοῦ,
983 5169 1075 5221 καὶ
1112 5168 1232 5239 οὐχὶ
1262 5169 1387 5222 τότε
1418 5169 1655 5239 πρῶτον,
1689 5171 1775 5224 ὅτε
1816 5172 1917 5243 τὴν

2026 4528 2122 4585 sed
2162 4529 2266 4583 hac
2299 4527 2508 4581 ratione
2537 4524 2595 4579 id
2615 4523 2904 4592 intelliges.
2949 4518 3421 4589 Quemadmodum
3455 4516 3600 4569 enim

2022 4622 2297 4678 excelsus.
2331 4635 2456 4673 cum
2508 4616 2876 4686 sit.sernper,.
2925 4613 3260 4670 clarilicatus
3314 4619 3494 4663 tamen
3550 4615 3604 4661 et

2024 4714 2298 4769 cxaltatus
2323 4710 2520 4764 dicitur
2537 4722 2663 4763 cum
2694 4705 2871 4767 laetus
2897 4714 2985 4762 est
3007 4707 3194 4769 homo,
3223 4702 3407 4757 divina
3430 4700 3603 4769 gloria

2025 4811 2290 4875 quantum
2335 4801 2401 4855 ad
2435 4801 2829 4856 humanitatem
2877 4804 3092 4870 spectat
3141 4794 3482 4851 destitutus:
3525 4792 3605 4846 sic

2025 4899 2189 4953 etiam
2229 4910 2353 4950 cum
2390 4909 2419 4947 a
2450 4893 2742 4965 principio,
2771 4900 2825 4948 et
2846 4907 3091 4971 semper,
3133 4895 3188 4945 et
3226 4895 3491 4958 perpetuo
3523 4884 3606 4938 di-

2024 4988 2251 5059 ligatur,
2286 4987 2536 5042 dilectus.
2565 4993 2745 5040 tamen
2792 4982 2963 5039 fuisse
3007 4981 3211 5036 dicitur
3264 4979 3428 5034 etiam
3477 4992 3601 5030 cum

2020 5067 2205 5134 carne.
2258 5077 2529 5147 Apparuit
2578 5076 2724 5131 enim
2773 5074 2983 5129 idcirco
3032 5071 3194 5127 sicuti
3228 5085 3352 5134 nos,
3405 5067 3455 5120 ill
3517 5072 3599 5120 est

2017 5178 2371 5241 nuncupatus
2403 5178 2488 5225 est
2536 5176 2591 5224 et
2626 5166 2806 5221 factus
2852 5173 2938 5220 est
2992 5165 3177 5223 homo,
3238 5171 3297 5215 ut
3347 5175 3471 5215 eum
3509 5159 3601 5226 qui

335 5256 589 5310 ἑκούσιον
637 5258 915 5328 ὑποταγὴν
958 5259 1312 5330 πεπλήρωκε,
1356 5260 1568 5330 νοήσεις
1605 5260 1664 5314 δὲ
1716 5261 1913 5332 μᾶλλον

2028 5265 2142 5317 )1ἰιη
2189 5261 2430 5331 οειίοεει
2461 5260 2683 5315 habitus
2727 5266 2951 5327 propter
2987 5253 3222 5324 primam
3273 5252 3422 5306 illam
3460 5266 3602 5321 prae-

334 5346 586 5412 ἐκείνως.
621 5347 833 5419 Ὀνπερ
874 5350 982 5420 γὰρ
1022 5350 1230 5419 ,τρόπον
1278 5350 1481 5423 ὑψηλὸς
1514 5352 1773 5424 ὑπάρχων
1804 5354 1913 5419 ἀεὶ,

2026 5355 2447 5417 varicationem,
2485 5360 2540 5408 et
2572 5351 2950 5406 intromissum
2998 5349 3307 5415 peccatum,
3339 5342 3602 5397 dilectum

335 5441 436 5495 καὶ
468 5440 880 5512 δεδοξασμένος,
918 5439 1041 5493 ὅσον
1087 5442 1166 5505 είς
1211 5441 1347 5496 ίδίαν
1397 5442 1578 5512 φύσιν,
1608 5442 1916 5511 δεδοξάσθαι

2028 5444 2138 5499 Deo
2174 5445 2446 5501 redderet.
2479 5443 2658 5498 Janua
2702 5442 2848 5497 enim
2896 5438 3129 5499 idcirco,
3160 5440 3215 5488 et
3247 5434 3603 5505 principium,

316 5549 398 5623 ⁸ιινιι
428 5548 526 5585 και
550 5533 797 5602 audeam
816 5532 1053 5601 λέγεται,
1074 5532 1162 5587 ὅτε
1183 5533 1405 5604 γέγονεν
1432 5533 1737 5606 ἄνθρωπος,
1765 5536 1793 5590 ὁ
1820 5536 1917 5607 τῆς

2028 5544 2081 5592 et
2114 5537 2202 5592 via
2233 5537 2477 5592 omnium
2513 5532 2671 5588 nobis
2703 5531 2972 5586 bonorum
3022 5523 3308 5582 exstitisse
3349 5524 3604 5581 Christus

297 5753 301 5756 ρ
412 5716 461 5750 ι·
500 5711 738 5784 Philipp.
784 5726 865 5783 ιι,
907 5712 1026 5773 6-9.
