4024 6262
487 356 597 413 375

1388 304 1409 314 ’
1489 347 1548 403 s.
1589 343 1861 403 cvmua
1900 336 2373 398 ALEXANDRINI
2413 338 2732 396 ARCHIEP.

487 470 713 527 dicitur.
755 464 1028 541 Numquid
1068 480 1198 537 ergo
1240 460 1461 520 demum
1515 471 1664 518 recte
1696 470 1751 519 et
1788 462 2055 532 inculpata

2168 458 2504 530 θεοπρεποῦς
2528 458 2687 529 δόξης
2717 456 2920 528 ἔρημος
2946 456 3043 524 ὢν,
3063 456 3187 510 ὅσον
3221 455 3301 520 εἰς
3327 454 3744 529 ἀνθρωπὰτητος

486 575 551 619 se
573 558 836 616 dilectum
868 570 991 613 esse
1023 555 1122 620 ait,
1167 569 1232 611 ex
1259 568 1326 611 eo
1366 553 1515 626 quod
1561 562 1835 625 precepta
1877 551 2061 608 Patris

485 650 831 711 observari”
875 646 1152 725 Numquid
1185 646 1287 702 tibi
1338 647 1589 718 mysterii
1645 646 1786 701 ratio
1824 645 1946 701 visa
1977 651 2062 700 est

484 742 741 808 dlﬂlcilis,
779 748 837 797 et
865 739 1035 795 menti
1081 746 1190 796 tuae
1229 738 1803 817 incomprehensibilis
1837 738 2063 809 dispen—

484 833 722 890 sationis
752 839 980 909 propter
1002 846 1107 891 nos
1144 816 1388 900 impletae
1417 829 1688 887 altitudo?
1729 849 1749 883 ι
1775 830 1845 885 At
1874 829 2059 885 omnia

483 921 777 993 praesentia
845 920 1318 993 intelligentibus,
1370 933 1590 975 necnon
1653 927 1803 974 recta
1851 917 2058 974 haben-

482 1012 632 1067 tibus
664 1011 993 1077 scientiam,
1036 1029 1056 1064 ι
1097 1011 1248 1066 sicut
1294 1011 1565 1082 scriptum
1611 1018 1699 1066 est
1732 1008 1799 1062 “.
1843 1007 2060 1065 Manete

327 1094 369 1185 ’ν
482 1104 674 1175 igitur,
706 1103 909 1176 inquit,
960 1104 1016 1158 in
1068 1102 1363 1159 dilectione
1408 1117 1551 1166 mea,
1603 1102 1708 1157 hoc
1758 1111 1862 1167 est,
1908 1100 2059 1156 omni

481 1210 617 1251 cura
659 1210 725 1252 ac
769 1195 954 1251 studio
986 1194 1264 1250 conamini
1310 1193 1408 1249 tali
1435 1207 1539 1250 vos
1570 1206 1602 1248 a
1646 1207 1734 1249 me
1762 1191 2060 1247 dilectione

2162 552 2341 623 λόγον,
2368 551 2511 605 οὕτω
2562 550 2659 605 καὶ
2706 550 2764 617 ἐξ
2789 548 2984 622 ἀρχῆς,
3035 548 3123 603 ἀεί
3164 565 3222 602 τε
3269 548 3367 602 καὶ
3407 546 3495 602 διὰ
3546 548 3779 614 παντδς’

2161 641 2545 714 ἀγαπώμενος,
2570 641 2890 712 ἠγαπῆσθαι
2937 639 3153 709 λέγεται
3205 639 3300 693 καὶ
3344 639 3485 710 μετά
3516 641 3741 710 σαρκός.

2161 736 2377 806 Πὲφηνε
2410 734 2521 813 γάρ
2551 734 2640 787 διὰ
2666 732 2824 786 τοῦτο
2854 730 2978 786 καθ⁹
3010 732 3179 803 ἡμᾶς,
3200 729 3350 783 τοῦτ’
3376 728 3517 797 ἐστι,
3544 747 3747 801 κεχρη-

2162 828 2359 900 μάτικε
2388 826 2482 880 καὶ
2510 826 2731 893 γέγονεν
2760 822 3069 894 ἄνθρωπος,
3101 822 3189 875 ἶνα
3228 821 3323 875 τὸν
3364 820 3533 875 πάλαι
3581 837 3745 891 μεμιο

2161 918 2419 991 σημένον,
2447 915 2537 971 διὰ
2557 915 2657 987 τὴν
2699 916 2758 968 ἐν
2800 915 2943 985 ἀρχῇ
2981 911 3293 983 παράϐασιν
3323 912 3418 966 καὶ
3454 913 3557 983 τὴν
3586 915 3644 965 ἐν
3666 912 3745 982 τῷ

2163 1008 2366 1081 μεταξὺ
2415 1004 2906 1079 παρεισφρήσασαν
2942 1002 3238 1074 ἀμαρτίαν,
3283 1001 3571 1072 ἀγαπητὸν
3609 1003 3745 1056 ἀπο-

2159 1101 2354 1172 τελέσῃ
2386 1097 2464 1170 τῷ
2504 1096 2646 1169 Θεῷ.
2694 1095 2847 1167 Θύρα
2875 1094 2985 1165 γὰρ
3012 1094 3121 1147 διά’
3145 1093 3323 1158 τοῦτο,
3354 1092 3447 1146 καὶ
3473 1093 3618 1163 ἀρχὴ
3649 1094 3744 1146 καὶ

2159 1191 2276 1256 ὁδὸς
2301 1190 2558 1245 ἁπάντων
2598 1188 2731 1259 ἡμῖν
2760 1185 2869 1240 τῶν
2918 1182 3138 1253 ἀγαθῶν
3187 1183 3488 1253 πεφηνέναι
3525 1182 3739 1250 λέγεται

3628 332 3745 395 ’376
3836 390 3847 399 .

480 1286 713 1354 donari,
750 1287 967 1357 qualem
990 1300 1092 1358 ego
1125 1299 1344 1356 quoque
1367 1282 1511 1352 apud
1538 1281 1707 1338 Deum
1742 1296 1807 1336 ac
1838 1279 2055 1336 Patrem

2158 1282 2415 1354 Χριστός.
2459 1276 2608 1352 *Αρα
2654 1279 2718 1351 δή
2769 1294 2851 1331 σοι
2895 1275 3084 1329 λοιπὸν
3141 1273 3492 1345 ἀνεγκλήτως
3552 1273 3741 1347 ἑαυτὸν

479 1380 676 1435 habeo.
721 1377 871 1433 Patri
901 1378 1105 1450 quippe
1150 1392 1237 1432 me
1269 1375 1504 1447 subieci,
1535 1375 1768 1446 ejusque
1798 1374 2055 1429 volunta-

2157 1371 2474 1445 ὴγαπῆσθαί
2509 1387 2664 1441 φησι,
2694 1369 2792 1450 διὰ.
2823 1368 2885 1421 τὸ
2916 1365 3246 1438 τετηρῆσθαι
3290 1365 3419 1437 παρ’
3450 1362 3615 1418 αὑτοῦ
3645 1362 3741 1426 τὰς
3822 1412 3836 1422 ,

478 1479 593 1527 tem
625 1471 809 1542 peregi
836 1490 849 1524 :
895 1438 1128 1540 ideoque
1160 1438 1389 1530 maneo:
1414 1438 1739 1523 constanter
1772 1466 1843 1521 ab
1870 1480 1937 1521 eo
1977 1465 2055 1520 di-

2156 1438 2252 1517 τ’όῠ
2278 1438 2490 1533 Πατρδς
2518 1438 2735 1522 ἐντολάς
2753 1438 2952 1529 ;’”Αρα
2994 1457 3069 1527 μή
3111 1472 3193 1508 σοι
3218 1454 3422 1525 τραχὺς
3456 1455 3485 1507 6
3514 1452 3613 1506 τοῦ
3642 1469 3740 1522 μυ-

479 1540 677 1613 lectus.
721 1540 829 1613 θέα
868 1556 917 1613 si
945 1571 1044 1612 vos
1081 1571 1200 1611 mea
1240 1556 1344 1626 ipsi
1372 1569 1594 1626 quoque
1627 1561 1901 1625 praecepta
1937 1569 2055 1609 ser-

2161 1552 2383 1627 στηρίου
2408 1550 2685 1621 κατεφάνη
2715 1547 2892 1617 λόγος,
2916 1547 3011 1600 καὶ
3041 1546 3142 1616 τῆς
3165 1544 3232 1597 δι’
3256 1546 3404 1615 ἡμᾶς
3424 1540 3737 1612 τετελεσμέο

478 1648 761 1714 vaveritis,
811 1650 1007 1705 eodem
1059 1647 1252 1719 utique
1301 1648 1463 1703 modo
1509 1647 1563 1702 in
1601 1646 1899 1703 dilectione
1936 1661 2055 1700 mea

2157 1661 2256 1714 νης
2291 1641 2600 1712 οἰκονομίας
2633 1639 2693 1693 τὸ
2721 1638 2882 1710 βάθος
2925 1639 2999 1710 μὴ
3042 1635 3364 1705 δυσέφικτον
3398 1652 3516 1698 πως
3542 1632 3623 1702 τῷ
3660 1631 3737 1702 σῷ

476 1739 797 1795 manebitis.
842 1738 1061 1794 Nullam
1096 1739 1512 1795 excusationem
1568 1738 1803 1810 pigritia:
1859 1738 1913 1792 in
1952 1736 2054 1790 hoc

2159 1735 2347 1805 γέγονε
2370 1735 2447 1806 νῷ
2468 1752 2483 1801 ;
2520 1733 2659 1785 Ἀλλ’
2680 1731 2824 1785 ἔστιν
2844 1730 3048 1783 ἐνώπια
3067 1730 3179 1789 τοῖς
3207 1725 3466 1789 συνιοῦσι,
3485 1724 3582 1778 καὶ
3602 1722 3737 1793 ὀρθά

478 1830 779 1896 habebitis,
825 1844 928 1886 nec
957 1830 1104 1885 enim
1138 1830 1293 1885 labor
1332 1830 1587 1903 mercede
1635 1830 1868 1885 carebit.
1910 1827 2053 1883 Tan-

2162 1827 2338 1881 πάντα
2374 1828 2486 1890 τοῖς
2538 1822 2717 1895 ἔχουσι
2751 1822 2991 1892 γνῶσιν,
3034 1819 3177 1874 κατά
3219 1818 3280 1871 τὸ
3327 1817 3729 1890 γεγραμμένον.

480 1931 597 1975 tum
631 1921 778 1977 enim
827 1921 1143 1977 dilectionis
1194 1921 1352 1977 vobis
1423 1921 1724 1992 impertiar,
1788 1929 2053 1991 quantum

2156 1920 2391 1974 Μείνατε
2427 1917 2628 1981 τοίνυν,
2679 1914 2868 1986 φησὶν,
2891 1914 2949 1966 ἐν
2982 1914 3049 1984 τῇ
3095 1910 3285 1982 ἀγάπῃ
3310 1912 3379 1982 τῇ
3417 1911 3549 1980 ἐμῇ,
3588 1906 3729 1961 τοῦτ’

478 2011 659 2066 habeo
690 2010 805 2082 ipse
837 2026 867 2066 a
898 2011 1085 2076 Patre,
1113 2011 1423 2082 aequalibus
1457 2011 1854 2083 propemodum
1891 2011 2055 2067 hono-

2156 2011 2287 2072 ἔστι,
2324 2010 2412 2064 διά
2451 2009 2686 2078 σπουδῆς
2718 2007 2935 2078 ἀπάσης
2973 2003 3066 2058 καὶ
3093 2001 3403 2075 προθυμίας
3428 2000 3729 2071 ἐρχόμενοι,

477 2103 632 2158 ribus
661 2116 908 2158 meorum
938 2116 1264 2158 sermonum
1308 2100 1590 2159 custodem
1637 2117 1935 2159 coronans.
1972 2101 2056 2158 Me

476 2192 681 2270 quippe
704 2194 1135 2265 superexaltavit
1168 2192 1349 2258 Pater,
1375 2208 1686 2264 nomenque
1712 2193 1864 2250 dedit
1906 2192 2056 2265 quod

476 2292 562 2340 est
594 2300 762 2364 super
789 2299 954 2340 omne
985 2299 1208 2340 nomen.
1254 2283 1577 2339 Declaratus
1605 2284 1749 2339 enim
1774 2299 1895 2340 sum
1929 2284 2055 2339 uni-

474 2375 623 2432 versi
663 2373 838 2444 Deus;
879 2375 977 2432 sed
1013 2390 1124 2430 non
1170 2366 1475 2431 accusabor
1524 2382 1678 2428 tanta
1709 2375 1854 2430 bona
1895 2373 2054 2428 vobis

476 2466 766 2523 i’nvidisse.
793 2467 907 2524 Vos
951 2467 1099 2522 enim
1148 2467 1370 2521 tametsi
1402 2466 1678 2532 homines,
1718 2480 1782 2522 ac
1821 2465 2054 2536 proinde

477 2559 665 2616 servili
705 2559 969 2633 praeditos
996 2566 1195 2612 natura
1235 2558 1374 2614 deos
1408 2573 1472 2612 ac
1497 2556 1596 2613 Dei
1629 2556 1769 2612 ﬁlios
1797 2557 2051 2621 reddidi,

477 2648 994 2721 supernaturalibus
1026 2648 1341 2703 illustratus
1389 2647 1740 2717 dogmatibus
1783 2660 1884 2716 per
1930 2661 2053 2716 gra—

475 2742 633 2805 tiam.
668 2740 724 2796 in
752 2740 911 2813 regni
933 2738 1041 2796 mei
1071 2745 1285 2809 partem
1318 2737 1536 2809 recepi,
1574 2736 1893 2792 conl'ormes
1922 2750 2053 2791 eor-

2151 2100 2742 2175 διαπραγματεύσασθέ
2767 2115 2827 2152 τε
2858 2098 2951 2150 καὶ
2982 2091 3412 2164 ἐπιτηδεύσασθε
3448 2091 3510 2143 τὺ
3546 2088 3731 2143 τοιαύη

2152 2215 2250 2268 της
2288 2193 2569 2263 ἀξιοῦσθαι
2609 2193 2737 2262 παρ’
2780 2188 2916 2259 ἐμοῦ
2961 2187 3063 2258 τῆς
3105 2185 3348 2254 ἀγάπης,
3394 2180 3733 2249 ὁποίανιῆςω

2153 2287 2310 2357 κάγὼ
2359 2284 2512 2357 παρά
2553 2281 2631 2354 τῷ
2674 2280 2795 2351 Θεῷ
2838 2278 2935 2334 καὶ
2986 2275 3184 2348 Πατρί.
3233 2274 3442 2342 Γέγονα
3484 2272 3584 2342 μὲν
3625 2269 3735 2340 γάρ

2152 2379 2394 2450 ὑπήκοος
2422 2373 2556 2444 ἐγὼ,
2589 2373 2684 2427 καὶ
2719 2370 2827 2426 τῶν
2855 2368 2950 2422 τοῦ
3001 2366 3215 2438 Πατρδς
3244 2361 3569 2434 θελημάτων
3595 2360 3732 2413 ἀπο-

2151 2469 2425 2537 τελεστὴς,
2460 2466 2606 2538 μένω
2634 2480 2694 2517 τε
2723 2461 2816 2516 διά
2842 2458 3019 2522 τοῦτο,
3064 2456 3161 2511 καὶ
3203 2453 3486 2524 ἀραρότως
3512 2452 3733 2521 ἠγαπη-

2155 2563 2334 2634 μένος.
2375 2558 2513 2613 Ἀλλ’
2541 2558 2670 2612 ὅταν
2701 2551 2934 2623 γένησθε
2967 2551 3060 2602 καὶ
3107 2546 3264 2600 αὐτοὶ
3301 2542 3411 2596 τῶν
3446 2541 3599 2610 ἐμῶν
3629 2539 3732 2609 φύ-

2151 2632 2316 2716 λακες
2344 2648 2593 2711 ἐντολῶν,
2640 2644 2782 2700 κατά
2817 2642 2910 2696 τὸν
2960 2640 3072 2692 ῐσον
3105 2637 3310 2717 τρόπον
3350 2635 3564 2706 μενεῖτε
3596 2632 3732 2686 πάν-

2151 2763 2259 2809 τως
2304 2745 2363 2797 ἐν
2410 2744 2477 2813 τῇ
2533 2739 2721 2809 ἀγάπῃ
2772 2738 2839 2807 τῇ
2897 2735 3027 2804 ἐμῇ.
3062 2728 3495 2799 Ἀπροφάσιστον
3546 2724 3603 2777 δὲ
3638 2723 3735 2793 τὴν

476 2832 597 2910 pori
631 2830 821 2903 gloriae
842 2844 978 2885 meae
1021 2827 1239 2885 reddidi
1269 2829 1349 2893 ",
1399 2825 1819 2896 incorruptione
1844 2842 1907 2882 ac
1940 2827 2054 2881 vita

2156 2837 2235 2899 είς
2264 2832 2442 2896 τοῦτο,
2467 2831 2652 2900 φησὶν,
2678 2827 2830 2893 ἐξετε
2856 2821 3160 2896 ῥᾳθυμίαν·
3194 2819 3254 2873 οὺ
3285 2817 3395 2888 γὰρ
3421 2813 3618 2910 ἀμισθὶ
3645 2813 3734 2866 τδν

475 2903 691 2988 ornavi.
735 2922 842 2979 Sed
878 2922 995 2978 haec
1036 2921 1260 2994 quidem
1312 2920 1368 2975 in
1403 2932 1534 2991 spe,
1578 2925 1633 2974 et
1684 2918 1738 2972 in
1791 2917 2052 2974 saeculum

2156 2924 2247 2978 ἐπὶ
2277 2921 2487 2983 τούτοις
2519 2916 2718 2988 ἱδρῶτα
2745 2912 3074 2982 διατλήσετε.
3117 2908 3434 2980 Φανὴσομαι
3472 2903 3584 2973 γάρ
3609 2918 3732 2955 τοσ-

476 3008 725 3082 futurum
758 3023 1066 3074 servantur.
1105 3012 1274 3087 884
1307 3012 1450 3079 Quid
1501 3026 1634 3068 vero
1673 3010 2053 3082 inpraesentia-

2156 3018 2323 3088 αύτην
2359 3016 2489 3086 ὑμῖν
2536 3011 2752 3074 ἐπιδοὺς
2801 3009 2902 3080 τὴν
2948 3007 3189 3076 ἀγάπην,
3244 3003 3377 3074 ὅσην
3416 2999 3577 3063 αὐτὸς
3627 2998 3735 3069 ἔχω

476 3107 645 3171 rum?
670 3105 944 3187 Numquid
980 3104 1227 3161 illustres
1267 3111 1322 3160 et
1344 3102 1519 3175 gloria
1553 3101 1885 3171 conspicuos
1927 3098 2052 3155 red-

2156 3106 2307 3178 παρά
2338 3102 2573 3174 Πατρδς,
2603 3101 2699 3154 καὶ
2731 3097 3014 3170 μονονουχὶ
3051 3097 3170 3158 ταῖς
3206 3091 3518 3164 ἰσορῤόποις
3549 3089 3735 3157 τιμαῖς

475 3197 592 3262 didi
622 3204 677 3253 et
707 3182 851 3268 apud
885 3195 1009 3268 pios
1036 3210 1228 3251 omnes
1262 3193 1606 3250 venerandos
1645 3208 1740 3248 vos
1773 3192 2051 3263 praestiti?

2157 3200 2247 3252 τὸν
2274 3197 2381 3251 τῶν
2419 3193 2569 3266 ἐμῶν
2614 3192 2788 3261 λόγων
2834 3188 3050 3259 φύλακα
3104 3184 3404 3254 στεφανῶν.
3448 3179 3584 3251 Ἑμέ
3625 3182 3740 3248 γὰρ

475 3288 689 3369 Quippe
711 3288 989 3350 daemones
1015 3288 1263 3358 impuros
1287 3285 1627 3356 increpastis
1653 3303 1666 3339 :
1696 3284 1875 3340 omnis
1908 3297 2055 3353 mop-

478 3384 535 3441 bi
556 3424 573 3449 ,
604 3394 655 3439 et
679 3382 863 3439 omnls
895 3381 1233 3437 inﬁrmitatis
1257 3380 1519 3437 sanandae
1548 3386 1873 3451 potestatem
1900 3378 2054 3433 vobis

479 3476 605 3538 l‘eci.
628 3475 917 3531 Pollicitus
943 3489 1066 3530 sum
1090 3474 1280 3530 dicens
1308 3492 1321 3528 :
1349 3492 1367 3525 ι
1392 3473 1585 3537 Amen,
1612 3486 1772 3526 amen
1798 3471 1927 3526 dico
1956 3485 2056 3524 vo-

476 3566 593 3627 bis:
628 3566 722 3645 qui
753 3565 931 3621 credit
955 3565 1009 3619 in
1042 3579 1149 3628 me,
1183 3577 1353 3634 opera
1382 3577 1505 3633 quae
1529 3577 1629 3633 ego
1661 3561 1827 3626 facio,
1855 3569 1908 3617 et
1937 3560 2054 3630 ipse

476 3658 663 3727 faciet,
691 3666 746 3714 et
775 3658 987 3729 majora
1012 3657 1210 3711 borum
1243 3654 1411 3711 faciet
1441 3655 1510 3708 “.
1535 3674 1553 3706 ι
1578 3652 1706 3709 Haec
1735 3652 1945 3709 sanctis
1969 3652 2054 3707 di-

475 3749 708 3822 scipulis
738 3748 919 3819 ipsum
951 3745 1356 3817 quodammodo
1394 3732 1579 3801 dicere
1614 3743 1933 3814 putabimus
1958 3782 1973 3807 ,
2007 3743 2054 3798 si

474 3840 883 3918 propositorum
926 3836 1217 3892 verborum
1265 3850 1491 3892 sensum
1526 3834 1674 3909 apud
1709 3848 1809 3888 nos
1847 3847 2056 3903 expen-

477 3933 694 3994 damus.
722 3928 937 4002 Ubique
962 3942 1090 3983 vero
1119 3927 1367 3982 veritatis
1386 3925 1660 3995 dogmatis
1685 3932 1922 3978 mentem
1952 3937 2053 3976 no-

478 4035 653 4080 stram
685 4021 1104 4081 submittentes,
1125 4024 1180 4072 et
1204 4030 1552 4088 quaecunque
1575 4013 1907 4084 exponenda
1931 4027 2056 4069 sese

476 4113 739 4175 offerunt,
769 4117 940 4173 recte,
970 4108 1153 4180 quoad
1186 4108 1333 4170 licet,
1352 4105 1585 4176 .pletatis
1610 4105 1823 4160 artibus
1854 4105 1921 4160 ad
1947 4104 2055 4159 uti-

477 4209 689 4269 litatem
734 4202 1053 4259 auditorum
1093 4205 1482 4257 convertentes
1510 4237 1525 4261 ,
1552 4197 1873 4254 cavebimus
1899 4213 1968 4254 ne
2000 4197 2054 4250 in

477 4295 805 4353 scandalum
834 4294 1002 4350 stulte
1029 4292 1361 4348 incidamus.
1406 4287 1682 4359 Scriptum
1710 4296 1795 4344 est
1820 4289 1967 4344 enim
2000 4290 2055 4345 in

479 4388 626 4445 libro
662 4385 1011 4442 Psalmorum
1039 4403 1053 4441 :
1087 4404 1106 4437 ι
1131 4382 1245 4438 Pax
1284 4383 1457 4437 multa
1490 4380 1849 4452 diligentibus
1882 4382 2051 4453 legem

478 4488 652 4547 tuam,
690 4488 744 4537 et
766 4495 875 4537 non
904 4485 989 4534 est
1021 4477 1133 4533 illis
1160 4474 1483 4532 scandalum
1517 4475 1583 4527 ι’.
1620 4494 1643 4526 υ

2159 3287 2515 3359 ὑπερύψωσεν
2542 3287 2570 3339 6
2595 3282 2808 3354 Πατὴρ,
2834 3278 3126 3352 ἐχαρίσατό
3147 3293 3207 3330 τε
3229 3275 3290 3329 τὺ
3316 3274 3488 3344 ὄνομα
3509 3272 3574 3325 τὸ
3598 3269 3737 3340 ὑπὲρ

2157 3383 2266 3435 πᾶν
2295 3379 2484 3449 ὅνομα.
2522 3373 2928 3443 ’Δναδέδειγμαι
2970 3370 3080 3441 γὰρ
3109 3367 3217 3422 τῶν
3258 3366 3405 3420 ὅλων.
3436 3363 3591 3428 θεὸς,
3621 3360 3736 3415 ἀλλ’

2155 3473 2252 3541 οὐχ
2301 3467 2581 3538 ἁλώσομαι
2633 3464 2921 3535 βάσκανος,
2971 3460 3089 3514 οὐδὲ
3141 3458 3249 3512 τῶν
3296 3455 3557 3510 τοιούτων
3610 3453 3741 3523 ὑμῖν

2155 3560 2518 3632 διαφθονήσας
2565 3555 2808 3626 ἀγαθῶν.
2856 3551 3199 3623 Ἀνθρώπους
3245 3549 3355 3617 γὰρ
3397 3546 3582 3609 ὄντας,
3620 3541 3741 3596 δού-

2156 3656 2252 3726 λην
2274 3670 2332 3707 τε
2361 3650 2450 3705 διά
2477 3649 2635 3703 τοῦτο
2659 3646 2919 3717 λαχόντας
2948 3643 3045 3715 τὴν
3070 3641 3252 3711 φύσιν,
3275 3639 3433 3702 θεοὺς
3462 3636 3558 3689 καὶ
3589 3633 3741 3695 υἱοὺς

2156 3743 2414 3810 ἀπέδειξα
2440 3740 2598 3805 Θεοῦ,
2628 3741 2740 3803 τοῖς
2774 3736 2915 3807 ὑπὲρ
2944 3735 3105 3806 φύσιν
3150 3731 3426 3802 ἀξιώμασι
3463 3743 3739 3796 καταφαι-

2155 3839 2353 3910 δρύνας
2381 3835 2470 3889 διὰ
2498 3834 2600 3903 τῆς
2636 3831 2859 3903 χάριτος
2885 3867 2900 3892 ,
2957 3826 3247 3887 κοινωνοὺς
3279 3823 3377 3892 τῆς
3405 3820 3547 3891 ἐμῆς
3584 3818 3739 3910 βασι-

2156 3908 2303 3994 λείας
2338 3926 2710 3997 εἰσεδεξάμην,
2745 3920 3100 3994 συμμόρφους
3132 3913 3391 3980 ἀπέδειξα
3420 3911 3498 3983 τῷ
3526 3908 3740 3979 σώματι

2155 4023 2254 4093 τῆς
2295 4020 2452 4090 δόξης
2488 4019 2588 4088 τῆς
2632 4015 2793 4087 ἐμῆς,
2830 4009 3110 4081 ἀφθαρσίᾳ
3154 4005 3423 4076 τετίμηκα
3466 4000 3563 4054 καὶ
3600 3997 3733 4068 ζωῇ.

2170 4118 2328 4173 Ἀλλά
2354 4117 2527 4169 ταῦτα
2556 4115 2656 4184 μὲν
2689 4114 2746 4165 ἐν
2792 4109 2993 4170 ἐλπίσι,
3025 4106 3123 4160 καὶ
3158 4104 3239 4166 εἰς
3281 4100 3457 4154 αἰῶνα
3490 4097 3738 4167 τηρεῖται

2154 4213 2245 4266 τὸν
2282 4209 2566 4280 μέλλοντα.
2604 4204 2670 4258 Τί
2702 4203 2759 4256 δέ
2792 4201 2857 4272 δὴ
2898 4199 2994 4254 καὶ
3026 4198 3106 4261 είς
3131 4194 3189 4249 τὸ
3225 4192 3401 4263 παρόν
3423 4208 3439 4257 ;
3464 4185 3592 4257 Ἆρ’
3621 4185 3741 4280 οὐχὶ

2154 4275 2476 4369 λαμπροὺς,
2530 4293 2624 4346 καὶ
2674 4286 3096 4357 δεδοξασμένους
3152 4281 3451 4350 ἀπέφηνα;
3510 4275 3739 4369 σεπτοὺς

2154 4391 2212 4445 δὲ
2231 4363 2360 4460 ὀὺγὶ
2389 4384 2543 4458 παρά
2571 4383 2704 4437 πᾶσι
2729 4382 2842 4443 τοῖς
2875 4375 3142 4448 φιλοθέοις
3166 4370 3480 4440 κατέστησα
3495 4385 3517 4460 Δ;
3546 4363 3741 4460 Καίτοι

2158 4486 2271 4546 τοῖς
2299 4453 2535 4540 ἀνοσίοις
2562 4471 2932 4544 ἐπετιμήσατε
2961 4466 3179 4536 δαίμοσι
3198 4480 3213 4495 ο
3243 4463 3425 4516 πᾶσαν
3447 4457 3626 4521 νόσον,
3648 4453 3742 4546 καὶ

478 4545 661 4629 πᾶσαν
702 4568 994 4648 μαλακίαν,
1026 4563 1302 4637 ἐπέτρεψα
1327 4561 1671 4636 θεραπεύειν.
1718 4562 2182 4643 Ἐπηγγειλάμην,
2208 4545 2410 4639 λέγων·
2447 4584 2464 4617 ι
2510 4563 2707 4634 Ἀμὴν,
2775 4559 2923 4630 ἀμὴν
2963 4557 3107 4625 λέγω
3150 4555 3311 4625 ὑμῖν·
3375 4552 3405 4604 6
3471 4545 3741 4601 πιστεύων

480 4666 562 4729 εἰς
599 4644 721 4735 ἐμὲ.
747 4661 816 4716 τά
847 4660 985 4732 ἔργα
1013 4657 1050 4712 δ’
1080 4655 1191 4725 ἐγὼ
1220 4654 1382 4720 ποιῶν
1409 4655 1658 4719 κάκεῖνος
1691 4657 1926 4726 ποιήσει,
1955 4662 2051 4714 καὶ
2093 4650 2317 4734 μείζονα
2342 4659 2546 4713 τούτων
2576 4655 2814 4724 ποιήσει.
2864 4673 2884 4705 ι
2915 4649 3103 4705 Ταῦτά
3128 4665 3247 4711 πως
3271 4648 3386 4710 τοῖς
3425 4644 3604 4713 ἁγίοις
3639 4658 3742 4711 μα-

482 4733 670 4828 θηταῖς
703 4749 1001 4825 οἰησόμεθα
1043 4749 1224 4817 λέγειν
1262 4747 1445 4809 αὐτὸν,
1480 4747 1570 4801 τὸν
1617 4746 1725 4801 τῶν
1766 4733 2142 4823 προκειμένων
2171 4753 2607 4825 ἀναματτόμενοι
2640 4747 2785 4802 νοῦν.
2844 4741 3131 4814 Πανταχοῦ
3159 4741 3217 4794 δέ
3273 4741 3387 4803 τοῖς
3444 4736 3546 4828 τῆς
3613 4733 3742 4800 ἀλη-

481 4824 633 4912 θείας
684 4846 920 4923 δόγμασι
957 4841 1056 4914 τὴν
1097 4840 1335 4894 διάνοιαν
1374 4838 1799 4904 ὑποζεύξαντες.
1852 4845 1948 4899 καὶ
1992 4849 2061 4901 τά
2099 4845 2556 4920 παρεμπίπτοντα
2579 4840 2688 4895 τῶν
2712 4834 3104 4908 θεωρημάτων,
3129 4833 3204 4895 ὡς
3235 4830 3337 4896 ἔνι,
3393 4824 3574 4889 καλῶς
3628 4825 3742 4883 ταῖς

477 4945 559 5005 εἰς
589 4920 871 4993 εὐσέθείαν
902 4933 1118 5004 τέχναις
1156 4933 1235 4995 εἰς
1278 4932 1339 4984 τδ
1385 4933 1498 4994 τοῖς
1522 4930 1896 5003 ἀκροωμένοις
1963 4917 2260 5002 λυσιτελὲς
2321 4934 2767 5008 περιτρέποντες,
2834 4931 2896 4983 τὸ
2940 4926 3072 4997 γοῦν
3121 4921 3403 4991 σκανδάλῳ
3443 4917 3551 4970 τινὶ
3593 4932 3746 4986 περι,

481 5033 669 5086 πεσεῖν
722 5027 964 5097 ἀνοήτως
1004 5014 1435 5093 ’διαφευξόμεθι
1486 5022 1798 5095 Γέγραπται
1842 5029 1952 5099 γὰρ
2003 5033 2061 5084 ἐν
2100 5032 2268 5102 βίδλῳ
2298 5027 2576 5098 Ψαλμῶν·
2651 5044 2670 5077 ι
2704 5025 2909 5095 Εἰρήνη
2954 5017 3124 5089 πολλὴ
3170 5019 3285 5081 τοῖς
3324 5010 3587 5083 ἀγαπῶσι
3657 5009 3745 5062 τὸν

481 5126 644 5195 νόμον
679 5140 797 5185 σου,
837 5120 932 5173 καὶ
959 5118 1059 5172 οὐκ
1088 5116 1237 5177 ἔστιν
1266 5114 1448 5186 αὐτοῖς
1472 5114 1787 5172 σκάνδαλον.
1828 5137 1846 5169 ι
3672 5155 3682 5169 ,

551 5191 671 5279 XV,
732 5213 819 5268 11.
863 5210 988 5266 Hm
1034 5209 1243 5264 locum:
1296 5221 1416 5260 sum
1463 5205 1643 5273 vobis,
1696 5217 1754 5260 ut
1805 5210 2055 5279 gaudium

2246 5206 2439 5262 Ταῦτα
2464 5204 2774 5271 λελάληκα
2808 5198 2949 5271 ὑμῖν
2974 5241 2988 5263 ,
3043 5200 3144 5252 Ira
3173 5199 3210 5266 ἠ
3249 5197 3406 5265 χαρὰ
3437 5195 3474 5262 ή
3513 5191 3632 5262 ἐμὴ
3679 5191 3749 5244 ἐν·

486 5323 661 5369 meum
690 5307 745 5360 in
779 5303 923 5360 vobis
952 5302 1056 5366 sit,
1087 5310 1139 5355 et
1171 5297 1430 5370 gaudium
1479 5310 1713 5353 vestrum
1752 5301 2055 5371 impleatur.

2170 5299 2313 5369 ὑμῖν
2344 5298 2546 5369 μείνῃ,
2575 5295 2676 5349 καὶ
2714 5295 2752 5362 ἡ
2785 5292 2944 5363 χαρὰ
2976 5289 3131 5360 ὑμῶν
3173 5283 3482 5355 πληρωθῇ.

557 5399 728 5455 Facta
760 5397 888 5453 vitis
920 5394 1223 5459 mentione,
1272 5400 1326 5447 et
1375 5392 1618 5462 palmitis
1657 5393 1725 5447 ab
1756 5370 1835 5449 ea
1863 5396 2055 5459 avulsi,

2243 5390 2345 5442 Τὸν
2375 5389 2503 5460 περὶ
2550 5389 2651 5459 τῆς
2683 5385 2928 5458 ἀμπέλου
2967 5383 3125 5450 λόγον
3155 5381 3289 5451 ἡμῖν
3324 5370 3741 5446 εἰσκεκομικὼςι,

487 5508 554 5554 ac
576 5491 727 5547 velut
754 5488 825 5543 ab
852 5489 996 5542 alma
1023 5495 1202 5541 matre
1230 5483 1453 5550 resecti,
1487 5499 1552 5539 ac
1585 5484 1817 5555 proinde
1849 5486 2055 5541 inutilis

2172 5479 2295 5535 εἶτα
2337 5482 2397 5534 τὸ
2434 5478 2838 5549 ἀποσπώμενον
2873 5474 3097 5545 κλῆμα,
3147 5472 3243 5525 καὶ
3289 5468 3455 5523 οἱονεὶ
3488 5466 3592 5537 τῆς
3623 5479 3771 5536 cpe--

498 5586 663 5658 plana
708 5579 901 5644 futuri,
940 5576 1184 5647 adeoque
1223 5576 1346 5647 igne
1390 5575 1771 5641 consumendi,
1821 5591 1928 5631 non
1966 5591 2055 5647 pa'

2179 5572 2386 5644 φούσης
2428 5570 2568 5625 αὐτὸ
2607 5568 2811 5641 μητρὸς
2866 5563 3296 5636 διακεκομμένον
3320 5602 3335 5628 ,
3374 5561 3600 5632 ἀχρεῖον
3647 5556 3746 5629 μὶν

560 5762 605 5803 δ’
634 5760 791 5820 Prov.
821 5774 938 5825 vm,
962 5756 1016 5813 9.
1093 5756 1386 5829 “Philipp.
1413 5754 1610 5822 ur,‘21.
1686 5704 1902 5809 "Joan.
1934 5770 2042 5821 xxv,
2084 5753 2143 5808 ξ’..
2225 5753 2267 5784 ⁵³
2298 5749 2442 5806 Psal.
2470 5764 2661 5831 CXVIII,
2711 5745 2834 5802 165.
