4024 6262
261 349 359 402 577

1225 338 1294 396 IN
1333 337 1619 396 JOANNIS
1651 339 2106 399 EVANGELIUM
2147 346 2275 401 LIB.
2303 345 2370 400 Χ.
2853 365 2856 368 ’
3383 349 3450 401 57

261 460 472 517 ἔσεσθαι
502 459 795 520 παντελῶς,
821 456 954 528 πυρὶ
982 455 1041 509 δὲ
1075 456 1273 527 χρῆναι
1301 456 1644 510 δαπανᾶσθαι
1669 456 1805 510 διδάε

1925 475 2043 512 rum
2075 460 2144 514 ob
2174 459 2226 514 id
2261 461 2494 516 terroris
2530 460 2817 530 discipulis
2841 460 3097 517 incussit.
3136 460 3496 519 Solentenim

257 553 389 619 ξας,
431 553 489 605 οὑ
537 559 733 622 μικράν
777 548 1062 618 ἐνεποίησε
1113 551 1227 610 τοῖς
1286 548 1554 618 μαθηταῖς
1592 548 1690 617 τὴν
1724 550 1816 602 ἐπὶ

257 644 426 715 τούτῳ
474 642 679 694 πτοίαν.
731 641 796 693 Ai
852 639 961 711 γὰρ
1007 639 1116 693 τῶν
1163 640 1453 694 ἀπευκτῶν
1499 641 1814 710 ἀκροάσεις,

254 736 346 788 καὶ
377 734 422 786 εί
449 735 520 803 μή
561 750 646 785 πω
694 733 972 802 φαίνοιντο
1001 731 1242 801 παρόντα
1269 730 1453 800 τυχὸν,
1485 732 1548 783 οὑ
1580 731 1816 802 μετρίως

251 825 384 877 εἰσιν
419 823 772 894 ἐκταράττειν
825 824 1053 887 ίκαναὶζ
1117 822 1332 893 μάλισθ’
1392 823 1520 875 ὅταν
1579 823 1814 877 ἐντίκτοι

246 914 382 967 τισὶν
412 913 504 966 τοῦ
553 913 875 984 συμϐαίνειν
917 913 1058 966 αὐτὰ
1109 911 1370 964 δύνασθαι
1427 913 1526 982 τὴν
1580 912 1815 981 ὑποψίαν

245 1002 347 1054 τῶν
377 1001 651 1072 ἐσομένων
697 1001 759 1055 τδ
806 1001 1021 1072 ἄδηλον.
1073 1002 1339 1072 Καθάπερ
1387 1001 1608 1072 ἀμέλει,
1662 1003 1815 1054 καὶὸ

243 1093 398 1162 τήνδε
435 1093 648 1162 μέλλων
680 1093 927 1146 διαπλεῖν
957 1091 1054 1162 τὴν
1099 1091 1396 1154 θάλασσαν,
1426 1091 1498 1154 ὡς
1533 1091 1813 1162 ἐνδεχομέ-

141 1245 156 1254 α
246 1199 334 1234 νου
365 1185 459 1236 καὶ
499 1182 768 1254 χειμῶνος
817 1184 898 1246 εἰς
951 1185 1146 1253 πεῖραν
1193 1183 1388 1245 ἐλθεῖν,
1433 1183 1525 1234 καλ⁷
1571 1183 1676 1252 μὴν
1720 1184 1814 1236 καὶ

243 1273 432 1343 ἀγρίου
474 1273 718 1343 κύματος
766 1273 862 1326 καὶ
901 1273 1213 1327 ἀτιθάσσων
1249 1272 1508 1343 κυμάτων
1556 1273 1815 1343 καταδρο-

247 1365 370 1433 μῆς,
402 1364 495 1417 καὶ
540 1365 590 1417 εί
637 1365 712 1434 μή
765 1382 854 1417 πω
907 1364 1152 1434 παρόντα
1195 1362 1506 1433 καταθεῷτο
1538 1364 1720 1433 τυχὸν,
1754 1365 1812 1418 ἐν

244 1454 430 1524 μόναις
472 1455 754 1525 φροντίσιν
803 1455 882 1508 ἔτι
933 1455 1029 1508 καὶ
1073 1452 1232 1508 τοῦτο
1280 1454 1525 1525 ἀδήλως,
1575 1454 1652 1518 ὡς
1711 1455 1810 1524 ἤδη

240 1545 483 1614 παρόντα
501 1545 694 1599 δέδιεν.
735 1545 1194 1615 ’Υποφρίττοντας
1224 1545 1401 1599 τοίνυν
1431 1547 1559 1610 τοὺς
1582 1545 1812 1598 ἀποστό-

237 1634 386 1698 λους,
417 1636 514 1688 καὶ
550 1639 619 1707 τῇ
649 1636 758 1690 τῶν
790 1637 982 1690 δεινῶν
1009 1638 1146 1708 ἀκοῇ
1188 1638 1326 1707 τάχα
1355 1655 1494 1703 πως,
1529 1637 1624 1691 καὶ
1653 1653 1812 1706 γεγο-

237 1725 395 1788 νάπας
425 1727 701 1796 περιδεεῖς
724 1769 738 1790 ,
790 1730 881 1781 καλ⁵
926 1729 1062 1800 πρὸς
1108 1728 1206 1796 τὴν
1235 1727 1342 1780 τῶν
1373 1728 1651 1797 ἐσομένων
1683 1727 1813 1780 ἀπο-

1924 550 2043 603 dira
2078 566 2331 621 quaeque,
2367 553 2585 607 tametsi
2633 553 2873 607 nondum
2926 553 3130 617 adsint,
3174 554 3258 607 vel
3307 555 3498 609 auditu

1918 641 2040 694 solo
2073 643 2429 705 conturbare,
2481 643 2719 699 maxime
2776 659 2900 699 cum
2955 660 3137 698 rerum
3187 645 3498 699 futurarum

1919 733 2164 788 incertus
2210 743 2445 790 eventus
2495 735 2778 788 nonnullis
2814 735 3187 806 suspicionem
3222 736 3397 800 injicit
3433 751 3497 790 ea

1916 838 2078 892 posse
2109 825 2428 896 contingere
2459 843 2472 879 :
2519 841 2627 879 non
2664 841 2826 881 secus
2854 841 2917 879 ae
2949 828 3040 896 qui
3072 827 3177 881 hoc
3215 841 3365 879 mare
3393 836 3499 879 tra-

1917 914 2101 967 naturi
2138 924 2290 977 sunt,
2342 915 2500 984 quasi
2543 917 2869 986 contingere
2915 917 3093 985 possit
3136 923 3195 968 ut
3241 917 3496 984 procellis

1915 1004 2179 1074 durisque
2209 1007 2632 1075 tempestatibus
2659 1005 2957 1072 jactentur,
2989 1007 3116 1060 licet
3143 1021 3204 1060 ea
3251 1011 3494 1058 nomium

1917 1095 2109 1151 adesse
2135 1096 2378 1161 videant,
2425 1112 2558 1151 cura
2589 1107 2768 1152 tamen
2801 1105 2855 1153 et
2902 1099 3196 1160 anxietate,
3242 1097 3368 1151 licet
3399 1097 3496 1150 ad-

1915 1188 2024 1240 huc
2067 1186 2278 1240 incerto
2331 1188 2520 1253 exitu,
2570 1189 2726 1258 quasi
2777 1189 3065 1257 praesentia
3111 1187 3491 1243 reformidant.

1915 1277 2057 1331 Metu
2091 1279 2274 1346 itaque
2321 1284 2376 1331 et
2427 1277 2658 1333 horrore
2709 1263 3025 1332 futurorum
3063 1280 3332 1331 malorum
3371 1294 3495 1348 per-

1913 1367 2097 1422 culsos
2135 1369 2413 1436 apostolos
2443 1369 2508 1422 ad
2545 1369 2714 1422 animi
2758 1369 3018 1423 virtutem
3057 1367 3344 1423 commode
3375 1384 3496 1422 rur-

1913 1475 2008 1513 sus
2049 1461 2277 1525 excitat,
2330 1460 2586 1529 tristique
2633 1465 2891 1515 sermone
2941 1459 3159 1520 relicto,
3205 1458 3272 1510 de
3310 1459 3494 1512 laetitia

1913 1567 2032 1618 quae
2058 1550 2357 1605 secundum
2398 1550 2564 1604 Deum
2598 1560 2682 1605 est
2712 1551 2780 1606 iis
2809 1549 3094 1604 disseruit.
3143 1547 3262 1602 Non
3311 1548 3454 1602 enim
3479 1591 3492 1608 .

1913 1643 2108 1711 inquit,
2141 1658 2174 1695 ο
2206 1643 2310 1695 mei
2342 1641 2637 1710 discipuli,
2687 1643 2826 1696 hanc
2861 1643 2930 1694 ob
2966 1655 3193 1694 causam
3244 1655 3392 1694 nunc
3424 1644 3494 1695 ad

1912 1749 2011 1787 vos
2035 1747 2341 1786 sermonem
2367 1733 2552 1796 habui,
2585 1743 2644 1786 ut
2667 1733 2941 1786 imbellem
2971 1732 3026 1784 in
3063 1731 3222 1785 vobis
3249 1731 3493 1786 animum

236 1816 616 1885 ναρκήσαντες
639 1815 764 1889 [γρ.
792 1817 1318 1890 ἀποναρκήσαντας]
1344 1821 1568 1889 πεῖραν,
1597 1820 1805 1871 ἀνανεοῑ

1930 1823 2149 1887 iaciam,
2191 1833 2284 1876 aut
2315 1839 2408 1877 vos
2440 1825 2650 1877 incerto
2685 1831 2831 1878 metu
2874 1822 3343 1892 perterrefaciam,
3394 1840 3495 1878 nec

237 1905 521 1977 χρησίμως
568 1909 650 1970 εἰς
683 1906 897 1962 εὔτονον
932 1909 1186 1978 φρόνημα
1210 1949 1224 1972 ,
1279 1911 1376 1962 καὶ
1429 1909 1672 1976 στυγνῶν
1710 1909 1812 1976 ἀφ-

237 1998 423 2066 έμενος
461 1997 663 2065 λόγων,
695 2000 824 2070 περὶ
852 1999 952 2068 τῆς
981 1999 1122 2052 κατά
1149 1999 1299 2051 ,Θεὺν
1327 2000 1512 2062 αὑτοῖς
1537 1998 1812 2065 διελέγετο

235 2086 523 2157 θυμηδίας.
555 2087 631 2140 Οὑ
671 2088 780 2157 γάρ
821 2105 923 2151 τοι,
957 2089 1144 2157 φησιν,
1170 2081 1215 2142 ὧ
1245 2088 1506 2158 ἡμέτεροι
1547 2087 1809 2158 μαθηταὶ,

229 2179 410 2233 τούτου
444 2197 522 2248 γε
553 2183 714 2236 ἕνεκα
759 2183 877 2235 νυνὶ
901 2181 993 2234 τὸν
1032 2181 1170 2252 πρὸς
1205 2183 1351 2252 ὑμᾶς
1381 2182 1691 2252 πεποίημαι
1726 2182 1810 2234 λόο

227 2289 356 2339 γον,
409 2273 482 2336 ὡς
557 2273 818 2345 ἄνανδρον
874 2274 970 2344 μὲν
1021 2274 1151 2343 ὑμῖν
1200 2273 1498 2343 ἐμποιῆσαι
1532 2273 1806 2344 φρόνημα,

227 2365 386 2433 ῆγουν
419 2365 524 2416 ἐπε*
552 2363 732 2433 ἀδήλῳ
761 2364 1002 2434 δείματι,
1033 2363 1130 2417 καὶ
1169 2364 1290 2436 οὐχὶ
1325 2363 1810 2433 πάντως.ὲσομένῳ

227 2453 374 2523 κακῷ
412 2455 1034 2525 προσκατακλωμένους
1074 2456 1239 2523 ὑμᾶς,
1273 2455 1368 2508 καὶ⁸
1409 2454 1810 2524 ἀτολμοτάτους

227 2544 447 2613 ὁρᾶσθαι
476 2545 630 2614 -πρὸς
659 2543 998 2614 κατόρθωσιν
1030 2544 1252 2612 ἀγαθῶν
1271 2586 1285 2608 ,
1319 2543 1434 2598 ἀλλ’
1476 2545 1564 2598 ἵνα
1591 2544 1803 2609 τούτοις

231 2635 508 2706 συμϐαίνῃ
567 2635 633 2687 τὰ
685 2634 944 2698 ἐναντία,
1008 2636 1103 2688 καὶ
1153 2635 1421 2706 θυμηδίαν
1485 2635 1644 2705 ἔχητε
1711 2635 1809 2706 τὴν

231 2727 380 2798 ἐμὴν,
420 2729 552 2797 ἦτοι
579 2729 611 2796 ἡ
655 2727 760 2797 ἐμὴ
798 2728 943 2796 χαρά
971 2730 1027 2780 ἐν
1055 2727 1186 2796 ὑμῖν
1218 2727 1399 2798 μείνῃ.
1433 2727 1542 2780 Καὶ
1569 2727 1622 2779 τί
1650 2726 1809 2780 τοῦτό

230 2817 362 2882 ἐστι,
395 2818 447 2870 τί
505 2817 562 2870 δὲ
607 2817 695 2869 διὰ
746 2800 934 2870 τούτου
985 2820 1125 2870 νοεῖν
1165 2818 1314 2888 ἡμᾶς
1344 2816 1522 2871 ἐθέλει
1551 2818 1807 2888 Χριστὸς,

230 2908 558 2978 πικρότερον
591 2903 742 2976 οἶμαι
773 2908 1172 2977 διασκέψασθαι
1211 2909 1342 2963 δεῖν.
1383 2908 1556 2978 Διχῶς
1590 2925 1810 2980 τοιγαρ-

231 2999 320 3053 οῦν
345 2999 596 3068 νοητέον.
630 2999 700 3051 Ἢ
726 2999 833 3069 γὰρ
857 2998 1046 3071 ὥσπερ
1071 3003 1129 3052 ἐν
1159 2999 1406 3071 λογισμῷ
1438 3000 1605 3070 μηδὲν
1630 2999 1808 3070 ἔχοντι

233 3091 513 3153 παντελῶς
558 3091 976 3162 περιεργότερον
1020 3092 1138 3161 ἐρεῖ
1185 3109 1268 3154 τις
1326 3091 1528 3160 τυχὸν,
1567 3091 1655 3142 ἴνα
1707 3089 1804 3160 τὴν

232 3183 362 3253 περὶ
414 3183 517 3252 ἐμὲ
565 3181 738 3252 χαρὰν
784 3181 983 3251 ἔχητε,
1023 3182 1142 3250 ἦτοι
1189 3181 1289 3250 τὴν
1340 3183 1420 3244 είς
1469 3181 1592 3251 ἐμέ.
1648 3179 1805 3234 Οὕτω

229 3276 338 3344 γὰρ
373 3274 439 3328 ἂν
473 3275 566 3326 καὶ
613 3275 767 3328 αὑτοὶ
817 3273 914 3344 τὴν
982 3274 1117 3326 ἰδίαν
1167 3271 1640 3342 ἀναπληρώσητε,
1697 3271 1805 3325 τῶν

230 3366 618 3437 ὑπερκοσμίων
661 3365 882 3432 ἀγαθῶν
929 3365 1237 3425 ἐννοοῦντες
1271 3364 1368 3434 τὴν
1399 3361 1635 3434 ἀμοιϐὴν
1665 3403 1679 3426 ,
1711 3363 1807 3415 καὶ

224 3458 325 3525 τὴν
371 3457 644 3526 ἐσομένην
687 3457 801 3518 τοῖς
851 3455 985 3524 παρ’
1045 3454 1202 3525 ὑμῶν
1252 3453 1469 3524 ἱδρῶσιν
1517 3453 1802 3521 ἀντίδοσιν,

223 3549 322 3600 καὶ
358 3548 460 3616 τῆς
493 3547 644 3616 παρὰ
673 3546 792 3615 Θεῷ
817 3545 975 3614 δόξης
1004 3545 1066 3597 τὸ
1096 3545 1348 3615 μέγεθος.
1387 3546 1592 3612 Ἤγουν
1619 3547 1804 3616 ἕτερόν

221 3655 278 3690 τι
310 3637 648 3698 σκοποῦντες
672 3635 765 3688 καὶ
791 3634 1153 3703 λογιζόμενοι,
1178 3634 1314 3704 πρὸς
1344 3633 1646 3704 βαθυτέραν
1670 3635 1804 3688 ξέναι

227 3726 472 3795 θεωρίαν
504 3726 604 3778 οὑκ
633 3728 1031 3797 άπηκνήσομεν.
1083 3726 1298 3795 Χρῆναι
1349 3725 1458 3796 γὰρ
1492 3722 1668 3796 οἶμαι,
1710 3729 1805 3781 καὶ

226 3818 352 3870 λίαν
385 3811 446 3867 εὖ
481 3816 625 3886 μάλα
658 3817 966 3887 φιλοθηρεῖν
1013 3817 1255 3879 εὐσεϐῶς
1301 3817 1518 3888 ἀπάσης
1568 3818 1800 3890 θεωρίας

222 3911 319 3960 τὸν
356 3909 580 3961 σκοπόν.
613 3908 677 3959 Τί
713 3905 806 3961 οὖν
833 3909 942 3979 ἄρα
967 3908 1118 3978 δηλοῖ
1153 3907 1239 3971 τὸ,
1275 3928 1293 3960 ι
1335 3911 1515 3982 ’[ναή
1565 3911 1711 3983 χαρά
1768 3915 1800 3985 ἡ

218 4000 332 4070 ἐμὴ
461 4002 519 4052 ἐν
563 4001 716 4069 ὑμῖν·
764 4018 784 4052 ι
832 3999 997 4069 me,
1049 4001 1130 4052 ὅτι
1173 4003 1365 4068 γέγονε
1417 4003 1538 4056 καθ’
1585 4005 1732 4074 ἡμᾶς
1773 4008 1801 4059 ὁ

218 4090 553 4160 Μονογενὴς,
585 4089 734 4142 τοῦτ’
767 4089 932 4154 ἔστιν,
965 4089 1248 4162 ἄνθρωπος
1278 4093 1403 4162 δίχα
1427 4095 1594 4164 μόνης
1624 4096 1802 4168 ἀμαρ-

216 4183 357 4244 τίκς,
399 4183 576 4235 πάντα
619 4181 890 4251 κεκρικὼς
935 4182 1232 4251 ὑπομεῖναι
1281 4185 1376 4236 καὶ
1435 4184 1622 4238 παθεῖν
1655 4188 1798 4240 ὅσων

216 4275 429 4340 ἧγαγεν
465 4273 544 4334 είς
589 4274 780 4342 πεῖραν
811 4272 972 4325 αὑτὸν
1003 4275 1038 4341 ἡ
1070 4274 1349 4343 ἐπάρατος
1373 4274 1482 4327 τῶν
1529 4274 1798 4330 Ἰουδαίων

216 4363 488 4425 ἀπὸνοια;
521 4363 840 4432 Εὑρήσομεν
871 4363 980 4431 γὰρ
1012 4364 1340 4432 ὑϐρισθέντα
1373 4383 1432 4417 τε
1465 4366 1560 4419 καὶ
1599 4367 1793 4420 διωκό-

1916 1915 2074 1983 plane
2118 1922 2175 1966 ιιι
2198 1912 2270 1965 ob
2304 1921 2628 1966 eventurum
2661 1912 2863 1964 malum
2903 1911 3061 1964 fracti
3111 1919 3165 1965 et
3205 1927 3400 1980 segnes
3427 1912 3493 1966 ad

1914 2005 2052 2058 bene
2087 2003 2356 2072 agendum
2409 2003 2552 2067 sitis,
2606 2003 2701 2056 sed
2765 2013 2822 2055 ut
2867 2003 2952 2056 his
3009 2003 3283 2056 contraria
3338 2003 3493 2058 vobis

1913 2093 2191 2156 eveniant.
2234 2105 2287 2146 et
2331 2092 2593 2161 gaudium
2633 2106 2814 2146 meum
2845 2092 3118 2153 habeatis,
3155 2091 3258 2144 hoc
3289 2101 3394 2152 est.
3433 2098 3493 2144 ut

1911 2184 2167 2254 gaudium
2209 2197 2388 2236 meum
2429 2183 2483 2235 in
2530 2183 2682 2236 vobis
2713 2191 2948 2236 maneat.
2985 2181 3126 2248 Quid
3163 2197 3327 2252 porro
3361 2183 3490 2236 illud

1915 2275 2081 2345 885
2117 2275 2210 2338 sit,
2249 2283 2341 2327 aut
2364 2274 2496 2343 quid
2530 2273 2614 2327 his
2650 2275 2836 2328 verbis
2873 2274 3184 2344 intelligere
3208 2291 3309 2328 nos
3334 2274 3494 2328 Chri-

1911 2374 2030 2418 stus
2061 2363 2210 2428 velit,
2243 2361 2500 2432 subtilius
2537 2360 2695 2416 nobis
2735 2361 3196 2416 considerandum
3225 2361 3487 2415 arbitror.

1909 2456 2101 2524 Itaque
2151 2454 2445 2524 dupliciter
2523 2461 2609 2508 est
2673 2453 3108 2523 intelligendum.
3181 2454 3290 2506 Aut
3341 2453 3489 2507 enim

1910 2545 2232 2615 simpliciter
2269 2545 2372 2597 hoc
2401 2541 2566 2596 modo
2589 2543 2715 2612 quis
2733 2543 3200 2612 .interpretabitur
3227 2560 3243 2598 :
3278 2552 3334 2596 ut
3357 2559 3491 2614 gau-

1909 2637 2058 2691 dium
2102 2652 2230 2704 erga
2260 2651 2346 2690 me
2381 2636 2652 2696 habeatis,
2703 2635 2788 2690 vel
2841 2636 2894 2688 in
2951 2651 3057 2689 me.
3113 2633 3203 2689 Sic
3237 2637 3382 2689 enim
3434 2643 3516 2713 etg

1909 2727 2012 2797 ipsi
2052 2734 2297 2780 vestrum
2351 2724 2685 2793 implebitis,
2743 2725 3144 2794 perpendentes
3191 2725 3336 2794 apud
3392 2740 3488 2780 vos

1909 2819 2213 2874 cmlestium
2275 2817 2544 2870 bonorum
2599 2817 3059 2879 retributionem,
3119 2824 3171 2870 et
3240 2815 3486 2870 futuram

1908 2912 2108 2966 vestris
2141 2909 2428 2964 laboribus
2469 2908 3006 2976 compensationem,
3051 2915 3104 2960 et
3140 2909 3328 2977 gloriae
3365 2923 3488 2976 quae

1912 3001 2056 3071 apud
2089 2999 2256 3054 Deum
2285 3006 2370 3053 est
2406 2996 2863 3066 magnitudinem.
2905 2997 3013 3050 Aut
3052 2996 3203 3051 aliud
3223 2996 3486 3065 quiddam

1910 3089 2306 3160 excogitantes,
2333 3087 2398 3141 ad
2434 3086 2682 3140 altiorem
2712 3087 3237 3155 contemplationem
3267 3087 3344 3140 ire
3375 3101 3486 3139 nou

1911 3180 2284 3252 gravabimur.
2319 3178 2590 3232 Existimo
2621 3179 2764 3231 enim
2812 3178 2902 3245 pie
2946 3177 3218 3246 imprimis
3266 3177 3487 3230 investi-

1907 3272 2151 3342 gandum
2210 3286 2334 3325 esse
2410 3269 2583 3323 totius
2658 3268 3150 3336 contemplationis
3232 3283 3482 3336 scopum.

1907 3363 2050 3428 Quid
2098 3377 2232 3432 ergo
2294 3362 2573 3431 signiﬁcat
2608 3362 2767 3422 illud,
2823 3380 2840 3412 ι
2895 3370 2953 3413 ιιι
2997 3359 3258 3429 gaudium
3302 3375 3484 3412 meum

1907 3456 1976 3509 sit
2002 3455 2056 3508 in
2092 3454 2273 3516 vobis,
2317 3471 2335 3502 ι
2375 3454 2480 3506 nisi
2512 3453 2659 3521 quod
2695 3455 2876 3506 lactus
2911 3451 2984 3504 sit
3021 3450 3183 3504 sicuti
3219 3465 3321 3502 nos
3351 3447 3478 3502 Uni-

1904 3548 2149 3617 genitus,
2180 3545 2233 3599 id
2274 3552 2360 3598 est
2397 3544 2586 3606 homo,
2624 3545 2836 3612 absque
2866 3549 3112 3611 peccato,
3133 3556 3257 3593 cum
3291 3541 3484 3593 volun-

1909 3645 2016 3690 tate
2046 3651 2108 3690 ac
2148 3634 2437 3704 proposito
2469 3649 2531 3687 ea
2570 3632 2840 3702 patiendi,
2886 3645 3229 3699 qua‘cunque
3258 3627 3479 3683 Judwo-

1905 3742 2025 3780 rum
2057 3725 2416 3780 exsecrabilis
2451 3723 2806 3792 intemperies
2861 3722 3044 3791 ipsum
3093 3720 3328 3790 experiri
3386 3734 3480 3773 co—

1904 3819 2048 3888 egit?
2076 3817 2423 3872 lnveniemus
2454 3817 2600 3870 enim
2632 3831 2755 3869 eum
2794 3814 3014 3882 injuriis
3043 3829 3106 3867 ac
3139 3813 3479 3882 persecutio-

1905 3909 2069 3963 nibus
2091 3908 2339 3977 petitum,
2367 3907 2700 3976 probrisque
2723 3905 2938 3959 acerbis
2967 3905 3269 3974 pulsatum,
3301 3905 3477 3973 sputis

1903 4001 2273 4069 inquinatum,
2323 3997 2570 4068 colaphis
2621 3997 2812 4060 ictum,
2859 3997 3185 4051 verberibus
3233 4010 3476 4058 caesum,

1902 4092 2236 4159 tandemque
2261 4090 2415 4143 cruci
2452 4098 2673 4158 propter
2697 4103 2798 4142 nos
2830 4094 2878 4141 et
2919 4102 3017 4156 pro
3047 4087 3210 4142 nobis
3233 4087 3473 4141 ailixum.

1902 4185 2115 4250 Quibus
2148 4183 2315 4238 tantis
2363 4198 2426 4237 ac
2466 4192 2576 4236 tam
2613 4180 2885 4251 gravibus
2931 4180 3093 4235 malis
3141 4181 3193 4234 iu
3227 4179 3474 4234 dolorem

1903 4289 2248 4344 nequaquam
2289 4273 2560 4328 abductus
2610 4281 2716 4334 est,
2758 4287 2939 4340 neque
2994 4271 3270 4340 passionis
3319 4272 3473 4337 igno-

1902 4367 2127 4420 miniam
2163 4375 2440 4436 quatenus
2488 4364 2926 4434 dispensationis
2980 4378 3114 4433 ergo
3165 4364 3476 4434 patiebatur

220 4476 382 4527 μενον
412 4460 509 4511 καὶ
539 4464 755 4529 πικροῖς
787 4461 1016 4513 ὀνείδεσι
1041 4460 1559 4529 διακεκρουσμένον,
1587 4461 1797 4528 ἐμπτυ-

1907 4458 2211 4518 exhorruit,
2264 4459 2360 4512 sed
2405 4457 2594 4512 laetitia
2647 4457 2753 4511 sibi
2803 4456 3157 4510 convenienti
3189 4463 3244 4510 et
3273 4455 3474 4524 gaudio

216 4549 418 4602 σθέντα
456 4566 519 4601 τε
564 4551 661 4603 καὶ
707 4551 1042 4622 ραπισθέντα
1067 4593 1080 4616 ,
1120 4552 1215 4605 καὶ
1244 4551 1342 4620 τῆς
1372 4549 1461 4602 διά
1513 4548 1796 4618 μαστίγων

213 4640 400 4703 αἰκίας
441 4640 544 4692 οὑκ
580 4642 957 4713 ἀμοιρήσαντα
984 4685 1000 4709 ,
1049 4645 1142 4697 καὶ
1167 4645 1498 4696 τελευταῖον
1539 4644 1632 4695 ἐπὶ
1674 4642 1831 4704 τού-ι,

214 4747 327 4793 τοις
356 4731 439 4801 τῷ
488 4731 554 4784 δι’
593 4734 776 4802 ἡμᾶς,
830 4735 926 4786 καὶ
973 4735 1114 4804 ὑπὲρ
1159 4735 1317 4804 ἡμῶν
1373 4734 1797 4805 προσηλωθέντα

217 4821 458 4891 σταυρῷ.
503 4822 625 4874 Ἐπὶ⁸
671 4821 728 4874 δέ
773 4823 986 4887 τούτοις
1028 4824 1202 4878 ἅπασι
1246 4828 1358 4888 τοῖς
1390 4824 1530 4877 οὑτω
1581 4826 1795 4887 δεινοῖς,

213 4911 272 4962 οὑ
315 4911 679 4982 κατεσπάσθη
713 4913 849 4982 πρὸς
890 4913 1099 4985 λύπην,
1133 4914 1275 4984 πλὴν
1317 4916 1440 4967 ὅσον
1469 4914 1563 4966 τοῦ
1599 4915 1796 4968 παθεῖν

213 5003 583 5072 οἰκονομικῶς
618 5003 680 5055 οὐ
731 5005 1028 5075 κατέφριξε
1063 5007 1161 5075 τὴν
1213 5005 1432 5069 ἀδοξίαν
1455 5045 1471 5070 ,
1525 5006 1660 5060 ἀλλά
1697 5008 1798 5078 τῆς

211 5094 540 5162 πρεπούσης
569 5093 834 5163 θυμηδίας
857 5096 1029 5166 αὐτῷ,
1061 5098 1155 5149 καὶ
1189 5098 1364 5168 χαρᾶς
1392 5096 1676 5159 ἀνάπλεως
1701 5093 1790 5168 ἦν,

210 5186 454 5256 ἐπείπερ
478 5185 741 5238 ἐθεάσατο
768 5186 866 5257 τὴν
892 5186 1001 5238 τῶν
1030 5188 1356 5258 σωζομένων
1387 5187 1624 5258 πληθὺν,
1655 5189 1794 5259 πλη-

212 5277 482 5346 ρούμενόν
514 5294 576 5330 τε
617 5277 675 5330 τὸ
711 5277 922 5348 θέλημα
953 5279 1045 5331 τοῦ
1084 5279 1220 5332 Θεοῦ
1268 5281 1365 5333 καὶ
1412 5279 1646 5348 Πατρός.
1689 5281 1790 5334 Διά

207 5369 370 5422 τοῦτο
392 5368 576 5439 χαράν
606 5370 848 5424 ἐποιεῖτο
878 5371 978 5440 τὴν
1006 5373 1252 5442 ἀτιμίαν,
1279 5373 1494 5443 τρυφὴν
1519 5373 1793 5441 ἐλογίζετο

210 5463 339 5523 τοὺς
366 5461 589 5522 πόνους.
631 5462 824 5514 Καίτοι
850 5463 959 5533 γὰρ
990 5463 1201 5518 πολλῶν
1220 5505 1234 5528 ,
1265 5465 1361 5518 καὶ
1394 5465 1790 5534 ἀπηχεστάτων

210 5551 332 5601 κατ’
375 5547 548 5602 αὑτοῦ
589 5548 952 5621 τολμωμένων
976 5593 991 5620 ,
1044 5554 1433 5627 γεγραμμένον
1460 5555 1787 5627 εὑρήσομεν,

288 5720 335 5750 ³³
357 5719 549 5776 Matth.
581 5739 658 5790 xt,
684 5725 775 5787 25,
804 5724 891 5779 26.

1899 4547 2094 4616 plenus
2132 4555 2266 4607 erat,
2313 4545 2760 4614 quandoquidem
2796 4545 3186 4599 salvandorum
3220 4543 3471 4595 multitu-

1898 4639 2084 4693 dinem
2113 4637 2353 4699 videbat,
2394 4636 2603 4706 Deique
2633 4651 2696 4690 ac
2728 4635 2906 4692 Patris
2934 4639 3273 4690 voluntatem
3305 4634 3472 4686 adim-

1897 4731 2072 4800 pleri;
2116 4729 2346 4797 ideoque
2396 4729 2579 4798 gaudii
2637 4729 2756 4782 loco
2810 4729 3045 4783 habebat
3085 4725 3465 4796 ignominiam,

1897 4821 2117 4874 labores
2148 4821 2434 4888 reputabat
2483 4819 2730 4875 delicias.
2785 4819 3050 4885 Quamvis
3100 4819 3244 4873 enim
3301 4817 3469 4869 multa

1896 4926 2072 4981 eaque
2105 4911 2489 4965 crudelissima
2533 4911 2588 4964 in
2642 4927 2766 4966 eum
2810 4916 3290 4980 perpetrarentur,
3333 4906 3472 4960 scri-

1899 5015 2048 5074 ptum
2092 5013 2276 5057 tamen
2331 5003 2675 5057 inveniemus
2734 5002 2925 5058 Jesum
2975 5010 3108 5055 tunc
3160 4999 3471 5055 exsultasse

1899 5094 2131 5164 Spiritu,
2163 5103 2218 5149 et
2245 5095 2452 5150 dixisse
2477 5114 2490 5149 :
2521 5115 2539 5146 ι
2567 5095 2845 5150 Confiteor
2877 5094 3000 5155 tibi,
3028 5092 3211 5155 Pater,
3240 5089 3470 5143 Domine

1895 5189 2018 5241 caeli
2058 5203 2122 5242 ac
2157 5194 2335 5250 terra},
2365 5187 2496 5255 quia
2532 5185 2878 5240 abscondisti
2915 5185 3029 5237 hac
3061 5199 3090 5236 a
3125 5180 3467 5251 sapientibus

1894 5287 1946 5332 et
1980 5277 2364 5348 prudentibus,
2395 5287 2448 5332 et
2483 5279 2735 5331 revelasti
2762 5292 2824 5332 ea
2855 5275 3121 5344 parvulis.
3155 5274 3252 5337 ita,
3283 5272 3464 5335 Pater,

1896 5371 2154 5439 quoniam
2193 5369 2280 5423 sic
2327 5369 2427 5423 fuit
2468 5369 2725 5438 placitum
2783 5376 2907 5420 ante
2938 5376 2993 5420 te
3025 5366 3123 5419 “.0
3169 5365 3346 5419 Audis
3381 5373 3459 5426 ιιι,

1897 5477 2020 5518 cum
2052 5462 2265 5516 videret
2314 5459 2381 5514 ad
2429 5459 2755 5528 sapientiam
2799 5459 3008 5512 erudiri
3062 5472 3158 5513 eos
3201 5458 3294 5527 qui
3331 5472 3462 5526 par-

1899 5553 2012 5608 vuli
2038 5554 2168 5610 olim
2197 5563 2252 5610 et
2278 5553 2433 5609 stulti
2460 5558 2638 5617 erant,
2665 5551 2897 5623 gaudeat
2923 5552 3166 5624 quidem,
3194 5561 3248 5608 et
3275 5549 3460 5606 exsul—
