4024 6262
532 341 644 402 379

1530 346 1589 403 s.
1630 342 1905 401 cvmm
1940 340 2409 399 ALEXANDRINI
2440 346 2759 406 AltCHlEP.

3681 348 3799 406 δεδι

538 469 621 517 tet
647 474 748 532 per
779 457 1070 531 Spiritum,
1099 467 1154 516 et
1195 459 1409 531 gratias
1443 457 1852 529 quodammodo
1880 470 1981 526 pro
2011 471 2113 512 no-

2216 454 2296 508 ὅτι
2322 458 2442 511 τότε
2475 460 2504 511 ό
2549 458 2756 529 Ἰησοῦς
2797 457 3175 527 ἠγαλλιάσατο
3220 457 3299 530 τῷ
3345 459 3648 531 Πνεῦματι,
3690 463 3781 516 καὶ

539 553 627 611 bis
651 562 773 624 agat
805 552 1052 609 servanti
1079 551 1271 607 Patri?
1302 551 1444 618 Quin
1477 558 1532 608 et
1571 566 1696 606 cum
1732 550 2110 604 Samaritano-

540 658 663 696 rum
695 643 968 711 regionem
1001 649 1317 711 peragrarat
1338 680 1352 703 ,
1389 655 1453 696 ac
1487 640 1555 696 de
1592 641 1678 695 via
1727 641 1910 696 lassus
1940 645 2110 704 esset,

539 738 603 784 ut
629 730 894 799 scriptum
921 740 1006 785 est
1027 730 1095 793 “,
1120 731 1187 785 ad
1223 738 1443 800 puteum
1467 729 1639 785 Jacob
1667 728 1841 794 sedit;
1874 740 2108 796 cumque

524 821 862 874 .muliercula
891 822 944 875 ei
977 822 1273 877 obtulisset
1319 821 1465 876 unde
1513 835 1713 891 aquam
1748 818 2015 883 hauriret,
2056 822 2113 873 et

540 912 801 964 salutaria
827 912 878 965 ei
928 914 1146 967 locutus
1177 923 1286 977 est,
1315 920 1370 967 et
1415 912 1889 966 Samaritanorum
1918 907 2111 963 multi-

537 1003 727 1056 tudine
753 1013 1092 1072 exspectata,
1119 1004 1435 1060 necessario
1472 1018 1692 1073 quoque
1720 1003 1847 1057 cibo
1874 1015 1933 1058 se
1962 1000 2109 1054 frau-

539 1092 712 1146 davit.
765 1092 906 1158 Quid
954 1096 1101 1149 enim
1152 1094 1221 1149 ad
1272 1094 1578 1162 discipulos
1623 1106 1755 1147 suos
1811 1090 1970 1153 dixit,
2013 1089 2111 1159 qui

541 1192 602 1239 ut
639 1186 764 1240 cibo
794 1201 996 1255 corpus
1031 1186 1284 1241 reﬁceret
1314 1201 1438 1242 eum
1469 1184 1871 1240 hortabantur?
1908 1201 1927 1235 ι
1960 1181 2112 1237 Meus

538 1276 699 1330 cibus
733 1284 819 1330 est
845 1285 906 1330 ut
948 1276 1145 1332 faciam
1178 1280 1518 1331 voluntatem
1562 1277 1732 1348 886
1769 1275 1950 1329 Patris
1981 1274 2109 1339 mei,

539 1378 593 1422 et
622 1368 904 1436 perﬁciam
935 1368 1060 1438 ejus
1090 1385 1229 1440 opus
1262 1370 1330 1423 ".
1366 1388 1385 1421 ι
1421 1368 1615 1424 Nonne
1658 1369 1823 1438 igitur
1854 1367 1940 1421 vel
1983 1365 2112 1420 hinc

540 1460 757 1535 patebit
783 1460 1013 1517 delicias
1035 1463 1087 1517 ei
1110 1470 1166 1517 et
1194 1462 1451 1533 gaudium
1483 1461 1678 1525 fuisse,
1707 1459 1887 1513 Patris
1918 1459 2113 1513 volun-

540 1556 711 1605 tatem
763 1552 1085 1623 adimplere,
1135 1555 1240 1609 hoc
1282 1562 1389 1616 est,
1423 1536 1536 1608 eos
1584 1552 1679 1622 qui
1719 1554 1993 1622 perierant
2043 1549 2110 1604 ad

541 1642 778 1697 salutem
816 1644 1117 1699 revocare?
1149 1644 1385 1699 Dubium
1417 1645 1471 1698 id
1506 1648 1656 1699 certe
1700 1659 1810 1696 non
1838 1649 1943 1697 est.
1987 1640 2113 1695 Haec

540 1731 710 1802 igitur
739 1737 947 1798 omnia,
1003 1736 1203 1805 inquit,
1240 1736 1458 1790 locutus
1504 1750 1626 1790 sum
1657 1734 1839 1798 vobis,
1889 1741 1945 1787 ut
1975 1746 2104 1802 gau-

540 1823 691 1879 dium
726 1841 907 1880 meum
938 1828 1010 1882 sit
1033 1828 1086 1880 in
1110 1827 1286 1891 vobis,
1313 1827 1368 1881 id
1399 1833 1504 1890 est,
1537 1833 1597 1879 ut
1624 1825 1695 1879 ob
1721 1825 1814 1878 illa
1845 1824 2110 1877 duntaxat

540 1913 715 1969 laetari
755 1919 954 1984 velitis,
985 1920 1187 1988 quibus
1219 1918 1434 1989 gaudeo
1462 1932 1590 1985 ego,
1625 1924 1680 1969 ut
1706 1915 1773 1969 ad
1808 1912 2111 1968 certamina

542 2005 716 2060 fortes
755 2006 1189 2073 elliciamini,,et
1229 2024 1328 2078 spe
1374 2007 1768 2062 salvandorum
1822 2004 2109 2059 hominum

538 2103 850 2171 praecincti.
895 2103 1020 2159 licet
1052 2104 1259 2173 aliquid
1302 2103 1512 2157 idcirco
1542 2101 1654 2171 pati
1696 2098 2002 2167 contingat,
2044 2111 2114 2151 ne

536 2192 780 2245 aninmm
811 2194 1111 2261 dejiciatis,
1144 2192 1522 2248 verum'tanto
1573 2200 1706 2245 tunc
1755 2189 1929 2259 magis
1974 2203 2112 2258 gau-

538 2283 738 2351 deatis,
791 2286 921 2356 quia
953 2302 1050 2355 per
1079 2300 1179 2340 vos
1226 2286 1487 2355 impletur
1534 2283 1793 2337 voluntas
1844 2281 1964 2350 ejus
2018 2278 2112 2349 qui

537 2375 659 2429 vult
690 2391 884 2431 omnes
914 2377 1167 2432 homines
1199 2377 1384 2432 salvos
1414 2374 1555 2439 ﬂeri,
1587 2381 1641 2428 et
1670 2371 2113 2443 ad-agnitionem

536 2466 790 2521 veritatis
822 2468 1011 2523 venire
1039 2470 1107 2523 ".
1130 2465 1370 2523 Gavisus
1400 2468 1545 2522 enim
1580 2464 1706 2521 sum
1741 2465 1813 2519 ob
1847 2465 1963 2519 haec
1988 2476 2111 2533 ego.

535 2560 596 2608 et
644 2554 802 2623 longe
842 2556 1209 2610 suavissimas
1245 2555 1470 2608 labores
1525 2552 1682 2607 duxi.
1746 2550 1886 2605 Cum
1958 2560 2113 2617 ergo,

541 2643 742 2711 inquit,
768 2644 1025 2712 gaudium
1057 2645 1264 2699 habere
1293 2643 1607 2704 volueritis,
1638 2640 1785 2711 quod
1815 2638 1947 2692 mihi
1978 2652 2112 2692 con-

538 2735 729 2789 venire
778 2736 990 2804 putavi,
1044 2745 1176 2790 tunc
1226 2735 1531 2806 perfectum
1593 2733 1728 2788 illud
1780 2747 1845 2787 ac
1878 2731 2112 2787 solidum

539 2827 683 2880 estis
713 2827 979 2882 habituri.
1020 2826 1330 2882 Perfectum
1362 2826 1508 2882 enim
1552 2832 1702 2879 certe
1738 2833 1793 2878 et
1821 2823 2114 2878 abundan-

540 2915 819 2970 tissimum
870 2932 997 2971 esse
1058 2906 1322 2987 gaudium
1380 2916 1513 2970 illud
1565 2926 1820 2985 putamus
1860 2915 2007 2985 quod
2057 2915 2113 2969 in

542 3003 660 3059 Deo
692 3014 796 3068 est,
831 3015 887 3062 et
929 3001 1154 3078 pr0pter
1201 3008 1393 3071 Deum,
1428 3016 1483 3063 et
1514 3009 1583 3063 de
1623 3007 1785 3062 bonis
1828 3006 2111 3078 operibus,

2216 544 2371 603 εἶπεν
2394 566 2407 580 ·
2446 569 2463 602 ι
2521 549 2983 622 Ἐξομολογοῦμαί
3032 568 3155 615 σοι,
3202 548 3386 623 Πάτερ
3410 590 3425 615 ,
3474 552 3654 622 Κύριε
3689 552 3783 605 τοῦ

2211 640 2442 710 οὐρανοῦ
2492 643 2587 694 καὶ
2627 641 2729 711 τῆς
2764 642 2907 712 γῆς,
2950 642 3031 695 ὅτι
3077 641 3403 712 ἀπέκρυψας
3448 642 3625 695 ταῦτα
3678 643 3785 696 ἀπὸ

2217 732 2398 801 σοφῶν
2429 732 2521 785 καὶ
2548 734 2822 797 συνετῶν,
2850 734 2945 787 καὶ
2978 733 3333 802 ἀπεκάλυψας
3362 732 3503 786 αὺτά
3547 731 3781 803 νηπίοις.

2210 822 2339 885 Ναὶ,
2368 824 2396 875 ὁ
2417 823 2626 895 Πατὴρ,
2656 825 2736 877 ὅτι
2767 822 2940 888 οὕτως
2966 824 3186 878 εὐδοκία
3220 824 3439 893 ἐγένετο
3473 823 3809 896 ἔμπροσθέν.

2212 927 2328 967 σου.
2367 931 2386 962 ι
2430 913 2713 976 Ἀκούεις,
2766 916 2848 968 ὅτι
2902 913 3132 985 ἐπείπερ
3181 913 3786 984 ἑθεᾶτοσοφουμένους

2208 1002 2335 1066 τοὺς
2360 1003 2588 1074 νηπίους
2638 1023 2699 1058 τε
2745 1006 2904 1069 ὄντας
2955 1007 3053 1060 καὶ
3098 1008 3361 1076 ἀνοήτους
3407 1007 3563 1067 ποτὲ,
3600 1005 3809 1076 χαίρει,

2214 1094 2313 1164 μὲν
2359 1097 2449 1148 καὶ
2490 1096 2813 1166 ἀγαλλιᾶται
2851 1098 2939 1152 διά
2991 1098 3084 1152 τοῦ
3132 1097 3486 1169 Πνεύματος,
3520 1097 3695 1168 λχάριν
3722 1096 3801 1155 δί-

2210 1184 2400 1258 ὥσπερ
2427 1188 2568 1258 ὑπὲρ
2603 1188 2760 1259 ἡμῶν
2797 1190 3041 1243 ἀνατιθεῖ
3076 1188 3155 1260 τῷ
3200 1188 3779 1260 διασώζοντιειῑατρίς

2223 1277 2382 1331 Ἀλλά
2425 1280 2523 1332 καὶ
2567 1280 2653 1333 ὅτε
2694 1280 2792 1351 τὴν
2838 1280 2948 1333 τῶν
2992 1279 3348 1353 Σαμαρειτῶν
3374 1280 3543 1333 διέθει
3573 1277 3803 1349 χώραν..

2210 1370 2460 1439 κέκμηκε
2510 1371 2568 1424 δὲ
2620 1373 2686 1425 ἐκ
2731 1373 2832 1443 τῆς
2859 1372 3200 1442 ὁδοιπορίας,
3252 1370 3398 1425 κα.θά
3445 1370 3781 1439 γέγραπται,

2210 1461 2504 1526 ἐκαθέζετο
2539 1464 2631 1515 ἐπὶ
2675 1465 2742 1534 τῇ
2777 1466 2928 1534 πηγῇ
2971 1462 3066 1516 τοῦ
3123 1461 3338 1516 Ἰακώϐ.
3381 1460 3603 1531 Ἐπειδὴ
3643 1459 3699 1513 δὲ
3726 1461 3787 1513 τὸ

2210 1552 2431 1619 γύναιον
2487 1534 2637 1622 ανξιτῷ
2715 1553 3078 1623 προσεκόμιζε
3153 1552 3254 1623 τὴν
3310 1550 3405 1604 τοῦ
3474 1548 3785 1620 ἀρύσασθαι

2210 1641 2422 1712 χρείαν,
2447 1643 2819 1714 προσελάλησέ
2846 1660 2905 1696 τε
2942 1642 3094 1709 αὐτῷ
3118 1641 3190 1695 τά
3216 1641 3427 1705 εἰκότα,
3464 1639 3561 1692 καὶ
3605 1641 3787 1709 Σαμαι

2184 1717 2188 1721 ’
2216 1728 2409 1799 ρειτῶν
2436 1728 2593 1798 ὄχλον
2621 1728 2821 1799 ἥξοντα
2858 1729 3231 1800 προσεδόκησε
3259 1727 3356 1781 καὶ
3383 1727 3594 1798 τροφῆς
3622 1728 3788 1793 ἀνατ-

2215 1819 2377 1884 καίας
2406 1820 2682 1891 ἀλογήσας
2731 1821 3002 1889 φαίνεται.
3051 1820 3118 1872 Τί
3160 1819 3269 1888 τάρ
3313 1818 3421 1887 ἔφη
3466 1818 3606 1888 πρὸς
3661 1817 3788 1879 τοὺς

2217 1909 2488 1982 μαθητὰς,
2508 1911 2822 1982 ἐδεσμάτων
2856 1910 3004 1981 αὐτῷ
3035 1910 3359 1982 μεταλαϐεῖν
3387 1908 3786 1979 συμϐουλεύον-

2211 1990 2348 2070 suc;
2388 2023 2407 2055 ‹
2454 2003 2613 2071 Ἐμὸν
2642 2002 2837 2074 βρῶμά
2882 2004 3049 2066 ἐστιν,
3093 2003 3180 2056 ἴνα
3212 2003 3420 2072 ποιήσω
3461 2000 3523 2054 τδ
3571 2000 3783 2070 θέλημα

2213 2093 2307 2148 τοῦ
2340 2095 2553 2166 Πατρός
2585 2113 2684 2165 μου
2708 2138 2725 2162 ,
2764 2096 2858 2149 καὶ
2893 2095 3165 2148 τελειώσω
3215 2093 3379 2147 αὑτοῦ
3427 2093 3490 2145 τὸ
3540 2091 3723 2163 ἔργον,
3762 2110 3784 2141 ι

2211 2181 2339 2257 ⁷Αρ¹
2377 2182 2468 2240 οὖν
2508 2187 2802 2241 κάντεῦθεν
2852 2187 2952 2240 οὐκ
3001 2185 3067 2239 ἂν
3114 2185 3326 2254 γένοιτο
3373 2184 3660 2254 συμφανὲς
3705 2183 3797 2235 ὅτι·

2213 2277 2425 2349 τρυφὴν
2471 2280 2708 2332 ἐποιεῖτο
2739 2278 2834 2332 καὶ
2884 2276 3058 2348 χαρὰν
3094 2276 3209 2329 τῶν
3237 2273 3508 2346 πατρῴων
3548 2274 3789 2343 θελημά-

2213 2386 2320 2423 των
2345 2370 2445 2440 τὴν
2494 2369 2811 2441 πλήρωσιν,
2845 2368 2991 2422 τοῦτ’
3024 2368 3176 2431 ἐστι,
3372 2368 3452 2430 είς
3509 2366 3786 2437 σωτηρίαν

2213 2459 2524 2531 ἀναδρομὴν
2557 2460 2664 2514 τῶν
2699 2462 2779 2524 εἰς
2809 2460 3089 2514 ἀπώλειαν
3130 2458 3601 2528 διωλισθηκότων;
3646 2456 3788 2510 Ἀλλ’

2216 2552 2364 2607 ἔστιν
2412 2552 2512 2606 οὐκ
2553 2550 2876 2621 ἀμφίλογον.
2910 2549 3097 2603 Ταῦτα
3152 2549 3333 2602 τοίνυν
3373 2550 3595 2612 πάντα,
3633 2548 3787 2618 φησὶ,

2215 2644 2516 2714 διείλεγμαι
2539 2646 2676 2715 πρὸς
2699 2644 2864 2715 ὑμᾶς,
2902 2643 2991 2697 ἵνα
3021 2645 3054 2714 ὴ
3085 2641 3230 2712 χαρὰ
3261 2642 3293 2710 ἡ
3322 2641 3430 2711 ἐμὴ
3457 2641 3515 2692 ἐν
3544 2641 3679 2710 ὑμῖν
3708 2635 3744 2712 ᾗ
3775 2657 3787 2671 ·

2213 2732 2360 2787 τοῦτ’
2395 2732 2563 2799 ἔστιν,
2604 2734 2695 2787 ἴνα
2734 2735 2819 2788 ἐπ’
2846 2732 3079 2795 ἐκείνοις
3120 2731 3341 2800 ἐθέλητε
3379 2729 3791 2798 διευθυμεῖσοαι

2218 2824 2403 2894 μόνοις
2427 2867 2443 2892 ,
2483 2825 2569 2893 ἐφ’
2595 2821 2790 2896 οἷσπερ
2823 2823 2979 2892 κάγὼ
3000 2863 3015 2888 ,
3067 2822 3157 2877 ἵνα
3193 2821 3329 2891 πρὸς
3356 2821 3576 2889 ἀγῶνας
3607 2819 3794 2889 ἀνδρίο

2218 2918 2384 2986 σηοθε
2409 2957 2423 2983 ,
2473 2917 2568 2971 καὶ
2601 2915 2712 2991 τὴν
2746 2915 2839 2968 ἐπὶ
2871 2918 2982 2978 τοῖς
3026 2912 3356 2984 σωζομένοις
3402 2912 3605 2965 ὲλπίδσ.
3638 2927 3797 2980 περι-

2217 3009 2547 3079 ζωσάμενοι,
2586 3007 2687 3062 κάν
2729 3007 2901 3061 τιδιά
2927 3004 3088 3059 τοῦτο
3133 3003 3408 3075 συμϐαίνῃ
3461 3002 3681 3067 παθεῖν,
3718 3000 3795 3072 μὴ

543 3107 773 3165 propter
831 3112 983 3166 spem
1041 3099 1255 3152 firmam
1304 3107 1359 3154 et
1409 3098 1831 3160 inconcussam,
1881 3104 1939 3152 et
1980 3096 2110 3166 quia

2220 3101 2356 3169 πρὸς
2395 3100 2623 3166 ἀκηδίας
2670 3099 2920 3169 ἀδρανεῖς
2959 3095 3343 3167 καταφέρησθε
3378 3093 3619 3165 μᾶλλον,
3670 3094 3794 3164 χαί-

539 3188 611 3243 de
648 3190 717 3243 iis
743 3190 946 3258 quibus
975 3205 1075 3260 par
1104 3197 1189 3243 est
1218 3205 1326 3244 non
1358 3190 1536 3244 solum
1569 3205 1690 3253 nos,
1727 3189 1819 3244 sed
1849 3198 1902 3243 et
1929 3188 2111 3258 ipsum

2223 3209 2352 3265 ρητε
2398 3193 2455 3245 δὲ
2493 3191 2616 3271 τότε
2668 3190 3100 3260 πλουσιώτερον,
3133 3188 3365 3258 ἐπείπερ
3402 3182 3517 3241 καῖ’
3540 3186 3608 3240 δι’
3640 3186 3798 3256 ὑμῶν

538 3276 729 3336 Jesum
776 3281 945 3335 lzutari
980 3281 1204 3351 contigit
1238 3300 1250 3335 :
1287 3281 1670 3351 imperfectum
1715 3295 1846 3335 vero
1881 3279 2117 3334 munda‘

539 3386 674 3425 num
714 3374 971 3441 gaudium
1006 3372 1143 3427 illud
1187 3372 1512 3433 asserimus,
1544 3386 1668 3425 cum
1719 3377 1942 3440 prOpter
1979 3369 2116 3423 levi-

540 3468 710 3516 tatem
738 3472 792 3516 et
813 3464 1261 3528 inconstantiam,
1291 3471 1407 3516 tum
1428 3461 1577 3531 quod
1598 3462 1669 3516 ob
1691 3477 1755 3515 ea
1778 3476 1902 3531 quae
1930 3461 2116 3515 minus

536 3551 701 3607 decet
750 3562 1066 3623 peragatur,
1114 3555 1170 3609 id
1215 3562 1303 3609 est
1336 3554 1412 3610 oh
1467 3568 1558 3608 res
1600 3552 1947 3615 mundanas,
1996 3565 2118 3622 quae

542 3643 989 3714 phantasmatum
1042 3654 1094 3701 et
1145 3646 1354 3700 umbrae
1399 3645 1575 3701 instar
1614 3645 1880 3699 avolant:
1925 3659 2119 3713 quem-

544 3736 834 3790 admodum
881 3736 1188 3805 perfectum
1240 3736 1425 3790 odium
1475 3751 1600 3791 esse
1655 3736 1916 3801 dicimus,
1969 3734 2118 3805 quod

548 3836 700 3879 recte
734 3836 788 3879 et
811 3827 959 3893 iuste
995 3828 1067 3880 oh
1091 3828 1390 3881 nonnullas
1425 3841 1512 3879 res
1539 3841 1569 3879 a
1603 3827 1766 3881 nobis
1791 3825 2117 3895 suscipitur.

546 3913 725 3969 Sicuti
773 3932 967 3986 nempe
1000 3914 1193 3971 beatus
1228 3919 1321 3971 ille
1369 3915 1542 3970 David
1589 3918 1657 3972 de
1694 3918 1763 3972 iis
1796 3918 1886 3987 qui
1931 3918 2120 3986 gloria:

548 4002 645 4060 Dei
677 4015 982 4075 repugnant
1008 4008 1118 4061 ait:
1141 4027 1160 4060 ι
1187 4007 1436 4062 Perfecto
1457 4008 1591 4063 odio
1609 4008 1832 4064 oderam
1858 4010 2112 4075 ἱΙΙοε⁵⁷;›

551 4094 847 4167 perfectam
880 4112 1010 4152 vero
1058 4098 1435 4159 dilectionem.
1476 4115 1598 4167 qua:
1650 4099 1758 4155 Deo
1803 4110 1946 4155 totos
1979 4116 2119 4156 con-

546 4186 737 4255 iungit
779 4202 874 4242 eos
907 4187 1189 4258 qui~illam
1224 4190 1580 4258 susceperint
1622 4190 1680 4243 in
1733 4190 1846 4245 Deo
1891 4200 1947 4246 et
1998 4208 2122 4263 pro-

552 4286 672 4346 pter
702 4277 908 4345 Deum,
955 4294 1065 4335 non
1112 4287 1298 4335 autem
1338 4293 1456 4334 eam
1511 4295 1635 4350 quae
1678 4280 1737 4336 in
1779 4285 2017 4340 terrenis
2056 4300 2120 4339 ac

552 4370 705 4423 nihili
745 4375 908 4428 rebus
937 4379 1211 4427 versatur.

2218 3283 2629 3354 ἀναπληροῦται
2679 3282 2742 3335 τὸ
2792 3281 3004 3358 θέλημα
3047 3280 3141 3334 τοῦ
3195 3280 3407 3343 πάντας
3470 3278 3799 3349 ἀνθρώπους

2220 3374 2466 3437 θέλοντος
2502 3371 2805 3438 σώζεσθαι,
2846 3373 2943 3427 καὶ
2986 3373 3067 3435 εἰς
3094 3370 3389 3439 ἐπίγνωσιν
3423 3369 3685 3437 ἀληθείας
3713 3370 3799 3421 ἐλ-

2221 3461 2354 3516 θεῖν.
2400 3463 2661 3531 Ἐχαιρον
2687 3460 2796 3531 γὰρ
2833 3461 2927 3514 ἐπὶ
2956 3459 3165 3524 τούτοις
3197 3457 3374 3527 κάγὼ,
3402 3458 3499 3512 καί
3531 3458 3658 3512 λίαν
3688 3459 3800 3528 ἡδί-

2221 3570 2380 3618 στους
2406 3553 2726 3624 ἐλογιζόμην
2764 3554 2890 3617 τοὺς
2940 3553 3158 3614 πόνους.
3200 3552 3371 3604 Ὅταν
3398 3548 3605 3615 τοίνυν,
3642 3551 3796 3620 φησι,

2218 3648 2476 3718 τοιαύτην
2525 3648 2724 3718 ἕλησθε
2763 3646 2908 3717 ἔχειν
2935 3644 3111 3718 χαράν
3136 3688 3151 3712 ,
3194 3645 3263 3715 ἢν
3293 3642 3518 3715 ὲμαυτῷ
3565 3643 3800 3713 πρέπειν

2220 3740 2573 3809 ἐλογισάμην,
2605 3739 2725 3792 τότε
2759 3737 2971 3791 τελείαν
3010 3736 3181 3807 αὐτὴν
3213 3736 3366 3801 ἕξετε
3387 3776 3402 3801 ,
3438 3735 3535 3789 καὶ
3577 3734 3801 3804 ὁλόκλη-

2223 3848 2336 3903 ρον.
2390 3831 2779 3901 Πληρεστάτην
2830 3829 2940 3900 γὰρ
2976 3829 3172 3893 ,ὅντως
3227 3827 3322 3882 καὶ
3385 3826 3602 3879 τελείαν
3658 3820 3801 3878 εἶναι

2221 3922 2394 3994 χαρὰν
2430 3920 2777 3991 λογιζόμεθα,
2813 3919 2914 3991 τὴν
2963 3922 3020 3973 ὲν
3049 3919 3203 3989 Θεῷ,
3238 3919 3333 3972 καὶ
3376 3917 3467 3971 διά
3503 3914 3676 3979 Θεδν,
3708 3914 3803 3967 καὶ

2222 4013 2308 4066 ἐπ’
2340 4013 2523 4084 ἔργοις
2561 4010 2810 4080 ἀγαθοῖς,
2841 4010 2929 4063 διά
2974 4009 3039 4062 τὸ
3067 4008 3337 4079 πεπηγὸς,
3370 4006 3466 4059 καὶ
3504 4004 3801 4075 ἀκλόνητον

2221 4105 2320 4175 τῆς
2348 4104 2562 4168 ἐλπίδος
2586 4120 2601 4134 ο
2637 4102 2732 4156 καὶ
2760 4104 2843 4156 ὅτι
2867 4101 3090 4169 γέγονεν
3115 4139 3130 4163 ,
3161 4100 3245 4169 ἐφ’
3274 4092 3357 4162 οἷς
3384 4093 3453 4169 ἦν
3480 4096 3653 4160 εἰκὸς,
3681 4095 3801 4164 οὐχὶ

2227 4199 2422 4268 μόνους
2451 4197 2618 4266 ἡμᾶς,
2653 4192 2793 4248 ἀλλά
2818 4194 2913 4245 καὶ
2940 4192 3104 4245 αὑτὸν
3131 4190 3367 4261 ἡσθῆναι
3409 4189 3501 4242 τὸν
3540 4186 3758 4259 Ἰησοῦν
3781 4203 3798 4218 ·

2223 4287 2388 4357 ἀτελῆ
2416 4287 2474 4339 δὲ
2501 4285 2674 4357 χαράν
2699 4285 2799 4354 τὴν
2836 4286 2893 4337 ὲν
2917 4284 3108 4352 κόσμῳ
3130 4280 3329 4351 φαμὲν,
3354 4279 3445 4332 διά
3470 4294 3532 4332 τε
3556 4276 3800 4345 εὐπαρά·

2226 4395 2412 4452 φορον,
2455 4376 2636 4430 καὶτὸ
2668 4374 2751 4444 ἐφ’
2781 4369 2861 4435 οἷς
2896 4374 3095 4443 ἥκιστα
3139 4373 3276 4440 χρῆν
3304 4367 3643 4438 τελουμένην
3666 4366 3798 4436 ὁρᾶ-

551 4460 698 4526 σθαι,
729 4461 874 4516 τοῦτ’
936 4463 1073 4530 ἔστι,
1135 4465 1424 4536 πράγμασι
1481 4467 1785 4534 κοσμικοῖς,
1843 4465 1880 4521 ἃ
1939 4476 2342 4548 φαντασμάτων
2395 4471 2491 4524 καὶ
2549 4469 2707 4530 σκιᾶς
2768 4466 3051 4532 ἐξίπταται
3112 4463 3302 4533 δίκην·
3349 4461 3539 4531 ὥσπερ
3597 4458 3800 4513 τέλειον

554 4559 708 4626 μῖσος
731 4551 871 4609 εἷναί
895 4572 1096 4625 φαμεν,
1122 4556 1185 4608 τὸ
1210 4556 1435 4620 δικαίως
1469 4573 1528 4609 τε
1562 4557 1656 4610 καὶ⁵
1683 4557 1858 4628 ὀρθῶς
1893 4561 1984 4614 ἐπί
2021 4581 2128 4619 τισι
2161 4568 2290 4637 παρ’
2313 4561 2467 4635 ἡμῶν
2491 4560 2790 4629 γινόμενον.
2826 4560 3035 4629 ’Ὠσπερ
3062 4553 3155 4611 οὖν
3191 4555 3382 4625 ἀμέλει
3416 4555 3509 4608 καὶ
3557 4555 3585 4606 ὁ
3620 4552 3799 4624 μακάρ-

553 4665 666 4719 ριος
721 4648 915 4714 Δαόὶδ,
962 4649 1230 4718 περὶτῶν
1262 4650 1671 4719 ἀνθεστηκότων
1730 4655 1796 4722 τῇ
1858 4653 1982 4725 δόξῃ
2047 4658 2162 4711 τοῦ.
2187 4658 2323 4713 Θεοῦ
2358 4672 2489 4725 φησι
2514 4671 2528 4685 ·
2572 4673 2590 4704 ι
2633 4652 2846 4706 Τέλειον
2888 4654 3041 4721 μῖσος
3080 4649 3305 4720 ἑμίσουν
3364 4646 3588 4710 αὐτούς’
3624 4665 3643 4698 ι
3705 4661 3801 4698 τε-

547 4744 697 4797 λείαν
732 4743 790 4797 δὲ
832 4743 1072 4814 ἀγάπην,
1110 4744 1209 4811 τὴν
1254 4742 1559 4813 ὁλοκλήρως
1586 4744 1905 4799 ἀνακεῖσθαι
1953 4748 2071 4821 Θεῷ
2101 4746 2626 4823 παρασκευάζουσαν
2673 4747 2798 4808 τοὺς
2832 4744 3052 4808 ἑλόντας
3098 4742 3268 4813 αὐτὴν
3317 4743 3377 4795 ὲν
3414 4741 3535 4811 Θεῷ
3582 4741 3675 4794 καὶ
3705 4740 3799 4795 διὰ

547 4836 714 4895 Θεὸν,
769 4833 831 4886 οὐ
884 4833 982 4903 τὴν
1032 4832 1124 4885 ὲπί
1168 4848 1310 4884 τισιν
1355 4833 1654 4900 ἐπιγείοις,
1725 4835 1819 4888 καὶ
1862 4836 2020 4907 λόγου
2059 4842 2285 4913 μηδενὸς
2309 4839 2480 4904 ἀξίοις
2510 4837 2848 4909 πράγμασιν.

620 4968 739 5033 XV,
795 4970 898 5031 ιε,
943 4969 1032 5024 15.
1080 4967 1193 5021 Hoc
1230 4977 1649 5038 estpra'ceplum
1691 4986 1885 5034 meum,
1918 4971 2124 5026 ιιιάίίὶ-

549 5065 688 5134 galia
732 5063 974 5120 invicem.
1007 5061 1145 5114 sicut
1175 5058 1342 5112 dilexi
1380 5075 1492 5113 vos.
1541 5058 1800 5129 Majorem
1847 5061 1946 5114 hac
1990 5062 2125 5116 dile-

2155 4937 2198 5027 ο
2295 4973 2458 5040 Αὕτη
2504 4972 2677 5026 ἐστίν
2732 4972 2770 5041 ἡ
2818 4969 3039 5039 ἐντολὴ
3092 4972 3129 5038 ἡ
3167 4970 3281 5039 ἐμὴ
3308 5010 3321 5035 ,
3375 4970 3476 5022 ἵνα
3529 4935 3803 5038 ἀγαπᾶτε

2224 5063 2577 5130 ἀλλήλους,
2629 5062 2824 5128 καθὼς
2872 5063 3034 5132 κάγὼ
3087 5061 3376 5131 ἠγάπησα
3427 5059 3606 5129 ὑμᾶς.
3665 5061 3801 5113 Μεί-

550 5156 777 5207 stionem
814 5168 963 5206 nemo
993 5148 1171 5213 habet,
1200 5164 1357 5220 quam
1388 5156 1445 5202 ut
1492 5148 1728 5202 animam
1765 5165 1920 5204 suam
1964 5166 2113 5219 poual

2225 5153 2363 5215 ζονα
2392 5156 2616 5221 ταύτης
2645 5152 2891 5222 ἀγάπην
2940 5151 3140 5219 οὐδεὶς
3196 5152 3359 5221 ἔχει,
3406 5152 3509 5204 ἵνα
3561 5169 3652 5216 τις
3688 5149 3802 5216 τὴν

550 5244 668 5312 quis
695 5258 790 5312 pro
822 5241 1009 5296 amicis
1038 5242 1173 5295 suis.

624 5372 859 5428 Sensum
893 5390 1082 5430 eorum
1106 5389 1229 5445 qua
1254 5374 1408 5445 prius
1428 5375 1575 5429 dicta
1615 5383 1745 5430 sunt
1771 5373 2120 5430 manifestius

554 5464 644 5519 his
664 5465 846 5520 verbis
868 5468 1066 5536 aperit,
1090 5468 1194 5522 hoc
1217 5474 1323 5530 est,
1356 5467 1555 5522 debere
1579 5466 1889 5537 discipulos
1917 5466 2123 5522 habere

555 5554 816 5625 gaudium
850 5555 973 5625 ejus
999 5556 1056 5611 in
1085 5557 1302 5628 seipsis.
1325 5555 1461 5628 Ego,
1486 5556 1687 5629 inquit,
1713 5557 1819 5613 hoc
1842 5554 2120 5627 praecipio,

2229 5242 2443 5312 ψυχὴν
2467 5242 2651 5296 αὐτοῦ
2681 5241 2778 5311 θῇ,
2813 5242 2964 5311 ὑπὲρ
2997 5240 3116 5296 τῶν
3146 5243 3340 5312 φίλων
3374 5241 3565 5296 αὐτοῦ

2315 5373 2762 5445 Ἐμφανεστέραν
2806 5375 2906 5446 ἠδη
2944 5375 3268 5445 καθίστησι,
3316 5372 3409 5427 διὰ
3454 5373 3559 5442 τῆς
3594 5372 3800 5426 τούτων

2229 5466 2525 5536 ἐπαγωγῆς
2548 5506 2563 5532 ,
2624 5465 2735 5519 τῶν
2795 5467 2892 5536 ἥδη
2947 5465 3362 5538 προειρημένων
3419 5463 3797 5535 τὴνδδύνάμιν,

2230 5556 2373 5611 τοῦτ’
2406 5556 2560 5622 ἐστι,
2609 5555 2673 5611 τὸ
2726 5558 2925 5630 χρῆναι
2965 5559 3092 5622 τοὺς
3144 5556 3432 5629 μαθητάς,
3489 5555 3589 5627 τὴν
3631 5551 3802 5609 αὑτοῦ

629 5736 677 5771 ⁸⁵
716 5734 876 5792 Joan.
918 5748 993 5789 ιν.
1067 5735 1111 5767 ³⁵
1164 5733 1320 5793 Joan.
1355 5753 1507 5804 xxxi,
1538 5736 1630 5792 3i.
1709 5735 1756 5767 ⁸⁸
1784 5736 1829 5819 ¹Ι
1870 5734 2011 5793 Tim.
2044 5756 2105 5806 ιι,

2280 5738 2324 5769 ⁸⁷
2364 5736 2508 5795 Psal.
2546 5754 2775 5807 cxxvm,
2806 5738 2898 5792 22.
