4024 6262
294 369 391 429 581

1351 367 1417 424 ΙΝ
1457 366 1740 426 JOANNIS
1772 367 2225 429 EVANGELIUM
2273 369 2403 426 LIB.
2443 368 2512 425 Χ.

3448 362 3558 422 ὗεὶ

292 487 473 560 χαρὰν
517 485 660 557 ἔχειν
698 486 754 538 ὲν
792 483 1023 546 ἑαυτοῖς.
1092 482 1420 554 umquam
1463 487 1523 540 δέ
1574 503 1739 555 φησιν
1789 486 1871 539 δτι

1994 493 2030 541 ιι
2064 487 2170 542 hoc
2203 487 2379 542 doceo
2438 482 2751 540 faciendum
2811 497 2873 538 ac
2933 481 3282 539 sentiendum
3336 479 3406 537 iis
3463 486 3557 554 qui

294 579 458 632 τοῦτο
505 578 816 647 ἐντέλλομαι
845 617 860 642 ,
914 576 1007 630 καὶ
1043 573 1201 629 τοῦτο
1235 576 1474 631 διδάσκω
1512 578 1648 649 δρᾷν
1690 593 1751 630 τε
1780 575 1874 630 καὶ

296 672 543 742 φρονεῖν,
574 672 699 733 τοὺς
724 669 956 723 ἕπεσθαι
1002 668 1113 723 δεῖν
1154 670 1434 739 οἰομένους
1461 670 1607 738 ἐμοὶ,
1634 670 1874 722 τοιουτόο

295 774 500 833 τρόπον
526 762 607 823 εἰς
633 759 896 831 ἀλλήλους
924 759 1232 831 ἐκμελετᾷν
1276 760 1377 832 τὴν
1405 760 1651 830 ἀγάπην,
1683 760 1876 814 ὁποίαν

293 853 409 920 ἐγὼ
476 852 690 920 φθάσας
732 850 1101 922 ἐπεδειξάμην
1157 852 1252 904 καὶ
1301 852 1666 923 πεπλήρωκα.
1718 841 1878 905 Ποῖον

294 940 388 1005 οὖν
416 942 524 1014 ἄρα
556 943 618 997 τὸ
646 943 843 1014 μέτρον
876 942 1156 1013 θεωρῆσαι
1184 960 1269 1006 τις
1294 941 1362 996 ἂν
1393 945 1493 1014 τῆς
1522 943 1744 1014 ἀγάπης
1783 940 1878 996 τοῦ

294 1034 560 1104 Χριστοῦ,
593 1033 758 1087 πάλιν
806 1033 971 1097 αὐτὸς
999 1034 1311 1105 ύπέφηνεν,
1364 1033 1569 1100 εἰπὼν,
1603 1035 1663 1088 τὸ
1696 1033 1879 1104 μεῖξον

298 1120 439 1176 εἶναι
503 1123 668 1195 μηδὲν
726 1124 826 1195 τῆς
878 1122 1130 1194 τοιαύτης
1179 1124 1443 1194 ἀγάπης,
1493 1124 1528 1195 ἢ
1574 1125 1669 1177 καὶ
1709 1124 1880 1195 αὐτὴν

302 1213 570 1283 προέσθαι
610 1212 712 1283 τὴν
749 1211 927 1283 ψυχὴν
960 1214 1100 1282 ὑπὲρ
1137 1212 1247 1267 τῶν
1279 1215 1661 1284 ἀγαπωμένων
1692 1215 1880 1268 διακε-

299 1304 540 1358 λεύεται.
584 1304 682 1359 Ἐκ
735 1305 801 1377 δὴ
851 1306 1060 1360 τούτων
1116 1306 1373 1360 ἁπάντων
1428 1306 1710 1377 μονονουχὶ
1766 1308 1882 1369 τοῖς

305 1398 458 1461 ἰδίοις
480 1396 856 1452 διακελεύεται
894 1397 1199 1469 μαθηταῖςῑ
1215 1400 1297 1452 ὃτι
1327 1398 1594 1469 προσήκει
1626 1396 1882 1450 τοσοῦτον

302 1487 606 1557 ἀφεστάναι
631 1487 727 1540 τοῦ
754 1486 985 1545 δεδιέναι
1022 1486 1197 1555 φιλεῖν
1242 1487 1368 1549 τοὺς
1398 1484 1539 1553 ὑπὲρ
1570 1484 1678 1536 τῶν
1714 1480 1884 1546 σωζο-

304 1579 488 1655 μένων
519 1578 758 1647 ἀγῶνας,
786 1578 885 1635 καὶ
910 1578 1073 1632 αὐτὸν
1103 1577 1426 1638 ἀοκνότατα,
1460 1574 1556 1628 καὶ⁵
1594 1574 1713 1627 λίαν
1746 1573 1884 1627 itot-

306 1688 428 1743 μως
453 1670 597 1741 ἔχειν
627 1671 931 1741 ὑποστῆναι
974 1669 1067 1723 τὸν
1092 1671 1191 1738 τῆς
1222 1668 1421 1739 σαρκὸς
1449 1666 1702 1719 θάνατον.
1730 1664 1848 1717 Καθ
1865 1693 1881 1705 -

305 1763 459 1816 ίκετο
510 1761 621 1833 γάρ
678 1762 771 1815 καὶ⁵
825 1761 987 1831 μέχρι
1038 1759 1190 1812 τοῦδε
1232 1758 1326 1811 τοῦ
1380 1758 1584 1827 μέτρου
1640 1757 1742 1825 τῆς
1787 1754 1881 1809 τοῦ

300 1852 559 1924 Σωτῆρος
607 1851 765 1923 ἡμῶν
826 1851 1047 1919 ἀγάπης
1097 1851 1130 1920 ἡ
1185 1848 1435 1918 δύναμις.
1489 1849 1562 1901 Τὸ
1609 1847 1668 1902 δὲ
1712 1847 1883 1901 ταῦτα

302 1946 487 2014 λέγειν
515 1944 703 2015 ἕτερον
754 1940 823 2014 ἦν
874 1943 1105 2014 δρῶντος
1149 1941 1341 2003 οὐδὲν,
1385 1941 1420 2012 ἢ
1468 1938 1884 2010 παραθήσοντος

304 2036 439 2111 [ια’.
469 2033 926 2107 παραθήγοντος]
969 2035 1069 2106 μὲν
1100 2036 1179 2098 εἰς
1225 2033 1486 2104 ὑπερφυᾶ
1513 2048 1573 2084 τε
1607 2031 1703 2084 καὶ
1745 2029 1887 2094 ἐξαί-

308 2145 476 2211 ρετον⁸
520 2128 766 2199 ἀνδρείαν
822 2128 948 2190 τοὺς
1008 2125 1293 2196 μαθητὰς,
1356 2123 1788 2184 διανιστάνοντος
1829 2120 1887 2173 δὲ

306 2221 433 2275 λίαν
461 2223 539 2284 εἰς
565 2212 942 2289 ἀκμαιοτάτην
975 2215 1351 2287 φιλαδελφίαν,
1392 2216 1487 2268 καὶ
1521 2214 1780 2284 φρόνημα
1822 2211 1886 2265 τὸ

309 2311 560 2366 νεανικὸν
595 2311 691 2364 καὶ
728 2309 977 2379 φιλόθεον
1005 2306 1467 2378 ὲγχαλκεύοντος,
1506 2305 1602 2357 καὶ
1644 2305 1726 2366 είς
1755 2303 1891 2371 ἅμα·

309 2405 410 2476 χόν
438 2420 576 2465 τινα,
608 2403 704 2456 καὶ
737 2400 1180 2469 ἀκαταγώνιστον
1224 2398 1529 2468 ἐγείροντος
1557 2395 1886 2466 προθυμίαν,

310 2499 396 2560 εἰς
423 2497 486 2549 τὸ
518 2495 694 2549 πάντα
724 2492 1025 2565 κατορθοῦν
1056 2489 1370 2557 ἐπείγεσθαι
1396 2488 1612 2558 γοργῶς
1635 2486 1706 2540 τὰ
1738 2485 1888 2556 αὺτῷ

313 2588 728 2658 θυμηρέστατα.
763 2584 1015 2638 Τοιοῦτον
1049 2585 1181 2653 ἡμῖν
1202 2581 1390 2635 ἑαυτὸν
1414 2579 1692 2632 ἐπεδείκνυ
1715 2577 1890 2646 λέγων

312 2681 347 2733 ὁ
378 2679 585 2741 Παῦλος
615 2693 629 2708 ·
669 2696 689 2729 ι
739 2676 894 2746 Ἐμοὶ
952 2675 1063 2744 γὰρ
1104 2674 1164 2727 τὸ
1205 2676 1304 2745 ζῇν
1340 2674 1573 2746 Χριστὸς
1599 2713 1614 2738 ,
1676 2673 1770 2726 καὶ
1829 2671 1891 2724 τὺ

311 2770 610 2828 ἀποθανεῖν
653 2768 860 2837 κέρδος.
898 2786 918 2817 ι
953 2767 1062 2819 Καὶ
1112 2766 1312 2820 πάλιν·
1352 2785 1371 2818 ι
1421 2766 1484 2819 Ἡ
1538 2764 1647 2836 γὰρ
1694 2762 1890 2833 ἀγάπη

311 2860 411 2916 τοῦ
439 2856 677 2930 Χριστοῦ
706 2856 924 2925 συνέχει
957 2855 1108 2925 ἡμᾶς
1149 2853 1441 2925 κρίναντας
1484 2853 1662 2916 τοῦτο,
1695 2853 1778 2907 ὅτι
1812 2845 1894 2913 εἷς

312 2953 462 3021 ὑπὲρ
489 2950 710 3003 πάντων
736 2947 1010 3001 ἀπέθανεν
1036 2963 1048 2975 ·
1077 2945 1185 3015 ἀρα
1218 2946 1268 2998 οἱ
1308 2947 1509 3008 πάντες
1544 2943 1836 2997 ἀπέθανον.
1867 2960 1886 2992 ι

311 3045 431 3099 Καὶ
465 3043 602 3115 πρὸς
629 3040 840 3104 τούτοις
876 3039 958 3094 ἔτι
985 3055 999 3070 ’
1038 3058 1056 3090 ι
1100 3038 1196 3102 Τίς
1225 3039 1371 3109 ἡμᾶς
1408 3037 1634 3108 χωρίσει
1661 3034 1769 3089 ἀπὸ
1794 3033 1894 3103 τῆς

1975 593 2063 634 me
2096 577 2253 647 sequi
2292 576 2614 643 statuerint,
2675 573 2837 628 talem
2892 574 3036 628 inter
3091 588 3151 630 se
3199 572 3558 629 dilectionem

1973 683 2255 735 exercere,
2294 668 2513 735 qualem
2547 680 2651 737 ego
2693 664 2851 735 prius
2909 663 3134 719 exhibui
3188 671 3241 718 et
3299 664 3556 732 implevi.

1977 757 2194 824 Quanta
2224 772 2357 812 vero
2387 756 2553 827 887
2580 756 2655 810 sit
2682 755 3000 811 dilectionis
3026 753 3235 809 Christi
3274 768 3558 816 mensura,

1979 848 2097 917 ipse
2129 862 2328 902 rursus
2380 844 2738 915 signiﬁcavit,
2789 844 2978 897 dicens
3029 843 3162 896 nihil
3211 858 3335 898 esse
3376 845 3558 912 maqu

1977 954 2039 994 ea
2079 938 2379 993 dilectione
2414 952 2537 1006 quae
2577 936 2662 990 vel
2704 936 2945 988 animam
2989 935 3161 1003 ipsam
3213 950 3313 1003 pro
3368 935 3560 988 amicis

1973 1028 2164 1099 jubeat
2195 1025 2553 1096 profundere.
2582 1024 2661 1079 Ex
2694 1024 2784 1080 his
2807 1024 3086 1088 omnibus,
3116 1024 3232 1076 suis
3265 1038 3561 1092 propemo-

1980 1119 2109 1173 dum
2147 1117 2372 1173 mandat
2416 1116 2707 1187 discipulis
2735 1131 2909 1185 usque
2941 1115 3079 1170 adeo
3116 1130 3225 1169 non
3267 1130 3392 1169 esse
3445 1128 3561 1168 meo

1984 1211 2185 1266 tuenda
2216 1226 2315 1280 pro
2348 1210 2632 1266 salvandis
2667 1207 2984 1263 hominibus
3018 1207 3344 1267 certamina,
3390 1215 3449 1259 ut
3476 1191 3595 1258 vel.

1978 1302 2157 1372 ipsam
2203 1301 2387 1356 carnis
2437 1308 2673 1354 mortem
2705 1307 2932 1355 strenue
2991 1306 3047 1353 et
3092 1298 3324 1367 impigre
3375 1298 3564 1351 subire

1980 1393 2372 1448 detrectemus.
2408 1390 2487 1445 Eo
2512 1391 2660 1446 enim
2703 1389 3011 1444 Salvatoris
3044 1390 3220 1443 nostri
3248 1387 3566 1441 dilectionis

1981 1483 2066 1538 vis
2114 1482 2384 1553 pervenit.
2434 1481 2547 1537 Hoc
2597 1480 3051 1543 auterndicere,
3105 1477 3256 1532 aliud
3296 1477 3429 1531 nihil
3481 1485 3566 1530 est

1982 1589 2146 1643 quam
2183 1573 2252 1628 ad
2300 1572 2783 1642 supernaturalem
2838 1578 2897 1625 et
2936 1570 3199 1643 eximiam
3248 1568 3416 1621 animi
3452 1568 3565 1620 vir-

1984 1674 2153 1720 tutem
2186 1679 2249 1719 ac
2302 1664 2607 1718 maximum
2666 1661 2901 1715 fratrum
2956 1638 3201 1712 amorem
3257 1656 3567 1727 discipulos

1983 1757 2255 1821 excitare,
2307 1755 2361 1808 in
2413 1756 2607 1823 eisque
2653 1766 2979 1823 generosum
3012 1764 3079 1803 ac
3118 1749 3269 1818 pium
3322 1751 3564 1802 animum

1985 1848 2212 1910 cudere,
2239 1854 2293 1900 et
2326 1844 2394 1899 ad
2467 1844 2736 1899 invictum
2794 1856 2859 1895 ac
2904 1838 3276 1908 insuperabile
3324 1836 3567 1891 studium

1987 1940 2222 2009 erigere,
2258 1938 2326 1992 ad
2362 1938 2549 1992 omnia
2588 1943 2841 2005 prompte
2886 1931 3193 2002 praestanda
3224 1942 3568 2000 quaecunque

1987 2033 2037 2087 ei
2071 2030 2405 2100 placuerint.
2441 2028 2628 2081 Talem
2675 2041 2736 2082 se
2789 2025 2954 2080 nobis
2994 2023 3206 2076 Paulus
3248 2020 3566 2083 exhibebat,

1987 2121 2178 2176 dicens
2209 2134 2224 2172 :
2275 2139 2293 2171 ‹
2323 2119 2458 2173 Mihi
2491 2118 2639 2173 enim
2671 2117 2853 2170 vivere
2894 2114 3151 2169 Christus
3185 2121 3292 2174 est,
3327 2122 3383 2165 ot
3428 2109 3569 2164 mori

1989 2215 2207 2269 lucrum
2236 2213 2315 2279 ⁸⁸;
2358 2230 2377 2263 ι
2419 2219 2473 2265 et
2509 2223 2750 2264 rursus:
2803 2225 2822 2257 ι
2864 2205 3122 2262 Charitas
3172 2203 3320 2257 enim
3356 2202 3564 2255 Christi

1989 2312 2149 2374 urget
2177 2318 2302 2363 nos,
2330 2301 2675 2356 aestimantes
2713 2297 2842 2359 hoc,
2880 2297 3166 2365 quoniam,
3207 2294 3252 2347 si
3294 2306 3440 2346 unus
3471 2304 3571 2359 pro

1990 2393 2250 2447 omnibus
2281 2399 2538 2465 mortuus
2562 2396 2667 2452 est,
2698 2401 2832 2454 ergo
2861 2399 3054 2439 omnes
3080 2382 3282 2436 mortui
3308 2388 3439 2434 sunt
3464 2380 3564 2433 ".I

1990 2483 2259 2539 Praeterea
2295 2499 2309 2535 :
2358 2499 2377 2531 ι
2426 2478 2567 2545 Quis
2599 2492 2701 2533 nos
2737 2476 3019 2545 separabit
3044 2490 3073 2528 a
3108 2473 3383 2527 charitate
3409 2471 3572 2525 Ohri-
3606 2477 3632 2491 ‘

1993 2576 2098 2631 sti?
2134 2572 2467 2635 Tribulatio,
2502 2585 2571 2623 an
2611 2568 2890 2636 angustia,
2925 2580 2992 2618 an
3030 2564 3276 2627 nuditas,
3321 2576 3389 2614 an
3422 2563 3571 2630 peri-

1992 2666 2215 2727 eulum,
2268 2678 2335 2715 an
2383 2660 2601 2730 gladius
2646 2658 2732 2710 ‘°?
2778 2675 2796 2707 ι
2852 2656 3027 2710 Audis
3078 2668 3188 2724 quo
3243 2661 3406 2723 pacto
3439 2650 3573 2704 nihil
3642 2715 3651 2723 _

1992 2770 2088 2810 eos
2120 2768 2149 2806 a
2181 2750 2390 2808 Christi
2432 2746 2729 2802 dilectione
2752 2744 2930 2815 possit
2966 2742 3257 2812 seiungere
3283 2740 3306 2793 ?
3335 2738 3489 2805 Quod
3525 2737 3573 2792 si

1994 2861 2189 2916 greges
2221 2854 2274 2899 et
2306 2857 2476 2912 agnos
2513 2838 2725 2894 Christi
2758 2850 3005 2916 pascere,
3042 2841 3127 2889 est
3157 2833 3336 2902 ipsum
3364 2843 3574 2891 amare,

1996 2938 2274 3008 quomodo
2302 2932 2820 2990 manifestissimum
2863 2912 2970 2983 non
3015 2928 3123 2983 erit
3153 2931 3407 2994 morteet
3449 2937 3574 2992 per-

1998 3026 2382 3083 sccutionibus
2418 3023 2761 3091 superiorem
2796 3019 2937 3081 fore,
2974 3030 3169 3071 omnes
3196 3014 3435 3082 denique
3465 3026 3578 3065 ain-

313 3107 543 3205 ἀγάπης
586 3134 681 3189 τοῦ
733 3131 1005 3205 Χριστοῦ;
1057 3107 1286 3200 Θλίψις,
1345 3130 1379 3200 ἢ
1431 3107 1887 3198 στενοχωρία,

1994 3121 2208 3190 gnstius
2255 3132 2357 3187 pro
2396 3115 2572 3170 nihilo
2622 3113 2932 3167 habiturum
2972 3125 3097 3164 eum
3145 3107 3238 3177 qui
3277 3107 3579 3163 salutarem

315 3225 519 3295 λιμὸς,
567 3223 602 3293 ἢ
657 3222 964 3293 γυμνότης,
1018 3220 1051 3291 ἢ
1112 3219 1392 3283 κίνδυνος,
1452 3218 1486 3288 ἢ
1540 3218 1826 3287 μάχαιρα;
1869 3233 1889 3269 ι

332 3313 616 3379 Ἀκούεις,
668 3313 816 3374 ὅπως
863 3310 1019 3364 οὐδὲν
1063 3309 1198 3371 ὅλως
1248 3307 1392 3373 ἕξειν
1426 3306 1489 3360 τὸ
1537 3303 1895 3361 ἀντιστατοῦν

319 3404 717 3473 ιπαγγέλλεται
744 3442 760 3466 ,
820 3402 990 3472 ἤγουν
1045 3399 1358 3454 διακόπτειν
1419 3397 1600 3468 ἰσχύον
1653 3398 1754 3466 τῆς
1813 3396 1895 3457 εἰς

317 3498 559 3568 Χριστὸν
605 3495 827 3563 ἀγάπης
873 3490 1110 3557 αύτούς;
1161 3492 1225 3545 Εἰ
1271 3491 1330 3544 δὲ
1372 3489 1434 3543 τὸ
1488 3486 1796 3558 ποιμαίνειν
1828 3485 1897 3541 τὰ

323 3589 558 3657 ποίμνια
593 3587 690 3638 καὶ⁸
747 3585 811 3638 τὸ
868 3584 1086 3654 βόσκειν
1149 3570 1219 3634 τά
1266 3582 1429 3652 ἀρνία
1485 3580 1580 3634 τοῦ
1637 3578 1897 3650 Χριστοῦ,

325 3679 490 3732 τοῦτο
517 3677 582 3731 ἂν
613 3675 699 3744 εἴη
737 3676 798 3729 τὸ
827 3676 1047 3744 ἀγαπᾷν
1090 3674 1272 3736 αὐτὸν,
1307 3672 1424 3734 πῶς
1453 3672 1553 3724 οὐκ
1586 3671 1739 3723 ἔσται
1774 3662 1903 3738 ⁴ἴτρο-

330 3769 649 3840 δηλότατον,
696 3768 780 3821 ὅτι
818 3767 913 3821 καὶ
947 3766 1180 3820 θανάτου
1216 3764 1482 3835 κρείττων
1517 3764 1721 3827 ἔσεται,
1747 3762 1899 3832 φησὶ,

331 3859 592 3929 διωγμῶν
640 3876 701 3911 τε
749 3857 842 3911 καὶ
891 3857 1164 3926 μαχαίρας
1224 3855 1464 3924 ἀμείνων
1489 3894 1504 3917 ,
1561 3855 1819 3924 ἀλογήσει
1847 3853 1903 3906 δὲ

330 3949 617 4010 παντελῶς
646 3948 739 4000 καὶ
767 3946 1127 4016 στενοχωρίας
1167 3946 1195 3997 ὁ
1231 3945 1322 3997 τὸν
1358 3942 1624 4014 σωτήριον
1655 3946 1767 4006 τοῖς
1804 3944 1902 3997 οὐκ

326 4039 497 4092 εἰδόσι
537 4037 667 4091 Θεὸν
703 4035 1083 4106 διακηρύττων
1115 4035 1304 4101 λόγον;
1340 4035 1403 4087 Et
1438 4034 1496 4086 δὲ
1541 4032 1603 4103 δὴ
1641 4034 1903 4103 προσήκοι

324 4129 414 4183 δδὰ
435 4128 534 4196 τὴν
558 4126 652 4179 τοῦ
691 4127 962 4196 νοήματος
1004 4124 1313 4195 συστροφὴν
1333 4163 1347 4185 ,
1398 4124 1490 4176 τὸν
1531 4121 1624 4175 τοῦ
1655 4122 1906 4192 Σωτῆρος

326 4217 755 4285 συνένεγκόντας
801 4216 993 4283 λόγον,
1050 4214 1591 4284 κεφαλαιωδέστερον
1644 4214 1821 4266 εἰπεῖν
1877 4211 1905 4264 δ

327 4309 579 4379 βούλεται
624 4308 755 4376 δρᾷν
795 4306 920 4368 τοὺς
954 4304 1146 4357 ἑαυτοῦ
1184 4303 1453 4373 μαθητὰς,
1488 4302 1815 4356 άοκνότατόν
1846 4318 1904 4354 τε

1994 3206 2496 3264 doctrinamDeum
2529 3204 2918 3276 ignorantibus
2939 3199 3236 3272 praedicat?
3258 3197 3313 3251 In
3338 3210 3586 3261 summa,

1999 3301 2261 3356 Servator
2290 3299 2375 3353 his
2409 3297 2597 3353 verbis
2651 3312 2783 3352 suos
2821 3292 3129 3363 discipulos
3173 3289 3333 3358 jubet
3381 3288 3580 3341 incun-

1998 3401 2213 3449 ctanter
2246 3401 2300 3447 et
2350 3390 2625 3461 intrepide
2663 3389 2787 3443 fidei
2843 3387 3154 3441 doctrinam
3209 3381 3582 3446 sanctiﬁcare,

1998 3493 2053 3540 et
2082 3482 2341 3538 omnibus
2367 3496 2464 3549 per
2507 3478 2832 3533 universum
2865 3475 3056 3529 orbem
3096 3470 3418 3525 hominibus
3459 3482 3579 3522 ma-

2000 3574 2269 3630 nifestare
2332 3569 2727 3639 Evangelium,
2787 3566 3031 3634 ldipsum
3110 3569 3296 3616 autem
3352 3559 3429 3613 ait
3484 3572 3582 3627 per

2002 3666 2158 3722 isaiae
2195 3678 2382 3719 vocem
2414 3680 2427 3714 :
2467 3680 2484 3712 ι
2523 3658 2703 3728 Super
2737 3667 2979 3711 montem
3006 3655 3286 3709 excelsum
3317 3649 3576 3712 ascende,

2001 3759 2095 3827 qui
2135 3753 2482 3825 evangelizas
2514 3752 2682 3817 Sion;
2714 3749 2896 3804 exalta
2931 3748 2987 3801 in
3033 3742 3358 3800 fortitudine
3391 3755 3581 3796 vocem

2005 3859 2177 3913 tuam,
2213 3848 2309 3915 qui
2339 3843 2697 3913 evangelizas
2736 3839 3042 3894 Jerusalem
3071 3855 3086 3904 ;
3118 3835 3376 3898 exaltate,
3414 3831 3587 3887 nolite

2004 3940 2288 3996 timere“.
2316 3957 2333 3989 ι
2357 3935 2516 4002 Quod
2544 3943 2605 3987 ιιι
2633 3933 2814 3988 facere
2840 3938 3070 4001 possent
3101 3928 3275 3984 sancti
3298 3923 3581 3993 discipuli,

2005 4032 2352 4088 inveniemus
2398 4044 2496 4083 eos
2550 4023 3035 4080 vehementissima
3089 4019 3343 4074 oratione
3389 4032 3419 4070 a
3471 4014 3584 4070 Deo

2007 4134 2211 4194 petere,
2263 4136 2388 4175 cum
2428 4118 2742 4173 Iudaeorum
2801 4115 3044 4169 furorem
3095 4121 3151 4166 et
3201 4108 3582 4178 intemperiem

2006 4220 2335 4269 accusantes
2366 4210 2630 4264 dicebant
2668 4226 2681 4261 :
2719 4225 2739 4258 ι
2770 4204 2835 4258 Ει
2865 4219 3035 4267 nunc,
3077 4200 3329 4260 Domine.
3371 4197 3584 4266 respice

2008 4303 2063 4357 in
2096 4303 2273 4356 minas
2298 4314 2514 4361 eorum,
2537 4306 2594 4351 et
2619 4298 2685 4351 da
2724 4296 2902 4349 servis
2929 4292 3040 4345 tuis
3067 4306 3193 4345 cum
3232 4288 3407 4359 838
3434 4284 3585 4339 omni

323 4399 424 4453 καὶ
453 4398 651 4459 παντὸς
681 4394 785 4461 ἔξω
824 4395 1116 4463 δείματος,
1153 4393 1245 4446 τὸν
1290 4396 1492 4446 οἰκεῖον
1538 4392 1892 4456 διασώζοντας

2010 4393 2205 4447 fiducia
2240 4391 2390 4459 loqui
2423 4389 2653 4443 verbum
2683 4395 2837 4439 tuum
2866 4382 2933 4434 δ’.
2976 4400 2993 4432 ι
3040 4380 3199 4435 Multi
3245 4380 3391 4432 enim
3424 4389 3585 4444 pror-

323 4489 476 4550 νοῦν,
502 4487 594 4540 τδν
620 4487 717 4556 τῆς
743 4488 823 4548 εἰς
851 4485 1013 4538 αὑτὸν
1040 4484 1273 4547 πίστεως
1302 4485 1657 4555 ίερουργῆσαι
1692 4482 1892 4536 κελεύει

2008 4500 2106 4541 sus
2157 4458 2525 4537 adversantur
2572 4478 2643 4532 iis
2696 4476 2789 4545 qui
2836 4475 3184 4528 sanctilicant
3223 4469 3584 4538 Evangelium

323 4579 508 4645 λόγον,
539 4577 769 4639 καὶτοῖς
797 4576 900 4628 ἀνά
938 4560 1117 4628 πᾶσάν
1164 4573 1261 4643 τὴν
1302 4575 1628 4644 οἰκουμένην
1657 4573 1904 4644 ἐμφανὲς

325 4668 673 4737 καταστῆσαι
715 4667 775 4718 τὸ
818 4665 1167 4732 Εὐαγγέλιον.
1215 4663 1356 4716 Afir?)
1379 4663 1435 4719 δὲ
1464 4663 1654 4724 τοῦτο.
1694 4663 1789 4716 καὶ
1817 4661 1906 4715 διά

327 4764 516 4830 φωνῆς
553 4758 779 4811 Ἡσαΐου
808 4757 972 4825 φησίν
995 4772 1007 4785 '
1036 4775 1054 4806 ι
1106 4756 1222 4808 Ἐπ’
1245 4754 1372 4824 ὅρος
1413 4754 1615 4824 ὑψηλὸν
1647 4753 1902 4823 ἀνάὄηθι,

325 4853 358 4904 ὁ
386 4846 873 4916 εὐαγγελιζόμενος
901 4843 1038 4897 Σιών
1061 4860 1074 4876 ο
1121 4843 1338 4913 ὕψωσαν
1368 4845 1434 4913 τῇ
1479 4841 1622 4913 ἰσχύῖ
1654 4844 1751 4914 τὴν
1795 4861 1907 4912 φω-

327 4941 429 5011 νήν
470 4956 587 4999 σου,
613 4940 641 4991 ὁ
669 4935 1156 5005 εὐαγγελιζόμενος
1190 4933 1549 5003 Ἰερουσαλήμ
1569 4948 1582 4961 ⁸
1619 4933 1899 5004 ἰσχύσατε,

331 5031 408 5102 μὴ
440 5029 712 5097 φοϐεῖσθε.
763 5047 781 5080 ι
824 5029 891 5080 Ὃ
938 5026 1032 5080 καὶ
1064 5026 1320 5079 δύνασθαι
1360 5024 1708 5088 ἐξαιτοῦντας
1757 5025 1907 5095 παρὰ

325 5122 468 5175 Θεοῦ
517 5121 817 5191 κατορθοῦν
854 5119 920 5176 δι’
970 5118 1362 5185 ὲκτενεστάτης
1415 5118 1764 5188 προσευχῆς,
1813 5118 1908 5171 καὶ

326 5213 531 5276 αὐτοῦς
585 5213 889 5282 εὑρήσομεν
945 5211 1072 5272 τοὺς
1108 5210 1295 5277 ἁγίους
1343 5207 1620 5278 μαθητὰς,
1669 5208 1757 5260 ὅτε
1808 5208 1907 5278 τῆς

341 5305 614 5359 Ἰουδαίων
631 5302 1063 5373 κατηγοροῦντες
1081 5302 1338 5363 ἀπονοίας
1365 5300 1622 5366 ἔφασκον·
1653 5318 1670 5348 ι
1700 5297 1810 5350 Kal.
1833 5298 1903 5352 τὰ

324 5393 448 5454 νῦν.
481 5392 654 5463 Κύριε
675 5433 690 5457 ,
724 5391 873 5443 ἔπιδε
921 5390 1013 5442 ὲπὶ
1057 5389 1154 5451 τὰς
1183 5387 1412 5449 ἀπειλὰς
1448 5385 1649 5445 αὐτῶν.
1692 5386 1785 5438 καὶ
1817 5386 1905 5450 δὸς

324 5489 443 5549 τοῖς
470 5485 679 5547 δούλοις
723 5500 814 5537 σου
852 5482 988 5552 μετά
1028 5480 1341 5551 παρρησίας
1387 5478 1571 5532 λαλεῖν
1616 5477 1707 5529 τὸν
1745 5477 1903 5547 λόγον

326 5594 448 5630 σου.
489 5594 508 5627 ι
552 5572 1031 5644 Ὀμολογουμένως
1063 5570 1157 5639 μὲν
1195 5569 1303 5640 γὰρ
1327 5570 1437 5631 τοῖς
1467 5567 1816 5639 ἱερουργοῦσι
1844 5568 1903 5621 τὸ

403 5690 452 5721 ⁸⁵⁸
474 5688 711 5755 Philipp.
748 5702 785 5743 ι,
821 5685 908 5738 ἓΙ.
1005 5682 1108 5735 “ll
1142 5682 1264 5739 Cor.
1301 5700 1353 5747 γ,
1398 5682 1484 5737 Η.

334 5761 393 5824 2,
423 5759 478 5813 5.
580 5758 624 5787 °"
651 5757 847 5826 liphcs.
885 5771 941 5820 ιι,
985 5755 1066 5807 l2.

1573 5683 1615 5715 ⁶⁰
1642 5680 1801 5738 Rom.
1838 5700 1961 5753 vm,
1999 5686 2086 5743 '55.

2002 4574 2244 4636 Christi,
2296 4571 2567 4639 multique
2622 4568 3000 4634 obstrepunt:
3062 4562 3160 4617 sed
3220 4563 3349 4615 licet
3403 4558 3589 4629 gravis

2003 4674 2186 4720 metus
2222 4663 2464 4731 ingruat,
2505 4668 2560 4713 et
2595 4658 2926 4713 insidiarum
2973 4651 3450 4709 vehementissimi
3484 4649 3586 4702 llu-

2004 4759 2131 4805 ctus
2168 4751 2487 4823 insurgant,
2519 4746 2788 4815 supplicia
2829 4752 3015 4798 tamen
3048 4758 3158 4796 non
3200 4739 3586 4797 detrectabunt

2004 4857 2133 4896 vere
2171 4838 2468 4908 discipuli,
2520 4838 2697 4891 donec
2746 4835 2810 4889 ad
2852 4835 3062 4889 exitum
3109 4831 3426 4888 dilectionis
3471 4845 3587 4885 suae

2002 4947 2168 5002 opera
2226 4928 2617 4999 perduxerint,
2686 4926 3042 4989 dilectionis,
3111 4923 3359 4990 inquam,
3418 4919 3584 4984 talis,

2004 5023 2225 5093 qualem
2261 5020 2422 5075 nobis
2451 5019 2710 5074 Servator
2743 5017 3013 5081 exhibuit,
3046 5015 3138 5084 qui
3173 5014 3292 5066 loco
3317 5011 3586 5081 propositi

2006 5115 2111 5170 sibi
2156 5114 2343 5184 gaudii
2397 5126 2619 5166 crucem
2668 5110 2956 5173 sustinuit,
3000 5103 3304 5176 ignominia
3336 5110 3586 5157 contem-

2006 5215 2119 5274 pta,
2154 5214 2210 5257 ut
2257 5202 2644 5272 peccatoribus
2700 5202 2937 5256 salutem
2991 5198 3281 5267 perficeret
3314 5194 3380 5248 ⁸³.
3429 5193 3585 5260 Quod

2013 5302 2058 5356 si
2086 5315 2185 5369 pro
2225 5298 2388 5353 nobis
2414 5298 2526 5367 pati
2556 5298 2849 5360 noluisset,
2876 5291 3079 5346 mortui
3113 5289 3293 5342 adhuc
3311 5303 3581 5344 essemus.

2013 5391 2220 5445 diaboli
2271 5389 2496 5453 famuli,
2540 5388 2698 5443 stulti
2744 5402 2809 5440 ac
2843 5384 2996 5447 caeci,
3043 5390 3209 5451 atque
3253 5381 3408 5436 omni
3437 5379 3586 5434 bono

2014 5481 2297 5546 destituti,
2330 5478 2480 5536 servi
2526 5477 2825 5545 voluptatis
2857 5482 2911 5528 et
2960 5471 3214 5542 peccati,
3260 5486 3419 5540 spem
3474 5483 3583 5522 non

2013 5573 2299 5639 habentes,
2337 5578 2391 5627 et
2431 5570 2550 5627 sine
2585 5569 2693 5623 Deo
2727 5567 2785 5620 in
2816 5566 2920 5621 hoc
2949 5562 3158 5619 mundo
3198 5562 3262 5617 ⁸⁸.
3293 5560 3451 5614 Nunc
3487 5573 3588 5611 au-

2181 5686 2223 5719 “
2247 5683 2350 5741 lsa.
2383 5698 2474 5749 XL,
2507 5683 2561 5736 9.
2679 5681 2722 5713 “
2755 5681 2877 5735 Act.
2908 5695 2983 5746 Iv,
3013 5677 3104 5733 9.9.
3211 5677 3257 5708 ⁸³
3281 5674 3447 5728 llebr.
3481 5682 3579 5733 xu,
