4024 6262
487 310 593 368 583

1529 306 1587 367 3.
1616 311 1891 370 CYRILLI
1929 316 2403 376 ΑιΕιΑΝοιιιΝι
2438 322 2763 380 ARCHIEP.

3640 330 3745 389 εει

486 436 598 483 tem
631 427 796 483 etiam
825 427 999 498 ipsam
1044 441 1144 497 pro
1174 427 1333 483 nobis
1363 424 1601 482 animam
1646 445 1747 500 pro
1793 448 1892 486 sua
1932 449 2059 505 erga

2177 438 2499 508 [εὐαγγέλιον
2539 441 2633 494 τοῦ
2669 441 2942 512 Χριστοῦ,
2988 441 3170 495 πολλοὶ
3220 443 3340 497 λίαν
3392 444 3443 498 oi.
3485 442 3743 500 ἀνθιστάυ

487 534 596 576 nos
629 521 928 576 dilectione
954 518 1216 574 Servator
1246 521 1453 589 posuit,
1494 528 1549 577 et
1574 521 2061 593 incomparabilem

487 612 782 680 quamdam
835 610 1136 665 bonitatem
1186 626 1315 681 erga
1379 626 1482 667 nos
1526 612 1831 677 exhibens,
1873 615 2064 673 beatos

488 705 743 766 reddidit,
777 718 841 757 ac
871 711 954 758 ter
988 702 1197 769 felices,
1227 705 1435 760 nullius
1459 706 1623 775 plane
1648 708 1778 762 boni
1818 709 2058 780 indigos.

488 793 695 847 Textus
719 795 903 863 itaque
931 795 1201 864 propositi
1230 810 1429 852 sensus
1462 796 1621 866 juxta
1652 800 1799 853 hunc
1834 815 2061 871 scopum

486 884 690 937 divinis
731 883 1132 953 discipulorum
1181 885 1458 955 capitibus
1501 889 1778 943 convenit.
1825 888 1982 956 Quod
2017 893 2063 946 si

487 974 551 1025 ad
581 973 720 1027 alios
750 988 942 1029 omnes
969 974 1175 1028 dictum
1203 974 1338 1029 illud
1376 978 1728 1043 extendatur,
1756 980 2017 1036 nimirum
2047 1001 2060 1038 :

493 1083 513 1116 ι
551 1064 667 1120 Hoc
698 1074 782 1121 est
819 1076 1151 1137 psaeceptum
1180 1082 1361 1122 meum
1392 1076 1453 1122 ut
1497 1069 1745 1140 diligatis
1782 1072 2018 1129 invicem
2041 1115 2057 1141 ,

366 1171 375 1178 '
488 1158 633 1213 sicut
671 1159 832 1214 dilexi
869 1174 969 1214 vos
1007 1159 1089 1226 ",
1142 1178 1160 1212 ι
1218 1160 1450 1214 multum
1502 1162 1758 1219 utilitatis
1808 1166 2065 1221 omnibus

488 1249 770 1317 continget
802 1263 868 1301 ex
909 1248 1058 1301 illius
1095 1247 1372 1317 indagine.
1407 1247 1543 1302 Nam
1585 1251 1633 1305 si
1665 1253 1913 1307 omnium
1941 1253 2066 1307 Sal-

489 1339 697 1394 vatoris
732 1338 902 1393 nostri
935 1338 1319 1393 mandatorum
1363 1343 1892 1398 consummationem
1924 1358 2064 1398 con-

491 1431 631 1485 tinet
666 1445 732 1484 ac
762 1439 1026 1499 operatur
1069 1428 1303 1484 fratrum
1349 1430 1596 1497 dilectio,
1645 1436 1926 1504 quomodo
1956 1452 2066 1492 non

490 1520 648 1575 valde
676 1521 959 1574 mirandus
988 1529 1075 1576 est
1120 1522 1217 1588 qui
1258 1521 1400 1576 hanc
1426 1524 1641 1579 sincere
1683 1534 1737 1581 et
1788 1525 2067 1596 inculpate

491 1611 644 1678 colit,
674 1625 795 1664 cum
824 1611 1088 1673 omnium,
1114 1618 1176 1664 ut
1203 1611 1373 1666 semel
1393 1611 1592 1676 dicam,
1613 1614 1878 1670 virtutum
1904 1625 2069 1688 caput

491 1701 548 1755 in
584 1716 648 1756 ea
680 1702 1068 1757 contineatur?
1106 1701 1358 1756 Secunda
1400 1705 1544 1758 enim
1578 1714 1664 1761 est
1700 1718 1821 1777 post
1860 1708 1953 1765 Dei
1987 1710 2068 1765 di-

2170 544 2354 598 μενοι,
2403 532 2500 584 καὶ
2557 532 2836 597 δυσσεϐῶς
2903 530 3312 604 ἐπιτρίζοντες’
3365 535 3482 589 ἀλλ’
3538 539 3589 590 εί
3643 541 3739 592 καὶ

2165 618 2359 690 δριμὺς
2390 622 2419 674 6
2448 622 2608 691 φόϐος
2627 664 2642 689 ,
2675 624 2769 677 καὶ
2800 622 3082 678 δεινότατα
3117 624 3187 677 τὰ
3223 624 3287 678 ἐκ
3316 625 3416 695 τῆς
3446 626 3743 697 ἐπιϐουλῆς

2164 708 2500 766 διανίσταται
2530 714 2770 784 κύματα,
2806 714 2966 783 λόγος
2994 714 3087 768 τοῦ
3118 714 3315 768 παθεῖν
3354 717 3559 783 οὑδεὶς,
3594 719 3745 789 παρά

2165 816 2229 866 γε
2271 804 2385 864 τοῖς
2421 802 2638 871 ἀληθῶς
2672 807 2941 873 μαθηταῖς
2965 846 2979 870 ,
3033 805 3145 858 ἐστ’
3173 805 3239 859 ἂν
3270 806 3354 876 εἴη
3401 806 3544 876 πρὸς
3584 806 3744 879 ἔργον

2165 892 2351 956 αὑτοῖς
2385 892 2461 946 τὰ
2500 896 2564 947 ἐκ
2592 894 2691 965 τῆς
2726 895 2947 967 ἀγάπης
2974 896 3397 968 κατορθώματα,
3434 898 3656 971 ἀγάπης
3684 899 3741 952 δέ

2167 1001 2310 1053 φημι
2339 984 2438 1054 τῆς
2469 984 2758 1057 τοιαύτης,
2809 988 3000 1041 ὁποίαν
3049 987 3187 1059 πρὸς
3228 991 3378 1059 ἡμᾶς
3408 988 3691 1056 ὑπέδειξεν
3716 992 3745 1043 6

2166 1074 2391 1146 Σωτὴρ,
2434 1075 2494 1138 ὃς
2535 1076 2655 1130 (ειντῖ⁵
2697 1077 2797 1147 τῆς
2829 1078 3198 1150 προκειμένης
3234 1078 3384 1148 αύτῷ
3434 1082 3613 1150 χαρᾶς
3642 1080 3746 1133 ὑπο

2167 1164 2353 1234 έμεινε
2381 1166 2615 1239 σταυρὸν
2634 1209 2648 1232 ,
2678 1168 2941 1238 αἰσχύνης
2989 1170 3414 1240 καταφρονήσας
3436 1210 3452 1236 ,
3499 1169 3590 1223 ῖνα
3635 1172 3745 1233 τοῖς

2167 1254 2514 1325 ἡμαρτηκόσι
2562 1254 2885 1328 κατορθώσῃ
2935 1255 3033 1327 τὴν
3091 1255 3387 1326 σωτηρίαν.
3445 1255 3508 1308 Ei
3558 1254 3617 1308 δὲ
3669 1255 3744 1324 μὴ

2168 1344 2364 1398 παθεῖν
2405 1344 2670 1415 ἠθέλησεν
2720 1346 2862 1417 ὑπὲρ
2909 1345 3087 1416 ήμῶν,
3123 1341 3266 1416 ἦμεν
3304 1345 3370 1399 ἂν
3400 1344 3480 1398 ἔτι
3535 1345 3742 1415 νεκροὶ,

2168 1436 2375 1489 οἰκέται
2411 1435 2657 1489 διαϐόλου
2682 1477 2698 1501 ,
2753 1438 2927 1508 μωριῆ¹
2951 1478 2967 1501 ,
3018 1437 3111 1490 καὶ
3141 1436 3364 1505 τυφλοὶ,
3403 1437 3500 1490 καὶ
3544 1437 3745 1498 παντὸς

2172 1527 2426 1597 μένοντες
2447 1527 2676 1591 ἐπιδεεῖς
2696 1526 2927 1596 ἀγαθοῦ,
2951 1527 3146 1599 ἡδονῆς
3172 1528 3228 1581 δὲ
3252 1527 3429 1581 δοῦλοι
3450 1529 3546 1582 καὶ
3572 1530 3747 1597 ἁμαρι

2168 1617 2310 1680 τίας,
2339 1617 2528 1671 ἐλπίδα
2561 1618 2636 1688 μὴ
2663 1618 2901 1688 ἔχοντες,
2944 1618 3040 1671 καὶ
3087 1616 3238 1671 ἄθεοι
3288 1619 3346 1671 ἐν
3394 1617 3472 1689 τῷ
3527 1618 3737 1687 κόσμῳ.

2171 1706 2310 1759 Νυνὶ
2336 1707 2393 1759 δὲ
2423 1707 2515 1760 καὶ
2547 1707 2717 1778 αὐτὴν
2752 1708 2892 1778 ὑπὲρ
2923 1709 2956 1779 ή
2967 1706 3084 1777 μῶν
3107 1707 3321 1760 τέθεικε
3347 1707 3447 1778 τὴν
3476 1707 3657 1777 ψυχὴν
3684 1706 3743 1770 ἐξ

492 1789 807 1852 lectionem,
831 1791 884 1844 in
920 1792 1120 1861 fratres
1150 1790 1417 1856 charitas,
1448 1800 1502 1847 et
1530 1776 1712 1850 omnis
1741 1811 1867 1867 erga
1895 1797 2061 1852 Deum

2177 1797 2390 1868 ἀγάπης
2412 1797 2510 1865 τῆς
2533 1796 2612 1859 είς
2647 1776 2799 1867 ἡμᾶς
2832 1776 3097 1869 ὁ-Σωτὴρ,
3125 1797 3217 1851 καὶ
3260 1776 3593 1868 ἀσύγκριτόν
3622 1815 3741 1851 τινα

492 1880 714 1950 pietatis
747 1884 828 1938 vis
869 1882 971 1937 hoc
1011 1896 1120 1936 uno
1150 1883 1319 1935 verbo
1362 1884 1772 1952 quodammodo
1815 1902 2062 1958 compre-

492 1969 798 2028 henditur:
837 1991 856 2024 ι
910 1970 1114 2041 Diliges
1169 1972 1481 2041 proximum
1534 1980 1690 2028 tuum
1740 1975 1885 2032 sicut
1920 1979 2062 2049 teip-

492 2077 616 2117 sum
640 2063 706 2117 ⁸⁸.
746 2081 765 2113 ι

2168 1889 2268 1959 τήν
2327 1888 2735 1959 φιλανθρωπίαν
2794 1889 3231 1960 ἐπιδειξάμενος,
3307 1890 3585 1961 ζηλωτοὺς
3641 1890 3744 1942 ἀπ-

2172 1981 2359 2051 έφηνε,
2387 1982 2478 2034 καὶ⁵
2504 1982 2955 2052 τρισμακαρίους,
3004 1982 3215 2045 οὐδενὸς
3244 1982 3303 2034 τὸ
3345 1982 3610 2053 παράπαν
3638 1979 3744 2031 τῶν

2175 2070 2398 2139 ἀγαθῶν
2432 2072 2685 2136 ἐπιδεεῖς.
2727 2073 2986 2143 Ἀρμόσει
3024 2074 3122 2142 μὲν
3163 2069 3256 2127 οῦν
3301 2072 3412 2125 τῶν
3450 2071 3746 2141 προκειμέ-

493 2155 658 2224 νωνή
690 2153 941 2224 δύναμις,
971 2151 1111 2206 κατά
1138 2150 1328 2206 τοῦτον
1364 2147 1520 2225 οἶμαι
1567 2155 1659 2208 τὸν
1702 2157 1903 2211 σκοπὸν
1948 2162 2070 2224 ταῖς
2105 2158 2485 2225 θεοπνεύστοις
2516 2161 2625 2216 τῶν
2675 2161 2935 2233 μαθητῶν
2972 2162 3254 2231 κεφαλαῖς.
3297 2162 3362 2215 Εἰ
3402 2160 3459 2213 δέ
3523 2161 3591 2232 δὴ
3656 2150 3749 2212 καὶ

493 2247 575 2309 εἰς
603 2246 845 2305 ἅπαντας
881 2241 1011 2307 ἐξίοι
1048 2242 1109 2295 τὸ
1141 2243 1449 2312 εἰρημένον,
1487 2242 1633 2297 τοῦτ’
1653 2244 1819 2313 ἔστιν,
1858 2263 1877 2296 ι
1910 2245 2058 2318 Αὑτη
2097 2246 2245 2300 ἐστὶν
2271 2248 2304 2318 ή
2329 2248 2515 2320 ἐντολὴ
2545 2252 2579 2320 ἡ
2610 2250 2738 2321 ἐμὴ,
2775 2251 2862 2304 ἵνα
2920 2251 3173 2317 ἀγαπᾶτε
3240 2249 3528 2320 ἀλλήλους,
3568 2245 3752 2308 καθὼς
3858 2234 3861 2237 ’

372 2414 383 2415 7
492 2335 755 2408 ἠγάπησα
785 2336 964 2407 ὑμᾶς·
996 2352 1014 2384 ι
1052 2334 1188 2388 πολύ
1260 2352 1312 2388 τι
1353 2338 1468 2398 τοῖς
1519 2335 1662 2397 ὅλοις
1706 2336 1985 2400 λυσιτελὲς
2054 2337 2141 2391 διὰ
2177 2340 2277 2407 τῆς
2309 2342 2539 2412 ἐρεύνης
2582 2342 2917 2414 είσϐήσεται.
2964 2344 3028 2396 Ei
3079 2342 3188 2413 γὰρ
3238 2341 3462 2409 ἀπάσης
3505 2338 3608 2407 τῆς
3656 2335 3750 2389 τοῦ

494 2432 746 2501 Σωτῆρος
781 2429 937 2500 ήμῶν
983 2428 1203 2499 ἐντολῆς
1229 2427 1328 2499 τὴν
1359 2429 1658 2501 πλήρωσιν,
1694 2432 1726 2501 ή
1781 2432 1862 2494 είς
1904 2432 2168 2501 ἀδελφοὺς
2193 2434 2385 2503 ἀγάπη
2410 2439 2572 2506 τηρεῖ
2636 2437 2729 2491 καὶ
2769 2437 3084 2508 ἐργάζεται,
3154 2435 3272 2499 πῶς
3327 2436 3389 2489 οὑ
3447 2434 3568 2487 λίαν
3602 2430 3750 2494 ἀξιο-

496 2522 810 2591 θαύμαστος
837 2523 864 2573 6
889 2518 1094 2590 ταύτην
1135 2520 1219 2572 ὅτι
1283 2519 1520 2589 μάλιστα
1589 2522 1892 2591 κατορθοῦν
1936 2523 2262 2594 ἐπιχειρῶν,
2302 2525 2665 2597 ἀλοιδορήτως
2726 2545 2786 2579 τε
2829 2528 2924 2581 καὶ
2964 2528 3325 2591 ἀνυπαιτίως,
3395 2526 3483 2579 ὅτε
3534 2522 3749 2597 πασῶν,

494 2615 571 2676 ὡς
600 2612 728 2676 ἔπος
753 2612 958 2670 εἰπεῖν,
991 2608 1100 2663 τῶν
1143 2609 1354 2680 ἀρετῶν
1400 2612 1753 2665 ἐναπόκειται
1803 2614 1864 2666 τὸ
1896 2614 2233 2680 κεφάλαιονς
2301 2618 2543 2688 Δευτέρα
2597 2618 2706 2690 γὰρ
2749 2619 2852 2688 τῆς
2898 2620 2980 2683 είς
3019 2620 3153 2673 θεὸν
3226 2619 3450 2689 ἀγάπης
3475 2657 3491 2683 ,
3528 2596 3541 2603 α
3569 2619 3605 2687 ἡ
3673 2616 3751 2678 εἰς

495 2702 760 2774 ἀλλήλους
815 2703 950 2764 ἐστὶ,
1001 2697 1096 2750 καὶ
1138 2700 1288 2754 πᾶσα
1318 2700 1433 2769 .τῆς
1487 2701 1567 2763 είς
1610 2701 1741 2753 Θεὸν
1781 2701 2063 2766 εὑσεὸείας
2093 2705 2127 2774 ή
2161 2702 2391 2776 δύναμις
2534 2707 2599 2759 ἐν
2636 2706 2716 2760 ἐνὶ
2758 2705 2933 2778 τούτῳ
2988 2705 3425 2778 συμπεραιοῦται
3462 2704 3644 2774 λόγῳ,
3694 2705 3779 2791 ἐν,

495 2796 596 2868 τῷ,
633 2815 650 2847 ι
676 2797 1001 2867 Ἀγαπήσεις
1029 2796 1121 2849 τὸν
1149 2794 1375 2865 πλησίον
1403 2811 1518 2860 σου,
1549 2796 1624 2859 ὡς
1648 2796 1860 2850 ἑαυτόν.
1902 2816 1921 2848 ι

569 2886 689 2952 XV,
731 2887 831 2951 M,
873 2885 959 2940 15.
1021 2884 1124 2939 Vos
1171 2886 1332 2939 amici
1382 2886 1484 2939 mei
1532 2886 1696 2949 estis,
1740 2887 1786 2940 si
1840 2887 2071 2957 feceritis

498 2996 616 3054 qua:
635 2996 729 3051 ego
754 2979 1002 3049 prazcipio
1033 2978 1197 3033 vobis.
1233 2979 1357 3033 .lam
1391 2995 1494 3032 non
1522 2977 1699 3032 dicam
1742 2996 1829 3035 vos
1856 2998 2033 3037 servos
2054 3025 2068 3049 ,

2170 2906 2177 2915 ι
2262 2884 2449 2955 Ὑμεῖς
2483 2886 2651 2954 φίλοι
2672 2885 2805 2954 μούο
2844 2886 3022 2951 ἐστε,
3071 2885 3182 2939 ἐὰν
3229 2887 3445 2956 ποιῆτε
3484 2888 3605 2945 ὅσα
3635 2893 3752 2962 ἐγὼ

2177 2976 2532 3046 ἐντέλλομαι
2571 2975 2734 3046 ὑμῖν.
2785 2978 2995 3031 Οὐκέτι
3043 2978 3198 3048 λέγω
3246 2978 3404 3048 ὑμᾶς
3463 2980 3749 3050 δούλους,

499 3074 626 3142 quia
667 3087 848 3126 servus
899 3072 1063 3124 nescit
1111 3068 1239 3140 quid
1287 3069 1453 3139 faciat
1487 3069 1733 3126 dominus
1784 3071 1899 3141 ejus
1928 3090 1948 3128 :
1982 3091 2071 3129 vos

2178 3065 2269 3119 ὅτι
2296 3070 2330 3120 ό
2370 3066 2594 3133 δοῦλος
2634 3070 2746 3121 οὐκ
2776 3065 2900 3122 οἵδε
2930 3069 2987 3121 τί
3019 3070 3182 3123 ποιεῖ
3206 3071 3395 3126 αὑτοῦ
3437 3075 3471 3126 ὁ
3508 3074 3714 3143 κύριος
3735 3094 3750 3107 ·

501 3174 679 3221 autem
708 3163 823 3218 dixi
855 3164 1075 3225 amicos,
1108 3163 1233 3233 quia
1269 3162 1447 3216 omnia
1492 3178 1810 3235 quiscunque
1833 3164 2012 3220 audivi
2042 3182 2075 3219 a

510 3254 665 3310 Patre
698 3270 808 3308 meo
838 3264 964 3307 nota
996 3253 1097 3323 feci
1128 3251 1293 3307 vobis.

570 3345 841 3418 Opposuit
886 3361 1080 3401 rursus
1126 3345 1408 3400 eventui-is
1460 3344 1760 3415 aliquando
1815 3361 1883 3401 ex
1939 3346 2071 3403 obe-

509 3442 707 3498 dientia
739 3447 793 3497 et
838 3440 1055 3495 virtutis
1103 3439 1287 3494 studio
1333 3439 1597 3509 periculis
1646 3454 1710 3494 ac
1765 3439 2075 3496 terroribus

506 3531 716 3587 lucrum
752 3531 900 3601 quod
935 3546 1001 3586 ex
1030 3545 1215 3584 amore
1258 3544 1387 3598 erga
1441 3546 1501 3585 se
1535 3531 1871 3601 reportaturi
1922 3538 2074 3597 sunt,

504 3635 561 3678 ut
592 3624 793 3695 gaudio
829 3621 956 3677 inde
983 3629 1250 3692 concepto
1279 3630 1334 3676 et
1370 3623 1424 3675 in
1459 3623 1640 3692 majus
1689 3623 2077 3693 progrediendi

508 3717 823 3786 cupiditate,
870 3729 1061 3769 eorum
1095 3715 1507 3783 abstergeretur
1543 3715 1819 3781 molestia,
1846 3724 1900 3770 et
1932 3715 2078 3784 quod

508 3808 675 3864 t'rave'
725 3804 1057 3875 quandoque
1102 3804 1322 3859 videtur
1383 3792 1444 3857 iri
1496 3804 1730 3859 nihilum
1785 3805 2079 3860 recideret.

511 3897 691 3954 Dulcis
721 3897 866 3950 enim
913 3903 1028 3948 tum
1070 3895 1224 3949 labor
1261 3902 1346 3949 est
1387 3893 1558 3948 Deum
1601 3893 1918 3949 amantibus
1952 3910 2081 3950 cum

505 3985 754 4055 proxima
803 3990 858 4038 et
896 3984 1123 4053 copiosa
1176 3991 1262 4037 est
1315 3996 1548 4038 merces.
1594 3982 1664 4036 At
1706 3983 1839 4052 quid
1878 3983 2077 4053 majus,

513 4084 604 4134 aut
640 4074 915 4130 illustrius
943 4073 1113 4145 889
1142 4074 1252 4128 dici
1284 4080 1470 4142 potest
1493 4089 1655 4143 quam
1688 4074 1897 4131 Christi
1943 4076 2083 4130 ami-

513 4181 633 4221 tum
666 4175 720 4220 et
747 4181 872 4220 esse
915 4175 969 4220 et
1003 4164 1301 4235 appellari?
1347 4164 1591 4218 Observa
1630 4166 1776 4219 enim
1812 4176 2082 4235 quantum

509 4257 625 4312 haec
671 4255 911 4326 dignitas
964 4261 1174 4309 natura:
1208 4253 1462 4307 humana:
1516 4256 1779 4311 terminos
1834 4257 2080 4312 excedat.

508 4346 707 4402 Omnia
752 4346 899 4401 enim
950 4343 1200 4399 Creatori
1251 4343 1522 4407 serviunt,
1564 4344 1721 4414 juxta
1774 4344 2084 4401 Psalmistm

2174 3156 2333 3227 ὑμᾶς
2379 3158 2448 3212 δὲ
2492 3161 2708 3228 εἴρηκα
2758 3161 3011 3230 φίλους,
3060 3161 3151 3215 ὅτι
3181 3162 3380 3215 πάντα
3434 3162 3477 3216 d
3513 3162 3756 3233 ἤκουσα

2176 3248 2336 3318 παρὰ
2367 3249 2474 3303 τοῦ
2504 3252 2734 3318 Πατρός
2757 3269 2877 3321 μου
2917 3251 3213 3322 ἐγνώρισα
3236 3252 3399 3322 ὑμῖν.

2261 3340 2544 3406 Ἀντέταξε
2591 3341 2752 3395 πάλιν
2788 3345 2901 3406 τοῖς
2940 3344 3004 3396 ἐκ
3049 3344 3149 3413 τῆς
3195 3344 3445 3414 ὑπακοῆς
3487 3346 3584 3399 καὶ
3640 3347 3757 3414 φιλ-

2177 3435 2374 3505 αρέτου
2400 3434 2627 3505 γνώμης
2671 3436 2951 3507 ἐσομένοις
2980 3435 3092 3489 ἐσθ’
3119 3436 3208 3489 ὅτε
3246 3436 3494 3506 δείμασι,
3533 3438 3636 3508 τῆς
3677 3440 3757 3503 είς

2177 3525 2339 3579 αὑτὸν
2369 3525 2552 3596 φιλίας
2579 3527 2639 3580 τὸ
2666 3527 2876 3597 κέρδος,
2908 3527 3004 3582 ἴνα·
3024 3530 3145 3592 ταῖς
3181 3527 3432 3581 ἐντεῦθεν
3467 3529 3758 3600 εὐθυμίαις

2177 3604 2366 3688 καῖ’τῇ
2397 3617 2534 3688 πρὸς
2562 3617 2624 3670 τὸ
2656 3617 2839 3687 μεῖζον
2863 3614 3074 3685 ἐφέσει,
3108 3617 3170 3670 τὸ
3208 3619 3266 3670 ἐν
3294 3618 3525 3682 ἐκείνοις
3559 3620 3757 3689 ἀφανί-

2180 3709 2343 3780 ζηται
2374 3709 2654 3779 φορτικὸν,
2681 3709 2775 3762 καὶ
2807 3709 2868 3762 τὸ
2904 3709 3096 3763 λυπεῖν
3127 3708 3239 3763 ἐσθ’
3265 3711 3354 3763 ὅτε
3381 3710 3577 3764 δοκοῦν
3605 3713 3756 3783 οἰχή-

2182 3813 2333 3851 σεται
2356 3796 2494 3869 πρὸς
2515 3797 2577 3851 τὸ
2608 3797 2796 3868 μηδέν.
2827 3798 3040 3861 Γλυκὺς
3062 3799 3173 3870 γὰρ
3196 3799 3319 3853 τότε
3343 3803 3458 3863 τοῖς
3487 3802 3759 3870 φιλοθέοις

2180 3888 2209 3941 6
2238 3888 2439 3952 πόνος,
2487 3890 2579 3942 ὅτε
2624 3886 2821 3957 γείτων
2873 3890 2982 3961 ἄρα
3038 3891 3135 3944 καὶ
3189 3891 3445 3956 πλούσιος
3477 3894 3506 3945 6
3545 3894 3755 3965 μισθός.

2182 3975 2316 4033 Εἶτα
2344 3981 2427 4044 τίς
2458 3981 2523 4035 ἂν
2550 3981 2761 4051 οἰηθείη
2805 3982 2859 4034 τί
2895 3982 3079 4053 μεῖζον
3102 4022 3117 4050 ,
3159 3983 3210 4036 τί
3243 3983 3299 4036 δέ
3329 3980 3469 4040 εῖναι
3509 3983 3760 4057 λαμπρός

2180 4089 2339 4144 τερον
2379 4074 2497 4145 ἐρεῖ
2533 4073 2626 4126 τοῦ
2661 4073 2815 4142 φίλον
2861 4069 3002 4128 εἶναι
3045 4075 3141 4128 καὶ
3183 4075 3444 4144 λέγεσθαι
3474 4075 3756 4153 Χριστοῦ;

2182 4162 2292 4217 Θέα
2323 4164 2429 4235 γὰρ
2464 4164 2613 4227 ὅπως
2658 4164 2753 4217 καὶ
2802 4165 2941 4235 ὑπὲρ
2978 4166 3178 4228 αὐτοὺς
3223 4169 3349 4230 τοὺς
3405 4166 3508 4237 τῆς
3549 4169 3759 4240 ἀνθρω-

2150 4256 2345 4332 οπείας
2370 4256 2584 4327 φύσεως
2615 4256 2773 4327 ὅρους
2807 4257 2924 4309 ἐστὶ
2957 4256 3017 4310 τὺ
3045 4257 3282 4328 ἀξίωμα.
3315 4258 3488 4313 Δοῦλα
3527 4261 3629 4330 μὲν
3658 4262 3758 4332 γὰρ

2184 4349 2363 4403 πάντα
2383 4348 2477 4401 τοῦ
2503 4347 2862 4417 πεποιηκότος
2893 4348 3053 4412 αὐτὰ,
3090 4349 3230 4402 κατά
3259 4349 3359 4420 τήν
3394 4350 3489 4403 τοῦ
3518 4352 3759 4417 Ψάλλον-

509 4452 699 4495 vocem
731 4438 798 4502 ⁶’,
833 4452 935 4491 nec
968 4437 1076 4491 ulla
1115 4452 1203 4491 res
1233 4444 1319 4491 est
1342 4445 1526 4491 creata
1561 4452 1684 4508 quae
1716 4436 1940 4493 subdita
1970 4452 2075 4492 non

2188 4454 2278 4501 τος
2300 4437 2515 4506 φωνὴν,
2545 4437 2641 4489 καὶ
2669 4436 2823 4490 οὐδὲν
2845 4476 2859 4502 ,
2892 4431 3044 4506 οἶμαι
3069 4477 3085 4502 ,
3124 4437 3232 4491 τῶν
3257 4439 3563 4507 γεγονότων
3617 4443 3759 4495 ἐστὶν

510 4533 583 4588 sit
616 4530 750 4602 jugo
788 4530 1097 4593 servitutis,
1146 4531 1190 4585 si
1229 4531 1370 4585 ratio
1407 4531 1688 4587 Creatoris
1716 4540 1773 4586 et
1817 4540 2089 4587 creatura:

510 4630 805 4691 spectetur.
859 4620 969 4675 Nec
1006 4621 1152 4676 enim
1185 4622 1411 4690 :cqualis
1449 4629 1532 4676 est
1583 4629 1838 4677 creatura
1896 4621 2089 4675 factori

419 4768 423 4775 ,
512 4726 637 4775 suo,
676 4711 830 4764 nullo
860 4711 1022 4765 modo
1058 4730 1071 4765 :
1105 4711 1200 4765 sed
1237 4712 1472 4780 imperat
1503 4713 1689 4781 potius
1720 4721 1774 4767 et
1826 4710 2090 4782 praeposi-

513 4809 602 4856 tus
628 4802 832 4871 estqui
864 4816 1030 4871 supra
1059 4817 1251 4856 omnes
1282 4811 1367 4856 est
1399 4800 1563 4857 Deus.
1598 4802 1876 4872 Subjcctis
1923 4804 2091 4874 igitur

512 4896 788 4960 omnibus,
821 4902 875 4949 et
935 4894 1048 4949 Deo
1097 4894 1432 4958 substratis,
1489 4893 1556 4947 ad
1612 4897 2088 4964 supernaturalem

512 4987 741 5057 gloriam
785 4995 1014 5043 sanctos
1054 4984 1325 5040 mandata"
1346 5000 1445 5039 sua
1496 4994 1781 5041 servantes
1820 4984 2091 5043 Dominus

513 5078 698 5150 erigit,
724 5085 779 5134 et
806 5077 872 5132 ad
915 5074 1252 5145 iucuipatani
1281 5073 1676 5141 subjectionem
1701 5078 1857 5144 quasi
1896 5092 2091 5132 mune-

514 5170 591 5224 ris
624 5171 748 5225 loco
797 5168 1048 5224 deducit.
1082 5166 1247 5221 Clara
1276 5165 1442 5235 igitur
1469 5172 1524 5218 et
1567 5165 1799 5222 illustris
1825 5168 1983 5223 valde
2008 5177 2094 5224 est

516 5276 728 5318 merces
761 5277 775 5315 :
810 5266 1191 5316 verumtamen
1225 5256 1356 5310 illud
1388 5255 1480 5310 hic
1518 5256 1790 5326 imprimis
1829 5259 2088 5315 conside-

517 5351 751 5407 randum
785 5359 872 5407 est
907 5352 1032 5422 (nec
1072 5349 1220 5406 enim
1271 5362 1463 5419 parum
1508 5349 1821 5419 conducet),
1853 5351 1997 5420 quod
2035 5351 2085 5406 si

518 5441 646 5497 Filii
675 5456 827 5496 amor
866 5442 933 5496 ad
975 5440 1247 5498 libertatis
1292 5439 1636 5509 dignitatem,
1680 5448 1846 5512 atque
1870 5450 1933 5496 ut
1979 5456 2089 5497 non

484 5592 490 5602 ,
524 5532 758 5604 amplius
784 5531 927 5589 servi
979 5539 1267 5599 vocentur,
1322 5531 1603 5589 nonnullis
1639 5532 1811 5588 sufﬁci
1826 5539 1903 5599 at,
1948 5548 2091 5605 quo-

2186 4527 2214 4580 6
2245 4527 2321 4598 μὴ
2346 4527 2426 4596 τῷ
2462 4527 2562 4596 τῆς
2594 4525 2839 4591 δουλείας
2882 4526 3163 4599 ὑπηνέχθη
3195 4528 3363 4600 ζυγῷ,
3401 4532 3544 4586 κατά
3572 4548 3634 4600 γε
3672 4532 3760 4584 τὸν

2188 4618 2468 4690 πρέποντα
2506 4616 2666 4685 λόγον
2700 4619 2793 4671 καὶ
2825 4618 3168 4690 δημιουργῷ,
3211 4622 3306 4674 καὶ
3350 4624 3640 4694 ποιήματι.
3686 4625 3757 4676 Οὑ

2186 4709 2296 4780 γὰρ
2339 4711 2397 4762 ἐν
2432 4707 2532 4777 ἴσῳ
2576 4706 2637 4760 τὸ
2700 4708 2923 4779 ποιηθὲν
2980 4709 3059 4780 τῷ
3114 4711 3504 4783 τεκτηναμένῳ
3576 4713 3757 4772 ποθὲν,

2188 4796 2449 4870 κατάρξει
2489 4798 2546 4851 δὲ
2600 4796 2838 4868 μᾶλλον,
2889 4799 2986 4851 καλ⁵
3035 4799 3417 4871 καθηγήσεται
3461 4800 3572 4855 τῶν
3618 4801 3760 4855 ἰδίων

2187 4890 2363 4962 ἔργων
2386 4891 2415 4942 6
2448 4890 2540 4942 ἐπὶ
2566 4889 2775 4953 πάντας
2808 4889 2962 4952 Θεός.
3005 4889 3466 4963 ’Υπεζευγμένων
3516 4889 3611 4947 οῦν
3656 4893 3761 4963 ἄρα

2187 4982 2297 5034 τῶν
2339 4982 2510 5044 ὅλων,
2560 4982 2655 5033 καὶ
2687 4980 2872 5033 δοῦλον
2913 4981 3346 5052 ὑπεστρωκότων
3384 4985 3464 5054 τῷ
3512 4984 3632 5055 Θεῷ
3676 4986 3761 5036 τὸν

2190 5074 2414 5145 αὐχένα,
2453 5071 2589 5143 πρὸς
2610 5071 2708 5142 τὴν
2740 5072 2881 5143 ὑπὲρ
2911 5073 3074 5141 φύσιν
3105 5073 3429 5144 ἀνακομίζει
3454 5073 3613 5139 δόξαν
3642 5075 3761 5135 τοὺς

2188 5166 2377 5234 ἁγίους
2420 5165 2449 5215 6
2497 5160 2733 5231 Κύριος,
2786 5163 2835 5214 εί
2876 5161 3008 5233 δρᾷν
3050 5162 3329 5227 ἐθέλοντες
3371 5165 3651 5232 φαίνοιντο
3698 5163 3763 5214 τὰ

2194 5255 2453 5310 δοκοῦντα
2478 5252 2626 5322 αύτῷ
2653 5292 2668 5317 ,
2703 5252 2796 5305 καὶ
2826 5252 3080 5325 καθάπερ
3121 5257 3179 5307 ἐν
3212 5255 3365 5321 τάξει
3404 5255 3757 5326 δωροφορίας,

2197 5345 2611 5416 ἀκατηγόρητον
2681 5343 2830 5415 αὑτῷ
2886 5343 3249 5417 προσκομίζει
3305 5346 3406 5418 τήν
3460 5347 3756 5416 ὑποταγὴν.
3792 5392 3805 5399 -

2199 5436 2464 5509 Δαμπρδς
2487 5432 2581 5490 οῦν
2609 5434 2736 5507 ἀρα,
2765 5436 2862 5488 καὶ
2903 5435 3264 5509 ἀξιοζήλωτος
3290 5439 3318 5491 6
3355 5437 3546 5509 μισθός
3570 5453 3584 5468 ·
3625 5436 3759 5505 πλὴν

2200 5532 2374 5585 ἐκεῖνο
2398 5526 2807 5584 κατασκεπτέον
2827 5527 2885 5581 ἐν
2910 5528 3119 5593 τούτοις
3140 5524 3198 5584 εὖ
3228 5529 3376 5600 μάλα
3404 5526 3760 5601 (λυσιτελήσει

486 5796 495 5806 ¹
599 5705 819 5767 “.Joan.
853 5723 943 5779 xv,
970 5710 1056 5768 12.
1136 5715 1179 5747 ⁸⁸
1212 5713 1403 5774 Matth.
1426 5730 1478 5782 ν,
1512 5716 1598 5773 43.
1678 5716 1719 5749 ⁸⁷
1761 5716 1905 5773 Psal.
1935 5733 2102 5774 cxvm
2130 5758 2143 5785 ,
2180 5718 2269 5776 9].
