4024 6262
237 323 342 381 385

1239 313 1308 370 1N
1331 313 1614 372 JOANNIS
1650 315 2100 374 EYANGELIUH
2139 316 2270 372 LIB.
2310 318 2381 373 Χ.

3356 334 3461 390 386

233 428 340 501 γὰρ
366 427 427 482 οὐ
465 426 749 499 μικρῶς),
796 427 845 479 εί
889 425 995 497 γὰρ
1033 426 1317 498 ἐξαρκέσει
1354 429 1496 481 τισὶν
1531 430 1611 492 είς
1642 428 1780 482 ἐλεύ-

1903 426 2060 483 modo
2094 443 2289 484 servus
2318 429 2458 496 erit,
2495 438 2589 485 aut
2622 438 2882 504 tauquam
2930 444 3181 493 creatura
3226 448 3279 495 et
3317 445 3473 499 τωο-ἐ

233 519 392 593 θερον
419 518 652 588 ἀξίωμα,
684 517 934 588 καὶπρὸς
960 520 1020 571 τὸ
1042 518 1242 589 μηκέτι
1267 519 1552 574 καλεῖσθαι
1575 520 1794 583 δούλους

231 610 265 680 ή
302 609 437 679 πρὸς
463 609 553 662 τὸν
589 607 712 662 Υίὸν
742 607 929 678 φιλία,
973 608 1091 671 πῶς
1136 608 1203 662 ἂν
1252 609 1338 677 εἴη
1372 608 1596 674 δοῦλος,
1644 610 1678 681 ἢ
1720 609 1796 671 ὡς

232 699 464 769 ποίημα,
511 697 603 749 καὶ⁸
630 697 875 766 γενητὸς,
908 699 1051 752 κατὰ
1077 701 1173 769 τήν
1194 714 1357 754 τινων
1382 699 1679 767 ἀϐουλίαν;
1720 701 1792 753 Οὐ

229 787 338 858 γὰρ
364 787 427 856 δὴ
462 788 573 849 τοῖς
610 785 817 856 ἑτέροις
857 787 958 856 τὴν
1008 787 1107 857 μὲν
1140 789 1237 857 τῆς
1269 788 1581 859 ἐλευθερίας
1628 790 1795 859 τιμὴν

226 878 498 947 διανέμειν
523 877 672 929 ἐστὶν
713 876 896 940 ίκανδς
916 916 930 941 ,
970 877 1174 947 ἔρημον
1197 877 1256 931 δὲ
1291 877 1494 949 ταύτης
1527 879 1626 948 τὴν
1661 877 1795 931 ίδίαν

225 965 332 1033 ἕξει
353 965 515 1034 φύσιν
536 981 549 995 ·
577 965 775 1036 χρῆναι
808 964 920 1036 γὰρ
943 960 1116 1035 οἶμαι,
1147 964 1253 1035 πρὸ
1288 964 1396 1018 τῶν
1430 965 1605 1021 ἀλλων
1634 966 1795 1019 αὐτὸν

222 1053 461 1113 τοιοῦτον
500 1049 638 1108 εἶναι
677 1053 984 1122 φαίνεσθαι.
1043 1053 1215 1105 Δώσει
1272 1053 1383 1123 γὰρ
1416 1054 1536 1107 τότε
1573 1070 1793 1124 πρεπω-

220 1143 369 1196 δέστε
380 1160 471 1210 ρον
502 1143 613 1206 τοῖς
642 1143 745 1197 οὐκ
773 1143 958 1213 έχουσι
987 1143 1047 1196 τὸ
1071 1142 1202 1197 ἴδιον
1227 1144 1450 1212 ἀγαθόν.
1494 1143 1655 1196 Ἀλλά
1678 1137 1796 1208 τοῖς

219 1233 396 1301 ἁγίοις
425 1233 749 1297 ἀποστόλοις
770 1275 786 1300 ,
827 1234 859 1306 ἢ
893 1234 985 1287 καὶ
1017 1236 1127 1297 τοῖς
1170 1233 1352 1297 ἄλλοις
1407 1233 1578 1288 ἅπασι
1630 1234 1791 1304 τυχὸν

215 1327 325 1387 τοῖς
353 1324 442 1377 διὰ
478 1323 718 1387 πίστεως
759 1324 838 1387 είς
872 1323 1055 1393 φιλίαν
1104 1323 1456 1377 ἀναϐαίνουσι
1502 1325 1603 1392 τὴν
1651 1324 1790 1395 πρὸς

214 1416 305 1469 τὸν
332 1414 543 1479 Κύριον
574 1415 731 1487 ήμῶν
769 1414 978 1486 Ἰησοῦν
1021 1415 1256 1487 Χριστὸν
1278 1454 1293 1479 ,
1332 1415 1565 1469 ἐπακτὸν
1596 1416 1663 1470 ἀν
1701 1417 1786 1486 εῐη

214 1500 307 1555 καὶ
336 1501 493 1556 δοτδν
518 1542 534 1567 ,
581 1502 655 1566 ὡς
685 1505 743 1557 ἐν
789 1501 941 1567 τάξει
969 1504 1135 1573 τιμῆς
1168 1504 1229 1556 τὸ
1261 1503 1477 1574 ἀξίωμα
1499 1546 1515 1571 ,
1561 1504 1684 1575 ἔχον
1730 1505 1788 1559 δὲ

212 1591 397 1645 οὐκέτι
422 1592 571 1646 κατά
597 1593 690 1646 τὸν
715 1594 834 1647 ῐσον
861 1593 1083 1664 τρόπον.
1120 1595 1184 1646 Οἱ
1224 1593 1332 1666 γάρ
1363 1598 1428 1666 τῇ
1459 1594 1595 1665 πρὸς
1622 1595 1786 1650 αὐτὸν

209 1680 470 1752 ὁμοιώσει
528 1683 662 1755 πρὸς
729 1683 829 1755 τὴν
882 1684 981 1755 τῆς
1027 1684 1336 1756 ἐλευθερίας
1392 1684 1783 1755 ἀνατρέχοντες

1899 521 2009 582 tus,
2036 524 2096 569 ut
2135 516 2389 587 imperite
2416 517 2637 588 quidam
2679 526 2981 578 asserunt?
3020 524 3131 581 Nec
3166 528 3310 582 enim
3347 532 3470 587 aliis

1898 604 2173 661 libertatis
2203 608 2470 664 honorem
2495 609 2737 667 tribuere
2767 622 2966 682 potest,
3011 617 3103 685 qui
3135 629 3340 673 natura
3372 637 3472 677 sua

1894 707 2091 760 expers
2122 694 2242 765 ejus
2283 697 2376 761 sit,
2412 697 2506 752 sed
2539 713 2650 767 pra:
2676 701 2891 758 caeteris
2931 703 3111 773 ipsum
3150 706 3315 760 talem
3350 722 3474 765 esse

1895 781 2099 837 debere
2151 791 2397 839 autumo.
2459 784 2617 840 Tune
2673 790 2819 843 enim
2860 794 3209 849 convenienti
3260 798 3473 853 ratione

1896 871 2099 927 bonum
2132 887 2293 927 suum
2332 876 2674 945 impertietur
2706 895 2771 934 eo
2802 882 3105 939 destitutis.
3129 883 3236 939 Sed
3263 889 3473 943 sanctis

1894 961 2183 1031 apostolis,
2217 963 2327 1019 imo
2359 969 2574 1022 caeteris
2622 968 2806 1025 forsan
2839 973 3100 1029 omnibus
3144 977 3239 1044 qui
3279 992 3378 1046 per
3411 977 3472 1032 ii-

1893 1050 2016 1106 dem
2049 1053 2116 1107 ad
2155 1055 2451 1110 amicitiam
2483 1055 2701 1114 Domini
2734 1064 2908 1118 nostri
2951 1061 3082 1119 Jesu
3115 1063 3321 1120 Christi
3348 1083 3473 1121 eve-

1893 1140 2121 1206 buntur,
2182 1144 2479 1200 adventitia
2528 1156 2611 1203 est
2651 1158 2817 1219 atque
2871 1152 3100 1207 honoris
3159 1153 3282 1208 loco
3342 1155 3470 1209 data

1891 1231 2147 1301 dignitas,
2187 1248 2294 1289 non
2338 1242 2519 1293 tamen
2553 1241 2750 1309 aequali
2783 1242 2964 1298 modo.
2997 1242 3060 1296 lli
3095 1244 3239 1298 enim
3273 1245 3471 1299 simili-

1890 1321 2081 1376 tudine
2112 1336 2236 1376 cum
2269 1325 2390 1394 ipso
2417 1324 2487 1381 ‘ad
2523 1328 2791 1385 libertatis
2822 1332 3053 1401 gloriam
3086 1336 3298 1402 evecti,
3336 1334 3389 1389 id
3421 1338 3468 1391 ei

1889 1424 1954 1464 ac
1985 1411 2089 1465 soli
2123 1415 2454 1471 naturaliter
2484 1418 2667 1475 inesse
2702 1421 3066 1477 ostenderint.
3119 1422 3276 1489 Quod
3320 1430 3468 1481 enim

1888 1498 2206 1571 adoptivum
2240 1511 2325 1558 est
2353 1509 2589 1562 naturali
2620 1525 2836 1581 semper
2869 1513 3230 1569 assimilatur.
3262 1513 3468 1571 Obsero

1886 1592 2123 1646 vandum
2164 1603 2346 1651 tamen
2382 1601 2615 1668 (etenim
2655 1617 2752 1672 per
2780 1617 3150 1674 omnegenus
3197 1607 3467 1678 indaginis

1886 1680 2149 1747 eundum,
2173 1698 2294 1754 qua:
2326 1686 2391 1740 ad
2420 1690 2815 1758 expositionem
2848 1693 2998 1748 utilis
3026 1695 3094 1748 sit
3123 1710 3188 1749 ac
3212 1711 3465 1752 necessa-

207 1768 402 1832 δόξαν,
441 1769 596 1840 αὐτῷ
629 1770 693 1836 δὴ
732 1771 906 1842 τούτῳ
954 1772 1048 1824 atat
1096 1771 1240 1842 μόνῳ
1297 1773 1499 1842 προσὸν
1533 1774 1777 1840 φυσικῶς

1882 1770 1987 1839 ria)
2005 1772 2368 1842 antiquiorem
2394 1792 2517 1833 esse
2540 1780 2969 1838 declarationem
2993 1785 3225 1853 justitia:
3250 1804 3373 1856 qua:
3399 1804 3465 1843 ex

207 1858 577 1925 ἀποδείξειαν.
605 1860 694 1929 Τῷ
728 1860 837 1932 γάρ
861 1861 1001 1914 κατὰ
1028 1860 1209 1930 φύσιν,
1241 1862 1328 1914 ἀεὶ
1355 1862 1418 1915 τὸ
1450 1864 1593 1916 κατά
1628 1862 1781 1916 θέσιν

208 1947 630 2016 παρεικάζεται.
663 1949 1003 2020 Σημειωτέον
1046 1966 1107 2017 γε
1156 1952 1263 2021 μὴν
1311 1950 1459 2021 (δεῖν
1489 1951 1600 2022 γὰρ
1627 1948 1780 2021 οἶμαι

206 2037 290 2090 διὰ
325 2038 534 2102 παντὸς
570 2038 705 2093 ἰέναι
735 2039 1087 2112 θεωρήματος
1126 2041 1400 2113 χρησίμου
1439 2058 1499 2093 τε
1540 2036 1633 2095 κα⁶ι
1661 2041 1780 2096 λίαν

208 2126 525 2195 ἀναγκαίαν
574 2127 788 2199 ἔχοντος
838 2130 938 2201 τὴν
990 2129 1288 2202 ἐξήγησιν)
1357 2132 1440 2184 ὅτι
1490 2130 1591 2201 τῆς
1638 2132 1778 2185 κατὰ

207 2219 362 2289 νόμον
394 2219 753 2291 δικαιοσύνης
774 2261 790 2286 ,
840 2222 874 2293 ή
911 2223 977 2275 ἐκ
1029 2224 1266 2287 πίστεως
1298 2223 1398 2294 τῆς
1432 2225 1513 2286 είς
1541 2224 1779 2295 Χριστὸν

205 2308 573 2381 ἀρχαιοτέραν
609 2309 722 2380 ἔχει
769 2310 869 2381 τὴν
902 2313 1170 2385 ἀνάδειξιν
1194 2330 1207 2343 ’
1246 2313 1341 2366 καὶ
1374 2313 1510 2385 πρὸς
1546 2313 1775 2377 τούτοις,

1881 1857 1985 1913 ﬁde
2017 1861 2070 1914 in
2099 1859 2401 1928 Christum,
2434 1880 2598 1935 quam
2630 1867 2701 1922 sit
2724 1869 2955 1938 justitia:
2977 1873 3166 1943 legalis
3191 1893 3204 1928 :
3232 1889 3294 1929 ac
3324 1891 3464 1943 pra:-

1880 1957 2028 2005 terea
2051 1952 2407 2009 credentibus
2426 1966 2479 2010 et
2495 1957 2880 2017 obedientibus
2896 1962 3137 2028 Chrism,
3156 1964 3464 2019 divinorum

1877 2043 2266 2113 mysteriorum
2301 2047 2671 2116 cognitionem
2694 2052 2948 2119 revelari,
2971 2066 3023 2109 et
3052 2053 3146 2110 Dei
3186 2070 3250 2109 ac
3280 2054 3463 2112 Patris

1879 2136 2213 2190 voluntatem
2241 2151 2269 2190 a
2300 2135 2461 2204 Filio,
2490 2140 2585 2211 qui
2615 2156 2734 2197 eam
2761 2145 2941 2210 novit,
2975 2148 3198 2217 aperiri,
3220 2148 3461 2202 infideli-

1885 2224 1988 2281 bus
2028 2239 2136 2280 non
2178 2226 2460 2299 item.Age
2500 2246 2630 2286 vero
2669 2232 2909 2304 idipsum
2943 2252 3140 2294 rursus
3172 2254 3238 2293 ex
3262 2238 3461 2293 divinis

1885 2314 2109 2371 Litteris
2136 2317 2518 2387 ostendamus,
2558 2337 2658 2379 nos
2694 2326 2903 2380 utiliter
2934 2328 2986 2381 in
3022 2330 3091 2385 iis
3120 2337 3458 2385 exercentes.

204 2401 280 2453 ὅτι
332 2403 444 2466 τοῖς
509 2401 827 2456 πιστεύουσι
885 2404 980 2458 καὶ
1058 2403 1397 2459 ὑπακούουσι
1442 2405 1520 2477 τῷ
1574 2402 1817 2475 Χριστῷ,
1892 2406 1926 2475 ή
1978 2405 2086 2457 τῶν
2136 2405 2298 2463 θείων
2363 2412 2677 2484 μυστηρίων
2735 2415 3181 2481 ἀποκαλύπτεται
3233 2418 3458 2487 γνῶσις,

204 2493 294 2546 καὶ
364 2495 402 2564 ἠ
454 2493 560 2548 τοῦ
607 2493 743 2548 Θεοῦ
797 2496 891 2550 καὶ
954 2496 1160 2568 Πατρδς
1222 2497 1578 2569 ἑρμηνεύεται
1650 2498 1811 2569 βουλὴ
1852 2497 2003 2569 παρὰ
2051 2499 2144 2552 τοῦ
2197 2501 2403 2571 ταύτην
2452 2504 2652 2570 εἰδότος
2703 2508 2871 2562 Υίοῦο
2917 2514 3029 2575 τοῖς
3080 2512 3138 2565 δὲ
3226 2513 3456 2585 ἀπειθή-

209 2598 361 2635 σασιν
430 2581 648 2636 οὐκέτι.
700 2583 815 2635 Kal.
862 2582 996 2654 φέρε
1043 2584 1205 2638 πάλιν
1252 2585 1419 2653 αὐτὸ,
1468 2584 1556 2639 διά
1615 2586 1713 2657 τῆς
1780 2586 2142 2641 θεοπνεύστου
2213 2588 2546 2662 δεικνύωμεν
2615 2596 2871 2669 Γραφῆς,
2944 2600 3100 2670 ὀλίγα
3158 2581 3447 2674 χρησίμως

205 2675 459 2746 ἀδολεσχή
470 2668 683 2736 σαντες.

268 2768 591 2839 Γέγραπται
638 2765 817 2818 τοίνυν
866 2765 926 2818 ἐν
974 2764 1140 2847 βίβλῳ
1191 2766 1451 2832 Μωσέως,
1494 2767 1577 2821 δτι
1622 2767 1781 2821 πεπί-

204 2876 389 2913 στευκε
436 2856 546 2930 μὲν
580 2855 835 2929 ’Δὸραάμ
866 2854 944 2926 τῷ
967 2855 1107 2927 Θεῷ,
1137 2857 1276 2928 πλὴν
1314 2859 1347 2929 ἡ
1397 2859 1584 2923 πίστις
1631 2859 1778 2930 αὐτῷ

203 2947 508 3016 λελόγισται
550 2946 629 3008 είς
659 2944 1021 3017 δικαιοσύνην,
1047 2947 1144 3000 καὶ
1174 2947 1325 3016 φίλος
1364 2947 1499 3002 Θεοῦ
1549 2950 1773 3021 ἐκλήθη.

1956 2761 2231 2833 Scriptum
2260 2776 2344 2821 est
2388 2766 2556 2837 igitur
2599 2768 2665 2824 in.
2701 2770 2841 2827 libro
2892 2772 3119 2845 Moysis,
3154 2782 3454 2841 credidisse

1880 2853 2103 2925 quidem
2132 2856 2406 2912 Abraham
2458 2856 2591 2922 Deo.
2622 2871 2676 2917 et
2731 2862 2886 2919 ﬁdem
2914 2867 2962 2921 ei
2994 2879 3298 2939 reputatam
3334 2892 3453 2933 esse

1878 2945 1947 3000 ad
1977 2946 2246 3015 justitiam
2285 2949 2351 3013 ",
2382 2959 2436 3005 et
2469 2951 2706 3007 amicum
2758 2953 2850 3010 Dei
2887 2970 3264 3030 nuncupatum
3310 2981 3451 3023 esse.

203 3038 309 3091 Kal.
333 3038 414 3101 τίς
444 3037 479 3089 6
501 3036 597 3106 τῆς
614 3035 850 3097 πίστεως
876 3033 1145 3106 τρόπος,ἢ
1171 3034 1286 3098 πῶς
1306 3036 1415 3106 ἀρα
1437 3036 1589 3105 φίλος
1612 3036 1773 3108 ἐκλή-

1881 3036 2142 3104 Quaenam
2199 3048 2382 3094 autem
2437 3050 2521 3097 est
2567 3044 2657 3097 illa
2702 3045 2827 3101 ﬁdei
2856 3049 3018 3116 ratio,
3052 3060 3146 3105 aut
3176 3058 3452 3124 quomodo

204 3127 270 3197 θη
302 3127 478 3191 Θεοῦ;
508 3127 778 3179 Ἤκουσεν
803 3141 818 3155 ο
859 3143 877 3176 ι
903 3124 1123 3191 Ἔξελθε
1156 3126 1221 3178 ἐκ
1251 3124 1350 3195 τῆς
1380 3126 1483 3196 γῆς
1521 3143 1646 3190 σου,
1681 3128 1775 3180 καὶ

1881 3128 2090 3185 amicus
2134 3127 2230 3185 Dei
2268 3139 2495 3189 vocatus
2544 3135 2671 3189 est?
2705 3137 2871 3209 89o
2919 3140 3150 3200 Audiit;
3189 3164 3208 3197 ‹
3250 3146 3347 3202 Exi
3387 3150 3455 3204 de

206 3218 269 3272 ἐκ
295 3220 393 3290 τῆς
433 3216 754 3287 συγγενείας
806 3232 898 3270 σου
924 3256 938 3282 ,
969 3217 1063 3269 καὶ
1111 3216 1269 3288 δεῦρο
1299 3217 1379 3279 είς
1416 3216 1516 3288 τὴν
1550 3218 1673 3289 γῆν,
1710 3219 1778 3291 ἢν

204 3309 267 3362 ἀν
300 3326 382 3362 σοι
421 3309 599 3376 δείξω.
644 3328 663 3361 ι
700 3308 859 3362 Ἀλλά
900 3308 995 3360 καὶ
1043 3311 1131 3361 ὅτε
1175 3307 1266 3361 τὸν
1309 3310 1575 3379 μονογενῆ
1606 3328 1776 3380 προσ-

203 3400 456 3453 ετάττετο
508 3401 654 3454 θύειν
697 3400 777 3463 είς
808 3399 978 3452 τύπον
1019 3398 1279 3471 Χριστοῦ,
1315 3400 1405 3453 τὸν
1454 3404 1510 3455 ἐν
1542 3403 1620 3472 τῷ
1660 3403 1778 3474 Θεῴ

199 3490 586 3559 κεκρυμμένον
618 3491 927 3544 ἐδιδάσκετο
960 3492 1181 3545 σκοπόν.
1222 3492 1330 3543 Καὶ
1374 3490 1504 3557 γοῦν
1532 3495 1561 3544 6
1590 3492 1778 3565 Σωτὴρ

187 3581 291 3649 ἔφη
327 3581 468 3649 περέ
501 3581 667 3634 αὐτοῦ
702 3584 811 3642 τοῖς
844 3583 1079 3645 ἀνοσίοις
1130 3581 1402 3644 Ἰουδαίοις
1432 3581 1773 3651 προσλαλῶν·

190 3687 209 3721 ι
257 3667 529 3738 Ἀϐραὰμ
566 3670 595 3721 6
637 3668 822 3739 Πατὴρ
862 3668 1015 3738 ὑμῶν
1044 3668 1431 3738 ἠγαλλιάσατο,
1460 3667 1547 3720 ἵνα
1574 3669 1656 3738 ίδῃ
1683 3668 1780 3738 τὴν

184 3759 399 3829 ἡμέραν
424 3758 541 3829 τὴν
571 3758 733 3829 ἐμὴν,
769 3759 863 3811 καὶ
904 3754 1035 3824 εἶδε,
1064 3759 1158 3811 καὶ
1185 3758 1379 3829 ἐχάρη.
1412 3778 1430 3809 ι
1466 3758 1674 3811 Οὐκοῦν
1712 3758 1780 3811 δι’

183 3851 479 3920 ὑπακοῆς,
531 3850 626 3903 καὶ
686 3849 872 3923 θυσίας
928 3852 956 3903 6
1006 3849 1292 3910 Θεσπέσιος
1332 3849 1584 3921 Ἀϐραάμ
1631 3849 1781 3918 φίλος

193 3939 405 4009 ἐκλήθη
472 3938 604 3990 Θεοῦ
630 3978 644 4002 ,
675 3939 770 3992 καὶ
823 3940 883 3993 τὸ
938 3939 1040 4008 τῆς
1088 3938 1432 4010 δικαιοσύνης
1484 3941 1780 4011 ἀνεδήσατο

199 4027 470 4098 καύχημα
506 4043 519 4056 '
569 4028 661 4081 καί⁹
706 4028 825 4099 οὐχὶ
879 4029 1036 4082 τοῦτο
1079 4029 1434 4099 μόνον,ἀλλά
1481 4031 1576 4083 καὶ
1620 4029 1779 4084 Θείων

197 4117 409 4189 ἠξιώθη
444 4118 633 4186 λόγων,
665 4118 759 4171 καὶ
782 4117 976 4190 βουλὴν
1011 4118 1150 4186 ἔγνω
1183 4119 1338 4182 Θεοῦ,
1373 4120 1472 4191 τὴν
1504 4119 1774 4189 ἐπ’ἐσχά-

196 4226 311 4273 τοις
342 4209 643 4279 γενομένην
665 4212 893 4280 καιροῖς.
928 4209 1050 4262 Ἐπὶ
1072 4210 1350 4281 συντελείᾳ
1373 4210 1481 4281 γὰρ
1508 4209 1615 4263 τῶν
1643 4209 1776 4262 αίώ-

198 4317 303 4353 νων
338 4300 481 4370 ὑπὲρ
505 4302 536 4368 ἡ
547 4299 662 4369 μῶν
703 4300 974 4353 ἀπέθανεν
1005 4302 1033 4352 6
1066 4301 1319 4371 Χριστὸς,
1349 4301 1410 4354 τὸ
1437 4301 1578 4372 ἱερὸν
1606 4302 1775 4367 ὅντως

1881 3226 2026 3273 terra
2060 3226 2155 3274 tua
2186 3229 2240 3276 et
2268 3220 2337 3275 de
2365 3226 2691 3293 cognatione
2741 3237 2854 3293 tua,
2896 3239 2950 3285 et
2980 3234 3103 3287 veni
3158 3236 3211 3289 in
3250 3246 3448 3293 terram

1877 3326 2041 3380 quam
2071 3323 2447 3369 monstravero
2486 3316 2581 3369 tibi
2619 3318 2684 3371 ⁸³.
2734 3337 2753 3370 ι
2800 3318 2905 3376 Sed
2946 3331 3001 3377 et
3034 3339 3158 3379 cum
3192 3328 3447 3398 unigeni-

1881 3408 1991 3452 tum
2023 3415 2180 3454 suum
2205 3403 2394 3471 jussus
2420 3414 2504 3460 est
2555 3406 2838 3463 immolare
2866 3411 2919 3465 in
2958 3412 3185 3484 ﬁguram
3223 3416 3446 3483 Christi,

1879 3491 2259 3546 absconditum
2297 3494 2351 3547 in
2380 3493 2491 3549 Deo
2527 3510 2752 3565 scopum
2778 3499 3009 3557 edoctus
3057 3513 3161 3558 est.
3218 3504 3285 3559 Ει
3321 3523 3455 3564 sane

1880 3579 2133 3636 Salvator
2175 3581 2377 3641 Judaeis
2420 3586 2601 3657 impiis
2653 3589 2720 3643 de
2760 3589 2880 3659 ipso
2938 3592 3170 3663 loquens
3226 3598 3448 3651 aiebat:

1888 3689 1906 3722 ι
1946 3672 2220 3729 Abraham
2249 3675 2413 3731 Pater
2452 3687 2632 3734 vester
2658 3683 2953 3738 exsultavit
2988 3694 3045 3740 ut
3074 3687 3281 3745 videret
3306 3690 3445 3744 diem

1878 3776 2058 3816 meum
2088 3783 2100 3817 :
2149 3765 2316 3830 vidit,
2341 3774 2395 3822 et
2444 3770 2666 3837 gavisus
2702 3783 2785 3827 est
2813 3774 2882 3829 ⁷⁸.
2919 3794 2937 3826 ι
2988 3776 3158 3848 Igitur
3187 3796 3285 3850 per
3319 3782 3443 3836 obe-

1879 3851 2139 3909 dientiam
2189 3866 2242 3910 et
2278 3858 2610 3913 sacriﬁcium
2660 3862 2879 3920 divinus
2937 3868 3206 3924 Abraham
3243 3873 3452 3928 amicus

1880 3939 1973 3995 Dei
2007 3952 2240 4001 vocatus
2271 3956 2373 4010 est,
2404 3955 2458 4003 et
2481 3950 2710 4018 justitiaa
2758 3955 2933 4024 gloria
2986 3959 3275 4017 redimitus
3317 3971 3447 4016 est:

1878 4043 2057 4098 neque
2094 4032 2146 4084 id
2182 4041 2416 4099 tantum,
2461 4038 2556 4093 sed
2599 4048 2653 4095 et
2703 4041 2911 4100 divinis
2956 4050 3306 4106 sermonibus
3348 4053 3448 4106 ho-

1877 4125 2126 4175 nestatus
2148 4130 2253 4187 est,
2276 4132 2332 4178 et
2361 4127 2650 4182 consilium
2680 4128 2775 4185 Dei
2804 4136 3070 4192 extremis
3110 4142 3448 4209 temporibus

1877 4207 1943 4258 ad
1991 4209 2198 4263 exitum
2248 4213 2656 4280 perducendum
2692 4224 2939 4291 agnovit.
2994 4226 3053 4280 ln
3096 4207 3447 4287 consumma-

1878 4295 2028 4350 tione
2085 4302 2286 4370 quippe
2345 4305 2667 4362 saeculorum
2719 4325 2818 4379 pro
2856 4314 3017 4370 nobis
3068 4328 3320 4373 mortuus
3366 4333 3445 4376 est

200 4393 289 4444 καὶ
316 4392 472 4458 ἅγιον
502 4389 648 4461 θῦμα
676 4391 736 4444 τὸ
770 4386 925 4462 αίρον
967 4392 1064 4461 τὴν
1113 4392 1387 4462 ἁμαρτίαν
1414 4392 1509 4445 τοῦ
1540 4393 1764 4462 κόσμου.

1881 4385 2151 4453 Christus,
2183 4406 2339 4447 sacra
2392 4395 2485 4449 illa
2536 4413 2660 4453 vere
2696 4411 2751 4455 et
2799 4412 2992 4457 saneta
3037 4407 3284 4476 victima,
3328 4426 3446 4479 qua?

212 4482 350 4533 Ἀλλ’
378 4482 482 4551 ὅρα
517 4497 607 4550 μοι
635 4479 794 4534 πάλιν
826 4482 894 4534 τὰ
927 4481 1019 4534 ίσα
1042 4480 1396 4552 πληρούμενα
1429 4483 1523 4535 καὶ
1547 4484 1639 4535 ἐπὶ
1664 4483 1771 4535 τῶν

198 4569 283 4622 διὰ
315 4570 550 4631 πίστεως
587 4571 668 4630 είς
714 4568 894 4636 φιλίαν
950 4569 1342 4623 ἀναϐαινόντων
1389 4570 1485 4623 τοῦ
1520 4571 1775 4642 Σωτῆρος

201 4658 350 4726 ἡμῶν
378 4657 638 4728 Χριστοῦ.
666 4659 941 4710 Ἤκουσαν
983 4659 1074 4710 καὶ
1099 4659 1282 4710 αὑτοίο
1322 4657 1542 4723 Ἔξελθε
1576 4663 1640 4714 ἐκ
1676 4662 1774 4728 τῆς

199 4748 296 4816 γῆς
319 4764 435 4810 σου,
455 4748 552 4799 καὶ
574 4747 655 4799 ὅτι
681 4745 968 4817 δεδράκασι
992 4746 1306 4817 προθύμως,
1322 4742 1484 4803 ἄκουε
1506 4751 1559 4802 τί
1586 4766 1769 4819 φασιν·

205 4856 221 4889 ι
259 4840 332 4891 Οὐ
357 4838 466 4907 γὰρ
493 4837 691 4907 ἔχομεν
711 4831 810 4890 ὦδε
850 4838 1115 4906 μένουσαν
1142 4839 1314 4904 πόλιν,
1348 4840 1482 4893 ἀλλά
1517 4841 1616 4912 τὴν
1645 4841 1771 4911 μέλ-

198 4929 387 4980 λουσαν
421 4926 790 4998 ἐπιζητοῦμεν
811 4945 823 4956 ·
856 4947 875 4981 ι
908 4926 972 5001 ἧς
1000 4931 1247 5000 τεχνίτης
1276 4931 1370 4985 καὶ
1388 4931 1715 5002 δημιουργὸς
1742 4933 1772 4985 6

197 5019 342 5082 Θεός.
378 5020 642 5073 Μέτοικοι
684 5018 794 5089 γάρ
832 5021 937 5071 είσι
960 5061 976 5085 ,
1004 5022 1098 5073 καὶ
1137 5020 1509 5091 παρεπίδημοι
1540 5023 1633 5073 ἐπὶ
1675 5023 1771 5092 τῆς

195 5106 313 5175 γῆς,
335 5109 449 5169 τοῖς
478 5106 594 5161 ἀνω
618 5106 1045 5176 πολιτευόμενοι,
1078 5107 1173 5160 καὶ
1192 5108 1291 5174 τὴν
1316 5106 1416 5174 μέν
1444 5107 1772 5176 ἐνεγκοῦσαν

196 5197 424 5264 ἀφέντες
451 5237 467 5260 ,
498 5198 624 5250 ὅσον
658 5191 792 5269 ἧκεν
824 5199 997 5249 εἰπεῖν
1027 5198 1106 5260 εἰς
1139 5198 1393 5268 φρόνημα
1418 5197 1477 5251 τὺ
1505 5197 1771 5266 φιλόθεον,

196 5288 502 5357 γλιχόμενοι
541 5288 602 5341 δὲ
650 5289 748 5358 τῆς
801 5289 912 5343 ἀνω
943 5288 1127 5359 μονῆςο
1159 5289 1374 5360 Ταύτην
1406 5290 1511 5361 γὰρ
1536 5291 1766 5370 αὐτοῖςκὸ

194 5378 380 5450 Σωτὴρ
418 5378 664 5449 ὑπέδειξε
706 5379 913 5448 λέγων⁹
942 5398 961 5430 ‹
1008 5378 1316 5448 Πορεύομαι
1352 5379 1445 5432 καὶ
1490 5380 1764 5449 ἑτοιμάσω

192 5469 351 5522 τόπον
381 5469 513 5540 ύμῖν
541 5486 555 5499 ⁸
588 5469 677 5523 ὅτε
722 5469 780 5523 δέ
820 5469 959 5523 ἔλθω
981 5511 996 5537 ,
1031 5470 1422 5542 παραλήψομαι
1457 5472 1601 5542 ὑμᾶς
1647 5473 1763 5541 μετ’

279 5647 328 5680 ⁸⁸
373 5646 511 5705 Gen.
557 5664 644 5716 xv,
675 5648 729 5705 6.
806 5649 851 5684 ”
888 5651 1023 5711 Gen.
1056 5669 1156 5720 xu,
1196 5653 1248 5709 l.
1325 5657 1371 5689 ⁷ο
1416 5653 1573 5711 Joan.
1605 5670 1664 5721 ιι,
1704 5654 1795 5713 26.

1875 4478 2015 4532 tollit
2051 4493 2332 4549 peccatum
2373 4486 2561 4541 mundi
2613 4490 2678 4543 τί.
2714 4489 2821 4545 Sed
2874 4493 2999 4548 vide
3050 4497 3204 4563 mihi,
3236 4478 3445 4567 quaeso.

1871 4571 2058 4623 eadem
2114 4572 2326 4642 impleri
2385 4591 2605 4647 quoque
2661 4580 2716 4633 in
2775 4583 2845 4638 iis
2894 4588 2985 4654 qui
3037 4589 3120 4642 ad.
3147 4590 3444 4643 amicitiam

1875 4658 2184 4717 Servatoris
2218 4667 2397 4720 nostri
2428 4669 2627 4724 Christi
2677 4675 3007 4733 evehuntur.
3038 4680 3348 4734 Audierunt
3390 4690 3441 4735 et

1873 4751 1976 4818 ipsi
2005 4771 2017 4806 :
2054 4772 2073 4804 ι
2102 4752 2198 4807 Exi
2222 4754 2290 4810 de
2314 4764 2457 4813 terra
2484 4771 2610 4819 tua:
2639 4782 2659 4814 ι
2693 4767 2839 4833 quod
2872 4783 3034 4838 quam
3068 4778 3294 4826 strenue
3324 4787 3440 4843 ege-

1872 4844 2003 4907 rint,
2033 4844 2158 4899 audi
2215 4849 2344 4916 quid
2382 4850 2609 4910 dicant:
2654 4875 2672 4907 ι
2708 4855 2826 4911 Non
2858 4861 3003 4915 enim
3039 4861 3308 4917 habemus
3353 4864 3443 4918 hic

1869 4944 2179 4990 manentem
2212 4939 2513 5007 civitatem,
2544 4947 2634 5000 sed
2666 4947 2904 5003 futuram
2941 4951 3277 5021 inquirimus
3307 4955 3376 5017 τ’,
3418 4972 3437 5005 ι

1870 5025 2028 5094 cujus
2061 5027 2240 5096 opifex
2271 5039 2324 5084 et
2355 5033 2611 5089 conditor
2639 5047 2722 5093 est
2757 5038 2919 5094 Dens.
2964 5040 3248 5111 Peregrini
3293 5044 3437 5097 enim

1872 5122 2003 5168 sunt
2048 5124 2102 5170 et
2156 5117 2379 5175 advena:
2413 5121 2465 5175 in
2497 5131 2641 5179 terra
2694 5129 2784 5196 qui
2811 5131 3087 5185 cmlestem
3126 5133 3291 5187 vitam
3337 5135 3432 5188 dn-

1872 5212 2023 5266 cunl,
2054 5212 2108 5259 et
2141 5214 2341 5262 terram
2364 5210 2563 5268 aﬂ'ectu
2591 5230 2654 5269 ac
2673 5218 2859 5271 studio
2877 5220 3097 5288 pictatis
3121 5235 3248 5290 erga
3272 5223 3434 5277 Deum

1871 5296 2214 5365 relinquunt,
2263 5316 2512 5370 supernae
2559 5309 2860 5364 mansionis
2887 5309 3165 5364 desiderio
3193 5330 3206 5364 :
3240 5313 3439 5384 quippe

1870 5384 2008 5438 hanc
2041 5388 2123 5443 eis
2153 5389 2402 5446 Salvator
2430 5398 2689 5461 ostendit,
2726 5398 2915 5454 dicens
2952 5418 2965 5454 :
3002 5420 3021 5452 ι
3063 5399 3213 5454 Vado
3245 5418 3441 5471 parare

1877 5475 2028 5531 vobis
2058 5476 2237 5533 locum
2263 5496 2278 5546 ;
2308 5496 2430 5535 cum
2458 5493 2638 5538 autem
2670 5503 2893 5557 venero,
2943 5492 3204 5562 accipiam
3240 5507 3335 5549 vos
3369 5493 3433 5548 ad

1872 5658 1913 5690 '“
1937 5656 2095 5713 Joan.
2120 5700 2158 5727 .,
2183 5661 2275 5718 9.9.
2353 5665 2396 5695 ⁷³
2422 5662 2587 5720 Hebr.
2612 5680 2735 5735 xm,
2761 5669 2846 5723 14.
