4024 6262
535 361 645 422 587

1529 347 1586 401 S.
1635 339 1907 400 CYRILLI
1969 333 2432 390 ALEXANDRINI
2475 335 2792 393 ARClllEP.

3683 341 3784 396 588

535 482 848 551 meipsum,
914 485 973 532 ut
1023 475 1112 530 ubi
1172 488 1290 527 sum
1352 485 1473 542 ego,
1525 479 1588 523 ct‘
1631 482 1728 522 vos
1786 465 1908 520 sitis
1956 464 2024 518 ⁷³.
2081 479 2098 512 ι

2217 457 2471 528 ἐμαυτοῦ,
2507 461 2594 513 ἵνα
2624 461 2756 513 ὅπου
2785 460 2900 531 εἰμί⁵
2929 459 3057 527 ἐγὼ,
3079 460 3172 513 καὶ
3206 457 3363 529 ὑμεῖς
3391 454 3510 531 ἦτε.
3537 475 3556 509 ι
3587 459 3790 511 Ἤκου-

537 572 843 627 Audierant
905 564 1211 620 exeundum
1257 575 1394 628 esse
1459 557 1525 612 de
1590 554 1921 625 cognatione
1982 565 2102 606 sua.

537 665 609 718 At
648 657 921 732 quomodo
980 655 1123 726 istud
1176 647 1733 708 demonstrabimus?
1787 645 1967 715 Ipsum
2006 642 2106 696 tibi

538 754 814 808 Christum
846 748 1194 815 interpretem
1225 742 1596 796 adducemus:
1638 758 1655 789 ι
1695 738 1797 803 Qui
1833 741 1981 788 amat
2011 747 2106 802 pa—

539 853 676 898 trem
723 847 816 894 aut
847 846 1075 890 matrem
1119 836 1242 905 plus
1273 848 1439 903 quam
1475 846 1580 892 me,
1615 845 1720 882 non
1755 835 1840 881 cst
1891 840 1974 879 me
2024 823 2106 877 di-

539 949 678 1003 gnus
703 932 768 985 ".
811 949 829 981 ι
866 927 1022 994 Quod
1069 935 1248 978 autem
1301 923 1546 977 terrestri
1583 931 1634 974 et
1662 917 1875 974 carnali
1907 932 2108 984 cogna-

538 1025 673 1078 tioni
725 1029 944 1092 prmstet
980 1018 1071 1071 Dei
1122 1014 1385 1079 amicitia,
1413 1023 1467 1068 et
1509 1011 1651 1079 apud
1713 1009 1833 1078 ejus
1864 1007 2108 1061 cultores

538 1113 698 1180 longe
732 1110 911 1178 potior
944 1107 1013 1161 sit
1065 1106 1117 1159 in
1147 1104 1421 1158 Christum
1459 1101 1704 1164 dilecuo,
1739 1099 1924 1167 utique
1949 1096 2108 1150 dubi-

538 1205 764 1258 tandum
812 1217 920 1255 non
971 1209 1072 1256 cst.
1128 1197 1192 1251 Et
1241 1198 1433 1252 beatus
1473 1193 1692 1264 quidem
1725 1190 1998 1244 Abraham
2045 1187 2108 1240 ﬁ-

537 1297 676 1352 lium
715 1308 876 1349 suum
926 1291 979 1344 in
1021 1290 1242 1344 odorem
1277 1285 1563 1342 suavitatis
1604 1281 1799 1336 oﬁcrrc
1842 1278 1949 1333 Deo
1987 1279 2108 1347 jus-

541 1402 637 1441 sus
665 1392 749 1439 est
774 1383 855 1432 7':
897 1381 950 1435 hi
985 1395 1112 1435 vero
1143 1378 1358 1447 justitia
1407 1372 1528 1430 ﬁdei
1572 1371 1871 1443 praecincti,
1904 1384 2109 1438 nequa-

541 1491 703 1546 quam
736 1475 894 1538 alios,
927 1473 1020 1528 sed
1057 1472 1268 1540 seipsos
1300 1469 1444 1538 jussi
1476 1473 1604 1520 sunt
1641 1464 1856 1519 oﬁcrrc.
1883 1480 1902 1512 ‹
1942 1461 2109 1516 Exhi-

540 1565 718 1623 beatis
775 1566 949 1627 enim,
987 1562 1184 1630 inquit,
1238 1573 1473 1628 corpora
1519 1563 1698 1610 vestra
1748 1552 1984 1606 hostiam
2029 1551 2110 1604 vi-

541 1665 783 1720 ventem,
827 1661 1098 1715 sanctam,
1131 1643 1239 1706 Deo
1271 1653 1598 1720 placentem,
1651 1645 1978 1701 rationabile
2014 1642 2110 1697 ob-

542 1748 794 1816 sequium
831 1753 1073 1798 vestrum
1097 1743 1168 1808 7‘,
1207 1760 1224 1792 ›
1261 1757 1383 1796 cum
1413 1749 1466 1794 et
1498 1740 1564 1793 de
1595 1740 1662 1792 iis
1689 1738 1954 1805 scriptum
1995 1734 2105 1789 sit:

547 1855 566 1888 ι
606 1837 709 1901 Qui
737 1846 914 1890 autem
947 1843 1074 1888 sunt
1121 1833 1323 1886 Christi
1353 1829 1507 1893 Jesu,
1536 1843 1757 1882 carnem
1788 1841 1942 1882 suam
1979 1840 2108 1879 cru-

543 1927 834 1982 cilixerunt
863 1940 986 1978 cum
1019 1925 1166 1978 vitiis
1217 1931 1271 1975 et
1302 1919 1761 1990 concupiscentiis
1791 1918 1860 1970 ".
1904 1935 1922 1967 ›
1969 1915 2112 1969 Prae-

542 2027 692 2074 terea
725 2025 1099 2088 cognoverunt
1130 2015 1235 2085 ipsi
1265 2028 1485 2084 quoque
1523 2011 1731 2066 Christi
1762 2007 2109 2080 mysterium.

543 2108 739 2166 Sciunt
764 2109 913 2164 enim
948 2108 1180 2162 virtutes
1217 2105 1390 2170 ,luturi
1422 2103 1630 2169 saeculi,
1665 2111 1718 2158 et
1745 2116 1864 2170 qua:
1894 2100 1948 2154 in
1982 2099 2111 2153 ulti-

542 2201 647 2255 mis
679 2200 861 2254 futura
896 2205 1024 2253 sunt
1050 2197 1414 2267 temporibus,
1455 2195 1559 2251 sibi
1588 2209 1811 2248 suorum
1864 2192 2112 2246 laborum

541 2293 764 2362 pra-mia
794 2293 980 2346 datum
1014 2291 1101 2354 iri,
1134 2299 1187 2345 et
1215 2289 1438 2359 pietatis
1469 2289 1524 2340 in
1557 2285 1840 2341 Christum
1875 2281 2109 2336 retribu-

540 2385 768 2450 tionem.
803 2382 964 2452 891
1017 2382 1202 2447 Itaque
1229 2381 1365 2451 justi
1402 2387 1456 2434 et
1488 2378 1651 2432 amici
1682 2376 1774 2430 Dei
1826 2388 2113 2443 nuncupa-

543 2472 748 2532 bimur,
782 2472 944 2526 sicuti
967 2470 1262 2524 Abraham.
1286 2470 1473 2537 Longe
1501 2483 1631 2522 vero
1655 2467 1813 2536 legali
1836 2465 2116 2534 antiquior

545 2567 628 2614 est
679 2559 990 2627 evangelica
1025 2559 1388 2628 conversatio,
1422 2558 1474 2609 id
1505 2565 1588 2611 est
1629 2557 1718 2609 illa
1755 2571 1877 2625 quae
1924 2569 2022 2622 per
2049 2552 2114 2606 ﬁ-

546 2652 670 2706 dem
701 2659 754 2704 et
783 2649 1083 2702 amicitiam
1113 2648 1205 2700 Dei
1231 2649 1285 2701 in
1323 2649 1496 2717 primo
1531 2647 1753 2716 quidem
1808 2655 1940 2700 tunc
1975 2645 2115 2713 ﬁgu-

545 2752 664 2798 rata
695 2753 778 2798 est
817 2742 1151 2804 Abrahamo,
1205 2749 1264 2794 ut
1309 2743 1377 2806 in.
1399 2740 1615 2809 generis
1656 2739 1955 2793 secundum
1991 2753 2114 2790 car-

547 2849 692 2896 nem,
735 2833 836 2885 hoc
869 2838 954 2884 est
987 2829 1204 2883 lsraelis
1236 2827 1523 2897 principio,
1552 2826 1651 2881 sed
1682 2841 1827 2881 nunc
1854 2836 2114 2895 tanquam

549 2940 578 2978 a
615 2932 743 2994 typo
782 2920 849 2974 ad
896 2921 1178 2974 veritatem
1213 2919 1482 2989 pervenit,
1518 2925 1572 2971 et
1612 2919 1665 2970 in
1721 2916 1931 2970 sanctis
1980 2915 2114 2984 ipsis

549 3013 836 3081 discipulis
867 3012 1014 3065 velut
1046 3011 1098 3063 in
1132 3010 1394 3079 primitiis
1420 3008 1634 3078 generis
1663 3007 1964 3062 secundum
2007 3007 2117 3076 spi-

2209 566 2306 603 σαν
2355 549 2590 615 ἐξελθεῖν
2623 551 2730 603 ἀπὸ
2773 551 2874 620 τῆς
2928 550 3247 619 συγγενείας
3281 548 3481 603 αὐτῶν.
3523 549 3640 602 Καὶ
3674 549 3788 612 πῶς

2205 641 2364 694 τοῦτο
2406 641 2690 712 δείξομεν;
2724 643 2895 695 Αὐτόν
2929 659 3011 694 σοι
3060 642 3393 712 παροίσομεν
3437 641 3669 708 λέγοντα
3698 641 3788 692 τὸν
3839 685 3846 691 .

2186 734 2469 806 Χριστόν·
2505 755 2521 785 ι
2544 736 2602 786 Ὀ
2634 733 2801 803 φιλῶν
2827 733 3094 804 πατέραῆ
3122 735 3332 805 μητέρα
3372 733 3513 803 ὑπὲρ
3548 733 3789 802 ὲμὲ,ούκ

2207 826 2321 878 ἔστι
2353 844 2455 896 μου
2485 827 2686 891 ἄξιος.»
2715 829 2837 880 Ὅτι
2863 827 2917 879 δὲ
2946 829 3264 896 συγγενείας
3290 826 3388 896 τῆς
3420 825 3667 890 ἐπιγείου
3697 825 3788 875 καὶ

2210 919 2479 988 σαρκικῆς
2521 919 2912 989 προτετίμηται
2942 919 3010 971 τὰ
3041 918 3190 988 παρὰ
3232 918 3389 980 Θεοῦ,
3421 917 3518 969 καὶ
3563 915 3695 966 πολὺ
3723 915 3785 984 δὴ

2208 1011 2472 1080 κρείττων
2515 1012 2548 1081 ἡ
2603 1014 2682 1074 είς
2723 1013 2952 1081 Χριστὸν
2989 1012 3177 1080 ἀγάπη
3225 1009 3500 1073 τέθειται,
3541 1008 3693 1074 παρά
3725 1021 3786 1072 γε

2207 1103 2318 1164 τοῖς
2343 1101 2655 1171 σεϐομένοις
2686 1103 2847 1156 αὑτὸν
2864 1145 2877 1168 ,
2903 1101 3115 1172 ἀληθῶς
3139 1099 3239 1154 οὐκ
3266 1100 3590 1171 ἀμφίλογον.
3624 1084 3788 1150 Καΐό

2213 1195 2312 1264 μὲν
2335 1196 2603 1265 μακάριος
2631 1195 2882 1266 Ἀϐραὰμ
2906 1196 2995 1248 τὸν
3041 1195 3170 1248 ἴδιον
3211 1195 3323 1246 υἱὸν
3365 1194 3444 1255 είς
3480 1191 3656 1260 ὀσμὴν
3696 1189 3787 1243 εῦ-

2209 1285 2372 1348 ωδίας
2395 1289 2766 1354 προσαγαγεῖν
2794 1286 2870 1355 τῷ
2894 1286 3012 1354 Θεῷ
3046 1284 3376 1339 διεκελεύετο
3394 1298 3408 1313 °
3446 1284 3493 1334 οἱ
3525 1282 3580 1334 δὲ
3602 1280 3701 1350 τὴν
3731 1283 3788 1333 ὲν

2212 1375 2391 1428 πίστει
2413 1376 2754 1445 δικαιοσύνην
2777 1376 3235 1447 περιζωσάμενοι,
3254 1376 3351 1444 οὐχ
3381 1373 3600 1443 ἑτέρους
3623 1388 3790 1441 προσ⁹

2211 1466 2458 1531 αγαγεῖν,
2487 1464 2599 1517 ἀλλ’
2629 1467 2852 1528 ἑαυτοὺς
2885 1464 3304 1533 ἐκελεύσθησαν.
3345 1482 3362 1513 ι
3391 1460 3786 1530 Παραστήσατε

2211 1551 2339 1623 γὰρ,
2378 1555 2528 1624 φησι,
2561 1556 2630 1609 τὰ
2673 1555 2897 1625 σώματα
2943 1553 3096 1624 ὑμῶν
3143 1552 3332 1605 Θυσίαν
3375 1549 3576 1614 ζῶσαν,
3605 1549 3784 1616 ἁγίαν,

2213 1645 2503 1714 εὐάρεστον
2530 1645 2607 1715 τῷ
2656 1645 2794 1716 Θεῷ,
2839 1645 2936 1715 τὴν
2983 1643 3205 1715 λογικὴν
3245 1642 3498 1713 λατρείαν
3549 1641 3727 1710 ὑμῶνς
3762 1658 3780 1690 ι

2212 1735 2302 1786 ὅτε
2338 1736 2429 1788 καὶ
2463 1736 2769 1808 γέγραπται
2797 1737 2923 1806 περὶ⁹
2971 1735 3149 1790 αὐτῶν
3180 1751 3193 1764 °
3229 1753 3246 1786 ι
3293 1733 3356 1786 Ui
3391 1734 3500 1802 γὰρ
3524 1733 3618 1785 τοῦ
3658 1719 3818 1801 Χρι-’

2215 1823 2339 1877 στοῦ
2385 1827 2560 1894 Ἰησοῦ
2610 1827 2708 1898 τὴν
2744 1828 2923 1897 σάρκα
2951 1825 3302 1896 ἐσταύρωσαν
3333 1825 3432 1878 σὺν
3468 1825 3580 1886 τοῖς
3611 1823 3787 1892 παθή-

2215 1930 2347 1982 μασι
2397 1917 2490 1970 καὶ
2532 1918 2648 1979 ταῖς
2695 1917 3027 1986 ἐπιθυμίαις.
3063 1935 3081 1968 ι
3118 1916 3399 1982 Ἔγνωσαν
3421 1906 3477 1966 δὲ
3511 1911 3608 1966 καὶ
3639 1910 3789 1965 αὐτοὶ

2211 2010 2272 2063 τὺ
2303 2011 2360 2062 ὲν
2390 2007 2609 2078 Χριστῷ
2650 2007 2967 2078 μυστήριον.
3003 2008 3178 2060 Ἰσασι
3206 2006 3313 2077 γὰρ
3359 2003 3618 2074 δυνάμεις
3665 2003 3790 2072 μέλ-

2212 2098 2393 2163 λοντος
2421 2097 2614 2160 αἰῶνος
2639 2135 2654 2160 ,
2681 2097 2779 2149 καὶ
2800 2097 2866 2150 τὰ
2911 2097 2967 2148 ὲν
2997 2096 3246 2165 ἐσχάτοις
3293 2095 3528 2164 ἐσόμενα
3553 2096 3789 2162 καιροῖς,

2212 2193 2295 2245 ὅτι
2336 2191 2444 2245 τῶν
2476 2191 2620 2243 ἰδίων
2647 2189 3012 2259 ἀπολήψονται
3053 2188 3228 2242 πόνων
3259 2189 3384 2251 τοὺς
3418 2185 3666 2257 μισθοὺς,
3697 2184 3791 2236 καὶ

2212 2286 2310 2356 τῆς
2335 2287 2413 2348 εἰς
2458 2281 2693 2352 Χριστὸν
2733 2283 3013 2346 εὐσεϐείας
3045 2281 3486 2352 ἁντικομιοῦνται
3510 2281 3609 2350 τὴν
3632 2279 3791 2346 ἀμοι-

2214 2377 2335 2446 6ήν.
2353 2376 2560 2430 Οὐκοῦν
2594 2376 2791 2429 δίκαιοί
2819 2393 2877 2429 τε
2906 2376 3000 2428 καὶ
3026 2374 3164 2444 φίλοι
3188 2373 3320 2426 Θεοῦ
3355 2390 3458 2443 χρη
3469 2370 3791 2441 ματιοῦμεν,

2215 2466 2465 2537 καθάπερ
2527 2465 2798 2538 Ἀϐραάμ.
2837 2465 3192 2535 ’Δρχαιοτέρσι
3223 2463 3279 2516 δὲ
3333 2462 3538 2532 σφόδρα
3568 2461 3668 2531 τῆς
3705 2478 3791 2512 νοι-

2217 2559 2382 2627 μικῆς
2427 2557 2764 2628 πολιτείαςή
2815 2555 3181 2626 εύαγγελικὴ,
3218 2553 3362 2608 τοῦτ’
3420 2553 3588 2617 ἔστιν,
3627 2555 3660 2624 ή
3703 2553 3792 2605 διὰ

2215 2648 2449 2708 πίστεως
2474 2688 2487 2710 ,
2517 2647 2610 2698 καὶ
2643 2645 2824 2713 φιλίας
2870 2645 3028 2708 Θεοῦ,
3056 2647 3112 2698 ὲν
3150 2644 3351 2714 πρώτῳ
3392 2644 3490 2714 μὲν
3530 2644 3653 2696 τότε
3679 2632 3791 2698 δια·

2215 2735 2573 2806 πεπλασμένη
2618 2734 2696 2805 τῷ
2764 2734 3146 2806 Ἀΰραὰμ,ὼς
3199 2737 3255 2787 ὲν
3303 2735 3443 2805 ἀρχῇ
3495 2733 3592 2787 τοῦ
3650 2733 3790 2787 κατὰ

2218 2827 2394 2896 σάρκα
2420 2827 2609 2894 γένους
2629 2867 2643 2891 ,
2673 2826 2817 2881 τοῦτ’
2863 2827 2977 2880 ἔστι
3013 2828 3109 2881 τοῦ
3153 2827 3367 2898 Ἰσραήλ
3391 2843 3402 2853 ·
3435 2825 3708 2896 ἐρχομένη
3736 2826 3791 2880 δὲ

2217 2920 2350 2981 νυνὶ,
2383 2919 2632 2988 καθάπερ
2659 2919 2723 2970 ὲκ
2754 2918 2924 2971 τύπου
2953 2918 3089 2988 πρὸς
3135 2917 3413 2987 ἀλήθειαν,
3438 2915 3793 2987 πληρουμένη

2215 3027 2274 3062 τε
2329 3009 2505 3072 καλῶς
2551 3013 2607 3062 ὲν
2659 3011 2839 3073 αὐτοῖς
2891 3013 3002 3072 τοῖς
3050 3011 3224 3078 ἁγίοις
3281 3009 3582 3079 μαθηταῖς,
3612 3009 3690 3072 ὡς
3736 3011 3791 3060 ὲν

549 3101 720 3159 ritum
758 3111 903 3158 recte
932 3101 1282 3170 adimpletur,
1311 3100 1458 3170 quod
1495 3099 1784 3167 acquisivit
1825 3099 1879 3152 in
1925 3099 2109 3166 acqui~

2217 3103 2433 3172 ἀπαρχῇ
2468 3101 2559 3154 τοῦ
2591 3103 2730 3154 κατὰ
2759 3101 2975 3171 πνεῦμα
3001 3100 3319 3169 γένους,τοῦ
3352 3102 3447 3154 καὶ
3473 3117 3791 3170 περιποιου-

550 3194 802 3249 sitionem
852 3193 1061 3263 populi,
1099 3191 1192 3261 qui
1240 3199 1292 3245 et
1315 3207 1448 3261 gens
1493 3200 1704 3253 sancta,
1736 3199 1790 3245 et
1816 3189 1997 3260 regale
2028 3205 2151 3257 say

549 3287 852 3341 cerdotium
885 3297 1235 3353 nuncupatur
1267 3285 1331 3338 ⁷⁸.
1363 3284 1595 3354 Ideoque
1629 3292 1680 3338 et
1705 3284 1771 3338 ad
1807 3283 2116 3336 Judazorum

548 3386 802 3439 matrem,
831 3377 886 3430 id
916 3384 1000 3431 est
1047 3375 1415 3446 Synagogam,
1451 3391 1547 3443 per
1586 3371 1888 3427 Psalmistre
1927 3387 2118 3426 vocem

549 3469 758 3526 dictum
786 3475 913 3524 est:
952 3488 970 3521 ι
1006 3469 1110 3522 Pro
1137 3468 1388 3536 patribus
1417 3466 1523 3522 tuis
1575 3466 1689 3519 nati
1738 3451 1868 3519 sunt
1907 3464 2004 3518 tibi
2059 3465 2119 3516 ﬁ-

549 3561 609 3616 lii
639 3563 706 3614 ”.
743 3580 761 3613 ι
801 3559 1062 3626 Quamvis
1116 3563 1264 3615 enim
1298 3566 1479 3614 essent
1534 3558 1628 3610 lilii
1677 3557 1974 3628 Synagogze
2023 3554 2120 3610 Ju-

549 3651 792 3708 daeorum
833 3653 1000 3706 divini
1055 3652 1312 3720 discipuli
1358 3651 1631 3720 (moribus
1679 3650 1825 3704 enim
1869 3648 2119 3702 Judaicis

551 3741 803 3795 innutriti
856 3741 1123 3809 fuerant),
1183 3743 1236 3795 in
1297 3750 1479 3811 patres
1536 3749 1720 3794 tamen
1779 3740 1911 3793 facti
1969 3746 2118 3805 sunt,

549 3829 846 3885 Abrahami
899 3833 1080 3886 locum
1139 3839 1409 3896 tenentes,
1471 3839 1524 3885 et
1580 3830 1798 3900 generis
1854 3829 2127 3899 spiritalis

553 3922 881 3990 princlpium
911 3919 1041 3973 facti
1070 3931 1216 3982 sunt,
1255 3929 1419 3989 atque
1451 3920 1656 3974 idcirco
1687 3920 1848 3988 primi
1879 3935 1975 3988 per
2007 3919 2123 3972 uni-

557 4025 778 4063 versum
827 4011 1013 4063 orbem
1054 4011 1337 4072 constituti
1373 4017 1523 4071 sunt,
1557 4018 1612 4063 et
1651 4010 1743 4078 qui
1779 4009 2124 4062 immolarent

554 4100 1007 4171 [sanctiﬁcarentj
1044 4099 1398 4169 Evangelium
1435 4100 1663 4165 Christi,
1687 4102 1831 4155 sicut
1860 4100 1953 4154 ille
1979 4101 2034 4153 in
2063 4099 2124 4152 ﬁ-

556 4182 691 4260 guia
724 4189 926 4244 Christi
962 4189 1132 4244 ﬁlium
1163 4206 1326 4256 suum
1357 4191 1532 4245 Isaac.
1562 4189 1687 4244 llaec
1738 4191 1994 4254 dicimus,
2030 4205 2124 4244 ne.

554 4295 828 4350 quaquam
851 4281 1032 4336 debita
1059 4289 1113 4336 et
1135 4281 1482 4336 convenienti
1505 4281 1678 4350 gloria
1701 4281 1919 4336 beatum
1949 4282 2125 4337 Abra-

555 4371 776 4426 hamum
824 4371 1234 4435 defraudantes,
1269 4374 1366 4428 sed
1413 4371 1771 4428 ostendentes
1813 4375 1868 4427 in
1903 4389 1967 4428 eo
2000 4384 2120 4428 tan-

553 4451 818 4532 quam'in
850 4471 978 4534 typo
1019 4466 1333 4534 dispensata
1383 4464 1554 4519 fuisse
1589 4478 1684 4532 per
1731 4465 2010 4520 Christum
2057 4481 2119 4518 ea

554 4566 676 4621 qua:
706 4552 1024 4608 novissimis
1050 4556 1386 4624 temporibus
1415 4555 1782 4624 contigerunt.
1817 4556 2120 4610 Comitatur

553 4642 759 4712 itaque,
788 4653 842 4697 et
865 4645 1123 4718 colligata
1163 4654 1247 4700 est
1275 4647 1681 4716 quodammodo
1710 4649 1952 4703 libertati
1995 4649 2120 4704 ﬁdei

555 4735 761 4789 amoris
805 4750 932 4805 erga
975 4735 1144 4791 Deum
1190 4737 1464 4807 dignitas:
1511 4739 1654 4809 quod
1688 4741 1863 4796 visum
1898 4741 2120 4811 quidem

554 4833 636 4877 est
667 4831 797 4877 tunc
829 4824 884 4876 in
915 4825 1093 4895 primo
1120 4825 1212 4880 illo
1229 4827 1571 4882 Abrahamo:
1610 4845 1756 4885 nunc
1785 4839 1968 4886 autem
1998 4848 2123 4887 rur-

556 4929 651 4970 sus
707 4915 762 4968 in
813 4918 1020 4971 sanctis
1075 4917 1364 4987 discipulis
1417 4928 1676 4988 tanquam
1735 4923 1789 4976 in
1842 4925 2151 4992 primitiis.

556 5006 712 5073 Quod
747 5015 804 5061 ut
836 5023 1149 5065 asseramus
1177 5008 1396 5065 divinus
1423 5012 1514 5066 ille
1543 5011 1745 5068 Paulus
1787 5030 1890 5070 nos
1927 5016 2120 5086 adigit,

559 5099 651 5166 qui
681 5113 806 5152 cum
833 5097 1039 5156 Iudaeis
1077 5101 1239 5156 enixe
1287 5105 1654 5159 contendebat
1685 5106 1808 5160 ﬁdei
1853 5107 2122 5175 justitiam

558 5184 718 5256 longe
763 5191 1132 5260 antiquiorem
1175 5206 1298 5248 esse
1327 5193 1510 5263 legali.
1561 5195 1696 5248 Cum
1734 5195 1880 5250 enim
1913 5197 1980 5250 de
2013 5176 2149 5250 εἰμ’

559 5278 898 5336 cumcisione
947 5283 1134 5339 carnis
1187 5284 1358 5339 verba
1411 5284 1647 5349 faceret,
1683 5302 1792 5341 non
1852 5287 2014 5341 aliam
2049 5288 2122 5342 ob

557 5380 780 5422 causam
809 5371 988 5426 datam
1023 5389 1147 5428 esse
1189 5373 1333 5428 hanc
1364 5375 1584 5444 generis
1613 5377 1891 5444 primitiis,
1941 5377 1995 5430 id
2041 5388 2125 5432 est

558 5454 890 5524 Abrahamo,
918 5464 1284 5528 conﬁrmavit,
1319 5479 1483 5534 quam
1535 5476 1594 5521 ut
1626 5478 2007 5539 argumentum
2035 5485 2123 5524 cs-

559 5549 643 5598 σοι
672 5559 738 5599 ac
783 5547 1120 5617 signaculum
1149 5555 1272 5608 ﬁdei
1309 5570 1428 5623 quae
1457 5555 1511 5610 in
1555 5559 1839 5628 praeputio.
1869 5557 2022 5622 Quod
2071 5559 2118 5613 si

558 5743 620 5797 ιι,
663 5731 716 5787 9.
809 5733 853 5764 "
877 5733 1025 5790 Psal.
1065 5752 1208 5801 mv,
1243 5741 1292 5792 7.

628 5659 1068 5752 ’LJoarks‘Iv-nii.
1143 5669 1188 5700 “
1212 5670 1399 5752 M_attIL
1429 5675 1588 5740 x,57.
1667 5679 1712 5708 ⁷⁸
1739 5677 1852 5732 Gi-n
1901 5695 2039 5746 xm,
2078 5683 2097 5734 l
2135 5697 2286 5752 seqq.

2221 3192 2383 3263 μένου
2430 3194 2508 3255 εἰς
2557 3192 2903 3263 περιποίησιν
2934 3192 3082 3257 λαοῦ,
3115 3192 3175 3255 ὃς
3207 3193 3301 3245 καὶ
3327 3192 3477 3255 ἔθνος
3505 3193 3662 3260 ἅγιον
3699 3192 3792 3244 καὶ

2221 3283 2489 3354 βασίλειον
2537 3283 2830 3354 ἱεράτευμα
2881 3282 3366 3354 προσαγορεύεται.
3405 3283 3497 3336 Διὸ
3527 3284 3624 3336 καὶ
3659 3281 3792 3354 πρὸς

2217 3376 2315 3444 τὴν
2339 3375 2446 3427 τῶν
2480 3375 2744 3428 Ἰουδαίων
2778 3374 3006 3445 μητέρα,
3041 3375 3184 3446 φημὶ
3217 3374 3279 3444 δὴ
3307 3375 3406 3446 τὴν
3437 3376 3792 3445 Συναγωγὴν,

2219 3466 2306 3518 διὰ.
2345 3469 2440 3536 τῆς
2477 3467 2570 3519 τοῦ
2596 3466 2903 3528 Ψὰλλοντος
2946 3466 3158 3538 εἴρηται
3194 3468 3406 3538 φωνῆς·
3445 3489 3465 3521 ι
3506 3471 3654 3524 Ἀντὶ
3687 3471 3792 3524 τῶν

2221 3555 2468 3625 πατέρων
2513 3572 2606 3606 σου
2677 3555 3043 3624 ἐγεννήθησαν
3106 3557 3156 3607 οἱ
3213 3556 3318 3608 υἱοί
3380 3574 3492 3611 σου.
3539 3577 3558 3608 ι
3599 3558 3792 3611 Καίτοι

2220 3646 2327 3717 γὰρ
2360 3647 2510 3710 ὄντες
2533 3647 2638 3698 υίοὶ
2656 3645 2755 3716 τῆς
2779 3646 3050 3710 Ἰουδαίων
3083 3647 3410 3716 Συναγωγῆς
3437 3649 3486 3700 οἱ
3516 3647 3792 3701 θεσπέσιοι

2224 3739 2460 3809 μαθηταὶ
2501 3737 2666 3808 (ἔθεσι
2711 3737 2819 3808 γὰρ
2862 3739 3244 3809 ἀνετράφησαν
3293 3741 3399 3801 τοῖς
3433 3739 3791 3811 Μωσαῖκοῖς),

2222 3832 2510 3899 γεγόνασιν
2538 3833 2616 3894 είς
2659 3831 2921 3902 πατέρας,
2947 3831 3044 3901 τὴν
3081 3829 3174 3884 τοῦ
3219 3830 3471 3901 Ἀὔραὰμ
3501 3833 3792 3902 ἐπέχοντες

2222 3924 2390 3986 τάξιν,
2417 3923 2510 3975 καὶ
2537 3924 2724 3990 γένους
2741 3923 2884 3991 ἀρχὴ
2907 3923 3245 3992 κατέστησαν
3274 3921 3370 3976 τοῦ
3395 3925 3788 3993 πνευματικοῦ,

2222 4011 2478 4082 ἄρχοντές
2508 4028 2567 4064 τε
2595 4011 2682 4064 διὰ
2724 4011 2883 4063 τοῦτο
2932 4010 3400 4080 κεχειροτόνηνται
3434 4010 3579 4063 κατὰ
3614 4013 3790 4064 πᾶσαν

2222 4103 2318 4172 τὴν
2373 4101 2694 4172 οἰκουμένην
2758 4102 3162 4172 ἱερουργοῦντες
3209 4101 3270 4153 τὸ
3317 4101 3651 4169 Είιαγγέλιον
3699 4099 3788 4154 τοῦ

2223 4194 2494 4266 Χριστοῦ,
2529 4194 2782 4263 καθάπερ
2835 4195 3041 4257 ἐκεῖνος
3093 4195 3150 4246 ἐν
3199 4193 3353 4264 τύπῳ
3409 4193 3650 4263 Χριστοῦ
3703 4194 3790 4246 τὸν

2237 4286 2438 4340 Ἰσαάκ.
2497 4287 2679 4340 Ταῦτά
2710 4302 2909 4355 φαμεν,
2951 4286 3071 4356 οὐχ).
3120 4286 3220 4355 τῆς
3250 4285 3607 4357 ὀφειλομένης
3648 4285 3790 4354 αὐτῷ

2227 4379 2320 4431 καὶ
2376 4377 2693 4447 πρεπούσης
2736 4377 2894 4447 δόξης
2949 4377 3052 4440 ἔξω
3091 4376 3331 4439 τιθέντες
3380 4375 3473 4428 τὸν
3526 4378 3790 4446 μακάριον

2236 4471 2506 4540 Ἀϐραὰμ,
2535 4470 2648 4523 ἀλλ’
2679 4469 2754 4531 ὡς
2775 4472 2832 4523 ὲν
2865 4469 3019 4541 τύπῳ
3063 4469 3400 4532 δεικνύοντες
3444 4470 3501 4522 ὲν
3545 4471 3693 4538 αῦτῷ
3725 4469 3789 4522 τὰ

2220 4564 2278 4614 ὲν
2329 4561 2579 4631 ἐσχάτοις
2641 4563 2852 4631 καιροῖς
2909 4559 3329 4628 οίκονομηθέντα
3393 4559 3481 4612 διὰ
3530 4558 3786 4628 Χριστοῦ.

2219 4651 2530 4722 Παρέπεται
2581 4651 2759 4704 τοίνυν
2802 4651 2895 4703 καὶ
2948 4649 3297 4712 συνέζευκται
3341 4667 3457 4712 πως
3489 4652 3554 4719 τῇ
3587 4649 3677 4702 διὰ
3706 4649 3792 4702 πίο

2222 4761 2391 4806 στεως
2418 4741 2716 4814 ὲλευθερίᾴ,
2739 4743 2801 4796 τὸ
2823 4743 2920 4811 τῆς
2953 4742 3087 4812 πρὸς
3116 4740 3248 4794 Θεὸν
3275 4740 3455 4809 φιλίας
3475 4741 3536 4794 τὸ
3556 4739 3787 4807 ἀξίωμα,

2219 4836 2355 4905 ὅπερ
2386 4835 2543 4903 ὤφθη
2575 4834 2670 4904 μὲν
2705 4835 2761 4888 ὲν
2792 4833 2993 4902 πρώτῳ
3021 4833 3141 4885 τότε
3169 4832 3246 4901 τῷ
3286 4832 3563 4902 Ἀδραάμ’
3596 4835 3712 4884 νυνὶ
3733 4832 3790 4885 δὲ

2220 4926 2400 4988 πάλιν,
2435 4925 2510 4987 ὡς
2552 4926 2607 4976 ὲν
2638 4923 2860 4993 ἀπαρχῇ
2897 4924 3006 4984 τοῖς
3053 4920 3228 4988 ἁγίοις
3287 4920 3576 4988 μαθηταῖς.
3608 4920 3791 4987 Παρα-

2220 5017 2441 5087 κομίσαι
2474 5015 2530 5068 δέ
2558 5032 2675 5077 πως
2719 5015 2810 5067 ἐπὶ
2855 5015 2917 5066 τὸ
2954 5011 3124 5065 ταῦτα
3167 5011 3362 5081 χρῆναι
3389 5009 3566 5076 λέγειν
3599 5010 3742 5078 ἡμᾶς
3763 5007 3791 5058 ὁ

2223 5105 2508 5166 θεσπέσιος
2535 5103 2766 5165 Παῦλος,
2797 5103 2860 5155 οὐ
2913 5101 3147 5172 μετρίως
3186 5103 3296 5162 τοῖς
3335 5098 3610 5160 Ἰουδαίοις
3652 5097 3791 5165 φιλο-

2221 5195 2436 5259 νεικῶν,
2455 5196 2536 5248 ὄτι
2569 5198 2668 5264 τῆς
2705 5192 2846 5247 κατὰ
2872 5192 3035 5261 νόμον
3061 5188 3406 5258 δικαιοσύνης
3443 5185 3788 5258 πεδεσσυτέρα

2225 5287 2345 5340 λίαν
2379 5287 2524 5339 ἐστὶν
2570 5287 2603 5356 ἡ
2649 5287 2713 5336 ὲκ
2761 5284 3014 5346 πίστεως.
3053 5283 3180 5334 Ὅτε
3233 5280 3343 5351 γὰρ
3385 5281 3478 5332 τὸν
3514 5277 3615 5348 τῆς
3651 5275 3788 5330 κατὰ

2229 5378 2407 5448 σάρκα
2453 5377 2755 5447 περιτομῆς
2790 5377 3024 5428 ἐποιεῖτο
3057 5373 3250 5441 λόγον,
3278 5373 3377 5442 οὐχ
3421 5370 3610 5441 ἑτέρου
3648 5367 3791 5429 τινος

2227 5473 2383 5542 χάριν
2425 5469 2669 5522 δεδόσθαι
2718 5467 2922 5537 ταύτην
2963 5451 3336 5535 διῖσχυρίσατο
3381 5466 3448 5533 τῇ
3481 5462 3576 5514 τοῦ
3607 5462 3790 5528 γένους

2226 5563 2472 5632 ἁπαρχῇ,
2517 5557 2658 5611 τοῦτ’
2708 5558 2820 5612 ἔστι
2870 5557 2946 5628 τῷ
2990 5557 3258 5628 Ἀϐραὰμ,
3312 5555 3344 5626 ἢ
3401 5554 3496 5607 τοῦ
3544 5550 3789 5621 γενέσθαι

2390 5681 2436 5712 ’δ
2461 5679 2616 5734 Rom.
2662 5695 2758 5745 xu,
2796 5681 2844 5733 1.
2953 5677 3199 5733 "Galat.
3239 5693 3292 5742 γ,
3325 5678 3416 5731 24.
3520 5675 3608 5730 ⁷⁸1
3640 5675 3783 5728 Petr-
