4024 6262
220 335 318 393 589

1226 320 1293 377 IN
1322 306 1609 379 JOANNIS
1645 315 2097 377 EVANGELIUM
2137 318 2265 375 LIB.
2299 318 2369 373 x.
3362 319 3471 376 :ao

230 442 439 514 σημεῖον
486 437 580 493 καὶ
621 434 892 508 σφραγῖδα
945 432 1045 502 τῆς
1093 432 1150 484 ὲν
1176 431 1510 502 ἀκροϐυστίᾳ
1540 430 1794 496 πίστεως.

1902 440 2027 486 ante
2064 431 2237 501 legem
2271 439 2389 487 erat
2415 431 2763 503 praeputium,
2792 446 2915 486 cum
2942 446 3051 504 quo
3099 433 3263 489 etiam
3295 432 3471 499 ﬁdes;

230 532 292 588 Et
320 531 375 585 δὲ
404 528 506 602 πρὸ
532 528 695 599 νόμου
720 528 754 596 ὴ
782 522 1135 594 ἀκροϐυστία,
1171 522 1289 593 μεθ’
1314 517 1382 595 ἦς
1410 524 1503 577 καὶ
1530 524 1564 595 ἠ
1594 523 1796 588 πίστις,

235 622 366 694 μετά
410 621 464 675 δὲ
514 620 603 674 τὸν
649 619 811 688 νόμον
847 617 881 687 ἡ
918 614 1189 686 περιτομὴ
1232 615 1294 667 τὸ
1340 617 1405 668 ὲκ
1438 616 1671 678 πίστεως
1699 615 1798 667 οὐκ

231 711 421 785 ἔχουσα
472 709 752 779 καύχημα,
785 705 1117 759 πεπίστευκε
1148 705 1205 757 δὲ
1267 705 1518 776 Ἀϐραὰμ
1544 706 1604 758 ἐν
1626 704 1799 775 ,ἀκρος

229 804 429 874 συστίᾳ,
459 800 574 864 πῶς
622 800 683 854 ού
724 798 1074 871 πρεσϐυτέρα
1110 798 1208 870 τῆς
1241 798 1299 850 ὲν
1331 797 1480 868 νόμῳ
1526 795 1800 860 πολιτείας

228 900 259 969 η
282 896 364 949 διά
387 894 623 956 πίστεως
646 891 804 945 ἔσται
831 889 1172 960 δικαιοσύνη,
1203 887 1595 959 δικαιουμένων
1624 882 1682 941 τε
1705 886 1799 940 καὶ

226 984 685 1056 ἐλευθερουμένων
718 982 810 1036 διά
863 981 965 1052 τῆς
1008 982 1088 1044 είς
1130 979 1263 1033 Θεὸν
1308 979 1522 1049 φιλίας,
1549 979 1800 1051 καθάπερ

238 1076 514 1146 Ἀϐραάμ;
544 1073 689 1127 οὕτω
722 1072 831 1144 γὰρ
864 1071 1018 1124 ἔσται
1046 1070 1139 1124 καὶ
1170 1072 1351 1141 πατὴρ
1372 1067 1579 1122 πολλῶν
1609 1067 1799 1137 ἐθνῶν,

223 1164 279 1231 ἑξ
307 1163 636 1234 ἐπαγγελίας
655 1204 671 1230 ,
696 1163 758 1216 ού
786 1162 928 1217 κατὰ
962 1160 1163 1232 σάρκα.
1189 1160 1301 1215 Καὶ
1328 1159 1499 1214 ταῦτα
1526 1161 1641 1214 νυνὶ
1666 1177 1801 1232 χρη-

224 1253 389 1325 σίμως
416 1253 742 1323 εἰρήκαμεν,
770 1251 857 1305 διά
885 1250 945 1303 τὸ
969 1251 1135 1321 φάναι
1160 1250 1251 1304 τὸν
1276 1249 1482 1321 Κύριον
1509 1268 1522 1282 ο
1553 1268 1572 1301 ι
1603 1252 1799 1304 Οὐκέτι

220 1345 356 1412 λέγω
386 1344 530 1414 ὑμᾶς
558 1341 819 1404 δούλουςμε
857 1341 1015 1412 ὑμεῖς
1048 1340 1191 1410 φίλοι
1226 1340 1326 1410 μού
1358 1342 1500 1405 ἐστε,
1519 1341 1600 1394 ὃτι
1623 1342 1800 1396 πάντα

222 1433 255 1488 ἃ
275 1434 480 1505 ηκουσα
505 1432 662 1501 παρά
685 1429 781 1486 τοῦ
812 1431 1028 1502 Πατρὸς
1054 1432 1353 1503 ἀνήγγειλα
1384 1432 1533 1503 ύμῖν·
1572 1451 1591 1482 ι

291 1528 413 1594 Οὐχ
464 1523 638 1593 ὑμεῖς
658 1540 736 1593 με
775 1522 1168 1589 ἐξελέξασθε,
1209 1524 1347 1579 ἀλλ’
1381 1523 1495 1595 ἐγὼ
1520 1524 1801 1591 ἐξελεξά-

212 1633 336 1686 μην
370 1613 567 1685 ὑμᾶς,
593 1613 690 1669 καί
727 1613 959 1668 τέθεικα
1011 1613 1199 1684 ὑμᾶς,
1238 1615 1338 1668 ἵνα
1383 1615 1650 1685 ὑπάγητε
1699 1618 1799 1671 καὶ

216 1703 451 1774 καρπὸν
502 1704 754 1772 φέρητε,
797 1703 894 1756 καί
928 1706 963 1757 d
997 1702 1223 1771 καρπὸς
1271 1704 1438 1773 ὑμῶν
1453 1705 1620 1776 ,μένῃ
1651 1723 1664 1735 °
1699 1708 1799 1762 ἵνα

1899 532 2024 593 post
2068 523 2242 595 legem
2292 535 2471 579 autem
2518 524 2889 591 circumcisio,
2932 539 3054 594 quae
3090 523 3471 595 gloriationcm

1898 630 1966 669 ex
1998 614 2102 671 {ide
2130 631 2242 670 non
2274 614 2457 681 habet,
2488 622 2542 671 ct
2592 614 2868 669 Abraham
2905 616 2960 670 in
3000 615 3270 686 prteputio
3295 615 3470 670 credi-

1898 702 2015 758 dit:
2050 705 2143 775 qui
2178 705 2293 761 ﬁeri
2327 712 2511 776 potest
2546 704 2831 775 utiustitia
2865 705 3027 776 legali
3053 720 3162 759 non
3188 705 3474 774 antiquior

1898 795 1971 850 sit
1998 795 2215 866 justitia
2237 795 2384 863 ﬁdei,
2412 812 2534 852 cum
2575 812 2672 866 per
2699 797 2996 852 amicitiam
3023 812 3152 867 erga
3189 796 3354 852 Deum
3382 796 3474 866 ju-

1899 886 2209 942 stificentur
2238 903 2301 943 ac
2341 887 2499 943 liberi
2530 886 2660 942 ﬁant
2694 889 2943 943 homines
2976 889 3120 944 sicut
3152 887 3475 942 Abraham?

1900 977 1991 1032 Sic
2037 978 2181 1033 enim
2216 978 2320 1034 erit
2362 994 2581 1050 quoque
2616 987 2774 1050 pater
2803 980 3101 1035 multarum
3133 981 3377 1051 gentium
3406 995 3476 1035 ex

1898 1069 2286 1139 promissione,
2338 1085 2445 1125 non
2498 1070 2801 1126 secundum
2842 1086 3087 1127 carnem.
3122 1071 3302 1139 Atque
3356 1070 3474 1126 haec

1898 1158 2185 1216 commode
2228 1176 2375 1216 nunc
2421 1161 2683 1228 diximus,
2740 1170 3051 1237 pr0pterea_
3076 1162 3221 1232 quod
3267 1163 3345 1216 ait
3368 1161 3476 1216 Do—

1899 1251 2126 1306 minus:
2174 1271 2193 1304 ι
2236 1249 2355 1306 Jam
2390 1267 2501 1307 non
2544 1252 2720 1307 dicam
2768 1268 2868 1308 vos
2911 1268 3139 1309 servos:
3176 1252 3273 1308 vos
3308 1252 3473 1308 amici

1899 1342 2006 1397 mei
2038 1343 2198 1408 estis,
2246 1342 2378 1413 quia
2422 1344 2605 1398 omnia
2638 1360 2981 1416 quaecunque
3025 1344 3212 1400 audivi
3242 1360 3273 1399 a
3307 1342 3475 1402 Patre

1904 1445 2043 1497 meo,
2079 1441 2209 1487 nota
2242 1432 2342 1488 feci
2376 1434 2535 1489 vobis
2567 1434 2634 1488 ⁸⁸.
2672 1452 2693 1485 ι

1968 1521 2134 1593 892
2187 1522 2301 1589 XV,
2333 1522 2417 1577 16.
2452 1510 2572 1578 Non
2604 1541 2691 1579 vos
2730 1540 2811 1577 me
2838 1524 3091 1593 elegistis,
3120 1523 3211 1579 sed
3230 1541 3321 1596 ego
3341 1523 3475 1596 elegi

1900 1624 2075 1679 vos,et
2099 1615 2252 1682 posui
2276 1631 2364 1669 vos
2387 1624 2443 1668 ut
2475 1616 2632 1681 eatis,
2660 1626 2708 1669 et
2733 1616 2967 1684 fructum
2984 1615 3248 1684 a/feratis,
3275 1627 3324 1672 et
3348 1616 3470 1686 fru-

1860 1766 1863 1767 ν
1900 1713 2015 1758 ctus
2044 1713 2208 1758 vester
2241 1713 2576 1781 maneataut
2605 1705 2948 1775 quodcunque
2968 1706 3225 1774 petieritis
3255 1705 3473 1761 Patrem

216 1796 246 1847 ὅ
277 1812 329 1848 τι
355 1794 435 1848 ἂν
461 1793 755 1863 αἰτήσητε
786 1793 891 1847 τὸν
916 1793 1146 1862 Πατέρα
1177 1795 1246 1849 ἐν
1279 1793 1359 1860 τῷ
1389 1796 1635 1867 ὀνόματί
1651 1817 1788 1870 μου,

1897 1796 1946 1849 in
1972 1796 2181 1850 nomine
2211 1812 2342 1851 meo.
2376 1795 2460 1850 det
2492 1795 2659 1853 vobis.

215 1884 293 1952 δῷ
342 1885 504 1954 ὑμῖν.

277 1974 413 2028 Οὔτε
474 1976 597 2037 τοῖς
638 1973 778 2043 ἄγαν
814 1972 1259 2046 δυσαχθεστέροις
1306 1976 1798 2050 καταφορτίζεσθαι

208 2064 380 2134 λόγοις
407 2082 469 2118 το
488 2065 550 2128 ὺς
575 2065 763 2134 ἁγίους
785 2064 968 2135 ἐφίησι
998 2063 1266 2135 μαθητὰς,
1293 2066 1353 2119 τὸ
1380 2067 1513 2122 πολὺ
1551 2070 1799 2135 νενευκὸς

207 2157 282 2223 είς
306 2155 467 2213 ἀσθέν
489 2173 608 2209 ειαν
636 2155 744 2209 τῶν
776 2154 1133 2226 ἀνθρωπίνων
1166 2155 1442 2227 λογισμῶν
1481 2158 1580 2212 ούκ
1602 2160 1801 2233 ἀγνοή-

209 2265 319 2312 σας,
346 2247 419 2311 ὠς
454 2245 649 2313 Θεὸς,
670 2245 791 2299 οὗτε
824 2245 929 2316 μὴν
972 2249 1092 2310 ταῖς
1118 2248 1482 2321 ύπερμέτροις
1510 2252 1799 2325 θυμηδίαις

207 2340 267 2409 ἐᾷ
318 2338 464 2392 διακε
486 2336 637 2391 ῖσθαι
682 2336 819 2407 πρὸς
854 2337 915 2389 τὸ
958 2337 1232 2393 εύόλισθον
1264 2339 1496 2412 (νόσημα
1532 2342 1641 2415 γάρ
1681 2362 1799 2410 πως

209 2431 295 2483 καὶ
326 2429 506 2483 τοῦτο
544 2428 759 2499 πικρόν)
785 2446 799 2459 ·
837 2428 962 2499 μίαν
993 2429 1048 2482 δὲ
1087 2429 1277 2502 ὥσπερ
1303 2432 1360 2499 ἐξ
1389 2433 1590 2504 ἀμφοῖν
1618 2434 1800 2491 διακε-

213 2523 370 2592 ράσας
432 2521 761 2592 μεσότητα,
794 2519 1021 2589 ποδηγεῖ
1064 2520 1412 2591 καθηκόντως
1459 2525 1538 2588 είς
1581 2526 1796 2599 ἀσφαλῆ

217 2615 389 2685 τρίϐον
418 2657 433 2679 ,
466 2614 573 2668 καὶ
627 2613 898 2666 πολιτείαν
953 2612 1065 2685 [γρ.
1119 2613 1416 2689 πολιτείας]
1458 2618 1637 2682 αὐτοῖς
1695 2620 1797 2691 τῆς

220 2706 565 2777 ὲδραιοτέρας
588 2744 602 2767 ,
632 2705 728 2759 καὶ
761 2704 1161 2775 σφαλερότητος
1195 2707 1411 2779 ἀπάσης
1440 2708 1796 2781 ἀπηλλαγμὲ-

218 2811 309 2863 νης
345 2794 702 2866 ὶνεργάξεται
733 2793 953 2863 γνῶσιν.
984 2793 1362 2865 Διαρκέστατα
1391 2796 1568 2851 τοίνυν
1600 2800 1796 2863 αὐτοὺς

218 2889 324 2949 τοῖς
364 2888 443 2949 είς
496 2885 849 2957 παράκλησιν
891 2886 1196 2957 ἀπαλείψας
1237 2886 1451 2956 λόγοις,
1486 2890 1580 2942 καὶ
1609 2885 1795 2959 ὲφόἴς

218 2971 284 3045 ἦν
313 2977 457 3041 είκὸς
489 2976 937 3044 καταστυγνάσαι
970 2976 1225 3047 πρέπειν,
1258 2978 1477 3048 χαίρειν
1499 2979 1797 3042 ἀναπείσας

217 3068 272 3134 ἐξ
303 3067 691 3140 ἀντιστροφῆς,
742 3069 863 3130 ταῖς
892 3069 971 3129 είς
997 3066 1310 3140 φιλεργείαν
1344 3068 1587 3133 ἐντολαῖς
1617 3088 1794 3141 παρα-

218 3158 368 3225 θήσει
415 3157 530 3230 [πρ.
560 3157 892 3231 παραθήγει]
932 3159 1092 3212 πάλιν
1121 3161 1199 3223 είς
1225 3158 1485 3231 εὔτολμον
1518 3160 1792 3232 φρόνημα,

218 3250 310 3302 καὶ
335 3248 424 3301 διὰ
476 3250 657 3319 πάσης
700 3236 877 3311 ίόντας
912 3249 1147 3321 σπουδῆς
1179 3250 1272 3303 καὶ
1299 3249 1391 3302 τὸν
1418 3247 1694 3320 ἐξαίρετον
1717 3251 1797 3314 είς

218 3339 564 3410 φιλαλληλίαν
603 3338 1021 3411 ἐπιτηδεύοντας
1052 3341 1273 3412 τρόπον,
1314 3341 1545 3410 ὠφελεῖν
1579 3339 1795 3393 κελεύει

215 3428 341 3491 τοὺς
371 3428 633 3491 ἀπίστους
683 3427 794 3492 ἔτι,
829 3428 922 3480 καὶ
950 3431 1063 3490 τοῖς
1096 3429 1174 3489 είς
1214 3429 1495 3482 εὐσέϐειαν
1535 3428 1712 3496 λόγοις
1734 3446 1795 3482 τε

216 3519 310 3571 καὶ
346 3519 634 3587 πράγμασι
667 3516 985 3586 σαγηνεύειν
1017 3502 1334 3584 ἐπείγεσθαι
1366 3520 1490 3580 τοὺς
1522 3519 1797 3589 πεπλανη-

220 3608 437 3679 μένους,
469 3610 546 3671 είς
598 3607 660 3659 τὸ
706 3606 880 3658 θέλειν
921 3606 1007 3659 διὰ
1052 3606 1285 3669 πίστεως
1319 3608 1610 3661 κολλᾶσθαι
1656 3608 1792 3679 Θεῷ.

231 3692 461 3745 Ἑαυτὸν
499 3692 787 3761 τοιγαροῦν
828 3693 1009 3744 εἰκόνα
1056 3694 1150 3745 καὶ
1173 3693 1339 3746 τύπον
1361 3696 1453 3747 τοῦ
1478 3695 1799 3765 πράγματος

224 3781 518 3852 παραθεὶς,
554 3784 646 3835 καὶ
696 3782 1048 3852 παρενεγκὼν
1092 3786 1170 3846 εἰς
1202 3784 1364 3853 μέσον
1394 3786 1454 3838 τὸ
1481 3787 1561 3849 είς
1606 3787 1801 3852 αὐτοὺς

225 3869 326 3941 ἤδη
379 3868 760 3939 τετελεσμένον
799 3869 946 3941 αύτῷ
969 3910 984 3935 ,
1014 3871 1295 3941 μιμεῖσθαί
1315 3889 1371 3925 τε
1401 3874 1574 3926 πείθει
1604 3875 1696 3928 τὸν
1720 3875 1799 3930 δι-

219 3956 515 4017 δάσκαλον,
542 3958 636 4011 καὶ
679 3961 792 4022 τοῖς
839 3958 973 4023 ἴσοις
1004 3959 1330 4029 διαλάμπειν
1380 3964 1574 4027 αὐτοὺς
1602 3982 1796 4036 κατορ-

218 4048 462 4118 θώμασι,
493 4048 662 4118 λέγων
687 4067 732 4102 ἰ
759 4051 869 4121 Οὐχ
896 4052 1053 4123 ὑμεῖς
1082 4070 1148 4123 με
1177 4053 1517 4120 ἐξελέξασθε,
1546 4056 1660 4109 ἀλλ’
1690 4057 1799 4127 ἐγὼ

218 4138 365 4206 ὑμᾶς
400 4137 752 4211 ἐξελεξάμην,
798 4158 817 4192 ι
848 4141 943 4194 καὶ
984 4140 1054 4194 τά
1096 4141 1306 4204 τούτοις
1342 4142 1557 4215 ἐφεξῆς.
1602 4146 1799 4201 Ἐννόει

217 4229 325 4301 γὰρ
379 4228 606 4297 λέγοντα
654 4230 817 4301 τυχόν
837 4248 851 4262 ·
883 4231 1272 4302 Περιζὼσασθε
1307 4234 1407 4306 την
1434 4239 1512 4300 είς
1535 4236 1799 4309 ἀλλήλους

219 4314 523 4390 ἀγάπην,ῶ
555 4322 795 4392 μαθηταί
817 4339 830 4354 ·
860 4322 1029 4376 ταῦτα
1053 4320 1168 4397 ’γὰρ
1195 4325 1345 4395 δήτοι
1377 4330 1592 4395 φρονεῖν
1615 4344 1671 4381 τε
1707 4330 1798 4382 καὶ

1972 1971 2082 2028 Nec
2133 1983 2359 2031 sanctos
2404 1975 2705 2047 discipulos
2747 1977 3093 2049 gravioribus
3125 1980 3306 2037 verbis
3338 1996 3470 2039 one-

1900 2060 2011 2114 rari
2043 2060 2195 2126 sinit,
2228 2062 2453 2118 humani
2478 2064 2683 2135 ingenii
2716 2067 3145 2123 imbecillitatem
3169 2085 3278 2124 non
3310 2071 3469 2143 igno-

1901 2167 2055 2219 rans,
2097 2161 2156 2207 ut
2206 2151 2369 2220 Deus,
2400 2170 2501 2209 nec
2537 2155 2899 2211 immoderata
2953 2159 3140 2213 laztitia
3174 2159 3339 2215 dilabi
3371 2177 3470 2233 pa—

1899 2240 2033 2295 titur
2062 2243 2267 2313 (gravis
2290 2246 2435 2297 enim
2459 2244 2548 2298 hic
2578 2261 2797 2317 quoque
2832 2248 3059 2305 morbus
3088 2249 3211 2317 e8t),
3244 2252 3341 2307 sed
3361 2267 3468 2308 una

1900 2332 2306 2402 quodammodo
2334 2350 2399 2389 ex
2431 2335 2697 2391 ambobus
2728 2338 3107 2396 mediocritate
3151 2352 3468 2412 temperata,

1858 2418 1861 2421 ’
1899 2423 1953 2477 in
2011 2431 2188 2479 tutum
2240 2425 2345 2479 iter
2377 2441 2473 2483 eos
2525 2429 2917 2498 convenienter
2948 2429 3193 2498 deducit,
3246 2440 3300 2487 et
3341 2434 3470 2488 vita:

1899 2515 2205 2572 stabilioris
2252 2528 2418 2586 atque
2449 2520 2599 2572 omni
2652 2534 2842 2575 errore
2868 2536 3057 2575 vacua:
3100 2523 3469 2592 cognitionem

1898 2605 2111 2661 inserit.
2143 2607 2251 2664 Eos
2281 2609 2463 2679 itaque
2504 2609 2641 2663 satis
2681 2624 2956 2680 superque
2991 2608 3287 2666 verborum
3319 2614 3470 2669 sola-

1897 2697 1974 2750 tio
2001 2697 2285 2765 delinitos,
2325 2709 2381 2753 et
2414 2700 2617 2768 quibus
2650 2715 2715 2754 ex
2748 2701 2912 2756 rebus
2943 2717 3042 2771 par
3088 2710 3206 2757 erat
3239 2718 3334 2760 eos
3365 2704 3469 2758 tri-

1895 2787 2045 2843 stitia
2088 2787 2249 2852 allici,
2278 2804 2309 2844 e
2336 2790 2619 2844 contrario
2650 2790 2890 2861 gaudere
2925 2807 3239 2861 persuasos,
3284 2795 3350 2849 ad
3387 2796 3467 2849 la-

1894 2872 2044 2927 boris
2072 2873 2312 2928 studium
2348 2874 2623 2931 hortando
2655 2892 2850 2932 rursus
2875 2878 2943 2933 ad
2973 2895 3293 2949 generosam
3319 2898 3468 2938 men-

1897 2971 2003 3017 tem
2058 2964 2240 3031 erigit,
2288 2966 2551 3036 omnique
2598 2968 2811 3023 ratione
2847 2970 2900 3023 in
2929 2980 3174 3027 mutuum
3227 2988 3468 3029 amorem

1893 3068 2087 3107 versos
2122 3055 2377 3123 opitulari
2407 3055 2565 3126 jubet
2597 3056 2909 3115 inﬁdelibus
2937 3061 3139 3126 adhuc,
3170 3070 3224 3118 et
3250 3063 3471 3134 pietatis

1897 3143 2245 3197 sermonibus
2281 3159 2345 3198 ac
2395 3146 2654 3215 cperlbus
2686 3156 2959 3216 errantes,
3006 3151 3231 3222 adigere
3275 3159 3336 3207 ut
3372 3167 3472 3223 per

1898 3230 2058 3285 ﬁdem
2087 3230 2197 3286 Deo
2231 3234 2562 3290 cohaereant.
2598 3235 2850 3307 Seipsum
2883 3241 3049 3309 igitur
3081 3242 3369 3311 imaginem
3404 3256 3471 3297 ac

1896 3324 2085 3388 typum
2137 3322 2301 3377 istius
2341 3322 2420 3375 rei
2455 3323 2744 3391 exhibens,
2780 3334 2834 3380 et
2886 3327 2941 3380 in
2998 3329 3234 3382 medium
3290 3329 3471 3399 profe-

1897 3425 2024 3465 rens
2054 3413 2198 3482 quod
2238 3427 2369 3484 erga
2407 3430 2501 3468 eos
2535 3424 2839 3486 peregerat,
2868 3416 3188 3485 magistrum
3225 3433 3383 3472 suum
3409 3427 3469 3473 ut

1900 3499 2181 3555 imitentur
2232 3505 2547 3572 persuadet,
2606 3520 2670 3559 ac
2722 3504 2997 3559 similibus
3048 3506 3312 3575 operibus
3354 3507 3469 3561 cla-

1897 3599 2075 3656 rcant,
2121 3591 2349 3647 dicens:
2397 3613 2416 3645 ι
2462 3593 2580 3648 Νοιι
2639 3610 2739 3649 vos
2792 3610 2878 3648 me
2930 3597 3192 3664 elegistis,
3228 3596 3323 3651 sed
3368 3613 3469 3669 ego

1897 3678 2048 3748 elegi'
2069 3697 2189 3745 vos,
2242 3700 2261 3733 ι
2315 3693 2367 3736 et
2399 3698 2519 3752 quae
2555 3692 2878 3753 sequuntur.
2924 3684 3090 3754 Finge
3142 3687 3289 3740 enim
3339 3702 3467 3742 eum

1899 3769 1971 3823 ita
2007 3771 2192 3840 loqui:
2220 3772 2626 3846 Prmcingimini
2661 3776 2950 3830 dilectione
2989 3785 3205 3838 mutua.
3233 3792 3267 3833 ο
3298 3778 3469 3834 disci-

1900 3863 2035 3931 puli.
2087 3866 2213 3917 Harc
2246 3866 2389 3919 enim
2430 3864 2674 3935 profecto
2707 3865 2899 3936 sapere
2934 3876 2989 3922 et
3042 3867 3222 3924 facere
3269 3870 3361 3924 alii
3410 3871 3467 3925 in

1899 3956 2038 4008 alios
2084 3954 2187 4023 ipsi
2228 3955 2461 4021 debetis,
2495 3971 2558 4010 ac
2590 3957 3074 4012 vehementissimo
3114 3960 3298 4014 studio
3336 3975 3468 4030 ope-

1901 4045 2009 4097 rari
2040 4052 2203 4115 atque
2230 4046 2363 4100 eniti
2402 4063 2523 4116 qua:
2546 4049 2699 4116 prius
2727 4048 2780 4101 in
2822 4064 2919 4102 vos
2951 4064 3051 4119 ego
3094 4050 3322 4118 perfeci.
3354 4050 3470 4121 Ego

1898 4136 2045 4189 enim
2077 4135 2213 4205 elegi
2259 4152 2375 4200 vos,
2413 4152 2523 4191 non
2552 4153 2651 4193 vos
2692 4153 2800 4192 me.
2833 4136 2945 4209 Ego
2993 4154 3079 4193 me
3117 4140 3271 4195 vobis
3314 4141 3468 4212 igno-

1900 4226 2152 4281 rantibus
2218 4228 2459 4281 inaudita
2526 4229 2767 4283 bonitate
2819 4239 2873 4284 et
2931 4230 3218 4284 clementia
3278 4241 3466 4286 notum

1903 4317 2028 4384 feci,
2060 4328 2114 4373 et
2153 4319 2221 4372 ad
2262 4328 2467 4373 tantam
2507 4321 2673 4374 animi
2724 4322 3089 4375 constantiam
3127 4336 3189 4376 ac
3240 4322 3467 4377 ﬁrmita—

218 4411 349 4481 δρᾷν
375 4413 456 4474 είς
489 4412 709 4481 ἑτέρους
754 4413 997 4480 ὀφείλετε
1040 4415 1138 4470 καὶ
1176 4414 1336 4485 ὑμεῖς
1382 4418 1555 4482 αὐτοὶ,
1585 4420 1679 4472 καὶ
1710 4419 1798 4472 διά

1906 4419 2011 4465 tem
2062 4426 2163 4481 ego
2204 4427 2301 4466 vos
2343 4412 2619 4473 revocavi,
2674 4418 2733 4464 ut
2766 4413 3059 4480 procedere
3107 4416 3467 4485 progrediquc

223 4504 473 4555 συντόνου
504 4504 741 4573 σπουδῆς
772 4504 1099 4575 ἐργάζεσθαι
1132 4508 1335 4574 φιλεῖν,
1376 4509 1518 4580 ἆπερ
1548 4510 1627 4573 είς
1660 4512 1806 4581 ὑμᾶς

222 4592 331 4660 ἐγὼ
360 4594 617 4647 τετέλεκα
661 4594 895 4661 φθάσας.
955 4595 1095 4662 Ἐγὼ
1124 4596 1229 4667 γὰρ
1263 4598 1593 4671 ἐξελεξάμην
1625 4602 1768 4671 ὑμᾶς
1788 4618 1803 4632 ⁸

223 4683 318 4734 οὐκ
345 4683 444 4752 ἐμὲ
478 4684 679 4753 μᾶλλον
708 4685 889 4754 ὑμεῖς.
922 4684 1068 4749 Ἐγὼ
1094 4688 1522 4761 ¹προσηγαγόμην
1552 4692 1646 4743 καὶ
1672 4693 1807 4760 γνὼ-

228 4768 384 4840 ριμον
411 4772 510 4841 μὲν
552 4773 653 4825 οὐκ
687 4773 852 4826 εἰδόσι
883 4773 1214 4845 κατέστησα,
1246 4774 1313 4828 δι’
1355 4778 1608 4850 ὑπερφυᾶ
1631 4781 1803 4853 γαλη-

229 4857 442 4928 νότητα,
475 4862 559 4922 είς
604 4860 826 4931 ἑδραίαν
874 4861 932 4913 δὲ
981 4861 1155 4925 οὕτως
1208 4864 1505 4936 ἀνεκόμισα
1552 4868 1799 4941 γνώμην,

227 4945 361 4999 ὥστε
405 4950 555 5019 ὑμᾶς
595 4951 839 5018 ἀνάγειν,
869 4951 1017 5004 τοῦτ’
1047 4951 1214 5015 ἔστιν,
1247 4956 1334 5008 ἀεὶ
1368 4958 1503 5027 πρὸς
1526 4959 1586 5011 τὸ
1622 4962 1803 5029 μεῖζον

226 5036 562 5092 ὲκτείνεσθαι
606 5041 700 5092 καὶ
744 5045 1114 5112 καρποφορεῖν
1147 5043 1406 5097 δύνασθαι
1431 5046 1508 5115 τῷ
1539 5048 1678 5117 Θεῷ.
1707 5030 1823 5101 Διά·

224 5141 281 5176 τε
311 5128 499 5180 τούτου
528 5128 664 5198 πρὸς
691 5131 958 5200 τοσαύτην
1005 5131 1135 5184 ίοιτε
1178 5133 1514 5202 παρρησίαν,
1542 5134 1684 5189 ὥστε
1711 5138 1804 5190 καὶ

225 5218 252 5268 ὅ
271 5234 321 5269 τι
356 5220 421 5271 ἂν
454 5220 647 5287 αἰτῆτε
678 5220 859 5273 λοιπὸν
892 5222 983 5274 ἐπὶ
1010 5221 1086 5292 τῷ
1115 5222 1339 5293 ὀνόματί
1368 5240 1490 5293 μου,
1523 5224 1681 5278 τοῦτο
1712 5229 1805 5281 καὶ

226 5306 424 5364 λαϐεῖν.
452 5309 668 5361 Οὐκοῦν
698 5311 927 5381 ἐπείπερ
952 5311 1059 5365 τῶν
1088 5313 1233 5382 ἐμῶν
1269 5317 1392 5367 κατ’
1417 5316 1562 5385 ἴχνος
1595 5318 1805 5388 βαίνετε

226 5398 395 5452 λόγων
426 5417 487 5452 τε
518 5400 980 5472 καὶμδιοικήσεων,
1006 5404 1098 5456 καὶ
1129 5403 1227 5473 τὴν
1260 5390 1372 5467 τοῖς
1404 5407 1647 5476 γνησίοις
1675 5410 1809 5478 πρέ-

227 5506 433 5543 πουσαν
468 5490 738 5561 μαθηταῖς
768 5494 1172 5565 περιζώσασθαι
1214 5494 1325 5567 [ἴον.
1371 5496 1806 5569 περιεζώσασθε]

297 5683 341 5715 ⁸⁸
363 5681 529 5737 Joan.
569 5696 659 5749 xv,
686 5682 736 5736 5.

1903 4520 2120 4574 semper
2164 4505 2218 4557 in
2252 4504 2454 4572 majus,
2482 4510 2536 4558 et
2566 4503 2809 4556 fructum
2852 4503 3048 4557 aﬂ'erre
3069 4503 3181 4558 Deo
3218 4507 3466 4573 possitis,

1899 4603 1973 4665 (εῑῇ
1988 4610 2084 4665 per
2115 4595 2218 4648 hoc
2247 4594 2313 4647 ad
2350 4602 2557 4647 tantam
2592 4594 2846 4647 ﬁduciam
2878 4595 3053 4657 evehi,
3082 4603 3141 4648 ut
3182 4596 3461 4664 quodcun-

1898 4661 2007 4755 qde
2050 4685 2318 4753 petieritis
2371 4685 2425 4737 in
2462 4685 2679 4739 nomine
2730 4699 2871 4747 meo,
2909 4685 2959 4738 id
2995 4686 3266 4754 accepturi
3322 4685 3465 4739 sitis.

1898 4775 2242 4844 Quapropter
2274 4787 2399 4828 cum
2441 4788 2687 4827 meorum
2721 4788 3035 4827 sermonum
3082 4789 3145 4827 ac
3178 4775 3464 4842 dispensa-

1900 4866 2063 4920 tionis
2091 4865 2319 4933 vestigia
2371 4864 2699 4932 sequamini,
2730 4872 2783 4916 et
2816 4879 2882 4918 eo
2913 4864 3006 4933 qui
3038 4880 3198 4919 veros
3239 4878 3302 4918 ac
3336 4863 3464 4932 legi-

1900 4958 2063 5011 timos
2100 4956 2403 5025 discipulos
2455 4956 2611 5009 decet
2665 4956 2850 5009 animo
2900 4954 3109 5023 praediti
3163 4955 3305 5019 sitis,
3354 4969 3465 5007 non

1895 5050 2006 5118 jam
2044 5046 2414 5101 cunctandum
2443 5047 2597 5101 vobis
2624 5054 2731 5109 est,
2765 5045 3303 5115 ex3pectandtunque
3335 5046 3465 5098 dum

1901 5139 1966 5192 ad
1994 5137 2174 5193 'lidem
2219 5136 2385 5207 893
2430 5144 2485 5190 et
2518 5137 2581 5189 ad
2616 5138 2870 5206 pietatem
2906 5137 3055 5188 ultro
3087 5149 3146 5188 se
3175 5136 3467 5203 quisquam

1902 5229 2134 5298 ingerat,
2184 5227 2279 5282 sed
2315 5227 2698 5297 ignorantibus
2724 5234 2776 5280 et
2823 5225 3137 5279 errantibus
3185 5225 3385 5292 adhuc,
3412 5234 3467 5280 et

1903 5323 1994 5389 qui
2049 5319 2292 5373 nondum
2353 5319 2651 5372 salutarem
2705 5315 3148 5384 praedicationem
3203 5329 3467 5385 suscepe-

1902 5419 2031 5462 runt
2067 5410 2235 5471 ultro,
2266 5422 2363 5461 vos
2408 5407 2665 5459 ductores
2718 5403 2935 5466 offerre,
2991 5417 3196 5471 eosque
3246 5412 3469 5461 strenue

1896 5501 2182 5569 adhortari
2226 5499 2484 5553 convenit
2527 5495 2592 5547 ad
2624 5509 2763 5548 verae
2795 5492 2888 5548 Dei
2940 5494 3273 5562 cognitionis
3316 5508 3464 5550 com-
