4024 6262
532 353 632 409 591

1558 350 1616 404 5.
1654 349 1930 407 CYRILLI
1967 352 2438 411 ALEXANDRINI
2477 353 2798 412 ARCIIIEP.

3690 359 3790 414 392

531 471 976 544 prehensionem,
1009 470 1137 525 licet
1165 469 1229 524 ad
1267 470 1706 526 incredulitatem
1740 483 2100 544 exasperetur

2206 477 2472 548 γνώμην,
2521 478 2622 530 οὐκ
2671 475 3000 530 ἀνακόπτειν
3053 473 3345 528 ἀκόλουθον
3403 473 3792 545 περιμένοντας

533 563 873 619 audientium
903 563 1141 618 animus.
1175 560 1268 616 Sic
1299 563 1444 616 enim
1475 572 1528 618 et
1561 563 1664 633 ipsi
1704 565 1862 620 vobis
1893 566 2104 623 similes

531 665 716 722 erunt,
748 657 853 711 hoc
881 665 961 708 est
989 654 1295 722 proficient,
1337 669 1399 708 ac
1431 655 1690 709 redibunt
1723 672 2020 728 progressu
2050 661 2104 712 in

531 751 727 802 melius
778 747 860 800 ad
899 744 1136 799 fructum
1176 747 1231 800 in
1260 746 1372 800 Deo
1405 746 1714 813 ferendum,
1747 756 1806 802 ut
1863 747 2104 805 fructum

531 838 748 905 quidem
783 836 1021 890 habeant
1051 837 1201 890 illum
1235 851 1452 906 semper
1489 845 1800 892 manentem
1835 854 1898 893 ac
1941 839 2107 893 dura-

531 927 716 992 bilem,
744 941 1044 996 precesque
1075 936 1183 980 tam
1215 936 1401 997 gratas
1436 937 1489 981 et
1526 937 1800 998 acceptas,
1845 937 1903 982 ιιι
1931 929 2108 999 quod-

532 1032 749 1083 cunque
803 1016 974 1071 velint
1025 1015 1321 1087 accipiant,
1361 1017 1405 1072 si
1461 1025 1671 1071 tantum
1726 1018 1859 1072 illud
1898 1019 1951 1072 in
2002 1033 2106 1072 no-

530 1109 678 1164 mine
707 1123 826 1163 meo
861 1097 1372 1178 petierintQIgitur,
1412 1115 1472 1160 ut
1515 1108 1618 1162 loci
1659 1109 1824 1178 hujus
1875 1123 2104 1178 scopum

529 1217 727 1256 rursus
764 1201 954 1270 paucis
985 1200 1255 1270 complexi
1297 1199 1647 1254 manifestum
1676 1216 1800 1255 eum
1838 1195 2106 1255 faciamus

441 1344 450 1353 .
529 1295 896 1355 auditoribus,
925 1294 1085 1346 talem
1117 1294 1171 1346 in
1200 1292 1337 1346 alios
1371 1292 1718 1346 dilectionem
1749 1293 1952 1348 habere
1982 1307 2104 1362 per-

530 1383 726 1440 suadet
752 1383 1072 1452 discipulos,
1105 1383 1322 1450 taleque
1353 1384 1469 1436 vult
1501 1398 1596 1438 eos
1633 1383 1875 1436 studium
1904 1397 2016 1451 prae
2045 1397 2106 1437 se

530 1475 674 1532 ferre
709 1477 764 1530 in
795 1483 1015 1529 strenue
1049 1473 1446 1542 pertrahendos
1477 1472 1544 1527 ad
1577 1473 1738 1528 fidem
1787 1489 1977 1528 eorum
2014 1471 2104 1542 qui

528 1571 772 1625 nondum
803 1567 1036 1624 credunt
1072 1567 1306 1630 animos,
1347 1566 1566 1636 qualem
1597 1581 1657 1622 se
1705 1567 1821 1637 ipse
1861 1567 2016 1637 prius
2049 1566 2106 1620 in

528 1677 630 1716 nos
659 1668 753 1714 aut
779 1674 910 1728 erga
948 1673 1044 1713 eos
1077 1657 1348 1711 exhibuit.
1378 1655 1533 1722 Quod
1577 1657 1724 1712 enim
1775 1657 1890 1727 ipse
1936 1657 2106 1712 disci-

528 1751 687 1820 pulos
722 1750 968 1820 elegerit,
1004 1755 1164 1802 nemo
1193 1747 1437 1812 dubitat,
1483 1757 1537 1802 et
1567 1763 1680 1818 quo
1714 1756 1876 1818 pacto
1914 1749 2106 1806 unius-

2207 569 2396 630 ἀπλῶς
2423 568 2512 620 τὸν
2543 568 2619 630 είς
2651 566 2832 618 πίστιν
2866 563 3183 634 αὐτόμολον,
3213 563 3310 616 καὶ
3350 563 3684 634 αὐτόκλητον
3715 567 3792 628 είς

2207 657 2510 710 εὐσέϐειαν.
2553 655 2809 716 Ἑαυτοὺς
2850 653 2905 706 δὲ
2952 654 3155 724 μᾶλλον
3205 655 3314 714 τοῖς
3347 651 3636 719 ἀγνοοῦσιν
3680 653 3788 719 ἔτι,

2207 750 2303 802 καὶ
2335 747 2706 818 πλανωμένοις
2749 745 3049 816 προσάγειν
3089 743 3467 816 χειραγωγούς
3494 744 3590 796 καὶ
3620 761 3790 814 προσ-

2209 837 2480 908 κομίζειν,
2515 839 2610 891 καὶ
2655 840 2768 900 τοῖς
2796 836 2952 890 οῦπω
2996 836 3190 907 μαθεῖν
3225 834 3501 904 ἑλομένοις
3533 834 3594 886 τὸ
3623 836 3790 905 σωτήο

2211 946 2324 1000 ριον
2371 930 2630 998 κήρυγμα
2655 967 2670 992 ,
2705 926 3043 998 παρακαλεῖν
3073 943 3132 978 τε
3174 923 3474 995 προθύμως
3516 923 3655 993 πρὸς
3693 924 3788 993 τὴν

2208 1023 2305 1091 τῆς
2332 1020 2564 1090 ἀληθοῦς
2607 1019 2938 1088 θεογνωσίας
2974 1017 3108 1070 ἰέναι
3162 1015 3490 1084 κατάληψιν,
3522 1013 3626 1068 κᾶν
3659 1015 3791 1068 ἀπο·

2207 1111 2543 1181 τραχύνηταί
2572 1129 2687 1174 πως
2715 1112 2795 1172 είς
2816 1109 3099 1164 ἀπείθειαν
3120 1109 3229 1162 τῶν
3257 1109 3567 1162 ἀκουόντων
3591 1109 3620 1160 6
3645 1109 3790 1172 νοῦς.

2208 1198 2333 1255 Εἶεν
2367 1202 2472 1272 γὰρ
2504 1203 2570 1256 ἂν
2603 1200 2746 1254 οὕτω
2785 1202 2876 1254 καὶ
2925 1201 3080 1253 αὐτοὶ
3113 1199 3234 1253 καθ’
3275 1201 3438 1270 ὑμᾶς,
3461 1198 3607 1253 τοῦτ’
3654 1200 3790 1264 ἐστι,

2209 1293 2543 1366 προκόψουσι
2591 1296 2687 1348 καὶ
2737 1293 3130 1349 ἀπελεύσονται
3178 1294 3298 1355 ταῖς
3345 1293 3426 1356 είς
3466 1291 3528 1344 τὸ
3572 1291 3792 1362 ἄμεινον

2210 1387 2542 1452 ἐπιδόσεσιν,
2573 1388 2653 1452 εἰς
2689 1387 3064 1458 καρποφορίαν
3090 1385 3186 1455 τὴν
3211 1385 3268 1436 ἐν
3300 1383 3441 1453 Θεῷ,
3469 1383 3546 1445 ὡς
3583 1382 3793 1453 καρπὸν

2211 1477 2311 1548 μὲν
2342 1478 2484 1547 ἔχειν
2509 1479 2601 1531 τὸν
2645 1479 2731 1532 ἀεὶ
2758 1480 2984 1550 μένοντα
3015 1479 3108 1532 καὶ
3133 1477 3458 1546 σωζόμενον,
3487 1474 3794 1545 προσευχὴν

2206 1569 2262 1622 δὲ
2303 1569 2446 1624 οὔτω
2493 1571 2724 1642 δεκτὴν,
2757 1572 2832 1634 ὡς
2884 1572 3020 1643 ὅπερ
3061 1571 3127 1624 ἂν
3174 1569 3455 1640 βούλονται
3488 1567 3709 1629 λαϐεῖν,
3746 1568 3792 1620 εί

2213 1657 2370 1729 μόνον
2419 1663 2618 1714 αἰτοῖεν
2653 1662 2748 1714 ἐπ)⁸
2777 1661 2855 1732 τῷ
2899 1661 3124 1732 ὀνόματί
3171 1677 3293 1730 μου.
3324 1657 3557 1723 Οὐκοῦν,
3597 1658 3792 1728 χρῆναι

2210 1749 2318 1820 γὰρ
2345 1751 2521 1814 πάλιν,
2550 1751 2623 1815 ὼς
2653 1753 2710 1805 ἐν
2739 1751 2939 1821 ὀλίγοις
2970 1753 3258 1804 συνελόντα
3287 1750 3378 1804 τὸν
3424 1749 3520 1802 τοῦ
3575 1766 3796 1820 προκει-

529 1843 800 1912 cnjusque
843 1841 1060 1897 vocatio
1096 1841 1410 1912 contigerit,
1443 1841 1776 1910 superfluum
1810 1857 1933 1897 esse
1980 1857 2100 1897 reor

2213 1841 2374 1910 μένου
2426 1843 2647 1906 σκοπὸν,
2700 1842 2845 1913 σαφῆ
2880 1843 3220 1914 καταστῆσαι
3243 1845 3357 1904 τοῖς
3401 1841 3792 1911 ἀκροωμένοις,

529 1935 620 1989 hic
664 1934 895 1990 aﬂ'erre:
931 1941 1114 1988 tamen
1152 1932 1461 1988 Servatoris
1493 1949 1802 1989 sermonem
1827 1949 1950 1989 eum
1980 1950 2106 1990 sen-

530 2039 653 2081 sum
687 2019 889 2095 ’parere
922 2038 1084 2092 quem
1120 2022 1284 2078 modo
1334 2023 1472 2090 dixi,
1513 2039 1618 2078 non
1669 2022 1854 2078 minus
1901 2037 1966 2078 ex
2013 2037 2105 2078 εει-

529 2117 828 2186 quentibus
859 2115 1086 2184 patebit.

2210 1931 2464 2002 τοιαύτην
2511 1937 2656 2004 ἐχειν
2700 1935 2779 1998 είς
2828 1934 3047 2004 ἑτέρους
3076 1932 3357 1986 ἀναπείθει
3390 1934 3516 1994 τοὺς
3550 1930 3792 2002 μαθητὰς

2210 2021 2309 2092 τὴν
2343 2023 2582 2094 ἀγάπην,
2615 2026 2708 2078 καὶ
2760 2025 3020 2094 τοιαύτην
3050 2023 3246 2086 αὐτοὺς
3281 2021 3624 2094 ἐπιτηδεύειν
3655 2021 3792 2074 θέλει

2210 2113 2308 2182 τὴν
2341 2113 2648 2184 προθυμίαν
2687 2116 2765 2179 εἰς
2795 2116 2856 2168 τὸ
2885 2113 3196 2188 μηδαμόθεν
3236 2116 3521 2167 κατοκνεῖν
3561 2112 3660 2175 τὰς
3688 2112 3792 2164 τῶν

527 2206 680 2278 οῦπω
707 2205 1147 2259 πεπιστευκότων
1169 2204 1347 2274 ψυχάς
1369 2202 1676 2274 φιλοθηρεῖν
1697 2202 1776 2266 είς
1795 2199 2104 2276 εὐσέϐειαν,
2145 2202 2444 2276 ὁποίανπερ
2478 2205 2690 2275 φθάσας
2716 2207 2877 2271 αὐτὸς
2906 2209 2983 2270 εἰς
3023 2207 3194 2276 ἡμᾶς,
3224 2205 3340 2276 ἦτοι
3397 2203 3534 2274 πρὸς
3596 2204 3788 2264 αὐτοὺς

527 2301 846 2367 ἐνεδείξατο.
878 2301 1000 2354 Ὀτι
1039 2299 1146 2370 γὰρ
1180 2297 1342 2360 αὐτὸς
1380 2295 1673 2360 ἐπελέξατο
1701 2294 1828 2358 τούς
1898 2293 2146 2364 μαθητὰς
2183 2295 2284 2349 οὐκ
2335 2297 2633 2367 ἀμφίϐολον
2660 2339 2674 2363 ,
2707 2301 2800 2354 καὶ
2836 2297 3122 2370 περιττὸν,
3147 2289 3321 2366 οἶμαι,
3370 2293 3573 2365 λέγειν,
3647 2297 3790 2360 ὅπως

524 2415 584 2451 τε
633 2394 873 2450 κα“ι“τίνα
915 2394 1114 2464 τρόπον
1152 2393 1186 2461 ἡ
1209 2391 1439 2443 ἑκάστου
1476 2389 1664 2457 γέγονε
1700 2387 1889 2458 κλῆσις
1911 2402 1924 2416 ·
1966 2385 2106 2456 πλὴν
2143 2387 2227 2441 δτι
2259 2390 2499 2446 τοιοῦτον
2529 2386 2703 2446 ὠδίνει
2737 2392 2828 2445 τὸν
2859 2387 3058 2444 σκοπὸν
3082 2381 3174 2442 τοῦ
3211 2388 3462 2460 Σωτῆρος
3517 2390 3547 2442 6
3612 2387 3791 2458 λόγος,

525 2492 707 2546 ὁποῖον
738 2485 873 2553 ἔφην
916 2483 1140 2553 ἀρτίως,
1177 2483 1331 2536 οὐδὲν
1363 2478 1524 2552 ἦττον
1551 2481 1700 2551 ἡμᾶς
1727 2471 2082 2533 ἄναπείσεται
2112 2479 2329 2553 ἐφεξῆς,

597 2576 688 2631 XV
707 2617 721 2640 ,
757 2576 842 2629 l7.
879 2573 1008 2627 Haec
1035 2573 1228 2626 mando
1261 2571 1428 2638 vobis,
1455 2581 1511 2624 ut
1539 2571 1775 2642 diligatis
1797 2571 2033 2624 invicem.

596 2745 875 2818 Numquid
907 2760 1177 2815 suprema:
1201 2745 1448 2799 omnium
1483 2742 1796 2797 dilectionis
1823 2757 1960 2811 opus
1989 2755 2110 2794 esse

528 2841 826 2898 fatebimur
861 2836 1109 2891 infideles
1138 2835 1317 2889 adhuc
1339 2841 1393 2888 et
1420 2840 1668 2888 errantes
1693 2831 1758 2886 ad
1785 2831 2108 2900 obsequium

527 2933 624 2990 Dei
655 2931 897 2988 vocare?
943 2925 1341 2997 Ambigendum
1375 2931 1524 2980 certe
1552 2939 1658 2978 non
1701 2931 1803 2978 est.
1838 2922 1990 2988 Quod
2020 2923 2103 2991 ip-

527 3043 650 3084 sum
680 3028 861 3082 facere
890 3023 1096 3078 Paulus
1129 3017 1457 3080 conabatur,
1487 3015 1709 3070 dicens:
1751 3032 1769 3063 ι
1811 3012 1916 3066 Ρι·ο
1947 3010 2098 3066 Chri-

2280 2574 2477 2630 Ταῦτα
2521 2573 2874 2643 ἐντέλλομαι
2924 2566 3102 2642 ὑμῖν,
3135 2572 3234 2624 ἵνα
3279 2571 3549 2643 ἀγαπᾶτε
3595 2569 3790 2640 ἁλλήο

2205 2671 2354 2732 λους

2283 2757 2350 2808 Ἦ
2393 2756 2499 2823 γάρ
2542 2755 2661 2825 οὐχὶ
2701 2755 2799 2826 τῆς
2851 2755 3110 2808 ἀνωτάτω
3140 2753 3330 2808 πασῶν
3378 2753 3601 2824 ἀγάπης
3631 2752 3791 2825 ἔργον

2207 2841 2344 2899 εἶναι
2394 2845 2638 2915 δώσομεν
2667 2844 2729 2896 τὸ
2780 2845 3134 2909 ἐπιλέξασθαι
3179 2862 3239 2901 τε
3272 2846 3365 2899 καὶ
3397 2845 3628 2899 καλέσαι
3657 2843 3791 2916 πρὸς

2213 2935 2458 3006 ὑπακοὴν
2497 2936 2576 3006 τῷ
2623 2935 2742 3007 Θεῷ
2763 2975 2778 3000 ,
2813 2937 2936 3000 τοὺς
2968 2936 3229 3000 ἀπίστους
3258 2935 3336 2989 ἔτι
3374 2938 3469 2990 καὶ
3504 2934 3792 3006 πλανωμέο

2211 3043 2364 3092 νους;
2406 3026 2548 3078 Ἀλλ’
2580 3025 2727 3079 ἔστιν
2760 3026 2859 3078 οὐκ
2891 3021 3208 3096 ἀμφίϐολον.
3246 3025 3312 3080 ὐ
3341 3027 3436 3080 καὶ
3466 3025 3601 3097 δρᾷν
3633 3023 3791 3094 ἠπεί-

527 3136 613 3180 sto
642 3137 772 3194 ergo
815 3120 1086 3192 legatione
1121 3112 1425 3184 fungimur,
1456 3119 1718 3180 tanquam
1751 3106 1861 3162 Deo
1905 3105 2100 3160 exhor-

2210 3133 2355 3185 γετο,
2388 3117 2562 3186 λέγων
2591 3119 2619 3170 6
2658 3117 2902 3182 Παῦλοςο
2941 3136 2959 3169 ι
3007 3114 3179 3189 ’Υπὲρ
3228 3112 3470 3188 Χριστοῦ
3515 3113 3608 3171 οὖν
3653 3133 3790 3188 πρε-

527 3223 680 3269 tante
727 3230 824 3284 per
871 3226 989 3266 nos.
1025 3208 1394 3264 Obsecramus
1431 3219 1528 3274 pro
1574 3201 1817 3266 Christo,
1854 3197 2102 3255 reconci-

526 3307 736 3362 liarnini
773 3305 883 3361 Deo
913 3305 984 3356 ⁸¹.
1019 3321 1037 3354 ι
1066 3300 1210 3366 Quin
1232 3304 1286 3352 et
1313 3296 1508 3369 Petrus
1541 3294 1856 3349 Judaeorum
1888 3291 2102 3361 populis

525 3413 650 3453 cum
686 3396 883 3452 fiducia
916 3396 1145 3464 loquens
1179 3408 1191 3442 :
1228 3408 1246 3440 ι
1271 3386 1336 3442 Et
1366 3402 1535 3450 nunc,
1565 3384 1786 3450 fratres,
1823 3383 1941 3438 scio
1973 3381 2101 3451 quia

526 3505 622 3560 per
639 3487 1001 3559 ignorantiam
1028 3482 1258 3546 fecistis,
1280 3481 1424 3536 sicut
1440 3486 1493 3532 et
1510 3477 1786 3547 principes
1806 3473 1980 3529 vestri
1996 3473 2094 3525 ⁸³.»

531 3599 550 3631 ι
593 3577 943 3635 Ρωηίιειηίιιί
1000 3577 1191 3645 igitur,
1230 3580 1285 3628 et
1352 3571 1664 3641 haptizetur
1715 3567 2102 3636 unusquisque

524 3680 768 3726 vestrum
796 3671 851 3724 in
879 3669 1098 3724 nomine
1129 3665 1348 3720 Domini
1371 3662 1500 3718 Jesu
1531 3661 1737 3717 Christi
1761 3660 1828 3714 ⁸³.
1874 3677 1893 3711 ›
1932 3657 2101 3713 Vides

524 3772 583 3818 ut
611 3775 664 3818 et
695 3764 762 3818 iis
794 3763 885 3832 qui
916 3760 1158 3814 nondum
1187 3757 1348 3812 fidem
1385 3760 1743 3822 susceperant
1765 3751 2015 3807 studiose
2041 3763 2102 3804 se

523 3856 780 3919 offerant,
820 3863 873 3907 et
923 3851 1168 3906 nondum
1231 3849 1286 3902 in
1349 3845 1797 3915 disquisitionem
1852 3847 2100 3895 vocatam

524 3945 832 3998 doctrinam
887 3942 1192 4011 proferant,
1233 3935 1620 4006 ignorantibus
1651 3933 1787 4002 ipsis
1837 3945 1947 3984 non
1974 3943 2101 3998 per-

525 4035 807 4088 mittentes
847 4042 905 4084 ut
938 4029 1097 4099 primi
1150 4032 1415 4080 vocentur
1449 4022 1553 4092 ipsi
1589 4019 1857 4090 magistri,
1901 4016 1998 4105 se'd
2043 4015 2099 4068 in

525 4127 634 4180 hoc
664 4138 787 4178 eum
838 4122 1002 4177 etiam
1039 4117 1439 4190 praevenientes
1472 4113 1567 4183 qui
1617 4111 1858 4165 nondum
1891 4107 2099 4178 aliquid

525 4231 715 4272 eorum
759 4228 881 4283 quae
931 4211 1037 4266 sibi
1085 4207 1208 4263 usui
1249 4206 1429 4260 forent
1475 4205 1688 4259 discere
1741 4202 1920 4255 vellet.
1960 4199 2097 4254 Cum

526 4315 710 4361 autem
743 4303 1002 4358 Servator
1029 4301 1180 4356 dicat
1213 4318 1228 4354 ;
1277 4316 1294 4348 ι
1333 4298 1404 4354 Ut
1444 4311 1542 4350 vos
1567 4294 1729 4358 eatis,
1759 4300 1815 4347 et
1860 4291 2097 4346 fructum

527 4397 791 4460 aﬂeratis,
819 4403 872 4450 et
906 4393 1117 4448 fructus
1171 4397 1354 4446 vester
1388 4396 1625 4451 maneat,
1664 4403 1682 4437 ι
1717 4383 1846 4455 quid
1875 4383 2094 4438 demum

531 4489 800 4560 significet
835 4483 972 4540 illud
994 4498 1242 4554 qumrere
1273 4481 1547 4537 convenit.
1577 4477 1720 4546 Quid
1749 4479 1894 4533 enim
1919 4477 2094 4549 signi-

527 4581 671 4643 ticat,
712 4577 880 4649 895
931 4585 1024 4629 aut
1073 4575 1347 4646 quomodo
1394 4571 1777 4644 accipiendum
1817 4577 1924 4633 est,
1953 4567 2101 4639 quod

527 4674 626 4738 ait,
675 4685 897 4725 manere
945 4670 1183 4723 fructum
1217 4664 1657 4737 discipulorum?
1697 4663 1968 4717 Existimo
2000 4662 2103 4715 ῑιαο

525 4781 633 4834 que
678 4763 1024 4818 Servatorem
1082 4761 1323 4814 fructum
1375 4764 1684 4812 manentem
1732 4768 1931 4809 vocare
1988 4751 2104 4806 fru-

526 4865 674 4908 ctum
701 4853 1029 4923 evangelieae
1071 4851 1395 4920 disciplinae,
1426 4863 1535 4902 non
1569 4853 1752 4900 autem
1793 4842 2100 4913 legalisju-

526 4944 709 4998 stitiaz.
742 4942 1044 5010 Antiquata
1073 4940 1220 4994 enim
1253 4947 1337 4993 est
1369 4939 1479 5001 illa,
1510 4943 1796 5006 propterea
1834 4930 1978 5001 quod
2011 4931 2094 4983 ni-

527 5035 603 5088 Ιιιι
637 5035 863 5102 implere
889 5039 1121 5102 poterat.
1161 5049 1179 5081 ι
1216 5028 1355 5082 Nihil
1383 5029 1529 5083 enim
1565 5027 1631 5080 ad
1665 5023 1963 5095 perfectum
1998 5021 2098 5074 ad-

525 5126 687 5180 duxit
730 5129 840 5186 lex,
881 5143 901 5176 ι
941 5124 1097 5192 juxta
1128 5119 1283 5174 Pauli
1314 5120 1522 5174 dictum
1567 5117 1652 5184 υς
1683 5117 1777 5172 sed
1815 5116 1938 5184 ejus
1979 5114 2099 5166 loco

523 5225 712 5273 exorta
743 5225 828 5272 est
859 5231 1022 5278 nova,
1054 5229 1177 5284 quas
1211 5212 1443 5282 primam
1491 5209 1742 5278 antiquat
1775 5223 1837 5262 ac
1859 5206 2022 5263 delet.
2047 5211 2100 5258 et

521 5324 650 5364 vere
709 5316 1018 5362 manentem
1083 5321 1147 5360 ac
1197 5303 1507 5359 durabilem
1564 5299 1799 5354 fructum
1855 5296 2087 5353 inducit.

523 5398 870 5466 Quapropter
907 5398 1072 5452 etiam
1127 5396 1348 5451 divinus
1409 5393 1498 5448 ille
1545 5391 1750 5447 Paulus
1800 5404 1900 5444 nos
1949 5387 2090 5441 allo-

522 5503 722 5558 quens,
750 5488 1109 5543 libentissime
1139 5503 1198 5542 se
1218 5486 1447 5555 iustitia:
1486 5484 1672 5553 legalis
1698 5483 1971 5553 jacturam
2007 5477 2089 5532 fe-

521 5581 666 5634 cisse
709 5577 806 5643 ait,
832 5585 891 5631 ut
935 5577 1213 5632 Christum
1246 5577 1615 5644 luerifaceret,
1647 5579 1752 5631 hoc
1778 5583 1862 5630 est
1894 5588 1989 5642 per
2019 5574 2080 5627 li-

592 5759 634 5792 ⁸⁸
658 5759 704 5815 ιι
731 5758 862 5816 Cor.
897 5771 951 5825 ν,
991 5755 1080 5810 20.
1156 5757 1340 5812 “Act.
1381 5771 1465 5822 Ill,
1506 5756 1589 5810 l7.
1649 5755 1714 5821 ,“
1739 5755 1861 5809 Act.
1909 5768 1968 5818 ιι,
2003 5751 2091 5806 58.

2208 3208 2492 3279 σϐεύομεν,
2520 3209 2593 3272 ὡς
2619 3208 2710 3263 τοῦ
2735 3207 2869 3262 Θεοῦ
2902 3207 3344 3279 παρακαλοῦντος
3367 3209 3432 3262 δι’
3452 3209 3611 3280 ἡμῶν
3633 3225 3648 3240 ο
3675 3208 3790 3260 δεό-

2207 3301 2347 3372 μεθα
2371 3303 2511 3372 ὑπὲρ
2534 3301 2769 3372 Χριστοῦ
2789 3348 2801 3368 ,
2826 3305 3203 3374 καταλλάγητε
3225 3303 3301 3374 τῷ
3321 3301 3460 3373 Θεῷ.
3490 3320 3508 3353 ι
3541 3302 3653 3356 Καὶ
3686 3301 3788 3372 μὴν

2167 3396 2230 3481 ⁹ό
2257 3393 2460 3466 Πέτρος
2490 3397 2600 3457 τοῖς
2647 3395 2920 3458 Ἰουδαίοις
2952 3396 3145 3465 δήμοις
3174 3396 3233 3448 ἐν
3263 3394 3547 3466 παρρησίᾳ
3577 3391 3754 3447 λαλῶν
3773 3410 3786 3422 °

2209 3504 2226 3536 ι
2265 3486 2374 3538 Καὶ
2417 3485 2544 3549 νῦν,
2574 3485 2811 3555 ἀδελφοὶ,
2866 3482 3008 3551 οῖδα,
3058 3487 3140 3540 ὅτι
3175 3485 3316 3540 κατά
3354 3486 3578 3552 ἄγνοιαν
3619 3485 3789 3554 ἐπρά-

2205 3575 2551 3647 ξατε,ὦσπερ
2569 3577 2658 3631 καὶ
2674 3579 2722 3630 οἱ
2743 3577 3000 3648 ἄρχοντες
3013 3578 3186 3648 ὑμῶν.
3211 3598 3228 3631 ι
3256 3608 3326 3618 -
3355 3598 3372 3629 ι
3400 3579 3787 3648 Μετανοήσατε

2201 3661 2294 3720 οὖν
2329 3667 2420 3719 καὶ
2461 3667 2813 3738 βαπτισθήτω
2859 3668 3088 3730 ἕκαστος
3125 3667 3278 3738 ὑμῶν
3302 3709 3316 3732 ,
3349 3668 3406 3720 ἐν
3446 3665 3525 3737 τῷ
3562 3667 3787 3735 ὀνόματι

2202 3757 2295 3811 τοῦ
2349 3759 2557 3830 Κυρίου
2613 3758 2770 3830 ἡμῶν
2831 3759 3006 3829 Ἰησοῦ
3066 3759 3324 3828 Χριστοῦ.
3373 3777 3391 3808 ι
3436 3757 3601 3829 Ὁρᾷς
3641 3759 3786 3823 ὅπως

2205 3847 2303 3918 μὲν
2358 3849 2454 3901 καὶ
2505 3849 2617 3910 τοῖς
2677 3846 2831 3901 οῦπω
2889 3849 3316 3901 πεπιστευκόσιν
3349 3847 3632 3901 ὑπαντῶσι
3687 3848 3786 3918 μὲν

2203 3937 2609 4008 προθυμότατα,
2643 3937 2732 3991 τὸν
2773 3937 2830 3990 δὲ
2865 3936 3018 3991 οῦπω
3050 3937 3350 4009 ζητηθέντα
3389 3937 3785 4009 προκομίζουσι

2202 4027 2359 4096 λόγον
2389 4067 2403 4092 ,
2439 4029 2499 4081 οὐ
2547 4031 2658 4091 τοῖς
2711 4028 2994 4096 ἀγνοοῦσιν
3047 4030 3231 4094 αὐτοῖς
3287 4031 3681 4102 ἐπιτρέποντες
3724 4030 3784 4084 τδ

2202 4120 2400 4190 χρῆναι
2461 4119 2712 4190 πρώτους
2758 4121 2958 4183 αὐτοὺς
3004 4119 3353 4190 ἐπιλέγεσθαι
3408 4122 3779 4188 διδασκάλους,

2203 4209 2337 4263 ἀλλὰ
2368 4207 2658 4277 φθάνοντες
2707 4211 2788 4275 εἰς
2837 4210 2995 4264 τοῦτο
3018 4251 3031 4274 ,
3062 4211 3156 4264 καὶ
3186 4212 3277 4264 τὸν
3316 4211 3470 4266 οῦπω
3511 4214 3704 4283 μαθεῖν
3730 4229 3781 4264 τι

2201 4299 2310 4353 τῶν
2339 4301 2650 4369 ἀναγκαίων
2683 4300 2957 4355 ἐθέλοντα.
3002 4303 3218 4370 Ἐπειδὴ
3253 4303 3311 4356 δὲ
3335 4306 3445 4368 τοῖς
3465 4305 3560 4357 τοῦ
3597 4305 3777 4374 Σωτῆο

2206 4408 2298 4463 ρος
2328 4393 2360 4462 ἡ
2369 4391 2484 4462 μῶν
2518 4391 2837 4462 πρόσκειται
2867 4392 3046 4461 λόγοις
3066 4393 3125 4446 τὸ
3146 4412 3164 4445 ι
3190 4393 3310 4449 Ἵνα
3329 4395 3486 4466 ὑμεῖς
3509 4396 3776 4467 ὑπάγητε,

2205 4484 2300 4538 καὶ
2342 4485 2554 4552 καρπὸν
2587 4484 2808 4554 φέρητε,
2843 4486 2936 4538 καὶ
2967 4487 2995 4538 6
3037 4485 3249 4556 καρπὸς
3282 4487 3434 4556 ὑμῶν
3463 4486 3602 4560 μένῃ
3622 4505 3635 4518 ·
3670 4507 3688 4539 ι
3727 4487 3778 4540 τί

2201 4593 2333 4628 ποτε
2368 4576 2476 4645 ἀρα
2501 4575 2597 4629 καὶ
2637 4575 2796 4628 τοῦτο
2817 4576 2967 4646 δηλοῖ
2997 4577 3228 4646 ζητῆσαι
3257 4579 3546 4648 προσήκει,
3577 4579 3642 4630 Τί
3673 4579 3776 4648 γὰρ

2201 4666 2268 4720 ἂν
2297 4668 2486 4729 νοοῖτο,
2529 4667 2622 4719 καὶ
2653 4665 2772 4730 πῶς
2797 4666 2857 4720 τὸ
2885 4667 3083 4736 λέγειν,
3104 4669 3185 4720 ὅτι
3217 4667 3366 4738 μένει
3385 4670 3492 4726 τῶν
3522 4668 3774 4738 μαθητῶν

2199 4759 2228 4810 ὁ
2262 4757 2504 4826 καρπός;
2545 4753 2716 4828 Οἶμαι
2761 4758 2960 4820 τοίνυν,
2997 4759 3079 4811 ὃτι
3114 4758 3328 4828 καρπὸν
3358 4759 3590 4828 μένοντά
3616 4775 3774 4830 φησιν

2200 4847 2229 4897 6
2265 4847 2478 4918 Σωτὴρ,
2513 4847 2605 4902 τὸν
2635 4848 2724 4902 διὰ
2761 4849 2863 4918 τῆς
2895 4849 3258 4919 εὐαγγελικῆς
3290 4849 3624 4913 παιδεύσεως
3644 4890 3659 4912 ,
3687 4850 3776 4903 καὶ

2197 4938 2317 5023 εὐχὶ
2345 4939 2443 5008 τῆς
2464 4940 2520 4992 ἐν
2548 4940 2696 5010 νόμῳ
2721 4939 3083 5006 δικαιοσύνης.
3121 4941 3505 4994 Πεπαλαίωται
3535 4940 3636 5008 μὲν
3671 4941 3773 5008 γὰρ

2199 5029 2402 5098 ἐκείνη,
2429 5029 2519 5082 διά
2545 5031 2607 5082 τὺ
2635 5030 2800 5101 μηδὲν
2820 5030 3080 5084 δύνασθαι
3109 5030 3371 5101 πληροῦν.
3397 5049 3414 5082 ι
3447 5029 3771 5084 Τετελείωκε

2197 5120 2304 5189 γὰρ
2342 5120 2372 5172 6
2408 5121 2572 5190 νόμος
2597 5121 2772 5184 οὐδὲν,
2804 5140 2823 5173 ι
2863 5121 3004 5173 κατὰ
3045 5122 3146 5190 τὴν
3185 5120 3279 5174 τοῦ
3314 5121 3526 5175 Παύλου
3569 5122 3766 5192 φωνὴν,

2198 5209 2522 5263 ἀντανέθαλε
2559 5210 2616 5262 δὲ
2645 5210 2834 5280 ὥσπερ
2873 5212 2966 5264 καὶ
2997 5211 3366 5280 ἀντανέκυψεν
3401 5212 3434 5280 ἡ
3465 5211 3768 5280 καινὴ,.πα-

2199 5298 2424 5353 λαιοῦσά
2470 5317 2529 5352 τε
2581 5300 2677 5372 τὴν
2733 5300 2953 5372 πρώτην
2976 5341 2990 5365 ,
3024 5301 3120 5355 καὶ
3157 5300 3493 5369 ἀφανίζουσα
3517 5342 3531 5365 ,
3563 5301 3652 5353 καὶ
3683 5300 3768 5352 τὸν

2197 5389 2414 5459 ἀληθῶς
2446 5391 2680 5459 μένοντά
2716 5409 2772 5444 τε
2801 5392 2894 5444 καὶ
2935 5392 3241 5460 σωζόμενον
3270 5391 3604 5461 εἰσφέρουσα
3631 5407 3764 5458 καρο

2195 5482 2317 5534 πόν.
2373 5481 2660 5552 Τοιγάρτοι
2694 5483 2786 5536 καὶ
2819 5482 3031 5545 Παῦλος
3069 5484 3200 5552 ἡμῖν
3233 5483 3260 5534 6
3293 5481 3578 5545 θεσπέσιος
3606 5496 3768 5550 προσ-

2185 5572 2382 5636 λαλῶν,
2404 5573 2596 5642 ἥδιστά
2639 5591 2700 5626 τε
2740 5575 2834 5628 ml.
2884 5574 3128 5645 εὐμενῶς
3167 5573 3266 5644 τὴν
3309 5575 3366 5628 ἐν
3400 5571 3550 5643 νόμῳ
3575 5573 3766 5626 δικαιο-

2183 5751 2228 5782 ⁸⁵
2257 5750 2422 5808 Hebr.
2471 5770 2574 5812 ιἰι,
2615 5754 2678 5808 l9
