4024 6262
268 342 374 399 593
1312 333 1376 389 ΙΝ
1417 329 1706 388 JOANNIS
1745 326 1847 383 Εγι

1949 316 2195 381 GELIUM
2228 325 2354 381 LIB.
2392 324 2458 378 Χ.
2976 343 2986 353 υ
3414 320 3518 378 595

270 461 442 531 σύνην
471 456 809 530 ἐζημιῶσθαι
839 470 1024 526 φησιν,
1047 454 1136 507 ῖνα
1161 453 1395 524 κερδάνῃ
1420 449 1677 521 Χριστὸν,
1702 444 1847 500 τοῦτ’

1952 445 2075 500 dem
2123 445 2178 499 in
2210 446 2413 514 ipsum,
2443 442 2709 513 justitiam
2739 452 2794 497 et
2820 440 3299 497 fructiﬁcationem
3351 456 3519 496 evan-

270 550 423 615 ἐστι,
461 550 548 604 διὰ
591 550 825 611 πίστεως
861 548 961 617 τῆς
1007 547 1088 609 είς
1122 545 1317 608 αὑτὸν,
1365 540 1710 608 δικαιοσύνην
1754 540 1847 591 καὶ

1949 537 2199 608 gelicam.
2223 535 2376 589 Talis
2405 534 2607 590 etenim
2637 534 2975 604 permanebit
2997 548 3062 588 ac
3092 542 3388 603 perpetuus
3415 533 3520 586 erit

270 641 647 711 καρποφορίαν
697 637 1080 707 εὐαγγελικήν.
1124 637 1380 706 Διαμενεῖ
1409 633 1522 704 γὰρ
1551 634 1581 685 ό
1610 629 1847 692 τοιοῦτος

1950 628 2184 688 fructus,
2215 628 2308 697 qui
2357 628 2535 697 possit
2576 628 2817 685 hominis
2866 629 3102 681 animam
3145 627 3213 681 ad
3263 628 3521 697 pietatem

270 734 365 784 καὶ
396 732 646 802 διηνεκὴς
688 731 842 783 ἔσται
890 728 1123 800 καρπὸς,
1157 726 1549 798 πληρεστάτην
1582 724 1662 787 είς
1697 719 1852 774 εὐσέ-

269 822 422 873 ϐειαν
453 821 550 893 τήν
579 823 673 875 τοῦ
705 823 997 896 ἀνθρώπου
1029 821 1208 892 ψυχὴν
1225 819 1510 874 ἀποτελεῖν
1531 815 1847 884 δυνάμενος.

268 913 342 964 Οὐ
370 911 477 984 γὰρ
500 916 613 976 τοῖς
641 913 1016 982 εὐαγγελικοῖς
1030 913 1370 985 κηρύγμασι,
1393 910 1555 978 καινή
1584 923 1667 969 τις
1687 903 1848 972 ἑτέρα

268 1002 765 1075 παρεισδραμεῖται
791 1004 1073 1068 παίδευσις
1114 1002 1424 1057 παλαιοῦσα
1454 998 1553 1068 τὴν
1581 993 1806 1066 πρώτην
1831 1009 1846 1023 ⁹

267 1084 521 1167 καθάπερ
568 1096 761 1165 ἀμέλει
796 1097 1019 1164 γέγονεν
1050 1096 1142 1148 ἐπὶ
1165 1095 1265 1164 τῆς
1292 1092 1381 1147 διὰ
1425 1089 1669 1148 Μωσέως
1698 1086 1847 1136 ἐντο-

266 1185 388 1254 λῆς,
423 1186 537 1239 ἀλλ’
583 1189 662 1249 είς
701 1187 873 1240 αἰῶνα
917 1187 1172 1256 στήσεται
1196 1185 1292 1239 τοῦ
1333 1182 1581 1251 Σωτῆρος
1613 1179 1642 1230 ὁ
1667 1176 1846 1243 λόγος.

1948 717 2386 772 cumulatissime
2441 717 2720 787 perﬁcere.
2769 719 2880 774 Nec
2922 719 3067 773 enim
3116 719 3223 773 alia
3269 719 3379 774 ulla
3423 718 3522 771 do-

1948 810 2125 863 ctrina
2157 810 2469 879 antiquuhit
2495 812 2885 880 evangelicam,
2922 810 3083 866 sicuti
3118 811 3376 865 nimirum
3406 810 3522 865 Mo-

1952 900 2102 955 saica
2134 900 2416 971 antiquata
2447 911 2530 955 est
2572 917 2666 970 per
2695 903 3085 973 evungelicam,
3118 903 3214 959 sed
3257 904 3312 957 in
3358 911 3521 957 teter-

1953 1003 2086 1044 num
2139 991 2309 1045 stabit
2356 990 2667 1046 Servatoris
2712 1008 2913 1058 sermo,
2961 994 3421 1062 quemadmodum
3469 1002 3524 1047 et

1954 1082 2071 1151 ipse
2092 1082 2171 1135 ait
2200 1084 2432 1137 alicubi:
2471 1103 2489 1134 I
2518 1084 2730 1139 Ctelum
2758 1095 2811 1139 et
2836 1094 2979 1140 terra
3005 1086 3521 1151 transibunt,verba

1954 1181 2135 1227 autem
2167 1188 2287 1228 mea
2318 1189 2428 1228 non
2455 1176 2770 1230 transibunt
2794 1177 2860 1230 ⁸⁸.
2900 1196 2919 1228 ι

266 1281 414 1334 καθά
450 1297 554 1334 που
600 1283 694 1335 και
746 1281 910 1345 αὑτός
959 1296 1166 1352 φησιν·
1205 1300 1224 1333 ‹
1266 1280 1327 1332 Ὀ
1376 1275 1639 1348 οὐρανὸς,
1708 1268 1803 1324 καὶ
1843 1269 1877 1337 ἡ
1918 1266 1990 1335 γῆ
2047 1267 2471 1339 παρελεύσεται,
2538 1271 2588 1322 οἱ
2634 1270 2690 1323 δὲ
2731 1270 2878 1338 λόγοι
2933 1288 3034 1341 μου
3082 1271 3143 1323 οὐ
3189 1272 3264 1342 μὴ
3320 1271 3521 1342 παρέλ-

266 1370 453 1423 θωσιν.
485 1389 503 1421 ι

339 1463 409 1515 Ei
451 1464 484 1516 ό
526 1461 752 1530 κόσμος
797 1461 952 1532 ὑμᾶς
1001 1463 1186 1532 μισεῖ,
1234 1460 1556 1530 γινώσκετε
1607 1456 1697 1510 ὅτι
1741 1455 1846 1523 ἐμὲ

263 1550 503 1619 πρῶτον
536 1551 701 1620 ὑμῶν
717 1555 1030 1622 μεμίσηκε.

338 1644 452 1712 Τῆς
482 1643 591 1695 τῶν
620 1643 819 1715 ἰατρῶν
849 1645 1160 1715 ἐμπειρίας,
1193 1644 1286 1697 καὶ
1324 1642 1600 1713 ἐξαιρέτου
1630 1641 1844 1711 τέχνης.

259 1734 424 1787 οὐδὲν
473 1729 630 1804 οἶμαι
660 1735 938 1800 παντελῶς
970 1736 1301 1790 ἀποδέουσαν
1327 1735 1424 1807 τὴν
1469 1734 1562 1787 τοῦ
1595 1734 1846 1802 Σωτῆρος

262 1827 579 1898 εὑρήσομεν
624 1826 877 1898 μέθοδον,
914 1830 980 1900 ἢν
1030 1830 1114 1897 ἐφ’
1162 1829 1377 1898 ἑκάστῳ
1422 1828 1656 1880 ποιεῖται
1707 1825 1847 1895 πρα-
1883 1861 1921 1916 Β

264 1933 438 1986 γματι
465 1958 481 1982 ,
524 1920 864 1989 πανταχόθεν
908 1920 968 1973 τὸ
1012 1919 1287 1982 λυσιτελὲς
1333 1920 1444 1982 τοῖς
1480 1916 1848 1987 ἀκροωμένοις

264 2010 357 2061 ἀεὶ
403 2009 895 2083 μηχανώμενος.οί
927 2011 1028 2080 μὲν
1067 2012 1175 2082 γὰρ
1204 1995 1305 2081 τὴν
1332 2009 1599 2078 ἐσομένην
1624 2005 1733 2060 ἔσθ’
1762 2007 1851 2059 ὅτε

265 2104 328 2152 ἐν
355 2103 467 2162 τοῖς
514 2099 729 2171 σώμασι
762 2102 870 2153 τῶν
931 2101 1121 2154 παθῶν
1174 2100 1505 2169 δυστροπίαν
1556 2096 1850 2169 ἀνασειρά-

270 2192 444 2253 ζουσι,
485 2193 608 2255 ταῖς
646 2193 753 2245 ἀπὸ
777 2194 874 2262 τῆς
896 2193 1092 2262 τέχνης
1116 2194 1435 2259 ἐπαγωγαῖς
1455 2208 1469 2220 ’
1504 2193 1532 2245 ὁ
1557 2190 1614 2243 δὲ
1647 2189 1745 2259 τὴν
1772 2191 1853 2252 είς

266 2283 333 2334 τὸ
371 2284 557 2353 πρόσω
606 2282 836 2352 πάροδον
876 2284 1210 2352 ἁποιρράττει
1268 2286 1384 2345 τοῖς
1445 2283 1672 2345 κακοῖς,
1722 2295 1854 2345 προ-

270 2375 632 2443 φυλακτικαῖς
693 2374 881 2445 ὥσπερ
935 2377 1045 2427 τισὶ
1104 2374 1562 2444 προανατειχίζων
1614 2371 1853 2434 ἐντολαῖς

270 2465 373 2534 τὴν
414 2466 641 2517 ἑκάστου
682 2464 880 2533 ψυχήν.
923 2466 1140 2536 Ἐπειδὴ
1168 2466 1345 2518 τοίνυν
1381 2464 1601 2535 ἔμελλον
1637 2460 1738 2516 οὐκ
1762 2460 1847 2531 ἐφ’

265 2555 389 2617 ἐνὸς
437 2553 621 2617 ἔθνους
660 2555 821 2624 τυχὸν
845 2596 858 2617 ,
884 2556 998 2607 ἀλλ’
1031 2557 1153 2609 οὐδὲ
1195 2559 1288 2610 ἐπὶ
1318 2556 1501 2626 χώρας
1542 2560 1670 2626 μιᾶς
1713 2572 1847 2626 προσ

267 2646 510 2716 εδρεύειν
537 2648 587 2699 οἱ
617 2649 876 2718 μαθηταὶ,
895 2648 1308 2718 καθηγήσασθαι
1329 2649 1385 2701 δὲ
1409 2648 1607 2718 μᾶλλον
1632 2647 1849 2717 ἁπάσης

262 2738 370 2807 τῆς
401 2736 491 2807 ὑφ’
518 2737 656 2808 ἡλίῳ
682 2778 695 2801 ,
728 2739 823 2791 καὶ
853 2741 967 2801 τοῖς
1000 2739 1140 2791 κατὰ
1170 2741 1349 2792 πᾶσαν
1394 2739 1491 2809 τὴν
1523 2739 1848 2809 οἰκουμένην

260 2831 360 2884 τὸν
394 2831 746 2901 εὐαγγελικὺν
780 2832 875 2885 ml.
920 2833 1062 2885 θεῖον
1097 2831 1421 2903 διακηρύξαι
1459 2833 1642 2901 λόγον,
1669 2849 1848 2903 παρα·

255 2923 491 2994 τρέπειν
538 2941 595 2976 τε
633 2925 757 2988 τοὺς
804 2924 1185 2995 ἀκροωμένους
1213 2926 1306 2977 ἐπὶ
1348 2925 1410 2977 τὸ
1438 2925 1584 2994 μόνῳ
1608 2923 1687 2994 τῷ
1727 2923 1847 2992 Θεῷ

255 3010 477 3073 δοκοῦν,
531 3013 624 3064 καὶ
661 3012 983 3082 μεταθήσειν
1015 3013 1072 3079 ἐξ
1106 3014 1382 3082 ἁμαρτίας
1431 3015 1524 3066 ἐπὶ
1555 3015 1616 3066 τὸ
1662 3013 1846 3083 βούλε-

259 3103 393 3156 σθαι
419 3103 549 3172 δρᾷν
582 3104 651 3155 τὰ
680 3105 860 3166 αὐτοῖς
889 3104 1185 3173 πρέποντα,
1222 3106 1316 3157 καὶ
1366 3103 1562 3157 κανόνα
1594 3105 1693 3174 τῆς
1722 3106 1847 3157 ἐαυ-

2024 1448 2140 1516 X‘V,
2175 1449 2262 1504 l8.
2295 1449 2355 1505 Si
2380 1452 2609 1505 mundus
2640 1468 2728 1505 vos
2750 1451 2881 1515 odit,
2915 1451 3100 1505 scitote
3121 1453 3244 1519 quia
3270 1468 3349 1505 me
3376 1455 3523 1522 priu-

1953 1558 2060 1595 rem
2090 1542 2235 1596 vobis
2268 1542 2390 1596 odio
2415 1541 2623 1598 habuit.

2025 1631 2331 1687 Servatoris
2363 1633 2682 1688 methodum
2727 1648 2892 1704 quam
2929 1634 3129 1703 cuique
3176 1635 3253 1689 rei
3303 1634 3526 1690 adhibet

1951 1733 2006 1778 et
2036 1739 2144 1794 qua
2179 1723 2312 1795 quid
2364 1724 2710 1780 auditoribus
2750 1725 2923 1794 prosit
2958 1734 3222 1795 perpetuo
3265 1727 3524 1786 rimatur,

1953 1817 2107 1881 nihil,
2135 1818 2351 1886 opinor,
2401 1815 2620 1872 dili‘erre
2663 1816 3063 1886 comperiemus
3092 1817 3162 1871 ab
3196 1818 3396 1871 eximia
3435 1818 3527 1871 illa

1952 1907 2144 1975 peritia
2172 1916 2225 1961 et
2256 1915 2372 1962 arte
2406 1907 2767 1962 medicorum.
2799 1905 2866 1960 Hi
2896 1908 3042 1961 enim
3095 1906 3355 1962 adhibitis
3387 1907 3526 1965 artis

1951 1998 2211 2053 remediis
2234 1998 2454 2054 morbos
2481 1999 2815 2069 corporibus
2843 2000 3168 2068 ingrueutcs
3199 1999 3523 2052 retundunt:

1952 2091 2041 2145 ille
2066 2089 2275 2145 aditum
2298 2083 2458 2145 malis
2481 2090 2814 2155 intercludit,
2842 2089 3196 2144 cautionibus
3219 2092 3383 2145 veluti
3405 2093 3527 2161 qui-

1950 2180 2182 2237 busdam
2213 2181 2654 2251 uniuscujusque
2687 2180 2928 2234 animum
2960 2181 3352 2249 prtemuniens.
3385 2180 3524 2246 Quia

1949 2288 2080 2343 ergo
2113 2272 2384 2327 debebant
2428 2289 2535 2326 non
2571 2272 2734 2326 unius
2765 2272 3149 2326 tantummodo
3194 2273 3395 2341 gentis,
3422 2287 3526 2326 nec

1952 2364 2117 2419 unius
2161 2367 2427 2418 duntaxat
2474 2365 2714 2433 regionis
2743 2365 2911 2419 duces
2945 2380 3069 2421 esse
3112 2365 3391 2434 discipuli,
3425 2367 3524 2421 sed

1950 2456 2265 2512 constitutis
2311 2470 2407 2525 per
2451 2456 2772 2511 universum
2802 2456 2990 2512 orbem
3044 2456 3360 2513 hominibus
3386 2457 3527 2511 divi-

1951 2563 2081 2603 num
2109 2557 2162 2602 et
2185 2548 2564 2616 evangelicum
2609 2561 2918 2603 sermonem
2958 2549 3308 2618 praedicaturi
3342 2554 3524 2612 erant,

1949 2645 2113 2708 atque
2169 2638 2235 2692 ad
2283 2639 2447 2693 unius
2480 2637 2573 2693 Dei
2621 2638 2950 2707 obsequium
2985 2640 3267 2695 auditores
3296 2656 3525 2695 conver-

1949 2731 2090 2794 suri,
2122 2739 2176 2783 et
2202 2743 2233 2782 a
2289 2737 2515 2798 peccato
2540 2730 2606 2784 ad
2639 2731 2898 2783 virtutem
2932 2739 2985 2785 et
3029 2730 3369 2786 honestatem
3413 2741 3525 2785 tra-

1949 2819 2190 2884 ducturi,
2239 2833 2459 2888 suaeque
2500 2819 2625 2873 vita:
2659 2820 2902 2889 regulam
2948 2820 3118 2890 legem
3150 2822 3523 2889 evangelicam

1948 2910 2263 2975 adhibituri,
2294 2912 2612 2966 necessario
2638 2911 2705 2966 iis
2750 2913 2997 2981 praecipit
3038 2924 3095 2967 ut
3129 2914 3289 2968 nihili
3318 2914 3525 2968 faciant

1948 3003 2073 3057 odio
2104 3018 2135 3055 a
2164 3003 2369 3058 mundo
2408 3004 2618 3068 haberi,
2652 3005 2703 3057 id
2730 3012 2834 3070 est,
2861 3007 2929 3059 ah
2960 3005 3031 3061 iis
3059 3006 3153 3075 qui
3180 3022 3301 3075 quae
3330 3009 3523 3062 mundi

1949 3099 2082 3146 sunt
2113 3092 2357 3160 sapiunt,
2389 3099 2443 3147 et
2475 3092 2641 3162 impie
2679 3101 2844 3162 atque
2875 3094 3165 3177 libidinose
3215 3095 3381 3148 vitam
3430 3097 3525 3149 de-

256 3189 373 3238 τῶν
402 3186 548 3256 ζωῆς
579 3189 846 3242 ποιεῖσθαι
880 3190 967 3242 τὸν
996 3190 1179 3260 νόμον,
1195 3192 1354 3263 -φημὶ
1378 3193 1435 3245 δὲ
1452 3192 1542 3245 τὸν
1568 3193 1846 3261 εὐαγγελιι

1949 3192 2103 3254 gunt.
2130 3185 2199 3237 At
2232 3198 2481 3253 quaenam
2512 3192 2594 3239 est
2617 3185 2852 3254 hujusce
2875 3186 2951 3240 rei
2983 3186 3152 3241 ratio?
3183 3184 3321 3240 Num
3349 3187 3518 3247 enim,

256 3281 383 3341 κον,
426 3280 741 3346 ἀναγκαίως
783 3282 966 3343 αὐτοῖς
993 3283 1123 3351 παρ’
1150 3282 1303 3334 οὐδὲν
1331 3284 1602 3337 ποιεῖσθαι
1632 3284 1843 3338 κελεύει

253 3373 325 3423 τὸ
353 3372 504 3441 παρὰ
531 3371 622 3424 τοῦ
650 3372 851 3441 κόσμου
884 3372 1178 3441 μισεῖσθαι,
1206 3373 1349 3426 τοῦτ’
1377 3375 1514 3437 ἐστι,
1546 3377 1698 3447 παρὰ
1734 3376 1844 3430 τῶν

257 3461 607 3529 φρονούντων
640 3461 707 3512 τὰ
744 3462 801 3511 ἐν
822 3462 1031 3531 κόσμῳ,
1054 3464 1149 3515 καὶ
1184 3465 1483 3533 φιληδόνως
1511 3468 1606 3539 καὶ
1632 3467 1844 3531 ἀσεϐῶς

257 3551 365 3619 ζῇν
393 3550 683 3617 ἑλομένων.
722 3551 830 3602 Καὶ
861 3552 945 3614 τίς
972 3552 1037 3605 ἂν
1068 3553 1153 3624 εἴη
1184 3554 1346 3607 πάλιν
1378 3558 1407 3608 ό
1433 3557 1621 3609 τούτου
1652 3558 1842 3626 λόγος;

256 3638 417 3711 Ἀρα
441 3640 572 3708 γὰρ,
602 3640 722 3692 είπέ
749 3657 857 3709 μοι,
885 3644 1110 3711 φήσειεν
1136 3643 1200 3695 ἄν
1224 3660 1308 3707 τις
1325 3647 1506 3714 τυχὸν,
1532 3648 1600 3699 τὰ
1623 3648 1847 3702 τοιαῦτα

261 3735 383 3791 τοῖς
412 3730 606 3782 ἐαυτοῦ
644 3728 907 3798 μαθηταῖς
938 3732 1349 3787 διακελεύεσθαι
1381 3736 1491 3788 δεῖν
1530 3738 1846 3808 ἐδοκίμασεν

264 3823 299 3872 ὁ
323 3820 577 3890 Χριστὸς,
606 3820 882 3888 ἐπωφελές
905 3840 957 3875 τι
1001 3823 1192 3893 χρῆμα
1222 3824 1283 3877 τὸ
1323 3825 1595 3894 μισεῖσθαι
1616 3827 1844 3894 δεικνὺς,

261 3912 603 3981 ὰδιακρίτως
631 3929 690 3965 τε
739 3914 833 3966 καὶ
878 3916 967 3966 ἐπ’
1001 3916 1177 3969 οὐδενὶ
1201 3918 1362 3988 τυχὸν
1387 3919 1495 3971 τῶν
1534 3921 1846 3988 ἀναγκαίων

256 4007 348 4067 εἰς
371 4004 592 4075 δνησιν;
624 4005 836 4073 Ἀπαγε
862 4008 957 4078 τῆς
984 4008 1243 4078 ἀμαθίας.
1271 4012 1344 4063 Οὐ
1371 4013 1478 4083 γὰρ
1501 4013 1568 4067 ἂν
1591 4016 1671 4078 είς
1692 4014 1848 4068 τοῦτο

251 4095 544 4149 διώλισθεν
578 4100 605 4150 ό
634 4099 789 4166 λόγος
823 4098 972 4168 αὐτῷ
993 4115 1006 4128 ·
1030 4099 1091 4152 τὸ
1129 4101 1403 4170 μισεῖσθαι
1428 4104 1482 4157 δὲ
1506 4106 1602 4175 οὐχ
1634 4107 1843 4171 ἁπλῶς,

248 4188 325 4241 οὐ
381 4188 584 4259 σφόδρα
633 4189 991 4257 φυλάττεσθαι
1029 4192 1179 4263 παρά
1220 4194 1419 4257 παντὸς
1451 4197 1845 4267 συμὸουλεύει,

247 4277 636 4345 διωρισμένως
665 4279 830 4347 φησὶν
853 4318 867 4341 ,
894 4280 1092 4349 ἄριστά
1135 4299 1192 4334 τε
1230 4285 1323 4337 καὶ
1369 4285 1802 4357 διακεκριμένως
1830 4308 1840 4321 ·

254 4386 273 4415 ιι
325 4366 391 4416 Εἰ
422 4367 449 4416 ό
478 4366 678 4434 κόσμος
700 4367 842 4437 ὑμᾶς
883 4373 1049 4438 μισεῖ,
1078 4390 1096 4421 ι
1126 4372 1272 4425 τοῦτ’
1310 4372 1474 4439 ἐστιν,
1504 4377 1553 4427 εἰ
1583 4378 1676 4430 καὶ⁴
1713 4379 1844 4447 μέλ-

246 4454 405 4505 λοιεν
439 4453 581 4521 ὑμᾶς
606 4454 692 4507 διὰ
723 4456 912 4523 μίσους
943 4458 1084 4527 ἔχειν
1112 4462 1159 4512 οἱ
1207 4462 1275 4514 τὰ
1299 4465 1355 4514 ἐν
1390 4466 1581 4535 κόσμῳ
1621 4485 1847 4540 τετιμηο

1944 3278 2089 3331 dicet
2122 3275 2306 3331 forsan
2343 3277 2563 3347 aliquis,
2606 3279 2722 3333 suis
2752 3278 3041 3347 discipulis
3100 3279 3357 3334 Christus
3406 3281 3523 3336 haee

1947 3366 2208 3421 mandare
2251 3367 2425 3421 voluit
2457 3366 2622 3437 895
2662 3370 2806 3436 quod
2863 3370 3180 3424 ostenderet
3215 3371 3345 3425 utile
3378 3387 3522 3435 esse,

1945 3459 2074 3512 odio
2105 3458 2292 3512 haberi
2334 3459 2812 3513 indiscriminatim
2858 3468 2913 3514 et
2966 3460 3020 3513 in
3060 3476 3121 3515 re
3163 3464 3369 3517 nullius
3402 3479 3522 3516 mo-

1946 3550 2159 3605 menti?
2208 3549 2367 3604 Absit
2407 3557 2560 3604 tanta
2594 3550 2898 3621 imperitia!
2941 3551 3048 3607 Nec
3077 3555 3220 3607 enim
3252 3569 3316 3607 eo
3354 3558 3522 3623 perti-
3612 3580 3621 3585 -

1948 3647 2038 3692 net
2071 3639 2192 3707 ejus
2235 3640 2452 3692 oratio:
2497 3654 2606 3692 non
2642 3640 2789 3693 enim
2830 3641 3158 3710 simpliciter
3187 3645 3427 3697 consulit
3464 3655 3523 3697 ut

1946 3729 2000 3781 iu
2034 3728 2217 3782 odium
2264 3728 2510 3798 cujusvis
2546 3731 2830 3785 incurrere
2861 3746 2960 3800 pro
2995 3732 3167 3787 nihilo
3204 3734 3474 3789 ducamus
3505 3754 3520 3796 :

1947 3818 2041 3873 sed
2075 3820 2336 3875 distincte
2367 3822 2465 3884 ait,
2516 3829 2570 3875 et
2612 3829 2761 3876 recte
2815 3824 3139 3892 cumprimis
3174 3841 3237 3880 ac
3267 3826 3471 3881 diserte
3505 3846 3519 3881 ε

1953 3930 1971 3961 ι
2010 3909 2067 3965 Si
2099 3925 2195 3966 vos
2228 3912 2345 3966 odit
2386 3912 2645 3976 mundus,
2684 3931 2702 3963 ι
2736 3913 2785 3967 id
2830 3922 2933 3976 est.
2978 3915 3104 3970 licet
3134 3917 3263 3970 odio
3287 3934 3384 3971 vos
3423 3919 3525 3972 ha-

1948 4002 2113 4056 bituri
2145 4003 2258 4056 sint
2294 4003 2389 4070 qui
2424 4003 2613 4058 mundi
2649 4018 2737 4058 res
2763 4004 2815 4057 in
2857 4005 3033 4075 pretio
3065 4006 3287 4072 habent,
3320 4023 3383 4061 ac
3415 4018 3524 4064 ter-

1947 4108 2079 4148 rena
2130 4102 2340 4147 tantum
2379 4096 2639 4164 sapiunt,
2685 4098 2902 4162 scitote,
2946 4098 3166 4166 inquit,
3212 4100 3318 4154 hoc
3371 4104 3523 4171 prius

1948 4188 2197 4242 evenisse
2237 4189 2519 4259 magistro.
2572 4190 2727 4255 Quod
2760 4202 2939 4245 autem
2975 4207 3158 4246 rerum
3189 4195 3522 4262 optimarum

1949 4279 2266 4335 doctoribus
2298 4297 2406 4334 non
2439 4298 2628 4351 parum
2660 4284 2913 4338 utilitatis
2954 4285 3252 4339 allaturum
3288 4288 3359 4341 sit
3389 4286 3521 4342 Ser-

1950 4371 2157 4424 vatoris
2193 4373 2530 4433 mandatum.
2575 4375 2732 4428 facile
2776 4379 2822 4429 is
2880 4386 3142 4444 agnoscet
3184 4380 3274 4447 qui
3334 4396 3521 4434 rerum

1949 4469 2200 4521 naturam
2228 4461 2399 4530 ipsam
2426 4466 2739 4519 attenderit.
2773 4465 2960 4520 Solent
2984 4468 3127 4520 enim
3158 4470 3247 4537 qui
3278 4472 3521 4537 spurcis-

246 4545 438 4606 κότες,
474 4545 567 4596 καὶ
592 4547 729 4614 μόνα
777 4548 1094 4617 φρονοῦντες
1136 4551 1202 4603 τὰ
1247 4553 1339 4606 ἐπὶ
1357 4555 1454 4624 τῆς
1477 4558 1600 4627 γῆς,
1635 4558 1744 4612 ῖστε
1778 4560 1842 4630 δὴ

1949 4555 2103 4609 simis
2148 4555 2310 4610 rebus
2360 4557 2583 4610 student
2612 4564 2665 4611 et
2701 4556 3031 4628 impuritatis
3072 4562 3365 4615 mundanae
3403 4566 3521 4617 cul-

241 4637 402 4699 τὸτε,
447 4636 601 4705 φησὶ,
634 4639 1049 4705 προπεπονθότα
1068 4642 1226 4693 τοῦτο
1253 4644 1346 4696 τὸν
1372 4645 1842 4705 διδάσκαλον.⁹’οτι

240 4728 306 4780 δὲ
344 4729 463 4790 τοῖς
503 4727 611 4781 τῶν
660 4730 961 4784 καλλίστων
1007 4735 1324 4802 είσηγηταῖς
1352 4738 1411 4788 οὑ
1444 4743 1675 4811 μετρίως
1705 4745 1841 4796 οἴσει

238 4819 353 4888 τὴν
376 4818 565 4888 ὄνησιν
592 4819 687 4872 τοῦ
719 4823 970 4893 Σωτῆρος
1003 4826 1033 4894 ἡ
1079 4825 1290 4895 ἐντολὴ,
1322 4830 1526 4882 κατίδοι
1560 4848 1643 4894 τις
1685 4835 1750 4887 ἂν
1780 4831 1839 4889 εὖ

244 4910 410 4980 μάλα
440 4911 658 4981 ῥᾳδίως,
693 4915 741 4966 εί
789 4917 853 4985 τῇ
900 4914 1009 4967 τῶν
1037 4918 1379 4989 πραγμάτων
1421 4922 1625 4995 ἐνορῴη
1659 4929 1839 4995 φύσει,

236 5001 414 5053 Φίλον
449 5000 548 5070 μὲν
573 5001 684 5072 γάρ
714 5020 831 5066 πως
868 5004 977 5065 ἀεὶ,
1015 5005 1214 5075 μᾶλλον
1243 5006 1300 5058 δὲ
1319 5007 1394 5071 ὡς
1423 5010 1627 5064 ἐπίπαν
1647 5015 1844 5068 ἐσπου-

237 5091 525 5161 δασμένον
563 5096 679 5155 τοῖς
712 5095 821 5148 τῶν
865 5097 1162 5166 αίσχίστων
1192 5099 1469 5168 ἐρασταῖς,
1505 5102 1600 5153 καὶ
1627 5107 1737 5169 τοῖς
1769 5110 1849 5170 εἰς

236 5184 430 5254 ἄκρον
451 5182 644 5251 ἥκουσι
678 5183 959 5255 βδελυρίας
984 5189 1278 5258 κοσμικῆς,
1314 5192 1726 5260 παρακούεσθαι
1750 5199 1849 5267 μὲν

236 5275 321 5335 ὡς
352 5272 600 5342 δυσαχθῆ
654 5275 747 5327 καὶ
779 5276 1064 5329 ἀλλόκοτον
1092 5279 1186 5330 τὸν
1222 5281 1623 5351 σωφρονίζοντα
1670 5285 1850 5355 λόγον,

237 5362 583 5433 ἐπιφύεσθαι
624 5364 681 5418 δέ
729 5371 837 5430 τοῖς
876 5371 1215 5438 εἰσηγεῖσθαι
1253 5375 1611 5438 σπουδάζουσι
1635 5379 1703 5433 τὰ
1732 5381 1840 5433 τῶν

239 5455 604 5528 μαθημάτων
636 5457 833 5524 ἄριστα
854 5500 867 5521 ,
901 5462 996 5512 καὶ
1034 5461 1103 5513 τὰ
1128 5462 1196 5515 δι’
1222 5456 1297 5516 ὧν
1324 5467 1579 5535 ἀμείνους
1607 5469 1844 5532 ἔσονται,

236 5550 271 5620 ἢ
319 5546 598 5616 πρότερον
628 5544 788 5618 ἦσαν,
821 5552 1007 5619 μόναις
1034 5556 1153 5616 ταῖς
1190 5556 1344 5618 ἰδίαις
1376 5558 1589 5625 ἡδοναῖς
1615 5562 1673 5615 τὸ
1698 5582 1829 5631 7.91.-

324 5735 374 5765 ⁸³
408 5731 579 5785 Marc.
611 5747 734 5793 xui,
772 5733 860 5785 3i.

607 5828 870 5883 Parum.
907 5826 1018 5881 (in.
1051 5825 1314 5882 LXXIV.

1952 4659 2073 4698 men
2105 4647 2425 4714 attigerunt,
2468 4645 2870 4703 admonitiones
2906 4659 2962 4703 ut
3012 4654 3270 4707 molestas
3297 4662 3351 4707 et
3390 4670 3519 4723 gra-

1950 4750 2041 4788 ves
2075 4734 2327 4799 abjicere,
2361 4745 2415 4790 et
2443 4737 2494 4789 iu
2542 4752 2637 4791 eos
2679 4739 2772 4806 qui
2828 4750 2977 4793 recta
3029 4742 3228 4795 docere
3276 4745 3518 4812 aggressi

1949 4826 2175 4891 fuerint,
2222 4827 2425 4892 quibus
2468 4829 2534 4883 ad
2588 4831 2866 4883 meliorem
2905 4830 3122 4901 frugem
3164 4845 3515 4899 revocentur,

1946 4921 2167 4987 gravius
2217 4921 2521 4988 insurgere,
2552 4922 2923 4989 voluptatibus
2958 4924 3073 4978 suis
3113 4924 3209 4977 toti
3259 4940 3513 4979 succum-

1944 5010 2155 5063 bentes.
2189 5007 2385 5063 Verum
2417 5011 2548 5064 utile
2575 5011 2831 5078 quiddam
2869 5030 2954 5068 me
3000 5015 3393 5082 propemodum
3427 5017 3513 5069 fu-

1945 5101 2041 5170 git,
2073 5101 2218 5169 quod
2252 5103 2661 5171 propositorum
2687 5105 2977 5158 verborum
3025 5106 3379 5173 explicationi
3425 5109 3512 5161 iu-

1947 5192 2139 5261 primis
2171 5195 2432 5247 convenit
2458 5208 2520 5247 ac
2548 5193 2800 5248 debetur.
2840 5195 3010 5249 Judaei
3041 5196 3242 5264 quippe
3275 5199 3363 5250 uui
3398 5198 3514 5252 Mo-

1949 5282 2112 5337 saicae
2138 5285 2329 5337 litterae
2374 5298 2438 5336 ac
2474 5284 2659 5353 llguris
2687 5287 3044 5349 adhmrentes,
3080 5301 3253 5356 usque
3278 5289 3347 5341 ad
3374 5302 3516 5343 lem-

1950 5389 2053 5443 pus
2108 5372 2471 5426 correctionis
2532 5374 2804 5426 oblirmati
2867 5375 3095 5441 animo,
3166 5376 3517 5447 disciplinam

1951 5463 2319 5532 evangelicam
2353 5461 2508 5515 nihili
2546 5462 2703 5530 plane
2735 5463 3027 5529 faciebant,
3056 5466 3206 5521 illius
3232 5475 3410 5522 autem
3443 5470 3522 5521 inv

1957 5552 2656 5623 toi-prcics.iul‘ensissimis
2705 5554 2957 5609 hostibus
3007 5558 3288 5625 graviores
3349 5556 3520 5611 duce.-

3115 5824 3190 5885 13
