4024 6262
491 373 597 430 395

1509 358 1563 412 S.
1603 350 1880 409 CYRILLI
1917 334 2386 405 AIJEXANDRINI
2429 343 2747 398 ARClllEP.

3635 335 3741 387 396

493 488 664 541 baut:
713 489 902 554 gentes
955 492 1104 541 vero,
1143 475 1422 530 diversum
1473 469 1792 542 proﬁtentes
1819 480 2062 523 errorem

2195 466 2277 516 sitv
2311 461 2723 531 ἐπιτρέψαντες.
2779 455 2939 509 Ἀλλά
2975 453 3081 522 γὰρ
3112 449 3309 522 μικροῦ
3341 450 3406 520 μέ
3445 467 3494 501 τι
3519 448 3626 501 τῶν
3652 449 3742 501 ἀν⁶

493 583 548 631 et
605 573 933 630 ineﬂabilem
979 568 1074 623 Dei
1125 565 1359 638 gloriam
1407 571 1672 618 creaturae
1725 558 2068 630 aﬂingentes,

495 667 799 722 doctrinam
830 641 948 733 qua.
967 659 1345 715 illuminentur
1373 654 1516 710 haud
1545 667 1701 723 aequo
1733 651 1917 705 animo
1947 665 2072 704 sus-

497 757 730 827 cipiunt.
765 752 1052 808 Veteribus
1105 749 1309 820 quippe
1358 747 1518 802 malis
1552 741 1957 815 quodammodo
1984 741 2069 794 in-

499 846 647 903 olitis
685 857 1037 913 summepere
1068 839 1542 911 amplectebantur
1587 834 1884 894 inscitiam,
1919 842 1975 888 et
2004 833 2072 886 ab

499 937 748 1008 ingenito
765 934 961 989 morbo
985 932 1242 988 recedere
1272 930 1357 984 vix
1392 943 1455 982 ac
1486 942 1551 982 ne
1579 927 1667 980 vix
1703 924 1924 994 quidem
1957 931 2074 978 stu-

499 1027 720 1081 debant.
781 1023 918 1077 Cum
969 1035 1101 1090 ergo
1152 1032 1336 1073 rerum
1383 1024 1579 1071 natura
1629 1015 1704 1067 ita
1745 1027 1806 1068 se
1847 1012 2070 1077 habeat,

499 1117 623 1187 quis
670 1115 886 1171 dubitet
913 1113 1224 1170 Servatoris
1274 1110 1582 1179 discipulos
1616 1121 1817 1162 exosos
1844 1103 1959 1158 fore
1980 1101 2078 1157 Ju-

499 1205 632 1260 daeis
664 1219 727 1259 ac
757 1202 1052 1274 gentilibus
1093 1201 1359 1263 infensos,
1394 1196 1720 1267 voluptariis
1759 1201 1941 1248 autem
1979 1193 2078 1247 bo-

500 1297 745 1351 minibus
779 1297 940 1365 longe
973 1289 1380 1364 gravissimos?
1408 1289 1479 1342 At
1507 1289 1554 1343 si
1582 1285 1839 1355 discipuli
1881 1283 2080 1338 Serva-

503 1388 639 1442 toris
661 1401 803 1457 :egre
833 1385 998 1440 laturi
1021 1391 1210 1440 essent
1233 1381 1302 1436 ab
1323 1381 1512 1449 aliquo
1540 1392 1728 1432 eorum
1759 1390 1899 1444 quos
1918 1373 2080 1427 modo

504 1480 884 1534 recensuimus
905 1477 1034 1532 odio
1061 1473 1274 1540 haberi,
1300 1488 1365 1527 ac
1381 1486 1490 1525 non
1513 1469 1701 1539 potius
1721 1481 1912 1523 eorum
1942 1465 2080 1519 ami-

505 1571 691 1624 citiam
726 1569 875 1622 omni
906 1567 1093 1623 studio
1127 1565 1317 1620 venari
1353 1564 1641 1624 deberent,
1671 1556 1936 1626 numquid
1966 1570 2082 1610 om-

503 1663 666 1717 nibus
691 1668 840 1728 patet
874 1659 1077 1712 nullam
1109 1658 1271 1726 plane
1305 1654 1522 1709 laudem
1553 1656 1955 1721 reportaturos,
1985 1646 2080 1717 qui

505 1751 816 1807 doctrinam
865 1749 1001 1803 nulli
1050 1763 1279 1818 prorsus
1321 1746 1508 1800 utilem
1551 1744 1934 1814 proﬁteantur,
1984 1738 2083 1795 sed

508 1841 870 1898 assentationi
908 1839 1079 1910 896
1130 1838 1313 1909 potius
1356 1837 1634 1902 studeant,
1681 1831 1943 1903 arguendi
1993 1845 2082 1884 se-

507 1935 746 1988 cundum
788 1931 955 1986 Deum
1007 1930 1264 1985 ﬁduciam
1290 1927 1678 1997 comprimant,
1703 1923 1853 1995 quod
1886 1922 2086 1992 cuique

507 2036 720 2097 gratum
751 2025 822 2080 sit
854 2026 1142 2095 loquentes
1165 2029 1331 2092 atque
1361 2017 1659 2076 docentes?
1697 2016 2083 2072 Necessarium

505 2125 590 2172 est
631 2117 796 2186 igitur
824 2129 1050 2169 monere
1079 2129 1189 2167 non
1221 2127 1345 2168 esse
1374 2110 1675 2164 amicitiam
1705 2102 2083 2177 quaerendam,

507 2209 600 2265 sed
633 2209 719 2264 vel
743 2208 798 2261 in
828 2205 1223 2260 nonnullorum
1244 2205 1429 2258 odium
1456 2202 1740 2255 incurrere
1767 2199 1911 2253 haud
1945 2197 2088 2250 mul-

508 2311 622 2355 tum
657 2297 1005 2361 curandum,
1048 2311 1175 2351 cum
1218 2311 1283 2350 ex
1322 2294 1699 2356 admonitione
1747 2290 1957 2361 aliquid
2006 2290 2088 2344 eis

508 2393 767 2448 utilitatis
805 2391 1045 2446 exsistit.
1079 2389 1194 2443 Hoc
1218 2388 1408 2457 utique
1436 2397 1492 2441 et
1516 2386 1744 2439 Paulum
1777 2383 1976 2438 fecisse
2008 2382 2089 2434 vi-

508 2485 784 2548 debimus,
815 2491 869 2536 et
893 2481 1042 2535 clare
1073 2480 1282 2535 dixisse
1311 2498 1324 2533 :
1356 2498 1373 2528 ι
1405 2476 1564 2532 Modo
1590 2475 1734 2530 enim
1772 2473 2090 2529 hominibus

512 2573 739 2639 suadeo,
780 2588 846 2626 an
879 2571 1032 2627 Deo?
1063 2571 1144 2624 An
1169 2585 1356 2640 quaero
1390 2568 1707 2623 hominibus
1739 2565 1998 2636 placere?
2033 2565 2090 2618 Si

513 2666 692 2720 adhuc
727 2664 1042 2718 hominibus
1070 2645 1365 2732 placerem,
1397 2660 1604 2714 Christi
1635 2673 1828 2713 servus
1863 2672 1972 2710 non
2001 2670 2091 2710 es-

513 2774 628 2815 sem
655 2757 722 2810 ⁸⁶.
755 2775 774 2809 ›
805 2755 942 2810 Cum
977 2764 1159 2808 autem
1200 2751 1548 2807 Corinthium
1578 2749 1873 2818 quemdam
1921 2748 2094 2802 corri—

513 2851 748 2919 puisset,
780 2856 942 2915 atque
975 2845 1030 2898 id
1062 2843 1387 2912 gravissime
1419 2841 1614 2895 tulisse
1649 2838 1957 2901 didicisset,
1993 2838 2090 2892 ait:

518 2957 537 2990 ι
583 2938 636 2991 Si
685 2937 829 2992 enim
868 2949 968 3005 ego
1007 2933 1280 2988 contristo
1325 2945 1444 2996 vos,
1492 2939 1545 2986 et
1597 2928 1723 2999 quis
1768 2935 1852 2982 est
1881 2927 1972 2995 qui
2009 2941 2096 2980 me

516 3027 773 3090 lastiticet,
805 3023 911 3078 nisi
935 3023 1027 3091 qui
1065 3023 1432 3076 contristatur
1465 3035 1530 3073 ex
1573 3033 1660 3072 me
1684 3017 1768 3070 87?
1799 3035 1816 3067 ι
1848 3013 2094 3070 Tristitia

2173 556 2418 624 αγκαίων
2475 552 2789 624 παρελάσαν
2817 548 3010 619 ᾣχετο,
3043 544 3220 598 καίτοι
3247 545 3364 603 ταῖς
3393 541 3500 594 τῶν
3532 557 3753 612 προκειι

2177 646 2354 718 μένων
2381 643 2634 715 θεωρίαις
2655 642 2737 694 ὅτι
2761 639 2995 710 μάλιστα
3017 635 3227 705 πρέπον
3247 650 3305 684 τε
3329 633 3423 683 καὶ
3455 628 3754 700 χρεωστού-

2178 754 2353 807 μενον.
2398 735 2637 788 Ἰουδαῖοι
2691 733 2787 802 μὲν
2828 729 2939 800 γὰρ
2977 728 3120 798 μόνῳ
3148 725 3227 796 τῷ
3277 719 3558 788 Μωσαῖκῷ
3589 735 3756 787 προσ-

2175 825 2484 898 εδρεύοντες
2537 823 2822 894 πράγματι
2857 808 2984 890 [γρ.
3042 811 3354 887 γράμματι]
3406 811 3500 863 καὶ
3538 810 3651 870 τοῖς
3697 809 3755 859 ὲν

2174 917 2332 984 τύπῳ
2369 912 2770 983 τετελεσμένοις
2794 949 2808 974 ,
2840 910 3000 980 μέχρι
3052 905 3246 976 καιροῦ
3295 901 3634 972 διορθώσεως
3666 899 3756 950 τὸν

2176 1011 2374 1063 οἰκεῖον
2407 1006 2786 1078 ἐνιδρύσαντες
2835 1003 2979 1068 νοῦν,
3011 1001 3112 1069 τῆς
3138 995 3502 1064 εὐαγγελικῆς
3538 989 3758 1045 παιδεύ-

2180 1121 2317 1167 σεως
2340 1102 2529 1155 οὐδένα
2583 1099 2682 1170 μὲν
2729 1097 2790 1150 τὸ
2819 1094 3081 1166 παράπαν
3112 1088 3391 1143 ἐποιοῦντο
3417 1085 3600 1151 λόγον,
3634 1082 3760 1144 τοὺς

2178 1196 2234 1250 δέ
2262 1213 2326 1265 γε
2376 1191 2718 1264 πρεσϐευτὰς
2740 1230 2754 1255 ,
2791 1186 3082 1258 φορτικοὺς
3129 1179 3376 1252 ἡγεῖσθαι
3419 1176 3621 1248 μᾶλλον
3655 1174 3762 1226 τῶν

2182 1286 2386 1357 σφόδρα
2423 1283 2844 1352 πολεμιωτάτων
2886 1277 3052 1348 ᾤοντο
3078 1275 3217 1328 δεῖν’
3251 1271 3300 1324 οί
3350 1269 3407 1321 δὲ
3438 1267 3538 1337 τὴν
3572 1265 3764 1335 ἑτέραν

2185 1378 2461 1449 μετιόντες
2497 1375 2764 1443 πλάνησιν
2790 1412 2803 1435 ,
2839 1371 2933 1424 καὶ
2959 1370 3060 1439 τὴν
3105 1368 3346 1437 ἄρρητον
3383 1360 3478 1414 τοῦ
3508 1359 3646 1412 Θεοῦ
3679 1357 3765 1409 δό-

2184 1447 2279 1535 ξαν
2317 1467 2686 1539 περιτιθέντες
2727 1467 2791 1533 τῇ
2828 1462 3025 1525 κτίσει,
3065 1457 3210 1528 φημὶ
3233 1455 3290 1508 δὲ
3323 1454 3450 1514 τοὺς
3481 1450 3542 1514 ἐξ
3574 1447 3765 1510 ἐθνῶν,

2183 1563 2244 1615 οὐ
2271 1561 2390 1613 λίαν
2431 1557 2683 1628 ἀσμένως
2711 1555 2802 1607 τὸν
2846 1546 3328 1619 καταλαμπρύνειν
3359 1542 3556 1603 αὐτοὺς
3595 1539 3769 1591 εἰδότα

2185 1651 2582 1723 παραδέχονται
2638 1647 2814 1714 λόγον.
2878 1639 3261 1708 Ἐντετηκότες
3291 1635 3402 1705 γάρ
3440 1632 3633 1700 ὥσπερ
3661 1630 3769 1691 τοῖς

2185 1743 2437 1814 ἀρχαίοις
2477 1741 2668 1801 κακοῖς
2688 1778 2702 1801 ,
2731 1735 3054 1806 φιλαιτάτην
3084 1728 3366 1782 ἐποιοῦντο
3384 1725 3483 1795 τὴν
3508 1721 3768 1794 ἀμαθίαν,

2185 1834 2280 1888 καὶ
2310 1832 2606 1901 συντρόφου
2646 1829 2953 1898 νοσήματος
2995 1821 3294 1890 άποφοιτᾷν
3328 1814 3470 1888 ἦσαν
3497 1817 3578 1868 ὅτι
3613 1813 3770 1884 μάλι-

2188 1943 2287 1980 στα
2319 1923 2714 1977 δυσοκνότατοι.
2742 1918 2900 1973 Οὕτω
2928 1913 3217 1985 τοιγαροῦν
3249 1911 3348 1980 τῆς
3377 1909 3484 1961 τῶν
3514 1907 3773 1978 πραγμά-

2185 2034 2292 2070 των
2325 2016 2556 2087 ὲχούσης
2594 2012 2853 2082 ’φύσεως,
2881 2009 2965 2070 τίς
3021 2005 3086 2060 ἂν
3141 2003 3412 2056 ἐνδοιάσαι
3462 1997 3668 2060 λοιπὸν,
3698 1997 3774 2058 ὡς

2186 2105 2411 2176 ἔμελλον
2460 2102 2679 2156 ἔσεσθαι
2707 2099 2800 2154 τοῦ
2837 2097 3086 2166 Σωτῆρος
3126 2095 3175 2146 οἱ
3223 2092 3486 2163 μαθηταὶ,
3517 2089 3775 2156 στυγητοί

2191 2198 2290 2267 μὲν
2322 2197 2434 2259 τοῖς
2495 2192 2766 2253 Ἰουδαίοις
2787 2231 2801 2253 ,
2835 2186 3215 2255 διεπτυσμένοι
3248 2184 3304 2236 δὲ
3351 2181 3504 2250 παρὰ
3537 2182 3650 2240 τοῖς
3677 2178 3775 2243 τὴν

2199 2288 2468 2357 Ἑλλήνων
2496 2284 2710 2338 νοσοῦσι
2744 2282 3007 2349 πλάνησιν
3035 2295 3049 2308 ο
3076 2278 3276 2348 ἥκιστα
3303 2274 3359 2327 δὲ
3382 2275 3551 2344 ἡδεῖς,
3580 2269 3775 2340 μᾶλλον

2188 2380 2246 2433 δὲ
2282 2377 2702 2448 δυσαχθέστατοι
2752 2375 2864 2435 τοῖς
2893 2371 3194 2442 φιληδονεῖν
3225 2365 3506 2436 ἑλομένοις
3525 2405 3538 2426 ,
3572 2362 3668 2415 καὶ⁵
3688 2362 3776 2412 τὸν

2191 2472 2434 2542 ἐξίτηλον
2497 2471 2556 2522 ὲν
2593 2469 2836 2538 τρυφαῖς
2870 2462 3193 2534 τετιμηκόσι
3239 2459 3386 2529 βίον;
3445 2456 3587 2510 Ἀλλ’
3623 2454 3775 2523 εἴπερ

2191 2562 2415 2632 ἔμελλον
2459 2561 2554 2614 τοῦ
2584 2558 2836 2628 Σωτῆρος
2883 2557 2933 2608 οἱ
2983 2553 3262 2626 μαθηταὶ,
3299 2551 3360 2604 τὸ
3401 2551 3498 2621 μὲν
3547 2548 3654 2602 ὐπὸ
3681 2546 3775 2598 τοῦ

2195 2655 2308 2725 [πρ.
2336 2653 2442 2704 ὑπό
2476 2649 2596 2722 του]
2633 2647 2907 2720 μιςεῖσθαι
2930 2643 3091 2714 τυχὸν
3131 2643 3236 2696 τῶν
3273 2641 3376 2712 ἤδη
3411 2636 3774 2707 κατειλεγμέο

2192 2762 2298 2798 νων
2322 2741 2592 2796 ποιεῖσθαι
2620 2738 2895 2811 φορτικὸν,
2919 2736 3115 2806 ζηλοῦν
3135 2735 3192 2788 δὲ
3234 2732 3434 2803 μᾶλλον
3464 2727 3777 2795 ἐπείγεσθαι

2194 2837 2290 2889 καὶ
2340 2834 2654 2904 φιλοθηρεῖν
2711 2831 2957 2892 ἐκτόπως
2990 2831 3082 2880 καὶ
3109 2827 3208 2898 τὴν
3259 2823 3409 2895 παρά
3431 2822 3541 2875 τῶν
3570 2821 3642 2873 τὰ
3669 2837 3779 2872 τοι·

2194 2929 2331 2984 αῦτα
2363 2926 2660 2981 νοσούντων
2689 2924 2991 2992 ἀγάπησιν,
3039 2917 3157 2982 πῶς
3189 2917 3250 2970 οὐ
3288 2916 3424 2969 πᾶσι
3452 2911 3780 2982 προδηλότα-

2195 3037 2309 3083 τον,
2343 3020 2417 3082 ὡς
2447 3018 2546 3070 οὐκ
2572 3015 2637 3070 ἂν
2668 3015 2913 3083 ἐγένοντο
2943 3009 3287 3082 περιφανεῖς,
3317 3004 3492 3057 οὐδενὶ
3513 3002 3575 3055 τὸ
3609 3002 3782 3072 παρά-

516 3119 716 3190 quippe
745 3132 868 3188 quae
903 3114 1204 3170 secundum
1239 3112 1406 3167 Deuin
1447 3119 1556 3173 est,
1611 3109 1993 3180 paenitentiam
2036 3107 2090 3160 in

2197 3129 2303 3165 παν
2331 3112 2421 3163 τὸν
2446 3109 2672 3176 ὠφελεῖν
2714 3104 2965 3174 ἰσχύοντα
3005 3099 3393 3173 προϊσχόμενοι
3423 3095 3605 3162 λόγον,
3643 3110 3780 3162 κομ-

515 3212 747 3266 salutem
807 3204 1201 3260 immutabilem
1259 3207 1543 3271 operatur.
1614 3198 1849 3252 Dubium
1909 3197 2092 3264 itaque

517 3317 625 3357 non
672 3300 782 3354 erit
821 3310 1156 3360 sermonem,
1203 3293 1274 3347 ad
1321 3290 1740 3347 oblectationem
1776 3286 2091 3341 auditorum

517 3391 880 3461 compositum
907 3396 965 3443 et
1011 3387 1103 3456 qui
1138 3383 1286 3454 quod
1327 3382 1452 3437 usui
1482 3381 1555 3436 sit
1592 3381 1673 3435 eis
1704 3393 1813 3434 non
1845 3378 2091 3447 exponit,

518 3482 724 3535 mundo
755 3479 938 3549 potius
967 3475 1237 3530 assentari
1271 3487 1438 3542 quam
1486 3470 1752 3540 prodesse
1780 3488 1793 3524 :
1833 3469 1927 3539 qui
1963 3482 2098 3522 vero

525 3571 834 3628 Servatoris
891 3567 1081 3622 verbis
1119 3565 1317 3631 credit,
1371 3562 1512 3617 nihil
1550 3561 1862 3617 istiusmodi
1899 3559 2098 3630 prredi-

521 3665 686 3719 cabit.
727 3662 786 3716 Ei
819 3662 1022 3731 quippe
1052 3660 1275 3729 placere
1315 3656 1422 3712 sibi
1467 3655 1645 3710 satius
1686 3669 1810 3709 esse
1860 3653 2095 3722 putabit,

515 3763 574 3808 et
608 3753 941 3823 spiritalium
975 3750 1291 3810 divitiarum
1331 3747 1455 3801 loco
1481 3743 1823 3800 existimabit
1859 3742 1988 3796 odio
2028 3741 2100 3795 ab

525 3847 594 3900 iis
635 3844 822 3899 haberi
869 3842 964 3913 qui
994 3839 1381 3910 gravissimum
1409 3836 1600 3890 virtuti
1648 3836 1857 3890 bellum
1887 3833 2099 3887 indixe-

526 3947 671 3990 runt.
702 3934 840 3987 Cum
869 3945 1000 4000 ergo
1029 3930 1196 3984 vestri
1225 3927 1469 3983 nominis
1504 3925 1784 3994 splendori
1827 3924 2098 3978 interdum

518 4025 738 4082 efﬂzere
770 4020 929 4076 videb
955 4030 1046 4074 tur
1074 4020 1202 4073 odio
1233 4033 1358 4074 esse
1390 4019 1618 4080 mundo,
1651 4016 2100 4086 impedimentum

522 4114 660 4170 illud
715 4112 1012 4182 projicite,
1060 4108 1392 4178 contemptis
1453 4108 1560 4160 illis
1612 4107 1942 4168 honoribus,
1996 4105 2102 4160 nisi

527 4220 653 4260 cum
699 4202 961 4258 utilitatis
1007 4201 1224 4255 ratione
1283 4197 1726 4266 coniungantur:
1767 4210 1944 4263 neque
1977 4211 2106 4249 vero

2195 3201 2376 3272 ψείαις
2413 3199 2470 3251 δὲ
2510 3197 2710 3268 μᾶλλον
2736 3193 3065 3254 ἐπιδιδόντες
3091 3191 3158 3244 τὰ
3185 3189 3534 3260 φρονήματα,
3565 3184 3661 3236 καὶ
3690 3184 3782 3235 τὸν

2200 3291 2298 3361 μὲν
2336 3292 2400 3342 ἐκ
2428 3285 2737 3358 παρρησίας
2761 3284 2861 3353 τῆς
2894 3281 3034 3335 κατά
3065 3279 3198 3333 Θεὸν
3231 3277 3612 3334 συστείλαντες
3635 3274 3782 3340 έλεγ⁸

2197 3401 2309 3454 χον,
2337 3381 2398 3434 τό
2421 3398 2484 3448 γε
2527 3379 2633 3450 μὴν
2659 3376 2875 3444 ἑκάστῳ
2901 3373 3100 3446 μᾶλλον
3130 3371 3250 3442 ἡδὺ,
3285 3367 3581 3430 λαλοῦντές
3610 3383 3669 3418 τε
3693 3365 3784 3417 καὶ

2199 3473 2575 3544 εἰσηγούμενοι
2595 3489 2609 3537 ;
2627 3469 2930 3536 Ἀναγκαία
2953 3462 3243 3535 τοιγαροῦν
3278 3463 3310 3532 ἡ
3341 3459 3670 3528 παραίνεσις
3692 3455 3784 3508 τοῦ

2202 3566 2277 3638 μὴ
2305 3565 2512 3634 σφόδρα
2545 3560 2816 3632 φιλεῖσθαι
2844 3559 3046 3629 ζητεῖν,
3070 3553 3342 3609 ποιεῖσθαι
3363 3552 3419 3606 δὲ
3453 3552 3583 3621 παρ’
3613 3549 3784 3612 οὐδὲν,

2198 3657 2260 3710 τὸ
2287 3655 2381 3708 καὶ
2403 3653 2493 3706 διὰ
2513 3653 2702 3722 μίσους
2734 3649 2867 3702 ἱέναι
2890 3647 3030 3700 τισὶν
3063 3645 3174 3698 ἔστ’
3205 3643 3272 3697 ἂν
3304 3643 3488 3705 αὐτοῖς
3519 3639 3582 3693 τὸ
3598 3642 3665 3693 ὲκ
3692 3640 3788 3707 τῆς

2201 3747 2480 3808 νουθεσίας
2501 3745 2736 3815 ὑπάρχοι
2766 3742 3052 3811 χρήσιμον.
3083 3735 3256 3791 Τοῦτό
3282 3753 3334 3788 τι
3357 3733 3476 3806 [γρ.
3501 3731 3664 3787 τοῦτό
3684 3729 3787 3801 τοι]

2203 3841 2298 3894 καὶ
2349 3839 2565 3893 Παῦλον
2617 3834 2920 3908 δεδρακότα
2953 3831 3303 3902 θεωρήσομεν
3329 3868 3344 3893 ,
3377 3827 3473 3882 καὶ
3527 3827 3787 3896 εἰρηκότα

2206 3931 2420 4000 σαφῶς⁸
2461 3950 2479 3981 ι
2524 3931 2683 3998 ’Ἄρτι
2721 3927 2828 3998 γὰρ
2857 3923 3180 3994 ἀνθρώπους
3212 3919 3404 3987 πείθω,
3439 3918 3590 3990 ἦτον
3623 3916 3787 3980 Θεόν;

2210 4021 2280 4075 Ἢ
2329 4020 2476 4090 ζητῶ
2530 4016 2840 4090 ἀνθρώποις
2881 4015 3178 4086 ἀρέσκειν;
3212 4011 3276 4064 Εἰ
3309 4008 3389 4062 ἔτι
3415 4006 3680 4078 ἀρέσκειν
3698 4007 3787 4060 ἀν-

2207 4113 2449 4186 Θρώποις
2507 4110 2698 4182 ῆθελον
2731 4149 2748 4175 ,
2775 4106 3014 4178 Χριστοῦ
3063 4103 3248 4165 δοῦλος
3291 4099 3508 4167 οὐκ,ἆν
3555 4099 3726 4168 ήμην.
3764 4114 3782 4147 ι

2221 4206 2583 4275 Ἐπιτιμήσας
2621 4203 2680 4256 δὲ
2713 4201 2874 4256 πάλιν
2912 4198 3019 4252 τῶν
3048 4199 3104 4252 ὲν
3134 4193 3386 4263 Κορίνθῳ
3413 4191 3545 4256 τινὶ,
3587 4189 3789 4260 ἀφορή-

529 4295 822 4350 molestum
856 4293 1014 4348 vobis
1049 4293 1122 4346 sit
1163 4290 1292 4345 odio
1323 4288 1537 4353 haberi,
1573 4301 1699 4340 cum
1746 4287 1897 4357 prior
1925 4286 1976 4339 id
2007 4301 2091 4356 είς(

2206 4314 2316 4360 τως
2339 4313 2399 4348 τε
2444 4294 2564 4347 λίαν
2603 4290 2966 4362 ἀπηλγηκότα
3003 4286 3163 4341 τοῦτο
3193 4281 3402 4355 μαθὼν,
3433 4280 3602 4351 φησίν
3631 4294 3647 4310 ·
3675 4299 3692 4328 ι
3727 4279 3788 4330 Et

531 4387 636 4441 sim
680 4393 960 4455 expertus.
1005 4381 1136 4437 Sum
1190 4389 1374 4434 autem
1425 4377 1697 4432 Dominus
1744 4385 1799 4432 et
1843 4379 2091 4448 magister

2210 4390 2319 4460 γὰρ
2347 4386 2456 4455 ἐγὼ
2483 4385 2636 4438 λυπῶ
2659 4384 2825 4454 ὑμᾶς,
2859 4381 2955 4435 καὶ
2979 4378 3060 4453 τίς
3098 4379 3126 4431 ὁ
3154 4374 3464 4448 εὐφραίνων
3501 4389 3593 4442 με,
3639 4373 3687 4424 εί
3717 4369 3789 4438 μὴ

530 4451 766 4534 scilicet:
791 4475 948 4542 Quod
976 4483 1157 4529 autem
1189 4473 1274 4527 sui
1300 4470 1498 4542 capitis
1528 4469 1698 4524 exitio
1728 4470 1910 4539 ipsum
1941 4469 2091 4524 etiau

2212 4451 2591 4549 όλῦπούμενος
2619 4451 2872 4547 egi-4106;
2901 4493 2920 4526 ι
2951 4473 3014 4526 Ἢ
3043 4451 3154 4540 γὰρ
3189 4465 3333 4522 κατά
3359 4464 3491 4519 Θεὸν
3521 4463 3668 4532 λύπη
3698 4478 3785 4532 μεθ

530 4569 808 4625 Christum
841 4566 1058 4622 oderint
1097 4565 1191 4636 qui
1253 4563 1530 4618 mundana
1576 4561 1796 4630 sapiunt
1834 4576 1897 4616 ac
1939 4563 2108 4616 cccle-

529 4661 635 4718 stia
677 4662 818 4714 bona
849 4664 1235 4722 contemnunt,
1267 4656 1524 4710 existimo
1571 4652 1805 4722 probatu
1844 4667 1952 4707 non
1985 4667 2110 4708 esse

531 4751 769 4808 ditiicile.
798 4749 918 4820 Ipse
945 4749 1090 4804 enim
1120 4748 1174 4801 in
1215 4745 1526 4816 Evangeliis
1560 4745 1628 4799 ad
1671 4745 1942 4814 quosdam
1990 4746 2104 4798 ait:

538 4865 556 4896 ι
588 4843 708 4898 Non
739 4849 914 4913 potest
945 4839 1181 4895 mundus
1238 4838 1422 4893 odisse
1470 4852 1588 4903 vos,
1635 4852 1723 4892 me
1753 4847 1932 4892 autem
1969 4837 2107 4902 odit,

531 4937 661 5007 quia
699 4951 800 5007 ego
824 4935 1196 4990 testimonium
1227 4931 1486 5000 perhibeo
1517 4930 1585 4984 de
1619 4929 1712 4984 illo
1748 4929 1894 5000 quod
1938 4945 2108 5001 opera

533 5027 654 5099 ejus
690 5027 832 5081 mala
866 5035 997 5081 sunt
1021 5025 1086 5078 ⁸⁸.
1116 5043 1135 5076 ›
1168 5021 1458 5092 Exemplar
1483 5021 1672 5090 itaque
1707 5022 1953 5092 seipsum
1979 5036 2110 5092 prae-

533 5121 670 5174 bens
699 5118 866 5174 etiam
896 5117 983 5171 hic
1012 5117 1222 5172 sanctis
1255 5112 1544 5184 apostolis,
1579 5112 1684 5166 hoc
1713 5113 1818 5167 iter
1849 5113 2108 5168 insistere

529 5212 705 5282 jubet.
733 5227 860 5267 cum
901 5210 1028 5265 alibi
1074 5223 1272 5264 rursus
1320 5216 1507 5277 aperte
1551 5206 1666 5259 ait:
1711 5223 1730 5257 ι
1772 5189 1922 5260 Beati
1971 5205 2110 5262 estis

535 5318 660 5357 eum
693 5302 1081 5359 maledixerint
1125 5299 1282 5354 vobis
1327 5297 1599 5360 homines,
1647 5305 1702 5351 et
1733 5297 2108 5368 etprobrave-

524 5395 669 5457 rint,
703 5403 758 5448 et
787 5395 1027 5449 dixerint
1056 5408 1218 5448 omne
1257 5391 1461 5444 malum
1495 5388 1789 5446 adversum
1820 5404 1920 5445 vos
1952 5405 2108 5443 men-

537 5485 736 5540 tientes
763 5494 983 5555 propter
1012 5499 1100 5544 me
1125 5503 1139 5540 :
1165 5483 1396 5555 gaudete
1428 5491 1483 5540 et
1505 5478 1805 5550 exsultate,
1845 5481 2107 5552 quoniam

619 5751 666 5783 ⁸⁸
685 5749 865 5805 Galat.
905 5765 943 5814 ι,
982 5749 1068 5804 l0.
1173 5752 1215 5780 ⁸⁷
1240 5749 1280 5803 ll
1313 5752 1440 5805 Cor.
1475 5764 1540 5813 ιι,
1578 5746 1634 5798 2.

1731 5743 1777 5774 "
1812 5741 1972 5796 Joan.
2004 5757 2104 5806 vu,
2140 5743 2192 5795 7.

2214 4571 2430 4624 τάνοιαν
2485 4569 2565 4630 είς
2618 4566 2890 4637 σωτηρίαν
2935 4560 3315 4634 ἀμετάϐλητον
3367 4553 3788 4627 κατεργάζεται.

2218 4663 2410 4714 Ἔσται
2447 4657 2737 4728 τοιγαροῦν
2767 4654 3068 4725 οὐδαμόθεν
3094 4650 3398 4722 ἀμφίλογον
3430 4647 3508 4710 ὼς
3530 4642 3790 4699 κολακεύο

2215 4770 2300 4806 σει
2364 4750 2461 4822 μὲν
2507 4749 2598 4802 τὸν
2651 4749 2856 4818 κόσμον
2893 4787 2908 4812 ,
2943 4746 3088 4815 ῆπερ
3137 4743 3323 4812 ὀνήσει
3383 4738 3582 4809 μᾶλλον
3613 4736 3642 4787 ὁ
3675 4732 3787 4788 καθ’

2213 4843 2404 4915 ἡδονὴν
2429 4845 2539 4906 τοῖς
2557 4841 2925 4913 ἀκροωμένοις
2957 4837 3212 4907 ἐσόμενος
3243 4833 3422 4901 λόγος,
3439 4830 3534 4884 καὶ
3555 4829 3675 4898 οὐχὶ
3699 4827 3794 4898 τὴν

2214 4933 2304 4983 τοῦ
2330 4929 2696 5001 συμφέροντος
2729 4927 2955 4998 γνώμην
2996 4922 3322 4995 παρατιθείς
3356 4934 3371 4948 ’
3399 4923 3428 4973 ὁ
3456 4919 3514 4972 δὲ
3559 4920 3671 4980 τοῖς
3699 4915 3792 4968 τοῦ

2216 5022 2463 5093 Σωτῆρος
2500 5020 2823 5091 πειθόμενος
2871 5018 3075 5087 λόγοις,
3122 5015 3244 5086 οὐχὶ
3281 5010 3442 5067 τοῦτο
3467 5007 3794 5082 πρεσϐεύσει

2218 5114 2396 5167 ποθέν.
2450 5113 2768 5183 Προελεῖται
2807 5110 2916 5182 γὰρ
2970 5107 3172 5180 μᾶλλον
3213 5105 3277 5158 τὸ
3322 5102 3583 5174 ἀρέσκειν
3625 5096 3792 5167 αὐτῷ,

2210 5209 2303 5261 καὶ
2324 5205 2688 5276 πνευματικὸν
2715 5203 2984 5274 ἡγήσεται
3014 5197 3264 5260 πλοῦτον,
3294 5195 3390 5249 καὶ
3429 5193 3490 5246 τδ
3522 5187 3794 5262 μισεῖσθαι

2209 5298 2396 5352 λοιπὸν
2424 5299 2574 5370 παρά
2606 5296 2715 5350 τῶν
2747 5293 2998 5366 ἡγεῖσθαι
3022 5287 3442 5360 πολεμιωτάτην
3464 5283 3564 5354 τὴν
3596 5277 3795 5352 ἀρετὴν

2211 5390 2500 5460 ἑλομένων.
2539 5389 2708 5442 Ὅταν
2740 5387 2920 5440 τοίνυν
2944 5428 2956 5449 ,
2983 5383 3138 5453 φησι,
3163 5382 3287 5442 ταῖς
3318 5375 3616 5447 ὑμετέραις
3647 5371 3788 5424 εὐδοο

2211 5481 2503 5552 κιμήσεσιν
2542 5478 2930 5550 ἀντιπράττειν
2963 5474 3073 5528 ἐσθ’
3103 5474 3193 5528 ὅτε
3225 5467 3400 5542 ὁρῷτο
3439 5461 3796 5536 κεκινημένον
