4024 6262
296 318 393 375 597
1320 308 1383 368 ΙΝ
1418 312 1700 368 JOANNIS
1740 311 1870 368 EVA

1978 311 2190 370 ELIUM
2230 308 2361 367 LIB.
2404 312 2468 368 Χ.
3437 311 3543 374 393

287 435 344 489 τὸ
371 433 637 505 μισεῖσθαι
679 434 826 505 παρά
864 430 957 486 τοῦ
1008 429 1217 504 κόσμου
1238 450 1251 463 ο
1283 433 1544 498 νικάσθω,
1570 434 1666 487 καὶ
1703 432 1862 486 τοῦτο

1974 446 2180 488 merces
2209 439 2392 487 vestra
2444 432 2667 503 copiosa
2695 440 2779 488 est
2813 432 2868 486 in
2898 431 3077 490 caelis.
3102 430 3208 501 ‘Sic
3244 430 3392 489 enim
3423 449 3548 505 pcr-

286 525 689 598 διαῤῥίπτεσθαι
740 525 800 578 τὸ
855 521 1288 597 παραπόδισμα,
1343 524 1433 577 διὰ
1467 523 1565 577 τοῦ
1614 524 1690 595 μὴ
1729 523 1849 577 λίαν

1974 524 2148 579 secuti
2181 533 2310 579 sunt
2336 525 2654 594 prophetas,
2690 523 2788 594 qui
2816 522 3038 580 fuerunt
3066 532 3196 581 ante
3225 537 3322 580 vos
3345 523 3415 575 ⁸⁹.
3454 544 3474 575 ι

286 614 564 689 ἐφήδεσθαι
593 617 713 679 ταῖς
743 615 851 670 τῶν
895 615 1238 686 ἀγαπώντων
1278 617 1444 671 αὐτὸν
1471 619 1679 686 τιμαῖς,
1700 617 1750 669 εί
1781 614 1858 687 μὴ
1894 615 1990 669 τοῦ
2036 616 2343 685 πεφυκότος
2380 616 2614 686 ὠφελεῖν
2657 616 2933 688 ἀνέχοιντο
2959 615 3122 685 λόγου
3145 632 3159 646 ο
3222 616 3441 688 όράσθω
3495 617 3551 670 δὲ

289 707 543 781 μηδαμῶς
598 706 662 760 τὸ
699 708 981 777 μισεῖσθαι
1036 709 1313 780 φορτικὸν,
1358 708 1495 780 ἐμοῦ
1542 708 1698 762 τοῦτο
1736 707 2346 781 προπεπονθότος.Είμὶ
2372 709 2427 763 δὲ
2458 708 2701 781 δηλονότι
2761 708 2965 780 Κύριος
3031 708 3127 762 καὶ
3198 708 3548 769 Διδάσκαλος,

287 802 400 855 Ὅτι
422 802 475 855 δὲ
527 800 615 855 ἐπ’
658 801 868 875 ὀλέθρῳ
903 803 1008 874 τῆς
1044 802 1254 860 ἑαυτῶν
1303 802 1543 874 κεφαλῆς
1571 803 1667 857 καὶ
1695 803 1858 858 αὐτὸν
1899 804 2241 875 μεμισήκασι
2290 805 2385 858 τὸν
2469 798 2737 875 Χριστὸν,
2802 807 2851 859 οἱ
2892 805 2959 858 τὰ
2999 804 3058 857 ἐν
3103 805 3294 876 κόσμῳ
3338 806 3550 875 φρονεῖν

279 884 556 968 ᾑρημένοι,
585 898 682 952 καὶ
709 896 821 951 τῶν
857 897 1129 970 οὐρανίων
1179 898 1694 971 ὕπερφρονήσαντες
1719 897 1961 967 ἀγαθῶν,
1994 898 2095 951 οὐκ
2167 898 2325 970 ἔργον
2362 894 2519 970 οἶμαι
2557 898 2844 953 δεικνύειν.
2896 898 3041 971 Ἔφη
3083 901 3192 970 7&9
3255 900 3416 964 αὐτὸς
3495 902 3553 954 ἰν

276 991 381 1051 τοῖς
407 991 761 1059 Εὐαγγελίοις
788 992 924 1063 πρός
948 1007 1100 1054 τινας
1123 1007 1140 1024 ο
1179 1010 1198 1043 ι
1233 991 1309 1045 Οὐ
1335 987 1560 1045 δύναται
1589 993 1618 1044 6
1646 990 1849 1062 κόσμος
1889 992 2067 1061 μισεῖν
2098 991 2242 1060 ὑμᾶς
2266 1005 2282 1020 ’
2315 992 2415 1062 ἐμὲ
2463 990 2521 1044 δὲ
2573 993 2745 1059 μισεῖ,
2785 993 2866 1046 ὄτι
2912 991 3026 1061 ἐγὼ
3093 992 3360 1065 μαρτυρῶ
3428 994 3556 1062 περὶ

275 1080 467 1146 αὑτοῦ,
496 1082 580 1135 ὃτι
603 1081 673 1135 τὰ
694 1081 831 1152 ἔργα
877 1078 1046 1136 αὑτοῦ
1080 1082 1298 1153 πονηρά
1335 1083 1473 1138 ἐστι.
1522 1100 1541 1132 ι
1574 1081 1757 1135 Τύπον
1811 1076 1905 1135 οὖν
1942 1081 2052 1153 ἄρα
2109 1081 2222 1144 τοῖς
2290 1082 2470 1151 ἁγίοις
2516 1083 2859 1148 ἀποστόλοις,
2896 1083 2965 1138 τὰ
3019 1080 3140 1138 καθ’
3186 1082 3403 1150 ὶαυτὸν,
3452 1086 3556 1139 κάν

274 1178 443 1247 τούτῳ
491 1177 558 1249 δὴ
605 1178 769 1233 πάλιν
815 1176 1119 1249 παραθεὶς,
1162 1178 1473 1250 ίχνηλατεϊν
1517 1175 1730 1231 κελεύει
1763 1177 1859 1232 καὶ
1895 1175 1995 1247 τὴν
2025 1178 2119 1231 ἐπὶ
2157 1176 2370 1241 τούτοις
2417 1177 2556 1241 ὁδὸν,
2579 1180 2668 1233 ὅτε
2702 1179 2797 1233 καὶ
2841 1179 3139 1252 διαρρήδην
3192 1179 3379 1248 ἔλεγεν
3437 1181 3558 1233 ἑτέ-

277 1273 406 1342 ρωθί
439 1291 558 1327 ,ποι
608 1274 807 1329 πάλινο
882 1292 900 1328 ι
932 1273 1214 1347 Μακάριοι
1257 1274 1401 1339 ἐστε,
1447 1274 1577 1328 ὅταν
1626 1272 1893 1338 διώξωσιν
1965 1273 2112 1344 ὑμᾶς
2151 1275 2245 1327 καὶ
2290 1274 2593 1328 όνειδίσωσι
2646 1274 2741 1328 καὶ
2790 1275 2987 1328 εἴπωσι
3031 1275 3141 1329 πᾶν
3168 1275 3403 1347 πονηρὸν
3433 1275 3554 1329 καθ’

272 1366 424 1436 ὑμῶν
469 1368 795 1440 ψευδόμενοι
839 1365 1031 1425 ἕνεκεν
1074 1369 1215 1439 ἐμοῦ
1252 1382 1264 1399 ³
1340 1370 1562 1440 χαίρετε
1620 1368 1717 1423 καὶ
1765 1368 2141 1438 ἀγαλλιᾶσθε,
2218 1369 2300 1423 ὅτι
2347 1371 2375 1422 6
2424 1368 2616 1440 μισθὸς
2685 1369 2841 1441 ὑμῶν
2894 1369 3064 1434 πολὺς
3122 1372 3181 1424 ὲν
3234 1373 3346 1434 τοῖς
3385 1372 3552 1443 οὖρα-

270 1463 396 1524 νοίς.
435 1460 596 1516 Οὕτω
643 1463 752 1534 γὰρ
799 1462 1027 1527 ἐδίωξαν
1068 1464 1197 1528 τοὺς
1241 1466 1525 1535 προφήτας
1571 1465 1700 1529 τοὺς
1749 1464 1856 1535 πρὸ
1890 1464 2064 1535 ὑμῶν.
2103 1483 2123 1515 ι

339 1563 409 1617 Et
443 1561 514 1615 ἐκ
570 1559 677 1614 τοῦ
720 1561 954 1629 κόσμου
980 1555 1105 1630 ἦτε,
1136 1563 1169 1613 ό
1199 1561 1428 1629 κόσμος
1471 1560 1546 1614 ἂν
1589 1561 1657 1614 τὸ
1703 1561 1860 1615 lator

2035 1559 2200 1631 897
2239 1558 2351 1624 XV,
2384 1560 2466 1616 l9.
2494 1558 2554 1616 Si
2576 1560 2640 1616 de
2665 1561 2858 1615 mundo
2878 1560 3138 1629 fuissetis,
3161 1560 3390 1617 urendus
3415 1563 3555 1633 quod

268 1653 483 1722 ἐφίλει·
521 1652 611 1706 ὅτι
644 1651 799 1706 δὲέκ
830 1651 936 1707 τοῦ
985 1650 1218 1720 κόσμου
1254 1654 1365 1706 οὐκ
1385 1651 1548 1715 ἐστὲ,
1582 1651 1719 1707 ἀλλ’
1747 1652 1863 1723 ἐγὼ

1974 1667 2120 1707 mum
2156 1662 2270 1708 erat
2302 1653 2578 1724 diligeret:
2603 1655 2731 1724 quia
2773 1669 2893 1707 vero
2934 1652 2997 1706 de
3029 1655 3226 1707 mundo
3259 1670 3361 1707 non
3392 1656 3583 1718 θεώ..

267 1743 651 1813 ἐξελεξάμην
672 1741 828 1812 ὑμᾶς
849 1742 917 1796 ἐκ
936 1742 1045 1798 τοῦ
1070 1742 1323 1813 κόσμου,
1355 1741 1452 1797 διὰ
1486 1743 1665 1798 τοῦτο
1691 1743 1867 1813 μισεῖ

1974 1748 2060 1801 sed
2108 1762 2202 1817 ego
2253 1746 2385 1818 elegi
2442 1763 2530 1802 vos
2575 1746 2639 1801 de
2685 1744 2922 1812 mundo,
2976 1754 3251 1812 propterea
3305 1747 3418 1799 odit
3463 1764 3553 1801 eos

269 1833 426 1905 ὑμᾶς
464 1838 500 1889 ό
530 1836 782 1903 κόσμος.

1974 1837 2223 1892 mundus.
2490 1842 2491 1845 “
2532 1892 2547 1909 ,

349 1925 620 2001 Ἐλαφρὸν
638 1927 702 1978 ὲκ
728 1924 923 1996 τέχνης
946 1925 1040 1979 καὶ
1065 1923 1127 1979 τδ
1145 1925 1362 1979 πάντων
1381 1924 1465 1980 ὅτι
1490 1925 1731 1996 μάλιστα
1745 1927 1843 1981 δυσ
1856 1956 1870 1967 -

2043 1926 2354 1982 Artiﬁciose
2407 1927 2568 1998 plane
2623 1925 2803 1981 reddit
2855 1923 3076 1980 facilem
3127 1938 3243 1979 rem
3308 1925 3553 1979 omnium

268 2018 603 2088 αχθέστατον
636 2019 733 2072 καὶ
776 2019 863 2089 ἐφ’
887 2019 1021 2090 ὅπερ
1066 2016 1176 2090 [Ion
1212 2011 1392 2091 ᾧπερ]
1425 2015 1494 2090 ἦν
1521 2019 1665 2082 εἰκὸς
1690 2018 1751 2072 οὐ
1775 2032 1868 2089 με·

267 2110 428 2180 τρίως
446 2109 846 2181 δυσχεραίνειν,
875 2109 1192 2180 παραδόξως
1228 2109 1455 2182 ἣδεσθαι
1494 2113 1657 2165 ποιεῖ.
1679 2113 1868 2183 Φορτι-

270 2202 361 2256 κδν
389 2205 487 2273 μὲν
516 2202 630 2274 γὰρ
664 2201 834 2266 ὅντως
857 2202 921 2256 τὸ
949 2202 1224 2272 μισεῖσθαι
1272 2202 1410 2274 πρός
1444 2219 1630 2265 τινων,
1683 2203 1773 2258 διὰ
1800 2204 1869 2259 τὰ

269 2293 516 2348 ἐντεῦθεν
566 2292 679 2346 ἐσθ’
726 2294 812 2347 ὅτε
833 2292 1230 2348 διεκκύπτοντα
1251 2294 1422 2365 βλάϐη
1451 2295 1544 2348 καὶ
1576 2295 1869 2368 ἀδοκήτους

270 2383 588 2448 ἐπιϐουλὰς,
647 2382 762 2437 ἀλλ’
806 2384 907 2454 ἡδὺ
955 2385 1051 2438 καὶ
1091 2383 1252 2438 τοῦτο
1282 2383 1370 2439 διά
1406 2382 1560 2451 Θεὸν,
1601 2386 1695 2440 καὶ
1741 2386 1869 2440 ὅταν

273 2475 551 2549 συμϐαίνῃ
579 2475 645 2528 δι’
684 2475 987 2542 εὐσέϐειαν,
1016 2475 1288 2542 ἀπόδειξιν
1325 2477 1727 2549 ἐναργεστάτην
1756 2479 1867 2531 είσ-

272 2569 421 2640 φέρει
446 2568 552 2622 τοῦ
586 2568 660 2639 μὴ
690 2562 830 2622 εἶναι
857 2569 1140 2638 κοσμικὴν,
1168 2569 1259 2622 τὸν
1288 2570 1371 2638 ἐφ’
1429 2562 1583 2640 ᾧπερ
1611 2569 1677 2624 ἂν
1701 2571 1871 2642 πράτ-

271 2677 409 2717 τοιτο
432 2662 593 2734 παρά
609 2679 791 2716 τινων.
811 2661 1143 2734 "Qa-1:597:19
1168 2663 1455 2731 σωμάτων,
1478 2660 1669 2727 οὕτως,
1692 2657 1864 2734 οἶμαι,

271 2754 358 2807 καὶ
406 2754 633 2822 τρόπων
664 2753 985 2821 συγγενείας
1028 2755 1354 2826 εὑρήσομεν,
1394 2756 1489 2808 καὶ
1526 2754 1634 2808 τῶν
1670 2754 1867 2825 ὲθῶνή

270 2845 557 2916 ταυτότης,
581 2845 674 2898 καὶ
701 2846 735 2915 ἡ
784 2844 924 2898 κατά
954 2847 1060 2899 πᾶν
1133 2844 1309 2898 ὁτιοῦν
1369 2844 1644 2917 ὁμοιότης,
1685 2845 1782 2916 τὴν
1810 2845 1868 2913 ἐξ

270 2937 500 3007 αἵματος
522 2936 838 3007 ἀγχιστείαν
870 2936 1205 3007 ὑποδραμεῖν
1251 2936 1429 3007 ἱκανή.
1463 2937 1577 2990 Πᾶν
1599 2935 1707 3008 γὰρ
1732 2935 1868 3000 ζῶον

271 3027 506 3095 ἀγαπῶν
539 3027 601 3080 τὸ
626 3028 810 3098 ὅμοιον
838 3025 1007 3097 αὐτῷ,
1036 3025 1177 3080 κατά
1224 3026 1285 3079 τὸ
1316 3012 1745 3097 γεγραμμένον,
1775 3026 1869 3079 καὶ

1972 2022 2133 2092 longe
2174 2020 2560 2091 gravissimam
2588 2059 2603 2082 ,
2642 2033 2821 2089 eoque
2861 2029 3057 2090 praeter
3095 2032 3246 2088 spem
3286 2016 3553 2073 obiectari

1971 2113 2131 2178 facit,
2170 2109 2319 2182 quod
2346 2124 2455 2166 non
2488 2110 2823 2165 mediocrem
2867 2110 3177 2166 molestiam
3200 2109 3326 2179 jure
3353 2110 3553 2163 allatu-

1971 2193 2453 2258 ruma'idebatur.
2502 2198 2680 2256 Grave
2723 2201 2870 2255 enim
2913 2208 2999 2255 est
3037 2214 3229 2254 revera
3263 2199 3391 2254 odio
3432 2213 3557 2253 esse

1972 2296 2275 2358 nonnullis,
2295 2302 2521 2365 propter
2545 2295 2746 2348 damna
2778 2306 2900 2364 quae
2922 2292 3196 2348 interdum
3225 2293 3353 2346 hinc
3374 2308 3554 2347 cmer-

1969 2394 2140 2457 gunt,
2184 2394 2239 2442 et
2270 2386 2585 2456 inopinatas
2627 2385 2859 2441 insidias
2893 2404 2905 2439 :
2959 2383 3052 2441 sed
3096 2396 3264 2439 suave
3295 2383 3427 2437 illud
3471 2394 3557 2439 est

1971 2492 2202 2553 propter
2234 2480 2429 2544 Deum,
2456 2488 2532 2548 et,
2571 2481 2615 2536 si
2649 2480 2724 2535 ob
2752 2480 3010 2549 pietatem
3043 2479 3347 2549 contingat,
3376 2479 3555 2532 mani-

1974 2573 2276 2630 festissimo
2323 2580 2654 2643 argumento
2707 2578 2794 2626 est
2848 2585 2913 2625 ae
2992 2568 3199 2624 indicio
3269 2584 3376 2623 non
3435 2585 3559 2623 esse

1972 2662 2309 2717 mundanum
2348 2676 2475 2717 eum
2528 2663 2583 2717 in
2634 2678 2796 2732 quem
2837 2660 2997 2717 istud,
3027 2661 3193 2733 aliqui
3236 2663 3555 2716 moliantur.

1971 2755 2044 2811 Ut
2075 2754 2220 2811 enim
2258 2768 2588 2824 corporum,
2628 2755 2701 2809 ita
2748 2770 2960 2809 morum
3010 2754 3270 2825 cognatio
3309 2754 3557 2822 quaedam

1969 2855 2057 2902 est
2096 2864 2111 2902 :
2170 2857 2222 2901 et
2253 2860 2465 2901 morum
2499 2845 2735 2917 perfecta
2764 2847 3068 2903 similitudo
3111 2847 3181 2901 ad
3234 2846 3558 2918 prOpinqui-

1972 2947 2139 2993 tatem
2191 2939 2477 3009 sanguinis
2524 2938 2939 3008 exprimendam
2976 2939 3141 2993 valet.
3206 2938 3381 2992 Umne
3413 2939 3557 2993 enim

1973 3032 2177 3086 animal
2217 3031 2397 3102 diligit
2438 3031 2616 3086 simile
2660 3030 2765 3085 sibi
2793 3070 2805 3091 ,
2859 3037 2916 3082 ut
2951 3031 3217 3099 scriptum
3268 3031 3419 3085 est”
3448 3071 3461 3095 ,
3503 3041 3559 3085 et

269 3121 350 3189 τῷ
407 3118 581 3191 ὁμοίῳ
617 3119 779 3175 αὐτοῦ
836 3119 1371 3193 προσκολληθήσεται
1423 3120 1585 3192 ἀνήρ.
1643 3119 1754 3189 Τῆς
1813 3119 1870 3173 δὲ

1976 3122 2159 3177 omnis
2210 3122 2374 3177 homo
2415 3122 2582 3176 simili
2625 3123 2709 3175 sui
2743 3121 3069 3176 sociabitur.
3118 3119 3326 3174 Murum
3373 3131 3557 3175 autem

271 3213 568 3284 ὁμοηθείας
587 3211 827 3284 δηλονότι
858 3213 949 3266 τὸν
988 3215 1086 3283 τῆς
1117 3201 1200 3276 εἰς
1217 3212 1480 3282 ἀλλήλους
1495 3211 1718 3283 ἀγάπης
1741 3213 1872 3266 ἀνα-

270 3304 503 3375 νεούσης
548 3305 731 3376 νόμον,
764 3304 920 3372 ἅγιος
962 3303 1059 3374 μὲν
1086 3304 1226 3376 ἁγίῳ
1260 3305 1716 3376 συνδιαιτήσεται,
1778 3306 1873 3359 καὶ

271 3394 394 3448 λίαν
415 3393 586 3465 ήδέως
613 3395 795 3448 ἔσεται
813 3394 956 3449 κατά
983 3397 1179 3449 ταυτὸν
1211 3397 1305 3449 καὶ
1344 3397 1596 3450 συνέσται
1618 3396 1873 3468 φιλοφρό-

271 3504 401 3549 νως
436 3486 649 3558 βεϐήλῳ
673 3486 731 3540 δὲ
758 3487 920 3541 πάλιν
950 3488 979 3540 6
998 3486 1238 3550 τοιοῦτος
1283 3488 1374 3541 τὸν
1411 3487 1630 3558 τρόπον.
1660 3485 1874 3559 Ταύτῃ-

272 3594 358 3630 τοι
399 3579 498 3630 καὶ
525 3578 690 3657 νόμος
733 3580 761 3631 ὁ
799 3577 889 3631 διὰ
926 3578 1171 3642 Μωσέως
1202 3578 1485 3649 διαστολὴν
1513 3581 1747 3633 ἐποιεῖτο
1776 3580 1875 3651 τὴν

275 3669 388 3721 ἀνὰ
462 3668 621 3738 μέσον
686 3667 842 3737 ἁγίου
899 3686 961 3722 τε
1013 3670 1107 3723 καὶ
1167 3668 1396 3740 βεϐήλου
1451 3672 1616 3740 φημὶ,
1668 3670 1876 3742 ἀμικτά

282 3776 405 3821 πως
432 3758 680 3832 ἀλλήλοις
709 3761 803 3814 καὶ
830 3758 1109 3832 ἀσύγχυτα
1155 3762 1224 3815 τὰ
1252 3761 1474 3817 τοιαῦτα
1506 3763 1710 3835 τηρῶν,
1737 3765 1876 3819 κατά

278 3865 345 3917 γε
386 3848 482 3903 τὸν
513 3851 569 3903 ἐν
619 3850 805 3922 ἀγάπῃ
834 3849 1011 3920 λόγσν.
1046 3872 1065 3904 ι
1087 3851 1370 3925 Φθείρουσι
1394 3852 1504 3925 γὰρ
1532 3853 1635 3926 ἤθη
1667 3856 1877 3926 χρηστά

276 3940 495 4010 ὁμιλίαι
525 3936 712 4005 κακαὶ,
755 3960 773 3993 ι
813 3943 909 3995 καὶ
956 3944 1183 4014 πολεμεῖ
1224 3960 1339 4007 πως
1383 3943 1631 4016 ἀλλήλοις
1661 3945 1729 3999 τὰ
1756 3946 1875 4000 ἐτε-

276 4034 568 4102 ροτροπεῖν
601 4034 870 4111 ᾑρημένα,
907 4035 1000 4087 καὶ
1048 4034 1116 4089 τὰ
1142 4037 1254 4099 τοῖς
1290 4037 1371 4100 εἰς
1393 4035 1455 4089 τὸ
1482 4035 1721 4090 ἐναντίον
1750 4036 1873 4107 βλέ-

272 4140 443 4178 πουσι
500 4125 832 4196 διῳκισμένα
887 4125 1177 4198 θελήμασι,
1233 4128 1514 4199 μονονουχὶ
1566 4130 1658 4184 καὶ
1710 4129 1875 4201 ἀλλή-

273 4217 383 4270 λων
432 4220 747 4287 κατηγορετ,
801 4219 1062 4290 ἑκατέρου
1132 4220 1192 4273 τὸ
1243 4221 1443 4274 οἰκεῖον
1504 4219 1876 4292 θαυμάζοντος

271 4307 639 4377 ἐπιτήδευμα.
697 4306 905 4361 Οὐκοῦν
944 4308 1156 4381 ἀνάγκη
1205 4311 1481 4380 μισεῖσθαι
1526 4313 1615 4365 τὸν
1649 4312 1873 4384 φιλὰρε-

270 4414 388 4462 τον,
418 4397 486 4450 δι’
519 4390 593 4450 ὧν
620 4398 780 4461 αὐτὸς
828 4398 1159 4470 θαυμάζοιτο
1192 4402 1288 4473 τὴν
1322 4403 1634 4475 φαυλότητα
1660 4405 1870 4472 διελέγ-

271 4504 465 4557 χοντα,
489 4488 584 4541 καὶ
601 4487 663 4539 τὸ
679 4488 737 4540 ἐν
760 4491 873 4550 τοῖς
897 4492 1153 4557 πονηροῖς
1173 4488 1358 4561 αἶσχος
1375 4492 1865 4556 ἀπολευκαίνοντα,

270 4580 336 4649 τῇ
372 4577 484 4632 τῶν
507 4577 723 4631 οἰκείων
754 4577 1176 4649 ἀντιπαραθέσει
1202 4581 1438 4651 τρόπων·
1474 4582 1869 4654 παραδειχθένο

269 4687 360 4735 τος
397 4669 508 4742 7&9
552 4668 647 4724 τοῦ
694 4667 925 4738 ἀγαθοῦ,
982 4670 1148 4741 πολλή
1179 4687 1294 4733 πως
1334 4673 1549 4744 ἀνάγκη
1575 4674 1635 4728 τὸ
1665 4674 1870 4744 φαῦλον

271 4760 628 4831 ἀσχημονεῖν.
654 4761 753 4814 Διά
779 4760 1001 4829 ταύτην,
1024 4755 1196 4829 οἶμαι,
1224 4763 1322 4832 τὴν
1370 4764 1569 4826 αἰτίαν,
1617 4769 1728 4829 τοῖς
1757 4766 1873 4836 φιλ-

271 4852 493 4923 αρέτοις
525 4852 954 4923 ὲπιμεμήνασιν,
990 4855 1038 4906 οί
1064 4854 1138 4925 μὴ
1184 4852 1275 4907 τὸν
1306 4853 1419 4908 ίσον
1450 4857 1633 4920 αὐτοῖς
1660 4856 1869 4927 ἐζηλωο

272 4942 434 5007 κότες
465 4943 692 5014 τρόπον.
717 4943 829 4997 Οὐκ
860 4944 925 5014 ἐᾷ
969 4944 1255 5015 τοιγαροῦν
1286 4945 1573 4999 λυπεῖσθαι
1602 4948 1729 5012 τοὺς
1764 4967 1872 5020 μα-

271 5034 472 5123 θητὰς,
503 5035 610 5089 κᾶν
637 5034 1064 5107 ἀπηχθημένους
1094 5037 1320 5101 ἑαυτοὺς
1358 5038 1526 5109 δρῶσι
1555 5038 1634 5111 τῷ
1662 5041 1873 5123 κόσμῳ,

271 5122 361 5178 διά
384 5125 449 5178 τὸ
475 5124 766 5195 φιλάρετον
793 5126 885 5179 καὶ
911 5126 1011 5197 τὴν
1036 5127 1115 5191 είς
1152 5127 1314 5182 αὑτὸν
1338 5129 1637 5197 εὐσέϐειαν,
1662 5122 1873 5205 χαίρειν

269 5217 330 5270 δὲ
372 5218 584 5289 μᾶλλον
612 5219 676 5270 ὲκ
705 5217 813 5272 τῶν
835 5220 1093 5274 ἐναντίων
1146 5223 1450 5293 είσηγεῖται
1486 5223 1614 5290 δεῖν,
1646 5224 1873 5296 δεχομέ-

272 5323 397 5371 νους
428 5311 509 5370 είς
543 5308 816 5374 ἀπόδειξιν
836 5308 931 5362 τοῦ
967 5310 1119 5380 παρὰ
1162 5309 1280 5382 Θεῷ
1309 5313 1592 5385 λαμπροὺς
1632 5315 1870 5381 ἔσεσθαι,

270 5399 366 5452 καὶ
411 5399 574 5468 λόγου
627 5399 824 5462 παντὸς
879 5400 1082 5466 ἀξίους.
1141 5402 1202 5454 τὸ
1263 5404 1537 5472 μισεῖσθαι
1578 5406 1727 5477 παρά
1773 5407 1869 5462 τοῦ

272 5488 508 5559 κόσμου.
540 5488 713 5542 Βλέπε
751 5491 862 5561 7&9
909 5490 1057 5554 ὅπως
1091 5492 1356 5563 σφαλερὸν
1393 5493 1696 5559 ἀπέδειξεν.
1732 5495 1868 5567 ὅπερ

273 5575 339 5652 ἢν
379 5582 531 5644 εἰκὸς
558 5581 771 5636 ἑλέσθαι
806 5584 990 5652 τυχὸν,
1015 5584 1308 5656 τληπαθεϊν
1334 5586 1434 5639 οὐκ
1486 5586 1862 5658 ἀνεχομένους.

1973 3212 2358 3271 conformitate
2407 3222 2612 3267 mutua:
2643 3213 2962 3268 dilectionis
3001 3213 3176 3283 legem
3218 3225 3555 3275 renovante,

1973 3316 2198 3362 sanctus
2229 3307 2449 3376 quidem
2481 3321 2606 3361 cum
2639 3313 2833 3359 sancto
2861 3303 3305 3369 conversabitur,
3343 3314 3395 3359 et
3427 3321 3558 3360 sua-

1975 3398 2198 3453 vissime
2248 3406 2415 3467 atque
2482 3396 2864 3451 amantissime
2923 3409 3031 3449 una
3083 3409 3208 3448 cum
3258 3409 3324 3450 eo
3374 3396 3556 3466 deget,

1975 3491 2240 3559 profanus
2264 3489 2392 3543 item
2419 3503 2544 3543 cum
2577 3487 2827 3557 profano.
2852 3487 3065 3541 Idcirco
3096 3487 3178 3539 lex
3208 3501 3427 3557 quoque
3450 3486 3561 3542 Mo-

1973 3582 2121 3636 saica
2170 3580 2310 3634 inter
2343 3585 2594 3632 sanctum
2638 3585 2693 3630 et
2726 3575 3017 3646 profanum
3050 3574 3352 3631 discrimen
3391 3592 3558 3646 pone-

1974 3673 2087 3734 bat,
2113 3687 2385 3741 nusquam
2418 3684 2479 3724 ea
2508 3670 2651 3723 inter
2679 3682 2737 3722 se
2770 3667 2922 3721 coire
2950 3681 3111 3737 posse
3140 3676 3390 3722 statuens
3422 3668 3560 3720 ami-

1975 3764 2117 3818 citiae
2156 3765 2290 3834 lege.
2332 3783 2348 3813 ι
2374 3760 2751 3830 Corrumpunt
2786 3759 2929 3813 enim
2972 3758 3147 3814 bonos
3178 3774 3358 3815 mores
3388 3760 3559 3815 collo-

1974 3854 2102 3925 quia
2137 3866 2304 3924 prava
2332 3854 2435 3917 ",3
2471 3859 2525 3906 et
2553 3865 2674 3921 quae
2703 3851 3020 3920 discrepant
3048 3848 3282 3905 diversis
3314 3852 3558 3906 moribus

1938 3994 1941 3999 .
1977 3963 2041 4001 ac
2071 3947 2125 4001 in
2150 3947 2428 4001 diversum
2458 3943 2809 3999 tendentibus
2855 3942 3079 4006 animis,
3127 3942 3272 3997 inter
3316 3959 3376 3998 se
3418 3960 3558 4013 quo—

1976 4037 2270 4093 dammodo
2310 4036 2515 4093 bellum
2560 4043 2795 4106 gerunt,
2833 4048 3003 4104 seque
3039 4040 3232 4088 mutuo
3267 4050 3557 4105 propemo-

1977 4130 2105 4183 dum
2142 4135 2445 4193 accusant,
2477 4127 2838 4184 exosculante
2874 4137 3109 4196 utroque
3144 4141 3308 4181 suum
3346 4128 3560 4183 institu-

1980 4232 2115 4276 tunn.
2145 4222 2414 4289 Quocirca
2441 4236 2669 4275 necesse
2691 4229 2776 4275 est
2807 4220 2934 4273 odio
2964 4214 3159 4274 haberi
3186 4220 3408 4273 virtutis
3440 4230 3558 4273 stn-

1978 4313 2195 4369 diosnm
2245 4329 2312 4368 ex
2358 4313 2428 4368 iis
2480 4314 2551 4367 ob
2590 4328 2712 4382 quae
2752 4312 3099 4365 admirationi
3141 4325 3265 4366 esse
3316 4302 3553 4372 debeat,

1978 4406 2182 4477 quippe
2229 4406 2321 4476 qui
2377 4403 2781 4475 improbitatem
2826 4409 3091 4474 coargnat
3123 4444 3136 4467 ,
3187 4411 3237 4456 et
3287 4405 3553 4456 malorum

1979 4497 2378 4554 obscenitatem
2418 4496 2687 4566 oppositis
2713 4494 2829 4548 suis
2855 4494 3103 4550 uxoribus
3134 4502 3341 4563 retegat
3367 4510 3380 4545 :
3410 4494 3556 4547 bene

1977 4589 2180 4658 quippe
2214 4588 2460 4642 exhibito
2489 4601 2717 4642 necesse
2742 4596 2824 4641 est
2855 4586 2982 4639 mali
3014 4593 3201 4658 patere
3228 4582 3549 4639 fmditatem.

1978 4676 2155 4743 lianc,
2175 4679 2393 4749 opinor,
2421 4678 2491 4733 ob
2511 4693 2733 4734 causam
2773 4678 2994 4734 virtutis
3029 4678 3296 4734 studiosis
3327 4693 3555 4731 succen-

1978 4777 2134 4834 sent,
2167 4769 2261 4840 qui
2294 4785 2406 4825 non
2439 4769 2659 4825 eosdem
2692 4780 2972 4826 sectantur
3003 4784 3205 4824 mores.
3244 4768 3555 4839 Discipulos

1977 4863 2146 4933 igitur
2172 4862 2296 4933 angi
2324 4877 2433 4917 non
2462 4862 2614 4926 sinit,
2642 4863 2893 4933 quamvis
2918 4862 3131 4931 seipsos
3164 4876 3362 4914 exosos
3397 4877 3552 4914 mun-

1981 4953 2052 5007 do
2091 4952 2310 5007 videant
2355 4962 2578 5022 propter
2615 4953 2835 5007 virtutis
2891 4953 3217 5022 pietatisque
3266 4951 3550 5005 studium:

1981 5045 2074 5101 sed
2110 5061 2140 5099 e
2179 5044 2473 5099 contrario
2499 5044 2791 5100 laetandum
2825 5060 2947 5099 esse
2972 5042 3131 5098 docet
3157 5085 3171 5109 ,
3210 5041 3408 5096 futura:
3449 5043 3555 5097 sibi

1980 5137 2123 5207 apud
2162 5135 2332 5191 Deum
2380 5136 2649 5191 claritatis
2690 5146 2752 5189 ac
2787 5133 3102 5204 splendoris
3163 5140 3386 5203 sumpto
3429 5133 3556 5186 hinc

1980 5233 2304 5298 argumento
2333 5234 2387 5281 et
2423 5225 2650 5289 indicio,
2680 5224 2825 5295 quod
2858 5225 2984 5278 odio
3009 5237 3038 5276 a
3071 5222 3281 5278 mundo
3313 5223 3556 5278 habean-

1980 5327 2088 5374 tur.
2128 5314 2261 5373 Vide
2295 5316 2442 5373 enim
2470 5330 2579 5388 quo
2604 5325 2764 5386 pacto
2790 5316 3157 5387 periculosmn
3205 5328 3330 5371 esse
3372 5325 3558 5372 osten-

1979 5408 2073 5462 dat
2116 5409 2261 5464 nolle
2323 5408 2436 5479 pati
2495 5407 2641 5478 quod
2682 5407 2820 5461 velle
2853 5405 3062 5460 deceat.
3105 5402 3246 5459 Odio
3289 5406 3494 5476 quippe
3526 5423 3555 5460 a

1979 5498 2256 5553 nonnullis
2280 5498 2491 5561 haberi,
2514 5495 2761 5566 periculo
2788 5496 2977 5563 utique
2996 5508 3228 5564 prorsus
3253 5508 3359 5549 n0n
3385 5506 3556 5556 cam-z,

1978 5589 2199 5644 liberam
2227 5598 2410 5644 tamen
2440 5586 2584 5658 apud
2614 5584 2786 5656 898
2810 5585 2977 5642 Deum
3005 5590 3419 5644 excusationem
3450 5600 3558 5638 non

347 5762 399 5791 "
426 5761 619 5815 Matth.
656 5777 707 5820 ν,
751 5762 834 5825 Η,
881 5762 964 5814 li.
1039 5762 1085 5793 9°
1115 5762 1276 5815 liccli.
1310 5779 1425 5828 xm,
1476 5763 1559 5822 19,
1598 5763 1687 5814 ‘20.
1736 5762 1855 5835 ’9'l

1974 5778 2018 5818 r.
2058 5779 2146 5830 xv,
2190 5764 2281 5818 55.
