4024 6262
473 304 579 361 599
1500 302 1557 356 S.
1590 299 1864 357 CYRILLI
1900 296 2041 355 ALE?

2146 298 2375 357 unum:
2398 300 2718 361 ARGHIEP.
2758 362 2771 375 ,
3643 307 3748 363 too

476 423 640 478 habet
662 461 677 487 ,
715 422 812 477 sed
848 419 988 476 lucri
1020 418 1322 489 plurimum
1355 419 1540 489 potius
1573 436 1698 474 eum
1732 428 1916 476 manet
1951 421 2041 490 qui

2151 406 2224 473 τὸ
2253 420 2350 491 μὲν
2380 421 2488 492 γάρ
2522 421 2791 492 μισεῖσθαι
2818 422 2996 501 ,παρά
3027 440 3209 487 τινων,
3232 417 3301 493 ἧν
3330 423 3502 492 δήπου
3531 422 3747 484 πάντας

477 516 610 571 illud
646 516 792 570 ultro
820 512 1145 582 susceperit.
1192 509 1250 565 Si
1280 511 1427 565 enim
1457 510 1551 580 qui
1582 510 1708 564 odio
1742 519 1828 565 est
1858 511 1926 566 iis
1957 516 2041 582 qui

2156 512 2253 582 οὐχ
2271 512 2574 584 ὁλοκλήρως
2599 513 2853 584 ἀζήμιον·
2879 512 2993 566 ἀλλ’
3021 513 3122 566 οὐκ
3155 512 3269 583 εχει
3286 512 3386 584 τὴν
3414 511 3748 584 παραίτησιν

477 609 756 664 mundana
791 607 1012 676 sapimtt
1036 646 1050 672 ,
1092 613 1352 673 tauquam
1380 610 1536 658 extra
1570 602 1835 656 mundum
1867 618 2041 660 cense

2156 601 2442 673 ἐλευθέραν
2478 604 2627 673 παρά
2646 603 2786 674 Θεῷ,
2826 603 2962 657 πολύ
2994 604 3050 657 δὲ
3078 604 3142 675 δή
3174 620 3226 656 τι
3259 604 3322 657 τὸ
3354 603 3544 675 κέρδος
3581 604 3640 656 ὲν
3668 600 3751 673 τῷ

479 708 571 753 tur
597 713 757 753 esse:
793 711 924 766 ergo
955 695 1046 765 qui
1079 710 1188 749 non
1214 694 1447 748 habetur
1485 692 1614 747 odio
1638 733 1653 757 ,
1695 708 1924 749 necesse
1971 706 2041 751 est

2157 695 2358 764 μᾶλλον
2400 694 2656 764 ἐθελῆσαι
2697 695 2891 748 παθεῖν
2922 694 3073 748 αὐτό.
3107 694 3171 748 Et
3227 694 3335 765 γάρ
3365 695 3394 747 ὁ
3422 691 3745 763 μισούμενος

475 789 663 844 mundi
696 786 854 841 malis
882 784 1178 854 implicari.
1216 782 1366 850 Quid
1390 798 1526 853 ergo
1556 782 1643 837 his
1680 783 1863 838 verbis
1894 784 2053 837 Chri-

474 889 593 935 stus
624 876 856 935 statuit?
894 875 1029 929 Cum
1064 874 1261 929 ﬁducia
1300 883 1355 929 et
1395 874 1565 929 libere
1599 889 1696 930 eos
1735 874 1904 944 loqui,
1952 890 2051 930 nec

473 979 821 1043 peccatorum
846 977 991 1023 metu
1022 976 1322 1021 auteorum
1352 968 1469 1036 qui,
1497 967 1682 1020 divina
1708 967 2051 1036 praedicatio-

472 1078 541 1118 ne
563 1068 897 1129 cpntempta,
935 1057 1332 1128 castigationes
1359 1065 1411 1111 et
1429 1056 1835 1112 admonitiones
1866 1058 2049 1126 probi-

473 1155 620 1215 bent,
651 1151 769 1205 sine
795 1149 976 1203 fructu
1005 1147 1282 1203 dimittere
1305 1146 1609 1213 auditores,
1634 1149 1754 1212 sed,
1786 1149 2050 1218 periculis

402 1249 413 1261 °
469 1259 591 1314 qua:
629 1257 693 1296 ex
740 1240 870 1295 odio
905 1254 1051 1309 saepe
1085 1239 1412 1309 contingunt
1444 1239 1712 1308 neglectis
1734 1279 1748 1303 ,
1785 1238 1956 1295 fortes
1986 1256 2051 1295 ac

471 1343 729 1398 strenuos
762 1333 812 1385 in
843 1330 1123 1402 proposito
1156 1344 1399 1395 manere,
1424 1345 1527 1383 nec
1561 1330 1717 1399 prius
1747 1328 2047 1399 quidquam

471 1427 674 1480 habere
720 1432 816 1477 aut
858 1424 1067 1477 dueere
1120 1436 1282 1491 quam
1329 1430 1387 1474 ut
1442 1419 1553 1474 Deo
1582 1422 1855 1491 placeant.
1888 1420 2044 1487 Quod

470 1534 595 1573 cum
616 1516 819 1571 Paulus
842 1515 1062 1586 egregie
1094 1520 1418 1584 praestaret,
1453 1513 1525 1566 ita
1559 1512 1755 1567 scribit
1785 1532 1797 1566 :
1833 1530 1851 1564 ι
1889 1512 2048 1567 Modo

467 1612 614 1666 enim
647 1609 958 1665 hominibus
986 1606 1225 1673 suadeo,
1258 1622 1325 1659 an
1359 1605 1506 1661 Deo?
1534 1605 1616 1659 An
1647 1621 1836 1675 quaero
1870 1605 2048 1660 homi-

470 1704 632 1758 nibus
656 1702 909 1773 placere?
939 1701 994 1755 Si
1019 1699 1199 1753 adhuc
1229 1698 1542 1753 hominibus
1565 1698 1860 1767 placerem,
1885 1698 2047 1754 Chri-

2155 785 2305 855 παρά
2331 786 2440 839 τῶν
2459 786 2525 840 τά
2550 788 2607 841 ὲν
2629 787 2822 857 κόσμῳ
2844 786 3287 859 πεφρονηκότων,
3316 785 3391 848 ὡς
3417 783 3524 849 ἔξω
3542 783 3744 853 κόσμου

2152 878 2479 946 λελόγισται,
2505 878 2597 931 τὸν
2628 878 2735 949 ἄρα
2783 879 2857 951 μὴ
2897 877 3217 949 μισηθέντα,
3266 879 3379 940 τοῖς
3403 875 3497 930 τοῦ
3537 876 3742 946 κόσμου

2153 972 2343 1033 κακοῖς
2382 969 2688 1023 συνδεῖσθαι
2737 969 2923 1024 λοιπὸν
2953 969 3167 1038 ἀνάγκη
3200 971 3362 1023 νοεῖν.
3404 967 3470 1019 Τί
3497 963 3592 1020 οὖν
3636 967 3745 1038 ἀρα

2150 1062 2238 1116 διὰ
2263 1062 2471 1116 τούτων
2499 1063 2850 1134 ᾠκονόμησεν
2900 1065 2930 1117 ὀ
2960 1064 3195 1135 Χριστός
3220 1081 3235 1127 ;
3283 1063 3357 1115 Τὸ
3375 1065 3434 1116 ὲν
3462 1061 3746 1133 παρρησίᾳ

2152 1154 2423 1208 ποιεῖσθαι
2445 1155 2537 1209 τὸν
2554 1155 2710 1223 λόγον
2733 1156 2953 1221 αὐτοὺς,
2975 1157 3069 1209 καὶ
3102 1154 3177 1227 μὴ
3196 1155 3336 1209 αἰδοῖ
3356 1156 3421 1225 τῇ
3451 1155 3579 1224 περὶ
3592 1169 3744 1216 τινας

2149 1247 2257 1299 τῶν
2287 1248 2706 1319 ἡμαρτηκότων,
2743 1249 2910 1319 ἧγουν
2936 1246 3181 1302 ἀπειθεῖν
3209 1245 3478 1316 ἑλομένων
3506 1243 3589 1314 τῷ
3615 1243 3744 1314 θείῳ

2150 1338 2486 1410 κηρύγματι,
2513 1339 2605 1393 τὸν
2635 1342 2936 1410 σωφρονεῖν
2952 1338 3313 1392 ἀναπείθοντα
3341 1336 3742 1398 διακωλύοντας

2148 1431 2323 1500 λόγον,
2360 1432 2738 1504 ἀνωφελήτους
2768 1435 2862 1504 ὲᾷν
2923 1432 3048 1495 τοὺς
3085 1430 3492 1502 ἀκροωμένους,
3526 1445 3739 1498 παριπ-

2148 1522 2416 1587 πεύοντας
2446 1524 2503 1576 δὲ
2538 1524 2731 1608 καὶοτά
2754 1526 2817 1577 ἐκ
2859 1523 2967 1577 τῶν
3004 1522 3276 1594 μισεῖσθαι
3327 1520 3589 1581 πολλάκις
3620 1518 3740 1571 ἐσό-

2152 1631 2287 1684 μενα
2306 1614 2475 1684 βλάϐη
2501 1604 2673 1685 γοργῇ
2694 1604 2788 1668 καὶ
2812 1614 3160 1685 ἀνυποστόλῳ
3182 1611 3484 1683 κεχρῆσθαι
3505 1613 3571 1681 τῇ
3603 1627 3743 1679 συμσ-

2147 1701 2336 1771 ϐουλῇ,
2359 1702 2525 1772 μηδὲν
2540 1703 2600 1755 τὸ
2627 1704 2886 1772 παράπαν
2910 1702 3317 1774 ὑφορωμένους,
3334 1702 3501 1771 ἤγουν
3532 1700 3738 1769 προύρ-

470 1796 538 1849 sti
576 1810 769 1850 servus
794 1810 903 1848 non
934 1807 1115 1848 essent
1141 1793 1210 1845 9'.
1245 1809 1263 1841 ι
1296 1788 1419 1845 Nec
1451 1790 1597 1843 enim
1629 1789 1744 1843 ﬁeri
1771 1800 1950 1859 potest
1985 1801 2041 1844 ut

2146 1791 2424 1860 γιαίτερόν
2448 1808 2500 1844 τι
2522 1790 2908 1863 λογιζομένους
2932 1793 3025 1846 τοῦ
3055 1793 3165 1847 δεῖν
3188 1792 3383 1863 ἀρέσαι
3407 1789 3550 1861 Θεῷ.
3589 1793 3653 1843 ⁸0
3677 1790 3740 1860 δὴ

468 1886 593 1957 quis
623 1885 887 1956 improbis
912 1884 1123 1954 placeat
1149 1890 1203 1936 et
1253 1882 1380 1936 Deo.
1408 1880 1695 1947 Quomodo
1720 1882 1861 1935 enim
1886 1881 2049 1937 ambo

470 1979 521 2032 lii
569 1978 626 2031 in
676 1991 842 2030 unum
880 1975 1231 2040 coalescent,
1276 1987 1401 2027 cum
1433 1975 1688 2030 voluntas
1721 1974 1776 2027 in
1809 1983 2048 2045 utroque

469 2074 626 2143 longe
652 2072 726 2126 sit
750 2068 1069 2124 dissimilis?
1096 2068 1223 2122 Haec
1249 2067 1394 2121 enim
1419 2067 1703 2133 virtute‘m,
1730 2067 1825 2122 illa
1857 2068 2047 2122 vitium

469 2164 706 2235 respicit.
741 2161 845 2228 Qui
876 2174 1007 2232 ergo
1040 2159 1252 2215 servire
1286 2158 1399 2214 Deo
1429 2157 1782 2215 uniformiter
1809 2162 2002 2215 statuit
2029 2200 2044 2225 ,

469 2273 568 2311 nec
614 2256 817 2325 pietate
856 2267 985 2323 erga
1019 2266 1145 2307 eum
1196 2251 1373 2322 prius
1399 2251 1700 2321 quidquam
1736 2251 1935 2314 habet,
1986 2251 2042 2306 in

465 2348 823 2404 olfensiouem
864 2342 1270 2400 mmtdanorum
1311 2343 1596 2398 hominum
1648 2346 1894 2398 incurrat
1948 2359 2041 2398 nc-

464 2455 619 2494 cesse
644 2447 748 2499 est.
783 2437 830 2491 si
865 2435 1086 2505 quando
1117 2436 1185 2489 ab
1213 2435 1535 2505 impuritate
1570 2435 1759 2489 mundi
1786 2451 1883 2491 eos
1910 2451 2042 2489 aro-

464 2541 569 2586 cet.
610 2527 964 2582 Gravissima:
1011 2523 1158 2578 enim
1207 2531 1335 2578 sunt
1383 2526 1688 2594 voluptatis
1737 2527 2043 2581 cultoribus

462 2615 876 2673 exhortationes
904 2652 919 2676 ,
964 2627 1086 2682 quae
1112 2612 1176 2665 ad
1210 2612 1488 2666 meliorem
1524 2611 1734 2682 frugem
1757 2629 1856 2669 eos
1888 2630 2044 2669 revo-

464 2720 627 2774 cunt,
677 2704 840 2762 sicuti
889 2703 1152 2758 nimirum
1193 2714 1246 2758 et
1291 2702 1361 2757 iis
1391 2703 1593 2772 quibus
1640 2702 1792 2757 hisce
1830 2703 2040 2758 morbis

463 2816 665 2871 corpus
694 2804 1015 2867 corruptum
1035 2802 1139 2862 est,
1161 2794 1402 2850 remedia
1429 2795 1518 2848 illa
1543 2802 1675 2849 sunt
1700 2795 1895 2851 acerba
1920 2810 2042 2866 quae

463 2888 746 2946 salutaria.

2145 1883 2242 1937 καὶ
2271 1883 2481 1947 Παῦλος
2526 1883 2723 1955 ἄριστα
2756 1884 3061 1956 κατορθῶν,
3084 1884 3225 1937 οὕτω
3257 1884 3480 1954 γράφει·
3520 1902 3539 1935 ι
3584 1884 3740 1954 Ἀρτι

2144 1975 2254 2046 γὰρ
2281 1975 2602 2047 ἀνθρώπους
2627 1976 2820 2041 πείθω,
2910 1978 3000 2033 τὸν
3040 1977 3207 2044 Θεόν;
3248 1979 3319 2031 Ἦ
3345 1977 3495 2048 ζητῶ
3524 1976 3739 2049 ἀνθρὼ-

2146 2085 2269 2131 ποις
2297 2067 2588 2138 ἀρέσκειν;
2626 2069 2689 2122 Εἰ
2728 2069 2808 2122 ἔτι
2861 2067 3169 2140 ἀνθρώποις
3208 2070 3464 2140 ἧρεσκον,
3503 2064 3739 2139 Χριστοῦ

2143 2157 2328 2221 δοῦλος
2353 2158 2453 2211 οὐκ
2476 2157 2541 2211 ἂν
2571 2159 2770 2229 ἥμην.»
2801 2159 2874 2212 Οὐ
2903 2160 3010 2230 γάρ
3031 2159 3168 2225 ἔστι,
3192 2160 3297 2214 οὐκ
3319 2161 3467 2213 ἐστιν
3485 2160 3740 2229 πονηροῖς

2147 2248 2402 2315 ἀρέσκειν
2443 2249 2538 2303 καὶ
2596 2248 2733 2320 Θεῷ.
2788 2249 2913 2313 Πῶς
2959 2250 3068 2321 γὰρ
3119 2249 3185 2304 ἂν
3244 2252 3315 2304 ῖοι
3349 2251 3492 2306 κατὰ
3542 2252 3738 2303 ταυτίν

2146 2338 2452 2410 ἀμφότερα,
2481 2338 2617 2391 πολύ
2631 2356 2683 2391 τι
2704 2342 2783 2401 εἰς
2809 2340 3172 2411 ἀνομοιότητα
3186 2340 3554 2411 διῳκισμένης
3570 2341 3664 2408 τῆς
3683 2341 3741 2392 ἐν

2144 2430 2389 2501 ἑκατέρῳ
2420 2430 2726 2501 οελήσεως;
2771 2431 2833 2483 ἸΙ
2863 2432 2960 2502 μὲν
2986 2433 3095 2505 γὰρ
3125 2434 3205 2496 είς
3241 2434 3460 2505 ἀρετὴν,
3500 2436 3534 2504 ἡ
3575 2433 3632 2485 δὲ
3659 2434 3740 2495 εἰς

2143 2520 2453 2591 φαυλότητα
2513 2520 2719 2591 βλέπει.
2774 2522 2876 2574 Τὸν
2924 2522 3032 2593 ἄρα
3080 2524 3427 2595 μονοτρόπως
3485 2524 3742 2578 ἐθέλοντα

2149 2612 2419 2666 δουλεύειν
2437 2613 2515 2684 τῷ
2542 2614 2677 2683 Θεῷ,
2711 2614 2802 2666 καὶ
2835 2615 2933 2685 τῆς
2970 2616 3051 2678 είς
3082 2616 3244 2670 αὐτὸν
3284 2617 3567 2679 εὐσεϐείας
3587 2617 3740 2670 οὐδὲν

2148 2704 2366 2757 τιθέντα
2401 2704 2457 2758 τὸ
2504 2704 2746 2776 ἄμεινον,
2798 2706 3159 2777 προσκρούειν
3217 2708 3431 2780 ἀνάγκη
3464 2712 3578 2771 τοῖς
3607 2710 3741 2776 ἀγα-

2150 2795 2293 2848 πῶσι
2319 2796 2406 2848 τὸν
2441 2796 2662 2866 κόσμον,
2694 2797 2821 2850 ὅταν
2850 2799 3118 2871 ἀναπείθῃ
3151 2803 3366 2870 φρονεῖν
3397 2799 3465 2852 τά
3504 2801 3603 2869 τῆς
3648 2799 3739 2852 κό-

2150 2905 2286 2959 σμου
2366 2887 2647 2959 βδελυρίας
2731 2889 3053 2962 ἐκφέροντα.
3133 2890 3551 2962 Δνσφορώτατοι
3629 2891 3739 2961 γάρ

461 2988 574 3048 τοῖς
621 2983 943 3054 φιληδόνοις,
1001 2982 1057 3034 αἱ
1108 2980 1246 3052 πρὸς
1290 2981 1474 3050 ἕτερόν
1524 2999 1576 3034 τι
1619 2981 1881 3035 καλοῦσαι
1922 2984 2244 3055 συμϐουλαὶ,
2279 2983 2530 3055 καθάπερ
2564 2985 2756 3056 ἀμέλει
2789 2987 2884 3040 καὶ
2929 2989 3043 3051 τοῖς
3073 2988 3178 3040 ὑπὸ
3231 2986 3437 3041 τούτων
3488 2987 3598 3040 τῶν
3636 3004 3743 3041 πα-

463 3078 571 3132 θῶν
598 3078 660 3131 τὸ
680 3076 839 3148 σῶμα
867 3073 1286 3144 διεφθαρμένοις
1316 3070 1385 3125 τά
1416 3072 1673 3142 ὲπωφελῆ
1707 3072 1801 3126 καὶ
1824 3073 2090 3128 δάκνοντα
2125 3074 2233 3129 τῶν
2271 3074 2657 3146 βοηθημάτων.

532 3168 627 3225 XV
649 3209 664 3235 ,
705 3169 795 3221 20.
835 3165 1153 3220 Mementote
1184 3163 1443 3217 sermonis
1478 3164 1577 3216 mei
1609 3178 1761 3231 quem
1794 3179 1887 3233 ego
1927 3164 2041 3217 dixi

2215 3165 2637 3232 Μνημονεύετέ
2659 3165 2764 3219 τοῦ
2791 3166 2978 3235 λόγου
3012 3161 3083 3222 οὗ
3113 3166 3227 3238 ἐγὼ
3248 3162 3592 3236 εἶπονλύμῐνσ
3614 3171 3738 3224 Οὐκ

462 3265 649 3320 vobis:
702 3260 826 3314 Non
870 3270 947 3312 est
990 3272 1167 3310 servus
1226 3254 1396 3321 nmjor
1438 3252 1651 3307 domino
1694 3270 1812 3307 suo.
1859 3252 1917 3308 Si
1963 3270 2043 3307 me

460 3354 714 3426 persecuti
743 3360 862 3406 sunt
892 3391 904 3409 ,
960 3359 1008 3402 (ἰ
1056 3365 1139 3402 vos
1184 3355 1606 3415 persequentur:
1658 3346 1705 3399 si
1749 3361 2041 3399 sermonem

460 3462 630 3500 meum
661 3448 1030 3504 servaverunt,
1068 3447 1117 3491 et
1156 3447 1380 3491 vestrum
1415 3436 1722 3490 servabunt.

514 3538 810 3606 Postquam
844 3532 1098 3602 superius
1132 3529 1376 3584 ostendit
1399 3521 1604 3581 bonum
1637 3543 1760 3582 esse
1791 3527 1918 3582 odio
1947 3529 2042 3581 ba-

460 3630 598 3695 beri,
640 3633 687 3684 si
717 3634 933 3695 tempus
967 3623 1018 3689 id
1052 3622 1288 3692 postulet
1321 3620 1703 3690 (levissimum
1736 3619 1885 3675 enim
1933 3630 2038 3685 est,

461 3725 571 3780 imo
602 3736 734 3777 vero
766 3727 848 3774 ter
877 3714 1179 3787 optandqu
1213 3713 1582 3784 quodcunque
1616 3713 1884 3783 contingit
1915 3727 2040 3781 pro-

458 3821 581 3879 pter
608 3810 799 3873 Deum,
829 3809 923 3877 qui
953 3813 1013 3860 ut
1042 3804 1326 3860 obstacula
1353 3818 1583 3873 quicque
1613 3803 1894 3856 vincamus
1924 3800 2041 3867 elli-

459 3898 827 3971 ccrepOtest)
851 3939 864 3964 ,
900 3896 1053 3951 addit
1085 3896 1310 3964 insuper
1342 3893 1549 3947 utiliter
1578 3893 1725 3962 quod
1758 3892 1944 3957 novit,
1983 3900 2040 3945 ut

462 3997 607 4049 Deus
635 4032 650 4056 ,
692 3987 1106 4045 retardaturum
1142 4000 1237 4039 eos
1273 3986 1571 4053 quominus
1613 3983 1823 4037 ardenti
1858 3983 2041 4038 studio

461 4084 742 4140 cmlestem
794 4078 1104 4133 doctrinam
1163 4074 1480 4143 praedicent.
1533 4072 1667 4126 Nam
1705 4076 1800 4144 qui
1838 4073 2038 4127 delecti

460 4184 593 4232 sunt
623 4173 691 4227 ad
722 4168 1052 4232 docendum,
1082 4168 1259 4221 solent
1296 4173 1351 4219 ut
1380 4164 1675 4233 plurimum
1713 4166 1766 4218 in
1796 4166 2039 4233 pericula

461 4262 875 4336 etiguominias
909 4261 1191 4315 incurrere
1217 4297 1231 4322 ,
1265 4272 1389 4310 cum
1436 4256 1503 4311 iis
1557 4271 1695 4326 quos
1744 4255 2040 4311 admouent

464 4361 647 4414 minus
704 4358 921 4427 placent
984 4368 1106 4423 quae
1146 4351 1443 4417 dicuntur;
1493 4364 1727 4418 cumque
1775 4357 2037 4420 prazterea

460 4448 740 4516 contingat
766 4453 831 4499 ut
862 4444 1145 4514 repudiata
1177 4457 1276 4497 sua
1304 4440 1553 4496 doctrina
1582 4438 1752 4510 899
1781 4454 2037 4509 persecu-

460 4544 664 4596 tionem
696 4538 998 4610 patiautur,
1027 4536 1191 4591 etiam
1228 4533 1493 4589 adversus
1525 4532 1640 4587 haec
1664 4532 1948 4603 expeditos
1971 4549 2035 4588 ac

461 4644 685 4691 strenue
720 4640 941 4704 paratos
976 4645 1098 4685 esse
1117 4629 1295 4699 jubet.
1320 4627 1442 4681 Hsec
1468 4633 1649 4680 autem
1682 4625 1865 4679 futura
1897 4641 2033 4694 quo-

460 4722 758 4779 dammodo
800 4719 1075 4791 praedicit,
1111 4727 1334 4789 propter
1368 4733 1558 4773 eorum
1608 4717 1700 4786 qui
1744 4716 2032 4771 erudiendi

460 4815 754 4872 veniebant
782 4812 1217 4882 improbitatem.
1250 4808 1409 4875 Quod
1442 4809 1570 4864 alibi
1606 4824 1825 4879 quoque
1868 4809 2031 4877 signi-

461 4908 679 4970 ﬁcabat.
706 4908 895 4962 dicens
928 4924 940 4959 :
983 4922 1000 4955 ι
1034 4901 1132 4956 Vae
1166 4900 1371 4955 mundo
1398 4916 1428 4955 a
1453 4901 1733 4957 scandatis
1762 4919 1775 4955 :
1812 4915 2040 4956 necesse

460 4999 605 5052 enim
656 5004 741 5051 est
775 5003 834 5049 ut
884 4995 1108 5049 veniant
1155 4990 1415 5047 scandala
1446 4992 1513 5046 9'.
1551 5010 1571 5043 ι
1610 4988 1823 5061 Ubique
1871 5008 2038 5062 porro

460 5087 727 5159 singulari
753 5086 984 5143 consilio
1006 5086 1315 5155 exemplum
1356 5099 1416 5140 se
1455 5084 1693 5154 praebet,
1731 5100 1801 5139 ne
1831 5085 2035 5153 majora

460 5187 778 5250 appetentes
812 5177 958 5233 aliud
1001 5177 1240 5233 infamia
1283 5191 1457 5248 genus
1509 5177 1793 5231 incurrere
1840 5177 2033 5244 depre-

462 5270 774 5324 hendantur
799 5313 813 5336 ,
854 5269 951 5325 sed
985 5268 1315 5324 necessitate
1353 5283 1405 5321 Vt
1420 5266 1519 5321 luti
1550 5264 1789 5336 quadam
1817 5262 2033 5318 Domini

460 5356 690 5427 gloriam
724 5372 862 5427 pone
895 5369 1187 5428 sequentes
1227 5371 1393 5426 supra
1444 5371 1568 5411 eum
1612 5353 1793 5410 efferri
1834 5353 2032 5409 nolint.

460 5448 570 5504 Eos
601 5449 766 5519 igitur
801 5449 1155 5519 ignominiam
1205 5451 1530 5505 incursuros
1582 5447 1870 5503 subinnuit
1898 5487 1913 5512 ,
1955 5448 2036 5501 di-

462 5557 634 5596 cens;
695 5558 714 5590 ι
749 5537 864 5594 Non
896 5550 977 5596 est
1024 5557 1218 5598 servus
1259 5541 1435 5609 major
1466 5540 1689 5595 domino
1730 5553 1849 5595 suo.
1887 5557 1904 5588 ι
1950 5537 2034 5592 Mc

530 5696 768 5775 "Galat.
799 5737 835 5784 ι,
875 5721 961 5774 l0.
1052 5718 1095 5748 ’³
1120 5717 1310 5772 Matth.
1347 5735 1506 5786 xvm,
1546 5720 1600 5773 7.

2142 3255 2275 3308 ἐστι
2325 3255 2548 3322 δοῦλος
2577 3255 2790 3325 μείζων
2846 3256 2952 3311 τοῦ
3003 3260 3213 3326 κυρίου
3252 3259 3466 3314 αὐτοῦ.
3516 3261 3588 3313 Εἰ
3636 3261 3741 3331 ἐμὲ

2143 3345 2417 3412 ἐδίωξαν,
2465 3348 2563 3401 καὶ
2620 3348 2777 3417 ὑμᾶς
2806 3348 3134 3413 διώξουσιν
3156 3368 3169 3381 ο
3197 3354 3250 3404 εὶ
3278 3352 3384 3405 τὸν
3407 3353 3598 3422 λόγον
3619 3369 3739 3422 μου

2142 3436 2469 3504 ἐτήρησαν,
2499 3439 2595 3491 καὶ
2632 3439 2741 3493 τὸν
2778 3439 3065 3510 ὑμέτερον
3112 3442 3468 3512 τηρήσουσι.

2214 3527 2615 3596 Προαποδείξας
2654 3525 2713 3582 εὖ
2772 3531 2919 3600 μάλα
2956 3532 3050 3585 καὶ
3097 3532 3159 3585 τὸ
3216 3535 3493 3604 μισεῖσθαι
3552 3535 3735 3600 καλὸν,

2143 3620 2302 3688 εἴπερ
2331 3619 2415 3691 εἴη
2451 3622 2546 3674 καὶ
2576 3620 2769 3675 τούτου
2798 3623 2987 3694 καιρὸς
3007 3624 3263 3696 (φορητὸν
3282 3626 3388 3699 γάρ
3414 3628 3577 3696 ἀγαν,
3601 3628 3735 3700 μᾶλ-

2141 3711 2230 3765 λον
2252 3710 2307 3763 δὲ
2322 3711 2677 3783 τριπόθητον,
2703 3702 2840 3785 ὅπερ
2864 3712 2930 3767 ἂν
2954 3714 3225 3787 συμϐαίνῃ
3254 3716 3343 3770 διά
3370 3717 3524 3782 Θεὸν,
3562 3736 3737 3788 παρα-

2142 3802 2487 3872 ποδισμάτων
2526 3803 2782 3873 ἀμείνους
2834 3805 3161 3875 ἐργάζεσθαι
3186 3808 3523 3880 δυνάμενον),
3572 3826 3739 3881 προσ-

2142 3895 2325 3963 ανερεῖ
2376 3894 2441 3963 δὴ
2504 3893 2812 3965 χρησίμως,
2871 3897 3009 3969 ὅπερ
3095 3894 3236 3957 οἶδεν
3290 3900 3367 3963 ὠς
3412 3901 3567 3965 Θεὸς,
3609 3919 3738 3955 κατ-

2141 3984 2390 4052 οκνήσειν
2416 3984 2702 4038 ἀναπεῖθον
2734 3986 2929 4049 αὐτοὺς
2964 3988 3101 4059 πρὸς
3147 3990 3207 4043 τὸ
3229 3990 3435 4061 σφόδρα
3470 3993 3736 4046 συντείνε-

2144 4074 2267 4127 σθαι
2303 4075 2477 4130 θέλειν
2508 4079 2636 4148 περὶ
2688 4078 2749 4130 τὸ
2782 4078 2981 4149 χρῆναι
3032 4081 3321 4151 κηρύττειν
3364 4083 3455 4135 τὸν
3483 4084 3732 4154 οὐράνιον

2142 4167 2318 4235 λόγον.
2364 4170 2662 4240 Ἐπόμενον
2694 4170 2804 4243 γὰρ
2833 4173 2926 4225 ἐπὶ
2959 4173 3093 4227 πολύ
3123 4178 3235 4239 τοῖς
3267 4178 3348 4239 είς
3376 4176 3437 4229 τὸ
3463 4176 3733 4231 διδάσκειν

2143 4260 2686 4331 προκεχειρισμένοις
2732 4261 2792 4313 τὸ
2849 4263 3213 4333 ἀτιμάζεσθαι
3242 4266 3335 4318 καὶ
3381 4267 3730 4331 κινδυνεύειν,

2139 4348 2266 4403 ὅταν
2290 4349 2552 4419 οὐχκηδεῖς
2572 4354 2683 4414 τοῖς
2712 4352 3153 4425 νουθετουμένοις
3186 4357 3233 4409 οἱ
3275 4358 3405 4428 παρ’
3435 4360 3620 4421 αὐτοῖς
3646 4360 3730 4411 εὐο

2144 4444 2421 4513 ρίσκονται
2451 4445 2618 4513 λόγοι,
2654 4447 3042 4516 συμϐαίνοντος
3072 4466 3131 4502 τε
3162 4451 3296 4523 πρὸς
3320 4452 3496 4524 τούτῳ
3522 4454 3615 4506 καὶ
3641 4451 3728 4505 τοῦ

2139 4534 2494 4588 διαπυθέσθαι
2546 4536 2622 4607 μὴ
2677 4539 3110 4610 παραδεχθέντος
3155 4542 3266 4595 ἔσθ’
3300 4544 3391 4596 ὅτε
3415 4544 3511 4597 τοῦ
3554 4545 3726 4612 λόγου,

2140 4626 2424 4697 εὐτρεπεῖς
2459 4621 2596 4678 εἷναι
2645 4629 2739 4681 καὶ
2789 4631 2923 4701 πρὸς
2970 4632 3145 4686 ταῦτα
3175 4632 3293 4687 λίαν
3346 4635 3591 4707 εὐχερεῖς
3639 4636 3729 4690 καὶ
3806 4654 3813 4667 δ

2144 4714 2438 4786 προθύμως
2504 4714 2597 4769 καὶ
2654 4719 2915 4783 νεανικῶς
2977 4721 3367 4780 διακελεύεται.
3421 4726 3727 4797 Προμηνύει

2142 4807 2201 4860 δε
2233 4806 2420 4878 ὥσπερ
2449 4808 2624 4879 πάντη
2663 4826 2722 4861 τε
2771 4811 2863 4863 καὶ
2917 4813 3134 4877 πάντως
3167 4816 3463 4886 ἐσομένων,
3518 4817 3608 4870 διὰ
3632 4817 3725 4887 τὴν

2144 4899 2252 4953 τῶν
2285 4899 2586 4969 μελλόντων
2608 4902 3198 4976 παιδαγωγηθήσεσθαι
3219 4908 3541 4979 μοχθηρίαν.
3565 4909 3726 4962 Τοῦτο

2141 4990 2198 5043 δὲ
2232 4991 2324 5043 καὶ
2359 4992 2416 5044 ὲν
2459 4992 2665 5063 ἑτέροις
2711 4994 2896 5065 ἐδήλου
2942 4996 3135 5066 λέγων’
3174 5017 3195 5051 ‹
3255 5001 3392 5054 υύαὶ
3434 5001 3515 5071 τῷ
3545 5002 3726 5070 κόσμῳ

2141 5080 2248 5133 ἀπὸ
2280 5079 2389 5134 τῶν
2440 5082 2769 5137 σκανδάλωνο
2829 5087 3042 5157 ἀνάγκη
3098 5088 3208 5160 γὰρ
3248 5090 3427 5144 ἐλθεῖν
3467 5093 3537 5145 τὰ
3571 5093 3727 5145 σκάν-

2139 5172 2295 5227 δαλα.
2336 5192 2355 5223 ι
2392 5175 2679 5245 Οἰκονομεί
2704 5175 2760 5230 δὲ
2792 5182 3041 5250 πανταχῆ
3071 5182 3138 5234 τά
3163 5182 3283 5235 καθ’
3313 5183 3509 5237 ἑαυτὸν
3532 5186 3591 5237 ἐν
3611 5185 3725 5236 τού-

2136 5284 2215 5336 τῳ
2279 5266 2665 5334 παραδεικνὺς,
2710 5268 2796 5321 ἵνα
2840 5271 2914 5341 μὴ
2963 5272 3225 5342 μειζόνων
3266 5274 3567 5344 ἐφιέμενοι,
3610 5275 3724 5327 καθ’

2136 5361 2223 5412 ἓτε
2234 5375 2321 5429 ρον
2348 5360 2546 5430 τρόπον
2569 5362 3003 5432 ἀσχημονοῦντες
3026 5365 3374 5429 ἁλίσκωνται,
3406 5368 3523 5421 ἀλλ’
3543 5367 3723 5435 ὥσπερ

2141 5448 2201 5513 ἐξ
2243 5448 2490 5519 ἀνάγκης
2513 5451 2747 5504 κατόπιν
2774 5451 2874 5523 τῆς
2910 5453 3003 5506 τοῦ
3032 5456 3236 5527 Κυρίου
3276 5456 3548 5525 βαίνοντες
3574 5457 3723 5523 δόξης

2141 5542 2199 5597 τὸ
2232 5541 2306 5612 μὴ
2328 5542 2465 5612 ὑπὲρ
2500 5544 2660 5598 αὐτὸν
2687 5546 2936 5614 γενέσθαι
2991 5548 3350 5612 σπονδάζωσι.
3389 5550 3465 5603 Τὸ
3507 5549 3607 5620 μὲν
3636 5544 3722 5602 οὖν
