4024 6262
271 442 369 496 401

1254 434 1318 487 IN
1350 431 1638 489 JOANNIS
1677 428 2130 488 EVANJELIUM
2170 430 2293 488 UB.
2325 431 2389 485 Χ.

3406 435 3513 490 402

269 556 739 631 ἀτιμασθήσεσθαι
767 554 982 619 πάντως
1007 556 1206 619 αὐτοὺς
1229 556 1595 626 ὑποσημαίνει
1624 554 1796 622 λέγων
1829 571 1842 584 ο

1953 554 2094 607 enim
2120 593 2135 616 ,
2180 553 2401 623 inquit,
2438 551 2701 607 ell'rcnata
2731 552 2914 623 lingua
2950 554 3264 621 petierunt,
3304 553 3513 606 nullum

276 673 294 704 ι
331 651 442 703 Οὐκ
468 650 577 701 ἐστι
612 647 793 709 δοῦλος
846 645 982 717 ὑπὲρ
1039 646 1131 700 τὸν
1178 646 1366 716 κύριον
1393 645 1582 700 αὑτοῦ.
1626 665 1646 697 ι
1712 644 1843 716 Ἐμὲ

267 739 395 809 γὰρ,
456 738 637 807 φησὶν,
690 736 940 807 ἀχαλίνῳ
991 737 1090 806 μὲν
1136 736 1548 808 κατεκρότησαν
1608 735 1841 805 γλώττῃ,

264 828 522 899 λοιδορίας
539 828 739 896 τρόπον
753 828 1167 898 ἀνεπιτήδευτον
1182 829 1280 881 οὐκ
1290 827 1517 896 ἀφέντες
1533 828 1581 880 oi
1601 826 1840 888 δείλαιοι,

261 921 595 992 δαιμονῶντα
621 922 715 974 καὶ
745 920 979 991 μέθυσον
1010 919 1106 972 καὶ
1136 921 1388 989 πορνείας
1436 920 1664 973 ὲκάλουν
1711 934 1846 988 καρ-

263 1014 380 1068 πόν.
421 1012 559 1065 Ἀλλ’
590 1014 692 1067 οὐκ
732 1012 961 1081 ἐζήτουν
989 1012 1336 1083 παραχρῆμα
1386 1010 1485 1074 τάς
1510 1010 1684 1074 δίκας,
1727 1009 1843 1063 ἀλλ’

263 1105 383 1158 οὐδὲ
404 1106 525 1166 ταῖς
548 1104 678 1174 παρ’
703 1103 883 1157 αὐτῶν
907 1104 1193 1175 λοιδορίαις
1217 1103 1597 1174 καταδηχθεὶς,
1617 1102 1708 1156 τὸν
1730 1104 1842 1165 τοῖς

260 1195 629 1266 ἀκροωμένοις
662 1195 928 1265 σωτήριον
974 1195 1266 1265 ἀνέκαμψα
1301 1195 1478 1264 λόγον.
1506 1192 1716 1248 Οὐκοῦν
1768 1192 1844 1264 μὴ

261 1285 528 1355 ζητείσθω
566 1287 696 1355 παρ’
725 1285 879 1355 ὑμῶν
926 1286 986 1338 τὸ
1035 1285 1220 1355 μεῖξον
1273 1286 1537 1357 ἀκαίρως,
1572 1285 1705 1356 μηδὲ
1733 1284 1843 1337 τῶν

258 1378 351 1430 τοῦ
382 1378 588 1447 Κυρίου
617 1377 1121 1448 κατασοϐαρεύεσθε
1152 1378 1382 1449 μέτρων,
1414 1378 1552 1448 πρὸς
1572 1376 1844 1447 τοσαύτην

262 1469 452 1523 ἑαυτὸν
486 1470 555 1521 δι’
584 1472 733 1541 ἡμᾶς
766 1470 1230 1533 καταϐιϐάσαντος
1256 1471 1352 1541 τὴν
1378 1469 1729 1534 ταπείνωσιν,
1755 1469 1844 1522 διὰ

259 1560 321 1613 τὸ
375 1562 512 1613 πᾶσι
564 1561 856 1624 λυσιτελές.
906 1561 1111 1615 οὐκοῦν
1142 1562 1394 1631 ἀμείνους
1424 1561 1717 1630 ἐργάζεται
1750 1563 1845 1615 καὶ

194 1674 197 1675 ν
258 1651 362 1719 τῆς
385 1653 444 1703 ὲν
467 1651 647 1719 λόγοις
669 1652 1028 1723 σκληρότητος
1050 1653 1142 1706 καὶ
1163 1654 1261 1723 τῆς
1277 1653 1384 1706 τῶν
1400 1653 1709 1723 φιλαψογεῖν
1724 1656 1845 1708 εἰω-

261 1743 434 1796 θότων
462 1744 828 1813 ἀνοσιότητος.
879 1743 1127 1812 καθάπερ
1157 1744 1351 1813 ἀμέλει
1400 1746 1542 1797 καὶὸ
1577 1747 1846 1816 μακάριος

258 1834 556 1903 προφήτης
611 1833 895 1903 Ἱερεμίας,
931 1834 1065 1904 πρὸς
1110 1835 1239 1887 αὐτὸ
1268 1835 1334 1905 δὴ
1371 1835 1528 1887 τοῦτο
1565 1852 1843 1906 γεγυμνα-

258 1920 456 1990 σμένος
507 1921 789 1991 {layers
840 1924 901 1975 Ἠ
960 1923 1107 1992 ἰσχύς
1171 1942 1273 1993 μου
1326 1924 1573 1989 ἐξέλιπεν
1625 1927 1685 1978 ὲν
1730 1929 1844 1990 τοῖς

256 2013 675 2082 καταρωμένοις
733 2031 818 2084 με.
880 2032 899 2065 ι
934 2014 1208 2076 Μειξόνως
1234 2031 1299 2082 γε
1353 2016 1459 2084 μὴν
1489 2018 1517 2067 ὀ
1560 2015 1843 2079 Θεσπέσιος

256 2103 464 2167 Παῦλος
492 2104 810 2174 διαλάμψας
841 2106 898 2157 ὲν
949 2104 1117 2175 αύτῷ,
1173 2107 1268 2158 καὶ
1331 2109 1465 2159 πολὺ
1500 2106 1846 2178 καταθλήσας

256 2195 350 2260 τῆς
388 2194 494 2245 τῶν
560 2194 887 2262 ὑϐριζόντων
936 2194 1302 2264 ἀνοσιότητος,
1333 2214 1350 2246 ι
1408 2197 1843 2267 Δοιδορούμενοι,

256 2285 435 2353 φησὶν,
509 2284 868 2354 εὐλογοῦμεν,
949 2284 1410 2357 δυσφημούμενοι,
1496 2289 1845 2357 παρακαλοῦ-

259 2393 372 2445 μεν.
402 2396 422 2427 ι
461 2376 546 2430 Τὸ
571 2378 666 2446 μὲν
684 2377 793 2447 γάρ
811 2376 916 2429 τῶν
939 2378 1194 2431 τοιούτων
1220 2380 1732 2433 κατανεανιεύεσθαι
1756 2398 1845 2449 φι-

255 2467 380 2531 λεῖν,
430 2466 604 2539 ἔργον
660 2467 725 2521 ἂν
772 2468 985 2535 γένοιτο
1042 2468 1277 2529 διανοίας
1329 2470 1715 2542 πτωχευούσης
1769 2472 1847 2542 τῷ

257 2558 554 2628 πνεύματι,
595 2557 739 2611 κατά
771 2557 832 2611 τὸ
871 2560 1280 2629 γεγραμμένον,
1325 2562 1418 2614 καὶ
1459 2562 1662 2633 μετρίῳ
1689 2581 1849 2631 κομι-

256 2648 317 2719 δῇ
369 2649 800 2719 κεκοσμημένης
845 2650 1174 2719 φρονήματι.
1206 2650 1402 2703 Φύεται
1442 2653 1550 2722 γάρ
1602 2671 1719 2715 πως
1755 2656 1849 2707 καλ⁹

261 2740 505 2809 καθάπερ
564 2741 628 2791 ὲκ
656 2740 809 2810 ῥίζης
854 2740 1065 2809 ἀνίσχει
1108 2741 1301 2811 καλῆς,
1340 2746 1403 2796 ὲκ
1441 2744 1632 2798 τούτου
1665 2745 1721 2797 δὲ
1748 2747 1851 2815 μά-

259 2829 430 2893 λιστα,
459 2830 526 2881 τὸ
562 2829 907 2898 μακρόθυμόν
934 2846 991 2881 τε
1028 2830 1123 2883 καὶ
1160 2832 1499 2897 ἀνεξίκακον.
1536 2835 1609 2887 Τὸ
1636 2835 1691 2888 δὲ
1712 2837 1849 2905 ἀφο-

265 2923 434 2992 ρήτως
492 2922 642 2990 ἔχειν
704 2923 783 2983 είς
843 2920 1034 2989 λόγους
1085 2925 1210 2985 τοὺς
1247 2926 1718 2995 παροτρύνοντας,
1770 2931 1851 2991 είς

262 3013 475 3066 πάντων
508 3011 625 3083 [γρ.
675 3010 826 3082 adv],
863 3012 894 3080 ἢ
940 3012 1035 3064 καὶ
1078 3012 1255 3065 ὁτιοῦν
1295 3016 1516 3084 ἀτιμίας
1549 3013 1703 3083 εἶδος,
1751 3020 1851 3089 τῆς

263 3106 414 3176 παρά
441 3121 625 3169 τινων,
651 3103 871 3167 ἔνδειξιν
902 3102 966 3156 ἂν
994 3104 1105 3174 ἔχοι
1127 3105 1273 3175 σαφῆ
1295 3107 1554 3176 λογισμοῦ
1590 3109 1851 3180 φιλοκόμ-

264 3213 389 3261 που,
416 3197 513 3249 καὶ
543 3197 638 3266 τῆς
670 3198 727 3250 ὲν
758 3196 947 3266 κόσμῳ
976 3197 1277 3265 φιλοδοξίας
1305 3200 1366 3250 οὐ
1410 3199 1532 3253 λίαν
1572 3202 1860 3272 ἀπηλλαγ-
1886 3236 1929 3291 C

269 3288 430 3358 μένου
457 3288 821 3356 φρονήματος.
841 3286 904 3337 Τί
929 3287 1038 3355 γάρ
1062 3285 1126 3339 ἂν
1146 3287 1321 3359 δράσῃ
1346 3290 1528 3359 τυχὸν,
1564 3291 1597 3361 ἦ
1623 3293 1676 3345 τί
1701 3293 1858 3364 ὕϐρις

268 3379 504 3450 ἀδικήσῃ
525 3377 612 3429 τὸν
648 3378 746 3447 τῆς
792 3375 1019 3445 ἀτυφίας
1055 3378 1325 3449 ὲραστήν;
1359 3380 1448 3450 Τῷ
1487 3381 1544 3433 δὲ
1590 3383 1665 3453 μὴ
1699 3383 1857 3453 δόξης

269 3473 546 3541 ἐφιεμένῳ
580 3468 870 3538 κοσμικῆς,
904 3467 1019 3530 πῶς
1056 3469 1277 3539 ἀνιαρὸν
1309 3470 1463 3524 ἔσται
1513 3473 1575 3524 τὸ
1600 3473 1859 3544 λοιδορεί-

171 3598 195 3610 -
271 3566 398 3617 σθαι
440 3565 574 3632 πρός
605 3579 749 3625 τινος
775 3578 789 3626 ;
822 3561 986 3632 Δόξης
1006 3558 1098 3614 οὖν
1136 3563 1244 3631 ἄρα
1271 3565 1501 3632 ταυτησὶ
1529 3566 1624 3633 τῆς
1662 3567 1860 3620 εἰκαιο-

269 3660 469 3724 τάτης,
498 3656 657 3723 φημὶ,
691 3655 785 3706 καὶ
816 3654 914 3722 τῆς
942 3655 998 3704 ὲν
1016 3652 1205 3722 κόσμῳ
1228 3657 1599 3725 τετιμημένης
1629 3658 1740 3710 ἅνω
1772 3658 1859 3728 βε-

276 3746 493 3814 δηκότα
526 3746 615 3797 τὸν
661 3744 808 3805 νοῦν,
838 3744 932 3795 καὶ⁸
974 3744 1065 3796 τὸν
1115 3744 1370 3797 τοιούτων
1422 3747 1861 3817 ύπεριπτάμενον

278 3836 448 3904 ἐχειν,
504 3837 724 3895 εἰκότως
773 3832 1160 3887 διακελεύεται·
1220 3840 1533 3905 προεπινοεί
1574 3839 1630 3891 δὲ
1675 3839 1862 3911 ὥσπερ

277 3928 583 3995 ἀναγκαίαν
608 3928 926 3995 ἀσφάλειαν,
962 3928 1096 3998 πρὸς
1124 3927 1182 3980 τὸ
1204 3928 1313 3981 δεῖν
1344 3928 1549 3983 ἐθέλειν
1578 3932 1636 3985 ἐν
1658 3933 1860 3998 τούτοις

273 4021 531 4085 ὁρᾶσθαι,
585 4021 679 4071 καὶ
742 4017 992 4089 καθάπερ
1044 4020 1229 4072 αἰκίαν
1286 4019 1386 4091 τὴν
1418 4022 1496 4084 είς
1528 4023 1687 4077 τοῦτο
1733 4042 1863 4078 κατ-

271 4112 522 4167 ωθοῦντα
554 4111 733 4179 τίθησι
766 4111 1042 4181 λογισμὸν,
1079 4112 1215 4182 ὅπερ
1258 4112 1521 4184 ἐλέγομεν
1563 4116 1623 4180 ἐξ
1663 4117 1858 4189 ἀρχῆς,

270 4207 331 4258 τὸ
359 4204 590 4258 κατόπιν
620 4203 755 4255 ἰέναι
787 4202 887 4271 τῆς
920 4202 1014 4255 τοῦ
1065 4203 1270 4274 Κυρίου
1324 4207 1512 4277 τιμῆς,
1561 4209 1751 4277 ἥδιστα
1804 4211 1861 4263 δὲ

269 4298 396 4350 λίαν
423 4294 739 4375 προσίεσθαι
769 4296 874 4348 πᾶν
897 4296 1034 4365 ὅπερ
1065 4294 1131 4348 ἂν
1163 4296 1230 4349 τοι
1252 4299 1392 4352 κατά
1413 4300 1623 4371 καιρὸν,
1655 4301 1767 4354 ἔστ’
1794 4303 1861 4355 ἂν

271 4388 457 4448 αὐτοῖς
475 4386 535 4438 τὸ
550 4386 851 4454 εὐδοκιμεῖν
873 4385 1092 4456 ὑπάρχῃ
1112 4385 1200 4438 διὰ
1222 4387 1374 4452 Θεὸν,
1391 4390 1452 4442 ού
1470 4392 1592 4453 ταῖς
1617 4392 1861 4462 ἀτιμίαις

272 4479 689 4548 ὕπτιουμένους,
747 4476 822 4537 ὡς
885 4475 1040 4530 ὄκνον
1084 4478 1365 4549 ἀνωφελῆ,
1427 4480 1549 4533 οὐδὲ
1605 4483 1710 4535 ὑπό
1763 4500 1859 4535 του

1943 645 2179 698 convicii
2214 660 2386 714 genus
2420 644 2685 698 intactum
2724 645 3098 715 relinquentes
3129 644 3350 706 miseri,
3404 644 3515 696 dae-

1945 736 2288 799 moniacum,
2336 734 2692 789 temulentum
2730 743 2784 788 et
2817 737 3063 804 spurium
3098 743 3382 788 vocarunt.
3417 732 3516 787 Ve-

1944 842 2064 880 rum
2098 843 2206 882 non
2238 829 2424 883 statim
2460 842 2651 898 poenas
2686 829 2874 897 exegi,
2910 829 3006 883 sed
3040 844 3215 897 neque
3249 826 3516 905 conyiciis

1941 934 2130 974 eorum
2170 920 2449 990 appetitus
2492 921 2790 976 salutarem
2832 922 3178 976 auditoribus
3208 920 3513 973 doctrinam

1943 1011 2175 1066 inhibui.
2203 1010 2384 1077 Quare
2414 1011 2582 1066 nolite
2612 1012 2781 1065 altum
2816 1012 3201 1081 intempestive
3230 1025 3421 1081 sapere
3446 1009 3513 1072 “,

1943 1118 2045 1157 nec
2086 1101 2297 1157 Domini
2338 1102 2775 1157 mediocritatem
2811 1100 3047 1174 superbe
3076 1102 3378 1171 despicite,
3420 1100 3514 1168 qui

1944 1201 2147 1247 tantam
2188 1193 2254 1248 ad
2294 1193 2687 1249 demissionem
2728 1202 2950 1265 propter
2994 1209 3096 1249 nos
3154 1201 3212 1247 ut
3260 1192 3515 1247 omnibus

1945 1282 2229 1352 prodesset
2260 1299 2321 1339 se
2349 1282 2643 1353 depressit.
2675 1283 2846 1355 Igitur
2875 1284 3188 1355 superiores
3216 1299 3313 1338 eos
3353 1282 3516 1344 facit,

1943 1382 2000 1427 et
2030 1375 2317 1428 verborum
2345 1375 2548 1430 duritie
2573 1417 2587 1439 ,
2631 1384 2684 1430 et
2729 1377 3161 1429 conviciatorum
3195 1374 3472 1444 impietate
3500 1410 3515 1433 .

1945 1466 2401 1534 quemadmodum
2434 1482 2628 1538 nempe
2658 1468 2854 1523 beatus
2881 1467 2973 1521 ille
2995 1480 3215 1536 quoque
3252 1464 3520 1534 propheta

1943 1556 2209 1613 Jeremias
2232 1557 2289 1611 in
2318 1572 2383 1613 eo
2416 1557 2537 1627 ipso
2564 1558 2899 1613 exercitatus
2927 1557 3108 1611 aiebat
3133 1574 3145 1609 :
3186 1574 3205 1607 ι
3234 1553 3520 1609 Fortitudo

1945 1661 2063 1700 mea
2096 1644 2301 1699 defecit
2332 1645 2386 1698 in
2415 1645 2482 1699 iis
2533 1646 2626 1714 qui
2668 1646 3008 1700 maledicunt
3053 1644 3185 1698 mihi
3210 1644 3274 1695 ".
3312 1662 3331 1696 ι
3374 1642 3520 1709 Quin

1945 1742 1999 1789 et
2024 1737 2245 1791 divinus
2285 1736 2375 1790 ille
2405 1735 2610 1792 Paulus
2650 1751 2713 1792 ea
2752 1752 2810 1791 re
2842 1735 3079 1790 maxime
3112 1743 3394 1804 spectatus
3417 1774 3432 1795 ,
3467 1740 3522 1789 et

1948 1830 2240 1897 impiorum
2273 1843 2415 1897 saepe
2446 1828 2816 1884 contumelias
2860 1841 3159 1897 perpessus
3190 1844 3204 1880 :
3243 1842 3262 1876 ι
3294 1823 3522 1878 Maledi-

1945 1922 2143 1983 ciinur,
2173 1921 2372 1988 inquit,
2406 1930 2462 1974 et
2501 1920 2880 1975 benedicimus
2908 1937 2923 1985 ;
2963 1918 3433 1988 blasphemamur,
3465 1922 3522 1970 et

1945 2013 2305 2066 obsecramus
2340 2012 2408 2062 '°.
2446 2029 2463 2061 ι
2535 2011 2639 2064 Ista
2696 2010 2898 2080 quippe
2943 2023 3209 2079 generose
3265 2007 3521 2077 perpeti,

1945 2120 2084 2174 opus
2122 2114 2204 2157 est
2247 2102 2444 2155 mentis
2481 2100 2738 2171 pauperis
2778 2101 2976 2169 spiritu
3008 2139 3025 2162 ,
3066 2099 3211 2153 sicut
3251 2098 3522 2167 scriptum

1945 2205 2029 2250 est
2070 2196 2113 2226 ’⁷
2139 2233 2153 2256 ,
2195 2203 2247 2248 et
2293 2193 2562 2263 singulari
2603 2191 2869 2246 modestia
2902 2190 3166 2260 praedita.
3204 2186 3347 2240 llinc
3375 2185 3524 2241 enim

1945 2288 2093 2341 velut
2126 2302 2192 2339 ex
2227 2286 2368 2339 bona
2400 2284 2588 2338 radice
2620 2284 2882 2338 oriuntur
2909 2278 3304 2347 longanimitas
3333 2288 3389 2333 et
3424 2292 3523 2347 pa-

1948 2377 2160 2431 tientia.
2185 2375 2339 2429 Nolle
2373 2382 2554 2429 autem
2592 2390 2661 2429 ne
2698 2373 2864 2429 verbo
2890 2372 3113 2443 quidem
3149 2370 3263 2424 ullo
3300 2367 3524 2430 lacessi,

1948 2477 2042 2521 aut
2092 2467 2377 2520 minimum
2419 2464 2765 2520 contumeliae
2811 2479 2983 2533 genus
3025 2460 3254 2531 perpeti,
3293 2456 3530 2511 manife-

1949 2570 2094 2617 stum
2143 2567 2228 2614 est
2274 2566 2658 2628 argumentum
2696 2555 2863 2609 animi
2906 2553 3171 2624 superbi,
3227 2565 3329 2605 nec
3376 2550 3527 2603 inani

1947 2652 2136 2724 glori-.e
2192 2650 2486 2704 mundanae
2541 2649 2726 2702 studio
2780 2648 3014 2701 multum
3071 2644 3332 2715 expediti.
3385 2642 3526 2708 Quid

1948 2743 2093 2798 enim
2119 2742 2302 2804 faciet,
2328 2755 2536 2809 quaso,
2562 2749 2654 2792 aut
2681 2754 2788 2808 qua
2824 2741 2876 2792 in
2913 2753 2970 2792 re
2994 2737 3270 2791 hominem
3300 2750 3329 2788 a
3358 2735 3529 2805 typho

1950 2836 2190 2890 alienum
2225 2832 2381 2886 laedet
2409 2831 2795 2886 contumelia?
2834 2832 2943 2884 Ant
2983 2828 3258 2901 quomodo
3290 2827 3526 2882 munda-

1951 2941 2035 2979 na:
2081 2924 2268 2993 gloriae
2313 2930 2660 2990 contemptor
2694 2922 2963 2975 conviciis
3009 2922 3139 2976 ullis
3177 2919 3531 2974 oil‘endetur?

1952 3015 2067 3069 Ilac
2108 3016 2292 3083 itaque
2350 3012 2649 3067 vanissima
2695 3021 2749 3067 et
2796 3026 2957 3081 quam
2999 3012 3240 3065 mundus
3289 3008 3530 3078 suspicit

1953 3108 2126 3177 gloria
2188 3113 2426 3159 mentem
2498 3103 2748 3157 altiorem
2816 3117 3008 3173 gerere
3072 3103 3269 3156 merito
3327 3100 3528 3170 jubet,

1959 3199 2124 3268 900
2148 3197 2448 3267 quinetiam
2484 3195 2855 3249 necessariam
2890 3194 3053 3247 veluti
3088 3194 3401 3246 cautionem
3437 3207 3533 3245 ex-

1961 3294 2207 3359 cogitat,
2251 3296 2311 3342 ut
2351 3288 2488 3341 tales
2532 3302 2657 3341 esse
2694 3286 2900 3349 velint,
2944 3295 2998 3340 et
3038 3284 3288 3339 adhibito
3323 3284 3375 3336 in
3407 3297 3530 3335 eam

1962 3397 2073 3435 rem
2110 3380 2346 3449 quodam
2377 3381 2531 3449 quasi
2563 3380 2788 3435 stimulo
2819 3386 2974 3448 urget
3003 3392 3100 3432 eos
3123 3377 3336 3432 ratione
3368 3392 3531 3446 quam

1960 3472 2118 3526 initio
2146 3472 2408 3531 diximus,
2436 3486 2631 3539 nempe
2653 3469 2863 3524 Domini
2887 3470 3116 3540 gloriam
3145 3485 3270 3524 esse
3298 3485 3535 3538 sequen-

1960 3564 2108 3630 dam,
2145 3552 2198 3619 et
2240 3564 2612 3633 quodcunque
2664 3578 2721 3616 se
2760 3562 3020 3615 obtulerit
3050 3561 3287 3615 libenter
3322 3561 3530 3627 ample-

1960 3657 2240 3717 ctemlum,
2276 3654 2495 3724 quoties
2533 3653 2755 3708 occasio
2785 3667 2845 3707 se
2899 3652 3049 3707 dabit
3082 3652 3269 3722 glorire
3314 3660 3534 3720 propter

1962 3749 2128 3802 Deum
2154 3746 2545 3815 adipiscendae,
2579 3754 2637 3799 ut
2665 3761 2763 3799 nec
2796 3745 3040 3800 infamiae
3078 3754 3228 3799 metu
3263 3744 3442 3799 inutili
3474 3758 3532 3797 se

1932 3839 2162 3913 ‘dedant
2196 3839 2440 3898 inertiae,
2481 3851 2581 3890 nec
2614 3851 2682 3889 ex
2710 3850 2778 3888 eo
2810 3834 2958 3904 quod
3008 3835 3078 3888 ab
3121 3834 3307 3903 aliquo
3341 3834 3531 3888 forsan

1960 3932 2227 3986 conviciis
2257 3932 2442 3984 acrius
2477 3916 2699 3997 appetiti
2736 3927 2967 3992 fuerint,
3002 3926 3239 3981 docendi
3278 3924 3532 3981 ﬁduciam

1962 4023 2259 4078 retundant
2282 4063 2297 4085 ,
2354 4036 2454 4075 nec
2496 4019 2682 4074 divina
2719 4018 2975 4072 mandata
3010 4028 3404 4083 contemnant,
3438 4018 3533 4073 scd

1961 4117 2308 4170 dilectionem
2346 4116 2530 4184 potius
2569 4113 2715 4165 illam
2752 4113 2807 4164 in
2850 4110 3051 4165 fratres
3095 4109 3532 4179 amplectantur,

1961 4217 2014 4264 et
2042 4216 2296 4263 errantes
2324 4205 2583 4259 omnibus
2613 4204 2791 4257 modis
2836 4202 3030 4271 juvare
3060 4201 3337 4255 studeant.
3375 4197 3537 4254 Post-

1961 4316 2124 4370 quam
2159 4301 2325 4368 igitur
2355 4297 2630 4367 persuasit
2659 4278 3172 4348 mnndanam‘illam
3220 4307 3284 4345 ac
3320 4300 3535 4358 tempo:

1963 4393 2161 4447 rariam
2190 4391 2418 4461 gloriam
2453 4388 2856 4458 aspernandam
2878 4426 2891 4450 ,
2930 4384 3079 4439 aliud
3111 4384 3371 4453 quiddam
3403 4382 3537 4436 utile

1962 4498 2027 4537 ac
2074 4482 2454 4537 necessarium
2506 4480 2729 4546 insuper
2778 4478 3045 4530 molitur:
3106 4495 3124 4527 ι
3161 4474 3217 4528 Si
3258 4474 3403 4528 enim
3454 4488 3539 4525 mc

271 4570 432 4639 τυχὸν
476 4566 707 4635 ἐπείπερ
746 4564 1225 4635 διαλελοιδόρηνται
1279 4569 1508 4637 πικρῶς,
1538 4570 1637 4640 τὴν
1679 4572 1736 4624 ὲν
1782 4572 1854 4640 τῷ

1968 4573 2239 4642 persecuti
2272 4579 2424 4635 sunt,
2456 4569 2654 4638 inquit,
2686 4577 2738 4620 et
2772 4583 2870 4620 vos
2898 4575 3301 4636 persequentur
3324 4562 3392 4614 ⁸⁸.
3423 4580 3443 4613 ι
3476 4561 3539 4614 Et

271 4662 545 4713 διδάσκειν
580 4654 892 4726 παρρησίαν
941 4655 1413 4726 ἀνασειράζοντας,
1441 4660 1665 4714 καὶτῶν
1699 4662 1860 4715 θείων

273 4750 630 4819 ὲνταλμάτων
668 4746 1130 4815 ὀλιγωρήσαντας,
1182 4749 1503 4818 ἀντέχεσθαι
1552 4751 1608 4803 δὲ
1659 4752 1859 4821 μᾶλλον

272 4844 371 4912 τῆς
412 4844 496 4903 είς
522 4840 781 4906 ἀδελφοὺς
813 4838 1054 4908 ἀγάπης,
1084 4839 1175 4891 καὶ
1214 4840 1302 4893 διὰ
1324 4841 1520 4902 παντὸς
1546 4843 1859 4911 ἐπείγεσθαι

272 4933 479 5003 τρόπου
506 4932 628 4994 τοὺς
651 4928 1030 4998 πλανωμένους
1052 4929 1296 4997 ὠφελεῖν.
1345 4931 1660 4995 Ἀναπείσας
1681 4934 1860 4986 τοίνυν

275 5024 380 5077 ὑπὸ
434 5023 602 5085 πόδας
666 5023 762 5091 τῆς
835 5021 1168 5092 προσκαίρου
1220 5022 1377 5093 δόξης
1422 5008 1696 5092 φείδεσθαι
1759 5026 1858 5095 τῆς

274 5114 577 5183 κοσμικῆς,
660 5112 844 5181 ἔτερόν
912 5130 965 5165 τι
1044 5115 1606 5184 προσεπαγωνίςεται,
1670 5117 1865 5186 χρήσι-

281 5207 378 5277 μόν
402 5224 467 5258 τε
490 5206 583 5257 καὶ
607 5205 920 5268 ἀναγκαῖον.
956 5222 974 5254 ι
1014 5206 1076 5257 El.
1111 5207 1218 5275 γὰρ
1241 5206 1360 5274 ἐμὲ,
1403 5205 1588 5274 φησὶν,
1622 5206 1862 5273 ἐδίωξαν,

280 5298 373 5350 καὶ
410 5298 559 5367 ὑμᾶς
588 5295 853 5362 διώξουσι.
886 5315 904 5346 ›
951 5296 1061 5349 Καὶ
1090 5297 1324 5367 συγγενῆ
1366 5297 1465 5367 μὲν
1495 5301 1604 5360 τοῖς
1633 5298 1870 5369 πρώτοις

279 5389 394 5461 ἔχει
424 5388 523 5441 καὶ
551 5387 709 5440 τοῦτο
751 5388 849 5457 τὴν
882 5386 1137 5458 θεωρίαν.
1175 5388 1484 5459 Τληπαθεῖν
1536 5390 1581 5442 δ’
1603 5386 1693 5443 οὖν
1719 5392 1870 5461 ὅμως

281 5479 587 5543 ἀναπείθει,
623 5479 715 5533 καὶ
745 5479 853 5533 τῶν
890 5479 1108 5534 ἔσεσθαι
1137 5482 1193 5532 ὲν
1227 5483 1356 5551 ἡμῖν
1391 5481 1865 5553 προσδοκηθέντων

280 5570 646 5640 διαλογισμῶν
687 5575 1004 5641 προαναιρεί
1041 5572 1139 5641 τὴν
1166 5572 1468 5626 ἀσθένειαν.
1491 5569 1607 5627 Ἷ-ικ
1632 5574 1730 5644 μὲν
1758 5574 1865 5645 γὰρ

283 5666 384 5717 οὐκ
416 5661 739 5731 ἀμφίϐολον,
763 5663 842 5716 ὅτι
872 5665 992 5726 ταῖς
1021 5663 1127 5717 τῶν
1159 5664 1459 5717 διωκόντων
1486 5664 1584 5735 τὴν
1611 5664 1865 5736 ἀλήθειαν

363 5854 407 5890 9"
436 5850 595 5905 Rom.
628 5867 702 5915 ςι,
733 5849 821 5902 20.
902 5849 946 5879 ⁸⁵
970 5847 1169 5905 Jcrctu.
1205 5869 1292 5919 xv,
1334 5854 1415 5909 10.
1490 5856 1574 5910 ⁹⁶1
1609 5856 1735 5910 Cor.
1783 5871 1854 5920 tv,

1953 5860 1980 5909 ε.
2058 5856 2101 5888 ¹¹⁷
2126 5854 2316 5907 Matth.
2354 5870 2405 5915 ν,
2449 5854 2498 5906 5.

1970 4670 2082 4719 haec
2115 4664 2333 4733 quidem
2364 4661 2597 4716 similem
2631 4659 2836 4713 habent
2866 4675 2988 4711 cum
3021 4657 3296 4728 prioribus
3320 4662 3541 4708 sentcn-

1967 4759 2118 4810 tiam.
2165 4753 2423 4807 Tolerarc
2470 4752 2651 4820 itaque
2704 4750 3035 4819 persuadet,
3082 4756 3136 4802 et
3178 4760 3369 4799 eorum
3418 4758 3541 4813 qtae

1965 4845 2258 4917 cogitaturi
2301 4859 2493 4898 smnus
2534 4844 2908 4897 inﬁrmitatem
2963 4839 3258 4911 praevertit.
3304 4836 3537 4893 Dubium

1965 4940 2171 5010 quippe
2200 4953 2309 4991 non
2341 4946 2459 4993 erat
2484 4937 2614 5006 quin
2636 4934 2947 4990 Scrvatoris
2977 4930 3262 5001 discipuli,
3298 4929 3353 4982 in
3394 4928 3539 4982 veri-

1963 5033 2090 5087 tatis
2119 5038 2498 5100 persecutores
2530 5029 2858 5091 incidentes,
2891 5028 3009 5081 dira
3043 5039 3274 5094 quaque
3298 5020 3541 5077 subituri

1962 5133 2189 5180 essent:
2243 5138 2431 5176 verum
2468 5121 2751 5190 probabile
2778 5128 2862 5174 est
2891 5134 2987 5172 eos
3014 5118 3068 5171 in
3105 5116 3347 5169 animum
3382 5113 3542 5168 indu-

1963 5218 2131 5282 xisse,
2165 5230 2291 5268 cum
2326 5214 2393 5268 de
2422 5214 2594 5284 gloria
2626 5213 2831 5268 Christi
2862 5211 3028 5263 verba
3062 5208 3329 5268 facerent,
3362 5204 3541 5258 aliun-

1964 5309 2150 5364 dantis
2195 5307 2319 5376 ejus
2365 5305 2757 5360 misericordia:
2792 5318 2851 5357 se
2891 5301 3007 5354 fore
3036 5298 3335 5367 participes
3357 5337 3371 5361 ,
3404 5296 3542 5350 adeo

1968 5409 2025 5453 ut
2054 5400 2189 5454 nihil
2214 5410 2320 5452 tam
2340 5399 2661 5467 praclarum
2690 5395 2933 5449 studium
2957 5404 3188 5460 prorsus
3211 5389 3536 5450 retardaret,

1969 5490 2066 5545 sed
2097 5491 2279 5543 omnis
2321 5490 2551 5543 omnino
2591 5484 2857 5539 tumultus
2899 5498 2963 5535 ac
3008 5480 3244 5551 periculi
3290 5491 3539 5551 expertes

1967 5586 2177 5641 essent,
2207 5577 2451 5647 nihilque
2488 5576 2642 5629 triste
2683 5581 3025 5642 paterentur,
3060 5572 3154 5627 sed
3188 5572 3257 5625 ab
3284 5572 3539 5625 omnibus

1968 5669 2329 5724 laudarentur
2357 5711 2370 5733 ,
2427 5674 2614 5737 utpote
2654 5665 2747 5734 qui
2786 5664 3081 5720 salutarem
3121 5664 3201 5719 eis
3232 5661 3539 5717 doctrinam

2578 5856 2621 5885 9“
2649 5854 2783 5909 Ibid.
2814 5855 2896 5908 10.
