4024 6262
471 420 576 472 103

1490 419 1546 476 S.
1590 416 1865 475 CYR'LIJ
1907 417 2378 478 ALEXANDRINI
2413 422 2732 480 ARCHIEP.

3622 420 3720 475 6οι

474 537 888 591 annuntiarcnt.
936 537 1004 590 Et
1057 536 1170 590 haec
1221 533 1440 605 quidem
1490 551 1587 591 eos
1628 543 1952 607 exspectare
1988 545 2044 606 et

2171 541 2560 610 περιπταίοντες
2589 543 2778 613 ὀργαῖς
2800 539 2894 595 τοῦ
2920 539 3168 611 Σωτῆρος
3189 539 3237 591 οἱ
3269 536 3509 608 μαθηταὶ
3526 538 3638 599 τοῖς
3663 539 3726 592 ὲκ

473 642 676 696 cupere
726 628 823 682 abs
860 643 918 682 re
965 643 1073 681 non
1112 633 1272 692 erat,
1317 627 1410 697 qui
1459 627 1526 681 ad
1564 635 1840 682 aeternam
1877 629 2044 683 vitam

476 719 615 772 alios
660 732 857 771 vocare
909 716 1208 771 studebant
1259 725 1314 772 et
1353 717 1699 773 auditoribus
1733 717 2045 772 divinarum

475 809 781 874 gratiarum
812 819 1066 864 auctores
1105 817 1270 879 atque
1302 810 1508 879 pararii
1541 825 1664 865 esse
1696 811 2043 866 videbantur.

477 899 583 954 Sed
618 916 742 954 cum
782 903 1165 972 unusquisque
1208 902 1263 955 in
1298 917 1416 956 eam
1450 913 1657 972 partem
1694 903 1898 958 feratur
1928 918 2049 972 quae

476 991 717 1046 maxime
762 993 1005 1058 arridet,
1046 995 1209 1063 eique
1235 994 1576 1064 voluptatem
1612 995 1790 1058 affert,
1823 995 2050 1049 demon-

476 1084 764 1137 strandum
799 1086 980 1154 potius
1013 1095 1130 1140 erat
1170 1088 1485 1157 quicunque
1515 1088 1732 1142 veritati
1771 1090 2048 1142 contraria

477 1175 758 1238 sentiunt,
795 1183 846 1230 et
887 1176 1046 1232 malis
1081 1179 1459 1248 voluptatibus
1492 1179 1897 1244 succumbunt,
1933 1181 2051 1235 bel-

477 1263 588 1315 lum
635 1265 720 1318 eis
774 1265 1020 1321 indicere
1065 1268 1157 1337 qui
1212 1284 1242 1322 a
1294 1268 1459 1324 rebus
1505 1270 1857 1324 suavissimis
1904 1270 2052 1339 ipsos

476 1355 741 1411 avellunt.
787 1358 897 1414 Nec
947 1361 1092 1416 enim
1148 1362 1480 1431 voluptariis
1521 1362 1838 1416 hominibus
1895 1372 2049 1432 grata

477 1456 608 1502 sunt
658 1467 781 1520 qua:
830 1467 898 1507 co
943 1462 1197 1522 spectant
1243 1455 1472 1510 monita.
1520 1453 1850 1511 Necessario
1886 1455 2053 1524 igitur

477 1543 879 1600 ostendendum
926 1559 1042 1602 erat
1082 1547 1197 1602 fore
1245 1549 1338 1617 qui
1380 1557 1637 1618 tanquam
1683 1547 2051 1604 infensissimi

480 1634 668 1691 hostes
713 1651 1197 1708 persequerentur,
1233 1649 1287 1695 et
1319 1642 1504 1711 plagas
1544 1640 1856 1707 inferrent,
1893 1653 2054 1712 atque

479 1739 642 1781 omne
675 1731 1040 1784 tentationum
1073 1748 1246 1800 genus
1275 1733 1672 1803 cxcogitarent.
1703 1734 1862 1804 θοι
1894 1733 2050 1790 Virili

481 1817 667 1885 itaque
707 1819 894 1874 animo
929 1821 1181 1878 Christus
1223 1837 1317 1878 eos
1356 1838 1481 1879 esse
1510 1823 1690 1893 jubet,
1723 1841 1831 1879 non
1864 1826 2052 1880 celans

2149 632 2242 686 τοῦ
2297 632 2586 686 διώκεσθαι
2626 631 3046 704 περιπεσοῦνται
3097 630 3309 692 δεινοῖς·
3355 627 3470 682 ἀλλ’
3516 625 3587 699 ἦν
3639 628 3727 699 δή-

2149 741 2251 776 που
2286 725 2382 776 καὶ
2415 724 2558 794 μάλα
2595 723 2740 787 είκδς
2771 721 3101 791 λογίζεσθαι,
3125 723 3206 774 ὃτι
3229 719 3323 774 τὸν
3341 719 3482 789 ὑπὲρ
3518 718 3622 788 τῆς
3643 719 3726 772 δύο

2152 815 2245 886 ξης
2277 815 2513 886 Χριστοῦ
2538 815 2845 886 ποιούμενοι
2875 814 3054 883 λόγον,
3095 813 3313 875 πάντως
3339 829 3444 864 που
3473 810 3729 873 πλουσίας

2149 907 2252 977 τῆς
2270 908 2398 978 παρ’
2431 908 2594 960 αὑτοῦ
2630 907 2912 978 μεθέξουσι
2937 905 3170 976 φειδοῦς,
3201 905 3277 968 ὠς
3310 903 3476 974 μηδὲν
3508 903 3644 965 ὅλως
3673 903 3733 956 τὸ

2153 999 2521 1070 παραποδίζον
2571 1000 2801 1070 ὁρᾶσθαι
2863 998 2997 1070 πρὸς
3045 997 3143 1069 τὴν
3193 996 3366 1058 οὓτως
3409 994 3732 1062 άξιάγαστον

2155 1092 2460 1162 προθυμίαν
2513 1093 2711 1156 αὐτῶν,
2777 1091 3003 1161 θορύϐου
3059 1089 3116 1142 δὲ
3175 1087 3374 1151 παντὸς
3419 1087 3515 1140 καὶ
3561 1085 3735 1138 κινδύο

2153 1200 2242 1235 νου
2274 1181 2499 1252 ὁρᾶσθαι
2553 1182 2887 1252 κρείττονας,
2943 1178 3309 1249 ὑπομένοντας
3349 1177 3406 1230 δὲ
3444 1177 3508 1228 τὸ
3554 1175 3732 1245 παρά-

2155 1292 2262 1329 παν
2313 1275 2464 1328 οὐδὲν
2519 1273 2624 1328 τῶν
2674 1275 2774 1327 ὅσα
2828 1272 3036 1342 πέφυκε
3105 1271 3312 1332 λυπεῖν,
3357 1267 3734 1339 ἐντρυφῶντας

2152 1369 2208 1423 δὲ
2241 1369 2442 1439 μᾶλλον
2478 1371 2598 1431 ταῖς
2627 1366 2780 1438 παρὰ
2799 1365 3016 1420 πάντων
3044 1365 3251 1434 τιμαῖς,
3285 1362 3382 1416 an
3418 1361 3484 1432 δὴ
3530 1361 3626 1417 καὶ
3649 1359 3738 1410 τὸν

2156 1462 2421 1532 σωτήριον
2444 1461 2628 1523 αὐτοῖς
2652 1457 3053 1530 πρεσϐεύοντας
3077 1455 3252 1523 λόγον.
3281 1454 3390 1508 Καὶ
3417 1448 3485 1523 ἦν
3519 1451 3618 1522 μὲν
3642 1450 3740 1502 οὐκ

2155 1555 2263 1610 ἀπὸ
2313 1553 2514 1608 σκοποῦ
2541 1551 2636 1606 τοῦ
2684 1551 3004 1623 πρέποντος,
3055 1547 3117 1600 τὸ
3153 1546 3223 1600 τά
3253 1544 3479 1600 τοιαῦτα
3509 1541 3740 1613 προσδορ

2155 1647 2276 1716 κᾷν,
2325 1646 2418 1698 καὶ
2470 1646 2527 1698 ὲν
2571 1640 2782 1703 τούτοις
2812 1635 2950 1692 εἶναι
2981 1637 3187 1706 ζητεῖν,
3226 1637 3350 1697 τοὺς
3391 1634 3444 1687 οῖ
3465 1649 3528 1700 γε
3560 1629 3740 1683 καλεῖν

2157 1736 2544 1799 σπουδάζουσιν
2569 1737 2648 1797 είς
2668 1733 2885 1786 αἰώνιον
2910 1731 3075 1802 ζωὴν,
3105 1727 3355 1799 πρόξενοί
3376 1742 3434 1777 τε
3459 1724 3568 1776 τῶν
3593 1721 3743 1790 παρὰ

2155 1828 2290 1882 Θεοῦ
2321 1827 2674 1900 χαρισμάτων
2702 1827 2814 1887 τοῖς
2836 1822 3208 1894 ἀκροωμένοις
3225 1819 3570 1890 ηύρίσκοντο.
3605 1803 3744 1865 Ἀλλ’

479 1909 623 1975 quod
655 1917 772 1962 erat
805 1923 1152 1979 eventurum,
1193 1915 1286 1970 sed
1318 1930 1382 1970 ex
1422 1932 1488 1970 eo
1531 1917 1680 1986 quod
1721 1917 1877 1985 jubet
1910 1917 2053 1971 virili

2171 1920 2388 1973 ἑκάστου
2417 1921 2514 1988 τῆς
2549 1915 2684 1980 ἰδίας
2710 1914 3080 1985 προαιρέσεως
3105 1910 3202 1981 τὴν
3221 1909 3394 1981 ῥοπὴν
3413 1906 3497 1972 ἐφ’
3528 1905 3667 1973 ὅπερ
3685 1902 3746 1954 ἂν

481 2011 605 2051 esse
647 2001 851 2064 animo,
899 2001 1202 2070 praedicens
1253 2004 1443 2059 adfore
1482 2013 1891 2074 persecutores.
1939 2027 1957 2058 ι
1994 2005 2050 2061 Si

480 2088 626 2142 enim
659 2106 743 2146 me
769 2095 1042 2160 persecuti
1089 2104 1240 2161 sunt,
1267 2096 1465 2166 inquit,
1493 2105 1546 2152 et
1591 2113 1688 2153 vos
1712 2114 2055 2170 persequen-

483 2184 592 2231 tur.
610 2178 807 2246 »Ωιιαεί
835 2182 1076 2238 diceret:
1097 2186 1208 2254 Ego
1232 2185 1474 2241 universi
1500 2186 1705 2256 opifex,
1723 2187 1880 2258 cujus
1900 2196 2056 2258 pote—

485 2270 613 2323 stati
637 2281 834 2327 cuncta
859 2275 1148 2345 subjacent
1173 2291 1513 2347 quaecunque
1537 2279 1590 2332 in
1607 2279 1747 2334 coelo
1766 2289 1819 2334 et
1837 2281 1890 2333 in
1910 2288 2059 2334 terra

483 2370 644 2422 sunt,
678 2362 893 2418 frenum
926 2368 1127 2423 animis
1179 2369 1458 2423 hominum
1508 2385 1615 2424 non
1659 2373 1920 2439 imposui,
1958 2385 2060 2425 nec

485 2454 644 2517 quasi
674 2455 850 2524 plagis
881 2467 935 2512 et
964 2461 1286 2516 verberibus
1325 2462 1639 2516 auditorum
1678 2478 1924 2518 meorum
1960 2464 2063 2518 im-

487 2553 672 2611 petum
705 2549 948 2613 coercui,
969 2549 1066 2605 sed
1089 2551 1363 2621 cujusque
1384 2554 1650 2608 voluntati
1670 2557 1854 2624 potius
1885 2555 2060 2626 quod-

488 2649 706 2705 cunque
737 2637 931 2694 liberet
965 2656 1030 2696 ac
1059 2641 1241 2699 facere
1264 2645 1427 2699 vellet
1454 2645 1700 2714 permisi.
1731 2646 1796 2700 Et
1836 2648 2058 2717 quidem

489 2739 616 2780 cum
677 2732 1120 2799 persecutionem
1177 2743 1431 2802 paterer,
1490 2735 1764 2800 sustinui,
1814 2737 2066 2804 quamvis

492 2819 642 2874 illius
676 2821 989 2878 inhibenda:
1021 2832 1344 2894 potestatem
1379 2826 1662 2881 haberem.
1691 2826 1927 2893 Quando
1972 2845 2062 2883 er-

491 2927 560 2978 go
604 2915 1042 2981 persecutionem
1101 2918 1204 2987 ipsi
1269 2934 1491 2988 quoque
1547 2919 1869 2990 patiemini,
1919 2921 2067 2976 illico

493 3004 790 3060 tolerantes
827 3020 1050 3061 osorum
1087 3009 1453 3073 aversionem,
1493 3024 1594 3064 nec
1628 3010 1698 3065 ob
1727 3025 1919 3066 eorum
1947 3013 2068 3080 qui-

495 3094 600 3148 bus
627 3095 880 3166 ppitulati
912 3096 1128 3153 fueritis
1157 3099 1606 3169 ingratitudinem
1640 3100 1806 3156 nimis
1838 3116 2068 3170 exaspe-

2161 2009 2401 2078 βούλοιτο
2427 2007 2771 2066 διῖθύνοντος,
2791 1998 3234 2073 παρατρέποντος
3262 2014 3322 2049 τε
3347 1995 3484 2065 πρὸς
3506 1993 3568 2045 τὺ
3600 1990 3747 2058 αὺτῷ

2160 2099 2404 2170 θελητὺν,
2435 2101 2526 2150 καὶ
2565 2095 2732 2167 ἡδέως
2769 2111 2885 2157 πως
2912 2092 3051 2162 ἕχον,
3100 2083 3586 2156 ὰναδειχθήσεσθαι
3617 2080 3749 2151 μᾶλσο

2159 2192 2250 2244 λον
2283 2190 2412 2248 ἔδει,
2446 2188 2540 2242 καὶ
2565 2186 2798 2254 τοὺςτῆς
2822 2183 2935 2256 [πο.
2965 2180 3057 2253 τῇ]
3074 2179 3301 2248 ἀληθείᾳ.
3325 2173 3659 2246 φρονοῦντας
3685 2170 3746 2223 τὰ

2162 2281 2402 2343 ἐναντία,
2433 2279 2526 2334 καὶ
2545 2277 2930 2347 νενικημένους
2953 2276 3074 2336 ταῖς
3101 2273 3180 2334 είς
3209 2267 3487 2336 τδφαῦλον
3513 2265 3748 2334 ἡδοναῖς,

2167 2371 2432 2443 μάχεσθαι
2457 2369 2565 2422 δεῖν
2590 2365 2895 2435 ἐγνωκότας
2921 2366 3035 2426 τοῖς
3065 2361 3119 2415 οἵ
3140 2377 3204 2428 γε
3232 2358 3486 2412 καλοῦσιν
3516 2355 3625 2421 ἔξω
3648 2354 3752 2406 τῶν

2162 2465 2395 2535 ἡδίστων
2438 2461 2654 2524 αὐτούς.
2692 2459 2768 2512 Οὐ
2802 2459 2910 2528 γὰρ
2941 2453 3163 2525 θυμῆρη
3207 2455 3318 2514 τοῖς
3355 2447 3664 2518 φιληδόνοις
3690 2445 3754 2498 τὰ

2165 2558 2302 2628 πρὸς
2339 2553 2499 2608 τοῦτο
2543 2553 2807 2623 βλέποντα
2848 2548 3170 2619 μαθήματα.
3215 2541 3324 2596 Ἦν
3375 2538 3466 2594 οὖν
3500 2539 3611 2609 ἄρα
3651 2539 3754 2590 λοι-

2167 2646 2265 2699 πὸν
2319 2643 2568 2713 καθάπερ
2633 2640 2692 2703 ἐξ
2742 2639 2989 2705 ἀνάγκης
3030 2629 3516 2702 άναδειχθήσεσθαι
3584 2643 3756 2697 προτ-

2166 2739 2347 2808 δοκᾷν,
2406 2736 2530 2796 τοὺς
2577 2734 2629 2785 οἵ
2673 2749 2735 2798 γε
2793 2733 2850 2782 ἐν
2905 2728 3054 2792 τάξει
3101 2723 3372 2793 πολεμίων
3432 2719 3752 2788 γεγονότες,

2167 2828 2412 2896 διώξουσί
2477 2843 2534 2878 τε
2592 2824 2686 2878 καὶ
2755 2821 3186 2878 καταικίσονται,
3261 2815 3355 2867 καὶ
3434 2813 3543 2865 πᾶν
3620 2805 3754 2870 sibi;

2167 2923 2510 2990 ὲπινοήσουσι
2586 2914 2926 2985 πειρασμῶν.
2999 2909 3282 2980 Ἀνδρείως
3347 2901 3439 2959 οὖν
3493 2905 3603 2975 ἄρα
3667 2903 3756 2955 καὶ

2169 3010 2305 3080 πρὸς
2338 3008 2494 3060 τοῦτο
2533 3005 2676 3075 ἔχειν
2725 3004 2920 3064 αὐτοὺς
2949 2997 3323 3053 διακελεύεται
3347 2993 3622 3063 Χριστὸς,
3655 2991 3753 3042 οὐκ

2170 3101 2459 3168 ἀποφήσας
2497 3099 2580 3150 ὅτι
2623 3095 2963 3165 συμϐήσεται
2987 3108 2998 3120 ·
3041 3089 3130 3143 διὰ
3173 3088 3230 3141 δὲ
3259 3086 3354 3140 τοῦ
3381 3085 3586 3156 χρῆναι
3621 3083 3753 3153 μᾶλο

497 3186 620 3248 rati,
647 3203 824 3241 meum
845 3189 1159 3245 institutum
1188 3201 1481 3261 sequentes
1503 3206 1602 3262 per
1625 3193 1843 3255 easdem
1878 3195 2066 3248 volun—

2173 3193 2264 3245 λον
2297 3190 2528 3260 δρᾶσθαι
2569 3188 2850 3249 νεανικοὺς
2883 3184 3192 3237 ἐπιτάττειν
3221 3173 3656 3252 προκηρύττων,
3682 3176 3761 3228 ὅτι

2626 3277 2940 3284 __._.
3115 3271 3371 3284 ..-..
3567 3267 3761 3284 ,.ε,

494 3285 634 3332 tates
668 3279 929 3344 incedite,
963 3290 1021 3335 nt
1049 3291 1106 3336 et
1137 3283 1339 3338 similis
1373 3285 1564 3354 gloria:
1595 3283 1720 3339 sitis
1752 3285 2069 3353 participes.

502 3387 520 3418 ι
555 3367 657 3433 Qui
702 3370 846 3423 enim
897 3373 1340 3446 cenipatiuntur,
1383 3384 1438 3428 et
1489 3375 1912 3444 conregnabunt
1948 3377 2068 3428 9’.)

496 3457 630 3513 Cum
664 3473 846 3516 autem
887 3463 1037 3518 addit
1075 3465 1302 3518 tertium
1329 3505 1343 3526 ,
1381 3465 1643 3520 nimirum
1681 3486 1693 3520 :
1735 3486 1750 3517 ι
1781 3465 1836 3519 Si
1867 3482 2075 3522 sermo-

497 3568 618 3608 nem
653 3570 834 3609 mcum
882 3555 1275 3620 servaverunt,
1302 3564 1355 3609 et
1385 3564 1630 3612 vestrum
1668 3559 2008 3620 servabunt,
2053 3577 2071 3609 ι

494 3647 839 3715 despondere
879 3663 974 3704 eos
1027 3651 1212 3703 animo
1267 3664 1374 3704 non
1428 3651 1597 3716 sinit,
1649 3651 1694 3704 si
1742 3649 2078 3720 quandoque

495 3739 801 3794 doctrinam
859 3755 1015 3794 suam
1056 3742 1282 3796 videant
1344 3756 1454 3796 non
1496 3742 1685 3811 recipi.
1723 3741 1879 3808 Quod
1931 3750 2079 3796 recte

495 3833 714 3898 quidem
755 3831 906 3886 facit.
951 3834 1241 3888 Existimat
1279 3834 1426 3888 enim
1476 3835 1567 3902 qui
1614 3835 1680 3886 ad
1731 3835 1780 3886 id
1833 3836 2079 3888 muneris

497 3924 744 3978 delectus
777 3933 862 3978 est
896 3925 1082 3980 irritos
1117 3940 1239 3980 esse
1269 3941 1399 3980 suos
1429 3926 1678 3987 labores,
1722 3926 1828 3982 nisi
1859 3927 2076 3980 audito-

499 4032 592 4072 res
631 4017 1010 4086 obtemperare
1054 4017 1222 4070 velint
1265 4018 1381 4071 suis
1415 4019 1792 4072 sermonibus.
1829 4017 1935 4072 Sed
1968 4031 2078 4072 non

503 4110 578 4162 ita
621 4123 709 4162 res
737 4115 863 4171 est;
901 4121 1060 4163 nemo
1095 4109 1197 4163 hoc
1231 4109 1336 4163 sibi
1373 4110 1726 4178 persuadeat.
1759 4109 1893 4164 Nam
1930 4119 2081 4182 post-

502 4216 667 4270 quam
701 4201 984 4256 consulter
1016 4216 1199 4255 rerum
1241 4200 1456 4254 utilium
1494 4201 1864 4271 cognitionem
1909 4206 2076 4257 semel

502 4294 774 4364 exposuit,
809 4293 953 4363 quod
986 4294 1041 4348 in
1063 4308 1122 4348 se
1149 4301 1269 4347 erat
1294 4291 1556 4364 praestitit
1584 4310 1597 4345 :
1632 4297 1776 4362 quod
1804 4295 2078 4357 reliquum

501 4397 606 4446 est,
641 4388 696 4439 in
727 4385 1007 4440 voluntate
1033 4385 1349 4440 auditorum
1380 4393 1468 4442 est
1499 4387 1766 4456 positum.
1802 4384 1910 4443 Eos
1933 4389 2078 4442 enim

500 4478 570 4537 ad
603 4477 751 4548 quod
782 4478 1017 4548 quisque
1043 4479 1172 4532 velit
1201 4489 1527 4536 convertere
1558 4479 1777 4536 facilius
1807 4487 1893 4535 est
1914 4497 2079 4551 quam

2179 3284 2528 3354 παρέσονται.
2573 3299 2590 3332 ι
2625 3279 2688 3332 Εἰ
2716 3278 2823 3349 γάρ
2853 3277 2974 3346 ἐμὲ,
3005 3275 3190 3344 φησιν,
3218 3271 3464 3337 ἐδίωξαν,
3495 3268 3590 3320 καὶ
3618 3267 3761 3335 ὑμᾶς

2179 3375 2483 3440 διώξουσιν.
2519 3393 2536 3424 ι
2593 3374 2735 3425 Ἴσον
2779 3371 2855 3431 ὡς
2895 3370 2944 3422 εἰ
2975 3368 3159 3435 ἔλεγεν
3183 3383 3196 3397 ·
3250 3363 3392 3432 Ἐγὼ
3430 3361 3539 3415 τῶν
3566 3359 3706 3413 ὅλων
3736 3358 3764 3408 ὁ

2182 3467 2428 3536 ποιητὴς,
2449 3467 2477 3517 ὁ
2506 3464 2682 3517 πάντα
2704 3463 2808 3516 ὑπὸ
2829 3465 2986 3532 χεῖρα
3009 3459 3170 3530 ἔχων,
3194 3457 3261 3512 τά
3286 3473 3344 3509 τε
3369 3457 3426 3508 ἐν
3441 3454 3520 3523 τῷ
3547 3449 3764 3523 οὐρανῷ

2181 3558 2277 3610 καὶ
2309 3557 2376 3610 τὰ
2404 3555 2498 3609 ἐπὶ
2525 3555 2625 3623 τῆς
2652 3554 2777 3622 γῆς,
2804 3555 2863 3606 οὗ
2896 3552 3111 3622 χαλινὸν
3137 3549 3386 3618 ἐπέθηκα
3412 3548 3526 3609 τοῖς
3548 3544 3762 3613 θυμοῖς.

2180 3649 2300 3703 οὐδὲ
2330 3647 2592 3718 καθεῖρξα
2634 3646 2884 3717 καθάπερ
2919 3645 3122 3706 αἰκίαις
3170 3642 3232 3694 τὺ
3281 3640 3515 3694 ἑκάστου
3557 3639 3766 3706 κίνημα

2179 3740 2288 3794 τῶν
2315 3739 2707 3810 ἀκροωμένων,
2741 3737 2924 3806 ὲφῆκα
2953 3736 3010 3788 δὲ
3048 3734 3248 3806 μᾶλλον
3269 3735 3336 3802 τῇ
3373 3732 3609 3785 ἑκάστου
3635 3745 3765 3799 προ·

2182 3834 2390 3903 αιρέσει
2420 3831 2480 3884 τὸ
2519 3829 2737 3884 ἑλέσθαι
2771 3829 2831 3883 τδ
2859 3827 3070 3893 δοκοῦν,
3100 3827 3297 3898 δρᾶααι
3327 3824 3384 3878 δὲ
3418 3825 3447 3876 ὃ
3481 3823 3536 3876 τί
3563 3839 3675 3891 περ
3703 3819 3766 3872 ἂν

2184 3927 2446 3996 βούλοιτο.
2499 3924 2609 3977 Καὶ
2654 3921 2785 3992 γοῦν
2812 3920 3147 3992 διωκόμενος
3181 3916 3548 3989 ἐκαρτέρουν,
3586 3914 3766 3967 καίτοι

2181 4019 2274 4072 τοῦ
2317 4017 2650 4072 διακωλῦσαι
2690 4016 2830 4086 ἔχων
2861 4013 2960 4084 τὴν
3006 4012 3278 4079 ἐξουσίαν.
3314 4012 3486 4064 Ὅταν
3531 4004 3629 4062 οὖν
3662 4008 3766 4076 ἄρα

2183 4111 2454 4183 διώκησθε
2504 4109 2600 4163 καὶ
2665 4107 2820 4161 αὐτοὶ
2871 4103 3364 4175 διακαρτεροῦντες
3423 4099 3766 4170 παραχρῆμα

2183 4204 2280 4275 τὴν
2310 4203 2420 4256 τῶν
2453 4200 2755 4272 μισούντων
2780 4196 3132 4270 ἀποτροπὴν,
3185 4195 3321 4266 μηδὲ
3368 4191 3767 4262 δυσφοροῦντες

2183 4297 2322 4366 ἄγαν
2363 4297 2455 4350 ἐπὶ
2494 4296 2613 4358 ταῖς
2642 4291 2989 4363 ἀχαριστίαις
3027 4289 3138 4342 τῶν
3161 4285 3594 4357 ὠφελουμένων,
3638 4297 3767 4335 κατ-

2183 4389 2308 4442 όπιν
2335 4389 2432 4458 τῆς
2462 4386 2601 4456 ἐμῆς
2633 4386 2800 4447 ἰόντες
2825 4381 3138 4452 οἰκονομίας
3157 4420 3172 4444 ,
3207 4378 3294 4432 διὰ
3327 4377 3437 4430 τῶν
3468 4375 3656 4429 αὐτῶν
3680 4373 3768 4443 Ep-

2184 4481 2343 4552 χεσθε
2399 4479 2754 4550 θελημάτων,
2811 4476 2898 4529 ἵνα
2945 4473 3170 4543 καὶτῆς
3213 4469 3406 4540 ὁμοίας
3457 4467 3767 4538 μετάσχητε

501 4570 567 4625 ad
608 4570 936 4640 obsequium
959 4609 973 4634 ,
1015 4579 1109 4624 aut
1133 4579 1349 4626 contra.
1391 4569 1630 4627 Strenue
1663 4571 1850 4642 itaque
1880 4571 2066 4628 debent

2185 4575 2363 4644 δόξης.
2390 4591 2408 4623 ι
2433 4575 2494 4626 Οἱ
2516 4573 2623 4642 γάρ
2647 4568 3061 4640 συμπάσχοντες
3087 4564 3184 4619 καὶ
3201 4581 3264 4617 συ
3274 4561 3724 4634 μϐασιλεύσουσι,
3746 4575 3763 4607 ι

500 4679 687 4718 rerum
723 4663 1055 4733 optimarum
1087 4663 1338 4734 magistri
1383 4671 1438 4718 et
1497 4663 1590 4734 qui
1628 4678 1753 4718 cum
1791 4663 1894 4718 fide
1921 4664 2083 4734 perii»

501 4769 628 4809 cere
661 4769 823 4823 posse
853 4753 1104 4808 tribuunt
1135 4769 1257 4824 quae
1285 4754 1423 4810 alias
1452 4771 1562 4808 non
1598 4770 1898 4825 possumus
1928 4770 2082 4810 asse-

503 4848 597 4917 qui
625 4889 640 4913 ,
674 4849 837 4902 etiam
861 4845 1170 4917 desperatis
1194 4847 1504 4902 doctrinam
1535 4863 1640 4918 qua
1671 4848 1853 4918 juvari
1879 4859 2082 4918 queant

505 4943 752 4998 inserere
786 4942 990 4994 virtute
1035 4941 1236 4993 divina.
1286 4940 1440 5005 Quod
1470 4941 1691 5010 quidem
1729 4939 1933 4995 factum
1965 4941 2082 4995 sive

503 5043 650 5090 recte
683 5035 1070 5089 adumbratum
1103 5033 1157 5086 in
1195 5033 1286 5086 illa
1317 5032 1708 5088 distributione
1737 5035 2076 5089 talentorum

503 5128 926 5196 comperiemus.
958 5123 1059 5178 llic
1087 5123 1232 5178 enim
1260 5125 1447 5178 decem
1476 5127 1756 5194 accepisse
1780 5124 2079 5194 reperitur,

505 5219 593 5273 ille
623 5219 865 5288 quinque
887 5259 901 5284 ,
951 5217 1096 5271 alius
1134 5226 1319 5269 autem
1364 5215 1474 5269 duo
1496 5259 1509 5281 ,
1557 5224 1609 5270 et
1641 5216 1785 5271 alius
1817 5225 2079 5285 praeterea

505 5325 710 5373 unum,
753 5311 848 5379 qui
883 5317 1253 5364 mercaturam
1295 5307 1478 5362 facere
1530 5324 1768 5363 renuens
1813 5310 2078 5363 talentum

504 5400 656 5452 humi
686 5399 897 5453 infodit.
922 5399 1267 5468 Proindcque
1293 5398 1482 5454 audit:
1520 5419 1538 5450 ι
1571 5400 1741 5455 Serve
1764 5415 1998 5470 nequam
2029 5409 2082 5455 et

504 5493 683 5563 piger,
699 5493 943 5561 oportuit
961 5500 1014 5546 te
1039 5493 1378 5548 committere
1401 5494 1687 5563 pecuniam
1709 5509 1883 5549 meam
1917 5510 2080 5548 num—

505 5583 757 5639 mulariis
781 5625 797 5649 ,
827 5591 883 5638 et
913 5584 1140 5638 veniens
1185 5600 1287 5655 ego
1324 5586 1663 5655 recepissem
1699 5586 1895 5656 utique
1933 5587 2080 5656 quod

505 5689 686 5739 meum
734 5683 854 5739 est,
897 5687 1020 5727 cum
1074 5687 1239 5730 usura
1272 5679 1308 5729 ⁸.
1346 5696 1364 5729 ι
1413 5677 1892 5745 Quemadmodum
1933 5677 2079 5734 enim

576 5857 618 5888 ”
643 5855 687 5918 II
715 5857 858 5918 Tim.
887 5874 946 5926 ιι,
983 5859 1070 5914 ti.
1166 5860 1182 5890 ¹
1207 5857 1394 5913 Matth.
1432 5873 1560 5923 xxv,
1584 5854 1678 5909 96.

2186 4666 2454 4740 [lpos-Gai;
2500 4664 2556 4716 δὲ
2591 4664 2687 4716 καὶ
2720 4662 2903 4733 τρίτον
2925 4699 2939 4723 ,
2981 4678 2999 4711 ι
3031 4659 3095 4712 El
3119 4657 3212 4710 τὸν
3239 4655 3398 4724 λόγον
3432 4671 3537 4724 μου
3571 4652 3770 4719 ὲτήρη-
3851 4689 3856 4694 .

2190 4775 2289 4812 σαν
2309 4799 2323 4819 ,
2365 4756 2462 4809 καὶ
2508 4755 2598 4808 τὸν
2627 4755 2894 4825 ὑμέτερον
2923 4753 3282 4822 τηρήσουσιν,
3313 4766 3332 4800 ι
3370 4745 3596 4814 ἀθύμως
3626 4743 3771 4811 ἔχειν

2184 4849 2288 4901 οὐκ
2321 4847 2386 4918 ἐᾷ
2435 4845 2510 4916 μὴ
2564 4842 2994 4915 παραδεχθείσης
3045 4837 3230 4893 αὐτῶν
3273 4837 3370 4906 τῆς
3415 4831 3770 4892 διδασκαλίας

2186 4940 2298 4994 ἐσθ’
2329 4941 2438 4994 ὅτε.
2485 4939 2638 4991 Ποιεῖ
2679 4936 2736 4990 δὲ
2775 4935 2980 5006 σφόδρα
3023 4933 3116 4986 καὶ
3158 4929 3318 4984 τοῦτο
3345 4927 3547 4990 καλῶς.
3584 4926 3768 4979 Οἰεται

2190 5031 2290 5100 μὲν
2319 5031 2428 5099 γὰρ
2459 5031 2486 5082 ὁ
2521 5029 2657 5098 πρὸς
2685 5026 2844 5080 τοῦτο
2878 5019 3418 5094 προκεχειρισμένος,
3451 5019 3537 5071 ὅτι
3592 5017 3770 5069 πόνων

2188 5122 2397 5190 ὑπέστη
2435 5120 2666 5190 ζημίαν,
2698 5120 2745 5171 εἰ
2778 5117 2850 5188 μὴ
2882 5114 3157 5186 βούλοιντὸ
3191 5129 3336 5175 τινες
3363 5112 3476 5173 τοῖς
3516 5110 3648 5178 παρ’
3673 5107 3771 5160 αὖα

2186 5214 2282 5268 τοῦ
2315 5211 2599 5266 πείθεσθαι
2631 5211 2808 5277 λόγοις
2836 5225 2849 5239 ·
2881 5208 2942 5260 τὸ
2963 5207 3020 5261 δὲ
3039 5206 3137 5277 οὐχ
3170 5203 3341 5266 οὓτως
3373 5201 3518 5271 ἔχει⁹
3559 5199 3636 5271 μὴ
3664 5196 3774 5266 γὰρ

2182 5310 2246 5380 δή
2273 5324 2356 5370 τις
2381 5305 2574 5360 οἰέσθω
2605 5303 2783 5356 ποθέν.
2833 5298 3084 5370 Εἰρηκὼς
3113 5298 3222 5368 γὰρ
3252 5293 3401 5359 ἅπαξ
3430 5293 3526 5348 καὶ
3555 5291 3655 5361 τὴν
3680 5287 3772 5380 tot}

2189 5377 2564 5471 συμφέροντος
2589 5395 2790 5466 γνῶσιν
2819 5395 2847 5446 ὁ
2879 5391 3180 5462 σύμϐουλος
3212 5386 3497 5459 παραθεὶς,
3534 5385 3679 5454 ὅπερ
3706 5377 3773 5452 ἦν

2189 5495 2248 5547 έν
2279 5491 2426 5562 αὐτῷ
2452 5489 2610 5544 τοῦτο
2653 5489 2748 5542 καὶ
2777 5486 3025 5558 δέδρακε·
3068 5483 3310 5537 κείσεται
3353 5479 3540 5534 λοιπὸν
3564 5480 3626 5530 ὲν
3647 5477 3770 5533 ταῖς

2193 5585 2304 5639 τῶν
2339 5582 2703 5655 ἀκροωμένων
2736 5579 3003 5650 γνώμαις.
3060 5574 3376 5648 Τραπέσθαι
3415 5571 3523 5642 γάρ
3565 5568 3770 5629 αὐτοὺς

2189 5679 2274 5748 ἐφ’
2303 5679 2440 5748 ὅπερ
2463 5675 2693 5738 ἕκαστος
2719 5674 2889 5727 ἐθέλει
2923 5671 3102 5743 ῥάδιον
3131 5671 3164 5740 ἡ
3196 5667 3309 5739 [γρ.
3329 5665 3388 5737 ἢ]
3424 5663 3557 5733 πρὸς
3580 5657 3772 5714 εὐπεί-
