4024 6262
279 381 380 440 405

1269 373 1336 426 IN
1374 371 1657 427 JOANNIS
1693 369 2140 427 EVANGELIUM
2181 371 2307 426 LIB.
2351 371 2419 426 X.

3397 363 3502 418 406

280 495 448 560 θειαν,
479 493 587 564 ἢτὸ
613 489 864 544 ἐναντίον.
913 488 1030 540 Οὐκ
1061 487 1397 557 ἀποκνητέον
1439 483 1531 541 οὖν
1562 488 1669 556 ἀρα
1713 487 1825 546 τοῖς

1945 486 2204 554 igricolae,
2235 495 2379 538 terra
2410 489 2592 535 aratro
2623 477 2901 548 proscissa
2955 475 3208 544 factaque
3236 481 3501 536 semente,

279 585 385 637 τῶν
404 583 630 654 ἀρίστων
650 579 987 649 είσηγηταῖς,
1010 578 1072 631 τὸ
1093 577 1186 630 καὶ
1207 577 1550 645 ἀπεγνωκόσι
1579 577 1669 631 τὸν
1688 577 1828 646 ὠφε-

1931 590 2040 629 non
2072 576 2186 642 jam
2215 589 2328 628 suae
2360 571 2569 642 peritia:
2600 570 2806 638 reliqua
2847 565 3132 628 tribuunt,
3169 562 3264 618 sed
3303 561 3503 616 divina:

281 672 389 725 λεῖν
416 653 698 741 δυνάμενον
725 669 1028 740 ἐνσπείρειν
1053 668 1210 737 λόγον
1237 671 1303 739 τῇ
1328 669 1450 738 θείᾳ
1465 668 1712 738 δυνάμει,
1739 669 1831 721 καὶ

1945 666 2192 734 potestati
2222 664 2536 733 relinquunt
2556 661 2738 731 potius
2764 658 3045 726 etgratiaa,
3064 669 3260 724 nempe
3290 653 3502 709 semina

208 779 220 790 δ
280 763 344 816 τὰ
361 765 486 833 ἡμῖν
504 762 599 814 οὐκ
622 759 818 833 ἐφικτά
836 759 1097 813 δύνασθαι
1115 759 1412 828 κατορθοῦν
1432 759 1571 830 μετά
1597 759 1831 823 πίστεως

277 852 652 920 ἀπονέμουσιν,
689 851 717 902 6
742 848 807 920 δὴ
837 849 932 902 καὶ
963 849 1204 916 γεγονὸς,
1233 849 1356 919 ἦτοι
1388 848 1568 910 καλῶς
1589 848 1832 917 ἐσχημα-

273 940 518 1006 τισμένον
551 940 646 992 καὶ
678 942 736 993 ἐν
764 941 885 1002 ταῖς
909 938 1018 991 τῶν
1043 939 1322 992 ταλάντων
1355 938 1637 1008 διανομαῖς
1672 936 1838 1008 εύρήο
1889 940 1892 943 ’

278 1047 450 1098 σομεν.
488 1031 546 1082 '0
571 1030 671 1099 μὲν
695 1030 803 1101 γὰρ
821 1029 1131 1099 εὑρίσκεται
1148 1029 1280 1081 δέκα
1299 1028 1500 1091 λαϐὼν,
1520 1029 1550 1080 6
1581 1027 1639 1080 δὲ
1656 1027 1835 1091 πέντε,

271 1125 299 1175 6
328 1122 382 1175 δὲ
412 1121 531 1185 δύο,
561 1123 656 1174 καὶ
689 1122 826 1193 πρὸς
859 1122 1067 1196 τούτοις
1097 1121 1174 1176 ἔτι
1204 1123 1266 1175 τὸ
1300 1122 1388 1185 ἓν,
1425 1122 1484 1185 ὃς
1516 1122 1578 1190 δὴ
1613 1123 1706 1175 καὶ
1739 1123 1839 1192 έμ-

274 1211 639 1280 πορεύσασθαι
662 1211 1123 1283 παραιτούμενος,
1145 1213 1424 1282 κατέχωσε
1451 1214 1546 1283 μὲν
1572 1213 1633 1266 τὸ
1651 1213 1842 1266 τάλαν-

270 1319 360 1355 τον
395 1304 472 1364 είς
518 1303 616 1374 τὴν
659 1305 781 1372 γῆν.
837 1303 1074 1356 Ἤκουσε
1119 1302 1176 1356 δὲ
1216 1304 1304 1356 διὰ
1354 1303 1547 1356 τοῦτο’
1584 1322 1600 1353 ι
1629 1303 1840 1372 Πονηρὲ

271 1388 421 1442 δοῦλε
469 1391 561 1442 καὶ
606 1392 836 1461 όκνηρέ,
878 1391 986 1444 ἔδει
1017 1407 1075 1443 σε
1120 1390 1301 1460 βαλεῖν
1341 1390 1402 1443 τὸ
1443 1391 1705 1461 ἀργύριόν
1740 1410 1840 1462 μου

271 1483 381 1544 τοῖς
429 1482 819 1551 τραπεζίταις,
887 1481 1043 1550 κάγὼ
1085 1480 1252 1534 ἐλθὼν
1287 1481 1628 1552 ἐκομισάμην
1675 1481 1741 1536 ἂν
1783 1484 1843 1536 τὸ

269 1570 401 1640 ἐμὸν
433 1573 529 1624 σὺν
553 1573 717 1643 τόκῳ.
747 1593 764 1624 ι
795 1573 1003 1643 Ὃνπερ
1030 1572 1140 1642 γὰρ
1169 1572 1366 1642 τρόπον
1395 1573 1444 1624 οἱ
1473 1573 1609 1642 πρὸς
1645 1572 1714 1625 τὰ
1744 1573 1843 1644 τῆς

271 1662 536 1730 γηπονίας
583 1662 720 1733 ἔργα
761 1665 1227 1734 γεγυμνασμένοι,
1273 1663 1365 1716 καὶ
1402 1664 1590 1717 τοῦτον
1627 1663 1843 1734 ἔχοντες

271 1749 361 1800 τὸν
415 1752 654 1814 σκοπὸν,
704 1753 1091 1822 ἀνατέμνοντες
1135 1755 1244 1814 τοῖς
1290 1753 1540 1822 ἀρότροις
1581 1752 1679 1823 τὴν
1719 1755 1840 1824 γῆν,

271 1835 388 1891 εἷτα
429 1841 507 1911 τῷ
546 1842 701 1912 βώλῳ
731 1843 820 1896 τὸν
870 1843 1065 1914 σπόρον
1091 1841 1462 1912 ἐγχώσαντες,
1504 1844 1692 1897 οὐκέτι
1723 1847 1842 1907 ταῖς

270 1933 480 1985 ἑαυτῶν
515 1935 834 2005 ἐμπειρίαις
861 1935 1194 2004 ἀπονέμουσι
1228 1935 1296 1987 τά
1334 1935 1516 1998 λοιπὰ,
1546 1938 1612 2006 τῇ
1641 1935 1696 1989 δὲ
1724 1935 1845 2007 θεία

271 2023 468 2092 μᾶλλον
513 2027 880 2098 ἐπιτρέπουσι
903 2027 1128 2097 δυνάμει
1162 2029 1258 2080 καὶ
1289 2029 1502 2098 χάριτι,
1533 2028 1594 2080 τὸ
1619 2027 1844 2098 ῥιζῶσαι

267 2131 404 2184 φημι
434 2115 494 2168 1:6
544 2117 881 2186 καταϐληθὲν
914 2117 1008 2170 καὶ
1048 2119 1131 2180 είς
1161 2118 1372 2187 καρπὸν
1414 2101 1714 2188 ἀναθρέψαι
1754 2119 1846 2171 τὸν

268 2205 482 2259 τέλειον·
503 2207 685 2272 οὕτως
706 2204 857 2278 οἶμαι
874 2208 982 2260 δεῖν
1003 2207 1092 2261 τὸν
1107 2208 1217 2262 τῶν
1243 2208 1530 2278 βελτίστων
1550 2211 1846 2281 εἰσηγητὴν

266 2294 547 2365 διανέμειν
577 2298 752 2366 μόνως
781 2299 871 2350 τὸν
909 2299 1086 2367 λόγον,
1120 2299 1329 2366 ἐφεῖναί
1353 2316 1415 2367 γε
1457 2299 1563 2368 μὴν
1587 2301 1655 2353 τὰ
1685 2300 1844 2354 λοιπά

268 2385 343 2454 τῷ
363 2387 499 2456 Θεῷ.
535 2390 833 2459 Φάρμακον
862 2387 954 2444 οῦν
976 2390 1084 2460 ἀρα
1118 2390 1480 2460 μικροψυχίας
1508 2408 1566 2444 τε
1599 2393 1692 2445 καὶ
1712 2394 1847 2463 ἀκη-

269 2476 381 2537 δίας
411 2479 638 2533 λυτικὸν
668 2482 863 2549 ἐπάγει
898 2485 1012 2543 τοῖς
1049 2482 1241 2534 ἐαυτοῦ
1279 2482 1547 2552 μαθηταῖς
1570 2485 1597 2536 ό
1632 2485 1842 2553 Σωτὴρ,

272 2569 359 2619 καὶ
385 2569 481 2639 τὴν
512 2571 616 2622 ἐπὶ
643 2571 818 2642 τούτῳ
841 2573 1183 2643 παραίνεσιν.
1206 2573 1296 2641 Μὴ
1323 2572 1431 2642 γὰρ
1455 2574 1519 2643 δὴ
1543 2579 1842 2640 κατοκνεῖν,

276 2659 458 2727 φησὶν,
504 2660 702 2713 ἔλεσθέ
742 2679 871 2714 ποτε
909 2663 1181 2716 διδάσκειν
1212 2663 1291 2716 ἔτι
1315 2704 1328 2727 ,
1365 2664 1457 2716 καὶ
1490 2666 1538 2716 εί
1562 2665 1669 2717 τῶν
1699 2665 1847 2731 ἅπαξ

276 2751 746 2819 νενουθετημένων
789 2754 932 2829 τινὲς
973 2755 1162 2808 οὐδένα
1203 2757 1436 2807 ποιοῖντο
1463 2757 1559 2826 τῆς
1595 2756 1845 2830 δοθείσης

273 2839 448 2904 αὐτοῖς
472 2842 828 2906 διδασκαλίας
856 2844 946 2898 τὸν
969 2844 1120 2912 λόγον
1145 2860 1158 2872 ·
1189 2845 1299 2898 ἀπα
1309 2846 1594 2916 ραδέκτους
1618 2848 1672 2899 δὲ
1695 2849 1846 2921 παρά

276 2931 485 2994 πολλοῖς
542 2933 636 2985 καὶ
677 2934 774 2996 τὰς
824 2933 963 3004 ἐμὰς
994 2935 1103 2988 ἔσθ’
1137 2935 1224 2987 ὅτε
1262 2937 1442 3003 φωνὰς
1477 2937 1843 3006 εὑρίσκοντες,

278 3017 350 3085 μὴ
375 3020 474 3088 τῆς
497 3022 642 3090 ἐμῆς
663 3023 1044 3092 ὑπερτείνεσθε
1065 3023 1240 3092 δόξης,
1267 3026 1370 3076 κάν
1400 3025 1574 3096 τούτῳ
1599 3027 1657 3080 δέ
1687 3029 1846 3082 πάλιν

276 3108 506 3160 κατόπιν
541 3109 808 3177 μένοντες,
825 3111 887 3164 τὸ
909 3111 1071 3164 δυσθυ
1081 3116 1201 3180 μεῖν
1221 3115 1634 3184 ἀποπέμπεσθε.
1654 3119 1844 3187 Ἀναγ-

277 3200 538 3269 καιοτάτη
581 3200 637 3253 δὲ
684 3201 887 3255 τούτων
916 3206 946 3272 ή
980 3202 1214 3273 μάθησις
1241 3199 1308 3274 ἦν
1353 3208 1465 3268 τοῖς
1513 3207 1689 3274 ἁγίοις
1717 3211 1852 3262 ἀπο-

281 3289 520 3355 στόλοις,
593 3293 823 3363 ἐπείπερ
868 3292 1089 3364 ἔμελλον
1133 3294 1481 3366 διακηρύξειν
1521 3301 1636 3362 τοῖς
1682 3301 1853 3354 ἀπαν-

279 3381 420 3449 ταχῆ
451 3381 540 3432 τὸν
570 3380 712 3436 θεῖόν
755 3400 813 3434 τε
859 3385 951 3436 καὶ
984 3387 1247 3456 σωτήριον
1278 3386 1453 3452 λόγον.
1524 3391 1633 3442 Καὶ
1667 3391 1798 3458 γοῦν
1823 3394 1853 3446 6

281 3469 570 3536 θεσπέσιος
594 3474 807 3537 Παῦλος
826 3517 840 3539 ,
883 3477 978 3529 ἆτε
1011 3475 1074 3546 δὴ
1104 3477 1238 3546 πρὸς
1268 3461 1573 3550 ἀποστολὴν
1599 3482 1686 3536 διὰ
1717 3485 1852 3556 Χρι-

284 3561 413 3614 στοῦ
466 3566 994 3634 προκεχειρισμένος,
1024 3567 1259 3631 τοιοῦτός
1309 3587 1392 3634 τις
1440 3573 1572 3641 ἡμῖν
1617 3576 1855 3642 γεγονὼς

285 3655 641 3720 κατεφαίνετο
662 3696 676 3716 ,
721 3657 814 3709 καὶ
839 3657 927 3709 διὰ
949 3659 1045 3727 τῆς
1089 3660 1148 3710 ἐν
1179 3659 1386 3724 τούτοις
1419 3661 1667 3732 ἀνδρείας
1701 3667 1857 3736 ἐρχό-

295 3759 459 3812 μενος
484 3746 672 3814 ὁρᾶται
703 3746 979 3808 πολλάκις.
1010 3748 1133 3800 ’Ὀτι
1160 3749 1266 3822 γὰρ
1296 3751 1390 3802 καὶ
1419 3751 1720 3819 φιλοδοξίας
1753 3772 1853 3808 κα-

291 3838 582 3902 ταφρονεῖν
601 3837 738 3906 ᾤετο
762 3838 890 3899 δεῖν,
918 3838 1131 3906 άλογεῖν
1151 3839 1206 3891 δὲ
1230 3841 1431 3912 σφόδρα
1458 3843 1554 3895 καὶ
1579 3843 1854 3916 διωγμῶν,

293 3925 531 3978 ἐποιεῖτο
572 3927 627 3979 δέ
660 3929 788 3998 περὶ
815 3926 1008 3981 πολλοῦ
1030 3967 1044 3992 ,
1098 3929 1191 3981 καὶ
1219 3929 1280 3982 τὸ
1318 3932 1392 4001 μὴ
1433 3931 1553 3984 λίαν
1581 3934 1857 4002 έκκακεῖν,

293 4014 391 4067 καὶ
423 4013 478 4066 εἴ
505 4017 603 4068 πού
638 4033 779 4079 τινες
813 4018 948 4080 ὅλως
976 4018 1066 4071 τὸν
1094 4017 1239 4084 ama
1269 4021 1452 4085 αὐτοῖς
1484 4023 1859 4098 ἐγκατεσπαρ-

292 4107 458 4176 μένον
491 4110 548 4161 ού
586 4109 950 4180 παρεδέξαντο
981 4113 1155 4180 λόγον,
1185 4114 1368 4184 ῥᾴδιον
1399 4116 1685 4183 ἐπιδεῖξαι.
1720 4122 1861 4194 Γρά-

290 4215 381 4266 φει
409 4200 517 4270 γὰρ
543 4201 678 4272 πρός
707 4218 882 4266 τινας·
940 4221 958 4252 ‹
999 4202 1187 4272 Ὑμεῖς
1230 4205 1481 4274 φρόνιμοι
1530 4208 1590 4260 ἐν
1615 4211 1859 4281 Χριστῷ,

1933 766 2091 813 ωτι-ω
2117 757 2373 811 mandata
2401 754 2672 819 radicare,
2696 751 2859 822 902
2888 758 2941 804 et
2971 750 3024 804 in
3061 748 3358 820 perfectam
3386 745 3501 799 f-ru-

1932 865 2053 921 gem
2079 849 2316 904 educare
2359 867 2373 903 :
2424 848 2504 902 sic
2540 845 2778 900 arbitror
2816 858 2999 898 rerum
3030 842 3296 896 bonarum
3324 837 3502 907 magi-

1935 954 2109 998 strum
2130 941 2436 995 doctrinam
2463 937 2728 992 duntaxat
2755 933 3024 1004 impertiri
3053 933 3272 994 debere,
3305 938 3503 984 caetera

1935 1047 2065 1088 vero
2097 1031 2208 1086 Deo
2247 1030 2580 1098 relinquere.
2621 1026 2941 1082 Remedium
2990 1025 3177 1092 itaque
3226 1022 3504 1088 solvenda:

1939 1122 2378 1196 pusillanimitati
2410 1129 2465 1176 et
2498 1120 2732 1191 pigritiae
2773 1117 3211 1172 adhortationem
3257 1113 3501 1167 adbibet.

1937 1213 2016 1270 Ne
2052 1213 2358 1285 gravemini
2387 1211 2610 1281 quippe,
2642 1210 2738 1272 ait,
2771 1222 2937 1278 porro
2964 1207 3182 1268 docere,
3213 1205 3344 1258 licet
3375 1204 3503 1274 qui-

1940 1307 2061 1360 dam
2091 1304 2259 1360 semel
2295 1302 2562 1356 admoniti
2589 1300 2895 1355 doctrinam
2928 1298 3033 1353 sibi
3071 1295 3326 1350 traditam
3368 1308 3506 1346 con-

1940 1404 2225 1460 temnant;
2273 1393 2368 1449 sed
2415 1406 2540 1446 cum
2586 1404 2736 1444 meas
2781 1403 3001 1458 quoque
3031 1401 3195 1441 voces
3242 1399 3272 1438 a
3318 1384 3506 1438 multis

1941 1483 2269 1554 quandoque
2293 1480 2612 1552 repudiatas
2642 1479 2908 1539 cernatis,
2936 1478 3106 1531 nolite
3134 1489 3300 1545 supra
3329 1489 3506 1528 meam

1941 1577 2168 1648 gloriam
2198 1573 2378 1630 efferri
2399 1614 2414 1638 ,
2437 1573 2543 1630 sed
2577 1574 2632 1627 in
2678 1573 2784 1626 hoc
2817 1586 3014 1624 rursus
3047 1584 3188 1638 pone
3221 1582 3509 1622 remanen-

1942 1678 2042 1732 tes,
2089 1668 2329 1722 animum
2370 1681 2437 1720 ne
2475 1662 2890 1733 despondeatis.
2925 1661 3038 1714 Iloc
3077 1670 3260 1714 autem
3297 1660 3510 1714 discere

1944 1761 2099 1816 valde
2126 1759 2500 1814 necessarium
2533 1763 2650 1811 erat
2680 1755 2891 1810 sanctis
2919 1752 3186 1822 apostolis
3207 1791 3223 1817 ,
3257 1751 3388 1820 quia
3415 1765 3512 1819 per

1947 1849 2260 1903 universum
2300 1847 2489 1901 orbem
2529 1844 2852 1898 constitutis
2898 1841 3214 1896 hominibus
3263 1839 3510 1892 divinum

1945 1949 1998 1997 et
2045 1941 2344 1998 salutarem
2397 1951 2708 1994 sermonem
2765 1935 3064 2005 praedicare
3109 1931 3397 1986 debebant.
3447 1927 3513 1981 Et

1945 2031 2168 2103 quidem
2221 2030 2442 2084 divinus
2483 2027 2708 2090 Paulus,
2738 2033 2926 2094 utpote
2979 2039 3073 2093 per
3124 2021 3404 2076 Christum
3444 2020 3512 2072 ad

1945 2121 2309 2191 apostolatum
2346 2119 2579 2181 electus,
2614 2115 2742 2169 talis
2775 2114 2936 2168 nobis
2967 2113 3117 2166 visus
3161 2119 3263 2172 est,
3296 2125 3359 2163 ac
3398 2110 3513 2178 pari

1945 2213 2113 2267 animi
2145 2212 2348 2266 virtute
2396 2211 2659 2279 praeditus
2697 2221 2840 2275 smpe
2880 2205 3149 2259 cernitur.
3181 2201 3338 2267 Quod
3367 2203 3512 2254 enim

1946 2306 2164 2359 inanem
2193 2303 2423 2372 gloriam
2454 2298 2911 2354 contemnendam
2945 2304 3200 2364 putaret,
3249 2303 3299 2348 et
3331 2308 3515 2362 perse-

1947 2395 2202 2450 cutiones
2228 2393 2385 2446 nihili
2411 2389 2712 2452 faciendas,
2751 2403 2926 2456 neque
2953 2385 3231 2439 ferendqu
3262 2383 3516 2437 acerbius

1945 2488 1988 2542 si
2017 2487 2108 2556 qui
2141 2484 2327 2539 forsan
2361 2482 2466 2537 sibi
2498 2481 2804 2548 dispersum
2835 2491 3142 2532 sermonem
3177 2490 3284 2528 non
3321 2487 3508 2528 susce-

1944 2579 2196 2647 pissent,
2230 2574 2391 2627 facile
2420 2580 2503 2626 est
2537 2569 2853 2625 ostendere.
2890 2566 3098 2619 Scribit
3127 2565 3272 2619 enim
3313 2563 3378 2616 ad
3416 2563 3516 2615 ali-

1943 2685 2120 2741 quos:
2156 2689 2174 2720 ‹
2204 2669 2314 2722 Vos
2345 2666 2638 2736 prudentes
2664 2664 2718 2716 in
2751 2662 2995 2724 Christo,
3020 2672 3119 2713 nos
3145 2663 3326 2710 autem
3358 2654 3514 2709 stulti

1946 2768 2167 2831 pr0pter
2196 2757 2478 2812 Christum
2515 2773 2528 2808 :
2563 2766 2663 2806 nos
2694 2749 2895 2825 infirmi
2923 2789 2938 2814 ,
2965 2761 3061 2800 vos
3088 2752 3269 2798 autem
3298 2741 3469 2796 fortes
3502 2760 3514 2794 :

1945 2868 2046 2907 nos
2077 2850 2346 2920 ignobiles
2375 2887 2389 2910 ,
2437 2861 2536 2901 vos
2567 2853 2748 2898 autem
2787 2841 3018 2894 nobiles.
3061 2835 3251 2904 Usque
3283 2835 3336 2887 in
3377 2834 3520 2886 hanc

1945 2942 2136 2995 horam
2174 2946 2228 2994 et
2273 2939 2521 2999 sitimus,
2575 2942 2629 2988 et
2668 2932 2945 2987 esurimus
2972 2932 3013 2982 ².
3048 2947 3066 2979 ι
3111 2925 3176 2979 Et
3209 2933 3471 2997 praeterea
3503 2942 3517 2979 :

1950 3052 1968 3084 ι
2015 3031 2298 3099 Tanquam
2326 3034 2709 3096 purgamenta,
2747 3021 2944 3090 inquit,
2975 3018 3140 3086 hujus
3174 3015 3357 3068 mundi
3391 3013 3520 3066 facti

1876 3150 1922 3208 ο
1953 3138 2176 3181 sumus,
2207 3119 2448 3174 onmium
2475 3115 2778 3185 pcripsetna
2810 3127 2982 3180 usque
3021 3109 3194 3163 adhuc
3223 3107 3262 3160 ³.
3298 3124 3317 3156 ›
3355 3102 3521 3158 Vides

1957 3223 2016 3268 ut
2045 3211 2397 3280 Splendorem
2444 3216 2498 3262 et
2539 3206 2765 3275 gloriam
2816 3200 3005 3255 mundi
3052 3205 3276 3267 superet
3306 3203 3524 3264 propter

1952 3305 2159 3361 Christi
2177 3300 2540 3356 mandatum?
2571 3296 2869 3350 Strenuum
2899 3299 3080 3344 autem
3108 3289 3160 3341 in
3183 3283 3523 3356 persecutio-

1954 3385 2116 3452 nibus
2145 3395 2386 3448 animum
2419 3389 2712 3460 praeferens
2742 3385 2920 3438 aiebat
2949 3400 2961 3435 :
3021 3397 3038 3429 ‹
3071 3377 3206 3444 Quis
3239 3390 3339 3430 nos
3370 3388 3526 3442 sepa-

1954 3488 2098 3542 rabit
2132 3501 2162 3539 a
2193 3483 2461 3538 charitate
2489 3476 2732 3534 Christi?
2760 3471 3100 3533 Tribulatio,
3137 3484 3205 3522 an
3235 3465 3487 3537 angustia
3509 3502 3523 3527 ,

1955 3592 2023 3632 an
2054 3585 2361 3648 persecutio
2385 3613 2398 3634 ,
2435 3587 2501 3625 an
2537 3569 2707 3623 fames
2739 3606 2752 3629 ,
2805 3580 2871 3618 an
2906 3561 3127 3616 nuditas
3152 3600 3166 3623 ,
3210 3574 3278 3611 an
3310 3557 3526 3626 pericu-

1957 3646 2105 3734 lum,
2141 3682 2207 3720 an
2249 3661 2548 3736 gladius"?
2586 3679 2602 3711 ›
2644 3656 2783 3722 Quin
2819 3654 2982 3708 etiam
3020 3651 3085 3703 ad
3131 3649 3268 3703 alios
3296 3646 3524 3722 scribit;

1964 3780 1982 3812 ι
2022 3759 2222 3814 Eadem
2255 3755 2410 3810 vobis
2450 3752 2632 3806 dicere
2659 3788 2674 3811 ,
2721 3746 2854 3800 mihi
2881 3741 3102 3813 quidem
3137 3754 3244 3793 non
3277 3739 3526 3809 pigrum,

1958 3852 2116 3906 vobis
2157 3857 2338 3904 autem
2390 3841 2760 3898 necessarium
2789 3837 2831 3892 ⁸.
2872 3855 2889 3888 ι
2943 3833 3051 3888 Sed
3093 3841 3146 3886 et
3189 3831 3254 3884 ad
3306 3827 3528 3883 Galatas

1960 3951 2221 4012 praeterea
2253 3959 2266 3994 :
2314 3957 2332 3990 ι
2365 3935 2542 3989 Filioli
2568 3931 2672 3986 mei
2703 3972 2716 3995 ,
2747 3944 2884 3999 quos
2910 3929 3107 3980 iterum
3139 3921 3404 3992 parturio,
3428 3917 3525 3972 do.

1961 4046 2063 4087 nec
2093 4030 2358 4084 formetur
2382 4024 2634 4080 Christus
2664 4021 2718 4072 in
2747 4018 2902 4072 vobis
2923 4015 2998 4068 ⁸.»
3035 4012 3205 4093 Audis
3235 4025 3342 4080 quo
3368 4015 3528 4078 pacto

1963 4126 2212 4182 eumdem
2248 4121 2476 4190 impigre
2507 4127 2814 4172 sermonem
2844 4109 3078 4178 repetit,
3133 4105 3308 4174 primo
3339 4113 3530 4168 nempe

1964 4233 2076 4272 non
2105 4215 2349 4269 admisso
2377 4253 2392 4273 ,
2438 4220 2491 4265 et
2531 4221 2728 4263 rursus
2756 4205 2894 4257 alios
2926 4200 3196 4271 parturire
3227 4211 3283 4249 se
3307 4195 3405 4258 ait,
3433 4192 3531 4246 do-

287 4293 453 4360 ἡμεῖς
483 4293 537 4345 δὲ
581 4295 753 4364 μωροὶ
795 4294 882 4346 διὰ
912 4294 1170 4366 Χριστόν·
1220 4296 1382 4364 ἡμεῖς
1412 4297 1679 4363 ἀσθενεῖς,
1705 4302 1847 4372 ὑμεῖς

1966 4323 2067 4364 nec
2110 4309 2164 4361 in
2209 4306 2288 4361 eis
2339 4303 2596 4358 formatio
2625 4296 2829 4352 Christi
2856 4291 3182 4349 elucescat?
3216 4288 3408 4342 Sermo
3441 4299 3535 4336 au-

288 4382 346 4434 δὲ
377 4384 620 4454 ἰσχυροίο
657 4387 818 4454 ἡμεῖς
853 4384 1065 4453 ἄτιμοι,
1115 4385 1272 4455 ὑμεῖς
1322 4387 1377 4439 δὲ
1411 4387 1634 4456 ἔνδοξοι.
1696 4395 1862 4465 Ἀχρι

1969 4408 2078 4456 tem
2109 4397 2166 4452 id
2190 4395 2415 4451 omnino
2465 4400 2721 4462 praestat,
2771 4386 3050 4440 auditores
3080 4382 3145 4436 ad
3175 4380 3268 4435 Dei
3298 4391 3535 4432 amorem

286 4474 385 4544 τῆς
414 4474 538 4546 ἄρτι
579 4476 726 4546 ὥρας
759 4476 852 4529 καὶ
899 4475 1204 4544 πεινῶμεν,
1255 4476 1348 4528 καὶ
1392 4478 1656 4550 διψῶμεν.
1691 4501 1710 4534 ι
1759 4487 1846 4540 Κα

1945 4498 2026 4545 'et
2061 4488 2126 4543 ad
2157 4487 2362 4542 Christi
2394 4483 2688 4552 imaginem
2713 4493 2808 4548 per
2837 4476 2994 4530 fidem
3034 4473 3362 4528 reformans.

287 4573 367 4625 ἔτι
393 4570 558 4624 πάλιν
586 4572 680 4624 ἐπὶ
706 4569 914 4632 τούτοις
935 4588 945 4599 ’
988 4588 1006 4619 ⁸
1045 4571 1131 4634 Ὡς
1157 4570 1642 4641 περικαθάρματα,
1710 4583 1893 4648 φησὶν,
1935 4583 2273 4653 ἐγενήθημεν
2293 4578 2384 4631 τοῦ
2407 4576 2634 4646 κόσμου,
2652 4574 2866 4626 πάντων
2885 4569 3169 4640 περίψημα
3221 4565 3325 4625 ἕως
3346 4563 3486 4631 ἄρτι·
3515 4577 3532 4610 ³

299 4667 468 4737 Ὁρᾷς
494 4666 643 4725 ὅπως
667 4659 735 4732 ἦν
768 4662 1016 4722 εὐκλείας
1041 4662 1277 4729 ἀμείνων
1315 4667 1586 4736 κοσμικῆς
1605 4705 1620 4726 ι
1660 4667 1749 4722 διὰ
1768 4672 1864 4743 τὴν
1903 4676 1995 4730 τοῦ
2019 4674 2268 4742 Σωτῆρος
2291 4670 2508 4737 ἐντολήν
2527 4685 2540 4732 ;
2562 4667 2635 4720 Τὸ
2662 4666 2717 4718 δέ
2745 4665 2985 4733 γενναῖον
3010 4663 3066 4713 ἐν
3127 4657 3382 4725 διωγμοῖς
3441 4656 3536 4721 ἐμ-

291 4757 535 4824 φανίζων
569 4755 720 4822 ἔλεγε
745 4769 758 4782 ⁸
797 4772 816 4806 ⁴
850 4753 943 4816 Τίς
971 4753 1116 4822 ἡμᾶς
1136 4753 1359 4823 Χωρίσει
1423 4754 1528 4806 ἀπὸ
1592 4757 1691 4825 τῆς
1743 4761 1961 4836 ἀγάπης
1997 4765 2091 4818 τοῦ
2122 4758 2391 4833 Χριστοῦ;
2441 4757 2628 4828 Θλίψις
2649 4797 2662 4819 ,
2695 4756 2727 4826 ἢ
2757 4751 3113 4821 στενοχωρία.
3141 4749 3174 4817 ἢ
3208 4746 3471 4815 διωγμὸς.
3503 4745 3535 4813 ἦ

289 4849 471 4917 λιμὸς.
498 4847 531 4916 ἢ
563 4845 854 4915 γυμνότης,
887 4846 919 4914 ἢ
955 4845 1214 4908 κίνδυνος,
1239 4843 1270 4913 ἢ
1302 4843 1543 4914 μάχαιρα
1564 4863 1578 4911 ;
1601 4866 1618 4896 ³
1638 4849 1842 4921 Γράφει
1871 4854 1925 4907 δὲ
1951 4857 2042 4909 καὶ
2072 4855 2300 4925 ἑτέροις,
2331 4853 2410 4904 ὅτι
2433 4871 2450 4902 ‹
2475 4851 2555 4904 Τά
2583 4847 2720 4901 αὑτά
2748 4845 2947 4913 λέγειν,
2980 4841 3101 4911 ἐμοὶ
3131 4840 3234 4925 μὲν
3250 4838 3349 4889 οὐκ
3376 4839 3538 4905 ὀκνη-

295 4941 417 5009 ρδνν
461 4941 588 5006 ὑμῖν
641 4938 694 4990 δὲ
747 4935 1005 5002 ἀσφαλές·
1040 4955 1057 5023 ξ
1114 4933 1277 4986 Ἀλλά
1316 4934 1409 4985 καὶ
1475 4933 1742 5000 Γαλάταις
1768 4919 1775 4921 ἡ
1804 4940 1885 4994 ἔτι
1913 4960 1926 4973 ·
1976 4963 1994 4995 ‹
2028 4919 2230 4997 Τεκνία
2265 4958 2365 5011 μου
2417 4938 2510 5002 οὓς
2545 4936 2704 4990 πάλιν
2740 4934 2947 4995 ὠδίνω,
2982 4929 3135 4999 ἄχρις
3179 4919 3239 4979 οὗ
3279 4924 3538 4995 μορφωθῇ

289 5029 530 5102 Χριστὸς
561 5031 615 5080 ἐν
645 5029 792 5096 ὑμῖν.
825 5046 841 5077 ι
888 5020 1131 5089 Ἀκούεις
1157 5026 1305 5088 ὅπως
1328 5023 1630 5078 ἀοκνότατα
1658 5029 1755 5096 μὲν
1778 5032 1867 5086 τὸν
1906 5036 2065 5088 αὐτὸν
2106 5034 2399 5089 ἀνακυκλεῖ
2431 5032 2622 5100 λόγον,
2671 5027 2728 5079 ού
2784 5020 3212 5094 παραδεχθέντος
3279 5018 3385 5086 ἀρα
3446 5016 3538 5066 τοῦ

293 5123 537 5194 πρώτου,
573 5121 666 5172 καὶ
695 5120 752 5170 ἑν
783 5120 978 5190 ἀρχαῖς
1013 5118 1316 5186 γεγονότος,
1351 5117 1446 5170 καὶ
1480 5113 1547 5171 αὖ
1578 5119 1762 5174 ὠδῖναί
1794 5141 1946 5190 τινας
1975 5124 2032 5182 εὖ
2083 5130 2228 5199 μάλα
2262 5128 2424 5198 φησὶν
2445 5165 2459 5189 ,
2492 5125 2648 5194 ἄχρις
2690 5122 2754 5175 ἂν
2818 5121 2873 5170 ἐν
2917 5117 3098 5177 αὐτοῖς
3160 5113 3192 5180 ἡ
3263 5110 3539 5180 μόρφωσις

292 5211 593 5282 ἀναλάμψῃ
638 5208 912 5280 Χριστοῦ;
950 5209 1119 5276 Λόγος
1147 5208 1203 5261 δὲ
1230 5206 1448 5270 πάντως
1512 5209 1540 5260 ὁ
1599 5208 1790 5264 τούτου
1844 5198 2172 5289 δημιουργὸς
2212 5206 2566 5270 ἀναπλάττων
2617 5213 2695 5272 εἰς
2748 5207 3024 5278 φιλοθεῒαν
3082 5201 3176 5254 καὶ
3249 5203 3327 5263 εἰς
3361 5198 3540 5250 εἰκόνα

295 5303 535 5377 Χριστοῦ
557 5302 644 5355 διὰ
667 5302 766 5371 τῆς
796 5300 1031 5362 πίστεως
1069 5301 1194 5361 τοὺς
1225 5298 1637 5370 ἀκροωμένους.

332 5386 334 5388 ’
378 5395 560 5450 Ἀλλὰ
606 5394 791 5447 ταῦτα
833 5392 1030 5445 πάντα
1071 5390 1439 5455 ποιήσουσιν
1486 5391 1630 5459 ὑμῖν
1677 5390 1774 5446 διὰ
1805 5396 1869 5448 τὸ

296 5487 489 5557 ὄνομά
510 5505 651 5556 μου,
687 5485 774 5538 ὅτι
798 5486 908 5538 οὐκ
935 5482 1135 5537 οἴδασι
1163 5481 1268 5534 τὸν
1299 5481 1619 5549 πέμψαντά
1651 5501 1748 5552 με.

369 5577 484 5648 Οὐχ
509 5576 702 5648 ἐτέραν
735 5574 951 5630 ἔσεσθαι
984 5574 1093 5638 τοῖς
1119 5572 1394 5626 δυσσεϐεῖν
1421 5573 1698 5644 ἑλομένοις
1731 5578 1871 5631 κατὰ

2049 5393 2166 5458 XV,
2205 5393 2294 5446 2|.
2339 5392 2442 5447 Sed
2473 5391 2581 5444 ham
2615 5387 2792 5441 omm'a
2825 5384 3016 5452 facient
3049 5382 3189 5434 vobis
3218 5388 3425 5450 propter
3456 5398 3541 5433 no-

1981 5501 2096 5538 men
2130 5500 2330 5546 meum,
2367 5484 2492 5548 quia
2527 5478 2762 5532 nesciunt
2798 5490 2913 5528 eum
2951 5472 3040 5542 qui
3079 5472 3222 5525 misit
3263 5488 3363 5525 me.

2050 5573 2269 5627 Nullum
2305 5573 2470 5625 alium
2507 5571 2575 5623 iis
2605 5568 2698 5638 qui
2735 5567 2787 5619 in
2822 5573 3043 5618 sanctos
3075 5563 3355 5634 apostolos
3380 5559 3540 5632 903

392 5756 409 5784 ²
435 5753 596 5808 ιεοτ.
630 5768 703 5818 tv,
747 5753 824 5816 l0,
862 5751 939 5804 ll.
1018 5751 1035 5779 ³
1060 5750 1194 5803 Ibid.
1233 5752 1314 5804 13.
1409 5751 1425 5776 ⁸
1452 5751 1604 5802 Rom.
1651 5766 1767 5812 vm,
1798 5750 1885 5804 55'.
1972 5749 2243 5816 “Philipp.
2275 5763 2351 5808 IN,
2386 5749 2432 5799 1.
2513 5748 2528 5770 ί
2559 5745 2732 5797 Calai.
2770 5762 2840 5806 tv,
2881 5743 2962 5797 l9.
