4024 6262
473 330 578 387 ut?
1507 329 1565 387 S.
1603 328 1881 386 CYRILLI
1915 323 2384 383 ALEXANDBINI
2421 322 2742 381 ARCHIEP.
3629 323 3725 379 ωε

471 447 642 515 impie
688 445 996 517 grassatori
1034 450 1205 500 erant
1260 451 1585 512 praetextum
1638 444 1758 499 fore
1805 442 2041 511 asserit,

2146 441 2254 495 τῶν
2287 442 2461 509 ἁγίων
2490 441 2806 494 ἀποστόλων
2833 439 3227 512 διῖσχυρίζεται
3264 441 3536 512 πρόφασιν
3557 483 3572 507 ,
3604 441 3638 514 ἧ
3670 443 3724 496 τὸ

469 550 635 604 quam
678 552 840 592 suum
882 537 1149 591 duntaxat
1190 549 1413 591 nomen.
1456 535 1690 590 Crimini
1729 536 1875 590 enim
1911 535 2044 588 illud

2148 534 2347 586 οἰκεῖον
2375 533 2545 604 ὄνομα
2575 532 2756 603 μόνον.
2787 533 3083 604 Ἔγκλημα
3113 532 3224 603 γὰρ
3248 534 3407 587 τοῦτο
3433 537 3548 597 τοῖς
3581 534 3718 588 σεϐο-

470 626 569 682 Dei
606 627 918 683 cultoribus
954 641 1018 680 ac
1051 626 1189 681 vitio
1220 627 1405 692 datur,
1439 634 1494 682 et
1525 642 1695 682 causa
1730 635 1817 683 est
1848 642 1949 682 cur
1979 627 2048 681 ab

2150 626 2333 696 μένοις
2357 625 2511 690 Θεὸν,
2531 625 2628 678 καὶ
2653 625 2745 678 τοῦ
2770 624 3130 695 πολεμεῖσθαι
3154 625 3429 695 πρόφασις
3451 625 3605 697 παρά
3623 626 3723 679 τῶν

468 719 541 773 iis
578 719 971 788 impugnantur
997 717 1092 788 qui
1134 733 1242 772 non
1281 726 1488 772 norunt
1529 719 1733 789 ipsum.
1769 718 1906 773 Cum
1951 734 2044 771 au-

2145 719 2245 771 οὐκ
2274 717 2493 771 εἰδότων
2527 717 2707 772 αὐτόν.
2760 717 3036 788 Προδήλου
3071 716 3128 768 δὲ
3173 717 3343 780 ὅντως
3387 717 3620 778 ἅπασιν.
3652 719 3720 781 ὡς

466 818 575 864 tem
612 809 963 865 manifestum
1010 811 1083 865 sit
1124 810 1383 866 omnibus
1429 812 1706 866 nemiuem
1741 811 2044 880 quidquam

2144 813 2243 865 οὐκ
2274 812 2339 865 ἀν
2372 828 2457 875 τις
2491 812 2683 882 ἀμισθὶ
2714 811 2878 865 πάθοι
2919 828 2974 864 τι
3024 811 3113 865 διὰ
3141 811 3275 865 Θεὸν
3310 812 3584 883 (λαμπρὸς
3619 814 3722 883 γὰρ

465 901 583 955 sine
616 901 874 956 mercede
910 916 1207 970 passurum
1244 909 1474 971 pr0pter
1538 902 1708 957 Deum
1763 901 2044 971 (illustris

2144 898 2236 953 ἐπὶ
2257 902 2472 964 τούτοις
2513 901 2868 972 προκείσεται
2915 901 3225 972 στέφανος),
3247 903 3533 972 ἐπιτρέπει
3566 904 3718 957 πάλιν

463 995 610 1048 cnim
649 996 937 1065 proposita
988 997 1150 1052 nobis
1182 1003 1266 1051 est
1305 994 1581 1065 corona),
1619 996 1692 1049 ad
1728 996 1902 1051 animi
1931 995 2042 1049 vir-

2142 996 2221 1057 είς
2249 994 2576 1063 εὐτολμίαν,
2625 994 2720 1047 καὶ
2752 995 3080 1066 καρτερικὸν
3114 994 3407 1066 ἐργάζεται
3443 996 3714 1067 φρόνημα,

462 1096 632 1143 tutem
664 1104 862 1145 rursus
893 1090 1169 1154 hortatur,
1201 1105 1267 1144 ac
1297 1091 1569 1144 malorum
1602 1090 1903 1144 tolerantes
1931 1088 2041 1143 eiii-

2139 1089 2204 1157 τῇ
2246 1087 2345 1154 τῆς
2380 1086 2614 1157 ἀμοιϐῆς
2642 1086 2855 1150 ἐλπίδι,
2901 1086 3002 1155 τὴν
3044 1088 3110 1139 ἐκ
3143 1085 3251 1139 τῶν
3284 1086 3505 1140 ἔσεσθαι
3551 1105 3716 1159 προσ-

460 1180 537 1231 cit
559 1221 573 1243 ,
608 1181 998 1238 retributionis
1030 1197 1126 1251 spe
1156 1196 1347 1237 eorum
1374 1197 1496 1252 quae
1517 1190 1911 1252 exspectantur
1934 1182 2039 1235 im-

2138 1178 2463 1249 δοκωμένων
2511 1178 2813 1249 μοχθηρίαν
2852 1178 3316 1248 ἀποκρουόμενος.
3384 1179 3591 1250 Κέρδος
3631 1177 3718 1233 οὖν

458 1271 788 1336 probitatem
821 1272 1125 1343 depellens.
1156 1272 1398 1329 Lucrum
1428 1274 1596 1345 igitur
1624 1272 1865 1329 ostendit
1891 1288 2036 1337 esse,

2137 1267 2341 1333 ἔδειξε,
2398 1270 2490 1321 καὶ
2543 1267 2695 1330 τέλος
2745 1267 2913 1338 εὐχῆς
2955 1268 3048 1322 καὶ
3094 1268 3228 1321 αὐτὸ
3268 1268 3331 1321 τὸ
3369 1269 3576 1331 δεινὸν,
3626 1272 3717 1323 καὶ

454 1371 509 1413 «ιι
545 1365 846 1431 optandum
897 1380 1117 1435 quoque
1156 1366 1341 1436 ipsum
1390 1366 1737 1436 periculum,
1788 1372 1842 1419 et
1890 1365 2035 1435 quod

2136 1359 2272 1429 ὅπερ
2302 1355 2371 1430 ἧν
2403 1360 2536 1422 ἴσως
2575 1358 2992 1430 καταναρκῆσαί
3021 1376 3172 1423 τινας
3190 1399 3206 1425 ,
3255 1361 3349 1414 καὶ
3380 1361 3543 1431 μόνον
3566 1361 3717 1430 ἥξειν

459 1454 536 1507 vel
579 1455 693 1508 sola
733 1457 1150 1525 exspectatione
1203 1455 1458 1511 terribile
1505 1455 1837 1525 quibusdam
1890 1464 2033 1519 erat,

2137 1450 2537 1520 προσδοκηθὲν,
2584 1449 2746 1503 τοῦτο
2770 1450 3026 1521 δείματος
3074 1452 3174 1521 μὲν
3218 1451 3551 1507 ἀπαλλάττει
3579 1472 3713 1507 παν.

464 1545 563 1599 Ιιοο
599 1547 746 1601 omni
788 1555 932 1601 metu
969 1547 1191 1617 quidem
1229 1546 1462 1613 liberat,
1495 1546 1743 1617 illudque
1776 1546 2039 1617 amplecti

2132 1544 2243 1605 τίς,
2283 1541 2610 1610 προσίεσθαι·
2633 1560 2691 1595 τε
2725 1541 2821 1594 καὶ
2851 1541 2971 1594 λίαν
3000 1542 3254 1613 ἀσμένως
3283 1543 3568 1598 ἀναπείθει
3592 1547 3715 1612 τοὺς

465 1633 721 1688 hortatur
747 1650 883 1689 suos
914 1634 1243 1703 discipulos.
1279 1635 1438 1691 Unde
1467 1651 1591 1691 cum
1627 1638 1683 1691 in
1716 1635 2032 1693 Judaaorum

2135 1634 2401 1703 μαθητάς.
2443 1634 2553 1687 Καὶ
2575 1633 2706 1701 γοῦν
2729 1633 3145 1704 είσκεκλημένοι
3185 1635 3316 1688 ποτὲ
3347 1636 3485 1705 πρὸς
3516 1637 3577 1689 τὸ
3605 1638 3713 1690 τῶν

460 1727 687 1795 impium
716 1728 1012 1782 concilium
1044 1728 1176 1782 oﬁm
1210 1728 1512 1784 introducti
1541 1731 1806 1796 ﬁnissent,
1834 1741 1889 1789 et
1915 1733 2031 1803 pla-

2146 1724 2412 1778 Ἰουδαίων
2428 1723 2643 1777 ἀνόσιον
2667 1724 3068 1796 βουλευτήριον,
3089 1726 3181 1779 καὶ
3201 1726 3439 1797 πληγαῖς
3463 1729 3525 1781 τὸ
3553 1730 3711 1799 σῶμα

447 1818 530 1883 gis
582 1834 645 1872 ac
690 1820 1016 1876 verberibus
1056 1820 1237 1877 aﬂ‘ecti
1274 1834 1503 1893 propter
1548 1823 1869 1891 Christum,
1931 1840 2027 1879 ex-

2131 1815 2521 1885 κατῃκισμένοι
2571 1815 2659 1868 διὰ
2686 1815 2955 1884 Χριστὸν,
2995 1816 3225 1887 ἐξῄεσαν
3262 1817 3372 1870 ἀπὸ
3415 1818 3708 1890 προσώπου

452 1911 635 1964 ierunt
667 1927 697 1965 e
733 1921 1030 1981 conspectu
1075 1916 1301 1969 concilii
1334 1916 1658 1985 gaudentes,
1679 1926 1739 1972 ut
1756 1919 2022 1989 scriptum

2124 1905 2219 1959 τοῦ
2247 1906 2524 1978 συνεδρίου
2553 1907 2867 1978 χαίροντες,
2914 1907 3056 1962 κατά
3082 1909 3144 1961 τὸ
3174 1912 3563 1982 γεγραμμένον
3583 1955 3599 1979 ,
3629 1914 3709 1967 ὅτι

446 2008 531 2052 νει
557 2039 573 2063 ,
609 1992 873 2070 quoniam
911 2001 1064 2072 digni
1103 2003 1273 2058 habiti
1307 2014 1495 2061 essent
1524 2022 1623 2076 pro
1657 2010 1883 2065 nomine
1916 2009 2024 2065 Do-

2123 1999 2544 2070 κατηξιώθησαν
2597 2001 2739 2072 ὑπὲρ
2785 2000 2878 2053 τοῦ
2910 2002 3176 2073 ὀνόματος
3209 2003 3302 2056 τοῦ
3335 2005 3544 2074 Κυρίου
3590 2007 3707 2060 ἀτι-

448 2092 580 2144 mini
618 2094 1008 2149 contumeliam
1053 2095 1171 2164 pati
1219 2096 1261 2150 ".
1308 2096 1447 2162 Quin
1493 2105 1548 2153 et
1599 2099 1759 2155 nobis
1810 2100 2023 2155 idcirco

2125 2091 2423 2161 μασθῆναι.
2482 2093 2593 2145 Καὶ
2641 2092 2748 2164 μὴν
2776 2093 2873 2146 καὶ
2902 2095 3034 2164 ἡμῖν
3064 2096 3251 2159 αὐτοῖς
3285 2097 3586 2168 τληπαθεϊν
3615 2100 3707 2153 ἐπὶ

443 2182 717 2248 patienter
749 2200 913 2254 agere
941 2186 1171 2254 jubent,
1210 2203 1311 2242 nec
1347 2204 1585 2246 mmrore
1617 2193 1813 2247 confici
1836 2234 1851 2258 ,
1889 2194 2019 2249 licet

2118 2179 2295 2250 τούτῳ
2318 2180 2719 2233 διακελεύονται
2763 2181 2989 2253 σφόδρα,
3018 2185 3485 2254 καταστυγνάζειν
3511 2188 3569 2240 δέ
3598 2205 3703 2259 μη-

443 2275 599 2329 triste
624 2276 896 2345 quiddam.
920 2288 1178 2334 occurrat
1210 2288 1435 2349 propter
1462 2282 1765 2339 Christum.
1799 2304 1821 2335 ιν
1848 2285 2019 2340 Nemo

2117 2271 2307 2341 δαμῶς
2325 2312 2338 2333 ,
2386 2271 2489 2324 κᾶν
2519 2271 2677 2343 εἴπερ
2723 2271 2859 2335 ὅλως
2884 2272 2995 2326 τῶν
3026 2274 3268 2347 ἀνιαρῶν
3293 2294 3347 2329 τι
3372 2278 3589 2348 προσίοι
3617 2280 3705 2333 διὰ

439 2367 586 2419 ριιίιη
615 2376 858 2423 vestrum
891 2371 1158 2441 patiatur,
1204 2373 1417 2441 inquit,
1468 2383 1527 2428 ut
1574 2375 1849 2431 homicida
1875 2417 1889 2440 ,
1922 2387 2016 2433 aut

2116 2363 2370 2432 Χριστόν.
2420 2382 2438 2413 ι
2474 2362 2566 2433 Μὴ
2599 2363 2707 2437 γάρ
2737 2380 2822 2427 τις
2860 2364 3016 2434 ὑμῶν
3061 2367 3350 2436 πασχέτω,
3384 2370 3580 2438 φησὶν,
3630 2371 3705 2435 ὡς

440 2458 548 2522 fur,
581 2467 678 2514 aut
709 2460 1034 2529 maleﬁcus;
1068 2465 1114 2518 si
1149 2473 1332 2520 autem
1374 2474 1435 2520 ut
1473 2466 1862 2534 Christianus,
1903 2486 2012 2526 non

2116 2456 2328 2523 φονεὺς.
2366 2453 2399 2523 ἦ
2430 2453 2690 2525 κλέπτης,
2727 2453 2759 2524 ἢ
2795 2455 3091 2518 κακοποιός
3115 2473 3128 2485 ·
3165 2455 3296 2509 είδέ
3332 2457 3409 2520 ὡς
3438 2460 3698 2529 Χριστιαο

437 2548 774 2616 erubescat;
813 2552 1085 2621 gloriﬁcet
1124 2562 1306 2610 autem
1347 2556 1518 2612 Deum
1568 2561 1625 2614 in
1675 2562 1786 2616 isto
1832 2564 2013 2617 nomi-

2116 2543 2233 2609 νὸς,
2294 2542 2367 2613 μὴ
2394 2543 2765 2613 αίσχυνέσθω,
2811 2542 3084 2609 δοξαζέτω
3113 2547 3169 2600 δὲ
3197 2546 3289 2600 τὸν
3314 2547 3453 2601 Θεὸν
3502 2549 3595 2601 ἐπὶ
3623 2551 3704 2620 τῷ

437 2654 504 2691 ne
541 2638 582 2693 ⁸.
618 2658 636 2690 ι
669 2638 1072 2696 Suavissimum
1102 2644 1290 2714 igitur
1323 2654 1408 2701 est
1445 2650 1556 2717 pati
1595 2659 1820 2720 propter
1853 2651 2014 2707 Chri-

2113 2635 2337 2706 όνόματι
2377 2635 2566 2706 τούτῳ.
2592 2654 2610 2685 ι
2647 2636 2903 2689 ’Ἢδιστον
2943 2633 3037 2691 οὖν
3074 2638 3182 2709 ἄρα
3232 2640 3295 2692 τὸ
3341 2640 3573 2710 πάσχειν
3613 2642 3700 2694 διὰ

435 2737 616 2791 stum,
669 2737 725 2786 et
778 2730 941 2787 dulce
990 2735 1340 2802 periculum,
1389 2752 1513 2790 cum
1563 2738 1697 2808 ejus'
1737 2741 2010 2799 inferendi

2112 2727 2347 2797 Χριστὸν
2366 2769 2380 2793 ,
2427 2727 2522 2780 καὶ
2550 2726 2753 2794 γλυκὺς
2783 2729 2813 2779 ὁ
2854 2727 3126 2791 κίνδυνος.
3175 2730 3304 2783 ὅταν
3330 2729 3430 2803 ἔχῃ
3460 2731 3559 2801 τῆς
3598 2733 3698 2799 ἐφ-

434 2834 605 2879 causa
640 2828 724 2883 est
751 2836 888 2891 erga.
910 2820 1081 2878 Deum
1113 2823 1356 2879 dilectio.
1394 2823 1534 2881 Vide
1563 2837 1745 2884 autem
1780 2847 1892 2901 quo
1921 2848 2011 2903 pa-

2110 2819 2230 2871 όδου
2253 2818 2352 2889 τὴν
2379 2818 2653 2888 πρόφασιν
2694 2816 2754 2881 ἐξ
2782 2818 3003 2888 ἀγάπης
3036 2817 3137 2886 τῆς
3186 2822 3264 2883 εἰς
3290 2820 3445 2873 Θεόν.
3502 2821 3697 2891 Ἀθρει

433 2920 527 2963 cto
551 2913 715 2967 etiam
746 2912 839 2967 hic
867 2929 1063 2973 rursus
1095 2915 1393 2973 ostendens
1423 2919 1660 2988 seipsum
1691 2936 1860 2976 unum
1888 2938 2011 2979 esse

2110 2910 2166 2962 δὲ
2197 2912 2347 2972 ὅπως
2381 2909 2482 2962 κάν
2524 2909 2698 2978 τούτῳ
2739 2909 2801 2979 δὴ
2837 2910 3000 2964 πάλιν
3046 2911 3367 2975 ἀναδεικνὺς
3413 2913 3607 2965 ἑαυτὸν
3641 2912 3696 2964 ἓν

432 3015 557 3061 cum
594 3018 695 3057 suo
723 3001 884 3059 Patre
906 3043 920 3069 ,
947 3003 1167 3063 Judaaos
1195 3007 1279 3061 vel
1304 3009 1627 3080 quicunque
1658 3014 2006 3081 persecuturi

2111 3001 2247 3070 πρὸς
2274 3000 2364 3053 τὸν
2398 3000 2592 3053 ἑαυτοῦ
2619 2999 2861 3071 Πατέρα,
2898 3000 2971 3071 μὴ
3003 3001 3203 3055 εἰδέναι
3232 3004 3366 3073 φησὶ
3397 3005 3528 3067 τοὺς
3566 3004 3695 3056 Ἰου-

431 3097 562 3143 sunt
597 3090 804 3147 €hristi
839 3094 1080 3151 nominis
1120 3111 1407 3166 prmcones
1428 3138 1443 3162 ,
1482 3116 1584 3155 nec
1616 3101 1830 3159 Patrem
1852 3145 1869 3170 ,
1901 3120 2005 3161 nec

2109 3091 2313 3154 δαίους,
2341 3092 2460 3162 ἦτοι
2491 3092 2617 3155 τοὺς
2653 3090 2865 3158 διώξειν
2900 3092 3193 3162 μέλλοντας
3217 3135 3229 3158 ,
3283 3096 3411 3158 τοὺς
3438 3095 3602 3163 οἵπερ
3628 3094 3695 3148 ἂν

2138 3175 2175 3197 v,
2289 3179 2304 3197 ς
2348 3181 2392 3197 υ
2559 3180 2582 3191 -
2774 3180 2804 3197 ι.
2851 3179 2869 3197 ι
3053 3181 3076 3197 ..
3327 3185 3341 3197 .
3477 3184 3491 3197 .
3573 3185 3619 3197 .-

432 3178 628 3234 Filium
646 3198 981 3252 cognoscere
996 3186 1162 3242 dicat.
1182 3187 1362 3245 Patris
1381 3191 1527 3245 enim
1549 3208 1679 3248 osor
1699 3203 1785 3251 est
1810 3199 2006 3265 procul

2109 3175 2217 3233 εἶεν
2255 3179 2315 3233 τὸ
2348 3180 2585 3250 Χριστοῦ
2626 3179 3025 3251 πρεσϐεύοντες
3051 3181 3245 3252 ὄνομα,
3276 3185 3416 3255 μήτε
3443 3184 3535 3237 τὸν
3572 3185 3687 3237 Πα-

428 3272 596 3328 dubio
651 3275 976 3346 quicunque
1023 3275 1223 3354 Filium
1264 3279 1713 3339 inhonorandum
1766 3288 2003 3354 statuit,

2106 3271 2262 3343 τέρα,
2298 3274 2433 3343 μήτε
2458 3273 2549 3325 τὸν
2571 3273 2715 3326 Υίόν.
2739 3273 3077 3344 Μισοπάτωρ
3103 3275 3212 3346 γὰρ
3240 3277 3691 3347 ὁμολογουμένως

429 3381 539 3420 non
567 3370 724 3437 quasi
758 3370 812 3423 in
844 3370 1008 3424 aliam
1035 3351 1562 3448 peccausnaturam
1583 3415 1597 3440 ,
1623 3377 1718 3432 sed
1747 3378 1800 3431 in
1826 3378 2000 3448 ipsam

2105 3364 2133 3415 ό
2160 3364 2358 3433 χρῆναι
2401 3364 2509 3416 δεῖν
2543 3363 2828 3433 ἀτιμάζειν
2881 3367 3127 3435 οἰόμενος
3157 3367 3251 3419 τὸν
3281 3367 3412 3420 Υἱὸν
3432 3409 3445 3430 ,
3487 3370 3586 3439 οὐχ
3614 3370 3689 3430 ὡς

425 3459 697 3513 naturalis
731 3459 954 3518 deitatis
986 3444 1312 3534 dignitatem
1342 3468 1784 3524 contumeliosus
1814 3469 2000 3525 insur—

2105 3456 2184 3517 είς
2219 3453 2412 3524 ἐτέραν
2461 3454 2516 3507 δέ
2564 3454 2806 3525 δηλονότι
2852 3456 3256 3529 πλημμελήσας
3310 3457 3512 3527 φύσιν,
3570 3461 3687 3513 ἀλλ’

425 3564 579 3619 gens.
612 3549 722 3606 Nec
751 3554 897 3607 enim
933 3554 1228 3627 quisquam
1275 3557 1478 3628 injuria
1533 3558 1734 3614 Filium
1789 3563 2002 3619 allicere

2102 3546 2183 3617 είς
2216 3544 2346 3598 αὐτὸ
2384 3545 2444 3598 τὸ
2484 3546 2583 3615 τῆς
2630 3545 2774 3599 κατὰ
2812 3547 2975 3615 φύσιν
3029 3547 3284 3618 θεότητος
3333 3551 3689 3622 ἐμπαροινῶν

424 3651 705 3711 arguatur,
732 3645 777 3699 si
805 3642 986 3703 Patris
1010 3655 1267 3705 naturam
1295 3659 1618 3706 revereatur
1644 3671 1656 3707 :
1690 3633 1783 3724 qui
1813 3667 1995 3711 autem

2101 3635 2338 3708 ἀξίωμα.
2388 3636 2524 3689 Οὐδέ
2563 3636 2670 3707 γὰρ
2714 3637 2779 3691 ἂν
2821 3639 2937 3709 ἥλω
2983 3656 3068 3703 τις
3117 3640 3418 3712 ἐξυϐρίζων
3458 3646 3541 3706 είς
3592 3643 3688 3696 τὸν

422 3734 574 3787 novit
599 3734 864 3804 quidnam
897 3746 1024 3792 actu
1066 3740 1135 3792 sil
1178 3738 1366 3806 Pater,
1396 3744 1670 3810 quomodo
1703 3761 1766 3800 ex
1810 3747 1997 3812 seipso

2100 3726 2263 3793 lev,
2300 3729 2350 3780 εί
2384 3729 2484 3798 τὴν
2515 3727 2610 3782 τοῦ
2647 3728 2861 3799 Πατρὸς
2895 3731 3221 3803 ἐδυσωπήθη
3253 3732 3416 3800 φύσιν
3443 3748 3456 3760 ·
3512 3735 3686 3801 ἔγνως

420 3825 679 3887 genuisse
710 3826 1083 3894 ignoraverit?
1120 3828 1192 3882 At
1229 3831 1356 3899 quis
1396 3833 1638 3901 plantam
1682 3851 1789 3890 non
1823 3838 1998 3892 viola-

2100 3818 2212 3883 κὼς
2237 3818 2294 3872 δὲ
2329 3820 2466 3884 ὅλως
2509 3820 2561 3873 τί
2589 3823 2709 3875 κατ’
2734 3823 3014 3893 ἐνέργειάν
3046 3826 3193 3878 ἐστιν
3227 3826 3256 3878 δ
3291 3825 3514 3895 Πατὴρ,
3564 3827 3688 3889 πῶς

419 3912 535 3976 bit,
567 3914 662 3981 qui
704 3918 1033 3984 productum
1066 3934 1133 3972 ex
1164 3934 1226 3974 ea
1258 3921 1500 3977 fructum
1532 3926 1863 3981 violaverit?
1891 3929 1996 3982 Ar-

2099 3912 2365 3982 ἠγνόησεν
2410 3913 2491 3965 ὅτι
2540 3913 2871 3984 γεγέννηκεν
2896 3914 2956 3980 ἐξ
3001 3915 3241 3983 ἐαυτοῢ;
3291 3913 3425 3970 Εἶτα
3473 3919 3556 3981 τίς
3581 3919 3688 3988 οὐχ

417 4009 738 4067 gumentum
791 4003 962 4073 igitur
1012 4006 1368 4062 manifestum
1419 4021 1505 4065 est
1555 4029 1681 4067 cum
1737 4015 1995 4086 ignorare

2097 4002 2306 4074 ὑϐρίσει
2340 4004 2400 4056 τὸ
2430 4005 2628 4074 φυτὸν,
2659 4005 2750 4059 τὸν
2781 4004 2841 4071 ἐξ
2869 4006 3035 4062 αὐτοῦ
3070 4009 3401 4079 γεννηθέντα
3425 4011 3682 4065 κακύνων

414 4088 632 4143 Patrem
672 4090 767 4160 qui
805 4102 992 4160 peccat
1023 4093 1076 4147 in
1116 4092 1339 4150 Filium.
1375 4098 1511 4153 Cum
1543 4112 1727 4156 autem
1763 4091 1870 4160 nou
1905 4109 1991 4163 di-

2095 4097 2346 4165 καρπόν;
2388 4097 2636 4165 Ἀγνοίας
2676 4094 2769 4152 οὖν
2806 4099 2915 4171 ἄρα
2943 4102 3043 4172 τῆς
3078 4104 3160 4165 εἰς
3194 4102 3287 4156 τὸν
3316 4104 3540 4173 Πατέρα
3579 4104 3678 4157 καὶ

412 4180 559 4232 xcrit
615 4180 704 4234 hic
736 4197 748 4232 :
788 4200 805 4231 ι
851 4180 989 4249 Quia
1022 4185 1277 4239 nesciunt
1304 4204 1323 4237 ι
1358 4185 1577 4243 Patrem
1612 4207 1790 4248 meum
1822 4236 1837 4261 ,
1894 4201 1991 4255 sed

2092 4187 2225 4243 Θεὸν
2253 4187 2526 4254 ἀπόδειξις
2544 4190 2643 4243 οὐκ
2670 4191 2976 4261 ἀμφίλογος
2998 4195 3031 4264 ἡ
3049 4196 3126 4258 είς
3144 4196 3237 4248 τὸν
3258 4196 3386 4249 Υἰὸν
3409 4199 3675 4268 ἁμαρτία.

417 4291 435 4322 ι
468 4286 592 4325 eum
629 4272 724 4342 qui
761 4273 912 4329 misit
948 4291 1064 4339 me,
1099 4296 1118 4328 ι
1150 4277 1257 4333 tale
1283 4279 1419 4349 quid
1464 4282 1807 4342 subinnuerc
1854 4292 1991 4349 velle

2105 4279 2324 4351 Ἐπειδὴ
2353 4281 2526 4340 δὀὐκ
2552 4281 2653 4354 ἔφη
2678 4284 2818 4347 νυνὶ,
2848 4285 3005 4339 «Ὅτι
3027 4288 3127 4341 οὐκ
3150 4288 3356 4342 οἴδασι)
3383 4290 3478 4343 τὸν
3506 4291 3682 4343 nm.

411 4364 592 4432 ipsum
626 4363 869 4420 arbitror
914 4385 927 4420 :
961 4382 1164 4444 scopus
1202 4371 1251 4426 ei
1295 4382 1437 4437 erat,
1482 4381 1541 4428 ut
1573 4366 1990 4449 videtur,"‘<:lare

2095 4394 2162 4448 ρα
2191 4395 2314 4447 μου,
2339 4377 2474 4432 ἀλλά
2509 4397 2528 4430 ι
2554 4379 2649 4433 τὸν
2673 4380 2969 4451 πέμψαντά
3001 4399 3088 4451 με,
3125 4402 3144 4434 ι
3181 4384 3326 4438 δοκῶ
3351 4402 3402 4438 τι
3431 4385 3678 4439 τοιοῦτον

413 4454 705 4510 ostendere
730 4472 826 4512 eos
855 4457 952 4531 qui
984 4458 1291 4530 discipulos
1323 4477 1455 4519 suos
1487 4468 1743 4540 persequi
1778 4478 1988 4528 statue~

2092 4470 2252 4523 αὐτὸν
2275 4470 2687 4525 ὐπαινίττεσθαι
2719 4472 2919 4527 θέλειν⁶
2951 4476 3179 4542 Σκοπὸς,
3214 4479 3289 4542 ὡς
3318 4479 3495 4534 ἔοικεν
3525 4481 3677 4550 αὐτῴ

412 4558 568 4615 rent,
609 4548 885 4617 duplicem
927 4551 1338 4621 quodammodo
1379 4557 1508 4612 hinc
1554 4560 1672 4614 suis
1710 4563 1991 4632 capitibus

2087 4562 2214 4625 τοὺς
2263 4561 2325 4613 τὸ
2373 4558 2590 4619 διώκειν
2635 4563 3056 4634 ἐπιτηδεύοντας
3100 4570 3227 4633 τοὺς
3274 4572 3676 4642 ἀνακειμένους

409 4642 621 4710 culpam
664 4656 967 4703 arcessere.
1006 4642 1409 4714 Propemodum
1442 4650 1589 4705 enim
1625 4651 1790 4726 θοῇ,
1827 4656 1987 4726 igno-

2086 4652 2262 4723 αὐτῷ,
2298 4652 2522 4706 διπλοῦν
2551 4654 2739 4726 ὥσπερ
2771 4657 3021 4712 ἐντεῦθεν
3050 4660 3111 4712 τὸ
3137 4663 3517 4733 παρανόμημα
3550 4668 3675 4727 ταῖς

409 4745 532 4785 rare
567 4729 783 4787 Patrem
822 4748 1000 4788 meum
1036 4734 1556 4808 deprchendemur,
1590 4759 1771 4814 neque
1802 4747 1982 4802 solum

2082 4744 2291 4797 ἑαυτῶν
2324 4745 2677 4816 ἐπαρτῶντας
2703 4749 2966 4816 κεφαλαῖς
2988 4729 3285 4821 ἀπελέγξαι
3311 4729 3515 4824 σαφῶς.
3552 4756 3671 4809 Μό-

407 4823 706 4892 impietatis
739 4824 864 4891 jure
894 4825 1315 4892 convincentur,
1354 4832 1447 4893 sed
1484 4839 1539 4896 et
1576 4833 1749 4903 ipsam
1794 4836 1886 4894 Dei
1919 4855 1983 4895 ac

2080 4853 2171 4890 vov
2193 4837 2304 4908 γάρ
2326 4837 2447 4909 οὐχὶ
2468 4839 2787 4915 ἀγνοοῦντες
2804 4841 3103 4898 ἁλώσονται
3132 4846 3222 4898 τὸν
3246 4846 3306 4913 ἐξ
3331 4823 3502 4918 οὗπερ
3527 4849 3666 4916 εἰμὶ,

319 4935 324 4941 η
404 4914 584 4969 Patris
617 4914 949 4985 sapientiam
993 4916 1250 4975 incusare
1279 4918 1503 4981 demum
1540 4929 1908 4997 compericntt

2081 4928 2198 4982 οὐδὲ
2240 4929 2408 5001 μόνην
2452 4931 2552 5007 τὴν
2581 4933 2670 4985 ἐπ’
2713 4914 2967 5004 ἀθεότητι
3007 4936 3188 5007 ψῆφον
3232 4914 3670 5008 ἀποκομιοῦνται

405 5005 462 5058 Si
492 5006 637 5059 enim
668 5005 953 5077 proprium
986 5004 1187 5062 Filium
1220 5009 1287 5064 ad
1325 5013 1616 5084 erigendos
1653 5017 1871 5087 lapsos,
1910 5021 1980 5075 ad

2082 5021 2320 5086 δικαίως,
2339 5023 2475 5087 ἀλλά
2497 5004 2606 5097 γὰρ
2631 5027 2725 5079 καὶ
2745 5028 2881 5099 αὐτῇ
2910 5004 3110 5083 λοιπὸν
3128 5004 3492 5103 ἐπιτιμῶντες
3515 5034 3671 5103 εὐρε-

402 5098 783 5154 restituendos
820 5099 1092 5157 contritos
1118 5108 1174 5155 et
1196 5103 1362 5159 vitam
1389 5106 1711 5171 hominibus
1738 5111 1979 5166 dandam

2082 5112 2332 5185 θήσονται
2364 5119 2430 5187 τῇ
2479 5118 2638 5190 σοφίᾳ
2668 5119 2762 5172 τοῦ
2808 5098 3094 5177 Θεοῦ’καὶ
3134 5098 3368 5195 Πατρός.
3445 5127 3509 5179 Et
3553 5098 3671 5196 γὰρ

402 5187 659 5253 miserit,
692 5188 769 5242 illi
803 5204 937 5244 vero
968 5200 1253 5261 opponant
1305 5209 1396 5260 se,
1447 5198 1766 5255 resistendo
1810 5203 1980 5273 impie

2075 5204 2287 5277 έπεμψε
2321 5209 2419 5277 μὲν
2449 5208 2539 5262 τὸν
2566 5187 2696 5264 ἴδιον
2730 5210 2863 5266 Υίὸν
2902 5214 3205 5285 ἐγεροῦντα
3236 5187 3298 5269 τὸ
3329 5187 3664 5288 ῶλισθηκὸέ,

399 5278 470 5334 iis
499 5281 592 5349 qui
628 5287 708 5333 tot
740 5282 1006 5338 bonorum
1055 5294 1342 5340 auctorem
1391 5289 1692 5356 praedicare
1736 5295 1968 5363 volunt,

2078 5297 2476 5352 ἀνακαινοῦντα
2507 5300 2569 5354 τὸ
2600 5304 3059 5374 συντετριμμένον
3080 5346 3094 5369 ,
3146 5306 3563 5377 κατορθῶσοντά
3595 5324 3664 5360 τε

397 5368 679 5438 quomodo
715 5386 846 5476 ιιθιὶ⁸
859 5374 1006 5430 clare
1035 5377 1436 5432 convincentur
1470 5381 1634 5435 etiam
1660 5454 1665 5459 θ
1693 5383 1971 5443 adversari

2078 5391 2191 5451 τοῖς
2219 5391 2277 5443 ἐν
2319 5391 2509 5463 κόσμῳ
2536 5392 2635 5464 τὴν
2669 5368 2867 5466 (ζωὴν,-
2900 5368 3256 5465 ἀντεξάγουσι
3286 5368 3395 5468 ’μὲν
3430 5401 3666 5463 ἐκεῖνοι,

399 5460 453 5521 ci
480 5460 574 5531 qui
606 5476 693 5515 me
726 5460 922 5518 misit?
951 5465 1087 5521 Nam
1118 5469 1365 5523 mittendi
1398 5472 1568 5528 verbo
1603 5482 1782 5530 totum
1808 5480 1971 5538 nobis

2081 5482 2174 5553 καὶ
2201 5483 2624 5553 ἀντιπράττουσι
2656 5486 2933 5551 δυσσεϐῶς
2982 5491 3096 5552 τοῖς
3133 5489 3516 5561 διακηρύττειν
3539 5489 3670 5543 Edi—

399 5552 797 5613 incarnatiouis
823 5560 1147 5626 mysterium
1173 5560 1465 5631 signiﬁcat.
1497 5564 1601 5638 Qui
1635 5577 1814 5624 autem
1843 5586 1967 5629 eum

2081 5574 2227 5628 λουσι
2256 5575 2346 5628 τὸν
2369 5577 2558 5632 τούτου
2593 5579 2944 5651 κατορθωτὴν
2965 5623 2978 5647 ,
3020 5580 3136 5645 πῶς
3172 5583 3232 5634 οὐ
3263 5582 3385 5651 λίαν
3414 5578 3670 5652 ἐναργῶς

463 5730 626 5791 'Act.
658 5747 709 5799 v,
740 5730 829 5791 ιιι.
904 5731 1134 5790 'lPett‘.
1184 5753 1235 5804 γ,
1282 5739 1365 5797 15.

3967 1630 3969 1743 l

3967 1798 3969 1937 ί

3966 2642 3970 2714 ι

3965 3000 3970 3301 1

3967 3306 3970 3471 ι
