4024 6262
274 379 380 433 ιιιο

1350 379 1421 437 lN
1455 379 1744 440 JOANNIS
1782 384 2237 446 EVANGELIUM
2282 388 2410 443 LIB.
2456 387 2523 443 Χ.

3396 385 3529 442 ’410

269 497 610 567 ἠγνοηκότες
631 497 929 552 ἁλώσονται
957 498 1051 551 καὶ
1091 497 1241 568 αὑτῷ
1273 500 1573 570 μαχόμενοι
1598 499 1676 570 τῷ
1706 502 1852 570 πέμ-

1969 514 2176 574 ignorat
2204 506 2300 576 qui
2339 507 2524 571 misit,
2564 503 2730 559 simul
2760 502 2923 558 etiam
2961 500 3131 558 Deum
3171 500 3427 572 ignorat,
3475 511 3532 556 et

269 585 438 653 ψαντί
461 605 529 657 με
555 605 570 647 ;
594 590 690 641 Διά
714 587 821 658 γάρ
849 587 944 640 τοῦ
974 588 1312 657 πέμπεσθαι
1344 589 1544 658 λέγειν,
1569 590 1697 658 ὅλην
1719 594 1849 662 ἡμῖν

1958 595 2246 651 missionis
2279 597 2585 651 contemnit
2618 595 2964 666 mysterium.

272 676 374 743 τῆς
405 676 541 745 μετά
571 677 769 747 σαρκὸς
796 678 1106 747 οἰκονομίας
1136 678 1436 747 εἰσκομίζει
1466 678 1565 748 τὴν
1590 679 1841 749 δήλωσιν.
1892 681 1951 735 '0
1979 683 2037 737 δὲ
2066 685 2352 755 ὴγνοηκὼς
2384 687 2477 740 τὸν
2544 685 2838 757 πέμψαντα
2860 724 2875 749 ,
2933 684 3028 737 καὶ
3089 683 3221 737 Θεὸν
3268 683 3534 755 ἠγνόηκεν

274 768 333 819 ἐν
356 769 533 838 ταυτῷ
549 812 564 835 ,
602 769 696 822 καὶ
722 770 783 822 τὸ
803 771 905 840 τῆς
929 770 1235 840 ἀποστολῆς
1255 770 1511 841 ἀτιμάζει
1536 774 1853 842 μυστήριον.

345 864 415 915 Et
445 861 531 929 μὴ
563 861 879 930 ἦλθον,καί
895 862 1174 930 ἐλάλησα
1199 863 1404 929 αὐτοῖς
1435 864 1732 933 ἁμαρτίαν
1752 867 1866 918 οὐκ

266 950 560 1019 ετχοσαν·
600 953 716 1007 νῦν
752 951 1167 1024 δὲ”πρόερασιν
1200 956 1312 1008 οὐκ
1352 954 1569 1023 ἔχουσι
1599 955 1731 1022 περὶ
1755 954 1865 1023 τῆς

274 1044 565 1111 ἁμαρτίας
593 1044 814 1100 αὐτῶν.

348 1136 479 1205 Διχῆ
521 1136 740 1206 νοητέον
761 1137 821 1189 τὸ
854 1137 918 1189 ἐκ
949 1135 1058 1189 τῶν
1088 1135 1471 1206 προκειμένων
1502 1134 1866 1205 ὑποδηλούμεο

278 1242 390 1278 νον.
440 1227 503 1279 Εἰ
540 1226 648 1296 γάρ
687 1226 853 1279 οἴοιτό
888 1245 971 1289 τις
1001 1227 1163 1296 τυχὸν
1194 1227 1331 1297 πρὸς
1373 1227 1642 1296 ’Ἕλληνάς
1671 1243 1729 1279 τε
1767 1226 1862 1279 καὶ

292 1315 585 1377 Ἰουδαίους
615 1316 705 1368 τὸν
731 1317 823 1369 ἐπὶ
848 1316 1024 1386 τούτῳ
1053 1316 1306 1384 γενέσθαι
1337 1316 1491 1382 λόγον
1512 1357 1526 1380 ,
1557 1316 1731 1368 ἐκεῖνό
1760 1332 1863 1383 φα-

283 1423 405 1475 μεν,
432 1406 506 1470 ὡς
533 1408 581 1458 εἰ
608 1407 681 1479 μὴ
721 1407 965 1475 ἐγεγόνει
994 1408 1129 1477 πρὸς
1160 1409 1405 1469 ἅπαντας
1429 1408 1553 1468 τοὺς
1582 1405 1740 1469 ὄντας
1769 1408 1863 1460 ἐπὶ

278 1499 383 1567 τῆς
412 1502 516 1569 γῆς
547 1499 607 1552 τὸ
645 1500 787 1552 θεῖόν
814 1517 873 1551 τε
908 1499 1002 1552 καί¹
1028 1499 1277 1568 οὐράνιον
1305 1498 1563 1567 κήρυγμα
1588 1539 1602 1561 ,
1628 1497 1772 1566 φημί
1801 1497 1865 1568 δὴ

282 1590 349 1643 τὸ
385 1590 758 1658 εύαγγελικδν,
793 1590 1186 1662 παραδεικνύον
1218 1588 1430 1657 ἑκάστῳ
1460 1588 1556 1657 τῆς
1587 1587 1860 1658 σωτηρίας

285 1681 390 1749 τὴν
422 1682 573 1748 ὁδὸν,
624 1683 719 1736 καὶ
745 1682 813 1736 τά
842 1683 940 1751 τῆς
965 1681 1310 1750 δικαιοσύνης
1334 1680 1470 1750 ἔργα
1502 1678 1861 1732 καταλευκαί⁹

286 1790 382 1825 νον
405 1813 419 1835 ,
449 1768 517 1843 ἧν
550 1773 617 1825 ἂν
643 1773 771 1836 ἴσως
800 1773 1013 1843 ἑκάστῳ
1035 1773 1188 1839 λόγος
1214 1772 1312 1824 οὐκ
1345 1770 1574 1840 ἀσθενὴς
1598 1771 1678 1831 εἰς
1716 1786 1860 1838 παρ-

1962 904 1979 925 ,
2033 861 2148 922 XV.
2190 862 2282 918 22.
2326 864 2387 920 Si
2416 882 2516 919 non
2545 866 2795 919 venissem
2818 903 2832 924 .
2858 872 2908 918 el
2939 864 3147 917 locutus
3178 862 3393 932 fuissem
3420 867 3527 926 eis.

1960 966 2239 1025 peccatum
2280 975 2384 1011 non
2423 959 2675 1011 haberent
2702 973 2719 1008 :
2757 972 2894 1010 nunc
2930 966 3106 1009 autem
3140 956 3535 1010 excusationem

1960 1062 2062 1099 non
2090 1046 2284 1098 habent
2312 1047 2376 1100 de
2399 1058 2615 1113 peccato
2640 1063 2755 1100 suo.

2035 1135 2334 1205 Dupliciter
2370 1137 2459 1190 hic
2494 1138 2648 1191 locus
2691 1136 3085 1206 intelligendus
3135 1144 3241 1191 est.
3300 1134 3358 1189 Si
3409 1135 3534 1205 quis

1960 1227 2105 1282 enim
2165 1227 2348 1281 forsan
2391 1228 2670 1282 existimet
2709 1228 2772 1281 ad
2815 1226 3039 1282 Graecos
3073 1234 3128 1281 et
3165 1225 3383 1281 Judaeus
3423 1227 3536 1280 ἰιαιε

1962 1319 2124 1372 verba
2164 1319 2438 1387 pertinere
2462 1360 2475 1376 .
2513 1318 2748 1373 dicimus
2780 1319 2925 1388 quod
2961 1318 3070 1372 nisi
3104 1318 3169 1370 ad
3203 1333 3395 1373 omnes
3423 1333 3537 1369 om-

1960 1408 2095 1462 nino
2130 1408 2382 1465 homines
2419 1410 2606 1469 divina
2637 1417 2690 1464 et
2721 1409 2963 1463 rmlestis
2997 1407 3344 1478 praedicatio.
3374 1422 3537 1460 evan-

1966 1501 2137 1569 gelica
2172 1501 2427 1554 nimirum
2452 1542 2468 1566 ,
2502 1501 2644 1553 facta
2673 1508 2853 1564 esset,
2896 1501 3203 1555 ostendens
3238 1498 3539 1565 unicuique

1965 1590 2112 1644 viam
2169 1592 2405 1654 salutis,
2456 1598 2509 1645 et
2556 1591 2788 1659 iustitiae
2822 1605 2988 1658 opera
3036 1590 3355 1656 explicans,
3393 1598 3538 1642 esset

1968 1681 2154 1737 forsan
2189 1683 2409 1737 virtutis
2442 1681 2923 1750 contemptoribus
2972 1680 3351 1733 excusationis
3397 1681 3540 1731 ratio

1968 1790 2076 1828 non
2144 1774 2397 1837 inﬁrma,
2447 1773 2593 1844 quod
2660 1772 2878 1842 penitus
2938 1772 3193 1841 ignorent
3246 1770 3378 1839 quid
3427 1768 3538 1822 Deo

285 1864 509 1934 αἱτησιν
532 1865 641 1918 τῶν
680 1866 741 1918 οὐ
774 1865 975 1936 σφόδρα
1000 1863 1396 1934 φιλεργοῦντων
1444 1865 1523 1923 εἰς
1550 1861 1749 1933 ἀρετὴν
1769 1898 1785 1924 ,
1825 1862 1857 1930 ἡ

1969 1865 2191 1932 placeat,
2240 1863 2471 1932 ideoque
2506 1863 2720 1915 veniam
2754 1870 2936 1929 petere
2982 1860 3215 1929 possint.
3266 1859 3402 1910 Cum
3438 1873 3537 1910 au-

282 1950 396 2005 τῶν
438 1952 784 2022 ἀρεσκόντων
826 1952 943 2022 Θεῷ
990 1951 1258 2020 παντελὴς
1304 1950 1550 2020 ἀμαθία·
1585 1950 1758 2021 ταύτῃ
1784 1967 1863 2001 τοι

287 2039 619 2109 συγγνώμης
656 2038 933 2105 ἀξιοῦσθαι
966 2042 1324 2113 παρακαλεῖν.
1387 2040 1605 2111 Ἐπειδὴ
1638 2040 1693 2093 δὲ
1729 2041 1865 2111 πρὸς

288 2133 535 2195 ἅπαντας
565 2135 594 2186 ὁ
618 2134 716 2204 τῆς
746 2134 1081 2203 εἰσηγήσεως
1123 2130 1281 2199 λόγος
1311 2130 1645 2200 πεποίηται,
1694 2127 1775 2191 τίς
1799 2126 1864 2182 ἂν

289 2226 376 2293 εἴη
416 2224 598 2277 λοιπὸν
645 2224 675 2277 ό
705 2225 804 2294 τῆς
846 2222 1230 2294 παραιτήσεως
1271 2220 1463 2288 λόγος,
1515 2219 1751 2289 ῆποίοις
1798 2218 1864 2272 ἂν

288 2313 551 2385 χρήσαιτὸ
593 2331 674 2377 τις
701 2317 835 2382 πρὸς
865 2312 954 2365 τὸν
977 2310 1229 2382 κρίνοντα
1261 2309 1438 2379 λόγοις
1459 2349 1472 2371 ,
1510 2310 1603 2361 ἐπὶ
1637 2310 1750 2372 τοῖς
1780 2308 1863 2360 al-

291 2406 531 2476 σχίστοις
584 2404 721 2474 μετά
759 2404 855 2471 τὴν
895 2401 1096 2472 γνῶσιν
1141 2400 1660 2473 κατηγορούμενος;
1705 2401 1769 2453 Εἰ
1809 2400 1866 2453 δὲ

290 2497 421 2566 περί
450 2496 625 2565 μόνων
656 2495 806 2562 λέγοι
830 2494 977 2546 τουτὶ
997 2494 1104 2546 τῶν
1151 2491 1416 2545 Ἰουδαίων
1449 2494 1477 2545 ὁ
1509 2491 1735 2563 Κύριος,
1770 2489 1865 2543 ἆτε

288 2588 356 2658 δὴ
396 2588 487 2641 καὶ
517 2568 775 2649 πολλάκις
805 2586 1234 2656 ἀκροασαμένων
1272 2584 1630 2646 διδάσκοντος,
1661 2583 1752 2635 καὶ
1778 2582 1866 2634 οὐ·

289 2680 379 2731 δὲν
404 2678 747 2748 ἠγνοηκότων
776 2677 885 2730 τῶν
906 2678 1006 2731 ὅσα
1035 2677 1410 2730 διεκελεύσατο
1437 2677 1653 2747 φρονεῖν
1684 2692 1741 2728 τε
1772 2675 1866 2728 καὶ

288 2771 446 2841 δρᾷν,
482 2768 672 2841 ἐκδέξῃ
701 2769 945 2823 τοιῶσδε’
977 2770 1089 2839 Τῆς
1120 2768 1220 2838 μὲν
1253 2768 1520 2838 ὑμετέρας
1537 2767 1637 2819 οὐκ
1661 2765 1868 2830 ἀνέξον-

287 2880 380 2919 ται
410 2861 548 2915 διδαι
567 2860 783 2924 κοιλίας,
830 2862 1027 2930 φησὶν,
1076 2860 1356 2913 ἐποίσουσι
1395 2859 1450 2911 δὲ
1502 2858 1864 2927 πειρασμοὺς,

289 2953 387 3007 καὶ
406 2953 698 3022 διωγμοὺς,
713 2952 807 3005 καὶ
824 2953 930 3005 πᾶν
952 2947 1088 3014 εἶδος
1111 2952 1240 3020 ὑμῖν
1258 2951 1570 3021 ἐννοήσουσι
1595 2948 1865 3018 θορύϐων,

290 3045 388 3099 καὶ
430 3046 510 3107 εἰς
555 3046 707 3113 μῖσος
752 3043 934 3097 ἄδικον
976 3045 1040 3095 ἐκ
1094 3042 1320 3113 πικρίας
1375 3033 1866 3109 ἀνακαυθήσονται,

289 3134 676 3205 πλημμέλημα
708 3134 806 3203 μὲν
838 3134 990 3188 οὐδὲν
1016 3133 1226 3203 ἔχοντες
1258 3134 1430 3184 εἰπεῖν
1454 3172 1469 3197 ,
1507 3130 1867 3199 ἐγκαλοῦντες

1969 1962 2074 2007 tem
2110 1952 2378 2006 doctrinae
2410 1967 2591 2006 sermo
2622 1951 2688 2003 ad
2721 1966 2915 2005 omnes
2953 1951 3257 2019 pertineat,
3286 1963 3536 2017 quamam

1967 2045 2182 2098 demum
2220 2046 2322 2098 erit
2365 2043 2668 2099 excusandi
2724 2042 2905 2102 ratio.
2957 2050 3051 2094 aut
3101 2042 3307 2110 quibus
3361 2040 3540 2093 verbis

1967 2137 2107 2205 apud
2143 2135 2391 2190 Judicem
2445 2143 2684 2199 utemur,
2738 2134 3191 2202 turpissimarum
3242 2133 3537 2186 criminum

1966 2238 2091 2298 post
2145 2228 2519 2297 cognitionem
2570 2225 2882 2295 postulati?
2917 2223 3074 2288 Quod
3122 2223 3167 2276 si
3220 2222 3287 2275 de
3336 2221 3542 2275 Iudaeis

1966 2324 2178 2369 tantum
2217 2317 2320 2369 hoc
2349 2315 2500 2368 dicat
2532 2313 2830 2377 Dominus,
2860 2320 3052 2381 utpote
3098 2312 3191 2381 qui
3245 2326 3391 2379 sarpe
3444 2310 3541 2363 do—

1968 2416 2184 2461 centem
2217 2407 2398 2475 ipsum
2437 2404 2767 2468 audierant,
2804 2404 3055 2473 nihilque
3090 2404 3421 2473 ignorabant
3445 2418 3541 2456 eo-

1969 2514 2087 2550 rum
2120 2513 2241 2565 qua:
2276 2496 2484 2551 sentire
2515 2504 2610 2549 aut
2644 2495 2823 2549 facere
2845 2495 3125 2563 jusserat,
3160 2494 3216 2547 in
3245 2494 3392 2547 hunc
3423 2509 3541 2548 mo—

1967 2586 2094 2640 dum
2127 2587 2403 2655 accipies:
2430 2583 2681 2638 Vestram
2716 2583 3023 2638 doctrinam
3054 2597 3163 2636 non
3210 2582 3412 2648 ferent,
3457 2583 3544 2636 in-

1966 2683 2106 2754 quit,
2142 2681 2236 2736 sed
2286 2680 2619 2734 tentationcs
2647 2686 2702 2733 et
2733 2678 3150 2748 persecutiones
3198 2678 3541 2740 excitabunt,

1964 2782 2018 2827 et
2046 2772 2254 2824 nullum
2290 2785 2397 2823 non
2435 2769 2673 2838 lapidem
2700 2769 2754 2821 iu
2781 2784 2874 2820 vos
2917 2767 3235 2839 movebunt,
3262 2774 3316 2820 et
3345 2767 3536 2835 iniquo

1968 2864 2022 2917 in
2070 2879 2168 2917 vos
2210 2862 2480 2917 ardebunt
2528 2861 2692 2927 odio,
2741 2860 2875 2914 nihil
2922 2861 3070 2914 aliud
3117 2861 3340 2914 crimini
3387 2862 3545 2917 vobis

1969 2954 2196 3016 dantes,
2231 2955 2336 3008 nisi
2372 2952 2517 3022 quod
2554 2968 2640 3006 me
2669 2952 2935 3020 diligatis.
2975 2949 3083 3005 Sed
3116 2950 3543 3006 l'uriosissimam

1970 3059 2122 3099 suam
2155 3043 2539 3098 crudelitatem
2585 3042 2714 3096 fuco
2748 3043 3040 3095 verborum
3075 3050 3356 3112 tegentes,
3390 3052 3446 3097 et
3480 3044 3547 3098 li—

1970 3135 2175 3191 bidinis
2205 3150 2317 3190 suae
2370 3134 2631 3203 probrum
2665 3133 2974 3199 diluentes,
3019 3132 3211 3187 Mosen
3257 3135 3447 3203 utique
3494 3145 3548 3189 et

286 3223 348 3281 δε
398 3227 565 3297 μόνην
599 3226 817 3296 ἀγάπην
845 3227 945 3297 τὴν
991 3227 1070 3289 εἰς
1103 3226 1222 3295 ἐμέ.
1266 3223 1768 3293 Κατασοφιζόμενοι
1810 3221 1866 3275 δὲ

1969 3228 2209 3283 Mosaica
2268 3227 2522 3281 mandata
2576 3224 2897 3292 profereut,
2951 3239 3017 3278 ac
3074 3228 3270 3295 patriis
3329 3228 3545 3296 legibus

289 3316 482 3389 ὥσπερ
503 3318 601 3387 τῆς
630 3317 839 3371 ἑαυτῶν
871 3317 1125 3380 ἀπονοίας
1159 3317 1253 3388 τὴν
1276 3318 1569 3388 ὠμότητα,
1588 3318 1683 3370 καὶ
1703 3316 1764 3369 τὸ
1802 3316 1867 3369 ἐκ

288 3412 392 3479 τῆς
424 3408 753 3480 ἡδυπαθείας
800 3405 985 3478 αἶσχος
1038 3407 1495 3478 ἀποτριϐόμενοι,
1556 3406 1762 3467 Μωσέα
1803 3406 1867 3476 δὴ

292 3500 514 3562 πάντως
557 3498 953 3569 προϐαλοῦνται
998 3498 1092 3553 καὶ
1113 3497 1181 3551 τὰ
1217 3497 1481 3560 Μωσέως,
1514 3497 1867 3562 συνασπίζειν

290 3593 351 3645 δὲ
379 3591 568 3659 ὥσπερ
607 3591 720 3646 τοῖς
752 3588 1019 3660 πατρῴοις
1046 3589 1464 3656 ὑποκρινοῦνται
1490 3587 1674 3656 νόμοις
1697 3604 1712 3619 ο
1753 3588 1869 3642 ἀλλ’

295 3685 347 3734 εἰ
393 3681 490 3749 μὲν
533 3680 608 3748 μὴ
639 3677 809 3731 ἐλθὼν
841 3682 937 3748 τῆς
974 3680 1059 3732 διὰ
1086 3679 1329 3741 Μωσέως
1375 3677 1594 3748 ἐντολῆς
1637 3680 1697 3731 οὐ
1729 3697 1871 3748 παρ-

301 3771 481 3833 έδειξα
510 3770 578 3822 τὰ
602 3769 867 3839 βελτίονα,
896 3771 943 3820 εἰ
968 3770 1040 3839 μὴ
1064 3769 1149 3821 διὰ
1178 3768 1386 3821 πολλῶν
1410 3768 1874 3840 πεπληροφόρηκα

299 3858 493 3926 λόγων,
516 3858 591 3920 ὡς
621 3856 704 3926 εἴη
739 3857 834 3926 μὲν
856 3857 955 3927 ἤδη
984 3857 1171 3927 καιρὸς
1206 3856 1274 3909 τά
1301 3858 1356 3909 ἐν
1383 3856 1538 3927 τύπῳ
1570 3856 1873 3928 παρελάσαι

300 3950 504 4006 ὶοιπὸν.
527 3951 618 4002 καὶ
630 3950 711 4002 ὅτι
727 3948 1019 4018 σχημάτων
1038 3949 1135 4018 μὲν
1150 3949 1267 4012 ἃλις
1284 3950 1374 4003 καὶ
1392 3951 1570 4014 σκιᾶς,
1588 3949 1706 4022 ὥρα
1717 3950 1771 4004 δὲ
1786 3952 1876 4006 αὐ-

292 4044 393 4112 τὴν
414 4040 727 4111 ἀναλάμψαι
750 4041 845 4113 τὴν
867 4040 1122 4112 ἀλήθειαν
1142 4059 1153 4071 ·
1179 4043 1323 4113 εἰμὴ
1338 4041 1495 4096 τοῦτο
1520 4043 1612 4097 καὶ
1632 4043 1690 4109 ἐξ
1709 4043 1872 4097 αὑτοῦ

289 4138 503 4206 δέδειχα
526 4134 1035 4206 νόμου,σα;ρέστατα
1053 4133 1226 4202 λέγων
1244 4150 1257 4163 ’
1287 4152 1306 4184 ι
1330 4135 1393 4187 Εἰ
1414 4135 1727 4188 ἐπιστεύετε
1745 4137 1873 4189 Μω-

291 4233 397 4293 σεί,
420 4226 731 4281 ἐπιστεύετε
755 4225 820 4281 ἂν
842 4225 965 4296 ἐμοί
987 4242 999 4255 ·
1033 4226 1160 4296 περ)⁸
1188 4226 1298 4297 γάρ
1322 4225 1456 4296 ἐμοῦ
1477 4227 1684 4289 ἐκεῖνος
1704 4226 1873 4298 ἔγρα-

284 4323 409 4389 ψεν·
440 4341 459 4372 ι
487 4323 535 4373 εί
568 4318 643 4390 μὴ
669 4321 787 4382 ταῖς
813 4318 921 4371 τῶν
957 4317 1251 4388 προφητῶν
1278 4320 1607 4390 μαρτυρίαις
1639 4319 1873 4389 συνῳδὸν

286 4412 465 4477 ἔδειξα
484 4412 574 4463 τὸν
597 4409 833 4479 ἐμαυτοῦ
848 4407 1026 4476 λόγον,
1044 4408 1140 4461 καὶ
1165 4409 1263 4478 τῆς
1285 4409 1425 4479 ἐμῆς
1445 4410 1750 4480 παρουσίας
1770 4409 1871 4479 τὴν

284 4501 517 4570 δύναμιν
542 4498 940 4572 προρρηθεῖσαν
957 4516 1013 4551 τε
1030 4498 1129 4568 ἤδη
1148 4499 1240 4551 καὶ
1257 4516 1391 4569 κεκη
1402 4501 1696 4571 ρυγμένηψ
1714 4500 1871 4571 ἔσχον

285 4594 355 4646 ἂν
388 4592 646 4663 ἀφορμὰς
673 4591 925 4658 εὐλόγους
952 4590 1051 4658 τῆς
1084 4590 1202 4641 κατ’
1238 4589 1370 4657 ἐμοῦ
1416 4592 1510 4645 καί
1550 4590 1705 4660 ὑμῶν
1737 4592 1872 4644 ἀπο.

289 4683 457 4742 νοίας.
503 4680 722 4749 Ἐπειδὴ
757 4679 813 4731 δὲ
845 4677 1270 4747 παραλέλειπται
1313 4679 1411 4747 μὲν
1445 4668 1618 4747 οὐδὲν,
1649 4680 1867 4753 εἴρηται

286 4776 345 4827 δὲ
376 4775 521 4828 ἆπαν
541 4816 556 4838 ,
615 4775 739 4827 ὅσον
778 4768 912 4846 ἧκεν
944 4773 1116 4825 εἰπεῖν
1153 4773 1445 4839 ἀναγκαῖον
1468 4813 1482 4837 ,
1535 4777 1775 4838 εἰκαῖος,
1809 4772 1868 4837 ὂς

287 4867 477 4927 αὐτοῖς
521 4866 600 4925 εἰς
633 4864 904 4934 πρόφασιν
952 4862 1372 4933 ἐπινοηθήσεται
1403 4863 1557 4932 λόγος
1585 4865 1686 4933 τῆς
1723 4864 1869 4918 οὕτω

288 4956 510 5025 γυμνῆς
540 4954 831 5025 ἁμαρτίας.
874 4953 1090 5020 Ταύτην
1126 4946 1280 5023 οἶμαι
1313 4953 1426 5007 δεῖν
1466 4957 1580 5019 τοῖς
1619 4955 1713 5009 τοῦ
1752 4957 1867 5008 Σω-

288 5047 457 5116 τῆρος
493 5046 671 5113 λόγοις
716 5046 1026 5116 ἐφαρμόσαι
1070 5045 1191 5098 νυνί
1229 5044 1327 5116 τὴν
1369 5045 1628 5103 διάνοιαν.
1671 5046 1870 5117 ’Δσύγ-

285 5154 510 5204 γνωστα
541 5137 599 5190 δὲ
642 5139 752 5201 τοῖς
789 5139 868 5199 εἰς
911 5136 1072 5189 αὐτὸν
1107 5136 1520 5207 πλημμελοῦσιν
1559 5138 1869 5203 ἐπιδεικνὺς

285 5228 359 5281 τὰ
391 5227 736 5298 ἐγκλήματα,
770 5229 862 5282 καὶ
892 5227 1324 5297 κολασθήσεσθαι
1353 5245 1484 5281 ποτε
1518 5229 1644 5293 τοὺς
1670 5231 1740 5285 τὰ
1763 5249 1872 5285 τοι·

285 5317 435 5371 αῦτα
463 5316 775 5385 τολμῶντας
806 5315 979 5369 εἰπὼν
1001 5355 1017 5379 ,
1075 5318 1428 5386 παραιρεῖται
1475 5317 1575 5387 τῆς
1604 5315 1778 5388 λύπης
1807 5320 1868 5372 τὸ

284 5411 455 5463 πλέον
480 5413 576 5463 καὶ
605 5409 936 5463 ὑποκλέπτει
968 5408 1167 5478 σοφῶς,
1189 5409 1327 5481 ὅπερ
1356 5406 1424 5481 ἦν
1450 5411 1596 5475 εἰκὸς
1625 5413 1867 5467 ἀνιάσειν

281 5503 350 5557 οὐ
390 5501 626 5572 μετρίως
660 5500 875 5564 αὐτούς.
910 5499 1147 5571 Φορητὸν
1188 5499 1297 5571 γὰρ
1340 5500 1453 5554 ἔσθ’
1483 5503 1572 5555 ὅτε
1604 5504 1718 5567 τοῖς
1757 5502 1870 5557 ἀδι-

283 5594 577 5659 κουμένοις
615 5593 715 5665 τὴν
758 5592 1069 5658 πλεονεξίαν
1111 5594 1440 5664 ἐργάζεται,
1492 5594 1556 5649 τὺ
1581 5594 1868 5666 ἀραρότως

371 5777 570 5836 'Joau.
616 5797 665 5847 ν,
700 5781 784 5837 46.
896 5787 938 5818 ¹⁶
967 5779 1124 5846 Rom.
1167 5807 1263 5857 xu,
1300 5791 1384 5846 19.

1972 3319 2374 3390 quodammodo
2423 3335 2483 3373 se
2536 3316 2871 3387 patrocinari
2926 3314 3281 3371 simulahunt.
3341 3316 3543 3371 Verum

1973 3410 2081 3466 nisi
2132 3410 2200 3463 ad
2249 3424 2345 3464 eos
2394 3406 2672 3477 profectus
2719 3405 2964 3458 Mosaico
3009 3405 3266 3459 mandato
3318 3407 3544 3462 meliora

1972 3501 2316 3564 docuissem,
2372 3498 2475 3551 nisi
2529 3497 2720 3551 multis
2752 3494 2913 3565 905
2955 3495 3266 3551 rationibus
3312 3496 3547 3551 demon-

1972 3604 2236 3647 Strassem
2270 3602 2480 3659 tempus
2508 3605 2630 3644 esse
2659 3589 2878 3643 demum
2910 3597 2968 3642 ut
2998 3587 3184 3657 ﬁgurae
3220 3596 3541 3654 transeant,

1973 3699 2272 3753 earumque
2307 3684 2444 3738 satis
2477 3682 2649 3736 fuisse
2707 3680 2974 3734 hactenus
3029 3687 3083 3735 et
3122 3679 3367 3732 umbrae:
3405 3689 3544 3734 tem-

1975 3791 2077 3845 pus
2109 3783 2290 3829 autem
2320 3789 2444 3828 esse
2481 3781 2539 3827 ut
2585 3774 2702 3842 ipsa
2749 3773 2954 3826 veritas
2998 3772 3245 3834 eluceat;
3292 3771 3399 3824 nisi
3443 3771 3547 3833 hoc

1974 3866 2139 3921 etiam
2173 3882 2242 3919 ex
2271 3867 2389 3935 ipsa
2440 3864 2558 3933 lege
2607 3863 3082 3918 demoustrassem
3113 3900 3129 3924 .
3197 3859 3547 3929 apertissime

1974 3958 2166 4013 dicens
2196 3977 2208 4012 :
2240 3976 2258 4008 ί
2295 3957 2352 4010 Si
2386 3954 2686 4011 crederetis
2720 3953 2930 4024 Moysi,
2969 3952 3274 4007 crederetis
3316 3952 3543 4005 forsitan

1973 4061 2028 4108 et
2063 4052 2228 4119 mihi;
2260 4050 2328 4106 de
2363 4065 2449 4105 me
2482 4049 2626 4105 enim
2662 4049 2752 4102 ille
2786 4046 3011 4117 scripsit
3038 4048 3090 4112 ';
3119 4065 3137 4098 ι
3166 4045 3270 4099 nisi
3307 4045 3548 4116 prophe-

1973 4150 2152 4197 tarum
2188 4142 2520 4197 testimoniis
2559 4148 2990 4195 consentaneam
3025 4137 3334 4192 doctrinam
3372 4152 3544 4191 meam

1974 4233 2382 4300 ostendissem,
2442 4233 2659 4302 meique
2718 4232 2989 4285 adventus
3055 4229 3164 4282 vim
3225 4228 3544 4298 praedictam

1973 4342 2093 4381 esse
2127 4340 2192 4380 ac
2227 4325 2682 4395 przenuutiatam:
2716 4323 2985 4376 baberent
3013 4336 3147 4374 sane
3176 4335 3400 4374 causam
3437 4328 3545 4371 tam

1973 4417 2028 4471 in
2076 4433 2161 4472 me
2191 4432 2354 4486 quam
2401 4416 2456 4469 in
2508 4431 2605 4471 vos
2658 4413 3000 4483 insurgendi.
3048 4411 3183 4466 Cum
3235 4420 3415 4464 autem
3467 4410 3547 4461 ni-

1976 4507 2052 4560 hil
2089 4505 2521 4577 przetermissum
2559 4505 2666 4569 sit,
2703 4503 2798 4556 sed
2846 4516 3189 4570 quacunque
3232 4500 3547 4552 necessaria

1972 4606 2130 4650 erant
2164 4596 2414 4663 exposita
2454 4593 2691 4659 fuerint,
2731 4607 2870 4644 vana
2903 4601 2987 4645 est
3016 4605 3403 4660 quamcunque
3450 4588 3548 4640 dc-

1969 4702 2116 4740 mum
2156 4686 2372 4739 allaturi
2414 4694 2541 4740 sunt
2582 4694 2696 4737 tam
2736 4683 2911 4753 aperti
2949 4680 3208 4736 criminis
3237 4677 3545 4732 excusatio.

1969 4779 2126 4832 Hunc
2156 4793 2287 4848 ergo
2320 4776 2631 4831 Servatoris
2658 4776 2842 4830 verbis
2869 4789 3092 4829 sensum
3126 4769 3549 4825 accommodan-

1967 4873 2095 4926 dum
2120 4872 2379 4925 arbitror.
2406 4868 2764 4924 Ostendendo
2791 4881 2920 4921 vero
2952 4865 3157 4919 nullam
3192 4862 3306 4915 fore
3334 4860 3545 4912 veniam

1974 4959 2279 5014 sceleribus
2316 4959 2370 5011 in
2412 4958 2588 5026 ipsum
2640 4956 2925 5016 admissis,
2958 4962 3012 5008 et
3056 4952 3371 5021 quicunque
3419 4948 3547 5000 talia

1975 5048 2093 5102 ausi
2123 5046 2328 5102 fuerint
2358 5044 2659 5114 aliquando
2691 5045 2945 5118 punitum
2982 5042 3086 5103 iri,
3122 5040 3414 5092 maximam
3447 5036 3546 5089 do-

1976 5139 2106 5194 loris
2140 5148 2349 5208 partem
2397 5146 2612 5191 amovet
2660 5151 2723 5191 ac
2769 5136 3048 5205 sapienter
3095 5131 3355 5186 subducit
3397 5130 3544 5197 quod

1975 5246 2083 5284 non
2123 5230 2455 5285 mediocrem
2491 5228 2572 5283 eis
2603 5241 2860 5298 angorem
2898 5225 3190 5277 allaturum
3227 5220 3539 5274 videbatur.

1976 5320 2235 5388 lnjuriam
2270 5319 2469 5389 quippe
2501 5319 2714 5388 aquius
2750 5318 2961 5378 ferunt,
3005 5313 3095 5382 qui
3131 5311 3253 5379 ejus
3287 5318 3544 5365 auctores

1976 5426 2165 5480 pcenas
2196 5412 2267 5467 ob
2292 5426 2410 5466 eam
2443 5410 2672 5464 daturos
2708 5407 2813 5463 sibi
2844 5403 3201 5475 persuadent.
3233 5402 3386 5469 Quod
3419 5417 3541 5456 cum

1975 5504 2079 5574 ipsi
2111 5520 2329 5575 quoque
2352 5511 2542 5558 notum
2569 5508 2715 5556 esset
2746 5496 2988 5552 universi
3019 5493 3252 5548 Domino
3278 5512 3291 5548 :
3323 5512 3342 5545 ι
3371 5492 3540 5559 Mihi,

1978 5596 2174 5668 inquit,
2197 5597 2439 5653 vindicta
2468 5614 2482 5653 :
2512 5609 2612 5665 ego
2639 5590 2943 5647 retribuam
2962 5628 2977 5654 ,
3004 5586 3138 5643 dicit
3160 5582 3536 5642 Dominus“.n
