4024 6262
524 407 619 462 ιιι

1510 401 1566 457 S.
1609 399 1886 458 CYRILLI
1914 401 2387 458 ALEXANDRINI
2423 401 2740 457 ARCHIEP.

3678 397 3777 453 M2

523 516 629 572 Sed
666 524 722 572 et
755 518 870 588 ipse
901 518 1099 572 beatus
1132 513 1362 576 Paulus,
1393 527 1421 565 a
1456 512 1696 583 quodam
1716 513 1968 585 principe
2004 529 2094 568 sa-

2215 515 2408 569 ιῖεσθαι
2440 515 2596 578 δίκας
2628 515 2735 568 τῶν
2784 512 3287 585 πλημμεληθέντων
3335 512 3617 566 ἀποτίσειν
3659 514 3778 575 τοὺς

522 609 802 664 cerdotum
839 623 1050 672 cazsus,
1098 604 1453 659 acerbitatem
1503 604 1784 674 plagarum
1829 603 1932 657 hac
1976 603 2091 673 ipsa

523 699 736 754 ratione
775 697 1067 768 mitigavit.
1107 694 1246 761 Quid
1283 695 1430 750 enim
1466 694 1654 748 dixit?
1683 712 1700 745 ι
1731 692 2008 748 Percutiet
2042 701 2094 748 te

521 790 700 856 Deus,
730 790 912 859 paries
955 787 1205 843 dealbate
1249 786 1312 840 “.
1345 805 1363 837 ›
1394 783 1739 839 lnfirmitatis
1787 783 1952 855 igitur
1997 784 2101 838 hu-

523 895 698 934 manae
731 878 1034 934 remedium
1070 877 1216 933 istud
1249 891 1470 946 quoque
1509 884 1627 941 est,
1658 890 1908 945 sperare,
1943 875 2095 943 inju-

523 971 732 1024 riarum
783 979 1037 1026 auctores
1088 967 1386 1038 aliquando
1437 981 1560 1023 esse
1612 965 1944 1036 puniendos.
1993 964 2103 1020 Sed

457 1129 461 1134 η
521 1061 761 1116 humana
794 1061 1248 1132 pusillanimitate
1276 1060 1438 1130 longe
1469 1058 1649 1129 potior
1676 1066 1760 1113 est
1793 1056 2059 1111 Dominus
2086 1075 2098 1110 :

522 1169 672 1218 nam,
703 1172 720 1203 ι
749 1151 884 1207 Cum
922 1151 1365 1214 malediceretur,
1400 1165 1511 1204 non
1539 1148 1940 1214 maledicebat;
1975 1161 2102 1200 cum

523 1255 830 1316 pateretur,
862 1259 972 1299 non
1005 1243 1470 1305 comminabatur,
1496 1259 1515 1294 ι
1539 1249 1600 1296 ιιι
1631 1241 1901 1310 scriptum
1923 1247 2009 1294 est
2037 1241 2101 1292 ".

524 1337 710 1390 Czesus
740 1343 919 1390 autem
951 1334 1088 1388 nihil
1119 1333 1318 1388 acerbe
1349 1333 1507 1400 dixit,
1535 1347 1712 1401 neque
1744 1338 1830 1386 est
1861 1330 2106 1385 minatus

524 1428 573 1481 ei
609 1428 700 1497 qui
727 1426 938 1481 caedere
965 1426 1143 1497 ipsum
1176 1439 1346 1480 ausus
1383 1423 1697 1486 fuerat,sed
1733 1419 2024 1476 mitissime
2052 1431 2106 1476 et

530 1520 804 1588 patienter
839 1518 1132 1573 admodum
1164 1535 1176 1571 :
1208 1515 1296 1570 «Si
1317 1517 1476 1579 male,
1497 1514 1696 1585 inquit,
1719 1514 1937 1568 locutus
1959 1515 2105 1574 sum,

524 1609 905 1664 testimonium
934 1609 1161 1679 perhihe
1187 1608 1254 1662 de
1282 1607 1461 1662 malo:
1489 1608 1535 1662 si
1561 1614 1743 1660 autem
1771 1605 1912 1660 bene
1934 1644 1949 1668 ,
1972 1602 2105 1674 quid

527 1717 615 1756 me
645 1701 813 1756 caedis
850 1702 935 1753 "?
962 1719 979 1751 ›
1009 1699 1150 1755 Vere
1177 1701 1345 1769 igitur
1373 1715 1401 1753 a
1434 1697 1716 1769 prophetis
1747 1697 1955 1751 dictum
1986 1704 2102 1750 est:

533 1810 552 1844 ι
584 1792 722 1858 Quis
755 1793 808 1846 in
840 1793 1080 1848 nubibus
1121 1793 1431 1864 aequabitur
1463 1791 1725 1852 Domino,
1776 1798 1829 1846 et
1862 1790 1990 1860 quis
2027 1789 2104 1844 si—

527 1884 675 1940 milis
706 1885 813 1939 erit
846 1883 1082 1938 Domino
1114 1884 1257 1938 inter
1287 1883 1426 1938 filios
1453 1881 1547 1936 Dei
1580 1881 1667 1934 “1'
1697 1900 1713 1932 ι

2205 607 2306 676 τῆς
2338 607 2647 673 πλεονεξίας
2675 607 2932 677 ἐργάτας.
2983 607 3094 659 Καὶ
3131 605 3290 658 τοῦτο
3316 604 3471 667 είδὼς
3497 606 3593 658 καὶ
3624 603 3777 668 αὐτὸς

2206 699 2235 749 ὁ
2274 697 2490 750 πάντων
2518 699 2793 768 Δεσπότης
2817 741 2830 759 ,
2871 717 2888 748 ι
2925 697 3102 768 Ἐμοὶ,
3131 697 3314 767 φησὶν,
3347 697 3648 766 ἐκδίκησις.
3673 693 3779 759 ἐγὼ

2205 787 2597 849 ἀνταποδώσω,
2649 789 2797 856 λέγει
2822 787 3044 860 Κύριος.
3073 807 3091 838 ι
3143 785 3305 841 Ἀλλά
3344 787 3437 839 καὶ
3467 785 3629 848 αὐτὸς
3652 786 3781 854 ἡμῖν

2205 877 2234 928 ὁ
2270 879 2536 949 μακάριος
2558 878 2788 946 Παῦλος,
2823 880 2927 932 ὑπό
2952 896 3095 942 τινος
3119 879 3226 940 τῶν
3251 877 3558 949 ἀρχιερέων
3584 862 3794 929 τιιπτὸο⁸

2210 985 2388 1038 μενος,
2412 969 2513 1038 τῆς
2544 970 2638 1023 ἐπὶ
2663 970 2739 1041 τῷ
2776 971 3005 1041 πάσχειν
3036 971 3263 1042 πικρίας
3289 970 3391 1038 οὐχ
3433 968 3627 1039 ἑτέραν
3662 967 3780 1037 ἔσχε

2207 1060 2557 1131 παραψυχὴν,
2586 1061 2618 1132 ἢ
2651 1061 2854 1132 ταύτην
2876 1063 3065 1131 αὑτήν.
3101 1061 3166 1114 Τί
3196 1063 3302 1131 γάρ
3326 1061 3428 1131 ἔφη
3452 1079 3464 1117 :
3507 1079 3526 1110 ‹
3553 1058 3781 1111 Τύπτειν

2208 1167 2267 1204 σε
2305 1151 2488 1221 μέλλει
2526 1153 2554 1204 ὁ
2596 1153 2762 1217 Θεὸς,
2811 1155 2957 1223 τοῖχε
2991 1154 3366 1222 κεκονιαμένε.
3399 1171 3416 1204 ι
3472 1150 3782 1212 Ἀσθενείας

2206 1238 2298 1296 οὖν
2332 1243 2441 1313 ἄρα
2468 1243 2758 1314 φάρμακον
2782 1245 3129 1316 ἀνθρωπίνης
3154 1245 3248 1298 καὶ
3280 1244 3466 1306 τοῦτο,
3501 1243 3596 1296 καὶ
3625 1241 3782 1296 κολά-

2194 1333 2420 1399 -ζεσθαι,
2476 1336 2643 1406 φημί,
2683 1337 2987 1408 προσδοκᾷν
3039 1338 3164 1400 τοὺς
3219 1337 3424 1390 ἀδικεῖν
3474 1335 3780 1404 ἑλομένους.

2206 1425 2487 1496 Κρείττων
2511 1444 2574 1495 γε
2605 1428 2710 1499 μὴν
2730 1469 2744 1492 ,
2772 1430 2864 1482 καὶ
2890 1431 2947 1482 ὲν
2980 1429 3185 1482 πλείονι
3217 1428 3423 1500 μέτρῳ,
3452 1427 3554 1497 τῆς
3577 1426 3785 1496 ἀνθρω-

2207 1517 2368 1585 πίνης
2409 1517 2824 1589 μικροψυχίαςὸ
2854 1521 3080 1591 Κύριος.
3127 1539 3144 1571 ι
3191 1519 3622 1590 Λοιδορούμενος
3657 1517 3781 1587 γὰρ.

2205 1605 2304 1658 οὐκ
2341 1606 2722 1678 ἀντελοιδόρει,
2749 1610 2972 1679 πάσχων
2998 1611 3098 1662 οὐκ
3121 1608 3354 1680 ἠπείλει,
3387 1627 3405 1659 ι
3442 1609 3584 1662 κατά
3612 1607 3672 1659 τὸ
3695 1624 3784 1675 γε·

2206 1698 2547 1767 γραμμένον.
2586 1699 2979 1770 Ῥαπιζόμενος
3014 1701 3104 1765 δὲ,
3135 1701 3389 1773 φορτικὸν
3418 1697 3574 1754 εἶπεν
3599 1700 3782 1762 οὐδὲν,

2206 1790 2328 1843 οὔτε
2357 1793 2461 1863 μὴν
2483 1794 2746 1864 ἠπείλησε
2774 1794 2850 1866 τῷ
2870 1797 3061 1848 παῖσαι
3092 1793 3470 1862 τετολμηκότισ
3502 1791 3782 1862 πραότατα

2206 1881 2264 1934 δὲ
2286 1884 2380 1935 καὶ
2406 1883 2746 1950 ἀνεξικάκως
2778 1885 2976 1955 κομιδῇ
3000 1929 3015 1950 ,
3067 1904 3085 1937 ι
3117 1886 3176 1938 Εἰ
3208 1883 3416 1946 κακῶς,
3447 1883 3634 1953 φησὶν,
3664 1880 3785 1933 ἐλά·

530 1972 689 2043 λησα,
729 1972 1080 2044 μαρτύρησον
1113 1973 1238 2042 περὶ
1261 1971 1354 2024 τοῦ
1383 1969 1552 2024 κακοῦ
1575 1987 1587 2000 ·
1630 1969 1678 2022 εί
1715 1969 1771 2022 δὲ
1801 1967 2012 2031 καλῶς,
2049 1967 2101 2019 τί
2142 1985 2208 2037 με
2243 1970 2455 2042 δέρεις;
2493 1993 2510 2024 ι
2558 1975 2799 2045 Ἀληθῶς
2825 1972 2918 2029 οὖν
2941 1976 3049 2046 ἀρα
3074 1979 3187 2038 τοῖς
3213 1976 3519 2044 προφήταις
3548 1975 3576 2026 6
3613 1973 3786 2040 λόγος,

525 2065 606 2116 ὅτι
639 2083 657 2114 ι
696 2063 790 2125 Τίς
825 2064 883 2116 ὲν
917 2063 1166 2131 νεφέλαις
1201 2061 1521 2133 ίσωθήσεται
1551 2060 1627 2130 τῷ
1665 2061 1880 2131 Κυρίῳ,
1909 2059 1942 2130 ἢ
1979 2060 2059 2122 τίς
2096 2061 2497 2135 ὁμοιωθήσεται
2523 2068 2598 2138 τῷ
2635 2069 2822 2139 Κυρίῳ
2850 2071 2907 2121 ἐν
2934 2069 3073 2131 υἱοῖς
3105 2067 3270 2128 Gem”);
3299 2086 3318 2118 ι

601 2152 718 2218 XV,
761 2153 850 2206 25.
893 2152 995 2218 Qui
1033 2170 1112 2206 me
1152 2152 1294 2218 odit,
1331 2161 1380 2206 et
1410 2151 1628 2206 Patrem
1658 2168 1828 2206 meum
1869 2149 1998 2204 odit.

598 2244 896 2313 lmpietatis
935 2259 1062 2314 erga
1109 2243 1276 2299 Deum
1329 2244 1534 2298 crimen
1576 2243 1646 2298 iis
1686 2241 1980 2296 manifeste
2014 2241 2110 2294 tri-

526 2335 649 2388 buit
675 2335 768 2404 qui
800 2343 982 2390 emota
1006 2351 1069 2389 ac
1091 2335 1301 2390 nefaria
1336 2343 1516 2390 mente
1548 2333 1743 2388 Filium
1771 2335 1899 2388 odio
1916 2349 2110 2402 prose-

527 2432 786 2492 quentur.
829 2425 985 2489 Quod
1027 2424 1252 2494 quidem
1296 2441 1487 2480 verum
1521 2433 1627 2480 est.
1669 2423 1780 2478 Nec
1807 2426 1950 2478 enim
1983 2438 2116 2491 pos-

528 2521 662 2569 sunt
703 2514 758 2566 in
798 2513 1013 2569 Putrem
1059 2530 1166 2567 non
1207 2515 1372 2585 906
1404 2530 1668 2586 peccare,
1698 2515 1794 2584 qui
1831 2521 2117 2568 contume-

530 2602 657 2656 liosi
708 2610 838 2656 sunt
894 2603 947 2656 in
1004 2601 1239 2666 Filium,
1291 2612 1385 2656 aut
1434 2619 1563 2657 eum
1607 2602 1861 2658 oderunt.
1913 2604 2115 2668 Quem-

467 2690 480 2700 ’
531 2693 820 2748 admodum
858 2693 1002 2748 enim
1040 2694 1134 2760 qui
1172 2693 1308 2748 solis
1379 2694 1564 2747 radios
1598 2703 1661 2747 ut
1695 2694 1925 2747 inutiles
1961 2693 2117 2748 ﬂocci

531 2783 813 2854 pendunt,
847 2783 989 2836 idem
1022 2783 1088 2838 de
1121 2784 1238 2837 sole
1267 2786 1388 2853 ipso
1421 2785 1669 2838 sentiunt
1697 2802 1710 2838 :
1745 2794 1799 2838 et
1829 2785 1922 2852 qui
1957 2784 2114 2840 ﬂoris

531 2874 756 2929 odorem
793 2881 1186 2943 aspernantur,
1238 2875 1424 2928 florem
1479 2875 1656 2943 ipsum
1707 2883 2113 2932 contemnunt:

533 2967 615 3020 sic
673 2967 837 3019 etiam
869 2965 936 3020 de
967 2964 1268 3035 Unigenito
1301 2974 1354 3019 et
1389 2964 1509 3034 ejus
1574 2965 1735 3020 Patre
1769 2969 1990 3022 evenire
2019 2983 2117 3037 pn-

535 3057 756 3112 tandum
796 3065 902 3112 est.
943 3057 1055 3112 Nec
1098 3059 1243 3112 enim
1285 3055 1400 3112 fieri
1435 3064 1615 3126 potest
1651 3067 1711 3112 ut
1743 3058 1835 3127 qui
1868 3060 2014 3129 quod
2049 3076 2117 3115 ex

535 3149 720 3218 aliquo
760 3159 845 3204 est
888 3149 1242 3218 vituperant,
1291 3148 1515 3204 laudent
1556 3150 1609 3203 id
1644 3167 1709 3204 ex
1743 3165 1852 3220 quo
1886 3160 1989 3205 est.
2026 3149 2118 3203 ld-

534 3239 686 3293 circo
718 3239 937 3293 dicebat
967 3236 1222 3292 Christus
1254 3236 1459 3292 Judaais
1487 3255 1500 3291 :
1530 3256 1548 3288 ι
1579 3236 1699 3292 Non
1737 3247 1919 3309 potest
1954 3239 2120 3293 arbor

533 3334 678 3385 bona
710 3330 882 3384 malos
919 3328 1129 3383 fructus
1165 3327 1364 3394 facere,
1415 3344 1596 3399 neque
1637 3330 1804 3384 arbor
1835 3330 1976 3383 mala
2023 3330 2152 3384 bo--'

498 3466 505 3473 .
537 3438 640 3478 nos
671 3421 884 3476 fruetus
911 3420 1092 3476 facere
1120 3421 1187 3484 ’⁵,
1219 3439 1238 3472 ι
1267 3436 1393 3474 cum
1438 3423 1602 3475 etiam
1642 3428 1903 3476 accurato
1934 3428 1989 3476 et
2020 3435 2118 3473 cx-

536 3524 661 3571 acto
682 3514 895 3583 judicio
922 3514 1237 3568 discernere
1269 3520 1562 3583 utrumque
1586 3514 1803 3581 juberet
1829 3531 1842 3567 :
1869 3512 2004 3566 «Aut
2031 3511 2113 3564 fa-

534 3608 641 3663 cite
672 3606 924 3661 arborem
957 3607 1155 3660 malam
1179 3645 1194 3671 ,
1227 3613 1281 3660 et
1319 3605 1558 3660 fructum
1588 3606 1709 3675 ejus
1749 3606 1955 3659 malum
1991 3605 2054 3658 ¹⁶.
2091 3622 2109 3654 ι

536 3698 690 3764 Quod
719 3699 864 3753 enim
895 3697 964 3752 de
993 3697 1190 3751 horum
1220 3712 1332 3751 uno
1363 3713 1495 3752 vere
1533 3697 1757 3761 dicitur,
1791 3697 1895 3750 hoc
1927 3696 2118 3764 utique

538 3791 604 3843 ad
640 3789 873 3843 alterum
935 3790 1216 3858 pertinere
1262 3790 1580 3844 necessaria
1619 3804 1720 3844 nos
1762 3789 1906 3842 ratio
1947 3787 2120 3857 adigit

539 3891 598 3935 ut
630 3881 941 3934 credamus.
979 3879 1155 3939 Unius
1185 3880 1334 3934 enim
1382 3889 1593 3935 natura:
1637 3880 1919 3951 quomodo
1965 3894 2120 3934 com-

541 3972 726 4024 munia
760 3986 869 4024 non
895 3978 1057 4024 erunt
1078 3985 1199 4038 qua:
1225 3970 1291 4023 ad
1321 3971 1444 4040 ejus
1474 3971 1689 4026 laudem
1715 3972 2001 4042 spectant,
2027 3980 2122 4024 aut

541 4061 870 4116 infamiam?
902 4060 966 4113 Et
990 4061 1135 4130 quod
1164 4061 1292 4130 quis
1321 4062 1376 4115 in
1405 4064 1581 4117 rivum
1616 4062 1844 4125 fecerit,
1878 4063 1983 4117 hoc
2014 4063 2122 4116 uti-

541 4170 648 4224 que
691 4168 875 4207 nonne
921 4153 974 4205 in
1017 4153 1220 4206 fontem
1268 4154 1448 4222 ipsum
1495 4154 1729 4208 fecerit?
1781 4155 1994 4208 Idcirco
2047 4155 2124 4208 ait

542 4245 800 4299 Christus
831 4263 843 4298 :
878 4263 895 4294 ι
926 4242 1029 4308 Qui
1063 4257 1148 4296 me
1179 4241 1331 4306 odit,
1364 4251 1418 4296 et
1452 4242 1668 4296 Patrem
1703 4259 1881 4297 meum
1917 4243 2054 4297 odit.
2098 4262 2116 4294 ι

544 4337 767 4394 Utiliter
799 4343 981 4388 autem
1027 4341 1080 4388 et
1129 4333 1193 4386 ad
1231 4332 1414 4388 Patris
1444 4349 1736 4403 personam
1782 4334 1946 4389 refert
1977 4336 2122 4405 quod

545 4428 599 4480 in
629 4441 688 4481 se
721 4440 750 4477 a
783 4422 1065 4478 nonnullis
1094 4423 1259 4477 fuerit
1291 4431 1650 4478 attentatum.
1696 4424 1790 4480 His
1817 4427 1964 4480 enim
2005 4442 2125 4480 ver-

545 4517 631 4573 bis
653 4515 1017 4570 certissimam
1044 4514 1202 4569 nobis
1232 4513 1388 4569 fidem
1419 4513 1554 4569 facit
1579 4531 1637 4568 se
1656 4531 1764 4569 non
1793 4516 1960 4568 alium
1979 4531 2122 4582 esse,

544 4609 641 4665 sed
670 4606 924 4664 eumdem
953 4621 1075 4660 cum
1109 4606 1247 4675 ipso,
1267 4608 1596 4662 omnimodae
1616 4608 1927 4662 identitatis
1959 4608 2127 4663 ratio-

2292 2154 2344 2208 Ὀ
2376 2158 2480 2226 ἐμὲ
2506 2158 2724 2227 μισῶν,
2754 2161 2849 2213 καὶ
2890 2161 2997 2212 τὸν
3023 2159 3252 2228 Πατέρα
3273 2176 3393 2228 μου
3416 2156 3603 2225 μισεῖ.

2299 2247 2614 2323 Ἀοεότητος
2642 2249 2893 2321 ἔγκλημα
2923 2251 3204 2321 καθορίζει
3239 2248 3428 2318 σαφῶς
3456 2248 3566 2301 τῶν
3613 2248 3672 2311 ἐξ
3703 2249 3792 2300 ἀν-

2214 2337 2359 2390 οσίου
2384 2337 2606 2409 γνώμης
2631 2340 2724 2392 καὶ
2750 2341 2946 2408 φρενὸς
2974 2339 3454 2412 ὲκκεκρουσμένης
3487 2340 3666 2408 μισεῖν
3693 2337 3791 2389 a15-

2215 2428 2305 2480 τὸν
2335 2429 2622 2499 ἑλομένων.
2655 2432 2762 2484 Καὶ
2784 2431 2890 2502 γάρ
2913 2434 3058 2484 ἐστιν
3081 2431 3299 2501 ἀληθές.
3335 2431 3409 2483 Οὐ
3439 2429 3547 2500 γὰρ
3577 2427 3794 2496 ἀφέξον-

2213 2537 2302 2571 ται
2328 2521 2425 2588 τῆς
2467 2523 2549 2585 εἰς
2589 2522 2679 2576 τὸν
2711 2524 2931 2594 Πατέρα
2976 2523 3389 2594 πλημμελείας,
3441 2523 3491 2574 οἱ
3527 2521 3618 2574 τὸν
3667 2519 3792 2573 Υίδν

2215 2611 2575 2680 ἀτιμάζοντες
2595 2616 2629 2676 ,⁸
2659 2615 2826 2683 ἤγουν
2868 2614 2950 2667 ὅτι
2992 2614 3192 2685 πρέπει
3247 2615 3425 2684 μισεῖν
3469 2614 3788 2679 ἐγνωκότες.

2217 2700 2424 2770 Ὅνπερ
2467 2701 2576 2773 γὰρ
2601 2704 2802 2774 τρόπον
2841 2704 2938 2774 τὴν
2966 2704 3059 2757 τοῦ
3099 2704 3249 2774 ἡλίου
3285 2701 3690 2775 μαρμαρυγὴν,
3722 2700 3794 2762 ὡς

2215 2791 2302 2842 ἐπ’
2326 2791 2500 2842 οὐδενὶ
2521 2791 2628 2844 τῶν
2649 2792 2960 2860 ἀναγκαίων
2982 2792 3165 2860 φαίνοι
3195 2808 3253 2844 τε
3279 2792 3372 2844 καὶ
3401 2790 3660 2859 ὑπάρχοι,
3680 2787 3792 2839 δια-

2217 2880 2471 2951 σύροντες
2511 2882 2609 2944 τὰς
2651 2883 2749 2952 τῆς
2781 2883 3139 2952 ἀχρειότητος
3183 2883 3397 2944 αίτίας,
3453 2879 3549 2933 καὶ
3590 2878 3687 2947 τὴν
3715 2878 3797 2929 ἐπ’

2215 2973 2352 3041 αὐτῇ
2381 2970 2582 3041 ψῆφον,
2599 2974 2678 3034 εἰς
2709 2971 2873 3024 αὑτὸν
2896 2970 3236 3023 ἀνατείνουσι
3261 2971 3351 3023 τὸν
3377 2969 3436 3035 ἐξ
3461 2964 3636 3039 οὗπερ
3662 2968 3797 3020 ἐστί·

2216 3063 2310 3116 καὶ
2354 3063 2569 3133 ὅτῳπερ
2616 3062 2680 3116 ἂν
2716 3062 2950 3116 κακύναι
2993 3062 3123 3133 δοκῇ
3159 3062 3258 3130 τὴν
3299 3060 3359 3125 ἐξ
3395 3059 3604 3114 ἀνθέων
3640 3060 3801 3128 τυχὸν

2217 3153 2478 3218 εὐωδίαν,
2526 3155 2614 3206 ἐπ’
2639 3156 2816 3206 ἐκεῖνο
2861 3155 2924 3224 δὴ
2957 3153 3174 3217 πάντως
3211 3152 3418 3206 ἀνοίσει
3448 3151 3510 3204 τὸ
3547 3150 3801 3219 ἔγκλημα

2218 3245 2306 3298 τὸν
2337 3244 2396 3310 ὲξ
2423 3239 2591 3316 οὗπερ
2626 3245 2690 3299 ἀν
2717 3246 2956 3298 τίκτοιτο
2980 3263 2994 3277 ο
3029 3245 3120 3299 τὸν
3152 3244 3334 3306 αὑτὸν,
3363 3239 3539 3312 οἶμαι,
3576 3243 3802 3313 τρόπον,

2218 3337 2308 3390 ὲπί
2345 3354 2406 3406 γε
2434 3337 2525 3391 τοῦ
2551 3337 2912 3405 Μονογενοῦς,
2952 3339 3046 3390 καὶ
3075 3334 3170 3390 τοῦ
3191 3335 3441 3400 τεκόντος
3474 3335 3644 3388 αὑτὸν
3671 3351 3805 3403 συμ-

2221 3429 2468 3499 ϐήσεται.
2522 3429 2596 3481 Οὐ
2626 3427 2734 3499 γὰρ
2766 3428 2900 3495 ἐστι,
2935 3429 3035 3482 οὐκ
3067 3427 3181 3481 ἔστι
3218 3425 3632 3495 καταψέγοντάς
3653 3441 3804 3485 τινας

2220 3519 2278 3571 τό
2319 3536 2462 3582 τινος
2493 3517 2832 3586 ἐκπεφυκὸς,
2881 3517 3170 3571 ἐπαινέσαι
3216 3516 3276 3568 τὸ
3320 3516 3379 3580 ἐξ
3419 3512 3592 3586 οὗπερ
3634 3516 3800 3568 ἐστί-ι.

2218 3609 2316 3662 Διά
2362 3626 2442 3661 τοι
2493 3608 2651 3661 τοῦτο
2699 3611 2813 3671 τοῖς
2857 3609 3129 3672 Ἰουδαίοις
3180 3608 3284 3678 ἔφη
3327 3608 3604 3678 Χριστός·
3662 3626 3679 3657 ι
3733 3607 3802 3658 Οὐ

2217 3699 2440 3754 δύναται
2479 3699 2694 3769 δένδρον
2746 3699 2950 3768 ἀγαθὸν
2991 3700 3236 3770 καρποὺς
3285 3699 3562 3770 πονηροὺς
3607 3702 3801 3759 ποιεῖν,

2218 3791 2337 3845 οὐδὲ
2375 3791 2590 3860 δένδρον
2621 3791 2850 3860 σαπρὸν,
2884 3793 3133 3862 καρποὺς
3169 3793 3406 3855 ἀγαθοὺς
3436 3794 3634 3844 ποιεῖν’
3663 3813 3680 3842 ι
3722 3793 3804 3844 ὅτε

2219 3881 2313 3932 καὶ
2337 3879 2434 3951 τὴν
2468 3879 2560 3932 ὲπὶ
2615 3879 2789 3950 τούτῳ
2833 3879 3106 3951 διάκρισιν
3139 3881 3341 3951 ἀκριΰῆ
3382 3898 3441 3932 τε
3477 3882 3572 3934 καὶ
3620 3881 3806 3934 ἀνεπί-

2219 3971 2422 4042 ληπτον
2448 3971 2783 4024 διεκελεύετο
2817 3969 3122 4023 ποιεῖσθαι·
3163 3990 3179 4021 ι
3221 3972 3290 4023 Ἢ
3316 3971 3581 4040 ποιήσατε
3609 3971 3670 4022 τὸ
3695 3971 3805 4022 δέν-

2220 4063 2343 4135 δρον
2375 4063 2604 4133 σαπρδν,
2634 4062 2730 4114 καὶ
2760 4061 2852 4114 τὸν
2870 4061 3088 4132 ’καρπὸν
3119 4061 3283 4114 αὑτοῦ
3312 4062 3544 4131 σαπρόν.
3572 4080 3590 4112 ι
3630 4061 3804 4130 Ὅπερ

2222 4157 2329 4225 γὰρ
2371 4153 2437 4207 ἂν
2479 4155 2598 4208 καθ’
2630 4153 2747 4214 ἑνὸς
2791 4153 2897 4206 τῶν
2942 4151 3200 4206 τοιούτων
3251 4151 3577 4221 ἀληθεύοιτο
3622 4152 3803 4220 τυχίαν,

2222 4245 2380 4299 τοῦτο
2407 4245 2470 4316 δὴ
2509 4245 2724 4308 πάντως
2749 4245 2960 4312 διήκειν
2995 4245 3085 4296 ἐπ’
3113 4246 3317 4313 ἀμφοῖν
3366 4244 3666 4311 ἀναγκαῖός
3705 4260 3804 4304 τις,

2223 4331 2424 4406 οἶμαι,
2445 4335 2803 4406 παρατρέψει.
2849 4335 2993 4396 Μιᾶς
3026 4335 3133 4405 γὰρ
3173 4334 3417 4403 φύσεως,
3452 4333 3569 4396 πῶς
3601 4334 3720 4402 οὐχὶ
3746 4332 3804 4400 δὴ

2226 4429 2442 4490 πάντως
2472 4428 2625 4480 κοινὰ
2652 4427 2806 4479 ἔσται
2835 4426 2902 4478 τὰ
2927 4425 3216 4496 ἡττώμενα
3238 4466 3253 4489 ,
3280 4426 3448 4495 ῆγουν
3478 4426 3575 4477 καὶ
3608 4424 3804 4493 ἑτέρως

2226 4517 2710 4588 καταλαμπρύνειν
2761 4517 2938 4570 εἰδότα
2969 4534 2982 4581 ;
3035 4517 3145 4569 Καὶ
3180 4519 3316 4586 ὅπερ
3365 4516 3430 4570 ἀν
3469 4515 3692 4586 δράσειέ
3727 4532 3805 4577 τις

2227 4613 2305 4673 εἰς
2342 4609 2401 4662 τὸ
2427 4610 2490 4663 ἐκ
2527 4626 2670 4671 τινος
2703 4610 2885 4678 πηγῆς
2909 4650 2922 4673 ,
2972 4609 3132 4662 τοῦτο
3175 4609 3238 4678 δὴ
3275 4610 3493 4671 πάντως
3532 4607 3806 4678 δεδρακὼς

547 4717 636 4755 ne.
663 4701 892 4766 Insuper
918 4711 1050 4750 vero
1077 4703 1243 4752 terret
1271 4699 1575 4763 auditores,
1594 4700 1894 4754 ostendens
1911 4701 2039 4754 odio
2069 4715 2114 4755 se

2229 4701 2294 4754 ἂν
2327 4687 2411 4768 εἴη
2441 4699 2536 4752 καὶ
2577 4701 2657 4763 εἰς
2689 4701 2859 4770 αὐτὴν
2887 4700 2987 4770 τὴν
3024 4701 3226 4770 πηγήν.
3274 4699 3371 4752 Διά
3405 4699 3563 4753 τοῦτό
3594 4716 3757 4770 φησιν
3781 4701 3808 4750 ὁ

550 4788 738 4842 haberi
771 4785 1142 4856 periculosum
1162 4825 1176 4850 ,
1204 4801 1439 4854 emnque
1466 4802 1568 4856 ope
1595 4787 1918 4843 destitutum
1950 4789 2044 4852 iri,
2073 4798 2114 4845 el

2232 4791 2485 4861 Χριστὸς,
2524 4791 2606 4843 ὅτι
2651 4808 2668 4841 ι
2715 4793 2771 4844 '0
2818 4790 2918 4860 ἐμὲ
2945 4791 3139 4860 μισῶν,
3187 4790 3398 4843 καὶτὸν
3429 4791 3657 4859 Πατέρα
3707 4807 3804 4860 μου

549 4883 602 4934 in
635 4878 870 4948 praedam
920 4875 1083 4930 facile
1125 4891 1413 4932 cessurum
1457 4878 1721 4945 affirmat,
1766 4881 1860 4948 qui
1905 4883 2114 4934 omnim

2230 4886 2394 4954 μισεῖ.
2422 4902 2439 4933 ι
2494 4883 2656 4954 Φέρει
2698 4883 2753 4935 δὲ
2801 4884 3088 4953 χρησίμως
3119 4882 3215 4935 καὶ
3245 4885 3324 4945 εἰς
3363 4882 3425 4935 τὸ
3466 4881 3560 4934 τοῦ
3595 4882 3808 4951 Πατρὺς

550 4971 784 5025 adorare
812 4969 971 5032 nolit,
1001 4966 1206 5036 quippe
1249 4967 1422 5035 quiin
1465 4968 1638 5036 ipsam
1681 4983 1903 5038 quoque
1945 4969 2114 5025 Patri:

2225 4975 2536 5046 πρόσωπον,
2555 4974 2698 5045 άπερ
2718 4973 2783 5027 ἂν
2804 4977 2882 5037 είς
2905 4975 3065 5028 αὐτὴν
3081 4965 3420 5044 ’ἐπιχειροῖτο
3443 4975 3597 5044 παρά
3612 4991 3794 5026 τινων.

552 5076 842 5134 personam
898 5060 970 5115 sit
1021 5058 1476 5112 contumeliosus.
1535 5057 1772 5113 Omnino
1821 5060 1971 5113 enim
2019 5077 2114 5114 una

2224 5066 2639 5137 Πληροφορήσει
2671 5065 2767 5136 μὲν
2793 5065 2902 5136 γὰρ
2923 5066 3074 5119 οὐδὲν
3097 5061 3261 5138 ⁴ἦττον
3298 5068 3445 5136 ἡμᾶς
3479 5065 3568 5119 διὰ
3603 5064 3807 5117 τούτων

553 5155 716 5210 l'ater
747 5151 1094 5209 succensebit
1115 5189 1130 5214 ,
1167 5156 1229 5202 ut
1257 5150 1349 5219 qui
1381 5164 1489 5202 una
1518 5165 1644 5203 cum
1677 5165 1778 5204 suo
1813 5150 1952 5206 Filio
1982 5153 2126 5222 inju-

555 5247 692 5299 riam
744 5247 969 5313 patitur.
1021 5241 1257 5297 Sanctos
1306 5249 1487 5294 autem
1537 5244 1819 5312 apostolos
1859 5259 1968 5298 non
2017 5261 2129 5300 me-

554 5337 814 5390 diocriter
856 5354 920 5392 ex
972 5336 1139 5406 hujus
1183 5335 1262 5390 rei
1319 5333 1424 5388 fide
1455 5335 1805 5390 corroborari
1855 5336 1980 5407 quis
2017 5353 2124 5392 non

559 5425 751 5482 videt?
795 5427 1064 5482 Praeterea
1109 5425 1257 5482 aliud
1315 5426 1614 5495 quiddam,
1664 5419 1897 5498 opinor,
1951 5445 2128 5499 operte

563 5512 798 5585 pretium
828 5523 884 5571 et
909 5517 1194 5586 sapientiae
1231 5515 1454 5588 plenum
1500 5515 1758 5573 Christus
1793 5519 2090 5592 peragebat
2113 5559 2127 5584 ,

2223 5154 2329 5208 τῶν
2355 5154 2557 5222 λόγων,
2615 5154 2688 5216 ὼς
2735 5154 2832 5223 οὐχ
2877 5153 3064 5224 ἕτερός
3097 5156 3244 5207 ἐστιν
3307 5155 3382 5218 ὡς
3432 5156 3570 5225 πρὸς
3623 5155 3804 5214 αὐτὸν,

2232 5244 2372 5298 κατά
2402 5261 2464 5312 γε
2487 5242 2577 5296 τὸν
2606 5243 2663 5296 ὲν
2687 5243 2975 5313 ταυτότητι
3004 5247 3067 5313 τῇ
3100 5244 3242 5297 κατὰ
3273 5247 3382 5297 πᾶν
3423 5246 3688 5315 νοουμένη
3720 5243 3806 5297 1.6-

2233 5353 2346 5404 γον.
2398 5336 2710 5388 Καταπτοεῖ
2740 5335 2798 5388 δὲ
2845 5335 2981 5405 πρὸς
3028 5335 3202 5406 τούτῳ
3239 5337 3367 5399 τοὺς
3400 5338 3806 5408 ἀκροωμένους,

2238 5427 2500 5499 σφαλερὸν
2537 5428 2615 5480 ἔτι
2646 5428 2858 5491 δεικνὺς
2886 5429 2947 5480 τὸ
2979 5427 3071 5480 ἐπὶ
3098 5427 3159 5481 τὸ
3196 5431 3374 5498 μισεῖν
3406 5431 3570 5483 αὑτὸν
3596 5427 3807 5483 ἑλέσθαι

2238 5519 2644 5590 πλημμέλημα,
2691 5519 2986 5590 εύσύλητόν
3017 5537 3076 5574 τε
3109 5521 3200 5573 καὶ
3228 5523 3662 5593 ἀνεπικούρητον
3692 5520 3810 5571 ἔσε-

645 5719 686 5750 ¹¹
707 5722 827 5774 Aet.
856 5735 1010 5786 nm,
1047 5722 1098 5778 5.

569 5803 666 5858 ιιι,
704 5789 794 5846 53.

1180 5727 1219 5757 ”
1256 5724 1272 5778 1
1305 5723 1448 5780 Pctr.
1473 5725 1638 5790 u,‘25.
1721 5721 1942 5777 “Joan.
1966 5734 2114 5784 ιιι-ιιι,

2217 5758 2230 5772 .
2313 5719 2352 5751 ’⁸
2383 5720 2526 5775 Psal.
2550 5737 2816 5790 1.xxxvm,
2844 5723 2892 5776 7.
2977 5723 3230 5780 “Matth.
3258 5739 3354 5788 vn,
3387 5723 3466 5777 l8.
3552 5721 3594 5753 ¹⁶
3618 5718 3810 5777 Matth.

2313 5719 2352 5751 "
2383 5720 2526 5775 Psal.
2550 5737 2816 5791 1.xxxvm,
2844 5723 2892 5776 7.
2977 5723 3230 5780 “Matth.
3258 5739 3354 5788 vn,
3387 5723 3466 5777 l8.
