  <div class='ocr_page' id='page_1' title='image "/cluster/home/n/w/nwhite01/storage/ocr_20150623/74/mdp.39015078384487/214.png"; bbox 0 0 4024 6262; ppageno 0'>
   <div class='ocr_carea' id='block_1_1' title="bbox 271 416 374 472">
    <p class='ocr_par' dir='ltr' id='par_1_1' title="bbox 271 416 374 472">
     <span class='ocr_line' id='line_1_1' title="bbox 271 416 374 472; baseline 0.019 -3"><span class='ocrx_word' id='word_1_1' title='bbox 271 416 374 472; x_wconf 71' lang='lat'>“3</span> 
     </span>
    </p>
   </div>
   <div class='ocr_carea' id='block_1_2' title="bbox 1302 404 2453 478">
    <p class='ocr_par' dir='ltr' id='par_1_2' title="bbox 1302 404 2453 478">
     <span class='ocr_line' id='line_1_2' title="bbox 1302 404 2453 478; baseline 0.005 -6"><span class='ocrx_word' id='word_1_2' title='bbox 1302 415 1368 472; x_wconf 83' lang='lat' dir='ltr'>IN</span> <span class='ocrx_word' id='word_1_3' title='bbox 1398 404 1687 476; x_wconf 23' lang='lat' dir='ltr'>‘JOANNIS</span> <span class='ocrx_word' id='word_1_4' title='bbox 1722 418 2179 477; x_wconf 77' lang='lat' dir='ltr'>EVANGELIUM</span> <span class='ocrx_word' id='word_1_5' title='bbox 2221 419 2351 478; x_wconf 79' lang='lat' dir='ltr'><strong>LIB.</strong></span> <span class='ocrx_word' id='word_1_6' title='bbox 2383 420 2453 478; x_wconf 75' lang='grc' dir='ltr'>Χ.</span> 
     </span>
    </p>
   </div>
   <div class='ocr_carea' id='block_1_3' title="bbox 3415 419 3520 473">
    <p class='ocr_par' dir='ltr' id='par_1_3' title="bbox 3415 419 3520 473">
     <span class='ocr_line' id='line_1_3' title="bbox 3415 419 3520 473; baseline 0 0"><span class='ocrx_word' id='word_1_7' title='bbox 3415 419 3520 473; x_wconf 71' lang='grc' dir='ltr'>ιιι</span> 
     </span>
    </p>
   </div>
   <div class='ocr_carea' id='block_1_4' title="bbox 275 528 1859 606">
    <p class='ocr_par' dir='ltr' id='par_1_4' title="bbox 275 528 1831 606">
     <span class='ocr_line' id='line_1_4' title="bbox 275 528 1831 606; baseline 0.003 -21"><span class='ocrx_word' id='word_1_8' title='bbox 275 531 393 585; x_wconf 85' lang='grc' dir='ltr'>σθαι</span> <span class='ocrx_word' id='word_1_9' title='bbox 416 528 686 592; x_wconf 84' lang='grc' dir='ltr'>παντελῶς</span> <span class='ocrx_word' id='word_1_10' title='bbox 714 528 801 582; x_wconf 85' lang='grc' dir='ltr'>τὸν</span> <span class='ocrx_word' id='word_1_11' title='bbox 826 528 977 601; x_wconf 85' lang='grc' dir='ltr'>αὑτῷ</span> <span class='ocrx_word' id='word_1_12' title='bbox 999 530 1079 604; x_wconf 75' lang='grc' dir='ltr'>μὴ</span> <span class='ocrx_word' id='word_1_13' title='bbox 1099 535 1430 603; x_wconf 82' lang='grc' dir='ltr'>προσκυνεῖν</span> <span class='ocrx_word' id='word_1_14' title='bbox 1450 534 1831 606; x_wconf 72' lang='grc' dir='ltr'>ἐπιχειροῦντα</span> 
     </span>
    </p>
   </div>
   <div class='ocr_carea' id='block_1_5' title="bbox 1963 528 3526 606">
    <p class='ocr_par' dir='ltr' id='par_1_5' title="bbox 1963 530 3526 605">
     <span class='ocr_line' id='line_1_5' title="bbox 1963 530 3526 605; baseline 0.002 -19"><span class='ocrx_word' id='word_1_15' title='bbox 1963 534 2083 605; x_wconf 77' lang='lat' dir='ltr'><strong>[und</strong></span> <span class='ocrx_word' id='word_1_16' title='bbox 2118 548 2318 591; x_wconf 77' lang='lat' dir='ltr'><strong>rursus</strong></span> <span class='ocrx_word' id='word_1_17' title='bbox 2352 533 2442 590; x_wconf 82' lang='lat' dir='ltr'>hic</span> <span class='ocrx_word' id='word_1_18' title='bbox 2465 535 2624 605; x_wconf 86' lang='lat' dir='ltr'><strong>juvat</strong></span> <span class='ocrx_word' id='word_1_19' title='bbox 2648 547 2955 605; x_wconf 80' lang='lat' dir='ltr'><strong>exponere.</strong></span> <span class='ocrx_word' id='word_1_20' title='bbox 2984 530 3300 589; x_wconf 80' lang='lat' dir='ltr'><strong>Incredibili</strong></span> <span class='ocrx_word' id='word_1_21' title='bbox 3332 530 3526 589; x_wconf 83' lang='lat' dir='ltr'><strong>furore</strong></span> 
     </span>
    </p>
   </div>
   <div class='ocr_carea' id='block_1_6' title="bbox 270 619 1841 698">
    <p class='ocr_par' dir='ltr' id='par_1_6' title="bbox 270 619 1841 698">
     <span class='ocr_line' id='line_1_6' title="bbox 270 619 1841 698; baseline 0.003 -22"><span class='ocrx_word' id='word_1_22' title='bbox 270 621 664 693; x_wconf 80' lang='grc' dir='ltr'>διῖσχυρίζεται,</span> <span class='ocrx_word' id='word_1_23' title='bbox 689 619 783 673; x_wconf 61' lang='lat' dir='ltr'>ac:</span> <span class='ocrx_word' id='word_1_24' title='bbox 804 620 868 691; x_wconf 81' lang='grc' dir='ltr'>δὴ</span> <span class='ocrx_word' id='word_1_25' title='bbox 903 623 998 675; x_wconf 64' lang='grc' dir='ltr'>καὶ</span> <span class='ocrx_word' id='word_1_26' title='bbox 1026 625 1104 686; x_wconf 77' lang='grc' dir='ltr'>είς</span> <span class='ocrx_word' id='word_1_27' title='bbox 1135 623 1270 677; x_wconf 81' lang='grc' dir='ltr'>αὐτὸ</span> <span class='ocrx_word' id='word_1_28' title='bbox 1297 623 1360 677; x_wconf 87' lang='grc' dir='ltr'>τὸ</span> <span class='ocrx_word' id='word_1_29' title='bbox 1378 624 1475 678; x_wconf 82' lang='grc' dir='ltr'>τοῦ</span> <span class='ocrx_word' id='word_1_30' title='bbox 1497 626 1713 695; x_wconf 86' lang='grc' dir='ltr'>Πατρὸς</span> <span class='ocrx_word' id='word_1_31' title='bbox 1740 628 1841 698; x_wconf 73' lang='grc' dir='ltr'>εμ-</span> 
     </span>
    </p>
   </div>
   <div class='ocr_carea' id='block_1_7' title="bbox 272 712 1839 795">
    <p class='ocr_par' dir='ltr' id='par_1_7' title="bbox 272 712 1839 789">
     <span class='ocr_line' id='line_1_7' title="bbox 272 712 1839 789; baseline 0.005 -23"><span class='ocrx_word' id='word_1_32' title='bbox 272 713 622 785; x_wconf 77' lang='grc' dir='ltr'>παροινοῦντα</span> <span class='ocrx_word' id='word_1_33' title='bbox 661 712 972 784; x_wconf 78' lang='grc' dir='ltr'>πρόσωπον.</span> <span class='ocrx_word' id='word_1_34' title='bbox 1029 716 1510 788; x_wconf 79' lang='grc' dir='ltr'>Συναγανακτήσει</span> <span class='ocrx_word' id='word_1_35' title='bbox 1553 719 1663 789; x_wconf 91' lang='grc' dir='ltr'>γὰρ</span> <span class='ocrx_word' id='word_1_36' title='bbox 1700 720 1839 774; x_wconf 82' lang='grc' dir='ltr'>πάν·</span> 
     </span>
    </p>
   </div>
   <div class='ocr_carea' id='block_1_8' title="bbox 271 804 1841 883">
    <p class='ocr_par' dir='ltr' id='par_1_8' title="bbox 271 804 1841 883">
     <span class='ocr_line' id='line_1_8' title="bbox 271 804 1841 883; baseline 0.005 -27"><span class='ocrx_word' id='word_1_37' title='bbox 271 822 404 870; x_wconf 81' lang='grc' dir='ltr'>τως,</span> <span class='ocrx_word' id='word_1_38' title='bbox 450 806 522 869; x_wconf 84' lang='grc' dir='ltr'>ὡς</span> <span class='ocrx_word' id='word_1_39' title='bbox 556 804 1045 878; x_wconf 82' lang='grc' dir='ltr'>συνυϐριζόμενος,</span> <span class='ocrx_word' id='word_1_40' title='bbox 1092 807 1170 880; x_wconf 82' lang='grc' dir='ltr'>τῷ</span> <span class='ocrx_word' id='word_1_41' title='bbox 1217 809 1333 881; x_wconf 77' lang='grc' dir='ltr'>ἰδίῳ</span> <span class='ocrx_word' id='word_1_42' title='bbox 1362 811 1680 883; x_wconf 84' lang='grc' dir='ltr'>γεννήματι.</span> <span class='ocrx_word' id='word_1_43' title='bbox 1717 810 1841 865; x_wconf 79' lang='grc' dir='ltr'>Ὀτι</span> 
     </span>
    </p>
   </div>
   <div class='ocr_carea' id='block_1_9' title="bbox 267 893 1843 972">
    <p class='ocr_par' dir='ltr' id='par_1_9' title="bbox 267 893 1843 972">
     <span class='ocr_line' id='line_1_9' title="bbox 267 893 1843 972; baseline 0.006 -25"><span class='ocrx_word' id='word_1_44' title='bbox 267 893 322 947; x_wconf 83' lang='grc' dir='ltr'>δὲ</span> <span class='ocrx_word' id='word_1_45' title='bbox 346 896 466 959; x_wconf 82' lang='grc' dir='ltr'>τοὺς</span> <span class='ocrx_word' id='word_1_46' title='bbox 493 895 685 965; x_wconf 81' lang='grc' dir='ltr'>ἁγίους</span> <span class='ocrx_word' id='word_1_47' title='bbox 714 898 1049 962; x_wconf 81' lang='grc' dir='ltr'>ἀποστόλους</span> <span class='ocrx_word' id='word_1_48' title='bbox 1086 899 1518 972; x_wconf 80' lang='grc' dir='ltr'>εὐτολμοτάτους</span> <span class='ocrx_word' id='word_1_49' title='bbox 1550 902 1719 957; x_wconf 72' lang='grc' dir='ltr'>ἐτίθει</span> <span class='ocrx_word' id='word_1_50' title='bbox 1748 904 1843 958; x_wconf 69' lang='grc' dir='ltr'>καὶ</span> 
     </span>
    </p>
   </div>
   <div class='ocr_carea' id='block_1_10' title="bbox 266 984 1845 1065">
    <p class='ocr_par' dir='ltr' id='par_1_10' title="bbox 266 984 1845 1065">
     <span class='ocr_line' id='line_1_10' title="bbox 266 984 1845 1065; baseline 0.008 -28"><span class='ocrx_word' id='word_1_51' title='bbox 266 984 418 1039; x_wconf 83' lang='grc' dir='ltr'>τοῦτο</span> <span class='ocrx_word' id='word_1_52' title='bbox 446 987 783 1058; x_wconf 84' lang='grc' dir='ltr'>παραδεχθὲν</span> <span class='ocrx_word' id='word_1_53' title='bbox 815 991 896 1054; x_wconf 84' lang='grc' dir='ltr'>είς</span> <span class='ocrx_word' id='word_1_54' title='bbox 939 990 1144 1056; x_wconf 86' lang='grc' dir='ltr'>πίστιν,</span> <span class='ocrx_word' id='word_1_55' title='bbox 1182 991 1301 1057; x_wconf 84' lang='grc' dir='ltr'>πῶς</span> <span class='ocrx_word' id='word_1_56' title='bbox 1328 993 1388 1046; x_wconf 87' lang='grc' dir='ltr'>οὐ</span> <span class='ocrx_word' id='word_1_57' title='bbox 1421 994 1626 1065; x_wconf 89' lang='grc' dir='ltr'>σφόδρα</span> <span class='ocrx_word' id='word_1_58' title='bbox 1651 995 1845 1064; x_wconf 87' lang='grc' dir='ltr'>διαφα-</span> 
     </span>
    </p>
   </div>
   <div class='ocr_carea' id='block_1_11' title="bbox 267 1076 1843 1157">
    <p class='ocr_par' dir='ltr' id='par_1_11' title="bbox 267 1076 1843 1157">
     <span class='ocr_line' id='line_1_11' title="bbox 267 1076 1843 1157; baseline 0.006 -29"><span class='ocrx_word' id='word_1_59' title='bbox 267 1076 394 1143; x_wconf 82' lang='grc' dir='ltr'>νές;</span> <span class='ocrx_word' id='word_1_60' title='bbox 440 1076 607 1148; x_wconf 77' lang='grc' dir='ltr'>Ὁμοῦ</span> <span class='ocrx_word' id='word_1_61' title='bbox 636 1079 693 1132; x_wconf 83' lang='grc' dir='ltr'>δὲ</span> <span class='ocrx_word' id='word_1_62' title='bbox 726 1081 864 1152; x_wconf 78' lang='grc' dir='ltr'>πρὸς</span> <span class='ocrx_word' id='word_1_63' title='bbox 892 1081 1104 1146; x_wconf 81' lang='grc' dir='ltr'>τούτοις</span> <span class='ocrx_word' id='word_1_64' title='bbox 1135 1083 1322 1153; x_wconf 75' lang='grc' dir='ltr'>ἕτερον</span> <span class='ocrx_word' id='word_1_65' title='bbox 1355 1085 1654 1153; x_wconf 84' lang='grc' dir='ltr'>ἀναγκαῖον</span> <span class='ocrx_word' id='word_1_66' title='bbox 1688 1080 1843 1157; x_wconf 75' lang='grc' dir='ltr'>οἶμαι</span> 
     </span>
    </p>
   </div>
   <div class='ocr_carea' id='block_1_12' title="bbox 267 1166 1841 1248">
    <p class='ocr_par' dir='ltr' id='par_1_12' title="bbox 267 1166 1841 1248">
     <span class='ocr_line' id='line_1_12' title="bbox 267 1166 1841 1248; baseline 0.006 -28"><span class='ocrx_word' id='word_1_67' title='bbox 267 1166 358 1221; x_wconf 79' lang='grc' dir='ltr'>καὶ</span> <span class='ocrx_word' id='word_1_68' title='bbox 406 1168 568 1234; x_wconf 82' lang='grc' dir='ltr'>σοφὸν</span> <span class='ocrx_word' id='word_1_69' title='bbox 601 1170 856 1225; x_wconf 83' lang='grc' dir='ltr'>ἀπετέλει</span> <span class='ocrx_word' id='word_1_70' title='bbox 884 1173 1121 1244; x_wconf 85' lang='grc' dir='ltr'>Χριστός</span> <span class='ocrx_word' id='word_1_71' title='bbox 1144 1188 1158 1203; x_wconf 90' lang='grc'><strong>·</strong></span> <span class='ocrx_word' id='word_1_72' title='bbox 1208 1175 1303 1229; x_wconf 75' lang='grc' dir='ltr'>καὶ</span> <span class='ocrx_word' id='word_1_73' title='bbox 1326 1174 1487 1229; x_wconf 80' lang='grc' dir='ltr'>τοῦτο</span> <span class='ocrx_word' id='word_1_74' title='bbox 1515 1176 1680 1233; x_wconf 89' lang='grc' dir='ltr'>πάλιν</span> <span class='ocrx_word' id='word_1_75' title='bbox 1707 1176 1841 1248; x_wconf 78' lang='grc' dir='ltr'>ἐρῶ·</span> 
     </span>
    </p>
   </div>
   <div class='ocr_carea' id='block_1_13' title="bbox 279 1257 1844 1338">
    <p class='ocr_par' dir='ltr' id='par_1_13' title="bbox 279 1257 1844 1338">
     <span class='ocr_line' id='line_1_13' title="bbox 279 1257 1844 1338; baseline 0.006 -27"><span class='ocrx_word' id='word_1_76' title='bbox 279 1257 367 1324; x_wconf 81' lang='grc' dir='ltr'>Ἐξ</span> <span class='ocrx_word' id='word_1_77' title='bbox 382 1260 713 1333; x_wconf 86' lang='grc' dir='ltr'>ἀσυγκρίτου</span> <span class='ocrx_word' id='word_1_78' title='bbox 741 1263 1168 1333; x_wconf 89' lang='grc' dir='ltr'>φρενοϐλαϐείας</span> <span class='ocrx_word' id='word_1_79' title='bbox 1194 1266 1287 1320; x_wconf 75' lang='grc' dir='ltr'>καὶ</span> <span class='ocrx_word' id='word_1_80' title='bbox 1313 1267 1508 1336; x_wconf 87' lang='grc' dir='ltr'>μανίας</span> <span class='ocrx_word' id='word_1_81' title='bbox 1530 1266 1844 1338; x_wconf 79' lang='grc' dir='ltr'>ὑπερφυοῦς</span> 
     </span>
    </p>
   </div>
   <div class='ocr_carea' id='block_1_14' title="bbox 265 1350 1845 1428">
    <p class='ocr_par' dir='ltr' id='par_1_14' title="bbox 265 1350 1845 1428">
     <span class='ocr_line' id='line_1_14' title="bbox 265 1350 1845 1428; baseline 0.006 -24"><span class='ocrx_word' id='word_1_82' title='bbox 265 1350 427 1422; x_wconf 72' lang='grc' dir='ltr'>ᾤοντό</span> <span class='ocrx_word' id='word_1_83' title='bbox 455 1370 620 1418; x_wconf 87' lang='grc' dir='ltr'>τινες,</span> <span class='ocrx_word' id='word_1_84' title='bbox 648 1355 731 1408; x_wconf 80' lang='grc' dir='ltr'>ὅτι</span> <span class='ocrx_word' id='word_1_85' title='bbox 762 1356 1209 1428; x_wconf 82' lang='grc' dir='ltr'>πλημμελοῦντες</span> <span class='ocrx_word' id='word_1_86' title='bbox 1237 1359 1317 1422; x_wconf 86' lang='grc' dir='ltr'>είς</span> <span class='ocrx_word' id='word_1_87' title='bbox 1343 1359 1435 1412; x_wconf 85' lang='grc' dir='ltr'>τὸν</span> <span class='ocrx_word' id='word_1_88' title='bbox 1455 1358 1582 1413; x_wconf 86' lang='grc' dir='ltr'>Υἰὸν</span> <span class='ocrx_word' id='word_1_89' title='bbox 1613 1361 1708 1413; x_wconf 63' lang='grc' dir='ltr'>καὶ¹</span> <span class='ocrx_word' id='word_1_90' title='bbox 1732 1364 1845 1424; x_wconf 88' lang='grc' dir='ltr'>τοῖς</span> 
     </span>
    </p>
   </div>
   <div class='ocr_carea' id='block_1_15' title="bbox 264 1441 1844 1522">
    <p class='ocr_par' dir='ltr' id='par_1_15' title="bbox 264 1441 1844 1522">
     <span class='ocr_line' id='line_1_15' title="bbox 264 1441 1844 1522; baseline 0.006 -27"><span class='ocrx_word' id='word_1_91' title='bbox 264 1441 356 1495; x_wconf 81' lang='grc' dir='ltr'>τοῦ</span> <span class='ocrx_word' id='word_1_92' title='bbox 389 1443 644 1514; x_wconf 80' lang='grc' dir='ltr'>Σωτῆρος</span> <span class='ocrx_word' id='word_1_93' title='bbox 688 1447 1142 1518; x_wconf 85' lang='grc' dir='ltr'>ἀντιπράττοντες</span> <span class='ocrx_word' id='word_1_94' title='bbox 1170 1448 1384 1517; x_wconf 77' lang='grc' dir='ltr'>λόγοις,</span> <span class='ocrx_word' id='word_1_95' title='bbox 1434 1449 1527 1503; x_wconf 86' lang='grc' dir='ltr'>τὸν</span> <span class='ocrx_word' id='word_1_96' title='bbox 1557 1449 1653 1504; x_wconf 78' lang='grc' dir='ltr'>τοῦ</span> <span class='ocrx_word' id='word_1_97' title='bbox 1678 1453 1844 1522; x_wconf 85' lang='grc' dir='ltr'>νόμου</span> 
     </span>
    </p>
   </div>
   <div class='ocr_carea' id='block_1_16' title="bbox 270 1534 1848 1609">
    <p class='ocr_par' dir='ltr' id='par_1_16' title="bbox 270 1534 1848 1609">
     <span class='ocr_line' id='line_1_16' title="bbox 270 1534 1848 1609; baseline 0.006 -23"><span class='ocrx_word' id='word_1_98' title='bbox 270 1534 473 1604; x_wconf 78' lang='grc' dir='ltr'>δοτῆρα</span> <span class='ocrx_word' id='word_1_99' title='bbox 518 1534 655 1590; x_wconf 86' lang='grc' dir='ltr'>Θεὸν</span> <span class='ocrx_word' id='word_1_100' title='bbox 706 1536 1099 1609; x_wconf 80' lang='grc' dir='ltr'>εὐφραίνουσι,</span> <span class='ocrx_word' id='word_1_101' title='bbox 1158 1540 1254 1592; x_wconf 78' lang='grc' dir='ltr'>καὶ</span> <span class='ocrx_word' id='word_1_102' title='bbox 1308 1543 1421 1605; x_wconf 85' lang='grc' dir='ltr'>τοῖς</span> <span class='ocrx_word' id='word_1_103' title='bbox 1469 1539 1557 1594; x_wconf 79' lang='grc' dir='ltr'>διὰ</span> <span class='ocrx_word' id='word_1_104' title='bbox 1602 1541 1848 1604; x_wconf 81' lang='grc' dir='ltr'>Μωσέως</span> 
     </span>
    </p>
   </div>
   <div class='ocr_carea' id='block_1_17' title="bbox 263 1618 1844 1704">
    <p class='ocr_par' dir='ltr' id='par_1_17' title="bbox 263 1618 1844 1704">
     <span class='ocr_line' id='line_1_17' title="bbox 263 1618 1844 1704; baseline 0.005 -27"><span class='ocrx_word' id='word_1_105' title='bbox 263 1618 714 1698; x_wconf 84' lang='grc' dir='ltr'>τεθεσπισμένοις</span> <span class='ocrx_word' id='word_1_106' title='bbox 758 1628 820 1682; x_wconf 88' lang='grc' dir='ltr'>τὸ</span> <span class='ocrx_word' id='word_1_107' title='bbox 867 1632 1065 1701; x_wconf 80' lang='grc' dir='ltr'>χρῆναι</span> <span class='ocrx_word' id='word_1_108' title='bbox 1112 1633 1266 1702; x_wconf 79' lang='grc' dir='ltr'>νικᾷν</span> <span class='ocrx_word' id='word_1_109' title='bbox 1312 1632 1401 1685; x_wconf 75' lang='grc' dir='ltr'>ἀεὶ</span> <span class='ocrx_word' id='word_1_110' title='bbox 1465 1632 1844 1704; x_wconf 78' lang='grc' dir='ltr'>χαριζόμενοι,</span> 
     </span>
    </p>
   </div>
   <div class='ocr_carea' id='block_1_18' title="bbox 262 1717 1848 1796">
    <p class='ocr_par' dir='ltr' id='par_1_18' title="bbox 262 1717 1848 1796">
     <span class='ocr_line' id='line_1_18' title="bbox 262 1717 1848 1796; baseline 0.006 -29"><span class='ocrx_word' id='word_1_111' title='bbox 262 1717 479 1785; x_wconf 81' lang='grc' dir='ltr'>γνήσιοί</span> <span class='ocrx_word' id='word_1_112' title='bbox 508 1736 656 1783; x_wconf 88' lang='grc' dir='ltr'>τινες</span> <span class='ocrx_word' id='word_1_113' title='bbox 684 1721 784 1790; x_wconf 91' lang='grc' dir='ltr'>τῆς</span> <span class='ocrx_word' id='word_1_114' title='bbox 827 1723 906 1785; x_wconf 83' lang='grc' dir='ltr'>είς</span> <span class='ocrx_word' id='word_1_115' title='bbox 939 1721 1071 1775; x_wconf 80' lang='grc' dir='ltr'>Θεὸν</span> <span class='ocrx_word' id='word_1_116' title='bbox 1112 1722 1333 1791; x_wconf 85' lang='grc' dir='ltr'>ἀγάπης</span> <span class='ocrx_word' id='word_1_117' title='bbox 1363 1725 1712 1796; x_wconf 82' lang='grc' dir='ltr'>εὑρίσκονται</span> <span class='ocrx_word' id='word_1_118' title='bbox 1745 1724 1848 1793; x_wconf 82' lang='grc' dir='ltr'>φύ-</span> 
     </span>
    </p>
   </div>
   <div class='ocr_carea' id='block_1_19' title="bbox 1939 618 3525 695">
    <p class='ocr_par' dir='ltr' id='par_1_19' title="bbox 1939 618 3525 695">
     <span class='ocr_line' id='line_1_19' title="bbox 1939 618 3525 695; baseline -0.004 -14"><span class='ocrx_word' id='word_1_119' title='bbox 1939 632 1997 681; x_wconf 90' lang='lat' dir='ltr'>et</span> <span class='ocrx_word' id='word_1_120' title='bbox 2024 622 2266 680; x_wconf 77' lang='lat' dir='ltr'>amentia</span> <span class='ocrx_word' id='word_1_121' title='bbox 2297 624 2555 681; x_wconf 86' lang='lat' dir='ltr'><strong>nonnulli</strong></span> <span class='ocrx_word' id='word_1_122' title='bbox 2601 624 2872 695; x_wconf 91' lang='lat' dir='ltr'><strong>putabant</strong></span> <span class='ocrx_word' id='word_1_123' title='bbox 2916 638 2976 679; x_wconf 85' lang='lat' dir='ltr'>se</span> <span class='ocrx_word' id='word_1_124' title='bbox 3021 621 3300 693; x_wconf 83' lang='lat' dir='ltr'>peccando</span> <span class='ocrx_word' id='word_1_125' title='bbox 3337 619 3396 675; x_wconf 90' lang='lat' dir='ltr'>in</span> <span class='ocrx_word' id='word_1_126' title='bbox 3430 618 3525 675; x_wconf 81' lang='lat' dir='ltr'>Fi-</span> 
     </span>
    </p>
   </div>
   <div class='ocr_carea' id='block_1_20' title="bbox 1943 713 3541 778">
    <p class='ocr_par' dir='ltr' id='par_1_20' title="bbox 1943 713 3541 778">
     <span class='ocr_line' id='line_1_20' title="bbox 1943 713 3541 778; baseline -0.002 -5"><span class='ocrx_word' id='word_1_127' title='bbox 1943 718 2077 773; x_wconf 89' lang='lat' dir='ltr'><strong>lium</strong></span> <span class='ocrx_word' id='word_1_128' title='bbox 2107 725 2159 774; x_wconf 86' lang='lat' dir='ltr'>et</span> <span class='ocrx_word' id='word_1_129' title='bbox 2191 717 2506 775; x_wconf 86' lang='lat' dir='ltr'><strong>Servatoris</strong></span> <span class='ocrx_word' id='word_1_130' title='bbox 2541 718 2893 775; x_wconf 78' lang='lat' dir='ltr'>sermonibus</span> <span class='ocrx_word' id='word_1_131' title='bbox 2920 714 3235 772; x_wconf 88' lang='lat' dir='ltr'><strong>resistendo</strong></span> <span class='ocrx_word' id='word_1_132' title='bbox 3256 756 3271 778; x_wconf 94' lang='lat'>,</span> <span class='ocrx_word' id='word_1_133' title='bbox 3306 714 3418 771; x_wconf 86' lang='lat' dir='ltr'><strong>Deo</strong></span> <span class='ocrx_word' id='word_1_134' title='bbox 3444 713 3541 770; x_wconf 62' lang='grc' dir='ltr'>ιε·-</span> 
     </span>
    </p>
   </div>
   <div class='ocr_carea' id='block_1_21' title="bbox 1941 801 3525 881">
    <p class='ocr_par' dir='ltr' id='par_1_21' title="bbox 1941 801 3525 881">
     <span class='ocr_line' id='line_1_21' title="bbox 1941 801 3525 881; baseline -0.003 -18"><span class='ocrx_word' id='word_1_135' title='bbox 1941 810 2026 881; x_wconf 74' lang='lat' dir='ltr'>gis</span> <span class='ocrx_word' id='word_1_136' title='bbox 2053 811 2269 865; x_wconf 83' lang='lat' dir='ltr'><strong>auctori</strong></span> <span class='ocrx_word' id='word_1_137' title='bbox 2301 819 2519 880; x_wconf 77' lang='lat' dir='ltr'><strong>gratum</strong></span> <span class='ocrx_word' id='word_1_138' title='bbox 2556 808 2777 875; x_wconf 88' lang='lat' dir='ltr'><strong>facere,</strong></span> <span class='ocrx_word' id='word_1_139' title='bbox 2823 808 3137 878; x_wconf 41' lang='lat' dir='ltr'><strong>et’priores</strong></span> <span class='ocrx_word' id='word_1_140' title='bbox 3175 812 3361 875; x_wconf 76' lang='lat' dir='ltr'><strong>partes</strong></span> <span class='ocrx_word' id='word_1_141' title='bbox 3406 801 3525 859; x_wconf 70' lang='lat' dir='ltr'>lo-</span> 
     </span>
    </p>
   </div>
   <div class='ocr_carea' id='block_1_22' title="bbox 1943 895 3529 971">
    <p class='ocr_par' dir='ltr' id='par_1_22' title="bbox 1943 895 3529 971">
     <span class='ocr_line' id='line_1_22' title="bbox 1943 895 3529 971; baseline -0.004 -16"><span class='ocrx_word' id='word_1_142' title='bbox 1943 900 2112 956; x_wconf 87' lang='lat' dir='ltr'><strong>saicis</strong></span> <span class='ocrx_word' id='word_1_143' title='bbox 2144 901 2417 956; x_wconf 83' lang='lat' dir='ltr'><strong>mandatis</strong></span> <span class='ocrx_word' id='word_1_144' title='bbox 2450 915 2628 971; x_wconf 89' lang='lat' dir='ltr'><strong>usque</strong></span> <span class='ocrx_word' id='word_1_145' title='bbox 2659 898 2992 962; x_wconf 85' lang='lat' dir='ltr'><strong>tribuendo,</strong></span> <span class='ocrx_word' id='word_1_146' title='bbox 3027 912 3191 955; x_wconf 86' lang='lat' dir='ltr'><strong>veros</strong></span> <span class='ocrx_word' id='word_1_147' title='bbox 3222 911 3283 952; x_wconf 88' lang='lat' dir='ltr'>se</span> <span class='ocrx_word' id='word_1_148' title='bbox 3313 910 3379 950; x_wconf 90' lang='lat' dir='ltr'>ac</span> <span class='ocrx_word' id='word_1_149' title='bbox 3414 895 3529 951; x_wconf 90' lang='lat' dir='ltr'><strong>sin-</strong></span> 
     </span>
    </p>
   </div>
   <div class='ocr_carea' id='block_1_23' title="bbox 1944 974 3526 1062">
    <p class='ocr_par' dir='ltr' id='par_1_23' title="bbox 1944 974 3526 1062">
     <span class='ocr_line' id='line_1_23' title="bbox 1944 974 3526 1062; baseline -0.003 -18"><span class='ocrx_word' id='word_1_150' title='bbox 1944 974 2103 1047; x_wconf 77' lang='lat' dir='ltr'><strong>ceras</strong></span> <span class='ocrx_word' id='word_1_151' title='bbox 2151 991 2467 1047; x_wconf 77' lang='lat' dir='ltr'>dilectionis</span> <span class='ocrx_word' id='word_1_152' title='bbox 2520 1006 2651 1062; x_wconf 79' lang='lat' dir='ltr'><strong>erga</strong></span> <span class='ocrx_word' id='word_1_153' title='bbox 2706 989 2876 1045; x_wconf 88' lang='lat' dir='ltr'><strong>Deum</strong></span> <span class='ocrx_word' id='word_1_154' title='bbox 2929 989 3321 1045; x_wconf 83' lang='lat' dir='ltr'>observatores</span> <span class='ocrx_word' id='word_1_155' title='bbox 3376 1000 3526 1042; x_wconf 84' lang='lat' dir='ltr'><strong>esse.</strong></span> 
     </span>
    </p>
   </div>
   <div class='ocr_carea' id='block_1_24' title="bbox 1945 1072 3566 1150">
    <p class='ocr_par' dir='ltr' id='par_1_24' title="bbox 1945 1072 3566 1150">
     <span class='ocr_line' id='line_1_24' title="bbox 1945 1072 3566 1150; baseline -0.004 -17"><span class='ocrx_word' id='word_1_156' title='bbox 1945 1076 2244 1149; x_wconf 86' lang='lat' dir='ltr'><strong>Oportebat</strong></span> <span class='ocrx_word' id='word_1_157' title='bbox 2276 1078 2450 1150; x_wconf 75' lang='lat' dir='ltr'><strong>igitur</strong></span> <span class='ocrx_word' id='word_1_158' title='bbox 2477 1092 2679 1133; x_wconf 83' lang='lat' dir='ltr'><strong>vanum</strong></span> <span class='ocrx_word' id='word_1_159' title='bbox 2715 1091 2909 1134; x_wconf 85' lang='lat' dir='ltr'><strong>eorum</strong></span> <span class='ocrx_word' id='word_1_160' title='bbox 2958 1075 3164 1133; x_wconf 85' lang='lat' dir='ltr'><strong>fastum</strong></span> <span class='ocrx_word' id='word_1_161' title='bbox 3192 1072 3487 1130; x_wconf 82' lang='lat' dir='ltr'><strong>ostendere</strong></span> <span class='ocrx_word' id='word_1_162' title='bbox 3511 1109 3527 1134; x_wconf 86' lang='lat'>,</span> <span class='ocrx_word' id='word_1_163' title='bbox 3555 1137 3566 1148; x_wconf 84' lang='lat'><em>_</em></span> 
     </span>
    </p>
   </div>
   <div class='ocr_carea' id='block_1_25' title="bbox 1946 1162 3529 1241">
    <p class='ocr_par' dir='ltr' id='par_1_25' title="bbox 1946 1162 3529 1241">
     <span class='ocr_line' id='line_1_25' title="bbox 1946 1162 3529 1241; baseline -0.004 -18"><span class='ocrx_word' id='word_1_164' title='bbox 1946 1171 2237 1241; x_wconf 76' lang='lat' dir='ltr'><strong>palamque</strong></span> <span class='ocrx_word' id='word_1_165' title='bbox 2263 1171 2526 1226; x_wconf 86' lang='lat' dir='ltr'><strong>universo</strong></span> <span class='ocrx_word' id='word_1_166' title='bbox 2552 1178 2830 1225; x_wconf 88' lang='lat' dir='ltr'><strong>terrarum</strong></span> <span class='ocrx_word' id='word_1_167' title='bbox 2858 1167 2983 1223; x_wconf 83' lang='lat' dir='ltr'><strong>orbi</strong></span> <span class='ocrx_word' id='word_1_168' title='bbox 3014 1167 3198 1222; x_wconf 88' lang='lat' dir='ltr'><strong>facere</strong></span> <span class='ocrx_word' id='word_1_169' title='bbox 3217 1206 3232 1229; x_wconf 93' lang='lat'>,</span> <span class='ocrx_word' id='word_1_170' title='bbox 3262 1163 3411 1233; x_wconf 87' lang='lat' dir='ltr'><strong>quod</strong></span> <span class='ocrx_word' id='word_1_171' title='bbox 3434 1162 3529 1233; x_wconf 87' lang='lat' dir='ltr'><strong>qui</strong></span> 
     </span>
    </p>
   </div>
   <div class='ocr_carea' id='block_1_26' title="bbox 1949 1255 3530 1332">
    <p class='ocr_par' dir='ltr' id='par_1_26' title="bbox 1949 1255 3530 1332">
     <span class='ocr_line' id='line_1_26' title="bbox 1949 1255 3530 1332; baseline -0.004 -16"><span class='ocrx_word' id='word_1_172' title='bbox 1949 1260 2259 1318; x_wconf 85' lang='lat' dir='ltr'><strong>Servatoris</strong></span> <span class='ocrx_word' id='word_1_173' title='bbox 2300 1262 2516 1332; x_wconf 78' lang='lat' dir='ltr'><strong>legibus</strong></span> <span class='ocrx_word' id='word_1_174' title='bbox 2552 1261 2862 1326; x_wconf 86' lang='lat' dir='ltr'><strong>resistunt,</strong></span> <span class='ocrx_word' id='word_1_175' title='bbox 2898 1266 3067 1314; x_wconf 86' lang='lat' dir='ltr'><strong>totam</strong></span> <span class='ocrx_word' id='word_1_176' title='bbox 3116 1255 3530 1327; x_wconf 87' lang='lat' dir='ltr'><strong>quodammodo</strong></span> 
     </span>
    </p>
   </div>
   <div class='ocr_carea' id='block_1_27' title="bbox 1947 1343 3530 1426">
    <p class='ocr_par' dir='ltr' id='par_1_27' title="bbox 1947 1343 3530 1426">
     <span class='ocr_line' id='line_1_27' title="bbox 1947 1343 3530 1426; baseline -0.004 -18"><span class='ocrx_word' id='word_1_177' title='bbox 1947 1343 2199 1408; x_wconf 65' lang='lat' dir='ltr'><strong>naturam</strong></span> <span class='ocrx_word' id='word_1_178' title='bbox 2240 1353 2405 1426; x_wconf 73' lang='lat'>907</span> <span class='ocrx_word' id='word_1_179' title='bbox 2446 1352 2688 1408; x_wconf 84' lang='lat' dir='ltr'><strong>divinam</strong></span> <span class='ocrx_word' id='word_1_180' title='bbox 2729 1350 2932 1420; x_wconf 86' lang='lat' dir='ltr'><strong>injuria</strong></span> <span class='ocrx_word' id='word_1_181' title='bbox 2971 1347 3214 1403; x_wconf 73' lang='lat' dir='ltr'><strong>alliciunt</strong></span> <span class='ocrx_word' id='word_1_182' title='bbox 3254 1347 3310 1399; x_wconf 92' lang='lat' dir='ltr'><strong>in</strong></span> <span class='ocrx_word' id='word_1_183' title='bbox 3351 1343 3530 1410; x_wconf 82' lang='lat' dir='ltr'><strong>Filio,</strong></span> 
     </span>
    </p>
   </div>
   <div class='ocr_carea' id='block_1_28' title="bbox 1948 1439 3530 1519">
    <p class='ocr_par' dir='ltr' id='par_1_28' title="bbox 1948 1439 3530 1519">
     <span class='ocr_line' id='line_1_28' title="bbox 1948 1439 3530 1519; baseline -0.009 -15"><span class='ocrx_word' id='word_1_184' title='bbox 1948 1464 2046 1519; x_wconf 89' lang='lat' dir='ltr'>per</span> <span class='ocrx_word' id='word_1_185' title='bbox 2075 1448 2291 1517; x_wconf 75' lang='lat' dir='ltr'><strong>longam</strong></span> <span class='ocrx_word' id='word_1_186' title='bbox 2321 1453 2379 1503; x_wconf 87' lang='lat' dir='ltr'>et</span> <span class='ocrx_word' id='word_1_187' title='bbox 2407 1444 2842 1502; x_wconf 82' lang='lat' dir='ltr'><strong>inexcusabilem</strong></span> <span class='ocrx_word' id='word_1_188' title='bbox 2871 1439 3305 1497; x_wconf 86' lang='lat' dir='ltr'><strong>inobedientiam</strong></span> <span class='ocrx_word' id='word_1_189' title='bbox 3324 1475 3340 1501; x_wconf 96' lang='lat'>,</span> <span class='ocrx_word' id='word_1_190' title='bbox 3366 1450 3530 1506; x_wconf 89' lang='lat' dir='ltr'><strong>quam</strong></span> 
     </span>
    </p>
   </div>
   <div class='ocr_carea' id='block_1_29' title="bbox 1949 1527 3534 1608">
    <p class='ocr_par' dir='ltr' id='par_1_29' title="bbox 1949 1527 3534 1608">
     <span class='ocr_line' id='line_1_29' title="bbox 1949 1527 3534 1608; baseline -0.01 -11"><span class='ocrx_word' id='word_1_191' title='bbox 1949 1555 2060 1597; x_wconf 93' lang='lat' dir='ltr'>non</span> <span class='ocrx_word' id='word_1_192' title='bbox 2090 1539 2272 1595; x_wconf 89' lang='lat' dir='ltr'><strong>solum</strong></span> <span class='ocrx_word' id='word_1_193' title='bbox 2304 1539 2360 1594; x_wconf 90' lang='lat' dir='ltr'><strong>in</strong></span> <span class='ocrx_word' id='word_1_194' title='bbox 2389 1552 2546 1595; x_wconf 89' lang='lat' dir='ltr'><strong>suam</strong></span> <span class='ocrx_word' id='word_1_195' title='bbox 2579 1550 2875 1608; x_wconf 88' lang='lat' dir='ltr'><strong>personam</strong></span> <span class='ocrx_word' id='word_1_196' title='bbox 2908 1531 3269 1603; x_wconf 81' lang='lat' dir='ltr'><strong>singulariter</strong></span> <span class='ocrx_word' id='word_1_197' title='bbox 3295 1527 3413 1583; x_wconf 82' lang='lat' dir='ltr'><strong>fieri</strong></span> <span class='ocrx_word' id='word_1_198' title='bbox 3441 1542 3534 1582; x_wconf 57' lang='lat' dir='ltr'><strong>asa</strong></span> 
     </span>
    </p>
   </div>
   <div class='ocr_carea' id='block_1_30' title="bbox 1951 1623 3536 1698">
    <p class='ocr_par' dir='ltr' id='par_1_30' title="bbox 1951 1623 3536 1698">
     <span class='ocr_line' id='line_1_30' title="bbox 1951 1623 3536 1698; baseline -0.009 -11"><span class='ocrx_word' id='word_1_199' title='bbox 1951 1632 2107 1695; x_wconf 88' lang='lat' dir='ltr'><strong>serit,</strong></span> <span class='ocrx_word' id='word_1_200' title='bbox 2141 1630 2235 1686; x_wconf 89' lang='lat' dir='ltr'>sed</span> <span class='ocrx_word' id='word_1_201' title='bbox 2267 1637 2323 1685; x_wconf 91' lang='lat' dir='ltr'>et</span> <span class='ocrx_word' id='word_1_202' title='bbox 2361 1629 2417 1685; x_wconf 94' lang='lat' dir='ltr'>in</span> <span class='ocrx_word' id='word_1_203' title='bbox 2450 1644 2550 1685; x_wconf 91' lang='lat' dir='ltr'>eos</span> <span class='ocrx_word' id='word_1_204' title='bbox 2575 1628 2671 1698; x_wconf 90' lang='lat' dir='ltr'>qui</span> <span class='ocrx_word' id='word_1_205' title='bbox 2707 1641 2811 1698; x_wconf 91' lang='lat' dir='ltr'>pro</span> <span class='ocrx_word' id='word_1_206' title='bbox 2838 1626 2962 1695; x_wconf 87' lang='lat' dir='ltr'><strong>ipso</strong></span> <span class='ocrx_word' id='word_1_207' title='bbox 2988 1631 3045 1678; x_wconf 85' lang='lat' dir='ltr'>et</span> <span class='ocrx_word' id='word_1_208' title='bbox 3077 1638 3174 1694; x_wconf 88' lang='lat' dir='ltr'>per</span> <span class='ocrx_word' id='word_1_209' title='bbox 3202 1623 3383 1692; x_wconf 88' lang='lat' dir='ltr'><strong>ipsum</strong></span> <span class='ocrx_word' id='word_1_210' title='bbox 3416 1633 3536 1676; x_wconf 87' lang='lat' dir='ltr'><strong>ser-</strong></span> 
     </span>
    </p>
   </div>
   <div class='ocr_carea' id='block_1_31' title="bbox 1951 1715 3535 1797">
    <p class='ocr_par' dir='ltr' id='par_1_31' title="bbox 1951 1715 3535 1797">
     <span class='ocr_line' id='line_1_31' title="bbox 1951 1715 3535 1797; baseline -0.011 -17"><span class='ocrx_word' id='word_1_211' title='bbox 1951 1738 2169 1780; x_wconf 89' lang='lat' dir='ltr'><strong>monem</strong></span> <span class='ocrx_word' id='word_1_212' title='bbox 2195 1722 2553 1776; x_wconf 87' lang='lat' dir='ltr'><strong>annuntiant.</strong></span> <span class='ocrx_word' id='word_1_213' title='bbox 2576 1718 2671 1773; x_wconf 90' lang='lat' dir='ltr'>Dei</span> <span class='ocrx_word' id='word_1_214' title='bbox 2697 1718 2879 1774; x_wconf 86' lang='lat' dir='ltr'><strong>hostis</strong></span> <span class='ocrx_word' id='word_1_215' title='bbox 2917 1715 3084 1797; x_wconf 71' lang='lat' dir='ltr'><strong>igitur</strong></span> <span class='ocrx_word' id='word_1_216' title='bbox 3121 1721 3178 1770; x_wconf 91' lang='lat' dir='ltr'>et</span> <span class='ocrx_word' id='word_1_217' title='bbox 3205 1728 3336 1782; x_wconf 74' lang='lat' dir='ltr'><strong>erga</strong></span> <span class='ocrx_word' id='word_1_218' title='bbox 3366 1721 3535 1767; x_wconf 84' lang='lat' dir='ltr'><strong>totam</strong></span> 
     </span>
    </p>
   </div>
   <div class='ocr_carea' id='block_1_32' title="bbox 264 1801 1859 1881">
    <p class='ocr_par' dir='ltr' id='par_1_32' title="bbox 264 1801 1849 1880">
     <span class='ocr_line' id='line_1_32' title="bbox 264 1801 1849 1880; baseline 0.008 -26"><span class='ocrx_word' id='word_1_219' title='bbox 264 1801 451 1866; x_wconf 80' lang='grc' dir='ltr'>λακες.</span> <span class='ocrx_word' id='word_1_220' title='bbox 504 1805 656 1860; x_wconf 86' lang='grc' dir='ltr'>Ἔδει</span> <span class='ocrx_word' id='word_1_221' title='bbox 688 1807 979 1878; x_wconf 78' lang='grc' dir='ltr'>τοιγαροῦν</span> <span class='ocrx_word' id='word_1_222' title='bbox 1025 1811 1085 1863; x_wconf 83' lang='grc' dir='ltr'>τὸ</span> <span class='ocrx_word' id='word_1_223' title='bbox 1121 1811 1221 1880; x_wconf 81' lang='grc' dir='ltr'>μὲν</span> <span class='ocrx_word' id='word_1_224' title='bbox 1261 1814 1321 1865; x_wconf 81' lang='grc' dir='ltr'>ὲν</span> <span class='ocrx_word' id='word_1_225' title='bbox 1372 1812 1604 1877; x_wconf 77' lang='grc' dir='ltr'>ἐκείνοις</span> <span class='ocrx_word' id='word_1_226' title='bbox 1638 1815 1849 1867; x_wconf 75' lang='grc' dir='ltr'>εἰκαῖον</span> 
     </span>
    </p>
   </div>
   <div class='ocr_carea' id='block_1_33' title="bbox 1963 1801 3535 1881">
    <p class='ocr_par' dir='ltr' id='par_1_33' title="bbox 1963 1801 3535 1881">
     <span class='ocr_line' id='line_1_33' title="bbox 1963 1801 3535 1881; baseline -0.008 -14"><span class='ocrx_word' id='word_1_227' title='bbox 1963 1813 2281 1869; x_wconf 80' lang='lat' dir='ltr'><strong>inell‘abilem</strong></span> <span class='ocrx_word' id='word_1_228' title='bbox 2314 1821 2369 1869; x_wconf 83' lang='lat' dir='ltr'>et</span> <span class='ocrx_word' id='word_1_229' title='bbox 2398 1809 2842 1881; x_wconf 77' lang='lat' dir='ltr'><strong>inexplicabilem</strong></span> <span class='ocrx_word' id='word_1_230' title='bbox 2877 1817 3133 1862; x_wconf 91' lang='lat' dir='ltr'><strong>naturam</strong></span> <span class='ocrx_word' id='word_1_231' title='bbox 3164 1801 3535 1859; x_wconf 80' lang='lat' dir='ltr'><strong>contumelio-</strong></span> 
     </span>
    </p>
   </div>
   <div class='ocr_carea' id='block_1_34' title="bbox 264 1880 1859 1977">
    <p class='ocr_par' dir='ltr' id='par_1_34' title="bbox 264 1894 1846 1977">
     <span class='ocr_line' id='line_1_34' title="bbox 264 1894 1846 1977; baseline 0.008 -30"><span class='ocrx_word' id='word_1_232' title='bbox 264 1894 670 1964; x_wconf 88' lang='grc' dir='ltr'>ἀποφαίνεσθαι</span> <span class='ocrx_word' id='word_1_233' title='bbox 711 1900 969 1971; x_wconf 84' lang='grc' dir='ltr'>φύσημα,</span> <span class='ocrx_word' id='word_1_234' title='bbox 1023 1902 1214 1972; x_wconf 82' lang='grc' dir='ltr'>μαθεῖν</span> <span class='ocrx_word' id='word_1_235' title='bbox 1251 1903 1308 1956; x_wconf 85' lang='grc' dir='ltr'>δὲ</span> <span class='ocrx_word' id='word_1_236' title='bbox 1354 1904 1453 1976; x_wconf 82' lang='grc' dir='ltr'>τὴν</span> <span class='ocrx_word' id='word_1_237' title='bbox 1498 1906 1846 1977; x_wconf 76' lang='grc' dir='ltr'>οἰκουμένην,</span> 
     </span>
    </p>
   </div>
   <div class='ocr_carea' id='block_1_35' title="bbox 1963 1880 3535 1977">
    <p class='ocr_par' dir='ltr' id='par_1_35' title="bbox 1963 1891 3535 1972">
     <span class='ocr_line' id='line_1_35' title="bbox 1963 1891 3535 1972; baseline -0.009 -12"><span class='ocrx_word' id='word_1_238' title='bbox 1963 1920 2050 1961; x_wconf 82' lang='lat' dir='ltr'>sus</span> <span class='ocrx_word' id='word_1_239' title='bbox 2086 1914 2206 1968; x_wconf 82' lang='lat' dir='ltr'><strong>est,</strong></span> <span class='ocrx_word' id='word_1_240' title='bbox 2243 1903 2556 1972; x_wconf 89' lang='lat' dir='ltr'><strong>quicunque</strong></span> <span class='ocrx_word' id='word_1_241' title='bbox 2603 1900 2772 1955; x_wconf 89' lang='lat' dir='ltr'><strong>etiam</strong></span> <span class='ocrx_word' id='word_1_242' title='bbox 2823 1899 3039 1956; x_wconf 86' lang='lat' dir='ltr'><strong>sanctis</strong></span> <span class='ocrx_word' id='word_1_243' title='bbox 3084 1896 3220 1966; x_wconf 87' lang='lat' dir='ltr'><strong>ipsis</strong></span> <span class='ocrx_word' id='word_1_244' title='bbox 3264 1891 3535 1963; x_wconf 86' lang='lat' dir='ltr'><strong>apostolis</strong></span> 
     </span>
    </p>
   </div>
   <div class='ocr_carea' id='block_1_36' title="bbox 262 1984 1849 2066">
    <p class='ocr_par' dir='ltr' id='par_1_36' title="bbox 262 1984 1849 2066">
     <span class='ocr_line' id='line_1_36' title="bbox 262 1984 1849 2066; baseline 0.008 -30"><span class='ocrx_word' id='word_1_245' title='bbox 262 1984 341 2037; x_wconf 83' lang='grc' dir='ltr'>ετι</span> <span class='ocrx_word' id='word_1_246' title='bbox 387 1987 501 2048; x_wconf 83' lang='grc' dir='ltr'>τοῖς</span> <span class='ocrx_word' id='word_1_247' title='bbox 552 1989 648 2041; x_wconf 81' lang='grc' dir='ltr'>τοῦ</span> <span class='ocrx_word' id='word_1_248' title='bbox 696 1989 948 2061; x_wconf 83' lang='grc' dir='ltr'>Σωτῆρος</span> <span class='ocrx_word' id='word_1_249' title='bbox 1008 1992 1399 2061; x_wconf 85' lang='grc' dir='ltr'>ἀντεξάγοντες</span> <span class='ocrx_word' id='word_1_250' title='bbox 1439 1995 1658 2065; x_wconf 85' lang='grc' dir='ltr'>νόμοις,</span> <span class='ocrx_word' id='word_1_251' title='bbox 1712 1997 1849 2066; x_wconf 81' lang='grc' dir='ltr'>πρὸς</span> 
     </span>
    </p>
   </div>
   <div class='ocr_carea' id='block_1_37' title="bbox 260 2073 1849 2155">
    <p class='ocr_par' dir='ltr' id='par_1_37' title="bbox 260 2073 1849 2155">
     <span class='ocr_line' id='line_1_37' title="bbox 260 2073 1849 2155; baseline 0.008 -30"><span class='ocrx_word' id='word_1_252' title='bbox 260 2073 560 2146; x_wconf 77' lang='grc' dir='ltr'>ὁλόκληρον</span> <span class='ocrx_word' id='word_1_253' title='bbox 590 2076 780 2149; x_wconf 84' lang='grc' dir='ltr'>ὥσπερ</span> <span class='ocrx_word' id='word_1_254' title='bbox 806 2078 903 2150; x_wconf 82' lang='grc' dir='ltr'>τὴν</span> <span class='ocrx_word' id='word_1_255' title='bbox 937 2078 1085 2133; x_wconf 82' lang='grc' dir='ltr'>θείαν</span> <span class='ocrx_word' id='word_1_256' title='bbox 1113 2077 1299 2153; x_wconf 78' lang='grc' dir='ltr'>έχουσι</span> <span class='ocrx_word' id='word_1_257' title='bbox 1328 2082 1493 2150; x_wconf 86' lang='grc' dir='ltr'>φύσιν</span> <span class='ocrx_word' id='word_1_258' title='bbox 1514 2084 1849 2155; x_wconf 85' lang='grc' dir='ltr'>ὑϐρισμένην</span> 
     </span>
    </p>
   </div>
   <div class='ocr_carea' id='block_1_38' title="bbox 1926 1983 3539 2063">
    <p class='ocr_par' dir='ltr' id='par_1_38' title="bbox 1926 1983 3539 2063">
     <span class='ocr_line' id='line_1_38' title="bbox 1926 1983 3539 2063; baseline -0.009 -14"><span class='ocrx_word' id='word_1_259' title='bbox 1926 1995 2219 2051; x_wconf 55' lang='grc' dir='ltr'>κτεεὶειεῐε</span> <span class='ocrx_word' id='word_1_260' title='bbox 2244 1994 2584 2063; x_wconf 72' lang='lat' dir='ltr'><strong>aggreditur.</strong></span> <span class='ocrx_word' id='word_1_261' title='bbox 2617 1989 2729 2047; x_wconf 90' lang='lat' dir='ltr'>Nec</span> <span class='ocrx_word' id='word_1_262' title='bbox 2759 1991 2907 2046; x_wconf 86' lang='lat' dir='ltr'><strong>enim</strong></span> <span class='ocrx_word' id='word_1_263' title='bbox 2944 1989 3161 2058; x_wconf 83' lang='lat' dir='ltr'><strong>seipsos</strong></span> <span class='ocrx_word' id='word_1_264' title='bbox 3193 1983 3539 2056; x_wconf 67' lang='lat' dir='ltr'><strong>praedicant,</strong></span> 
     </span>
    </p>
   </div>
   <div class='ocr_carea' id='block_1_39' title="bbox 1958 2075 3538 2143">
    <p class='ocr_par' dir='ltr' id='par_1_39' title="bbox 1958 2075 3538 2143">
     <span class='ocr_line' id='line_1_39' title="bbox 1958 2075 3538 2143; baseline -0.011 0"><span class='ocrx_word' id='word_1_265' title='bbox 1958 2087 2053 2143; x_wconf 88' lang='lat' dir='ltr'>sed</span> <span class='ocrx_word' id='word_1_266' title='bbox 2083 2085 2329 2140; x_wconf 87' lang='lat' dir='ltr'><strong>universi</strong></span> <span class='ocrx_word' id='word_1_267' title='bbox 2366 2083 2538 2137; x_wconf 89' lang='lat' dir='ltr'><strong>Deum</strong></span> <span class='ocrx_word' id='word_1_268' title='bbox 2568 2096 2632 2137; x_wconf 88' lang='lat' dir='ltr'>ac</span> <span class='ocrx_word' id='word_1_269' title='bbox 2662 2081 2956 2136; x_wconf 88' lang='lat' dir='ltr'><strong>Dominum</strong></span> <span class='ocrx_word' id='word_1_270' title='bbox 2984 2118 2999 2143; x_wconf 95' lang='lat'>,</span> <span class='ocrx_word' id='word_1_271' title='bbox 3030 2077 3087 2135; x_wconf 90' lang='lat' dir='ltr'>id</span> <span class='ocrx_word' id='word_1_272' title='bbox 3116 2084 3203 2133; x_wconf 88' lang='lat' dir='ltr'>est</span> <span class='ocrx_word' id='word_1_273' title='bbox 3232 2075 3538 2131; x_wconf 85' lang='lat' dir='ltr'><strong>Christum.</strong></span> 
     </span>
    </p>
   </div>
   <div class='ocr_carea' id='block_1_40' title="bbox 261 2164 3545 2248">
    <p class='ocr_par' dir='ltr' id='par_1_40' title="bbox 261 2164 3545 2248">
     <span class='ocr_line' id='line_1_40' title="bbox 261 2164 3545 2248; baseline 0 -33"><span class='ocrx_word' id='word_1_274' title='bbox 261 2164 316 2215; x_wconf 77' lang='grc' dir='ltr'>ὲν</span> <span class='ocrx_word' id='word_1_275' title='bbox 339 2164 450 2236; x_wconf 81' lang='grc' dir='ltr'>Υίῷ</span> <span class='ocrx_word' id='word_1_276' title='bbox 486 2166 587 2221; x_wconf 81' lang='grc' dir='ltr'>διὰ</span> <span class='ocrx_word' id='word_1_277' title='bbox 635 2169 733 2239; x_wconf 83' lang='grc' dir='ltr'>τῆς</span> <span class='ocrx_word' id='word_1_278' title='bbox 760 2170 1082 2240; x_wconf 82' lang='grc' dir='ltr'>παρακοῆς,</span> <span class='ocrx_word' id='word_1_279' title='bbox 1132 2171 1228 2225; x_wconf 73' lang='grc' dir='ltr'>καὶ</span> <span class='ocrx_word' id='word_1_280' title='bbox 1266 2172 1369 2243; x_wconf 87' lang='grc' dir='ltr'>τῆς</span> <span class='ocrx_word' id='word_1_281' title='bbox 1418 2172 1564 2243; x_wconf 74' lang='grc' dir='ltr'>οὕτω</span> <span class='ocrx_word' id='word_1_282' title='bbox 1607 2178 1846 2246; x_wconf 81' lang='grc' dir='ltr'>μακρᾶς,</span> <span class='ocrx_word' id='word_1_283' title='bbox 1888 2179 1982 2233; x_wconf 77' lang='grc' dir='ltr'>καὶ</span> <span class='ocrx_word' id='word_1_284' title='bbox 2005 2175 2416 2248; x_wconf 89' lang='grc' dir='ltr'>ἀπροφασίστου</span> <span class='ocrx_word' id='word_1_285' title='bbox 2446 2173 2632 2228; x_wconf 82' lang='grc' dir='ltr'>λοιπὸν</span> <span class='ocrx_word' id='word_1_286' title='bbox 2661 2173 2970 2236; x_wconf 80' lang='grc' dir='ltr'>ἀπειθείας,</span> <span class='ocrx_word' id='word_1_287' title='bbox 3003 2172 3070 2242; x_wconf 75' lang='grc' dir='ltr'>ἣν</span> <span class='ocrx_word' id='word_1_288' title='bbox 3100 2236 3107 2243; x_wconf 28' lang='lat' dir='ltr'><strong><em>I</em></strong></span> <span class='ocrx_word' id='word_1_289' title='bbox 3139 2167 3199 2222; x_wconf 85' lang='grc' dir='ltr'>οὐ</span> <span class='ocrx_word' id='word_1_290' title='bbox 3268 2164 3428 2236; x_wconf 87' lang='grc' dir='ltr'>μόνον</span> <span class='ocrx_word' id='word_1_291' title='bbox 3465 2166 3545 2217; x_wconf 84' lang='grc' dir='ltr'>εί-</span> 
     </span>
    </p>
   </div>
   <div class='ocr_carea' id='block_1_41' title="bbox 261 2252 3531 2341">
    <p class='ocr_par' dir='ltr' id='par_1_41' title="bbox 261 2252 3531 2341">
     <span class='ocr_line' id='line_1_41' title="bbox 261 2252 3531 2341; baseline -0.001 -33"><span class='ocrx_word' id='word_1_292' title='bbox 261 2255 418 2321; x_wconf 87' lang='grc' dir='ltr'>δικῶς</span> <span class='ocrx_word' id='word_1_293' title='bbox 447 2260 533 2323; x_wconf 88' lang='grc' dir='ltr'>είς</span> <span class='ocrx_word' id='word_1_294' title='bbox 569 2259 632 2313; x_wconf 88' lang='grc' dir='ltr'>τὸ</span> <span class='ocrx_word' id='word_1_295' title='bbox 660 2262 858 2316; x_wconf 81' lang='grc' dir='ltr'>οἰκεῖον</span> <span class='ocrx_word' id='word_1_296' title='bbox 888 2263 1253 2318; x_wconf 76' lang='grc' dir='ltr'>ἐπιτελεῖσθαι</span> <span class='ocrx_word' id='word_1_297' title='bbox 1287 2265 1578 2337; x_wconf 83' lang='grc' dir='ltr'>προσώπον</span> <span class='ocrx_word' id='word_1_298' title='bbox 1640 2263 1700 2323; x_wconf 82' lang='grc' dir='ltr'>εὖ</span> <span class='ocrx_word' id='word_1_299' title='bbox 1763 2271 1908 2341; x_wconf 73' lang='grc' dir='ltr'>μάλα</span> <span class='ocrx_word' id='word_1_300' title='bbox 1944 2269 2369 2341; x_wconf 79' lang='grc' dir='ltr'>διῖσχυρίζεται,</span> <span class='ocrx_word' id='word_1_301' title='bbox 2415 2266 2551 2320; x_wconf 90' lang='grc' dir='ltr'>ἀλλά</span> <span class='ocrx_word' id='word_1_302' title='bbox 2583 2267 2676 2320; x_wconf 77' lang='grc' dir='ltr'>καὶ</span> <span class='ocrx_word' id='word_1_303' title='bbox 2706 2268 2764 2319; x_wconf 78' lang='grc' dir='ltr'>ὲν</span> <span class='ocrx_word' id='word_1_304' title='bbox 2808 2266 2921 2327; x_wconf 85' lang='grc' dir='ltr'>τοῖς</span> <span class='ocrx_word' id='word_1_305' title='bbox 2949 2262 3041 2316; x_wconf 84' lang='grc' dir='ltr'>τὸν</span> <span class='ocrx_word' id='word_1_306' title='bbox 3072 2260 3212 2332; x_wconf 78' lang='grc' dir='ltr'>ὑπὲρ</span> <span class='ocrx_word' id='word_1_307' title='bbox 3238 2256 3405 2311; x_wconf 81' lang='grc' dir='ltr'>αὐτοῦ</span> <span class='ocrx_word' id='word_1_308' title='bbox 3432 2252 3531 2307; x_wconf 74' lang='grc' dir='ltr'>καὶ</span> 
     </span>
    </p>
   </div>
   <div class='ocr_carea' id='block_1_42' title="bbox 257 2349 3540 2433">
    <p class='ocr_par' dir='ltr' id='par_1_42' title="bbox 257 2349 3540 2433">
     <span class='ocr_line' id='line_1_42' title="bbox 257 2349 3540 2433; baseline 0.004 -31"><span class='ocrx_word' id='word_1_309' title='bbox 257 2349 346 2402; x_wconf 79' lang='grc' dir='ltr'>διὰ</span> <span class='ocrx_word' id='word_1_310' title='bbox 380 2351 550 2405; x_wconf 77' lang='grc' dir='ltr'>αὐτὸν</span> <span class='ocrx_word' id='word_1_311' title='bbox 598 2353 961 2422; x_wconf 88' lang='grc' dir='ltr'>πρεσϐεύουσι</span> <span class='ocrx_word' id='word_1_312' title='bbox 1008 2356 1187 2424; x_wconf 89' lang='grc' dir='ltr'>λόγον.</span> <span class='ocrx_word' id='word_1_313' title='bbox 1247 2356 1527 2429; x_wconf 84' lang='grc' dir='ltr'>Θεομάχος</span> <span class='ocrx_word' id='word_1_314' title='bbox 1580 2356 1674 2415; x_wconf 79' lang='grc' dir='ltr'>οὖν</span> <span class='ocrx_word' id='word_1_315' title='bbox 1717 2362 1848 2433; x_wconf 79' lang='grc' dir='ltr'>ἄρα,</span> <span class='ocrx_word' id='word_1_316' title='bbox 1890 2361 1983 2415; x_wconf 78' lang='grc' dir='ltr'>καὶ</span> <span class='ocrx_word' id='word_1_317' title='bbox 2012 2359 2309 2433; x_wconf 81' lang='grc' dir='ltr'>ὑϐριστὴς,</span> <span class='ocrx_word' id='word_1_318' title='bbox 2360 2358 2455 2411; x_wconf 75' lang='grc' dir='ltr'>καὶ</span> <span class='ocrx_word' id='word_1_319' title='bbox 2494 2357 2628 2426; x_wconf 86' lang='grc' dir='ltr'>πρὸς</span> <span class='ocrx_word' id='word_1_320' title='bbox 2665 2356 2795 2427; x_wconf 81' lang='grc' dir='ltr'>ὅλην</span> <span class='ocrx_word' id='word_1_321' title='bbox 2861 2354 3001 2425; x_wconf 75' lang='grc' dir='ltr'>ἔχων</span> <span class='ocrx_word' id='word_1_322' title='bbox 3039 2352 3139 2425; x_wconf 86' lang='grc' dir='ltr'>τὴν</span> <span class='ocrx_word' id='word_1_323' title='bbox 3200 2349 3438 2423; x_wconf 79' lang='grc' dir='ltr'>ᾶῤῥητόν</span> <span class='ocrx_word' id='word_1_324' title='bbox 3479 2363 3540 2400; x_wconf 81' lang='grc' dir='ltr'>τε</span> 
     </span>
    </p>
   </div>
   <div class='ocr_carea' id='block_1_43' title="bbox 267 2439 3544 2524">
    <p class='ocr_par' dir='ltr' id='par_1_43' title="bbox 267 2439 3544 2524">
     <span class='ocr_line' id='line_1_43' title="bbox 267 2439 3544 2524; baseline 0 -30"><span class='ocrx_word' id='word_1_325' title='bbox 267 2444 669 2517; x_wconf 61' lang='grc' dir='ltr'>καιάφραστον</span> <span class='ocrx_word' id='word_1_326' title='bbox 698 2447 891 2518; x_wconf 89' lang='grc' dir='ltr'>φύσιν,</span> <span class='ocrx_word' id='word_1_327' title='bbox 940 2450 970 2502; x_wconf 76' lang='grc' dir='ltr'>ό</span> <span class='ocrx_word' id='word_1_328' title='bbox 1015 2451 1109 2504; x_wconf 77' lang='grc' dir='ltr'>καὶ</span> <span class='ocrx_word' id='word_1_329' title='bbox 1156 2453 1341 2517; x_wconf 77' lang='grc' dir='ltr'>αὐτοῖς</span> <span class='ocrx_word' id='word_1_330' title='bbox 1368 2457 1479 2517; x_wconf 85' lang='grc' dir='ltr'>τοῖς</span> <span class='ocrx_word' id='word_1_331' title='bbox 1513 2454 1689 2522; x_wconf 81' lang='grc' dir='ltr'>ἁγίοις</span> <span class='ocrx_word' id='word_1_332' title='bbox 1719 2456 2040 2518; x_wconf 81' lang='grc' dir='ltr'>ἀποστόλοις</span> <span class='ocrx_word' id='word_1_333' title='bbox 2093 2452 2479 2524; x_wconf 83' lang='grc' dir='ltr'>ἀντιπράττειν</span> <span class='ocrx_word' id='word_1_334' title='bbox 2500 2448 2814 2521; x_wconf 77' lang='grc' dir='ltr'>ἐπιχειρῶν.</span> <span class='ocrx_word' id='word_1_335' title='bbox 2875 2445 3221 2517; x_wconf 81' lang='grc' dir='ltr'>Κηρύττουσι</span> <span class='ocrx_word' id='word_1_336' title='bbox 3280 2443 3390 2512; x_wconf 83' lang='grc' dir='ltr'>γὰρ</span> <span class='ocrx_word' id='word_1_337' title='bbox 3446 2439 3544 2509; x_wconf 78' lang='grc' dir='ltr'>οὐχ</span> 
     </span>
    </p>
   </div>
   <div class='ocr_carea' id='block_1_44' title="bbox 267 2535 2295 2618">
    <p class='ocr_par' dir='ltr' id='par_1_44' title="bbox 267 2535 2295 2618">
     <span class='ocr_line' id='line_1_44' title="bbox 267 2535 2295 2618; baseline 0.007 -33"><span class='ocrx_word' id='word_1_338' title='bbox 267 2535 520 2601; x_wconf 71' lang='grc' dir='ltr'>ἑαυτοὺς,</span> <span class='ocrx_word' id='word_1_339' title='bbox 563 2537 699 2592; x_wconf 86' lang='grc' dir='ltr'>ἀλλά</span> <span class='ocrx_word' id='word_1_340' title='bbox 727 2540 818 2592; x_wconf 84' lang='grc' dir='ltr'>τὸν</span> <span class='ocrx_word' id='word_1_341' title='bbox 850 2540 960 2595; x_wconf 88' lang='grc' dir='ltr'>τῶν</span> <span class='ocrx_word' id='word_1_342' title='bbox 988 2543 1126 2597; x_wconf 75' lang='grc' dir='ltr'>ὅλων</span> <span class='ocrx_word' id='word_1_343' title='bbox 1156 2546 1290 2600; x_wconf 86' lang='grc' dir='ltr'>Θεὸν</span> <span class='ocrx_word' id='word_1_344' title='bbox 1318 2548 1413 2601; x_wconf 76' lang='grc' dir='ltr'>καὶ</span> <span class='ocrx_word' id='word_1_345' title='bbox 1440 2550 1642 2618; x_wconf 84' lang='grc' dir='ltr'>Κύριον</span> <span class='ocrx_word' id='word_1_346' title='bbox 1660 2588 1677 2611; x_wconf 89' lang='grc'>,</span> <span class='ocrx_word' id='word_1_347' title='bbox 1709 2547 1854 2601; x_wconf 79' lang='grc' dir='ltr'>τοῦτ’</span> <span class='ocrx_word' id='word_1_348' title='bbox 1892 2546 2008 2600; x_wconf 80' lang='grc' dir='ltr'>ἔστι</span> <span class='ocrx_word' id='word_1_349' title='bbox 2037 2544 2295 2616; x_wconf 83' lang='grc' dir='ltr'>Χριστόν.</span> 
     </span>
    </p>
   </div>
   <div class='ocr_carea' id='block_1_45' title="bbox 335 2630 1858 2710">
    <p class='ocr_par' dir='ltr' id='par_1_45' title="bbox 335 2630 1858 2710">
     <span class='ocr_line' id='line_1_45' title="bbox 335 2630 1858 2710; baseline 0.008 -28"><span class='ocrx_word' id='word_1_350' title='bbox 335 2631 400 2682; x_wconf 86' lang='grc' dir='ltr'>Εἰ</span> <span class='ocrx_word' id='word_1_351' title='bbox 432 2630 501 2684; x_wconf 87' lang='grc' dir='ltr'>τὰ</span> <span class='ocrx_word' id='word_1_352' title='bbox 551 2631 696 2699; x_wconf 74' lang='grc' dir='ltr'>ἔργα</span> <span class='ocrx_word' id='word_1_353' title='bbox 739 2633 824 2702; x_wconf 79' lang='grc' dir='ltr'>μὴ</span> <span class='ocrx_word' id='word_1_354' title='bbox 875 2633 1137 2700; x_wconf 79' lang='grc' dir='ltr'>ἐποίησα</span> <span class='ocrx_word' id='word_1_355' title='bbox 1177 2637 1248 2691; x_wconf 79' lang='grc' dir='ltr'>ἐν</span> <span class='ocrx_word' id='word_1_356' title='bbox 1292 2640 1528 2707; x_wconf 83' lang='grc' dir='ltr'>αὐτοῖς,</span> <span class='ocrx_word' id='word_1_357' title='bbox 1581 2642 1620 2696; x_wconf 77' lang='grc' dir='ltr'><em>ἅ</em></span> <span class='ocrx_word' id='word_1_358' title='bbox 1646 2640 1858 2710; x_wconf 81' lang='grc' dir='ltr'>μηδεὶς</span> 
     </span>
    </p>
   </div>
   <div class='ocr_carea' id='block_1_46' title="bbox 270 2718 1860 2799">
    <p class='ocr_par' dir='ltr' id='par_1_46' title="bbox 270 2718 1860 2799">
     <span class='ocr_line' id='line_1_46' title="bbox 270 2718 1860 2799; baseline 0.006 -26"><span class='ocrx_word' id='word_1_359' title='bbox 270 2718 453 2786; x_wconf 70' lang='grc' dir='ltr'>ἄλλος</span> <span class='ocrx_word' id='word_1_360' title='bbox 497 2720 862 2788; x_wconf 78' lang='grc' dir='ltr'>πεποίηκεν,</span> <span class='ocrx_word' id='word_1_361' title='bbox 904 2725 1199 2795; x_wconf 78' lang='grc' dir='ltr'>ἁμαρτίαν</span> <span class='ocrx_word' id='word_1_362' title='bbox 1238 2729 1348 2783; x_wconf 83' lang='grc' dir='ltr'>οὐκ</span> <span class='ocrx_word' id='word_1_363' title='bbox 1385 2724 1556 2799; x_wconf 63' lang='grc' dir='ltr'>εἶχον⁴</span> <span class='ocrx_word' id='word_1_364' title='bbox 1579 2747 1592 2759; x_wconf 73' lang='grc' dir='ltr'>ο</span> <span class='ocrx_word' id='word_1_365' title='bbox 1646 2730 1764 2785; x_wconf 76' lang='grc' dir='ltr'>νῦν</span> <span class='ocrx_word' id='word_1_366' title='bbox 1791 2729 1860 2783; x_wconf 85' lang='grc' dir='ltr'>δὲ</span> 
     </span>
    </p>
   </div>
   <div class='ocr_carea' id='block_1_47' title="bbox 272 2811 1860 2890">
    <p class='ocr_par' dir='ltr' id='par_1_47' title="bbox 272 2811 1860 2890">
     <span class='ocr_line' id='line_1_47' title="bbox 272 2811 1860 2890; baseline 0.007 -25"><span class='ocrx_word' id='word_1_367' title='bbox 272 2811 364 2865; x_wconf 75' lang='grc' dir='ltr'>καί</span> <span class='ocrx_word' id='word_1_368' title='bbox 400 2811 727 2880; x_wconf 78' lang='grc' dir='ltr'>ἑωράκασι,</span> <span class='ocrx_word' id='word_1_369' title='bbox 773 2814 872 2871; x_wconf 75' lang='grc' dir='ltr'>καί</span> <span class='ocrx_word' id='word_1_370' title='bbox 904 2817 1286 2887; x_wconf 79' lang='grc' dir='ltr'>μεμισήκασι</span> <span class='ocrx_word' id='word_1_371' title='bbox 1327 2819 1430 2873; x_wconf 78' lang='grc' dir='ltr'>καὶ</span> <span class='ocrx_word' id='word_1_372' title='bbox 1483 2820 1589 2890; x_wconf 76' lang='grc' dir='ltr'>ἐμὲ</span> <span class='ocrx_word' id='word_1_373' title='bbox 1626 2821 1722 2875; x_wconf 81' lang='grc' dir='ltr'>καί</span> <span class='ocrx_word' id='word_1_374' title='bbox 1754 2821 1860 2876; x_wconf 76' lang='grc' dir='ltr'>τὸν</span> 
     </span>
    </p>
   </div>
   <div class='ocr_carea' id='block_1_48' title="bbox 274 2905 686 2973">
    <p class='ocr_par' dir='ltr' id='par_1_48' title="bbox 274 2905 686 2973">
     <span class='ocr_line' id='line_1_48' title="bbox 274 2905 686 2973; baseline 0 -15"><span class='ocrx_word' id='word_1_375' title='bbox 274 2905 507 2972; x_wconf 79' lang='grc' dir='ltr'>Πατέρα</span> <span class='ocrx_word' id='word_1_376' title='bbox 546 2921 686 2973; x_wconf 85' lang='grc' dir='ltr'>μου.</span> 
     </span>
    </p>
   </div>
   <div class='ocr_carea' id='block_1_49' title="bbox 341 2995 1859 3073">
    <p class='ocr_par' dir='ltr' id='par_1_49' title="bbox 341 2995 1859 3073">
     <span class='ocr_line' id='line_1_49' title="bbox 341 2995 1859 3073; baseline 0.007 -26"><span class='ocrx_word' id='word_1_377' title='bbox 341 2995 552 3050; x_wconf 76' lang='grc' dir='ltr'>Οὐδένα</span> <span class='ocrx_word' id='word_1_378' title='bbox 594 2999 707 3060; x_wconf 81' lang='grc' dir='ltr'>τοῖς</span> <span class='ocrx_word' id='word_1_379' title='bbox 747 2997 1024 3064; x_wconf 82' lang='grc' dir='ltr'>Ἰουδαίοις</span> <span class='ocrx_word' id='word_1_380' title='bbox 1058 3002 1470 3072; x_wconf 73' lang='grc' dir='ltr'>περιλελεῖφθαι</span> <span class='ocrx_word' id='word_1_381' title='bbox 1505 3002 1660 3073; x_wconf 86' lang='grc' dir='ltr'>λόγον</span> <span class='ocrx_word' id='word_1_382' title='bbox 1694 3004 1773 3067; x_wconf 87' lang='grc' dir='ltr'>είς</span> <span class='ocrx_word' id='word_1_383' title='bbox 1795 3004 1859 3057; x_wconf 87' lang='grc' dir='ltr'>τὸ</span> 
     </span>
    </p>
   </div>
   <div class='ocr_carea' id='block_1_50' title="bbox 277 3085 1858 3165">
    <p class='ocr_par' dir='ltr' id='par_1_50' title="bbox 277 3085 1858 3165">
     <span class='ocr_line' id='line_1_50' title="bbox 277 3085 1858 3165; baseline -0.005 -23"><span class='ocrx_word' id='word_1_384' title='bbox 277 3085 351 3157; x_wconf 75' lang='grc' dir='ltr'>μὴ</span> <span class='ocrx_word' id='word_1_385' title='bbox 397 3088 599 3158; x_wconf 84' lang='grc' dir='ltr'>χρῆναι</span> <span class='ocrx_word' id='word_1_386' title='bbox 658 3087 985 3154; x_wconf 76' lang='grc' dir='ltr'>κολάζεσθαι</span> <span class='ocrx_word' id='word_1_387' title='bbox 1035 3094 1129 3145; x_wconf 74' lang='grc' dir='ltr'>καὶ</span> <span class='ocrx_word' id='word_1_388' title='bbox 1170 3095 1282 3157; x_wconf 83' lang='grc' dir='ltr'>τοῖς</span> <span class='ocrx_word' id='word_1_389' title='bbox 1329 3094 1654 3164; x_wconf 80' lang='grc' dir='ltr'>ἀνηκέστοις</span> <span class='ocrx_word' id='word_1_390' title='bbox 1700 3110 1858 3165; x_wconf 84' lang='grc' dir='ltr'>περι.</span> 
     </span>
    </p>
   </div>
   <div class='ocr_carea' id='block_1_51' title="bbox 276 3177 1860 3256">
    <p class='ocr_par' dir='ltr' id='par_1_51' title="bbox 276 3177 1860 3256">
     <span class='ocr_line' id='line_1_51' title="bbox 276 3177 1860 3256; baseline 0.006 -29"><span class='ocrx_word' id='word_1_391' title='bbox 276 3180 501 3238; x_wconf 79' lang='grc' dir='ltr'>πεσεῖν,</span> <span class='ocrx_word' id='word_1_392' title='bbox 554 3178 647 3231; x_wconf 73' lang='grc' dir='ltr'>καὶ</span> <span class='ocrx_word' id='word_1_393' title='bbox 689 3177 776 3232; x_wconf 84' lang='grc' dir='ltr'>διά</span> <span class='ocrx_word' id='word_1_394' title='bbox 824 3181 1029 3236; x_wconf 87' lang='grc' dir='ltr'>τούτων</span> <span class='ocrx_word' id='word_1_395' title='bbox 1073 3182 1228 3236; x_wconf 78' lang='grc' dir='ltr'>οὐδὲν</span> <span class='ocrx_word' id='word_1_396' title='bbox 1280 3178 1445 3256; x_wconf 83' lang='grc' dir='ltr'>ἦττον</span> <span class='ocrx_word' id='word_1_397' title='bbox 1503 3186 1785 3256; x_wconf 79' lang='grc' dir='ltr'>ἀπέφηνεν</span> <span class='ocrx_word' id='word_1_398' title='bbox 1831 3186 1860 3237; x_wconf 79' lang='grc' dir='ltr'>ὁ</span> 
     </span>
    </p>
   </div>
   <div class='ocr_carea' id='block_1_52' title="bbox 277 3270 1860 3345">
    <p class='ocr_par' dir='ltr' id='par_1_52' title="bbox 277 3270 1860 3345">
     <span class='ocr_line' id='line_1_52' title="bbox 277 3270 1860 3345; baseline 0.006 -24"><span class='ocrx_word' id='word_1_399' title='bbox 277 3270 534 3340; x_wconf 86' lang='grc' dir='ltr'>Χριστός.</span> <span class='ocrx_word' id='word_1_400' title='bbox 569 3271 822 3326; x_wconf 83' lang='grc' dir='ltr'>Φαίνεται</span> <span class='ocrx_word' id='word_1_401' title='bbox 870 3273 977 3345; x_wconf 91' lang='grc' dir='ltr'>γάρ</span> <span class='ocrx_word' id='word_1_402' title='bbox 1007 3274 1117 3327; x_wconf 80' lang='grc' dir='ltr'>τῶν</span> <span class='ocrx_word' id='word_1_403' title='bbox 1158 3277 1239 3338; x_wconf 86' lang='grc' dir='ltr'>είς</span> <span class='ocrx_word' id='word_1_404' title='bbox 1267 3275 1533 3345; x_wconf 83' lang='grc' dir='ltr'>ὠφέλειαν</span> <span class='ocrx_word' id='word_1_405' title='bbox 1561 3276 1860 3332; x_wconf 87' lang='grc' dir='ltr'>τελούντων</span> 
     </span>
    </p>
   </div>
   <div class='ocr_carea' id='block_1_53' title="bbox 2027 2628 3545 2703">
    <p class='ocr_par' dir='ltr' id='par_1_53' title="bbox 2027 2628 3545 2703">
     <span class='ocr_line' id='line_1_53' title="bbox 2027 2628 3545 2703; baseline -0.01 -12"><span class='ocrx_word' id='word_1_406' title='bbox 2027 2636 2145 2703; x_wconf 84' lang='lat' dir='ltr'>XV,</span> <span class='ocrx_word' id='word_1_407' title='bbox 2184 2637 2277 2690; x_wconf 74' lang='grc'>24.</span> <span class='ocrx_word' id='word_1_408' title='bbox 2321 2635 2382 2690; x_wconf 83' lang='lat' dir='ltr'><strong>Si</strong></span> <span class='ocrx_word' id='word_1_409' title='bbox 2421 2649 2581 2702; x_wconf 81' lang='lat' dir='ltr'><strong>opera</strong></span> <span class='ocrx_word' id='word_1_410' title='bbox 2621 2648 2725 2686; x_wconf 83' lang='lat' dir='ltr'>non</span> <span class='ocrx_word' id='word_1_411' title='bbox 2766 2630 3006 2697; x_wconf 77' lang='lat' dir='ltr'><strong>fecissem</strong></span> <span class='ocrx_word' id='word_1_412' title='bbox 3042 2628 3099 2681; x_wconf 83' lang='lat' dir='ltr'>in</span> <span class='ocrx_word' id='word_1_413' title='bbox 3127 2628 3202 2682; x_wconf 75' lang='lat' dir='ltr'>eis</span> <span class='ocrx_word' id='word_1_414' title='bbox 3226 2641 3345 2695; x_wconf 74' lang='lat' dir='ltr'><strong>qua:</strong></span> <span class='ocrx_word' id='word_1_415' title='bbox 3396 2640 3545 2678; x_wconf 83' lang='lat' dir='ltr'><strong>nemo</strong></span> 
     </span>
    </p>
   </div>
   <div class='ocr_carea' id='block_1_54' title="bbox 1956 2713 3547 2797">
    <p class='ocr_par' dir='ltr' id='par_1_54' title="bbox 1956 2713 3547 2797">
     <span class='ocr_line' id='line_1_54' title="bbox 1956 2713 3547 2797; baseline -0.01 -14"><span class='ocrx_word' id='word_1_416' title='bbox 1956 2730 2099 2783; x_wconf 78' lang='lat' dir='ltr'><strong>alius</strong></span> <span class='ocrx_word' id='word_1_417' title='bbox 2135 2713 2303 2796; x_wconf 58' lang='lat' dir='ltr'><strong>fecit,</strong></span> <span class='ocrx_word' id='word_1_418' title='bbox 2335 2735 2609 2797; x_wconf 77' lang='lat' dir='ltr'><strong>peccatum</strong></span> <span class='ocrx_word' id='word_1_419' title='bbox 2653 2739 2756 2777; x_wconf 84' lang='lat' dir='ltr'>non</span> <span class='ocrx_word' id='word_1_420' title='bbox 2793 2721 3089 2774; x_wconf 80' lang='lat' dir='ltr'><strong>haberent:</strong></span> <span class='ocrx_word' id='word_1_421' title='bbox 3121 2733 3260 2771; x_wconf 74' lang='lat' dir='ltr'><strong>nuru:</strong></span> <span class='ocrx_word' id='word_1_422' title='bbox 3294 2726 3470 2771; x_wconf 82' lang='lat' dir='ltr'><strong>autem</strong></span> <span class='ocrx_word' id='word_1_423' title='bbox 3498 2724 3547 2769; x_wconf 77' lang='lat' dir='ltr'>et</span> 
     </span>
    </p>
   </div>
   <div class='ocr_carea' id='block_1_55' title="bbox 1953 2816 3304 2889">
    <p class='ocr_par' dir='ltr' id='par_1_55' title="bbox 1953 2816 3304 2889">
     <span class='ocr_line' id='line_1_55' title="bbox 1953 2816 3304 2889; baseline -0.01 -8"><span class='ocrx_word' id='word_1_424' title='bbox 1953 2825 2218 2889; x_wconf 79' lang='lat' dir='ltr'><strong>viderunt,</strong></span> <span class='ocrx_word' id='word_1_425' title='bbox 2246 2832 2296 2879; x_wconf 84' lang='lat' dir='ltr'>et</span> <span class='ocrx_word' id='word_1_426' title='bbox 2332 2823 2556 2878; x_wconf 80' lang='lat' dir='ltr'><strong>oderunt</strong></span> <span class='ocrx_word' id='word_1_427' title='bbox 2587 2828 2636 2875; x_wconf 83' lang='lat' dir='ltr'>et</span> <span class='ocrx_word' id='word_1_428' title='bbox 2668 2835 2749 2873; x_wconf 86' lang='lat' dir='ltr'>me</span> <span class='ocrx_word' id='word_1_429' title='bbox 2777 2827 2827 2872; x_wconf 82' lang='lat' dir='ltr'>et</span> <span class='ocrx_word' id='word_1_430' title='bbox 2859 2816 3075 2870; x_wconf 77' lang='lat' dir='ltr'><strong>Patrem</strong></span> <span class='ocrx_word' id='word_1_431' title='bbox 3107 2830 3304 2869; x_wconf 77' lang='lat' dir='ltr'><strong>meum.</strong></span> 
     </span>
    </p>
   </div>
   <div class='ocr_carea' id='block_1_56' title="bbox 1990 2986 3551 3070">
    <p class='ocr_par' dir='ltr' id='par_1_56' title="bbox 1990 2986 3551 3070">
     <span class='ocr_line' id='line_1_56' title="bbox 1990 2986 3551 3070; baseline -0.009 -14"><span class='ocrx_word' id='word_1_432' title='bbox 1990 3063 1998 3070; x_wconf 52' lang='grc'>,</span> <span class='ocrx_word' id='word_1_433' title='bbox 2035 3000 2255 3056; x_wconf 85' lang='lat' dir='ltr'><strong>Nullam</strong></span> <span class='ocrx_word' id='word_1_434' title='bbox 2299 2999 2550 3055; x_wconf 81' lang='lat' dir='ltr'><strong>relictam</strong></span> <span class='ocrx_word' id='word_1_435' title='bbox 2591 3011 2716 3053; x_wconf 87' lang='lat' dir='ltr'><strong>esse</strong></span> <span class='ocrx_word' id='word_1_436' title='bbox 2753 2993 2959 3051; x_wconf 61' lang='lat' dir='ltr'><strong>Iudaeis</strong></span> <span class='ocrx_word' id='word_1_437' title='bbox 2989 2988 3306 3064; x_wconf 78' lang='lat' dir='ltr'><strong>gravissimi</strong></span> <span class='ocrx_word' id='word_1_438' title='bbox 3341 2986 3551 3058; x_wconf 91' lang='lat' dir='ltr'><strong>suppli-</strong></span> 
     </span>
    </p>
   </div>
   <div class='ocr_carea' id='block_1_57' title="bbox 1966 3081 3550 3159">
    <p class='ocr_par' dir='ltr' id='par_1_57' title="bbox 1966 3081 3550 3159">
     <span class='ocr_line' id='line_1_57' title="bbox 1966 3081 3550 3159; baseline -0.011 -10"><span class='ocrx_word' id='word_1_439' title='bbox 1966 3094 2036 3150; x_wconf 90' lang='lat' dir='ltr'>cii</span> <span class='ocrx_word' id='word_1_440' title='bbox 2072 3092 2281 3147; x_wconf 83' lang='lat' dir='ltr'><strong>vitandi</strong></span> <span class='ocrx_word' id='word_1_441' title='bbox 2323 3092 2594 3147; x_wconf 89' lang='lat' dir='ltr'><strong>rationem</strong></span> <span class='ocrx_word' id='word_1_442' title='bbox 2623 3132 2637 3156; x_wconf 97' lang='lat'>,</span> <span class='ocrx_word' id='word_1_443' title='bbox 2682 3090 2770 3146; x_wconf 89' lang='lat' dir='ltr'>bis</span> <span class='ocrx_word' id='word_1_444' title='bbox 2807 3102 3033 3159; x_wconf 88' lang='lat' dir='ltr'><strong>quoque</strong></span> <span class='ocrx_word' id='word_1_445' title='bbox 3069 3083 3254 3139; x_wconf 80' lang='lat' dir='ltr'><strong>verbis</strong></span> <span class='ocrx_word' id='word_1_446' title='bbox 3292 3081 3550 3135; x_wconf 77' lang='lat' dir='ltr'><strong>Christus</strong></span> 
     </span>
    </p>
   </div>
   <div class='ocr_carea' id='block_1_58' title="bbox 1966 3170 3551 3253">
    <p class='ocr_par' dir='ltr' id='par_1_58' title="bbox 1966 3170 3551 3253">
     <span class='ocr_line' id='line_1_58' title="bbox 1966 3170 3551 3253; baseline -0.013 -10"><span class='ocrx_word' id='word_1_447' title='bbox 1966 3186 2227 3243; x_wconf 84' lang='lat' dir='ltr'><strong>ostendit.</strong></span> <span class='ocrx_word' id='word_1_448' title='bbox 2262 3185 2407 3240; x_wconf 83' lang='lat' dir='ltr'><strong>Nihil</strong></span> <span class='ocrx_word' id='word_1_449' title='bbox 2442 3185 2591 3241; x_wconf 87' lang='lat' dir='ltr'><strong>enim</strong></span> <span class='ocrx_word' id='word_1_450' title='bbox 2626 3199 2738 3253; x_wconf 91' lang='lat' dir='ltr'>quo</span> <span class='ocrx_word' id='word_1_451' title='bbox 2762 3182 2943 3251; x_wconf 84' lang='lat' dir='ltr'><strong>juvari</strong></span> <span class='ocrx_word' id='word_1_452' title='bbox 2982 3183 3211 3249; x_wconf 89' lang='lat' dir='ltr'><strong>possent</strong></span> <span class='ocrx_word' id='word_1_453' title='bbox 3243 3170 3551 3244; x_wconf 69' lang='lat' dir='ltr'><strong>prastermi-</strong></span> 
     </span>
    </p>
   </div>
   <div class='ocr_carea' id='block_1_59' title="bbox 1968 3262 3552 3343">
    <p class='ocr_par' dir='ltr' id='par_1_59' title="bbox 1968 3262 3552 3343">
     <span class='ocr_line' id='line_1_59' title="bbox 1968 3262 3552 3343; baseline -0.011 -8"><span class='ocrx_word' id='word_1_454' title='bbox 1968 3281 2082 3343; x_wconf 94' lang='lat' dir='ltr'><strong>sit,</strong></span> <span class='ocrx_word' id='word_1_455' title='bbox 2126 3280 2318 3334; x_wconf 91' lang='lat' dir='ltr'><strong>multis</strong></span> <span class='ocrx_word' id='word_1_456' title='bbox 2359 3276 2720 3333; x_wconf 87' lang='lat' dir='ltr'><strong>sermonibus</strong></span> <span class='ocrx_word' id='word_1_457' title='bbox 2786 3273 2995 3328; x_wconf 88' lang='lat' dir='ltr'><strong>habitis</strong></span> <span class='ocrx_word' id='word_1_458' title='bbox 3043 3268 3249 3340; x_wconf 90' lang='lat' dir='ltr'><strong>quibus</strong></span> <span class='ocrx_word' id='word_1_459' title='bbox 3287 3262 3552 3336; x_wconf 81' lang='lat' dir='ltr'><strong>perfacile</strong></span> 
     </span>
    </p>
   </div>
   <div class='ocr_carea' id='block_1_60' title="bbox 278 3345 1859 3442">
    <p class='ocr_par' dir='ltr' id='par_1_60' title="bbox 278 3359 1859 3442">
     <span class='ocr_line' id='line_1_60' title="bbox 278 3359 1859 3442; baseline 0.008 -31"><span class='ocrx_word' id='word_1_460' title='bbox 278 3359 603 3426; x_wconf 75' lang='grc' dir='ltr'>ἐλλελοιπὼς</span> <span class='ocrx_word' id='word_1_461' title='bbox 653 3364 825 3429; x_wconf 83' lang='grc' dir='ltr'>οὐδὲν,</span> <span class='ocrx_word' id='word_1_462' title='bbox 872 3364 1033 3434; x_wconf 84' lang='grc' dir='ltr'>λόγου</span> <span class='ocrx_word' id='word_1_463' title='bbox 1089 3367 1188 3436; x_wconf 85' lang='grc' dir='ltr'>μὲν</span> <span class='ocrx_word' id='word_1_464' title='bbox 1236 3367 1420 3432; x_wconf 81' lang='grc' dir='ltr'>αὐτοῖς</span> <span class='ocrx_word' id='word_1_465' title='bbox 1459 3366 1859 3442; x_wconf 84' lang='grc' dir='ltr'>παρατεθέντος</span> 
     </span>
    </p>
   </div>
   <div class='ocr_carea' id='block_1_61' title="bbox 1963 3345 3627 3442">
    <p class='ocr_par' dir='ltr' id='par_1_61' title="bbox 1966 3345 3627 3439">
     <span class='ocr_line' id='line_1_61' title="bbox 1966 3345 3627 3439; baseline -0.01 -15"><span class='ocrx_word' id='word_1_466' title='bbox 1966 3369 2162 3425; x_wconf 88' lang='lat' dir='ltr'><strong>adduci</strong></span> <span class='ocrx_word' id='word_1_467' title='bbox 2216 3376 2438 3439; x_wconf 77' lang='lat' dir='ltr'><strong>possent</strong></span> <span class='ocrx_word' id='word_1_468' title='bbox 2479 3368 2548 3422; x_wconf 91' lang='lat' dir='ltr'>ad</span> <span class='ocrx_word' id='word_1_469' title='bbox 2598 3368 2868 3429; x_wconf 90' lang='lat' dir='ltr'><strong>salutem,</strong></span> <span class='ocrx_word' id='word_1_470' title='bbox 2925 3362 3231 3431; x_wconf 85' lang='lat' dir='ltr'><strong>editisque</strong></span> <span class='ocrx_word' id='word_1_471' title='bbox 3263 3354 3554 3412; x_wconf 85' lang='lat' dir='ltr'><strong>miraculis</strong></span> <span class='ocrx_word' id='word_1_472' title='bbox 3583 3345 3627 3397; x_wconf 45' lang='grc' dir='ltr'>κ</span> 
     </span>
    </p>
   </div>
   <div class='ocr_carea' id='block_1_62' title="bbox 282 3447 1861 3531">
    <p class='ocr_par' dir='ltr' id='par_1_62' title="bbox 282 3447 1861 3531">
     <span class='ocr_line' id='line_1_62' title="bbox 282 3447 1861 3531; baseline 0.006 -26"><span class='ocrx_word' id='word_1_473' title='bbox 282 3452 520 3526; x_wconf 79' lang='grc' dir='ltr'>μακροῦ,</span> <span class='ocrx_word' id='word_1_474' title='bbox 572 3454 638 3507; x_wconf 78' lang='grc' dir='ltr'>δι’</span> <span class='ocrx_word' id='word_1_475' title='bbox 680 3447 850 3526; x_wconf 71' lang='grc' dir='ltr'>οὗπερ</span> <span class='ocrx_word' id='word_1_476' title='bbox 885 3452 953 3527; x_wconf 78' lang='grc' dir='ltr'>ἦν</span> <span class='ocrx_word' id='word_1_477' title='bbox 985 3458 1081 3510; x_wconf 71' lang='grc' dir='ltr'>καὶ</span> <span class='ocrx_word' id='word_1_478' title='bbox 1112 3458 1258 3528; x_wconf 88' lang='grc' dir='ltr'>μάλα</span> <span class='ocrx_word' id='word_1_479' title='bbox 1301 3460 1499 3531; x_wconf 74' lang='grc' dir='ltr'>ῥαδίως</span> <span class='ocrx_word' id='word_1_480' title='bbox 1551 3461 1687 3515; x_wconf 81' lang='grc' dir='ltr'>ἱέναι</span> <span class='ocrx_word' id='word_1_481' title='bbox 1720 3460 1861 3531; x_wconf 89' lang='grc' dir='ltr'>πρὸς</span> 
     </span>
    </p>
   </div>
   <div class='ocr_carea' id='block_1_63' title="bbox 282 3544 1859 3623">
    <p class='ocr_par' dir='ltr' id='par_1_63' title="bbox 282 3544 1859 3623">
     <span class='ocr_line' id='line_1_63' title="bbox 282 3544 1859 3623; baseline 0.008 -29"><span class='ocrx_word' id='word_1_482' title='bbox 282 3544 583 3614; x_wconf 76' lang='grc' dir='ltr'>σωτηρίαν,</span> <span class='ocrx_word' id='word_1_483' title='bbox 625 3546 1094 3618; x_wconf 83' lang='grc' dir='ltr'>παραδειχθέντων</span> <span class='ocrx_word' id='word_1_484' title='bbox 1124 3549 1181 3603; x_wconf 82' lang='grc' dir='ltr'>δὲ</span> <span class='ocrx_word' id='word_1_485' title='bbox 1229 3552 1323 3604; x_wconf 75' lang='grc' dir='ltr'>καὶ</span> <span class='ocrx_word' id='word_1_486' title='bbox 1352 3550 1669 3621; x_wconf 81' lang='grc' dir='ltr'>θαυμάτων,</span> <span class='ocrx_word' id='word_1_487' title='bbox 1709 3552 1745 3606; x_wconf 77' lang='grc' dir='ltr'>ἃ</span> <span class='ocrx_word' id='word_1_488' title='bbox 1785 3553 1859 3623; x_wconf 88' lang='grc' dir='ltr'>μή</span> 
     </span>
    </p>
   </div>
   <div class='ocr_carea' id='block_1_64' title="bbox 282 3631 1862 3711">
    <p class='ocr_par' dir='ltr' id='par_1_64' title="bbox 282 3631 1862 3711">
     <span class='ocr_line' id='line_1_64' title="bbox 282 3631 1862 3711; baseline 0.009 -29"><span class='ocrx_word' id='word_1_489' title='bbox 282 3631 404 3695; x_wconf 80' lang='grc' dir='ltr'>πώς</span> <span class='ocrx_word' id='word_1_490' title='bbox 436 3651 517 3696; x_wconf 86' lang='grc' dir='ltr'>τις</span> <span class='ocrx_word' id='word_1_491' title='bbox 546 3635 656 3689; x_wconf 80' lang='grc' dir='ltr'>τῶν</span> <span class='ocrx_word' id='word_1_492' title='bbox 689 3639 745 3689; x_wconf 79' lang='grc' dir='ltr'>ὲν</span> <span class='ocrx_word' id='word_1_493' title='bbox 774 3636 963 3708; x_wconf 84' lang='grc' dir='ltr'>κόσμῳ</span> <span class='ocrx_word' id='word_1_494' title='bbox 989 3639 1263 3694; x_wconf 85' lang='grc' dir='ltr'>τεθέαται.</span> <span class='ocrx_word' id='word_1_495' title='bbox 1298 3640 1393 3706; x_wconf 89' lang='grc' dir='ltr'>Τίς</span> <span class='ocrx_word' id='word_1_496' title='bbox 1414 3643 1522 3711; x_wconf 86' lang='grc' dir='ltr'>γὰρ</span> <span class='ocrx_word' id='word_1_497' title='bbox 1547 3643 1657 3695; x_wconf 83' lang='grc' dir='ltr'>τῶν</span> <span class='ocrx_word' id='word_1_498' title='bbox 1689 3643 1862 3711; x_wconf 81' lang='grc' dir='ltr'>ἁγίων</span> 
     </span>
    </p>
   </div>
   <div class='ocr_carea' id='block_1_65' title="bbox 285 3724 1860 3801">
    <p class='ocr_par' dir='ltr' id='par_1_65' title="bbox 285 3724 1860 3801">
     <span class='ocr_line' id='line_1_65' title="bbox 285 3724 1860 3801; baseline 0.008 -29"><span class='ocrx_word' id='word_1_499' title='bbox 285 3725 402 3784; x_wconf 84' lang='grc' dir='ltr'>τοῖς</span> <span class='ocrx_word' id='word_1_500' title='bbox 435 3724 525 3775; x_wconf 78' lang='grc' dir='ltr'>τοῦ</span> <span class='ocrx_word' id='word_1_501' title='bbox 553 3725 804 3797; x_wconf 77' lang='grc' dir='ltr'>Σωτῆρος</span> <span class='ocrx_word' id='word_1_502' title='bbox 836 3727 1108 3800; x_wconf 77' lang='grc' dir='ltr'>ἡμιλλήθη</span> <span class='ocrx_word' id='word_1_503' title='bbox 1140 3729 1445 3801; x_wconf 87' lang='grc' dir='ltr'>θαύμασιν;</span> <span class='ocrx_word' id='word_1_504' title='bbox 1499 3727 1631 3785; x_wconf 79' lang='grc' dir='ltr'>Εἶτα</span> <span class='ocrx_word' id='word_1_505' title='bbox 1672 3731 1860 3785; x_wconf 79' lang='grc' dir='ltr'>τοσοῦ-</span> 
     </span>
    </p>
   </div>
   <div class='ocr_carea' id='block_1_66' title="bbox 289 3810 1866 3890">
    <p class='ocr_par' dir='ltr' id='par_1_66' title="bbox 289 3810 1866 3890">
     <span class='ocr_line' id='line_1_66' title="bbox 289 3810 1866 3890; baseline 0.01 -30"><span class='ocrx_word' id='word_1_506' title='bbox 289 3825 383 3862; x_wconf 83' lang='grc' dir='ltr'>τον</span> <span class='ocrx_word' id='word_1_507' title='bbox 417 3810 799 3883; x_wconf 68' lang='grc' dir='ltr'>ἀφεστηκότων</span> <span class='ocrx_word' id='word_1_508' title='bbox 836 3816 929 3869; x_wconf 74' lang='grc' dir='ltr'>τοῦ</span> <span class='ocrx_word' id='word_1_509' title='bbox 961 3816 1264 3890; x_wconf 74' lang='grc' dir='ltr'>θαυμάζειν</span> <span class='ocrx_word' id='word_1_510' title='bbox 1295 3820 1458 3873; x_wconf 78' lang='grc' dir='ltr'>αὐτὸν</span> <span class='ocrx_word' id='word_1_511' title='bbox 1488 3820 1740 3889; x_wconf 75' lang='grc' dir='ltr'>ἐθελῆσαι</span> <span class='ocrx_word' id='word_1_512' title='bbox 1758 3822 1866 3876; x_wconf 81' lang='grc' dir='ltr'>τῶν</span> 
     </span>
    </p>
   </div>
   <div class='ocr_carea' id='block_1_67' title="bbox 302 3900 1863 3982">
    <p class='ocr_par' dir='ltr' id='par_1_67' title="bbox 302 3900 1863 3982">
     <span class='ocr_line' id='line_1_67' title="bbox 302 3900 1863 3982; baseline 0.011 -31"><span class='ocrx_word' id='word_1_513' title='bbox 302 3900 571 3956; x_wconf 83' lang='grc' dir='ltr'>Ἰουδαίων</span> <span class='ocrx_word' id='word_1_514' title='bbox 610 3905 686 3968; x_wconf 83' lang='grc' dir='ltr'>ὡς</span> <span class='ocrx_word' id='word_1_515' title='bbox 732 3909 824 3962; x_wconf 67' lang='grc' dir='ltr'>κςιι)⁸</span> <span class='ocrx_word' id='word_1_516' title='bbox 858 3912 1037 3979; x_wconf 86' lang='grc' dir='ltr'>μισεῖν</span> <span class='ocrx_word' id='word_1_517' title='bbox 1079 3911 1293 3965; x_wconf 79' lang='grc' dir='ltr'>ἑλέσθαι</span> <span class='ocrx_word' id='word_1_518' title='bbox 1332 3912 1533 3982; x_wconf 80' lang='grc' dir='ltr'>μᾶλλον</span> <span class='ocrx_word' id='word_1_519' title='bbox 1564 3913 1623 3981; x_wconf 76' lang='grc' dir='ltr'>ἐξ</span> <span class='ocrx_word' id='word_1_520' title='bbox 1649 3913 1863 3968; x_wconf 87' lang='grc' dir='ltr'>ἀνοσίου</span> 
     </span>
    </p>
   </div>
   <div class='ocr_carea' id='block_1_68' title="bbox 285 3992 1866 4078">
    <p class='ocr_par' dir='ltr' id='par_1_68' title="bbox 285 3992 1866 4078">
     <span class='ocr_line' id='line_1_68' title="bbox 285 3992 1866 4078; baseline 0.009 -31"><span class='ocrx_word' id='word_1_521' title='bbox 285 3992 532 4065; x_wconf 80' lang='grc' dir='ltr'>γνώμης,</span> <span class='ocrx_word' id='word_1_522' title='bbox 582 3996 696 4062; x_wconf 84' lang='grc' dir='ltr'>πῶς</span> <span class='ocrx_word' id='word_1_523' title='bbox 726 3999 785 4052; x_wconf 80' lang='grc' dir='ltr'>οὐ</span> <span class='ocrx_word' id='word_1_524' title='bbox 813 3999 1078 4073; x_wconf 84' lang='grc' dir='ltr'>δυσαχθὲς</span> <span class='ocrx_word' id='word_1_525' title='bbox 1110 4002 1172 4056; x_wconf 83' lang='grc' dir='ltr'>τὸ</span> <span class='ocrx_word' id='word_1_526' title='bbox 1203 4002 1311 4057; x_wconf 87' lang='grc' dir='ltr'>τῶν</span> <span class='ocrx_word' id='word_1_527' title='bbox 1339 4003 1702 4075; x_wconf 77' lang='grc' dir='ltr'>ἐγκλημάτων</span> <span class='ocrx_word' id='word_1_528' title='bbox 1734 4023 1866 4078; x_wconf 78' lang='grc' dir='ltr'>φορο</span> 
     </span>
    </p>
   </div>
   <div class='ocr_carea' id='block_1_69' title="bbox 280 4087 1865 4168">
    <p class='ocr_par' dir='ltr' id='par_1_69' title="bbox 280 4087 1865 4168">
     <span class='ocr_line' id='line_1_69' title="bbox 280 4087 1865 4168; baseline 0.008 -27"><span class='ocrx_word' id='word_1_529' title='bbox 280 4087 397 4141; x_wconf 87' lang='grc' dir='ltr'>τίον</span> <span class='ocrx_word' id='word_1_530' title='bbox 428 4088 609 4152; x_wconf 76' lang='grc' dir='ltr'>αὐτοῖς</span> <span class='ocrx_word' id='word_1_531' title='bbox 645 4092 1011 4160; x_wconf 82' lang='grc' dir='ltr'>ὲπικείσεται;</span> <span class='ocrx_word' id='word_1_532' title='bbox 1043 4089 1152 4148; x_wconf 81' lang='grc' dir='ltr'>Ἦν</span> <span class='ocrx_word' id='word_1_533' title='bbox 1182 4095 1291 4166; x_wconf 85' lang='grc' dir='ltr'>γάρ</span> <span class='ocrx_word' id='word_1_534' title='bbox 1325 4096 1498 4168; x_wconf 81' lang='grc' dir='ltr'>δήπου</span> <span class='ocrx_word' id='word_1_535' title='bbox 1538 4098 1599 4150; x_wconf 89' lang='grc' dir='ltr'>τὸ</span> <span class='ocrx_word' id='word_1_536' title='bbox 1639 4098 1772 4153; x_wconf 84' lang='grc' dir='ltr'>πολύ</span> <span class='ocrx_word' id='word_1_537' title='bbox 1812 4116 1865 4153; x_wconf 85' lang='grc' dir='ltr'>τι</span> 
     </span>
    </p>
   </div>
   <div class='ocr_carea' id='block_1_70' title="bbox 279 4183 1866 4262">
    <p class='ocr_par' dir='ltr' id='par_1_70' title="bbox 279 4183 1866 4262">
     <span class='ocr_line' id='line_1_70' title="bbox 279 4183 1866 4262; baseline 0.004 -25"><span class='ocrx_word' id='word_1_538' title='bbox 279 4183 529 4254; x_wconf 84' lang='grc' dir='ltr'>κρεῖττον</span> <span class='ocrx_word' id='word_1_539' title='bbox 550 4184 643 4237; x_wconf 77' lang='grc' dir='ltr'>καὶ</span> <span class='ocrx_word' id='word_1_540' title='bbox 663 4183 906 4256; x_wconf 84' lang='grc' dir='ltr'>ἄμεινον,</span> <span class='ocrx_word' id='word_1_541' title='bbox 928 4187 1063 4258; x_wconf 82' lang='grc' dir='ltr'>μήτε</span> <span class='ocrx_word' id='word_1_542' title='bbox 1079 4188 1253 4257; x_wconf 85' lang='grc' dir='ltr'>λόγων</span> <span class='ocrx_word' id='word_1_543' title='bbox 1268 4189 1466 4254; x_wconf 77' lang='grc' dir='ltr'>αὐτοὺς</span> <span class='ocrx_word' id='word_1_544' title='bbox 1485 4188 1866 4262; x_wconf 78' lang='grc' dir='ltr'>ἐπακροᾶσθαι</span> 
     </span>
    </p>
   </div>
   <div class='ocr_carea' id='block_1_71' title="bbox 281 4273 1869 4355">
    <p class='ocr_par' dir='ltr' id='par_1_71' title="bbox 281 4273 1869 4355">
     <span class='ocr_line' id='line_1_71' title="bbox 281 4273 1869 4355; baseline 0.006 -28"><span class='ocrx_word' id='word_1_545' title='bbox 281 4273 485 4344; x_wconf 82' lang='grc' dir='ltr'>σοφῶν,</span> <span class='ocrx_word' id='word_1_546' title='bbox 534 4279 668 4347; x_wconf 77' lang='grc' dir='ltr'>μήτε</span> <span class='ocrx_word' id='word_1_547' title='bbox 717 4279 823 4349; x_wconf 72' lang='grc' dir='ltr'>μὴν</span> <span class='ocrx_word' id='word_1_548' title='bbox 863 4279 963 4350; x_wconf 84' lang='grc' dir='ltr'>τῆς</span> <span class='ocrx_word' id='word_1_549' title='bbox 989 4278 1161 4345; x_wconf 74' lang='grc' dir='ltr'>οὕτως</span> <span class='ocrx_word' id='word_1_550' title='bbox 1196 4282 1438 4355; x_wconf 75' lang='grc' dir='ltr'>ἀρρήτου</span> <span class='ocrx_word' id='word_1_551' title='bbox 1468 4283 1869 4355; x_wconf 85' lang='grc' dir='ltr'>τερατουργίας</span> 
     </span>
    </p>
   </div>
   <div class='ocr_carea' id='block_1_72' title="bbox 280 4367 1868 4447">
    <p class='ocr_par' dir='ltr' id='par_1_72' title="bbox 280 4367 1868 4447">
     <span class='ocr_line' id='line_1_72' title="bbox 280 4367 1868 4447; baseline 0.006 -28"><span class='ocrx_word' id='word_1_552' title='bbox 280 4369 359 4430; x_wconf 84' lang='grc' dir='ltr'>εἰς</span> <span class='ocrx_word' id='word_1_553' title='bbox 391 4367 514 4437; x_wconf 54' lang='lat' dir='ltr'>ww</span> <span class='ocrx_word' id='word_1_554' title='bbox 547 4370 738 4426; x_wconf 69' lang='grc' dir='ltr'>ζελθεῖν.</span> <span class='ocrx_word' id='word_1_555' title='bbox 789 4374 950 4437; x_wconf 86' lang='grc' dir='ltr'>Ἴσως</span> <span class='ocrx_word' id='word_1_556' title='bbox 991 4374 1101 4445; x_wconf 78' lang='grc' dir='ltr'>γὰρ</span> <span class='ocrx_word' id='word_1_557' title='bbox 1138 4375 1203 4428; x_wconf 86' lang='grc' dir='ltr'>ἂν</span> <span class='ocrx_word' id='word_1_558' title='bbox 1242 4375 1730 4447; x_wconf 76' lang='grc' dir='ltr'>ὲξεμηχανήσαντο</span> <span class='ocrx_word' id='word_1_559' title='bbox 1775 4376 1868 4430; x_wconf 86' lang='grc' dir='ltr'>τὸν</span> 
     </span>
    </p>
   </div>
   <div class='ocr_carea' id='block_1_73' title="bbox 278 4459 1869 4539">
    <p class='ocr_par' dir='ltr' id='par_1_73' title="bbox 278 4459 1869 4539">
     <span class='ocr_line' id='line_1_73' title="bbox 278 4459 1869 4539; baseline 0.008 -28"><span class='ocrx_word' id='word_1_560' title='bbox 278 4460 371 4513; x_wconf 71' lang='grc' dir='ltr'>ἐπὶ</span> <span class='ocrx_word' id='word_1_561' title='bbox 399 4459 476 4530; x_wconf 77' lang='grc' dir='ltr'>τῷ</span> <span class='ocrx_word' id='word_1_562' title='bbox 503 4460 967 4531; x_wconf 84' lang='grc' dir='ltr'>συγγινώσκεσθαι</span> <span class='ocrx_word' id='word_1_563' title='bbox 997 4465 1107 4519; x_wconf 84' lang='grc' dir='ltr'>δεῖν</span> <span class='ocrx_word' id='word_1_564' title='bbox 1125 4467 1227 4519; x_wconf 89' lang='grc' dir='ltr'>οὐκ</span> <span class='ocrx_word' id='word_1_565' title='bbox 1253 4466 1503 4539; x_wconf 74' lang='grc' dir='ltr'>ἄκομψον</span> <span class='ocrx_word' id='word_1_566' title='bbox 1540 4468 1698 4536; x_wconf 87' lang='grc' dir='ltr'>λόγον</span> <span class='ocrx_word' id='word_1_567' title='bbox 1722 4485 1736 4500; x_wconf 85' lang='lat'><strong><em>°</em></strong></span> <span class='ocrx_word' id='word_1_568' title='bbox 1768 4469 1869 4522; x_wconf 84' lang='grc' dir='ltr'>οὐκ</span> 
     </span>
    </p>
   </div>
   <div class='ocr_carea' id='block_1_74' title="bbox 278 4552 1869 4634">
    <p class='ocr_par' dir='ltr' id='par_1_74' title="bbox 278 4552 1869 4634">
     <span class='ocr_line' id='line_1_74' title="bbox 278 4552 1869 4634; baseline 0.007 -29"><span class='ocrx_word' id='word_1_569' title='bbox 278 4552 604 4624; x_wconf 83' lang='grc' dir='ltr'>ἀκηκόαμέν</span> <span class='ocrx_word' id='word_1_570' title='bbox 637 4572 690 4607; x_wconf 87' lang='grc' dir='ltr'>τι</span> <span class='ocrx_word' id='word_1_571' title='bbox 737 4554 848 4607; x_wconf 83' lang='grc' dir='ltr'>τῶν</span> <span class='ocrx_word' id='word_1_572' title='bbox 887 4557 1220 4625; x_wconf 86' lang='grc' dir='ltr'>ἀναγκαίων,</span> <span class='ocrx_word' id='word_1_573' title='bbox 1255 4559 1378 4613; x_wconf 76' lang='grc' dir='ltr'>οὔτε</span> <span class='ocrx_word' id='word_1_574' title='bbox 1414 4561 1523 4634; x_wconf 77' lang='grc' dir='ltr'>μὴν</span> <span class='ocrx_word' id='word_1_575' title='bbox 1556 4561 1869 4632; x_wconf 88' lang='grc' dir='ltr'>τεθεάμεθά</span> 
     </span>
    </p>
   </div>
   <div class='ocr_carea' id='block_1_75' title="bbox 277 4645 1868 4726">
    <p class='ocr_par' dir='ltr' id='par_1_75' title="bbox 277 4645 1868 4726">
     <span class='ocr_line' id='line_1_75' title="bbox 277 4645 1868 4726; baseline 0.008 -30"><span class='ocrx_word' id='word_1_576' title='bbox 277 4662 332 4697; x_wconf 88' lang='grc' dir='ltr'>τι</span> <span class='ocrx_word' id='word_1_577' title='bbox 365 4645 622 4713; x_wconf 82' lang='grc' dir='ltr'>λέγοντες</span> <span class='ocrx_word' id='word_1_578' title='bbox 651 4646 762 4701; x_wconf 81' lang='grc' dir='ltr'>τῶν</span> <span class='ocrx_word' id='word_1_579' title='bbox 810 4649 892 4712; x_wconf 79' lang='grc' dir='ltr'>είς</span> <span class='ocrx_word' id='word_1_580' title='bbox 932 4649 1117 4703; x_wconf 86' lang='grc' dir='ltr'>πίστιν</span> <span class='ocrx_word' id='word_1_581' title='bbox 1169 4653 1493 4722; x_wconf 75' lang='grc' dir='ltr'>ἐπαγωγῶν.</span> <span class='ocrx_word' id='word_1_582' title='bbox 1561 4655 1777 4726; x_wconf 84' lang='grc' dir='ltr'>Ἐπειδὴ</span> <span class='ocrx_word' id='word_1_583' title='bbox 1812 4655 1868 4709; x_wconf 86' lang='grc' dir='ltr'>δὲ</span> 
     </span>
    </p>
   </div>
   <div class='ocr_carea' id='block_1_76' title="bbox 280 4737 1868 4818">
    <p class='ocr_par' dir='ltr' id='par_1_76' title="bbox 280 4737 1868 4818">
     <span class='ocr_line' id='line_1_76' title="bbox 280 4737 1868 4818; baseline 0.008 -30"><span class='ocrx_word' id='word_1_584' title='bbox 280 4737 376 4808; x_wconf 70' lang='grc' dir='ltr'>οὐχ</span> <span class='ocrx_word' id='word_1_585' title='bbox 402 4737 523 4800; x_wconf 77' lang='grc' dir='ltr'>ἐνὸς</span> <span class='ocrx_word' id='word_1_586' title='bbox 544 4737 651 4791; x_wconf 80' lang='grc' dir='ltr'>τῶν</span> <span class='ocrx_word' id='word_1_587' title='bbox 671 4738 843 4807; x_wconf 84' lang='grc' dir='ltr'>ἁγίων</span> <span class='ocrx_word' id='word_1_588' title='bbox 873 4741 1193 4812; x_wconf 79' lang='grc' dir='ltr'>προφητῶν,</span> <span class='ocrx_word' id='word_1_589' title='bbox 1219 4744 1332 4798; x_wconf 87' lang='grc' dir='ltr'>ἀλλ’</span> <span class='ocrx_word' id='word_1_590' title='bbox 1355 4743 1520 4799; x_wconf 79' lang='grc' dir='ltr'>αὐτοῦ</span> <span class='ocrx_word' id='word_1_591' title='bbox 1543 4747 1637 4801; x_wconf 80' lang='grc' dir='ltr'>τοῦ</span> <span class='ocrx_word' id='word_1_592' title='bbox 1660 4747 1868 4818; x_wconf 79' lang='grc' dir='ltr'>ἀνωθεν</span> 
     </span>
    </p>
   </div>
   <div class='ocr_carea' id='block_1_77' title="bbox 279 4828 1870 4908">
    <p class='ocr_par' dir='ltr' id='par_1_77' title="bbox 279 4828 1870 4908">
     <span class='ocr_line' id='line_1_77' title="bbox 279 4828 1870 4908; baseline 0.009 -27"><span class='ocrx_word' id='word_1_593' title='bbox 279 4828 513 4897; x_wconf 66' lang='grc' dir='ltr'>ἧκοντός</span> <span class='ocrx_word' id='word_1_594' title='bbox 556 4848 617 4884; x_wconf 87' lang='grc' dir='ltr'>τε</span> <span class='ocrx_word' id='word_1_595' title='bbox 664 4832 760 4885; x_wconf 74' lang='grc' dir='ltr'>καὶ</span> <span class='ocrx_word' id='word_1_596' title='bbox 792 4833 869 4896; x_wconf 86' lang='grc' dir='ltr'>ὼς</span> <span class='ocrx_word' id='word_1_597' title='bbox 900 4835 1048 4903; x_wconf 80' lang='grc' dir='ltr'>ἡμᾶς</span> <span class='ocrx_word' id='word_1_598' title='bbox 1095 4837 1427 4908; x_wconf 81' lang='grc' dir='ltr'>ἐσταλμένου</span> <span class='ocrx_word' id='word_1_599' title='bbox 1453 4839 1870 4895; x_wconf 86' lang='grc' dir='ltr'>διεπυνθάνοντο</span> 
     </span>
    </p>
   </div>
   <div class='ocr_carea' id='block_1_78' title="bbox 280 4923 1869 5002">
    <p class='ocr_par' dir='ltr' id='par_1_78' title="bbox 280 4923 1869 5002">
     <span class='ocr_line' id='line_1_78' title="bbox 280 4923 1869 5002; baseline 0.006 -27"><span class='ocrx_word' id='word_1_600' title='bbox 280 4923 547 4993; x_wconf 79' lang='grc' dir='ltr'>Χριστοῦ,</span> <span class='ocrx_word' id='word_1_601' title='bbox 582 4923 718 4978; x_wconf 78' lang='grc' dir='ltr'>ἀλλὰ</span> <span class='ocrx_word' id='word_1_602' title='bbox 748 4926 842 4979; x_wconf 70' lang='grc' dir='ltr'>καὶ</span> <span class='ocrx_word' id='word_1_603' title='bbox 870 4924 1036 4990; x_wconf 80' lang='grc' dir='ltr'>ξένων</span> <span class='ocrx_word' id='word_1_604' title='bbox 1071 4926 1366 4999; x_wconf 87' lang='grc' dir='ltr'>θαυμάτων</span> <span class='ocrx_word' id='word_1_605' title='bbox 1392 4930 1649 4999; x_wconf 83' lang='grc' dir='ltr'>γεγόνασι</span> <span class='ocrx_word' id='word_1_606' title='bbox 1674 4930 1869 5002; x_wconf 79' lang='grc' dir='ltr'>θεωροὶ</span> 
     </span>
    </p>
   </div>
   <div class='ocr_carea' id='block_1_79' title="bbox 282 5014 1868 5093">
    <p class='ocr_par' dir='ltr' id='par_1_79' title="bbox 282 5014 1868 5093">
     <span class='ocr_line' id='line_1_79' title="bbox 282 5014 1868 5093; baseline 0.009 -27"><span class='ocrx_word' id='word_1_607' title='bbox 282 5014 514 5083; x_wconf 75' lang='grc' dir='ltr'>(τυφλοῦ</span> <span class='ocrx_word' id='word_1_608' title='bbox 547 5015 659 5085; x_wconf 88' lang='grc' dir='ltr'>γάρ</span> <span class='ocrx_word' id='word_1_609' title='bbox 705 5018 1017 5089; x_wconf 78' lang='grc' dir='ltr'>ὀφθαλμοὺς</span> <span class='ocrx_word' id='word_1_610' title='bbox 1048 5020 1285 5091; x_wconf 80' lang='grc' dir='ltr'>ἀνέῳξεν</span> <span class='ocrx_word' id='word_1_611' title='bbox 1333 5023 1363 5075; x_wconf 86' lang='grc' dir='ltr'>ὁ</span> <span class='ocrx_word' id='word_1_612' title='bbox 1396 5024 1652 5093; x_wconf 85' lang='grc' dir='ltr'>Χριστὸς,</span> <span class='ocrx_word' id='word_1_613' title='bbox 1690 5026 1868 5080; x_wconf 88' lang='grc' dir='ltr'>καίτοι</span> 
     </span>
    </p>
   </div>
   <div class='ocr_carea' id='block_1_80' title="bbox 286 5104 1874 5186">
    <p class='ocr_par' dir='ltr' id='par_1_80' title="bbox 286 5104 1874 5186">
     <span class='ocr_line' id='line_1_80' title="bbox 286 5104 1874 5186; baseline 0.008 -29"><span class='ocrx_word' id='word_1_614' title='bbox 286 5104 519 5174; x_wconf 83' lang='grc' dir='ltr'>μηδενὸς</span> <span class='ocrx_word' id='word_1_615' title='bbox 544 5106 732 5175; x_wconf 79' lang='grc' dir='ltr'>ἑτέρου</span> <span class='ocrx_word' id='word_1_616' title='bbox 764 5107 985 5162; x_wconf 83' lang='grc' dir='ltr'>πώποτε</span> <span class='ocrx_word' id='word_1_617' title='bbox 1012 5109 1335 5183; x_wconf 83' lang='grc' dir='ltr'>δυνηθέντος</span> <span class='ocrx_word' id='word_1_618' title='bbox 1361 5112 1602 5167; x_wconf 84' lang='grc' dir='ltr'>τοιοῦτόν</span> <span class='ocrx_word' id='word_1_619' title='bbox 1628 5132 1680 5166; x_wconf 87' lang='grc' dir='ltr'>τι</span> <span class='ocrx_word' id='word_1_620' title='bbox 1709 5116 1874 5186; x_wconf 83' lang='grc' dir='ltr'>ἐργά-</span> 
     </span>
    </p>
   </div>
   <div class='ocr_carea' id='block_1_81' title="bbox 287 5197 1873 5278">
    <p class='ocr_par' dir='ltr' id='par_1_81' title="bbox 287 5197 1873 5278">
     <span class='ocr_line' id='line_1_81' title="bbox 287 5197 1873 5278; baseline 0.008 -29"><span class='ocrx_word' id='word_1_621' title='bbox 287 5197 545 5263; x_wconf 83' lang='grc' dir='ltr'>σασθαι),</span> <span class='ocrx_word' id='word_1_622' title='bbox 600 5199 653 5250; x_wconf 87' lang='grc' dir='ltr'>τί</span> <span class='ocrx_word' id='word_1_623' title='bbox 701 5198 798 5270; x_wconf 83' lang='grc' dir='ltr'>τὴν</span> <span class='ocrx_word' id='word_1_624' title='bbox 850 5200 1119 5255; x_wconf 85' lang='grc' dir='ltr'>Ἰουδαίων</span> <span class='ocrx_word' id='word_1_625' title='bbox 1172 5204 1432 5257; x_wconf 83' lang='grc' dir='ltr'>ἀπόνοιαν</span> <span class='ocrx_word' id='word_1_626' title='bbox 1482 5205 1873 5278; x_wconf 76' lang='grc' dir='ltr'>ἐξαιρήσεται;</span> 
     </span>
    </p>
   </div>
   <div class='ocr_carea' id='block_1_82' title="bbox 286 5287 1876 5365">
    <p class='ocr_par' dir='ltr' id='par_1_82' title="bbox 286 5287 1876 5365">
     <span class='ocr_line' id='line_1_82' title="bbox 286 5287 1876 5365; baseline 0.008 -24"><span class='ocrx_word' id='word_1_627' title='bbox 286 5287 319 5359; x_wconf 77' lang='grc' dir='ltr'>ἢ</span> <span class='ocrx_word' id='word_1_628' title='bbox 355 5291 511 5352; x_wconf 80' lang='grc' dir='ltr'>ποῖος</span> <span class='ocrx_word' id='word_1_629' title='bbox 542 5290 738 5356; x_wconf 80' lang='grc' dir='ltr'>ἐξοίσει</span> <span class='ocrx_word' id='word_1_630' title='bbox 771 5292 862 5345; x_wconf 81' lang='grc' dir='ltr'>τοῦ</span> <span class='ocrx_word' id='word_1_631' title='bbox 894 5293 1220 5359; x_wconf 76' lang='grc' dir='ltr'>κολάζεσθαι</span> <span class='ocrx_word' id='word_1_632' title='bbox 1252 5296 1406 5365; x_wconf 86' lang='grc' dir='ltr'>λόγος</span> <span class='ocrx_word' id='word_1_633' title='bbox 1440 5316 1454 5361; x_wconf 86' lang='grc'>;</span> <span class='ocrx_word' id='word_1_634' title='bbox 1521 5299 1876 5364; x_wconf 80' lang='grc' dir='ltr'>Ἀκούσαντες</span> 
     </span>
    </p>
   </div>
   <div class='ocr_carea' id='block_1_83' title="bbox 287 5381 1876 5457">
    <p class='ocr_par' dir='ltr' id='par_1_83' title="bbox 287 5381 1876 5457">
     <span class='ocr_line' id='line_1_83' title="bbox 287 5381 1876 5457; baseline 0.006 -23"><span class='ocrx_word' id='word_1_635' title='bbox 287 5381 399 5452; x_wconf 81' lang='grc' dir='ltr'>γὰρ</span> <span class='ocrx_word' id='word_1_636' title='bbox 451 5382 543 5434; x_wconf 68' lang='grc' dir='ltr'>καὶ</span> <span class='ocrx_word' id='word_1_637' title='bbox 577 5381 930 5453; x_wconf 81' lang='grc' dir='ltr'>τεθεαμένοι,</span> <span class='ocrx_word' id='word_1_638' title='bbox 984 5387 1325 5457; x_wconf 83' lang='grc' dir='ltr'>μεμισήκασι</span> <span class='ocrx_word' id='word_1_639' title='bbox 1370 5389 1460 5442; x_wconf 75' lang='grc' dir='ltr'>καὶ</span> <span class='ocrx_word' id='word_1_640' title='bbox 1504 5389 1594 5442; x_wconf 76' lang='grc' dir='ltr'>τὸν</span> <span class='ocrx_word' id='word_1_641' title='bbox 1624 5389 1751 5444; x_wconf 76' lang='grc' dir='ltr'>Υίδν</span> <span class='ocrx_word' id='word_1_642' title='bbox 1782 5391 1876 5444; x_wconf 71' lang='grc' dir='ltr'>καὶ</span> 
     </span>
    </p>
   </div>
   <div class='ocr_carea' id='block_1_84' title="bbox 288 5474 1874 5554">
    <p class='ocr_par' dir='ltr' id='par_1_84' title="bbox 288 5474 1874 5554">
     <span class='ocr_line' id='line_1_84' title="bbox 288 5474 1874 5554; baseline 0.007 -29"><span class='ocrx_word' id='word_1_643' title='bbox 288 5474 380 5526; x_wconf 84' lang='grc' dir='ltr'>τὸν</span> <span class='ocrx_word' id='word_1_644' title='bbox 433 5474 672 5546; x_wconf 82' lang='grc' dir='ltr'>Πατέρα.</span> <span class='ocrx_word' id='word_1_645' title='bbox 736 5478 1092 5548; x_wconf 82' lang='grc' dir='ltr'>Μεμισὴκασι</span> <span class='ocrx_word' id='word_1_646' title='bbox 1144 5478 1201 5530; x_wconf 83' lang='grc' dir='ltr'>δὲ</span> <span class='ocrx_word' id='word_1_647' title='bbox 1254 5478 1420 5547; x_wconf 85' lang='grc' dir='ltr'>πῶς;</span> <span class='ocrx_word' id='word_1_648' title='bbox 1472 5478 1609 5534; x_wconf 75' lang='grc' dir='ltr'>Οὔτε</span> <span class='ocrx_word' id='word_1_649' title='bbox 1643 5482 1751 5554; x_wconf 77' lang='grc' dir='ltr'>γὰρ</span> <span class='ocrx_word' id='word_1_650' title='bbox 1784 5483 1874 5536; x_wconf 75' lang='grc' dir='ltr'>τὸν</span> 
     </span>
    </p>
   </div>
   <div class='ocr_carea' id='block_1_85' title="bbox 292 5567 1874 5647">
    <p class='ocr_par' dir='ltr' id='par_1_85' title="bbox 292 5567 1874 5647">
     <span class='ocr_line' id='line_1_85' title="bbox 292 5567 1874 5647; baseline 0.007 -28"><span class='ocrx_word' id='word_1_651' title='bbox 292 5567 447 5636; x_wconf 81' lang='grc' dir='ltr'>παρὰ</span> <span class='ocrx_word' id='word_1_652' title='bbox 480 5567 694 5638; x_wconf 59' lang='lat' dir='ltr'><strong>Ila-.96;</strong></span> <span class='ocrx_word' id='word_1_653' title='bbox 727 5569 793 5621; x_wconf 84' lang='grc' dir='ltr'>δι’</span> <span class='ocrx_word' id='word_1_654' title='bbox 824 5569 955 5624; x_wconf 81' lang='grc' dir='ltr'>Υίοῦ</span> <span class='ocrx_word' id='word_1_655' title='bbox 1008 5573 1339 5642; x_wconf 83' lang='grc' dir='ltr'>τετιμήκασι</span> <span class='ocrx_word' id='word_1_656' title='bbox 1385 5573 1563 5642; x_wconf 84' lang='grc' dir='ltr'>λόγον,</span> <span class='ocrx_word' id='word_1_657' title='bbox 1608 5574 1733 5629; x_wconf 79' lang='grc' dir='ltr'>οὕτε</span> <span class='ocrx_word' id='word_1_658' title='bbox 1767 5576 1874 5647; x_wconf 84' lang='grc' dir='ltr'>μὴν</span> 
     </span>
    </p>
   </div>
   <div class='ocr_carea' id='block_1_86' title="bbox 292 5656 1875 5740">
    <p class='ocr_par' dir='ltr' id='par_1_86' title="bbox 292 5656 1875 5740">
     <span class='ocr_line' id='line_1_86' title="bbox 292 5656 1875 5740; baseline 0.006 -27"><span class='ocrx_word' id='word_1_659' title='bbox 292 5660 407 5722; x_wconf 78' lang='grc' dir='ltr'>τοῖς</span> <span class='ocrx_word' id='word_1_660' title='bbox 438 5656 538 5729; x_wconf 82' lang='grc' dir='ltr'>τῆς</span> <span class='ocrx_word' id='word_1_661' title='bbox 592 5658 742 5724; x_wconf 86' lang='grc' dir='ltr'>θείας</span> <span class='ocrx_word' id='word_1_662' title='bbox 798 5663 1013 5730; x_wconf 86' lang='grc' dir='ltr'>φύσεως</span> <span class='ocrx_word' id='word_1_663' title='bbox 1060 5663 1271 5735; x_wconf 74' lang='grc' dir='ltr'>ἔργοις,</span> <span class='ocrx_word' id='word_1_664' title='bbox 1324 5666 1384 5719; x_wconf 85' lang='grc' dir='ltr'>τὸ</span> <span class='ocrx_word' id='word_1_665' title='bbox 1428 5669 1612 5733; x_wconf 72' lang='grc' dir='ltr'>αὐτοῖς</span> <span class='ocrx_word' id='word_1_666' title='bbox 1665 5669 1875 5740; x_wconf 79' lang='grc' dir='ltr'>πρέπον</span> 
     </span>
    </p>
   </div>
   <div class='ocr_carea' id='block_1_87' title="bbox 375 5841 1477 5916">
    <p class='ocr_par' dir='ltr' id='par_1_87' title="bbox 375 5841 1477 5916">
     <span class='ocr_line' id='line_1_87' title="bbox 375 5841 1477 5916; baseline 0.004 -18"><span class='ocrx_word' id='word_1_667' title='bbox 375 5843 417 5880; x_wconf 70' lang='grc' dir='ltr'>υ</span> <span class='ocrx_word' id='word_1_668' title='bbox 436 5841 593 5899; x_wconf 75' lang='lat' dir='ltr'><strong>Joan.</strong></span> <span class='ocrx_word' id='word_1_669' title='bbox 622 5858 713 5909; x_wconf 77' lang='lat' dir='ltr'><strong>xv,</strong></span> <span class='ocrx_word' id='word_1_670' title='bbox 742 5843 830 5898; x_wconf 70' lang='grc'>24.</span> <span class='ocrx_word' id='word_1_671' title='bbox 910 5847 953 5881; x_wconf 73' lang='grc' dir='ltr'><strong><em>η</em></strong></span> <span class='ocrx_word' id='word_1_672' title='bbox 971 5845 1127 5902; x_wconf 84' lang='lat' dir='ltr'><strong>Joan.</strong></span> <span class='ocrx_word' id='word_1_673' title='bbox 1158 5846 1279 5916; x_wconf 79' lang='lat' dir='ltr'><strong>Ix,l</strong></span> <span class='ocrx_word' id='word_1_674' title='bbox 1321 5862 1477 5916; x_wconf 89' lang='lat' dir='ltr'><strong>seqq.</strong></span> 
     </span>
    </p>
   </div>
   <div class='ocr_carea' id='block_1_88' title="bbox 1962 3445 3551 3534">
    <p class='ocr_par' dir='ltr' id='par_1_88' title="bbox 1962 3445 3551 3534">
     <span class='ocr_line' id='line_1_88' title="bbox 1962 3445 3551 3534; baseline -0.009 -18"><span class='ocrx_word' id='word_1_675' title='bbox 1962 3469 2172 3534; x_wconf 85' lang='lat' dir='ltr'><strong>quanta</strong></span> <span class='ocrx_word' id='word_1_676' title='bbox 2227 3475 2391 3515; x_wconf 73' lang='lat' dir='ltr'><strong>nemo</strong></span> <span class='ocrx_word' id='word_1_677' title='bbox 2442 3472 2676 3528; x_wconf 86' lang='lat' dir='ltr'><strong>usquam</strong></span> <span class='ocrx_word' id='word_1_678' title='bbox 2724 3455 2862 3511; x_wconf 84' lang='lat' dir='ltr'><strong>vidit</strong></span> <span class='ocrx_word' id='word_1_679' title='bbox 2912 3452 3236 3507; x_wconf 83' lang='lat' dir='ltr'><strong>mortalium</strong></span> <span class='ocrx_word' id='word_1_680' title='bbox 3293 3449 3358 3501; x_wconf 86' lang='lat'><strong>&quot;.</strong></span> <span class='ocrx_word' id='word_1_681' title='bbox 3412 3445 3551 3513; x_wconf 85' lang='lat' dir='ltr'><strong>Quis</strong></span> 
     </span>
    </p>
   </div>
   <div class='ocr_carea' id='block_1_89' title="bbox 1963 3541 3551 3611">
    <p class='ocr_par' dir='ltr' id='par_1_89' title="bbox 1963 3541 3551 3611">
     <span class='ocr_line' id='line_1_89' title="bbox 1963 3541 3551 3611; baseline -0.013 0"><span class='ocrx_word' id='word_1_682' title='bbox 1963 3557 2110 3611; x_wconf 87' lang='lat' dir='ltr'><strong>enim</strong></span> <span class='ocrx_word' id='word_1_683' title='bbox 2154 3565 2471 3611; x_wconf 84' lang='lat' dir='ltr'><strong>sanctorum</strong></span> <span class='ocrx_word' id='word_1_684' title='bbox 2511 3552 2580 3607; x_wconf 89' lang='lat' dir='ltr'>de</span> <span class='ocrx_word' id='word_1_685' title='bbox 2621 3548 2910 3604; x_wconf 87' lang='lat' dir='ltr'><strong>miraculis</strong></span> <span class='ocrx_word' id='word_1_686' title='bbox 2946 3560 3071 3602; x_wconf 90' lang='lat' dir='ltr'>cum</span> <span class='ocrx_word' id='word_1_687' title='bbox 3110 3541 3340 3598; x_wconf 86' lang='lat' dir='ltr'><strong>Christo</strong></span> <span class='ocrx_word' id='word_1_688' title='bbox 3367 3546 3551 3594; x_wconf 86' lang='lat' dir='ltr'><strong>certa-</strong></span> 
     </span>
    </p>
   </div>
   <div class='ocr_carea' id='block_1_90' title="bbox 1964 3628 3552 3712">
    <p class='ocr_par' dir='ltr' id='par_1_90' title="bbox 1964 3628 3552 3712">
     <span class='ocr_line' id='line_1_90' title="bbox 1964 3628 3552 3712; baseline -0.011 -12"><span class='ocrx_word' id='word_1_689' title='bbox 1964 3647 2088 3702; x_wconf 84' lang='lat' dir='ltr'><strong>vit?</strong></span> <span class='ocrx_word' id='word_1_690' title='bbox 2124 3645 2194 3700; x_wconf 82' lang='lat' dir='ltr'><strong>At</strong></span> <span class='ocrx_word' id='word_1_691' title='bbox 2226 3661 2351 3701; x_wconf 92' lang='lat' dir='ltr'>cum</span> <span class='ocrx_word' id='word_1_692' title='bbox 2386 3646 2456 3701; x_wconf 90' lang='lat' dir='ltr'>ab</span> <span class='ocrx_word' id='word_1_693' title='bbox 2485 3645 2608 3712; x_wconf 89' lang='lat' dir='ltr'><strong>ejus</strong></span> <span class='ocrx_word' id='word_1_694' title='bbox 2642 3639 2940 3699; x_wconf 88' lang='lat' dir='ltr'><strong>dilectione</strong></span> <span class='ocrx_word' id='word_1_695' title='bbox 2979 3645 3191 3692; x_wconf 88' lang='lat' dir='ltr'><strong>tantum</strong></span> <span class='ocrx_word' id='word_1_696' title='bbox 3234 3633 3419 3688; x_wconf 82' lang='lat' dir='ltr'><strong>absint</strong></span> <span class='ocrx_word' id='word_1_697' title='bbox 3456 3628 3552 3683; x_wconf 79' lang='lat' dir='ltr'>Ju-</span> 
     </span>
    </p>
   </div>
   <div class='ocr_carea' id='block_1_91' title="bbox 1965 3719 3549 3805">
    <p class='ocr_par' dir='ltr' id='par_1_91' title="bbox 1965 3719 3549 3805">
     <span class='ocr_line' id='line_1_91' title="bbox 1965 3719 3549 3805; baseline -0.015 -9"><span class='ocrx_word' id='word_1_698' title='bbox 1965 3741 2100 3805; x_wconf 82' lang='lat' dir='ltr'><strong>daei,</strong></span> <span class='ocrx_word' id='word_1_699' title='bbox 2133 3748 2194 3795; x_wconf 92' lang='lat' dir='ltr'>ut</span> <span class='ocrx_word' id='word_1_700' title='bbox 2223 3754 2349 3795; x_wconf 89' lang='lat' dir='ltr'>eum</span> <span class='ocrx_word' id='word_1_701' title='bbox 2390 3733 2775 3793; x_wconf 87' lang='lat' dir='ltr'><strong>infensissimo</strong></span> <span class='ocrx_word' id='word_1_702' title='bbox 2808 3734 3224 3802; x_wconf 89' lang='lat' dir='ltr'><strong>prosequantur</strong></span> <span class='ocrx_word' id='word_1_703' title='bbox 3254 3722 3384 3779; x_wconf 91' lang='lat' dir='ltr'><strong>odio</strong></span> <span class='ocrx_word' id='word_1_704' title='bbox 3405 3761 3420 3785; x_wconf 90' lang='lat'>,</span> <span class='ocrx_word' id='word_1_705' title='bbox 3454 3719 3549 3789; x_wconf 91' lang='lat' dir='ltr'><strong>qui</strong></span> 
     </span>
    </p>
   </div>
   <div class='ocr_carea' id='block_1_92' title="bbox 1969 3812 3548 3902">
    <p class='ocr_par' dir='ltr' id='par_1_92' title="bbox 1969 3812 3548 3902">
     <span class='ocr_line' id='line_1_92' title="bbox 1969 3812 3548 3902; baseline -0.013 -17"><span class='ocrx_word' id='word_1_706' title='bbox 1969 3832 2085 3886; x_wconf 90' lang='lat' dir='ltr'><strong>fieri</strong></span> <span class='ocrx_word' id='word_1_707' title='bbox 2126 3838 2305 3902; x_wconf 89' lang='lat' dir='ltr'><strong>potest</strong></span> <span class='ocrx_word' id='word_1_708' title='bbox 2345 3836 2407 3884; x_wconf 90' lang='lat' dir='ltr'><strong>ut</strong></span> <span class='ocrx_word' id='word_1_709' title='bbox 2445 3843 2556 3884; x_wconf 91' lang='lat' dir='ltr'>non</span> <span class='ocrx_word' id='word_1_710' title='bbox 2597 3824 2961 3881; x_wconf 84' lang='lat' dir='ltr'><strong>acerbissima</strong></span> <span class='ocrx_word' id='word_1_711' title='bbox 3001 3820 3084 3876; x_wconf 88' lang='lat' dir='ltr'>eis</span> <span class='ocrx_word' id='word_1_712' title='bbox 3119 3814 3396 3887; x_wconf 83' lang='lat' dir='ltr'><strong>supplicia</strong></span> <span class='ocrx_word' id='word_1_713' title='bbox 3440 3812 3548 3866; x_wconf 86' lang='lat' dir='ltr'><strong>im—</strong></span> 
     </span>
    </p>
   </div>
   <div class='ocr_carea' id='block_1_93' title="bbox 1969 3902 3555 3989">
    <p class='ocr_par' dir='ltr' id='par_1_93' title="bbox 1969 3902 3555 3989">
     <span class='ocr_line' id='line_1_93' title="bbox 1969 3902 3555 3989; baseline -0.014 -12"><span class='ocrx_word' id='word_1_714' title='bbox 1969 3921 2259 3977; x_wconf 81' lang='lat' dir='ltr'><strong>mineant?</strong></span> <span class='ocrx_word' id='word_1_715' title='bbox 2288 3920 2477 3988; x_wconf 76' lang='lat' dir='ltr'><strong>Longe</strong></span> <span class='ocrx_word' id='word_1_716' title='bbox 2506 3917 2711 3989; x_wconf 89' lang='lat' dir='ltr'><strong>quippe</strong></span> <span class='ocrx_word' id='word_1_717' title='bbox 2741 3915 2920 3971; x_wconf 84' lang='lat' dir='ltr'><strong>satius</strong></span> <span class='ocrx_word' id='word_1_718' title='bbox 2951 3910 3035 3967; x_wconf 93' lang='lat' dir='ltr'>eis</span> <span class='ocrx_word' id='word_1_719' title='bbox 3067 3909 3269 3964; x_wconf 85' lang='lat' dir='ltr'><strong>fuisset</strong></span> <span class='ocrx_word' id='word_1_720' title='bbox 3288 3946 3304 3969; x_wconf 87' lang='lat'>,</span> <span class='ocrx_word' id='word_1_721' title='bbox 3336 3918 3440 3961; x_wconf 87' lang='lat' dir='ltr'>nec</span> <span class='ocrx_word' id='word_1_722' title='bbox 3469 3902 3555 3957; x_wconf 79' lang='lat' dir='ltr'><strong>di-</strong></span> 
     </span>
    </p>
   </div>
   <div class='ocr_carea' id='block_1_94' title="bbox 1969 3996 3554 4081">
    <p class='ocr_par' dir='ltr' id='par_1_94' title="bbox 1969 3996 3554 4081">
     <span class='ocr_line' id='line_1_94' title="bbox 1969 3996 3554 4081; baseline -0.013 -14"><span class='ocrx_word' id='word_1_723' title='bbox 1969 4012 2130 4068; x_wconf 79' lang='lat' dir='ltr'><strong>vinos</strong></span> <span class='ocrx_word' id='word_1_724' title='bbox 2171 4011 2293 4081; x_wconf 88' lang='lat' dir='ltr'><strong>ejus</strong></span> <span class='ocrx_word' id='word_1_725' title='bbox 2331 4024 2617 4066; x_wconf 84' lang='lat' dir='ltr'><strong>sermones</strong></span> <span class='ocrx_word' id='word_1_726' title='bbox 2655 4005 2884 4064; x_wconf 88' lang='lat' dir='ltr'><strong>audire,</strong></span> <span class='ocrx_word' id='word_1_727' title='bbox 2924 4016 3026 4057; x_wconf 88' lang='lat' dir='ltr'>nec</span> <span class='ocrx_word' id='word_1_728' title='bbox 3065 3996 3364 4054; x_wconf 81' lang='lat' dir='ltr'><strong>ineffabilia</strong></span> <span class='ocrx_word' id='word_1_729' title='bbox 3395 3996 3554 4065; x_wconf 78' lang='lat' dir='ltr'><strong>signa</strong></span> 
     </span>
    </p>
   </div>
   <div class='ocr_carea' id='block_1_95' title="bbox 1970 4089 3546 4175">
    <p class='ocr_par' dir='ltr' id='par_1_95' title="bbox 1970 4089 3546 4175">
     <span class='ocr_line' id='line_1_95' title="bbox 1970 4089 3546 4175; baseline -0.013 -14"><span class='ocrx_word' id='word_1_730' title='bbox 1970 4111 2240 4175; x_wconf 87' lang='lat' dir='ltr'><strong>spectare.</strong></span> <span class='ocrx_word' id='word_1_731' title='bbox 2273 4101 2390 4156; x_wconf 89' lang='lat' dir='ltr'>Non</span> <span class='ocrx_word' id='word_1_732' title='bbox 2420 4101 2691 4157; x_wconf 85' lang='lat' dir='ltr'><strong>insulsam</strong></span> <span class='ocrx_word' id='word_1_733' title='bbox 2722 4097 2867 4153; x_wconf 87' lang='lat' dir='ltr'><strong>enim</strong></span> <span class='ocrx_word' id='word_1_734' title='bbox 2903 4094 3089 4150; x_wconf 79' lang='lat' dir='ltr'><strong>forsan</strong></span> <span class='ocrx_word' id='word_1_735' title='bbox 3130 4089 3546 4147; x_wconf 80' lang='lat' dir='ltr'><strong>excusationem</strong></span> 
     </span>
    </p>
   </div>
   <div class='ocr_carea' id='block_1_96' title="bbox 1970 4179 3552 4263">
    <p class='ocr_par' dir='ltr' id='par_1_96' title="bbox 1970 4179 3552 4263">
     <span class='ocr_line' id='line_1_96' title="bbox 1970 4179 3552 4263; baseline -0.013 -12"><span class='ocrx_word' id='word_1_736' title='bbox 1970 4194 2283 4251; x_wconf 88' lang='lat' dir='ltr'><strong>istiusmodi</strong></span> <span class='ocrx_word' id='word_1_737' title='bbox 2314 4202 2616 4263; x_wconf 68' lang='lat' dir='ltr'><strong>praztexere</strong></span> <span class='ocrx_word' id='word_1_738' title='bbox 2649 4189 2960 4262; x_wconf 87' lang='lat' dir='ltr'><strong>potuissent</strong></span> <span class='ocrx_word' id='word_1_739' title='bbox 2988 4205 2998 4237; x_wconf 93' lang='lat'>:</span> <span class='ocrx_word' id='word_1_740' title='bbox 3025 4183 3174 4238; x_wconf 87' lang='lat' dir='ltr'><strong>Nihil</strong></span> <span class='ocrx_word' id='word_1_741' title='bbox 3207 4179 3552 4239; x_wconf 84' lang='lat' dir='ltr'><strong>salutiferum</strong></span> 
     </span>
    </p>
   </div>
   <div class='ocr_carea' id='block_1_97' title="bbox 1972 4275 3557 4356">
    <p class='ocr_par' dir='ltr' id='par_1_97' title="bbox 1972 4275 3557 4356">
     <span class='ocr_line' id='line_1_97' title="bbox 1972 4275 3557 4356; baseline -0.011 -14"><span class='ocrx_word' id='word_1_742' title='bbox 1972 4286 2305 4349; x_wconf 75' lang='lat' dir='ltr'><strong>audivimus,</strong></span> <span class='ocrx_word' id='word_1_743' title='bbox 2329 4301 2505 4356; x_wconf 90' lang='lat' dir='ltr'><strong>neque</strong></span> <span class='ocrx_word' id='word_1_744' title='bbox 2529 4285 2666 4339; x_wconf 89' lang='lat' dir='ltr'><strong>adeo</strong></span> <span class='ocrx_word' id='word_1_745' title='bbox 2694 4297 2807 4337; x_wconf 81' lang='lat' dir='ltr'>rem</span> <span class='ocrx_word' id='word_1_746' title='bbox 2837 4281 3001 4335; x_wconf 92' lang='lat' dir='ltr'><strong>ullam</strong></span> <span class='ocrx_word' id='word_1_747' title='bbox 3035 4275 3407 4348; x_wconf 86' lang='lat' dir='ltr'><strong>spectavimus</strong></span> <span class='ocrx_word' id='word_1_748' title='bbox 3435 4283 3557 4340; x_wconf 69' lang='lat' dir='ltr'><strong>quae</strong></span> 
     </span>
    </p>
   </div>
   <div class='ocr_carea' id='block_1_98' title="bbox 1969 4363 3555 4437">
    <p class='ocr_par' dir='ltr' id='par_1_98' title="bbox 1969 4363 3555 4437">
     <span class='ocr_line' id='line_1_98' title="bbox 1969 4363 3555 4437; baseline -0.013 -2"><span class='ocrx_word' id='word_1_749' title='bbox 1969 4396 2073 4437; x_wconf 90' lang='lat' dir='ltr'>nos</span> <span class='ocrx_word' id='word_1_750' title='bbox 2103 4381 2171 4435; x_wconf 87' lang='lat' dir='ltr'>ad</span> <span class='ocrx_word' id='word_1_751' title='bbox 2215 4378 2374 4435; x_wconf 84' lang='lat' dir='ltr'><strong>fidem</strong></span> <span class='ocrx_word' id='word_1_752' title='bbox 2408 4377 2731 4433; x_wconf 87' lang='lat' dir='ltr'><strong>adduceret.</strong></span> <span class='ocrx_word' id='word_1_753' title='bbox 2768 4374 2973 4429; x_wconf 81' lang='lat' dir='ltr'><strong>Verum</strong></span> <span class='ocrx_word' id='word_1_754' title='bbox 3007 4385 3133 4424; x_wconf 88' lang='lat' dir='ltr'>eum</span> <span class='ocrx_word' id='word_1_755' title='bbox 3172 4380 3281 4422; x_wconf 87' lang='lat' dir='ltr'>non</span> <span class='ocrx_word' id='word_1_756' title='bbox 3318 4363 3555 4435; x_wconf 89' lang='lat' dir='ltr'><strong>prophe-</strong></span> 
     </span>
    </p>
   </div>
   <div class='ocr_carea' id='block_1_99' title="bbox 1972 4454 3555 4537">
    <p class='ocr_par' dir='ltr' id='par_1_99' title="bbox 1972 4454 3555 4537">
     <span class='ocr_line' id='line_1_99' title="bbox 1972 4454 3555 4537; baseline -0.013 -10"><span class='ocrx_word' id='word_1_757' title='bbox 1972 4482 2150 4528; x_wconf 84' lang='lat' dir='ltr'><strong>tarum</strong></span> <span class='ocrx_word' id='word_1_758' title='bbox 2185 4485 2357 4526; x_wconf 88' lang='lat' dir='ltr'><strong>unum</strong></span> <span class='ocrx_word' id='word_1_759' title='bbox 2381 4510 2396 4534; x_wconf 95' lang='lat'>,</span> <span class='ocrx_word' id='word_1_760' title='bbox 2435 4469 2529 4524; x_wconf 90' lang='lat' dir='ltr'>sed</span> <span class='ocrx_word' id='word_1_761' title='bbox 2567 4470 2748 4537; x_wconf 91' lang='lat' dir='ltr'><strong>ipsum</strong></span> <span class='ocrx_word' id='word_1_762' title='bbox 2779 4464 3067 4519; x_wconf 84' lang='lat' dir='ltr'><strong>Christum</strong></span> <span class='ocrx_word' id='word_1_763' title='bbox 3100 4460 3322 4515; x_wconf 71' lang='lat' dir='ltr'><strong>caelitus</strong></span> <span class='ocrx_word' id='word_1_764' title='bbox 3354 4454 3419 4510; x_wconf 91' lang='lat' dir='ltr'>ad</span> <span class='ocrx_word' id='word_1_765' title='bbox 3454 4467 3555 4506; x_wconf 88' lang='lat' dir='ltr'>nos</span> 
     </span>
    </p>
   </div>
   <div class='ocr_carea' id='block_1_100' title="bbox 1971 4544 3552 4634">
    <p class='ocr_par' dir='ltr' id='par_1_100' title="bbox 1971 4544 3552 4634">
     <span class='ocr_line' id='line_1_100' title="bbox 1971 4544 3552 4634; baseline -0.016 -16"><span class='ocrx_word' id='word_1_766' title='bbox 1971 4561 2277 4634; x_wconf 88' lang='lat' dir='ltr'><strong>profectum</strong></span> <span class='ocrx_word' id='word_1_767' title='bbox 2326 4575 2391 4614; x_wconf 92' lang='lat' dir='ltr'>ac</span> <span class='ocrx_word' id='word_1_768' title='bbox 2442 4559 2678 4613; x_wconf 92' lang='lat' dir='ltr'><strong>missum</strong></span> <span class='ocrx_word' id='word_1_769' title='bbox 2729 4554 3044 4617; x_wconf 89' lang='lat' dir='ltr'><strong>audierint,</strong></span> <span class='ocrx_word' id='word_1_770' title='bbox 3096 4565 3163 4605; x_wconf 90' lang='lat' dir='ltr'>ae</span> <span class='ocrx_word' id='word_1_771' title='bbox 3213 4544 3552 4601; x_wconf 85' lang='lat' dir='ltr'><strong>mirabilium</strong></span> 
     </span>
    </p>
   </div>
   <div class='ocr_carea' id='block_1_101' title="bbox 1971 4639 3557 4725">
    <p class='ocr_par' dir='ltr' id='par_1_101' title="bbox 1971 4639 3557 4725">
     <span class='ocr_line' id='line_1_101' title="bbox 1971 4639 3557 4725; baseline -0.015 -15"><span class='ocrx_word' id='word_1_772' title='bbox 1971 4655 2093 4725; x_wconf 90' lang='lat' dir='ltr'><strong>ejus</strong></span> <span class='ocrx_word' id='word_1_773' title='bbox 2118 4669 2341 4723; x_wconf 89' lang='lat' dir='ltr'><strong>operum</strong></span> <span class='ocrx_word' id='word_1_774' title='bbox 2377 4660 2721 4723; x_wconf 87' lang='lat' dir='ltr'><strong>spectatores</strong></span> <span class='ocrx_word' id='word_1_775' title='bbox 2758 4647 2962 4703; x_wconf 87' lang='lat' dir='ltr'><strong>fuerint</strong></span> <span class='ocrx_word' id='word_1_776' title='bbox 2994 4646 3012 4714; x_wconf 93' lang='lat'>(</span> <span class='ocrx_word' id='word_1_777' title='bbox 3035 4644 3163 4699; x_wconf 58' lang='lat' dir='ltr'><strong>caeci</strong></span> <span class='ocrx_word' id='word_1_778' title='bbox 3193 4639 3396 4710; x_wconf 82' lang='lat' dir='ltr'><strong>quippe</strong></span> <span class='ocrx_word' id='word_1_779' title='bbox 3423 4649 3557 4689; x_wconf 87' lang='lat' dir='ltr'><strong>ocu-</strong></span> 
     </span>
    </p>
   </div>
   <div class='ocr_carea' id='block_1_102' title="bbox 1971 4735 3552 4814">
    <p class='ocr_par' dir='ltr' id='par_1_102' title="bbox 1971 4735 3552 4814">
     <span class='ocr_line' id='line_1_102' title="bbox 1971 4735 3552 4814; baseline -0.016 -13"><span class='ocrx_word' id='word_1_780' title='bbox 1971 4748 2056 4802; x_wconf 91' lang='lat' dir='ltr'>los</span> <span class='ocrx_word' id='word_1_781' title='bbox 2101 4745 2363 4803; x_wconf 88' lang='lat' dir='ltr'><strong>Christus</strong></span> <span class='ocrx_word' id='word_1_782' title='bbox 2414 4743 2667 4814; x_wconf 89' lang='lat' dir='ltr'><strong>aperuit,</strong></span> <span class='ocrx_word' id='word_1_783' title='bbox 2717 4756 2842 4796; x_wconf 92' lang='lat' dir='ltr'>eum</span> <span class='ocrx_word' id='word_1_784' title='bbox 2893 4753 3056 4794; x_wconf 91' lang='lat' dir='ltr'><strong>nemo</strong></span> <span class='ocrx_word' id='word_1_785' title='bbox 3114 4735 3258 4788; x_wconf 92' lang='lat' dir='ltr'><strong>alius</strong></span> <span class='ocrx_word' id='word_1_786' title='bbox 3310 4741 3552 4796; x_wconf 90' lang='lat' dir='ltr'><strong>unquam</strong></span> 
     </span>
    </p>
   </div>
   <div class='ocr_carea' id='block_1_103' title="bbox 1971 4821 3552 4919">
    <p class='ocr_par' dir='ltr' id='par_1_103' title="bbox 1971 4821 3552 4919">
     <span class='ocr_line' id='line_1_103' title="bbox 1971 4821 3552 4919; baseline -0.016 -26"><span class='ocrx_word' id='word_1_787' title='bbox 1971 4839 2083 4895; x_wconf 89' lang='lat' dir='ltr'><strong>tale</strong></span> <span class='ocrx_word' id='word_1_788' title='bbox 2131 4838 2263 4908; x_wconf 92' lang='lat' dir='ltr'><strong>quid</strong></span> <span class='ocrx_word' id='word_1_789' title='bbox 2317 4835 2499 4892; x_wconf 87' lang='lat' dir='ltr'><strong>facere</strong></span> <span class='ocrx_word' id='word_1_790' title='bbox 2556 4835 2830 4907; x_wconf 85' lang='lat' dir='ltr'><strong>potuisset</strong></span> <span class='ocrx_word' id='word_1_791' title='bbox 2868 4831 2997 4902; x_wconf 70' lang='grc' dir='ltr'>η),</span> <span class='ocrx_word' id='word_1_792' title='bbox 3053 4827 3184 4899; x_wconf 86' lang='lat' dir='ltr'><strong>quid</strong></span> <span class='ocrx_word' id='word_1_793' title='bbox 3232 4821 3552 4919; x_wconf 58' lang='lat' dir='ltr'><strong>intimorum</strong></span> 
     </span>
    </p>
   </div>
   <div class='ocr_carea' id='block_1_104' title="bbox 1970 4910 3553 4999">
    <p class='ocr_par' dir='ltr' id='par_1_104' title="bbox 1970 4910 3553 4999">
     <span class='ocr_line' id='line_1_104' title="bbox 1970 4910 3553 4999; baseline -0.016 -12"><span class='ocrx_word' id='word_1_794' title='bbox 1970 4932 2305 4987; x_wconf 88' lang='lat' dir='ltr'><strong>dementiam</strong></span> <span class='ocrx_word' id='word_1_795' title='bbox 2338 4928 2613 4999; x_wconf 90' lang='lat' dir='ltr'><strong>supplicio</strong></span> <span class='ocrx_word' id='word_1_796' title='bbox 2643 4925 2882 4982; x_wconf 77' lang='lat' dir='ltr'><strong>eximet?</strong></span> <span class='ocrx_word' id='word_1_797' title='bbox 2905 4919 3147 4976; x_wconf 84' lang='lat' dir='ltr'><strong>Tametsi</strong></span> <span class='ocrx_word' id='word_1_798' title='bbox 3183 4916 3328 4970; x_wconf 86' lang='lat' dir='ltr'><strong>enim</strong></span> <span class='ocrx_word' id='word_1_799' title='bbox 3361 4910 3553 4964; x_wconf 88' lang='lat' dir='ltr'><strong>audie-</strong></span> 
     </span>
    </p>
   </div>
   <div class='ocr_carea' id='block_1_105' title="bbox 1970 5004 3554 5094">
    <p class='ocr_par' dir='ltr' id='par_1_105' title="bbox 1970 5004 3554 5094">
     <span class='ocr_line' id='line_1_105' title="bbox 1970 5004 3554 5094; baseline -0.018 -14"><span class='ocrx_word' id='word_1_800' title='bbox 1970 5025 2083 5081; x_wconf 89' lang='lat' dir='ltr'><strong>rint</strong></span> <span class='ocrx_word' id='word_1_801' title='bbox 2114 5034 2169 5079; x_wconf 85' lang='lat' dir='ltr'>et</span> <span class='ocrx_word' id='word_1_802' title='bbox 2202 5024 2510 5094; x_wconf 84' lang='lat' dir='ltr'><strong>speetarint</strong></span> <span class='ocrx_word' id='word_1_803' title='bbox 2531 5063 2545 5085; x_wconf 93' lang='lat'>,</span> <span class='ocrx_word' id='word_1_804' title='bbox 2582 5032 2764 5075; x_wconf 87' lang='lat' dir='ltr'><strong>tamen</strong></span> <span class='ocrx_word' id='word_1_805' title='bbox 2796 5034 2921 5073; x_wconf 89' lang='lat' dir='ltr'>cum</span> <span class='ocrx_word' id='word_1_806' title='bbox 2958 5014 3155 5069; x_wconf 82' lang='lat' dir='ltr'><strong>Filium</strong></span> <span class='ocrx_word' id='word_1_807' title='bbox 3187 5019 3297 5062; x_wconf 91' lang='lat' dir='ltr'>tum</span> <span class='ocrx_word' id='word_1_808' title='bbox 3336 5004 3554 5056; x_wconf 75' lang='lat' dir='ltr'><strong>Patrem</strong></span> 
     </span>
    </p>
   </div>
   <div class='ocr_carea' id='block_1_106' title="bbox 1971 5099 3556 5180">
    <p class='ocr_par' dir='ltr' id='par_1_106' title="bbox 1971 5099 3556 5180">
     <span class='ocr_line' id='line_1_106' title="bbox 1971 5099 3556 5180; baseline -0.018 -6"><span class='ocrx_word' id='word_1_809' title='bbox 1971 5117 2229 5174; x_wconf 86' lang='lat' dir='ltr'><strong>oderunt.</strong></span> <span class='ocrx_word' id='word_1_810' title='bbox 2254 5113 2543 5180; x_wconf 86' lang='lat' dir='ltr'><strong>Quomodo</strong></span> <span class='ocrx_word' id='word_1_811' title='bbox 2568 5126 2696 5166; x_wconf 83' lang='lat' dir='ltr'><strong>vero</strong></span> <span class='ocrx_word' id='word_1_812' title='bbox 2720 5106 2991 5165; x_wconf 82' lang='lat' dir='ltr'><strong>oderunt?</strong></span> <span class='ocrx_word' id='word_1_813' title='bbox 3020 5099 3333 5157; x_wconf 86' lang='lat' dir='ltr'><strong>Doetrinam</strong></span> <span class='ocrx_word' id='word_1_814' title='bbox 3355 5105 3556 5161; x_wconf 88' lang='lat' dir='ltr'><strong>nempe</strong></span> 
     </span>
    </p>
   </div>
   <div class='ocr_carea' id='block_1_107' title="bbox 1972 5182 3554 5288">
    <p class='ocr_par' dir='ltr' id='par_1_107' title="bbox 1972 5182 3554 5288">
     <span class='ocr_line' id='line_1_107' title="bbox 1972 5182 3554 5288; baseline -0.018 -24"><span class='ocrx_word' id='word_1_815' title='bbox 1972 5224 2002 5264; x_wconf 88' lang='lat' dir='ltr'>a</span> <span class='ocrx_word' id='word_1_816' title='bbox 2041 5206 2206 5261; x_wconf 84' lang='lat' dir='ltr'><strong>Patre</strong></span> <span class='ocrx_word' id='word_1_817' title='bbox 2246 5182 2343 5275; x_wconf 84' lang='lat' dir='ltr'>per</span> <span class='ocrx_word' id='word_1_818' title='bbox 2384 5202 2585 5258; x_wconf 88' lang='lat' dir='ltr'><strong>Filium</strong></span> <span class='ocrx_word' id='word_1_819' title='bbox 2625 5200 2888 5255; x_wconf 89' lang='lat' dir='ltr'><strong>traditam</strong></span> <span class='ocrx_word' id='word_1_820' title='bbox 2923 5211 3031 5252; x_wconf 92' lang='lat' dir='ltr'>non</span> <span class='ocrx_word' id='word_1_821' title='bbox 3063 5192 3461 5288; x_wconf 78' lang='lat' dir='ltr'><strong>susceperunt,</strong></span> <span class='ocrx_word' id='word_1_822' title='bbox 3497 5188 3554 5237; x_wconf 89' lang='lat' dir='ltr'>et</span> 
     </span>
    </p>
   </div>
   <div class='ocr_carea' id='block_1_108' title="bbox 1971 5280 3554 5379">
    <p class='ocr_par' dir='ltr' id='par_1_108' title="bbox 1971 5280 3554 5370">
     <span class='ocr_line' id='line_1_108' title="bbox 1971 5280 3554 5370; baseline -0.019 -14"><span class='ocrx_word' id='word_1_823' title='bbox 1971 5306 2157 5370; x_wconf 85' lang='lat' dir='ltr'><strong>spreta</strong></span> <span class='ocrx_word' id='word_1_824' title='bbox 2199 5304 2412 5351; x_wconf 72' lang='lat' dir='ltr'><strong>natum</strong></span> <span class='ocrx_word' id='word_1_825' title='bbox 2452 5295 2653 5351; x_wconf 62' lang='lat' dir='ltr'><strong>divinae</strong></span> <span class='ocrx_word' id='word_1_826' title='bbox 2682 5306 2911 5363; x_wconf 80' lang='lat' dir='ltr'><strong>Operum</strong></span> <span class='ocrx_word' id='word_1_827' title='bbox 2941 5282 3308 5342; x_wconf 81' lang='lat' dir='ltr'><strong>admiratione</strong></span> <span class='ocrx_word' id='word_1_828' title='bbox 3328 5319 3343 5341; x_wconf 96' lang='lat'>,</span> <span class='ocrx_word' id='word_1_829' title='bbox 3377 5280 3433 5330; x_wconf 85' lang='lat' dir='ltr'><strong>in</strong></span> <span class='ocrx_word' id='word_1_830' title='bbox 3464 5280 3554 5328; x_wconf 86' lang='lat' dir='ltr'><strong>to-</strong></span> 
     </span>
    </p>
   </div>
   <div class='ocr_carea' id='block_1_109' title="bbox 1973 5373 3553 5456">
    <p class='ocr_par' dir='ltr' id='par_1_109' title="bbox 1973 5373 3553 5456">
     <span class='ocr_line' id='line_1_109' title="bbox 1973 5373 3553 5456; baseline -0.016 -10"><span class='ocrx_word' id='word_1_831' title='bbox 1973 5403 2083 5446; x_wconf 85' lang='lat' dir='ltr'>tam</span> <span class='ocrx_word' id='word_1_832' title='bbox 2119 5390 2211 5446; x_wconf 90' lang='lat' dir='ltr'><strong>Dei</strong></span> <span class='ocrx_word' id='word_1_833' title='bbox 2249 5397 2532 5452; x_wconf 88' lang='lat' dir='ltr'><strong>naturam,</strong></span> <span class='ocrx_word' id='word_1_834' title='bbox 2589 5402 2618 5440; x_wconf 94' lang='lat' dir='ltr'>a</span> <span class='ocrx_word' id='word_1_835' title='bbox 2651 5403 2760 5456; x_wconf 90' lang='lat' dir='ltr'>qua</span> <span class='ocrx_word' id='word_1_836' title='bbox 2790 5385 2894 5439; x_wconf 91' lang='lat' dir='ltr'><strong>ista</strong></span> <span class='ocrx_word' id='word_1_837' title='bbox 2937 5381 3095 5443; x_wconf 91' lang='lat' dir='ltr'><strong>fiunt,</strong></span> <span class='ocrx_word' id='word_1_838' title='bbox 3136 5373 3435 5443; x_wconf 86' lang='lat' dir='ltr'><strong>impietatis</strong></span> <span class='ocrx_word' id='word_1_839' title='bbox 3470 5373 3553 5421; x_wconf 84' lang='lat' dir='ltr'>rei</span> 
     </span>
    </p>
   </div>
   <div class='ocr_carea' id='block_1_110' title="bbox 1979 5466 3555 5552">
    <p class='ocr_par' dir='ltr' id='par_1_110' title="bbox 1979 5466 3555 5552">
     <span class='ocr_line' id='line_1_110' title="bbox 1979 5466 3555 5552; baseline -0.014 -14"><span class='ocrx_word' id='word_1_840' title='bbox 1979 5483 2273 5539; x_wconf 83' lang='lat' dir='ltr'><strong>manifeste</strong></span> <span class='ocrx_word' id='word_1_841' title='bbox 2304 5481 2473 5552; x_wconf 69' lang='lat'>908</span> <span class='ocrx_word' id='word_1_842' title='bbox 2509 5479 2866 5535; x_wconf 89' lang='lat' dir='ltr'><strong>tenebuntur.</strong></span> <span class='ocrx_word' id='word_1_843' title='bbox 2912 5469 3175 5528; x_wconf 82' lang='lat' dir='ltr'><strong>Miracula</strong></span> <span class='ocrx_word' id='word_1_844' title='bbox 3213 5466 3420 5536; x_wconf 86' lang='lat' dir='ltr'><strong>quippe</strong></span> <span class='ocrx_word' id='word_1_845' title='bbox 3456 5473 3555 5529; x_wconf 81' lang='lat' dir='ltr'><strong>pa-</strong></span> 
     </span>
    </p>
   </div>
   <div class='ocr_carea' id='block_1_111' title="bbox 1980 5562 3551 5654">
    <p class='ocr_par' dir='ltr' id='par_1_111' title="bbox 1980 5562 3551 5654">
     <span class='ocr_line' id='line_1_111' title="bbox 1980 5562 3551 5654; baseline -0.016 -25"><span class='ocrx_word' id='word_1_846' title='bbox 1980 5575 2155 5630; x_wconf 82' lang='lat' dir='ltr'><strong>tranti</strong></span> <span class='ocrx_word' id='word_1_847' title='bbox 2189 5573 2418 5629; x_wconf 90' lang='lat' dir='ltr'><strong>omnino</strong></span> <span class='ocrx_word' id='word_1_848' title='bbox 2452 5580 2506 5628; x_wconf 90' lang='lat' dir='ltr'>et</span> <span class='ocrx_word' id='word_1_849' title='bbox 2534 5571 2653 5641; x_wconf 89' lang='lat' dir='ltr'><strong>ipse</strong></span> <span class='ocrx_word' id='word_1_850' title='bbox 2681 5568 2844 5624; x_wconf 87' lang='lat' dir='ltr'><strong>Pater</strong></span> <span class='ocrx_word' id='word_1_851' title='bbox 2874 5566 3100 5629; x_wconf 87' lang='lat' dir='ltr'><strong>aderat,</strong></span> <span class='ocrx_word' id='word_1_852' title='bbox 3134 5575 3247 5615; x_wconf 92' lang='lat' dir='ltr'>non</span> <span class='ocrx_word' id='word_1_853' title='bbox 3286 5562 3551 5654; x_wconf 79' lang='lat' dir='ltr'><strong>tanquam</strong></span> 
     </span>
    </p>
   </div>
   <div class='ocr_carea' id='block_1_112' title="bbox 1982 5649 3551 5738">
    <p class='ocr_par' dir='ltr' id='par_1_112' title="bbox 1982 5649 3551 5738">
     <span class='ocr_line' id='line_1_112' title="bbox 1982 5649 3551 5738; baseline -0.011 -16"><span class='ocrx_word' id='word_1_854' title='bbox 1982 5667 2123 5724; x_wconf 81' lang='lat' dir='ltr'><strong>alius</strong></span> <span class='ocrx_word' id='word_1_855' title='bbox 2149 5682 2244 5738; x_wconf 87' lang='lat' dir='ltr'>per</span> <span class='ocrx_word' id='word_1_856' title='bbox 2274 5665 2444 5720; x_wconf 87' lang='lat' dir='ltr'><strong>alium</strong></span> <span class='ocrx_word' id='word_1_857' title='bbox 2478 5663 2746 5719; x_wconf 89' lang='lat' dir='ltr'><strong>miracula</strong></span> <span class='ocrx_word' id='word_1_858' title='bbox 2777 5674 3044 5732; x_wconf 87' lang='lat' dir='ltr'><strong>operans,</strong></span> <span class='ocrx_word' id='word_1_859' title='bbox 3068 5652 3163 5711; x_wconf 87' lang='lat' dir='ltr'>sed</span> <span class='ocrx_word' id='word_1_860' title='bbox 3194 5658 3253 5706; x_wconf 89' lang='lat' dir='ltr'><strong>ut</strong></span> <span class='ocrx_word' id='word_1_861' title='bbox 3276 5649 3551 5705; x_wconf 53' lang='lat' dir='ltr'>ensis!“s</span> 
     </span>
    </p>
   </div>
  </div>
