4024 6262
506 425 614 482 415

1487 424 1545 480 s.
1584 421 1861 480 CYRILLI
1893 421 2364 477 ALEXANDRINI
2397 409 2715 481 Attonitae.

3638 427 3753 483 416

503 542 563 597 in
596 540 736 596 Filio
756 579 771 605 ,
802 544 1028 610 propter
1060 537 1402 593 identitatem
1438 546 1687 605 naturae,
1718 547 1772 593 et
1802 536 2072 592 omnimo-
2100 586 2101 594 χ

2201 537 2541 606 ιτιμάσαντες
2579 540 2786 610 θαῦμα,
2820 538 3205 603 δυσσεϐοῦντες
3230 538 3478 609 ἐναργῶς
3512 541 3592 603 εἰς
3621 541 3743 610 ὃλην

502 632 630 687 dam
688 631 1016 687 substantiae
1067 629 1458 699 aequalitatem.
1516 629 1885 700 ingratissimi
1940 644 2072 699 ergo

501 722 708 785 Judaei,
746 721 837 790 qui
879 720 1190 775 Servatoris
1228 720 1540 775 doctrinam
1581 720 2070 790 incomparabilem

502 813 661 868 nihili
702 813 950 875 faciunt,
980 826 1044 865 ac
1081 820 1342 882 praeterea
1382 827 1479 882 per
1514 811 1713 865 Filium
1754 822 1808 865 et
1846 812 1900 865 in
1935 809 2075 864 Filio

502 900 684 958 Patris
730 911 987 957 naturam
1041 910 1350 972 spernunt,
1393 904 1648 972 quamvis
1679 902 2072 956 miraculorum

503 1009 624 1049 eam
654 995 904 1064 opilicem
939 1010 1064 1050 esse
1098 1003 1313 1064 pateat,
1347 994 1547 1064 quibus
1578 994 1662 1048 vel
1700 993 1939 1047 maxime
1976 992 2077 1045 du-

506 1100 603 1139 rus
642 1100 706 1139 ac
747 1085 1074 1153 praefractus
1105 1084 1172 1138 ad
1203 1085 1360 1138 iidem
1396 1082 1608 1153 Deique
1636 1084 1841 1139 cultum
1880 1081 2077 1137 adduci

506 1185 742 1247 poterat.
797 1177 901 1232 Sed
956 1185 1017 1231 ut
1072 1176 1398 1246 impleretur
1446 1176 1593 1245 quod
1633 1176 1688 1228 in
1725 1189 1915 1229 eorum
1958 1173 2079 1244 lege

506 1268 775 1336 scriptum
828 1277 953 1322 est:
987 1287 1004 1317 ι
1039 1267 1179 1332 Quia
1229 1267 1470 1321 oderunt
1521 1281 1609 1321 me
1655 1265 1927 1337 gratis_",
1955 1285 1975 1317 ι
2012 1279 2080 1317 ne

506 1358 642 1413 illud
674 1360 899 1428 quidem
931 1360 1178 1427 ignotum
1211 1357 1386 1413 fuisse
1420 1358 1528 1428 legi
1577 1373 1607 1411 a
1657 1372 1767 1427 qua
1820 1356 2082 1426 praedicta

508 1461 638 1507 sunt
669 1452 852 1505 omnia
889 1461 1077 1521 aperte
1104 1451 1487 1516 demonstrat,
1519 1465 1625 1503 non
1660 1457 1841 1503 tamen
1874 1447 2084 1502 idcirco

507 1542 744 1598 dicimus
775 1542 879 1598 ista
909 1544 1080 1613 legem
1111 1543 1453 1612 praedixisse,
1486 1550 1545 1595 ut
1565 1539 1875 1595 Judaeorum
1909 1540 1963 1593 in
1998 1538 2085 1593 Fi-

507 1632 640 1686 lium
674 1640 728 1687 et
759 1631 976 1687 Patrem
1009 1632 1276 1700 iniustum
1315 1632 1500 1685 odium
1533 1634 1951 1693 accenderetur,
1986 1628 2083 1683 sed

509 1725 635 1793 quia
666 1725 716 1777 id
741 1725 811 1777 ab
840 1723 927 1777 his
957 1723 1076 1776 neri
1104 1722 1374 1784 debebat,
1402 1721 1611 1776 idcirco
1643 1720 1826 1774 divina
1852 1728 1906 1775 et
1930 1734 2086 1775 sacra

511 1816 593 1868 lex
621 1813 875 1882 praedixit
900 1852 912 1877 ,
940 1819 999 1866 ut
1026 1812 1344 1867 ostenderet
1374 1812 1508 1867 nihil
1540 1812 1786 1882 ignotum
1817 1824 1940 1865 esse
1965 1808 2089 1878 Spi-

2175 627 2469 702 ἀλώσονται
2495 630 2593 701 τὴν
2620 632 2824 684 τούτων
2852 631 3075 702 ἐργάτιν
3112 630 3208 683 τοῦ
3234 630 3370 684 Θεοῦ
3402 631 3584 698 φύσιν.
3616 630 3741 685 Θαυι

2178 701 2568 790 ματουργοῦντι
2598 720 2705 793 γὰρ
2737 721 2816 791 τῷ
2842 701 2977 791 Υίῷ,
3016 721 3183 791 συνῆν
3208 720 3384 791 δήπου
3414 721 3631 784 πάντως
3657 724 3743 776 καὶ

2175 813 2336 878 αὐτὸς
2363 817 2391 868 ό
2419 815 2626 886 Πατὴρ,
2666 817 2764 886 οὐχ
2797 815 2872 878 ὡς
2908 815 3095 886 ἕτερος
3134 815 3201 868 δι’
3237 815 3428 886 ἑτέρου
3456 815 3620 884 τυχὸν
3660 816 3742 868 ὲν-

2176 906 2354 977 εργῶν
2372 906 2443 960 τά
2474 906 2749 975 θαύματος
2777 907 2920 974 ἀξια,
2954 907 3066 960 ἀλλ’
3105 906 3180 970 ὡς
3210 908 3285 959 ὢν
3314 908 3372 960 ὲν
3399 906 3516 976 Υἱῷ
3540 906 3627 959 διὰ
3653 907 3745 978 τὴν

2177 996 2483 1069 ταυτότητα
2516 998 2614 1067 τῆς
2646 997 2881 1066 φύσεως,
2927 998 3021 1050 καὶ
3062 997 3159 1067 τῆς
3187 996 3374 1061 οὐσίας
3405 997 3467 1049 τδ
3505 997 3745 1067 ἀπαράλ-

2178 1086 2390 1141 λακτον.
2457 1088 2764 1160 Ἀχάριστοι
2806 1086 3092 1159 τοιγαροῦν
3136 1089 3186 1140 οἱ
3220 1087 3447 1151 τάλανες
3489 1088 3747 1153 Ἰουδαῖοι,

2182 1178 2275 1231 καὶ
2304 1178 2397 1232 ἐπὶ
2423 1179 2590 1250 πολλῇ
2628 1182 2694 1251 τῇ
2724 1179 3086 1251 ἀγνωμοσύνῃ
3114 1178 3233 1231 λίαν
3266 1177 3744 1249 κατηγορούμενοι,

2181 1270 2247 1324 δι’
2278 1269 2486 1332 οὐδενὸς
2534 1270 2631 1339 μὲν
2666 1269 2880 1341 ἔχοντες
2925 1270 3083 1339 λόγου
3135 1269 3235 1340 τὴν
3278 1268 3611 1340 ἀσύγκριτον
3660 1269 3747 1322 τοῦ

2184 1360 2436 1430 Σωτῆρος
2455 1360 2827 1427 διδασκαλίαν,
2860 1360 3217 1430 ἀτιμάζοντες
3240 1359 3299 1414 δὲ
3322 1359 3459 1429 πρὸς
3481 1360 3658 1430 τούτῳ
3687 1359 3748 1412 δι’

2185 1449 2335 1512 Υίοῦ,
2381 1450 2475 1503 καὶ
2513 1453 2571 1505 ὲν
2597 1452 2733 1520 Υίῴ,
2761 1452 2860 1522 τὴν
2885 1451 2977 1504 τοῦ
2999 1450 3209 1521 Πατρὸς
3235 1449 3414 1518 φύσιν,
3441 1451 3619 1505 καίτοι
3650 1450 3752 1503 τῶν

2188 1542 2327 1611 ὑπὲρ
2368 1541 2525 1610 λόγον
2576 1542 2759 1607 αὐτοῖς
2803 1542 3096 1613 θαυμάτων
3147 1541 3554 1612 ἀναδειχθεῖσαν
3602 1540 3753 1610 δημι-

2186 1632 2404 1704 ουργὸν,
2432 1631 2516 1700 ἐφ’
2538 1627 2619 1695 οἷς
2641 1627 2709 1702 ἦν
2737 1631 2883 1695 εἰκὸς
2908 1632 3000 1684 καὶ
3029 1631 3118 1684 τὸν
3149 1632 3356 1702 σφόδρα
3385 1629 3622 1699 σκληρὸν
3666 1631 3757 1682 καὶ

2187 1721 2435 1791 δυσήνιον
2477 1720 2709 1789 ἄγεσθαί
2744 1738 2807 1773 τε
2864 1721 2957 1773 καὶ
3011 1720 3290 1773 καλεῖσθαι
3343 1719 3531 1772 λοιπὸν
3577 1721 3656 1782 είς
3698 1720 3755 1772 τὸ

2192 1815 2409 1882 φρονεῖν
2448 1811 2705 1865 δύνασθαι
2742 1811 2808 1864 τὰ
2838 1810 3024 1864 είκότα
3050 1811 3142 1863 καὶ
3175 1810 3242 1863 τά
3267 1809 3332 1862 δι’
3360 1803 3434 1863 ὧν
3462 1809 3568 1862 ἔδει
3602 1812 3755 1887 τιμᾶ-

512 1906 665 1987 ritui.
708 1904 987 1974 Scriptum
1022 1912 1111 1959 est
1142 1904 1197 1958 in
1224 1904 1365 1958 libro
1400 1902 1745 1958 Psahnorum
1781 1917 1845 1956 ex
1877 1899 2087 1955 Christi

2201 1906 2314 1959 τθαι
2347 1905 2500 1960 Θεόν.
2542 1905 2680 1959 Ἀλλ’
2708 1905 2797 1958 ἵνα
2827 1904 3088 1974 πληρωθῇ
3119 1905 3147 1956 ὁ
3175 1902 3330 1971 λόγος
3355 1903 3384 1953 ό
3412 1903 3470 1955 ὲν
3497 1901 3574 1972 τῷ
3616 1903 3757 1972 νόμῳ

511 2012 741 2066 persona
771 1995 1087 2052 Iudaeorum
1122 1995 1362 2051 furorem
1397 1995 1777 2065 objurgantis,
1809 2008 1873 2047 ac
1901 1993 2089 2048 dicen-

510 2091 585 2144 tis
613 2107 627 2142 :
661 2108 679 2139 «
712 2089 849 2154 Quia
884 2088 1011 2143 odio
1048 2088 1237 2157 iniquo
1270 2087 1503 2142 oderunt
1537 2103 1623 2141 me
1656 2087 1725 2139 ’°.
1753 2105 1771 2135 ι
1804 2084 2091 2152 Quomodo

510 2182 658 2234 enim
693 2197 801 2234 non
834 2181 1043 2249 injuste
1072 2180 1202 2235 odio
1228 2179 1503 2244 oderunt,
1531 2187 1627 2233 aut
1665 2176 1942 2247 quomodo
1980 2192 2090 2231 non

511 2271 829 2326 exacerbati
862 2280 993 2326 sunt
1021 2272 1215 2341 gratis,
1241 2271 1334 2341 qui
1365 2278 1573 2325 tantum
1604 2269 1795 2323 aberat
1824 2274 1883 2321 ut
1912 2268 2096 2323 odisse

512 2360 807 2424 deberent,
834 2372 895 2414 ut
925 2363 970 2416 si
1000 2376 1061 2416 ea
1092 2377 1212 2431 qme
1244 2377 1369 2431 erga
1393 2375 1488 2414 eos
1514 2358 1651 2413 facta
1678 2368 1805 2414 sunt
1837 2357 2095 2413 conside-

513 2467 736 2516 remus,
771 2467 990 2507 summo
1017 2453 1140 2520 ejus
1174 2452 1442 2521 sequendi
1473 2451 1745 2505 desiderio
1769 2449 2093 2504 inﬂammari

514 2542 820 2597 deberent?
844 2542 998 2595 Dicat
1021 2543 1167 2596 enim
1193 2584 1206 2605 ,
1238 2558 1447 2611 qnazsn,
1479 2541 1735 2610 quisquis
1757 2539 2004 2593 Judaica:
2026 2538 2099 2591 fa-

514 2642 608 2689 vet
640 2633 1034 2696 incredulitati,
1058 2649 1222 2703 quam
1247 2634 1356 2687 odii
1391 2648 1613 2687 causam
1646 2633 1845 2685 habere
1872 2638 2096 2700 queant.

515 2726 789 2793 Quidnam
837 2741 1029 2779 eorum
1084 2741 1205 2795 qum
1262 2740 1360 2794 per
1400 2725 1679 2778 Christum
1737 2722 1879 2776 facta
1932 2730 2098 2786 sunt,

516 2818 646 2874 odio
674 2826 769 2871 aut
801 2817 1090 2871 inimicitia
1122 2818 1344 2887 dignum
1368 2806 1553 2886 {quod
1588 2823 1765 2869 morte
1791 2824 1843 2868 et
1875 2815 2102 2870 interitu

517 2927 623 2967 eos
661 2911 954 2972 liberavit,
1011 2911 1155 2979 quod
1207 2925 1236 2962 a
1290 2908 1493 2963 diaboli
1542 2909 1828 2963 dominatu
1860 2908 2100 2977 eripuit,

521 3003 667 3072 quod
712 3002 925 3071 peccati
963 3000 1310 3072 tyrannidem
1351 3000 1586 3064 evertit,
1620 3007 1674 3054 et
1710 3014 1902 3055 servos
1938 3000 2005 3054 ad
2041 2999 2103 3053 ﬁ—

522 3095 802 3148 liationem
840 3093 929 3147 Dei
966 3092 1290 3147 revocavit?
1320 3092 1467 3162 quod
1501 3092 1885 3147 misericordia
1911 3101 1965 3147 et
1996 3092 2105 3146 be-

2187 1996 2367 2051 αὐτῶν
2396 1996 2781 2068 γεγραμμένος
2804 2038 2819 2064 ,
2878 2017 2895 2047 ι
2923 1998 3045 2049 Ὅτι
3077 1994 3346 2065 ἐμίσησέω
3376 2011 3444 2064 με
3480 1993 3707 2062 δωρεὰν,
3735 2013 3752 2044 ι

2189 2086 2310 2139 οὐδὲ
2338 2085 2496 2138 τοῦτο
2542 2086 2638 2155 μὲν
2677 2086 2938 2157 ἀγνοηθὲν
2961 2084 3039 2156 τῷ
3071 2086 3138 2138 τὰ
3167 2085 3345 2138 πάντα
3377 2084 3757 2154 προανακηρύ-

2193 2176 2342 2241 ξαντι
2377 2178 2527 2247 νόμῳ
2575 2177 2844 2230 δείκνυσιν
2879 2178 3144 2245 ἐναργῶς,
3198 2176 3335 2247 πλὴν
3381 2178 3441 2230 ού
3490 2177 3577 2230 διὰ
3611 2176 3761 2229 τοῦτό

2193 2285 2374 2338 φαμεν
2409 2270 2690 2337 προειπεῖν
2717 2270 2898 2322 ἐκεῖνα
2925 2268 3015 2320 τὸν
3041 2268 3223 2338 νόμον,
3259 2268 3345 2321 ἴνα
3385 2267 3447 2321 τὸ
3485 2268 3592 2321 τῶν
3639 2269 3760 2320 Ἰου-

2194 2359 2360 2412 δαίων
2407 2359 2627 2423 ὲξάπτοι
2666 2359 2725 2411 τὸ
2759 2362 2913 2429 μῖσος
2947 2359 3165 2422 ἀδίκως,
3215 2359 3356 2412 κατά
3397 2376 3456 2411 τε
3506 2358 3602 2410 τοῦ
3646 2358 3762 2410 Υἱοῦ

2195 2449 2290 2502 καὶ
2323 2449 2417 2502 τοῦ
2456 2449 2691 2520 Πατρδς,
2731 2449 2845 2502 ἀλλ’
2876 2450 3101 2520 ἐπείπερ
3131 2448 3352 2520 ἔμελλεν
3395 2449 3616 2503 ἔσεσθαι
3646 2452 3765 2518 παρ’

2197 2539 2398 2603 αὐτῶν,
2442 2538 2975 2611 προαναπεφώνηκεν
3016 2539 3045 2592 ό
3074 2539 3217 2603 θεῖος
3262 2540 3354 2593 καὶ
3399 2541 3543 2611 ἱερὸς
3590 2540 3765 2610 νόμος.

2197 2632 2349 2686 οὐδὲν
2395 2632 2504 2685 τῶν
2549 2632 2820 2702 ἐσομένων
2858 2631 3125 2702 ἡγνοηκδς
3164 2631 3225 2684 τὸ
3269 2626 3494 2702 Πνεῦμα
3538 2631 3764 2694 δεικνύς.

2200 2725 2513 2796 Γέγραπται
2562 2725 2672 2795 γὰρ
2728 2725 2785 2776 ἐν
2833 2722 3000 2794 βίϐλῳ
3048 2722 3326 2792 Ψαλμῶν,
3383 2726 3448 2777 ὲκ
3482 2722 3771 2793 προσώπου

2200 2815 2461 2887 Χριστοῦ,
2492 2815 2589 2886 τὴν
2621 2815 2713 2868 τοῦ
2753 2814 3020 2869 Ἰουδαίων
3061 2812 3317 2867 ἀπόνοιαν
3355 2813 3768 2884 ἐπαιτιωμένου,

2202 2910 2297 2962 καὶ
2342 2907 2593 2976 λήοντος
2628 2924 2639 2935 ·
2705 2927 2722 2958 ι
2754 2907 2875 2959 Ὅτι
2919 2908 3075 2975 μῖσος
3108 2904 3288 2959 ἄδικον
3331 2905 3603 2977 ἐμίσησαν
3634 2922 3723 2976 με.
3750 2925 3768 2956 ι

2204 2998 2329 3062 Πῶς
2371 2997 2480 3069 γὰρ
2526 2998 2626 3051 οὐκ
2668 2997 2851 3052 ἀδικον
2897 3000 3053 3068 μῖσος
3090 2998 3394 3068 ὲμίσησαν;
3447 2996 3566 3060 πῶς
3593 2996 3653 3048 δὲ
3683 2996 3781 3049 οὐκ

2205 3089 2674 3161 ὲξεπικράνθησαν
2703 3090 2931 3160 δωρεὰν,
2970 3089 3025 3141 οἵ
3046 3106 3109 3157 γε
3134 3087 3385 3141 τοσοῦτον
3409 3088 3774 3159 ἀφεστηκότες

521 3187 790 3255 nignitate
823 3200 922 3239 sua
949 3185 1133 3255 justos
1164 3183 1341 3239 eﬂ'ccit
1370 3191 1620 3237 mortuos
1651 3184 1891 3253 peccatis
1911 3223 1925 3247 ,
1956 3183 2101 3253 quod

2205 3181 2299 3236 τοῦ
2330 3182 2526 3253 χρῆναι
2564 3182 2764 3252 μισεῖν,
2796 3182 2918 3234 ὅσον
2951 3175 3083 3252 ἧκεν
3117 3182 3290 3233 εἰπεῖν
3330 3182 3410 3243 είς
3444 3183 3544 3248 τὴν
3571 3179 3680 3233 τῶν
3702 3181 3776 3244 είς

524 3280 696 3333 sancti
735 3278 975 3347 Spiritus
1007 3293 1071 3332 ac
1104 3286 1316 3331 naturae
1346 3262 1866 3331 divinae'consortes
1898 3277 1942 3308 ¹¹
1979 3275 2104 3329 red-

522 3370 681 3429 didit.
712 3378 766 3423 et
799 3370 850 3433 in
883 3371 1062 3439 ipsum
1083 3384 1183 3425 nos
1214 3369 1539 3440 angelorum
1564 3369 1908 3423 domicilium
1933 3369 2104 3423 intro-

523 3462 714 3528 duxit,
769 3462 1085 3531 cmlumqne
1141 3462 1459 3515 hominibus
1512 3460 1761 3531 pervium
1821 3460 2107 3515 ostendit?

525 3553 806 3619 Quomodo
838 3554 1010 3626 igitur
1042 3570 1257 3623 aequum
1291 3562 1376 3608 est
1410 3553 1602 3607 horum
1638 3553 1801 3608 nobis
1834 3552 2103 3608 bonorum

523 3644 837 3713 largitorem
865 3652 919 3698 et
948 3644 1223 3713 pararium
1251 3643 1441 3697 odisse
1460 3682 1476 3707 ,
1500 3657 1563 3696 ac
1592 3657 1699 3696 non
1729 3643 1910 3712 potius
1937 3642 2105 3697 claris

523 3751 648 3790 eum
690 3736 947 3790 laudibus
997 3751 1059 3791 ac
1122 3735 1410 3805 perpetuis
1450 3735 1750 3803 gratiarum
1791 3736 2106 3791 actionibus

526 3842 554 3876 a
587 3824 751 3878 nobis
778 3824 1165 3878 remunerari?
1201 3822 1308 3877 Sed
1342 3823 1518 3884 nihil,
1549 3824 1769 3892 opinor,
1802 3824 2007 3878 durum
2044 3839 2107 3879 ac

527 3917 764 3982 rigidum
807 3914 1055 3970 Judaeum
1100 3915 1168 3967 ad
1209 3915 1486 3969 saniorem
1527 3924 1764 3971 mentem
1803 3917 2105 3970 reduxerit.

528 4008 656 4061 Odit
680 4007 823 4060 enim
854 4005 1019 4076 909
1045 4007 1216 4075 gratis
1238 4048 1252 4070 ,
1280 4021 1441 4074 quem
1472 4021 1536 4060 ex
1572 4015 1683 4059 tota
1715 4017 1896 4062 mente
1928 4009 2109 4077 potius

531 4111 718 4150 amare
761 4097 1014 4161 deceret,
1066 4104 1121 4151 et
1166 4096 1415 4165 obsequii
1466 4096 1774 4151 honoribus
1817 4113 2105 4152 coronare.

532 4190 858 4258 Quanquam
895 4189 983 4242 hic
1014 4188 1177 4243 etiam
1213 4190 1424 4244 utiliter
1466 4188 1733 4242 Dominus
1769 4190 2010 4243 ostendit
2050 4206 2111 4246 se

532 4281 845 4335 Judaeorum
888 4280 1281 4350 malignitatem
1315 4295 1423 4333 non
1466 4280 1788 4348 ignorasse,
1828 4280 1923 4334 sed
1966 4297 2109 4351 pra:-

533 4370 745 4427 dixisse
780 4372 966 4439 potius
1004 4378 1058 4426 et
1092 4384 1373 4440 prmuosse
1413 4369 1692 4435 futuram,
1729 4384 1890 4423 usum
1928 4380 2110 4428 tamen

536 4480 597 4520 se
646 4464 983 4534 benignitate
1031 4470 1086 4518 et
1136 4462 1522 4519 misericordia
1574 4462 1686 4517 Deo
1737 4466 2106 4521 convenienti.

2210 3274 2406 3334 αὐτοὺς
2459 3273 2759 3342 γεγονότων
2826 3272 3014 3343 φύσιν,
3069 3272 3144 3335 ὡς
3193 3271 3367 3342 φιλεῖν
3425 3270 3626 3340 μᾶλλον
3687 3271 3781 3343 τὴν

2212 3364 2439 3419 ἁπασῶν
2469 3366 2729 3420 ἀνωτάτω
2770 3364 3025 3435 σπουδὴν,
3072 3364 3166 3418 καὶ
3204 3364 3424 3435 ἀγαπᾷν
3450 3356 3532 3428 είς
3569 3365 3631 3417 τὸ
3665 3364 3779 3435 βού-

2210 3457 2395 3511 λεσθαι
2428 3456 2842 3510 κατακολουθεῖν
2893 3456 3073 3527 αὺτῷ;
3110 3456 3277 3510 Ποίαν
3311 3456 3418 3528 γὰρ
3460 3457 3526 3511 ἄν
3556 3473 3643 3521 τις
3673 3456 3783 3527 ἔχοι

2211 3548 2305 3601 τοῦ
2351 3533 2541 3619 μίσους
2584 3548 2681 3620 τὴν
2708 3549 2983 3621 ἀφορμὴν,
3016 3550 3220 3619 λεγέτω
3249 3548 3558 3622 παρελθὼν,
3598 3551 3627 3603 ό
3669 3552 3781 3612 ταῖς

2224 3640 2544 3705 Ίουδαῖκαῖς
2571 3642 2873 3705 ἀπειθείαις
2904 3642 3238 3714 συνηγορῶν.
3269 3644 3333 3696 Τί
3360 3642 3467 3696 τῶν
3487 3644 3783 3712 γεγονότων

2211 3734 2300 3787 διὰ
2329 3732 2590 3803 Χριστοῦ,
2623 3732 2828 3803 μίσους,
2862 3734 3029 3804 ἤγουν
3053 3733 3348 3805 ἀπεχθείας
3381 3734 3550 3802 ἀξιον,
3580 3735 3665 3787 ὅτι
3691 3734 3781 3787 θα-

2213 3824 2373 3878 νάτου
2420 3826 2513 3879 καὶ
2548 3826 2751 3897 φθορᾶς
2780 3826 3032 3893 ἐξείλετο,
3063 3827 3146 3879 ὅτι
3177 3826 3485 3893 πλεονεξίας
3514 3825 3783 3895 ἀπήλλαξε

2213 3914 2546 3985 διαϐολικῆς,
2596 3916 2691 3967 καὶ
2731 3915 2829 3986 τὴν
2872 3916 2970 3986 τῆς
2995 3916 3268 3988 ἁμαρτίας
3303 3915 3570 3969 κατέλυσε
3595 3934 3784 3987 τυρανο

2214 4007 2351 4071 νίδα,
2401 4008 2495 4060 καὶ
2520 4007 2581 4060 τὸ
2604 4007 2811 4071 δοῦλον⁹
2855 4008 2930 4072 ὡς
2972 4009 3108 4081 πρὸς
3136 4009 3358 4079 υἱότητα
3400 4010 3501 4079 τὴν
3531 4008 3609 4073 ὠς
3656 4010 3783 4079 πρὸς

2214 4100 2345 4154 Θεὸν
2377 4101 2734 4170 ἀνεκόμισεν;
2767 4102 2848 4154 ὅτι
2881 4101 2944 4154 ὲκ
2980 4100 3394 4173 φιλανθρωπίας
3436 4101 3530 4154 καὶ
3560 4102 3783 4171 ἀμνησιο

2215 4192 2414 4255 κακίας
2442 4191 2679 4255 δικαίους
2725 4192 2971 4262 ἀπέφηνε
3011 4193 3136 4257 τοὺς
3180 4195 3298 4257 ταῖς
3328 4194 3623 4265 ἁμαρτίαις
3651 4211 3787 4248 νενεο

2215 4285 2564 4355 κρωμὲνους;
2615 4286 2696 4339 ότι
2725 4285 3037 4356 Πνεύματος
3068 4285 3226 4354 ἁγίου
3256 4287 3348 4340 καὶ
3378 4286 3530 4350 θείας
3581 4272 3785 4358 φύσεως

2215 4375 2465 4441 ἀπέδειξε
2498 4376 2786 4441 κοινωνοὺς
2806 4418 2821 4442 ,
2870 4378 2966 4431 καὶ
3004 4377 3135 4430 αὐτὸ
3160 4378 3217 4430 δὲ
3245 4379 3377 4448 ἡμῖν
3402 4377 3463 4431 τὸ
3491 4380 3600 4433 τῶν
3626 4381 3785 4449 ἁγίων

2217 4464 2464 4533 ἀγγέλων
2496 4465 2863 4536 προύξένησεν
2904 4466 3239 4535 οἰκητήριον,
3285 4466 3379 4518 καί⁵
3422 4466 3656 4537 βάσιμον
3702 4469 3789 4519 ἀν-

534 4558 799 4613 Adhibnit
832 4557 975 4612 enim
1006 4558 1166 4610 etiam
1199 4564 1305 4610 tam
1334 4568 1669 4627 przepostera
1703 4564 1883 4611 mente
1906 4557 2101 4613 allectis

2218 4554 2459 4627 θρώποις
2508 4554 2672 4620 ἔδειξε
2717 4557 2808 4609 τὸν
2852 4556 3113 4628 ούρανόν;
3167 4554 3291 4619 Πῶς
3333 4552 3427 4611 οὖν
3471 4557 3551 4611 ἔτι
3589 4560 3789 4611 δίκαιον

537 4650 847 4707 dor-trinam
884 4651 948 4703 ad
986 4649 1217 4703 salutem
1260 4649 1691 4703 adhortatriccm
1716 4690 1730 4712 ,
1770 4655 1830 4701 ut
1878 4656 1933 4703 et
1990 4650 2115 4704 ﬁdei

537 4743 944 4797 confessionem
993 4741 1275 4795 miraculis
1323 4740 1715 4804 confirmaret,
1767 4740 1812 4795 si
1856 4743 1951 4811 qui
1983 4741 2113 4797 boni

537 4846 594 4891 et
627 4834 768 4905 :equi
808 4841 1019 4888 essent.
1061 4831 1375 4899 Discipulos
1412 4848 1542 4885 vero
1596 4833 1685 4887 hic
1737 4848 1956 4904 quoque
2001 4850 2111 4890 non

538 4943 731 4997 parum
764 4908 920 4994 juvat
946 4965 960 4986 ,
1019 4932 1076 4975 ut
1110 4924 1257 4978 nulla
1292 4939 1417 4978 cum
1453 4924 1785 4993 injuriarum
1845 4928 2114 4982 memoria

538 5019 704 5073 etiam
748 5019 817 5071 iis
850 5032 878 5069 a
909 5014 1110 5080 quibus
1142 5015 1339 5070 durius
1377 5017 1761 5085 exciperentur
1794 5017 1989 5073 salutis
2022 5017 2119 5073 do-

540 5113 779 5167 ctrinam
802 5109 1155 5179 porrigerent
1178 5147 1191 5169 ,
1215 5114 1268 5162 et
1285 5106 1535 5176 vestigiis
1561 5108 1787 5162 virtutis
1818 5108 1969 5163 illius
1994 5123 2118 5179 quae

541 5204 719 5273 prima
750 5201 806 5255 in
838 5215 906 5255 eo
940 5198 1144 5255 eﬂ‘ulsit
1175 5198 1517 5253 insisterent.
1556 5196 1613 5251 Si
1653 5199 1785 5268 quid
1818 5200 1966 5253 enim
1992 5199 2121 5254 boni

543 5301 660 5357 est,
699 5294 831 5347 illud
861 5292 1101 5363 primum
1138 5290 1192 5344 in
1222 5289 1479 5350 Christo,
1511 5298 1567 5343 et
1600 5289 1655 5342 in
1685 5305 1819 5354 nos,
1851 5299 2018 5361 atque
2053 5307 2117 5346 ex

544 5398 612 5437 eo
641 5384 847 5452 optima
880 5398 1112 5453 quaeque
1140 5382 1481 5437 derivantur.

2223 4648 2493 4717 μισεῖσθαι
2542 4648 2633 4701 τὸν
2664 4647 2867 4701 τούτων
2913 4649 3042 4718 ἡμῖν
3092 4648 3356 4715 γεγονότα
3402 4650 3644 4720 χορηγὸν
3703 4651 3793 4703 καὶ

2220 4741 2505 4811 πρύτανιν,
2554 4742 2645 4794 καὶ⁴
2693 4742 2814 4812 ούχὶ
2864 4740 3064 4813 μᾶλλον
3107 4739 3386 4809 ἀσιγήτοις
3431 4742 3793 4812 εὐφημείσθαι

2217 4833 2545 4901 δοξολογίαις
2577 4836 2668 4887 καὶ
2695 4835 3094 4905 ἀκαταλήκτοις
3145 4833 3598 4906 εὐχαριστ[ε]ίαις
3648 4838 3794 4889 ἀντι·

2219 4924 2572 4995 γεραίρεσθαι
2627 4928 2756 4998 παρ’
2810 4928 2880 4997 ml
2900 4919 3011 4993 “νν;
3078 4929 3215 4981 Ἀλλ’
3262 4928 3433 4991 οὐδὲν,
3480 4923 3658 4997 οἶμαι,
3708 4928 3796 4980 τὸν

2219 5017 2479 5084 ἄτεγκτον
2508 5017 2821 5089 μεθίστησιν
2864 5014 3130 5082 ’lwﬁai’ov,
3162 5022 3241 5083 εἰς
3262 5020 3321 5072 τὸ
3351 5019 3639 5089 βούλεσθαι
3670 5036 3798 5090 φροι-

2219 5109 2332 5159 νεῖν
2360 5107 2501 5179 ἆπερ
2528 5109 2632 5162 ἔδει
2664 5111 2901 5179 φρονεῖν.
2931 5109 3221 5179 Μεμίσηκε
3249 5110 3357 5181 γὰρ
3383 5110 3619 5181 δωρεὰν,
3650 5109 3709 5162 ὃν
3739 5108 3796 5173 ἐξ

2221 5199 2350 5269 ὅλης
2390 5199 2627 5263 διανοίας
2662 5202 2877 5272 ἀγαπᾷν
2915 5201 3019 5254 ἔδει
3053 5203 3272 5268 μᾶλλον,
3309 5203 3403 5255 καὶ
3430 5205 3551 5265 ταῖς
3596 5202 3661 5254 ἐκ
3701 5200 3799 5268 τῆς

2223 5286 2534 5355 εὐπειθείας
2588 5293 2948 5360 καταστέφειν
3008 5298 3216 5364 τιμαῖς.
3284 5293 3428 5365 Πλὴν
3477 5295 3581 5349 κάν
3626 5294 3799 5361 τούτῳ

2223 5383 2505 5455 χρησίμως
2549 5386 2577 5437 ό
2619 5385 2821 5456 Κύριος
2868 5388 3061 5441 ἑαυτὸν
3092 5389 3190 5441 ούκ
3220 5388 3549 5459 ἠγνοηκέναι
3595 5389 3795 5456 δέδειχε

546 5476 645 5544 τὴν
671 5474 783 5527 τῶν
835 5475 1099 5528 Ἰουδαίων
1136 5475 1447 5538 κακόνοιαν,
1480 5476 1849 5548 προειρηκότα
1876 5475 1935 5529 δὲ
1982 5478 2184 5547 μᾶλλον
2213 5479 2307 5531 καὶ
2364 5479 2446 5531 ὅτι
2498 5479 2597 5548 μὲν
2662 5480 2813 5535 ἔσται
2874 5485 3279 5553 προεγνωκότα,
3327 5483 3669 5552 κεχρημένον
3733 5496 3795 5547 γε

555 5567 661 5640 μὴν
690 5568 1069 5637 ἡμερότητίτε
1129 5568 1224 5620 καὶ
1251 5568 1629 5640 ἀμνησικακίᾳ
1683 5569 1995 5641 θεοπρεπεῖ.
2057 5571 2424 5643 Παρατέθεικε
2451 5574 2579 5643 γὰρ,
2633 5575 2726 5627 καὶ
2778 5574 3162 5644 ἁκαθηκόντως
3199 5575 3369 5638 οὔτως
3410 5573 3787 5643 διακειμένοις,

550 5661 642 5714 τὸν
670 5662 750 5723 εἰς
779 5660 1054 5731 σωτηρίαν
1083 5660 1351 5715 καλοῦντα
1384 5662 1560 5732 λόγον,
1619 5667 1752 5739 πρὸς
1783 5668 1845 5719 τὸ
1877 5669 1970 5723 καὶ
1998 5668 2239 5738 θαύμασι
2271 5668 2517 5739 βεϐαιοῦν
2547 5670 2644 5740 τῆς
2691 5674 2770 5735 εἰς
2831 5672 2991 5727 αὐτὸν
3024 5673 3273 5733 πίστεως,
3320 5669 3416 5741 τὴν
3482 5669 3797 5739 ὁμολογίανι

633 5849 675 5879 ”
696 5845 839 5903 Γειιι.
884 5864 1071 5918 vam,
1106 5852 1157 5906 5.
1240 5851 1449 5907 "l‘sal.
1484 5868 1632 5917 ιχιν,
1670 5852 1753 5907 19.
1828 5850 1932 5905 “ll
1961 5851 2105 5907 Petr.
2146 5869 2182 5918 ι,
2226 5854 2268 5906 ί.
