4024 6262
261 311 376 366 II?

1303 314 1370 369 IN
1410 312 1696 369 JOANNIS
1736 310 2190 369 EVANGELIUM
2233 310 2369 367 LIB.
2410 310 2479 365 Χ.

3411 315 3520 369 “8

268 429 432 500 εἴπερ
455 431 603 495 τινὲς
627 428 767 503 ἦσαν
796 432 1009 501 ἀγαθοὶ,
1032 432 1125 486 καὶ
1150 431 1513 503 εὐγνώμονες.
1556 432 1767 501 Ὠφελεῖ
1820 431 1876 485 δὲ
1914 431 2117 502 σφόδρα
2150 432 2252 485 κάν
2279 429 2453 500 τούτῳ
2519 428 2631 492 τοῖς
2682 426 2952 498 μαθηταῖς
2972 465 2987 493 ,
3034 427 3121 483 ῖνα
3170 429 3524 499 μνησικάκως

269 518 389 593 [γρ.
457 525 895 598 ἀμνησικάκως],
943 527 1041 580 καὶ
1088 530 1202 592 τοῖς
1267 528 1510 599 ὑϐρίζειν
1556 529 1752 593 αὐτοὺς
1798 529 2138 601 ἐπιχειροῦσι
2180 530 2274 583 τὸν
2318 529 2418 599 τῆς
2489 528 2762 598 σωτηρίας
2805 529 3131 599 προτείνωσι
3192 524 3381 592 λόγον,
3429 522 3526 573 καὶ

271 618 393 670 κατ²
422 618 555 671 αὐτὸ
596 616 851 689 δήτοῦτο
895 618 1017 671 κατ’
1054 617 1194 689 ἴχνος
1246 619 1417 682 ἰόντες
1443 620 1716 688 φαίνοιντο
1770 622 1872 692 τῆς
1909 623 1968 674 ἐν
2003 621 2154 688 αὐτῷ
2218 621 2313 674 καὶ
2358 619 2582 690 πρώτης
2628 619 3010 691 διαλαμψάσης
3056 618 3277 691 ἀρετῆς.
3338 614 3408 669 Ei
3469 630 3523 672 τι

270 707 382 778 γὰρ
414 708 633 776 ἀγαθὸν,
669 711 727 763 ὲν
759 709 963 781 πρώτῳ
995 710 1235 782 Χριστῷ,
1264 714 1358 766 καὶ
1380 713 1467 782 ἐφ’
1492 716 1642 785 ἡμᾶς
1670 715 1764 768 καὶ
1792 715 1850 782 ἐξ
1882 715 2045 769 αὐτοῦ
2075 714 2285 784 διέρπει
2312 713 2490 767 πάντα
2512 713 2582 766 τὰ
2612 712 2894 766 κάλλιστα.
3018 772 3026 791 1
3216 744 3254 770 ρ

346 852 530 906 Ὅταν
574 851 643 906 δὲ
681 851 830 920 ἔλθῃ
871 855 903 905 ὀ
928 853 1339 921 Παράκλητος,
1380 854 1453 909 ὃν
1487 857 1602 926 ἐγὼ
1639 857 1851 928 πέμψω

2023 865 2141 934 XV,
2174 865 2280 932 26,
2344 865 2436 921 27.
2507 863 2641 921 Cum
2703 874 2878 919 autem
2934 865 3130 918 venerit
3181 861 3520 927 Paracletus,

267 943 413 1012 ὑμῖν
454 945 615 1012 παρὰ
644 945 895 1013 Πατρός,
943 944 1009 996 τὸ
1040 945 1284 1014 Πνεῦμα
1321 946 1433 1015 τῆς
1475 948 1777 1017 ἀληθείας,
1815 950 1847 1004 ὃ

267 1035 430 1102 παρὰ
465 1034 574 1089 τοῦ
602 1036 832 1103 Πατρός
856 1036 1263 1105 ἐκπορεύεται,
1299 1038 1529 1103 ἐκεῖνος
1549 1041 1848 1110 μαρτυρή-

268 1140 368 1179 σει
401 1127 535 1195 napi
561 1128 728 1198 ἐμοῦ.
776 1128 885 1182 Καὶ
924 1129 1096 1198 ὑμεῖς
1128 1129 1199 1183 δὲ
1229 1129 1597 1200 μαρτυρεῖτε,
1630 1131 1719 1186 ὅτι
1748 1133 1849 1187 ἀπ’

268 1215 468 1286 ἀρχῆς
489 1221 618 1287 μετ’
640 1220 785 1274 ὲιιοῦ
810 1220 972 1276 ἐστε.

349 1362 702 1445 Μεμιᾶἧσθαι
725 1377 896 1447 Αέγων
918 1378 1112 1433 ἑαυτόν
1137 1397 1199 1433 τε
1222 1381 1316 1434 καὶ
1344 1381 1433 1433 τὸν
1456 1382 1677 1454 Πατέρα
1699 1383 1852 1454 παρὰ

268 1465 385 1519 τῶν
417 1467 692 1522 ἀσυνέτων
732 1470 1026 1536 Ἰουδαίων,
1075 1472 1170 1525 καὶ
1203 1471 1362 1525 τοῦτο
1388 1472 1596 1544 δωρεὰν
1638 1474 1733 1527 καὶ⁹
1764 1474 1852 1526 ἐπ’

266 1556 453 1610 οὐδενὶ
484 1558 594 1611 τῶν
622 1560 872 1624 εἰκότων,
906 1563 1346 1632 συμπαρεισάγει
1373 1562 1433 1615 τὸ
1460 1563 1684 1634 Πνεῦμα
1715 1582 1854 1635 χρη-

269 1649 490 1719 σίμως,
538 1650 672 1721 ὁμοῦ
723 1652 816 1706 καὶ
860 1652 962 1721 τῆς
993 1654 1154 1721 ἁγίας
1186 1654 1410 1725 Τριάδος
1457 1654 1556 1725 τὴν
1609 1656 1853 1728 ἀναπλή-

268 1758 450 1812 ρωσιν
479 1743 725 1812 ἐμποιῶν
767 1744 844 1815 τῷ
892 1745 1038 1816 λόγῳ
1083 1747 1175 1799 καὶ
1205 1746 1353 1815 αὐτῷ
1380 1746 1437 1798 δὲ
1484 1747 1699 1812 δεικνὺς
1731 1766 1856 1803 συν-

263 1836 686 1905 ητοιμασμένον
734 1835 848 1908 [πρ.
883 1838 1402 1911 συνητιμασμένον],
1437 1839 1523 1892 ἵνα
1550 1840 1857 1911 ὁλοκλήρως

266 1928 336 1978 ἐν
368 1925 483 1995 Υίῷ
528 1929 984 1999 πεπαρῳνηκότες
1029 1929 1358 1999 ἐλέγχωνται
1401 1931 1510 1984 τῶν
1539 1933 1857 2003 παραδόξων

266 2015 327 2068 οἱ
356 2015 572 2086 θεωροὶ,
608 2018 701 2069 καὶ
730 2019 831 2088 τῆς
857 2019 1115 2073 ἀνωτάτω
1142 2020 1330 2074 πασῶν
1358 2021 1548 2085 οὐσίας
1564 2024 1662 2094 τὴν
1684 2022 1858 2088 οὕτως

272 2111 534 2180 ὑπερφυᾶ
578 2110 1006 2182 καθυϐρίσαντες
1054 2112 1301 2183 δύναμιν,
1352 2113 1417 2166 δι’
1459 2108 1534 2169 ὧν
1564 2116 1665 2187 οὐχ
1711 2118 1858 2181 ὅπως

3524 920 3556 940 Ὦ

1948 974 2100 1029 quem
2129 974 2221 1027 ego
2257 957 2466 1010 mittam
2495 956 2639 1010 vobis
2679 972 2712 1008 a
2746 954 2939 1019 Patre,
2970 952 3232 1022 Spiritum
3263 954 3522 1017 veritatis,

1948 1049 2039 1118 qui
2068 1066 2099 1100 a
2125 1047 2289 1102 Patre
2319 1046 2590 1114 procedit,
2630 1044 2719 1100 ille
2764 1045 3125 1100 testimonium
3153 1042 3437 1114 perhibebit
3462 1045 3526 1097 de

1951 1156 2050 1193 me.
2082 1139 2152 1194 Et
2201 1156 2288 1193 vos
2342 1138 2703 1193 testimonium
2736 1137 3054 1207 perhibetis,
3105 1137 3229 1207 quia
3264 1136 3330 1190 ab
3372 1136 3525 1190 initio

1950 1248 2152 1286 mecum
2175 1232 2325 1285 estis.

2022 1391 2277 1462 Seipsum
2312 1400 2365 1446 et
2390 1389 2606 1445 Patrem
2642 1389 2835 1446 dicens
2882 1405 2911 1444 a
2941 1388 3276 1444 vecordibus
3317 1386 3525 1442 Judaeis

1951 1482 2080 1538 odio
2114 1483 2329 1548 haberi,
2362 1484 2524 1553 idque
2553 1482 2726 1554 gratis
2778 1497 2843 1536 ac
2878 1481 3031 1535 nulla
3061 1480 3209 1550 justa
3241 1479 3309 1534 de
3335 1493 3525 1541 causa,

1954 1573 2119 1629 simul
2181 1573 2348 1629 etiam
2396 1573 2611 1627 utiliter
2672 1571 2890 1626 inducit
2949 1569 3257 1640 Spiritum,
3328 1578 3530 1624 sanctae

1956 1647 2250 1720 Trinitatis
2315 1666 2778 1734 complementum
2834 1663 2940 1716 hoc
2994 1661 3159 1717 modo
3226 1670 3527 1723 astruens,

1953 1764 2007 1812 et
2065 1771 2172 1811 una
2241 1772 2367 1812 cum
2430 1754 2592 1809 Patre
2682 1769 2741 1810 se
2816 1755 3081 1809 violatum
3170 1753 3467 1808 ostendens
3510 1792 3527 1817 ,

1954 1858 2017 1903 ut
2049 1864 2175 1904 cum
2234 1849 2312 1904 illi
2366 1847 2762 1903 miraculorum
2817 1854 3162 1918 spectatores
3218 1846 3275 1899 in
3331 1843 3527 1898 Fiiium

1954 1941 2114 2012 plane
2151 1939 2477 1994 dcbacchati
2512 1940 2664 2001 sunt,
2716 1953 2987 2008 suprema:
3017 1952 3239 2008 quoque
3282 1938 3528 1992 omnium

1957 2031 2282 2089 substantiae
2327 2029 2586 2100 potestati
2628 2031 2890 2099 iniuriam
2946 2028 3148 2084 fecisse
3197 2040 3530 2100 arguantur,

1956 2139 2069 2178 non
2126 2121 2288 2177 modo
2337 2136 2405 2174 ex
2462 2135 2528 2175 eo
2582 2121 2730 2191 quod
2780 2118 3195 2190 suscipiendum
3254 2137 3362 2173 non
3411 2135 3533 2174 esse

274 2201 683 2271 παραδέχεσθαι
721 2203 831 2256 δεῖν
869 2202 1035 2274 ᾤοντο
1072 2205 1164 2258 τὸν
1193 2206 1450 2277 Χριστὸν,
1485 2208 1663 2262 καίτοι
1696 2228 1857 2281 τερα-

1968 2216 2236 2271 Christum
2293 2222 2570 2285 putarent,
2614 2214 2746 2268 licet
2796 2215 2862 2268 ad
2898 2213 3063 2269 ﬁdem
3112 2213 3193 2268 eis
3225 2211 3532 2266 faciendam

274 2292 617 2381 τουργοῦντα
649 2292 831 2358 ξένως,
875 2297 955 2359 είς
985 2296 1358 2368 πληροφορίαν
1391 2299 1592 2363 αὐτῶν,
1629 2300 1744 2355 ἀλλ’
1779 2295 1853 2355 ὧν

277 2382 384 2454 ἤδη
409 2382 699 2454 δεδράκασι
724 2400 738 2437 τ
770 2384 1197 2456 δεδυσσεὸήκασι
1242 2387 1352 2458 γὰρ
1384 2388 1462 2451 είς
1491 2389 1672 2454 αὐτὸν,
1700 2390 1736 2444 ἃ
1763 2392 1857 2446 καὶ

290 2474 450 2542 μόνον
475 2476 625 2528 ἐστὶν
653 2477 900 2546 ἐννοῆσαι
930 2476 1178 2547 φρικτόν.
1228 2477 1443 2543 Καίτοι,
1482 2478 1616 2549 φαίη
1653 2480 1762 2551 γὰρ
1792 2482 1859 2535 ἄν

284 2582 373 2629 τις
399 2567 577 2636 τυχὸν,
619 2560 665 2619 ὦ
695 2567 1000 2637 παράφρων
1043 2567 1283 2633 ’Ῑουδαῖε,
1332 2567 1624 2640 θαυμάτων
1652 2588 1733 2624 σοι
1762 2572 1857 2641 γέ-

287 2675 413 2725 γονε
457 2659 787 2729 δημιουργὸς
833 2661 862 2713 ὁ
909 2661 1180 2732 Χριστὸς,
1232 2661 1269 2714 ἃ
1321 2662 1415 2714 καὶ
1464 2663 1563 2733 τὴν
1614 2664 1861 2728 Μωσέως
1914 2676 1919 2680 ‘

285 2749 575 2820 ὑπεραίρει
619 2749 773 2816 δόξαν
805 2750 900 2804 καὶ
933 2750 1132 2815 παντὸς
1165 2751 1318 2819 ἁγίου
1362 2751 1739 2824 λαμπρότητα.
1788 2755 1862 2808 To

278 2842 395 2912 γὰρ
429 2842 596 2910 φάναι
642 2843 733 2894 τὸν
760 2842 984 2913 Κύριον,
1041 2861 1059 2894 ι
1083 2843 1145 2896 Ei
1178 2842 1248 2895 τὰ
1278 2843 1412 2915 ἔργα
1442 2846 1517 2915 μὴ
1543 2846 1776 2915 ἐποίησα
1803 2848 1862 2901 ἐν

278 2933 489 2997 αὐτοῖς,
586 2934 773 3004 μηδεὶς
802 2934 957 2997 ἄλλος
986 2935 1232 3006 ἐποίησε,
1264 2954 1282 2986 ι
1320 2935 1577 3006 τοιαύτην
1608 2933 1739 3006 ἡμῖν
1763 2936 1863 3006 τὴν

279 3025 527 3078 διάνοιαν
557 3025 817 3096 εἰσφέρει.
850 3021 982 3078 Εἶτα
1006 3025 1098 3078 τὸν
1122 3027 1230 3080 τῶν
1253 3026 1551 3081 ἐλαττόνων
1586 3028 1864 3098 ὑπηρέτην

280 3116 382 3169 καὶ
411 3115 678 3179 διάκονον,
718 3116 861 3187 φημὶ
893 3116 950 3169 δὲ
981 3116 1208 3183 Μωσέα,
1258 3107 1380 3182 ταῖς
1412 3117 1556 3171 οὕτω
1587 3119 1865 3190 λαμπραῖς

285 3208 655 3276 καταστέφεις
703 3211 903 3279 τιμαῖς,
954 3209 1045 3261 τὸν
1089 3208 1146 3261 δέ
1190 3209 1536 3280 ἀσυγκρίτως
1579 3210 1865 3282 ὑπερφερῆ

287 3301 386 3353 καὶ
419 3299 554 3354 πολὺ
600 3299 709 3353 τῶν
753 3300 1053 3370 ἀμεινόνων
1104 3302 1364 3373 ἐργάτην,
1409 3303 1682 3367 ἀσυνέτως
1724 3303 1868 3356 οὕτω

288 3390 716 3462 παρωθούμενος
737 3394 836 3443 οὐκ
875 3392 1152 3463 ἐρυθριᾷς,
1192 3393 1366 3446 καίτοι
1385 3395 1496 3456 τοῖς
1520 3393 1607 3446 διὰ
1625 3395 1868 3458 Μωσέως

290 3483 735 3553 χρησμῳδήμασι
769 3482 830 3534 τὸ
859 3482 1026 3535 πάλαι
1051 3483 1436 3555 διηγγελμένον
1468 3485 1741 3553 ἐπάγοντα
1772 3485 1870 3538 πέο

1960 2307 2228 2377 stupenda
2262 2306 2531 2360 miracula
2558 2306 2833 2371 edentem,
2872 2305 2967 2360 sed
2995 2320 3059 2358 ex
3092 2305 3159 2360 iis
3191 2321 3311 2376 quae
3341 2308 3535 2376 perpe-

1959 2405 2220 2453 trarunt:
2262 2412 2324 2453 ea
2371 2397 2573 2465 quippe
2605 2396 2658 2449 in
2716 2397 2874 2451 illum
2937 2403 3251 2467 patrarunt,
3301 2412 3421 2466 quae
3454 2397 3537 2449 vel

1960 2486 2220 2556 cogitanti
2252 2485 2540 2539 horrorem
2590 2484 2887 2537 incutiant.
2918 2484 3110 2552 Atqui,
3160 2499 3192 2538 ο
3218 2500 3410 2538 vecors
3439 2483 3537 2539 Ju-

1960 2579 2095 2643 date,
2120 2577 2265 2632 dicet
2292 2576 2534 2646 aliquis,
2586 2575 2851 2629 miracula
2902 2575 2999 2627 tibi
3033 2575 3292 2631 Christus
3334 2576 3535 2640 edidit,

1961 2684 2083 2739 quae
2111 2683 2234 2722 cum
2274 2667 2440 2721 Mosis
2471 2666 2729 2735 gloriam,
2761 2675 2875 2718 tum
2916 2665 3167 2718 omnium
3220 2673 3535 2719 sanctorum

1963 2757 2313 2830 splendorem
2350 2763 2634 2825 superant.
2688 2752 2845 2819 Quod
2892 2754 3037 2808 enim
3092 2752 3356 2807 Dominus
3405 2756 3479 2807 ait
3522 2771 3534 2806 :

1969 2868 1988 2901 ι
2027 2849 2084 2904 Si
2121 2862 2287 2919 opera
2321 2861 2431 2901 non
2474 2844 2750 2900 ‘fecissem
2786 2845 2839 2898 in
2880 2844 2982 2909 eis,
3017 2859 3138 2914 qua:
3188 2859 3347 2897 nemo
3399 2844 3542 2897 alius

1965 2941 2138 3006 fecit,
2180 2959 2197 2992 ι
2254 2939 2570 2994 istiusmodi
2616 2937 2778 2991 nobis
2846 2952 3066 2990 sensum
3140 2934 3331 2989 infert.
3383 2934 3539 2988 Tunc

1964 3048 2095 3103 ergo
2132 3030 2333 3085 Mosem
2366 3031 2519 3083 illum
2554 3027 2879 3082 inferiorum
2931 3027 3246 3081 ministrum
3280 3035 3389 3079 tam
3438 3027 3550 3081 cla-

1966 3125 2045 3179 ris
2081 3123 2341 3177 laudibus
2370 3120 2567 3186 eﬂ‘ers;
2605 3119 2697 3188 qui
2729 3133 2862 3172 vero
2900 3118 3415 3187 incomparabiliter
3446 3132 3539 3168 an-

1969 3214 2193 3277 tecellit,
2242 3221 2293 3267 et
2343 3212 2503 3281 longe
2534 3210 2985 3280 praestantiorum
3042 3215 3126 3261 est
3177 3208 3395 3271 artifex,
3431 3216 3542 3259 tam

1970 3308 2135 3362 stulte
2168 3304 2459 3375 repudiare
2482 3319 2589 3357 non
2632 3302 2941 3362 erubescis,
2980 3300 3103 3365 licet
3139 3299 3387 3353 Mosaicis
3421 3313 3545 3352 ora-

1970 3399 2112 3454 culis
2145 3397 2306 3451 ﬁnem
2338 3396 2468 3450 olim
2505 3393 2929 3464 praenuntiatum
2967 3391 3157 3444 aﬂ‘crat
3195 3390 3359 3460 910
3375 3399 3426 3444 et
3459 3392 3544 3445 in-

1973 3499 2057 3542 tra
2091 3489 2378 3543 veritatem
2419 3487 2666 3540 umbram
2708 3484 2927 3538 demum
2962 3483 3223 3536 includat.
3277 3482 3544 3536 Dominus

293 3590 419 3642 ρας,
450 3574 546 3625 καὶ
569 3572 960 3625 κατακλείοντα
979 3573 1166 3627 λοιπὸν
1189 3576 1267 3637 είς
1289 3576 1546 3645 ἀλήθειαν
1569 3576 1665 3646 τὴν
1688 3578 1864 3631 σκιάν.

1973 3595 2104 3649 ergo
2154 3587 2344 3633 noster
2398 3576 2557 3631 Jesus
2603 3576 2860 3629 Christus
2910 3571 3155 3642 Spiritus
3210 3574 3540 3627 mentionem

310 3662 480 3732 Ὁμοῦ
527 3663 818 3732 τοιγαροῦν
847 3664 874 3715 ό
908 3664 1110 3734 Κύριος
1146 3665 1305 3734 ἡμῶν
1350 3666 1556 3735 Ἰησοῦς
1580 3668 1609 3720 ό
1638 3668 1869 3737 Χριστος

306 3753 759 3822 συνεισκεκόμικε
807 3754 905 3822 μὲν
947 3755 1286 3823 ἀναγκαίως,
1340 3757 1515 3829 ἐαυτῷ
1563 3777 1622 3813 τε
1663 3760 1757 3814 καὶ
1797 3759 1875 3831 τῷ

306 3844 479 3913 Πατρὶ
515 3844 614 3914 τὴν
662 3845 753 3897 τοῦ
804 3845 1118 3916 Πνεύματος
1170 3850 1430 3920 μνήμην·
1486 3851 1777 3922 ἁπελέγχει
1819 3852 1874 3905 δέ

304 3936 425 4005 ἅμα
454 3935 517 3988 τὸ
550 3937 839 4007 εἰρημένον
870 3938 1088 4010 ἀληθὲς,
1123 3939 1268 3992 τοῦτ’
1304 3941 1470 4004 ἔστιν,
1505 3942 1581 4005 ὡς
1609 3944 1768 4014 εἴπερ
1792 3960 1874 4006 τις

298 4030 476 4082 ἕλοιτο
500 4030 588 4083 διὰ
622 4031 812 4099 μίσους
855 4029 997 4101 ἔχειν
1023 4032 1111 4084 τὸν
1144 4032 1288 4097 Υίὺν,
1322 4037 1782 4105 συναποστυγήσει
1810 4036 1873 4106 δὴ

298 4121 517 4184 πάντως
542 4121 639 4173 καὶ
665 4121 758 4173 τὸν
790 4120 847 4185 ἐξ
891 4115 1062 4192 οὗπερ
1091 4123 1207 4175 ἐστὶ
1237 4124 1455 4195 Πατέρα
1483 4141 1496 4155 ·
1549 4127 1639 4179 καὶ
1671 4125 1807 4192 πῶς,
1832 4128 1870 4198 ἢ

299 4212 424 4264 τίνα
469 4210 533 4280 δὴ
566 4211 789 4280 τρόπον,
834 4212 931 4266 θέα
962 4214 1141 4266 πάλιν.
1191 4214 1318 4267 Ἰδοὺ
1350 4216 1476 4287 γὰρ,
1516 4217 1624 4270 ίδοὺ
1651 4218 1873 4288 Πνεῦμα

296 4304 403 4372 τῆς
449 4303 728 4373 ἀληθείας,
777 4305 918 4357 τοῦτ’
942 4305 1115 4370 -ἕστιν,
1158 4306 1348 4359 ἑαυτοῦ
1379 4307 1470 4361 τὸν
1517 4308 1875 4378 Παράκλητον

295 4394 487 4457 εἰπὼν,
525 4397 675 4464 παρὰ
703 4394 795 4447 τοῦ
832 4397 1038 4467 Πατρὸς
1072 4398 1234 4450 αὑτὸν
1263 4398 1658 4468 ἐκπορεύεσθαί
1687 4417 1871 4469 φησιν.

298 4489 512 4559 ’Ὠσπερ
535 4489 642 4557 γάρ
667 4489 815 4541 ἐστιν
835 4490 964 4542 ἴδιον
991 4491 1214 4559 Πνεῦμα
1242 4492 1336 4545 τοῦ
1372 4493 1502 4546 Υἱοῦ
1531 4494 1794 4562 φυσικῶς,
1817 4496 1874 4545 ἐν

294 4582 450 4651 αὐτῷ
475 4600 533 4633 τε
555 4584 824 4651 ὑπάρχον,
852 4585 948 4636 καὶ
972 4583 1038 4635 δι’
1059 4584 1222 4636 αὐτοῦ
1256 4586 1463 4654 προϊὸν,
1494 4585 1636 4639 οὕτω
1662 4588 1757 4639 καὶ
1779 4584 1873 4638 τοῦ

291 4675 535 4744 Πατρός.
564 4670 658 4738 Οἷς
693 4674 748 4726 δέ
780 4673 841 4726 τὸ
874 4673 1089 4743 πνεῦμα
1118 4672 1313 4736 κοινὸν,
1344 4674 1551 4738 τούτοις
1584 4676 1670 4744 εἴη
1704 4676 1874 4747 δήπου

298 4766 521 4828 πάντως
546 4765 609 4817 ἂν
638 4765 732 4817 καὶ
756 4764 824 4817 τὰ
847 4764 947 4831 τῆς
975 4764 1160 4825 οὐσίας
1183 4765 1242 4816 οὐ
1269 4765 1616 4835 διωρισμένα.
1651 4767 1741 4835 Μὴ
1768 4764 1876 4835 γὰρ

296 4857 367 4927 δή
395 4873 539 4917 τινες
571 4857 716 4927 ἡμᾶς
745 4855 851 4907 τῶν
884 4855 1162 4908 δυσσεϐεἰν
1197 4856 1465 4908 εἰωθότων
1503 4859 1612 4918 τοῖς
1646 4854 1704 4919 ἐξ
1734 4857 1877 4924 ἁμα-

1975 3686 2162 3728 secum
2206 3684 2310 3724 una
2349 3677 2403 3724 et
2457 3684 2581 3722 cum
2622 3665 2785 3721 Patre
2844 3665 3161 3720 necessario
3209 3664 3416 3728 intulit,
3471 3666 3545 3718 si-

1973 3764 2196 3832 mulque
2229 3775 2417 3816 verum
2449 3774 2573 3815 esse
2618 3757 2864 3812 ostendit
2896 3757 3044 3826 quod
3082 3757 3232 3823 prius
3280 3756 3540 3821 diximus,

1975 3870 2170 3924 nempe
2195 3853 2242 3907 si
2287 3851 2412 3922 quis
2442 3849 2638 3903 Filium
2697 3846 2909 3912 oderit,
2951 3846 3111 3901 simul
3147 3845 3310 3899 etiam
3341 3860 3543 3898 exosu-

1972 3960 2093 3999 rum
2128 3943 2279 3996 illum
2308 3956 2372 3996 ex
2399 3955 2508 4010 quo
2538 3946 2621 3994 est
2658 3938 2874 3993 Patrem
2898 3951 3046 4007 ςηιιο
3078 3943 3233 4004 pacto
3258 3950 3411 3999 vero,
3446 3935 3544 3988 ad-

1976 4041 2125 4088 verte
2153 4047 2369 4086 rursus.
2389 4029 2529 4082 Ecce
2555 4029 2724 4091 enim,
2743 4042 2867 4080 ecce
2890 4042 3012 4079 cum
3048 4023 3312 4093 Spiritum
3341 4024 3543 4077 verita-

1975 4124 2069 4189 tis,
2103 4124 2154 4176 id
2190 4133 2275 4177 est
2313 4139 2495 4184 suum,
2532 4119 2871 4173 Paraclctnm
2915 4118 3135 4180 dixerit,
3176 4131 3205 4169 a
3239 4114 3398 4169 Patre
3429 4117 3545 4183 ipse

1980 4217 2048 4269 ait
2072 4215 2388 4285 procedere.
2413 4210 2568 4266 Sicut
2587 4213 2729 4265 enim
2756 4211 3010 4280 proprius
3036 4218 3119 4264 est
3138 4205 3262 4261 Filii
3303 4206 3544 4276 Spiritus

1978 4308 2300 4360 naturaliter
2333 4314 2385 4357 et
2407 4306 2462 4357 in
2497 4304 2615 4371 ipso
2640 4303 2935 4364 exsistens,
2955 4309 3005 4352 et
3029 4315 3122 4368 per
3148 4299 3324 4369 ipsum
3351 4313 3546 4368 proce-

1977 4400 2134 4460 dens,
2174 4400 2247 4451 ita
2280 4398 2445 4451 etiam
2501 4395 2704 4449 Patris.
2752 4393 2963 4458 Quibus
3017 4403 3197 4445 autem
3233 4391 3545 4445 communis

1977 4499 2062 4545 est
2100 4489 2375 4559 Spiritus,
2430 4488 2483 4541 hi
2518 4490 2707 4556 utique
2753 4484 3064 4537 substantia
3103 4499 3210 4538 non
3260 4484 3541 4538 diﬂ‘erunt.

1976 4578 2054 4634 Ne
2089 4595 2188 4633 nos
2222 4580 2365 4632 enim
2397 4578 2582 4632 stultis
2615 4576 2729 4630 suis
2760 4575 3105 4629 sermonibus
3141 4574 3291 4642 impii
3323 4572 3545 4641 quidam

1978 4673 2041 4726 ad
2083 4687 2145 4725 ea
2180 4686 2298 4739 quae
2334 4669 2488 4723 nefas
2535 4667 2829 4728 abducant,
2889 4674 2947 4720 ut
2990 4667 3294 4737 cogitemus
3344 4662 3543 4716 Filium

1979 4763 2220 4816 ministri
2257 4762 2402 4814 vices
2435 4758 2733 4827 implendo,
2769 4750 3033 4827 Spiritum
3071 4757 3162 4826 qni
3216 4771 3244 4808 a
3277 4754 3434 4808 Patre
3461 4760 3547 4809 est

1980 4863 2245 4907 crcatnrte
2280 4851 2634 4904 ministrare:
2675 4866 2795 4903 nam
2837 4849 2888 4902 id
2925 4849 3168 4902 nonnulli
3202 4847 3382 4899 dicere
3425 4843 3545 4896 ausi

295 4947 454 5010 θείας
485 4933 927 5016 ἀποκομιζόντων
960 4946 1160 5013 λόγοις,
1192 4948 1271 5007 εἰς
1302 4945 1337 4999 ἃ
1370 4947 1442 5015 μὴ
1470 4944 1624 5012 θέμις
1652 4946 1867 5004 ἐννοεῖν.

1983 4958 2127 4999 sunt.
2157 4943 2298 5009 Quin
2326 4945 2509 5019 potius
2550 4951 2977 4996 consentaneum
3010 4947 3093 4994 cst
3127 4938 3369 4997 credere,
3400 4933 3544 5004 quod

297 5038 380 5100 ὡς
422 5038 762 5107 ύπουργικήν
819 5053 937 5090 τινα
979 5037 1168 5106 χρείαν
1212 5035 1546 5107 ἀποπληρῶν
1589 5038 1618 5087 ό
1658 5035 1785 5097 Υἱὸς
1823 5038 1913 5107 τὸ.

290 5127 457 5196 παρὰ
492 5126 586 5178 τοῦ
622 5126 833 5196 Πατρός
877 5128 1105 5197 Πνεῦμα
1138 5129 1203 5196 τῇ
1240 5127 1414 5179 κτίσει
1462 5127 1699 5179 διακονεῖ
1723 5142 1735 5155 ο
1791 5127 1881 5178 καὶ

291 5219 462 5274 τοῦτο
510 5220 617 5290 γὰρ
667 5219 938 5281 ἀσυνέτως
990 5220 1135 5282 τινὲς
1187 5220 1247 5272 ού
1311 5218 1629 5272 κατέδεισαν
1686 5219 1880 5270 εἰπεῖν.

298 5313 587 5367 Πιστεύειν
630 5312 686 5364 δὲ
743 5311 944 5380 μᾶλλον
990 5310 1300 5375 ἀκόλουθον,
1346 5310 1422 5372 ὼς
1472 5310 1700 5380 ἐπείπερ
1751 5310 1880 5363 ἴδιόν

298 5407 451 5456 ἐστιν
486 5402 672 5467 αὑτοῦ,
723 5402 971 5470 καθάπερ
1002 5403 1192 5471 ἀμέλει
1224 5404 1318 5455 καὶ
1345 5401 1439 5454 τοῦ
1467 5400 1598 5454 Θεοῦ
1633 5402 1727 5453 καὶ
1762 5402 1874 5452 Πα-

296 5497 451 5568 τρὸς,
500 5496 817 5550 ἀποστέλλει
857 5497 969 5558 τοῖς
1012 5495 1188 5564 ἁγίοις
1236 5494 1403 5547 αὐτοῦ
1447 5495 1713 5565 μαθηταῖς
1741 5494 1875 5562 πρὸς

301 5589 595 5660 ἁγιασμόν.
648 5589 708 5641 Ei
734 5586 790 5640 δέ
819 5588 883 5655 δὴ
915 5587 1194 5657 νομίζουσι
1225 5587 1425 5658 τρόπον
1458 5586 1600 5649 τινὰ,
1632 5586 1727 5638 καὶ
1755 5586 1871 5655 δριο

298 5683 380 5758 μδ.)
410 5683 548 5734 νοεῖν
580 5698 637 5732 τε
664 5679 757 5733 καὶ
783 5679 980 5748 λέγειν,
1016 5680 1259 5734 διάκονον
1286 5682 1419 5751 ἡμῖν
1453 5679 1544 5731 καὶ
1574 5678 1870 5746 ὑπουργὸν,

1289 5924 1305 5953 ι

1980 5052 2103 5090 cum
2138 5034 2377 5106 Spiritus
2407 5034 2477 5088 sit
2504 5034 2630 5101 ejus
2659 5033 2936 5102 proprius,
2979 5029 3143 5084 sicuti
3187 5027 3439 5081 nimirum
3461 5031 3546 5079 est

1979 5129 2071 5182 Dei
2118 5143 2178 5181 ac
2214 5125 2411 5189 Patris,
2444 5125 2651 5179 sanctis
2690 5139 2815 5177 eum
2860 5122 2977 5176 suis
3022 5117 3312 5188 discipulis
3363 5116 3545 5168 mittat

1979 5222 2043 5275 ad
2082 5219 2597 5275 sanctil‘tcationem.
2633 5214 2789 5280 Quod
2828 5216 2870 5267 si
2922 5220 3143 5265 acutum
3182 5206 3368 5262 nescio
3413 5205 3544 5275 quid

1980 5314 2184 5367 sentire
2213 5326 2270 5365 se
2308 5326 2369 5362 ac
2420 5309 2605 5361 dicere
2639 5307 2975 5365 existimant,
3010 5302 3135 5354 dum
3190 5299 3276 5351 nic
3327 5312 3546 5366 quoque

1981 5404 2177 5458 Filium
2209 5402 2367 5455 nobis
2412 5400 2723 5452 ministrum
2753 5403 2805 5447 et
2836 5402 3216 5447 exsecutorem
3255 5390 3545 5447 inducunt,

1981 5495 2072 5564 qui
2106 5510 2210 5547 non
2244 5494 2425 5547 dicere
2460 5488 2715 5541 convenit
2743 5506 2755 5538 -.
2786 5485 2949 5538 Stulti
2988 5498 3050 5536 ac
3088 5482 3237 5545 caeci,
3286 5496 3392 5535 non
3423 5495 3549 5532 sen-

1981 5587 2098 5640 titis
2125 5602 2232 5654 quo
2268 5582 2575 5652 praecipites
2598 5580 2796 5630 iterum
2828 5577 3012 5642 ruitis,
3040 5583 3093 5630 et
3124 5575 3387 5629 adversus
3416 5570 3547 5624 Uni-

1980 5678 2143 5747 gcniti
2182 5675 2411 5744 gloriam
2448 5669 2757 5737 insurgitis,
2789 5668 3003 5724 miseris
3034 5684 3099 5723 ex
3151 5662 3421 5736 imperitia
3455 5672 3548 5710 νος
