4024 6262
491 337 598 395 410

1485 334 1542 390 S.
1584 334 1861 390 CYRlLLl
1899 333 2366 390 ALEXANDRINI
2405 337 2724 392 ARCHIEP.

3639 332 3746 391 420

491 465 608 511 stra
640 454 912 510 contextis
942 451 1292 508 rationibus?
1323 451 1459 506 Nam
1494 454 1540 508 si
1570 453 1809 508 ministri
1849 454 1973 509 loco
2011 462 2064 508 ct

2171 457 2269 510 κὰν
2295 455 2470 526 τούτῳ
2498 455 2563 526 δὴ
2591 455 2754 508 πάλιν
2772 455 2868 508 ’τὸν
2895 453 3021 506 Υίὸν
3051 433 3477 523 εἰσκομίζοντες,
3503 452 3623 516 πῶς
3646 452 3745 505 οὒκ

491 547 688 602 ordine
736 545 905 599 Filius
949 543 1172 598 omnino
1222 541 1489 612 Spiritum
1534 557 1564 596 a
1605 542 1765 598 Patre
1805 544 2060 614 largitur,

493 636 774 708 quomodo
805 635 962 690 fateri
991 649 1218 689 necesse
1250 649 1358 688 non
1395 641 1478 688 est
1506 633 1577 688 ab
1603 633 1724 704 ejus
1753 635 2064 690 substantia

493 730 676 799 ipsum
704 742 823 783 esse
853 741 1078 796 prorsus
1118 726 1379 790 alienum,
1423 735 1519 779 aut
1549 725 1688 781 forte
1715 727 2065 796 praestantio-

494 835 606 872 rem
660 820 928 888 longeque
975 817 1264 886 potiorem,
1316 817 1362 870 si
1420 831 1508 871 res
1554 815 1631 870 ita
1665 817 1756 882 sit,
1792 825 1851 871 ut
1900 817 2066 872 stulte

493 910 752 965 sentitis?
785 907 842 962 Si
871 909 1017 962 enim
1047 924 1112 962 ex
1131 907 1292 963 Patre
1327 923 1428 961 non
1454 906 1719 978 procedit,
1753 907 1857 961 hoc
1890 917 1974 961 est
2001 923 2064 962 ex

489 1003 610 1072 ejus
643 1001 970 1065 substantia,
1005 1009 1063 1054 ut
1106 1014 1203 1054 vos
1243 1000 1429 1064 vultis,
1463 1000 1741 1070 quomodo
1775 1015 1884 1053 non
1920 1013 2061 1068 prae-

492 1095 728 1150 stantior
751 1090 896 1146 Filio
933 1091 1173 1162 Spiritus
1199 1092 1557 1146 censebitur?
1589 1090 1795 1145 Deinde
1821 1091 1951 1161 quid
1980 1091 2065 1144 di-

492 1200 680 1265 cemus
706 1169 1207 1238 cumlaudierimus
1241 1183 1421 1254 ipsum
1454 1183 1522 1238 de
1545 1199 1604 1238 se
1633 1184 2023 1253 praedicantem
2048 1201 2061 1237 :

498 1295 515 1328 ι
551 1277 645 1331 Ille
680 1293 765 1331 me
799 1275 1151 1338 clariﬁcabit,
1183 1276 1314 1344 quia
1348 1275 1416 1330 de
1445 1291 1568 1330 meo
1597 1277 1856 1346 accipiet,
1889 1284 1945 1331 et
1968 1291 2066 1330 an-

493 1366 767 1420 nuntiabit
793 1365 948 1419 vobis
975 1362 1133 1415 “"3?
1157 1383 1174 1416 ι
1199 1364 1278 1416 Ad
1314 1364 1428 1420 haec
1462 1365 1598 1419 illud
1627 1380 1849 1434 quoque
1876 1381 2067 1421 neces-

493 1457 644 1512 sario
674 1455 892 1510 tandem
929 1466 1241 1511 succurret.
1273 1453 1498 1523 Nempe,
1538 1457 1583 1510 si
1615 1457 1855 1511 ministri
1894 1458 2066 1510 vicem

493 1561 523 1599 ει
568 1545 705 1600 Filio
743 1546 956 1616 impleri
984 1547 1215 1617 putatis,
1246 1546 1341 1615 qui
1370 1547 1608 1602 alienum
1641 1549 1824 1610 nobis,
1858 1548 1962 1602 hoc
1986 1556 2069 1602 est

493 1655 522 1692 a
564 1639 674 1694 Deo
702 1647 756 1694 et
787 1638 964 1693 Patre-
990 1637 1220 1707 largitus
1271 1645 1357 1693 est
1410 1645 1664 1693 sanctum
1719 1651 1917 1693 natura
1968 1653 2066 1694 sua

495 1729 780 1800 Spiritum,
817 1745 927 1782 non
960 1730 1064 1783 erit
1107 1730 1409 1784 secundum
1441 1735 1696 1783 naturam
1733 1744 1887 1784 suam
1935 1744 2067 1783 san-

405 1810 409 1813 ’
492 1824 616 1870 ctus
648 1813 844 1879 Filius,
875 1816 969 1869 sed
997 1817 1418 1885 participatione
1440 1816 1730 1880 duntaxat,
1761 1818 1922 1871 sicuti
1946 1833 2070 1874 nos.

495 1905 707 1961 Dicitur
734 1909 901 1972 enim,
943 1907 1104 1976 juxta
1153 1908 1447 1978 impiorum
1490 1911 1842 1972 sententiam,
1879 1927 1908 1964 a
1943 1911 2074 1967 sub-

494 1999 699 2054 stantia
735 1998 911 2055 Patris
945 2000 1182 2065 alienus,
1215 2015 1279 2054 ex
1315 2016 1424 2069 qua
1462 2001 1629 2054 etiam
1663 2002 1911 2069 procedit
1953 2002 2076 2072 Spi-

493 2087 636 2144 ritus
666 2088 757 2142 ille
784 2090 876 2159 qui
909 2105 1008 2160 per
1037 2105 1159 2144 eum
1194 2091 1489 2159 praebetur.
1522 2090 1660 2148 Fieri
1685 2109 1819 2166 ergo
1849 2097 2071 2164 poterit,

494 2179 538 2234 si
578 2180 840 2250 proprius
891 2197 998 2236 non
1033 2181 1193 2252 911
1231 2184 1303 2237 sit
1341 2182 1464 2238 Filii
1503 2183 1762 2253 Spiritus,
1813 2187 1908 2240 sed
1957 2187 2074 2258 ipse

491 2287 710 2341 quoque
757 2272 1110 2327 adventitiam
1143 2275 1340 2330 habeat.
1375 2275 1872 2332 sanctiﬁcationem
1930 2279 2074 2333 sicut

491 2373 769 2427 creatura,
813 2367 1112 2420 sanctitate
1159 2381 1380 2436 quoque
1413 2382 1512 2421 sua
1555 2367 1853 2437 aliquando
1901 2369 2074 2438 possit

491 2460 772 2511 excedere.
825 2456 980 2522 Quod
1013 2459 1160 2514 enim
1197 2461 1542 2515 accessionis
1593 2461 1715 2516 loco
1767 2463 2068 2533 accipitur,

493 2546 768 2616 quomodo
801 2548 997 2603 abesse
1048 2565 1160 2603 non
1198 2551 1442 2618 poterit?
1487 2555 1556 2604 At
1583 2554 1710 2622 quis
1757 2555 1826 2608 ab
1883 2556 2073 2610 istius-

495 2637 639 2692 modi
672 2639 945 2708 dogmatis
979 2642 1169 2710 procul
1217 2658 1326 2696 non
1369 2643 1578 2714 fugiet“!
1612 2645 1725 2700 Nos
1760 2663 1913 2708 vero.
1948 2649 2072 2717 qui-

495 2729 599 2784 bus
665 2731 843 2783 amica
887 2741 970 2785 est
1014 2732 1217 2787 veritas
1263 2748 1328 2787 ac
1364 2733 1614 2788 veritatis
1656 2735 1931 2804 dogmata,
1977 2753 2073 2792 ne-

493 2835 766 2890 quaquam
805 2821 928 2874 illos
975 2836 1293 2891 sequemur,
1335 2822 1433 2877 sed
1467 2833 1793 2878 sanctorum
1842 2825 2070 2882 Patrum

496 2911 617 2965 ﬁdei
651 2913 892 2982 vestigiis
928 2913 1268 2978 insistentes,
1313 2917 1594 2985 proprium
1629 2933 1752 2972 esse
1802 2919 1926 2974 Filii
1974 2921 2073 2976 Pa-

494 3003 760 3057 racletum
805 3005 1062 3070 dicimus,
1103 3007 1204 3061 hoc
1244 3014 1328 3062 est
1361 3014 1612 3062 sanctum
1651 3008 1938 3079 Spiritum,
1970 3030 2102 3070 nec.

2165 545 2457 600 ἁκόλουθον
2503 548 2709 600 εἰπεῖν’
2747 546 2936 615 Μωροὶ
2981 545 3077 598 καὶ
3124 544 3337 614 τυφλοὶ,
3385 545 3460 610 πῆ
3487 543 3553 602 δὴ
3581 543 3744 598 πάλιν

2171 638 2338 701 ἰόντες
2361 638 2520 708 ὑμεῖς
2543 638 2644 690 οῦκ
2669 635 3012 698 αἰσθάνεσθε,
3034 637 3127 689 καὶ
3152 635 3255 705 τῆς
3279 635 3372 688 τοῦ
3403 634 3744 704 Μονογενοῦς

2168 728 2567 799 κατεπαίρεσθε
2595 727 2772 799 δόξης,
2831 730 2894 781 ὲκ
2923 728 3025 795 τῆς
3059 727 3286 798 ἐνούσης
3313 729 3444 798 ὑμῖν
3473 729 3743 799 άμαθείας

2166 819 2386 882 ἀθλίους
2411 818 2749 888 συνείροντες
2782 817 3110 888 λογισμοῦς;
3146 820 3206 870 ΕΞ
3231 816 3342 888 γὰρ
3363 818 3500 881 ὅλως
3519 824 3744 890 χορηγεῖ

2167 911 2227 964 τὸ
2267 911 2492 980 Πνεῦμα
2537 911 2687 980 παρὰ
2717 911 2928 980 Πατρὸς
2957 911 2985 962 ὁ
3020 911 3165 974 Υἱὸς,
3200 910 3258 963 ὲν
3289 909 3567 980 ὑπηρέτου
3603 912 3743 975 τινὸς

2168 1002 2318 1068 τάξει
2346 1002 2744 1072 λελογισμένος,
2802 1001 2918 1065 πῶς
2960 1003 3061 1054 οὐκ
3109 1003 3406 1070 ἀναγκαῖον
3440 1003 3740 1073 ὁμολογεῖν,

2167 1095 2242 1158 ὡς
2283 1095 2561 1165 ἀλλότριον
2611 1096 2706 1164 μὲν
2748 1093 2862 1148 ἔστι
2891 1092 3169 1157 παντελῶς
3208 1095 3306 1162 τῆς
3331 1095 3521 1158 οὐσίας
3555 1095 3740 1158 αὐτοῦ,

2167 1188 2308 1256 τάχα
2333 1187 2389 1240 δὲ
2418 1188 2510 1240 καὶ
2540 1186 2758 1256 ἄμεινον
2787 1184 2972 1250 αὐτοῦ,
3014 1186 3109 1238 καὶ
3143 1189 3283 1240 κατὰ
3311 1187 3444 1239 πολὺ
3476 1189 3740 1256 κρεῖττον,

2169 1278 2344 1347 ἄνπερ
2391 1277 2562 1340 οὕτως
2609 1277 2704 1347 ἔχῃ
2736 1278 2875 1331 κατά
2918 1265 2989 1344 γε’
3013 1276 3110 1346 τὴν
3141 1278 3271 1348 παρ’
3301 1279 3429 1348 ὑμῖν
3462 1269 3740 1347 ἀμαθίανς

2170 1371 2233 1421 El
2263 1369 2369 1440 γὰρ
2398 1369 2499 1421 οὐκ
2528 1369 2592 1421 ὲκ
2620 1367 2710 1420 τοῦ
2743 1368 2955 1438 Πατρδς
2981 1368 3360 1439 ἐκπορεύεται,
3396 1368 3541 1422 τοῦτ’
3577 1369 3741 1432 ἔστιν,

2170 1465 2252 1516 ἐκέ
2276 1462 2373 1531 τῆς
2407 1460 2594 1522 οὐσίας
2634 1459 2797 1523 αὐτοῦ
2827 1462 2854 1511 ὁ
2890 1459 3014 1521 Υἱὸς
3047 1459 3169 1512 καθ’
3211 1460 3375 1529 ὑμᾶς,
3419 1460 3538 1522 πῶς
3563 1461 3664 1513 οὐκ
3689 1463 3746 1512 ἐν

2171 1553 2420 1624 ἀμείνοσι
2451 1554 2623 1605 νοοῖτο
2648 1551 2712 1605 ἂν
2751 1551 2810 1603 τὸ
2846 1549 3070 1620 Πνεῦμα
3103 1552 3256 1620 παρὰ
3283 1551 3374 1603 τὸν
3409 1552 3571 1614 Υίόν;
3615 1548 3748 1604 Εἶτα

2169 1646 2223 1698 τί
2251 1661 2452 1714 φαμεν,
2487 1645 2613 1697 ὅταν
2643 1641 2968 1713 ἀκούσωμεν
2995 1641 3243 1710 λέγοντος
3280 1643 3408 1714 περὶ
3437 1642 3628 1708 αὐτοῦ,
3666 1645 3747 1696 ὅτι

2179 1755 2196 1787 ι
2221 1737 2460 1798 Ἐκεῖνος
2489 1735 2588 1804 ἐμὲ
2611 1733 2847 1799 δοξάσει,
2873 1735 2955 1786 δτι
2993 1734 3058 1787 ὲκ
3089 1733 3181 1787 τοῦ
3214 1733 3348 1804 ἐμοῦ
3377 1734 3628 1806 λήψεται,
3658 1737 3748 1788 καὶ

2175 1827 2468 1896 ἀναγγελεῖ
2495 1827 2660 1896 ὑμῖν;
2695 1845 2713 1878 ι
2753 1825 2895 1896 Πρὸς
2923 1825 2980 1878 δὲ
3008 1827 3120 1888 τοῖς
3157 1825 3490 1897 εἰρημένοις,
3531 1828 3752 1880 κάκεῖνο

2172 1921 2378 1984 λοιπὸν,
2414 1922 2490 1985 ὡς
2539 1920 2598 1985 ἐξ
2643 1922 2889 1990 ἀνάγκης
2919 1920 3254 1993 είσόήσεται.
3302 1923 3366 1975 Ei
3404 1923 3514 1994 γὰρ
3548 1924 3749 1994 ὑπουρ-

2172 2014 2299 2082 γίαν
2332 2013 2646 2082 διακονικὴν
2673 2011 3026 2083 ἀποπληροῦν
3053 2012 3231 2066 οἴεσθε
3261 2013 3351 2066 τὸν
3378 2015 3529 2076 Υίὸν,
3571 2014 3635 2067 τὸ
3660 2015 3751 2068 ἁ).-

2171 2103 2386 2174 λότριον
2412 2105 2565 2174 ἡμῖν,
2592 2102 2736 2156 τοῦτ’
2764 2101 2903 2169 ἔστι,
2949 2102 3011 2155 τὸ
3044 2101 3198 2174 παρὰ
3226 2103 3321 2156 τοῦ
3349 2102 3486 2157 Θεοῦ
3515 2103 3611 2157 καὶ
3645 2105 3752 2158 Πα-

2172 2197 2299 2266 τρὸς
2328 2194 2764 2266 κεχορηγηκότα,
2795 2193 2948 2258 ἅγιον
2980 2192 3040 2246 ὃν
3067 2195 3205 2258 κατὰ
3223 2193 3386 2264 φύσιν
3414 2195 3659 2264 Πνεῦμα,
3691 2198 3750 2249 οὗ

2173 2286 2317 2340 κατὰ
2365 2285 2524 2355 φύσιν
2575 2285 2729 2354 ἅγιος
2760 2287 2788 2338 ὁ
2819 2285 2968 2348 Υἱὸς,
3003 2285 3144 2338 κατὰ
3176 2283 3392 2354 μέθεξιν
3417 2285 3477 2338 δὲ
3499 2325 3514 2348 ,
3566 2286 3751 2356 ὥσπερ

2173 2381 2355 2450 ἡμεῖς.
2408 2379 2642 2447 Λέγεται
2687 2378 2797 2449 γὰρ
2839 2379 2982 2432 κατὰ
3025 2377 3125 2450 τὴν
3163 2378 3272 2431 τῶν
3302 2379 3580 2433 δυσσεϐὦν
3608 2381 3752 2450 ἀμά-

2173 2471 2345 2538 θειαν,
2381 2470 2663 2541 ἀλλότριος
2691 2464 2831 2532 εἶναι
2870 2470 2970 2539 τῆς
2999 2469 3187 2533 οὐσίας
3221 2469 3316 2523 τοῦ
3351 2470 3584 2542 Πατρὸς,
3609 2471 3667 2535 ἐξ
3688 2467 3752 2543 ἦς

2173 2564 2266 2618 καὶ
2298 2563 2514 2634 πρόεισι
2547 2563 2608 2615 τὸ
2656 2562 2879 2633 Πνεῦμα
2923 2562 2985 2615 τὸ
3025 2562 3092 2616 δι’
3127 2562 3293 2615 αὑτοῦ
3322 2563 3747 2635 χορηγούμενον.

2176 2658 2369 2709 Ἔσται
2426 2655 2606 2708 τοίνυν
2659 2655 2765 2708 τῶν
2819 2654 3204 2725 ἐνδεχομένων,
3251 2654 3410 2723 εἰπερ
3459 2656 3560 2709 οῦκ
3626 2655 3754 2708 ἴδιον

2170 2745 2263 2799 τοῦ
2295 2745 2426 2799 Υἰοῦ
2461 2745 2523 2797 τὸ
2551 2743 2775 2813 Πνεῦμα
2807 2748 2953 2799 ἐστιν
2974 2787 2988 2808 ,
3022 2745 3138 2797 ἀλλ’
3170 2746 3481 2815 εἰσποιητὸν
3521 2746 3633 2816 ἔχει
3661 2746 3754 2798 καὶ

2172 2837 2335 2900 αὐτὸς
2363 2837 2455 2888 τὸν
2485 2838 2776 2906 ἁγιασμόν,
2805 2837 3057 2908 καθάπερ
3096 2838 3128 2907 ἡ
3165 2837 3363 2900 κτίσις,
3410 2838 3506 2890 καὶ⁸
3547 2839 3753 2890 amns-

2173 2930 2285 2982 σεῖν
2312 2926 2570 2980 δύνασθαί
2601 2944 2730 2980 ποτε
2750 2929 2849 2996 τῆς
2883 2926 3106 2996 ἐνούσης
3141 2927 3426 2996 ἁγιότητος
3459 2927 3632 2997 αὐτῷ.
3680 2927 3755 2981 Τὺ

2173 3020 2283 3090 γὰρ
2311 3019 2386 3083 ὡς
2406 3021 2464 3072 ἐν
2489 3019 2638 3084 τάξει
2672 3019 2988 3090 προσθήκης
3023 3021 3340 3091 ἐπικτηθὲν,
3384 3021 3500 3085 πῶς
3554 3023 3655 3074 οὐκ
3691 3021 3756 3074 ἂν

495 3093 716 3146 aliunde
745 3094 999 3154 ascitum.
1033 3099 1178 3150 sicut
1205 3106 1287 3152 est
1319 3097 1372 3150 in
1404 3098 1472 3153 iis
1497 3100 1588 3168 qui
1608 3109 1734 3154 sunt
1762 3107 2070 3162 sanctitatis

2173 3111 2508 3178 ἀπογένοιτο,
2532 3111 2671 3164 κατά
2695 3113 2758 3178 γε
2785 3111 2876 3164 τὸν
2902 3111 2995 3164 τοῦ
3021 3112 3388 3182 ἐγχωροῦντος
3410 3113 3603 3180 λόγον;
3628 3109 3756 3166 Εἶτα

494 3199 746 3254 capaces,
784 3188 984 3255 quibus
1009 3196 1062 3242 et
1093 3204 1122 3240 e
1151 3188 1319 3242 nihilo
1347 3198 1502 3246 ortus
1529 3201 1630 3256 est,
1661 3195 1754 3248 sed
1787 3196 1910 3263 ejus
1936 3211 2072 3251 con-

495 3276 915 3331 substantialem
969 3278 1135 3333 sicuti
1185 3294 1381 3350 nempe
1432 3285 1487 3336 et
1530 3284 1730 3338 Patris.
1787 3286 1880 3339 Sic
1925 3288 2069 3342 enim

493 3368 994 3424 ecclesiasticorum
1028 3372 1346 3441 dogmatum
1393 3374 1534 3428 ratio
1569 3375 1620 3429 in
1649 3393 1817 3433 vanas
1847 3380 2072 3434 deorum

495 3459 706 3515 fabulas
735 3478 843 3515 non
885 3463 1074 3525 abibit,
1115 3463 1209 3517 sed
1250 3465 1305 3517 in
1343 3481 1507 3519 unam
1555 3459 1776 3522 deitatis
1805 3470 2072 3524 rationem

494 3561 685 3606 sancta
718 3551 974 3609 Trinitas.
993 3555 1415 3625 constringitur.
1453 3556 1778 3630 Simulergo
1805 3564 2072 3616 substan-

494 3643 584 3696 tia:
626 3644 887 3700 unitatem
929 3647 1296 3707 ostendendo.
1335 3664 1469 3713 suae,
1503 3651 1758 3721 inquam,
1788 3661 1842 3708 et
1873 3653 1971 3709 Dei
2007 3670 2073 3710 ac

496 3731 694 3799 Patris,
719 3745 772 3790 et
798 3736 1059 3805 Spiritum
1084 3740 1338 3794 veritatis
1357 3739 1701 3797 Paracletum
1722 3746 2070 3814 appellando,

409 3875 422 3883 ,,
496 3839 525 3875 a
557 3824 722 3879 Patre
754 3831 1050 3895 procedere
1090 3829 1192 3893 ait,
1228 3840 1418 3899 aperte
1457 3839 1512 3887 ct
1555 3833 1862 3888 indubitate
1893 3838 2074 3906 arguit

496 3912 590 3966 Dei
631 3913 842 3967 hostem
879 3915 934 3968 in
977 3918 1209 3971 solidum
1231 3934 1374 3984 esse,
1403 3922 1496 3989 qui
1529 3922 1736 3978 Christi
1771 3925 1845 3978 sit
1870 3925 2067 3980 hostis.

494 4001 634 4055 Nam
666 4006 762 4071 qui
797 4006 1218 4078 petulanteinse
1250 4013 1483 4078 gesserit
1522 4013 1577 4066 in
1613 4011 1838 4081 Filium,
1877 4019 2074 4071 merito

497 4105 718 4160 quoque
779 4092 832 4144 in
866 4108 991 4147 eum
1033 4109 1094 4147 ex
1150 4111 1259 4163 quo
1315 4105 1400 4150 est
1447 4114 1676 4165 peccare
1734 4103 2070 4155 censebitur.

498 4183 636 4236 Cum
671 4197 804 4251 ergo
838 4185 1048 4237 venerit
1095 4184 1438 4253 Paracletus,
1478 4189 1677 4258 inquit,
1714 4189 1952 4260 Spiritus
1981 4207 2073 4245 ve-

498 4273 703 4337 ritatis,
741 4274 792 4327 id
825 4285 910 4329 est
955 4291 1130 4338 meus,
1174 4276 1264 4345 qui
1300 4293 1329 4330 a
1372 4277 1534 4332 Patre
1575 4281 1844 4347 procedit,
1885 4283 1973 4337 ille
2004 4291 2077 4339 te-

499 4364 820 4420 stimonium
854 4366 1162 4434 perhibcbit
1215 4366 1283 4421 de
1332 4383 1439 4423 me.
1502 4367 1822 4425 Perhibebit
1863 4384 2070 4440 autem,

2173 3205 2256 3268 τίς
2286 3204 2392 3258 τῶν
2419 3203 2676 3258 τοιούτων
2690 3205 2789 3257 οὑκ
2821 3205 3216 3276 ἁποδραμεῖται
3251 3205 3572 3275 δογμάτων;
3615 3207 3754 3277 Πρε-

2175 3297 2512 3369 πωδὲστερον
2542 3297 2600 3350 δὲ
2633 3291 2785 3366 οἶμαι
2812 3296 2872 3348 τὸ
2897 3295 3070 3360 οὕτως
3091 3297 3282 3350 εἰπεῖν,
3317 3298 3448 3365 oux,
3468 3297 3755 3368 τοιγαροῦν

2174 3389 2307 3459 ἡμῖν
2331 3388 2364 3457 ἡ
2395 3385 2640 3455 ἀλήθεια,
2670 3385 2763 3438 καὶ
2789 3384 2857 3438 τὰ
2885 3385 2948 3437 ὲκ
2978 3385 3074 3454 τῆς
3101 3384 3354 3456 ἀληθείας
3374 3385 3643 3453 δόγματα,
3665 3384 3755 3437 καὶ

2175 3478 2356 3539 αὐτοῖς
2392 3475 2622 3538 ἐκείνοις
2651 3477 2809 3546 ἡμεῖς
2829 3476 2928 3544 οὐχ
2948 3473 3214 3545 ἑψόμεθα,
3239 3475 3338 3544 τὴν
3365 3474 3420 3527 δὲ
3454 3475 3566 3527 τῶν
3589 3475 3754 3541 ἁγίων

2174 3566 2873 3637 Πατέρωνὶχνηλατοῦντες
2933 3567 3135 3632 πίστιν,
3191 3568 3321 3620 ἴδιον
3372 3565 3514 3620 εἷναί
3577 3585 3754 3638 φαμεν

2171 3657 2266 3712 τοῦ
2296 3657 2425 3710 Υίοῦ
2455 3659 2548 3710 τὸν
2575 3658 2963 3729 Παράκλητον,
2995 3657 3138 3711 τοῦτ’
3170 3657 3306 3721 ἔστι,
3334 3660 3393 3712 τὸ
3439 3658 3667 3728 Πνεῦμα
3700 3661 3754 3713 τὸ

2175 3751 2348 3820 ἅγιον,
2373 3750 2466 3802 καὶ
2480 3751 2578 3803 οὐκ
2610 3751 3087 3822 ἐπεισκρινόμενον
3117 3749 3344 3815 ἔξωθεν.
3380 3751 3501 3804 οὐδὲ
3528 3751 3753 3817 ἐπίκτη-

2172 3857 2261 3894 τον
2292 3843 2350 3894 ὲν
2379 3840 2547 3911 αὐτῷ,
2575 3839 2830 3910 καθάπερ
2856 3841 3002 3895 ἐστὶν
3034 3843 3092 3893 ὲν
3126 3844 3238 3903 τοῖς
3275 3842 3563 3911 ἁγιότητος
3584 3843 3753 3920 δεκτι-

2173 3935 2310 3996 κοῖς,
2343 3926 2424 3994 οἷς
2455 3933 2548 3985 καὶ
2574 3933 2637 3984 ὲκ
2666 3931 2740 4002 μὴ
2768 3932 2938 3986 ὄντων
2993 3933 3026 4001 ἡ
3076 3933 3310 4001 γένεσις,
3334 3932 3446 3986 ἀλλ’
3471 3933 3753 4003 ὁμοούσιον

2176 4024 2345 4095 αὐτῷ,
2367 4023 2618 4095 καθάπερ
2643 4025 2835 4094 ἀμέλει
2873 4025 2968 4078 καὶ
2991 4023 3083 4078 τοῦ
3111 4026 3341 4096 Πατρός.
3365 4025 3522 4077 Οὕτω
3554 4026 3662 4096 γὰρ
3690 4026 3749 4078 ἂν

2173 4118 2273 4170 οὐκ
2306 4119 2385 4180 εἰς
2412 4115 2669 4170 πολύθεΟν
2701 4117 2830 4186 ἡμῖν
2865 4117 3194 4186 μυθολογίαν
3225 4119 3256 4186 ἡ
3306 4117 3415 4170 τῶν
3467 4117 3750 4187 ἐκκλησια-

2176 4208 2374 4260 στικῶν
2417 4208 2702 4276 δογμάτων
2742 4209 3019 4278 οἰχήσεται
3054 4208 3303 4279 δύναμις,
3351 4208 3468 4261 ἀλλ’
3527 4211 3608 4272 είς
3662 4209 3752 4261 ἕνα

2138 4356 2143 4360 ,
2174 4299 2425 4370 θεότητος
2450 4299 2606 4368 λόγον
2638 4301 2670 4369 ή
2709 4298 2838 4366 ἁγία
2868 4301 3036 4370 Τριὰς
3053 4301 3468 4368 ἀνασφίγγεται.
3508 4301 3596 4353 Ἑν
3636 4317 3752 4352 ταυ-

2174 4389 2250 4460 τῴ
2283 4389 2570 4461 τοιγαροῦν
2595 4389 2689 4443 καὶ
2710 4390 2810 4459 τῆς
2851 4391 3036 4454 οὐσίας
3083 4392 3182 4462 τὴν
3230 4392 3454 4462 ἑνότητα
3498 4393 3749 4460 παραδειο

499 4471 708 4526 quaeso,
743 4457 1051 4526 quomodo?
1089 4457 1379 4529 Operando
1408 4462 1670 4516 nimirum
1719 4465 1772 4518 in
1802 4467 1954 4523 vobis
2019 4479 2070 4523 et

2182 4483 2334 4546 κνὺς,
2363 4481 2556 4534 ἑαυτοῦ
2579 4499 2659 4546 τε,
2685 4481 2850 4552 φημὶ,
2877 4483 2972 4535 καὶ
2999 4483 3098 4552 τῆς
3125 4482 3216 4535 τοῦ
3247 4483 3380 4535 Θεοῦ
3404 4484 3499 4535 καὶ
3522 4484 3748 4553 [Ia-cpia,

501 4565 600 4618 per
630 4565 727 4604 vos
755 4550 1040 4612 miracula,
1071 4553 1228 4606 testis
1256 4553 1360 4606 erit
1386 4553 1573 4622 justus
1598 4571 1661 4610 ac
1688 4573 1850 4612 verax
1875 4560 2071 4616 divina:

499 4656 633 4695 meae
662 4641 952 4710 potestatis
1008 4651 1173 4711 atque
1205 4646 1531 4714 majestatis.
1568 4647 1722 4703 Meus
1766 4652 1910 4704 enim
1945 4651 2071 4723 Spi-

497 4732 638 4788 ritus
666 4742 745 4787 est
787 4734 878 4800 qui
909 4742 1172 4802 Operatnr
1198 4735 1250 4788 in
1285 4736 1444 4789 vobis
1466 4738 1530 4790 ’⁸.
1576 4738 1647 4793 Ut
1675 4749 1856 4794 autem
1891 4757 2068 4806 meus,

497 4825 580 4880 sic
615 4832 668 4879 et
700 4823 792 4879 Dei
844 4840 906 4878 ac
951 4825 1151 4879 Patris.
1211 4825 1384 4879 Simul
1441 4829 1626 4898 itaque
1681 4831 1880 4900 injuria
1929 4834 2066 4889 allici

498 4914 844 4982 cogitandum
871 4922 970 4967 .cst
1013 4930 1108 4969 eos
1148 4914 1243 4984 qui
1283 4931 1368 4984 per
1427 4933 1597 4971 unum
1644 4919 1794 4973 illum
1869 4923 2068 4978 bonum

500 5004 760 5075 Spiritum
807 5005 1070 5059 miracula
1107 5005 1175 5059 ad
1227 5015 1434 5060 certam
1485 5008 1606 5063 fidei
1647 5010 2071 5068 demonstratio-

498 5112 620 5150 nem
652 5097 843 5162 edunt,
897 5107 956 5151 ut
985 5099 1039 5152 in
1077 5113 1311 5168 persona
1359 5099 1586 5164 Christi,
1626 5103 1678 5156 in
1710 5121 1821 5173 quo
1857 5107 2071 5163 inhabi-

496 5189 654 5252 tavit,
687 5189 841 5258 juxta
867 5189 1098 5244 Paulum
1136 5189 1180 5220 "
1206 5230 1220 5255 ,
1249 5205 1357 5244 non
1399 5207 1524 5261 pars
1555 5194 1736 5264 aliqua
1763 5197 2068 5258 divinitatis

499 5278 810 5346 inell‘abilis,
843 5281 940 5336 sed
977 5285 1157 5337 omnis
1197 5282 1323 5352 ejus
1373 5284 1656 5352 plenitudo
1687 5291 2065 5359 corporaliter.

499 5369 898 5428 Testimonium
964 5383 1144 5432 autem
1202 5377 1526 5445 perhibente
1584 5377 1833 5448 Spiritu,
1903 5384 2069 5438 simul

498 5461 659 5515 etiam
702 5465 1072 5520 testimonium
1111 5483 1207 5522 vos
1255 5468 1360 5538 ipsi
1412 5485 1635 5541 quoque
1689 5475 2066 5541 perhibebitis.

570 5740 855 5796 "-“Joan.
892 5758 978 5809 xv,
1009 5744 1092 5798 M.
1170 5745 1214 5776 "
1235 5745 1465 5818 Philipp.
1509 5767 1568 5817 ιι,
1605 5754 1687 5808 15.

2177 4571 2399 4640 Πνεῦμα
2423 4572 2521 4642 τῆς
2547 4573 2802 4642 ἀληθείας
2830 4573 2920 4627 τὸν
2968 4575 3326 4646 Παράκλητον
3375 4571 3514 4628 εἶναι
3561 4575 3748 4642 λέγων,

2177 4662 2327 4729 παρὰ
2383 4661 2478 4713 τοῦ
2520 4664 2732 4734 Πατρὸς
2789 4664 3184 4736 ὲκπορεύεσθαὶ
3228 4683 3414 4736 φησιν,
3467 4666 3750 4736 ἀπελέγχει

2177 4754 2363 4822 σαφῶς
2407 4757 2500 4808 καὶ
2558 4758 2943 4828 ἀναμφιλόγως
2979 4757 3244 4828 θεομάχον
3304 4759 3614 4830 ὁλοκλήρως
3668 4761 3750 4812 τὸν

2173 4847 2574 4916 Χριστομάχον.
2625 4849 2683 4902 '0
2711 4849 2819 4920 γὰρ
2855 4849 2992 4913 ὅλως
3014 4852 3365 4922 ὲμπαροινεῖν
3392 4851 3652 4922 ἐθελήσας
3679 4851 3750 4916 τῷ

2175 4934 2310 5004 Υίῴ,
2335 4937 2816 5008 πεπλημμεληκὼς
2840 4940 2904 4992 ἂν
2939 4940 3162 5003 εἰκότως
3193 4942 3284 4992 καὶ
3321 4942 3402 5004 είς
3429 4941 3586 4994 αὑτὸν
3617 4942 3748 4992 νοοίο

2172 5043 2233 5080 το
2270 5028 2359 5079 τὸν
2382 5027 2440 5092 ἐξ
2465 5025 2633 5101 οὗπερ
2661 5032 2827 5084 ἐστίν.
2857 5032 3025 5084 Ὅταν
3045 5033 3227 5084 τοίνυν
3246 5032 3375 5104 ἔλθῃ
3402 5036 3430 5086 ὁ
3464 5033 3748 5104 ΙΙαράκλη·

2171 5137 2281 5183 τος,
2311 5123 2465 5188 φησι,
2499 5122 2558 5174 τὸ
2585 5123 2810 5193 Πνεῦμα
2849 5125 2948 5194 τῆς
2986 5124 3265 5196 ἀληθείας,
3323 5125 3468 5179 τοῦτ’
3522 5127 3640 5180 ἐστι
3693 5125 3747 5178 τὸ

2176 5213 2325 5284 ἐμὸν,
2358 5214 2385 5266 ὃ
2412 5214 2558 5284 παρὰ
2583 5213 2676 5266 τοῦ
2701 5215 2913 5285 Πατρὸς
2939 5216 3318 5286 ἐκπορεύεται,
3370 5218 3574 5280 ἐκεῖνος
3623 5233 3748 5286 μαρ-

2175 5306 2400 5374 τυρήσει
2429 5306 2557 5376 περὶ
2581 5305 2736 5375 ἐμοῦ.
2770 5307 3132 5378 Μαρτυρήσει
3153 5307 3208 5361 δὲ
3229 5307 3344 5370 πῶς
3372 5325 3387 5371 ;
3425 5308 3744 5378 Ἐνεργῆσαν

2176 5395 2285 5464 γὰρ
2303 5398 2360 5447 ὲν
2385 5397 2510 5465 ὑμῖν
2533 5413 2592 5449 τε
2634 5397 2729 5449 καὶ
2758 5397 2825 5450 δι’
2871 5398 3026 5467 ὑμῶν
3068 5399 3135 5452 τὰ
3184 5399 3484 5470 παράδοξα,
3547 5399 3744 5469 μάρτυς

2177 5482 2360 5539 ἔσεται
2385 5485 2593 5550 δίκαιός
2623 5503 2682 5540 τε
2717 5487 2812 5540 καὶ
2844 5487 3050 5560 ἀληθὴς
3083 5489 3185 5560 τῆς
3233 5491 3371 5560 ὲμῆς
3412 5487 3740 5560 θεοπρεποῦς

1766 5757 1807 5785 ²³
1830 5756 2038 5810 Coloss.
2079 5772 2137 5823 ll,
2173 5759 2224 5813 9.
