4024 6262
297 332 402 386 491

1384 323 1448 376 IN
1479 321 1765 379 JOANNIS
1805 318 2255 391 EVANGELtuu
2296 317 2420 375 LIB.
2447 319 2513 374 χ.

3431 327 3536 383 ‘2?

293 442 557 507 ἐξουσίας,
591 439 684 494 καὶ
719 439 817 508 τῆς
850 438 906 492 ἐν
935 437 1164 506 δυνάμει
1206 437 1641 508 μεγαλειότητος.
1703 435 1866 504 Ἐμὸν

1969 436 2168 503 inquit.
2202 433 2552 504 Spectatores
2586 433 2732 488 enim
2761 435 2866 505 ipsi
2899 422 3077 490 fuistis
3105 434 3411 505 signorum,
3447 438 3541 506 qui

293 535 400 603 γάρ
439 533 673 602 Πνεῦμα,
701 532 760 583 τὸ
788 527 1042 601 ἐνεργοῦν
1079 529 1138 580 ἐν
1177 528 1325 596 ὑμῖν.
1370 528 1581 598 Ὥσπερ
1609 527 1665 579 δὲ
1698 525 1851 596 ὲμόν,

1963 541 2176 579 mecum
2199 540 2418 595 semper
2452 525 2652 590 fuistis,
2682 531 2864 594 utpote
2893 525 3176 593 discipuli.

292 623 432 677 οὕτω
478 626 566 677 xui
597 623 686 675 τοῦ
721 621 854 674 Θεοῦ
898 621 993 673 καὶ
1026 619 1260 690 Πατρός.
1291 617 1765 690 Συγκαθυϐρίσθαι
1796 616 2085 685 τοιγαροῦν
2134 617 2342 687 ἀνάγκη
2379 620 2518 669 νοεῖν
2554 618 2679 680 τοὺς
2723 616 2787 670 δι’
2825 616 2945 680 ἐνὸς
2990 617 3083 671 τοῦ
3121 616 3324 686 ἀγαθοῦ
3367 615 3537 669 Πνεῦ-

296 732 462 785 ματος
488 714 555 767 τά
588 713 868 783 παράδοξα
897 711 1035 781 πρὸς
1056 710 1431 781 πληροφορίαν
1481 710 1581 779 τῆς
1632 708 1866 768 πίστεως
1896 706 2318 776 ἐνεργήσαντας,
2357 707 2432 769 ὡς
2473 707 2530 757 ἐν
2587 707 2863 776 προσώπῳ
2895 705 3152 776 Χριστοῦ,
3198 707 3255 758 ἐν
3293 698 3338 771 ᾧ
3398 721 3531 757 κατ-

288 809 464 879 ῴκησε
528 807 669 860 κατά
739 807 830 860 τὸν
889 805 1137 868 Παῦλον,
1195 805 1317 874 οὐχὶ⁹
1375 804 1540 876 μέρος
1609 819 1659 855 τι
1725 799 1826 868 τῆς
1865 798 2146 868 ἀφράστου
2213 798 2487 866 θεότητος,
2555 798 2668 850 ἀλλ’
2717 799 2835 850 ὅλον
2867 797 2928 849 τὸ
2967 797 3242 866 πλήρωμα
3301 812 3539 866 σωματι-

289 905 413 965 κῶς.
443 900 860 972 Μαρτυροῦντος
891 881 1064 952 δὲ’τοῦ
1108 898 1444 968 Πνεῦματος,
1500 892 2099 965 συνεπιμαρτυρήσετε,
2157 893 2315 964 φησὶ,
2383 895 2476 946 xui
2506 895 2664 962 ὑμεῖς
2718 892 2888 944 αὐτοί.
2934 893 3198 960 Γεγόνατε
3256 893 3364 964 γὰρ
3407 895 3539 947 αὐτο

284 994 441 1045 όπται
469 991 560 1044 xui
600 989 794 1058 θεωροὶ
831 988 940 1041 τῶν
966 987 1114 1057 παρά
1132 989 1243 1049 τοῖς
1271 987 1420 1050 ἰδίοις
1433 985 1852 1054 τετελεσμένων,
1892 981 1980 1033 ἀεὶ
2011 984 2280 1047 συνόντες,
2312 986 2386 1045 ὡς
2420 982 2661 1052 μαθηταί
2693 983 2790 1052 (ι).

362 1081 551 1134 Ταῦτα
601 1078 920 1146 λελάληκα
998 1077 1160 1147 ὑμῖν,
1210 1079 1312 1132 ἵνα
1385 1076 1470 1147 μὴ
1537 1075 1863 1131 σκανδαλι-

290 1172 494 1239 σθῆτε.

354 1264 464 1334 Τὴν
493 1263 602 1315 τῶν
636 1261 908 1316 Ἰουδαίων
940 1261 1202 1314 ἀπόνοιαν
1250 1262 1556 1330 φανοτάτην
1599 1261 1712 1322 τοῖς
1745 1259 1866 1312 ἐαυ-

284 1352 376 1406 τοῦ
425 1351 696 1422 μαθηταῖς
716 1349 978 1413 καθιστάς
993 1351 1021 1403 ὁ
1042 1349 1248 1420 Σωτὴρ,
1279 1349 1417 1418 τάχα
1440 1349 1532 1402 xui
1551 1348 1867 1414 ἐπενεγκεῖν

219 1510 236 1522 .
284 1444 393 1506 τοῖς
417 1443 544 1514 περὶ
569 1443 774 1496 τούτων
800 1441 992 1512 ἔμελλε
1022 1442 1222 1509 λόγοις,
1262 1442 1343 1494 ὅτι
1373 1439 1436 1509 δὴ
1493 1440 1629 1510 πρὸς
1670 1439 1863 1491 τοσαύ-

284 1551 380 1603 την
410 1533 603 1603 ἥξουσι
635 1533 928 1603 δυσηκοΐαν
969 1533 1018 1586 οἱ
1063 1533 1321 1594 τάλανες.
1377 1528 1751 1600 ἀποφράξουσι
1806 1529 1862 1581 δὲ

284 1621 427 1674 οῦτω
454 1621 552 1691 τὴν
581 1621 772 1692 ἀκοήν,
797 1619 893 1674 xui
932 1620 1010 1682 είς
1037 1619 1193 1673 τοῦτο
1230 1617 1534 1688 βαδιοῦνται
1583 1617 1862 1687 μισοθεῖας

284 1711 598 1775 οίδείλαιοι,
629 1711 1020 1783 καθυσρίσουσι
1053 1711 1107 1764 δὲ
1136 1709 1275 1763 οῦτω
1297 1709 1421 1772 τοὺς
1436 1708 1576 1778 ὑπὲρ
1606 1709 1704 1779 τῆς
1726 1708 1860 1777 άλη-

282 1801 434 1864 θείας
468 1801 682 1869 λόγους,
708 1802 782 1864 ὼς
821 1801 978 1874 εἴπερ
1016 1802 1108 1854 xui
1149 1800 1240 1852 δύο
1275 1799 1516 1867 γένοιντο
1561 1799 1719 1868 τυχὸν
1765 1799 1862 1867 τῆς

281 1890 448 1944 αὐτοῦ
475 1891 638 1960 δόξης
666 1895 712 1944 οἱ
749 1892 1043 1963 μάρτυρες,
1091 1892 1223 1962 μηδὲ
1277 1889 1420 1944 οὕτω
1457 1890 1865 1962 παραδέξασθαι

278 1980 454 2034 θέλειν
483 1981 683 2047 αὐτὴν.
724 1983 900 2035 καίτοι
946 1981 1242 2052 διαρρήδην
1288 1979 1725 2047 ἀνακεκραγότος
1776 1977 1865 2029 τοῦ

274 2071 455 2142 νόμου,
477 2070 840 2125 πιστεύεσθαι
864 2073 991 2134 δεῖν,
1013 2073 1103 2124 xui
1115 2069 1503 2137 ἀνενδοιάστως
1525 2065 1664 2122 εἶναι
1689 2086 1865 2138 παραυ

275 2162 456 2213 δεκτόν
514 2162 635 2213 ’πᾶν
678 2161 814 2230 ὅπερ
845 2160 910 2214 ἂν
937 2159 1026 2212 διὰ
1045 2161 1146 2230 τῆς
1172 2157 1264 2210 δύο
1293 2157 1456 2226 τυχὸν
1501 2157 1534 2226 ἢ
1559 2156 1722 2226 τριῶν
1749 2158 1866 2207 ἐπι-

281 2255 614 2322 μαρτυροῖτο
639 2252 842 2321 φωνῆς.
893 2251 1052 2305 Ἀλλά
1071 2249 1232 2303 τοῦτο
1273 2250 1370 2318 μὲν
1403 2246 1462 2300 οῦ
1493 2265 1646 2317 φησι,
1677 2246 1867 2316 χρησί-

282 2360 394 2408 μως
418 2346 497 2405 είς
541 2342 602 2395 τὸ
630 2343 822 2413 παρόν.
856 2343 967 2395 Καὶ
989 2342 1096 2413 γάρ
1129 2341 1194 2394 ἂν
1220 2339 1280 2392 οὐ
1312 2338 1541 2409 μετρίαν
1561 2338 1745 2399 αὐτοῖς
1778 2338 1861 2389 ὲνο

281 2435 497 2504 εποίησε
539 2434 640 2503 τὴν
670 2434 922 2504 ἀκηδίαν,
961 2436 1054 2487 xui
1077 2433 1375 2498 διακλάσας
1411 2432 1598 2503 ὥσπερ
1628 2432 1706 2495 είς
1726 2429 1859 2484 ἀπό·

282 2547 472 2598 γνωσιν
501 2530 641 2592 τοὺς
670 2529 940 2598 μαθητὰς,
963 2530 1122 2582 δκνου
1155 2530 1248 2584 xui
1284 2528 1485 2592 δειλίας
1519 2527 1866 2598 ἀπαραπόδι-

289 2637 402 2675 στον
435 2623 490 2674 ἐν
527 2621 714 2684 αὐτοῖς
738 2621 904 2674 ἐτίθει
924 2621 1023 2690 τὴν
1059 2621 1310 2692 πάροδον.
1337 2621 1500 2684 Εἰκὸς
1550 2621 1657 2692 γὰρ
1695 2619 1865 2688 δήπου

284 2710 399 2762 καθ’
451 2710 687 2772 ἑαυτοὺς
751 2712 974 2774 ἐννοεῖν,
1020 2711 1096 2774 ὡς
1147 2712 1196 2764 εί
1242 2711 1430 2782 μηδενὶ
1485 2711 1866 2782 πεισθήσονται

286 2800 566 2864 παντελῶς
590 2799 699 2853 τῶν
717 2801 992 2854 Ἰουδαίων
1023 2803 1072 2854 οἱ
1117 2801 1302 2871 δῆμοι,
1359 2801 1494 2854 ἀλλά
1556 2803 1651 2854 xui
1705 2801 1866 2853 αὑτὸν

283 2894 586 2962 ἡγήσονται
626 2894 754 2960 παρ’
785 2893 936 2945 οὐδὲν
985 2893 1076 2944 τὸν
1126 2893 1506 2964 Παράκλητον,
1536 2893 1712 2946 καίτοι
1753 2894 1865 2954 τοῖς

286 2984 424 3053 ὑπὲρ
441 2984 605 3051 λόγον
633 2987 1118 3055 τερατουργήμασι
1139 2987 1611 3056 καταπλήττοντα,
1641 2985 1791 3038 οὐδὲν
1810 2985 1865 3037 δὲ

2033 1075 2150 1128 XVI
2171 1114 2187 1140 ,
2233 1077 2282 1130 l.
2328 1075 2456 1130 Ha’c
2489 1077 2692 1128 locutus
2725 1091 2841 1128 sum
2869 1074 3010 1128 vobis
3035 1115 3048 1138 ,
3082 1085 3137 1126 ut
3169 1091 3271 1127 non
3311 1076 3538 1130 scandu-

1965 1168 2220 1220 Uzentini.

2035 1257 2171 1312 Cum
2194 1256 2509 1311 Judzeorum
2553 1256 2794 1311 furorem
2824 1257 3080 1312 Christus
3102 1256 3218 1310 suis
3252 1256 3541 1326 discipulis

1965 1357 2288 1420 exponeret,
2315 1350 2592 1418 subjicere
2624 1350 2857 1403 debebat
2885 1348 3137 1403 infelices
3170 1349 3294 1401 illos
3327 1348 3391 1400 ad
3423 1357 3543 1400 tan-

1966 1448 2077 1494 tam
2129 1440 2492 1510 pervicaciam
2531 1440 2695 1510 912
2726 1446 3011 1504 venturos,
3057 1449 3222 1508 atque
3259 1439 3332 1490 ita
3381 1453 3544 1491 aures

1965 1533 2350 1589 obstructuros
2380 1541 2701 1600 tantumque
2727 1531 2839 1585 odii
2865 1539 3228 1598 concepturos
3256 1531 3308 1582 in
3349 1531 3540 1592 Deum,

1962 1631 2019 1676 et
2055 1622 2298 1676 veritatis
2331 1620 2634 1676 doctrinam
2668 1630 2776 1672 tam
2801 1619 3198 1674 contumeliose
3223 1619 3538 1678 habituros.

1965 1721 2024 1766 ut
2052 1712 2301 1781 quamvis
2341 1712 2448 1765 duo
2481 1717 2670 1765 essent
2707 1708 2880 1779 ipsius
2920 1708 3104 1778 gloria:
3135 1715 3322 1770 testes,
3367 1723 3434 1760 ne
3461 1707 3542 1759 sic

1967 1803 2184 1873 quidem
2211 1802 2385 1872 ipsam
2417 1800 2702 1870 suscipere
2727 1800 2918 1862 velint,
2953 1813 3077 1852 eum
3109 1805 3299 1867 aperte
3337 1797 3421 1850 lex
3453 1797 3538 1850 di-

1965 1906 2056 1952 cat
2088 1896 2239 1951 credi
2279 1902 2333 1951 et
2365 1894 2676 1949 indubitate
2709 1893 2923 1963 suscipi
2967 1892 3168 1946 debere
3216 1891 3361 1961 quod
3407 1890 3546 1945 duo-

1967 2005 2088 2043 rum
2127 1996 2220 2042 aut
2259 1988 2422 2042 trium
2457 1987 2681 2041 testium
2732 2000 2832 2040 ore
2887 1984 3306 2053 comprobatum
3359 1982 3435 2036 sit
3477 1982 3543 2034 ".

1970 2079 2168 2134 Verum
2201 2079 2330 2134 illud
2349 2077 2572 2147 quidem
2608 2077 2662 2130 iu
2691 2091 2932 2146 praesens
2957 2075 3162 2130 utiliter
3189 2077 3401 2128 reticet.
3434 2072 3545 2127 Nec

1965 2170 2114 2226 enim
2151 2169 2482 2224 mediocrem
2520 2167 2601 2221 eis
2653 2166 2982 2220 anxietatem
3022 2164 3321 2226 intulisset,
3353 2177 3415 2216 ac
3449 2162 3546 2218 de-

1966 2263 2279 2332 speratione
2306 2258 2498 2314 fractis
2529 2253 2939 2327 quodammodo
2977 2253 3376 2322 discipulorum
3425 2251 3546 2304 ani-

1966 2355 2073 2410 mis
2101 2351 2377 2408 formidiui
2409 2365 2472 2404 ac
2513 2347 2726 2403 inertize
2758 2347 3006 2417 pervium
3045 2344 3255 2398 aditum
3303 2343 3544 2398 fecisset.

1966 2445 2257 2500 Probabile
2302 2442 2450 2497 enim
2501 2447 2621 2494 erat
2653 2453 2749 2493 eos
2784 2437 2926 2507 apud
2958 2450 3016 2490 se
3055 2433 3108 2488 id
3141 2435 3386 2503 cogitare
3423 2453 3436 2487 :
3489 2431 3546 2486 Si

1967 2536 2101 2590 nulli
2131 2535 2352 2618 penitus
2384 2529 2814 2600 obtemperaturi
2838 2534 2967 2584 sunt
2989 2524 3303 2580 Judazorum
3336 2522 3545 2593 populi.

1968 2630 2062 2685 sed
2085 2616 2138 2683 et
2173 2629 2349 2697 ipsum
2383 2639 2480 2694 pro
2509 2623 2682 2677 nihilo
2720 2619 3062 2674 l’araeletum
3116 2616 3361 2672 habituri
3397 2625 3547 2679 sunt,

1967 2719 2220 2791 quamvis
2250 2715 2595 2770 mirabilibus
2626 2713 2799 2782 signis
2826 2709 3094 2764 attonitos
3140 2707 3325 2772 faciat,
3365 2723 3427 2762 ac
3459 2707 3547 2759 ni-

1969 2811 2269 2868 hilominus
2298 2807 2580 2862 Christum
2607 2805 2792 2858 odisse
2819 2799 3328 2873 deprehendantur,
3351 2806 3404 2853 et
3423 2813 3547 2851 cum

1978 2907 2101 2974 ipso
2154 2901 2395 2962 Patrem,
2420 2898 2552 2968 quid
2580 2895 2783 2950 frustra
2832 2895 3076 2947 laborem
3134 2889 3551 2960 impendimus?

1968 2989 2161 3060 quidni
2189 2989 2294 3042 hac
2330 2986 2582 3040 molestia
2626 2983 2845 3038 liberari
2893 2998 2994 3036 nos
3063 2981 3339 3044 convenit,
3381 2980 3550 3034 silen-

283 3070 446 3145 ἦττον
481 3072 785 3129 ἁλώσονται
823 3075 918 3127 xui
944 3077 1081 3146 μετά
1109 3075 1269 3128 τοῦτο
1295 3075 1581 3146 μισοῦντες
1607 3075 1864 3147 Χριστὸν,

1970 3081 2105 3134 tium
2156 3077 2348 3132 inutile
2403 3089 2532 3144 erga
2586 3073 2907 3143 przel‘ractos
2959 3071 3208 3124 homines
3283 3071 3551 3124 docti-inte

285 3163 378 3214 xui
393 3161 492 3214 σὺν
509 3160 654 3232 αὐτῷ
670 3162 758 3214 τὸν
777 3163 1012 3233 Πατέρα,
1035 3163 1087 3215 τί
1109 3164 1202 3218 xui
1223 3163 1382 3219 πόνον
1399 3163 1602 3233 ἀνατλῆ
1612 3181 1699 3216 σαι
1749 3163 1870 3232 δεή-

289 3270 370 3304 σει
397 3253 584 3318 κενόν;
620 3253 673 3305 τί
715 3253 788 3324 μὴ
820 3253 912 3306 xui
942 3256 1281 3324 πραγμάτων
1308 3254 1746 3309 ἀπαλλάττεσθαι
1768 3256 1866 3319 δεῖ,

286 3346 386 3415 τὴν
417 3347 497 3406 είς
512 3345 778 3415 ἀνηκόους
808 3347 1150 3417 σιωπὴν,τοῦ
1185 3347 1458 3402 διδάσκειν
1490 3349 1868 3418 προτιμήσαν-

285 3453 384 3498 τας
407 3453 422 3501 ;
455 3437 638 3491 Ταῦτά
659 3454 762 3498 τοι,
797 3437 1012 3490 κατὰτὸ
1034 3438 1202 3502 εἰκὸς,
1229 3439 1329 3493 οὐκ
1372 3441 1646 3511 ἀγνοήσας
1671 3441 1870 3510 λογιεῖ-

292 3527 420 3580 σθαι
471 3529 596 3590 τοὺς
647 3528 916 3599 μαθητάς,
947 3531 1282 3600 περιστέλλει
1323 3531 1426 3601 μὲν
1484 3535 1747 3602 ἐντέχνως
1800 3532 1870 3586 τά

291 3619 506 3686 ὅσαπερ
529 3613 596 3688 ἦν
648 3617 1023 3687 μοχθηρότερα
1063 3617 1200 3687 πρὸς
1228 3619 1508 3690 ἐξήγησιν“
1539 3623 1632 3674 καί
1663 3623 1864 3679 δειλίαν

294 3707 393 3759 xui
433 3706 586 3760 ῦκνου
617 3709 708 3760 τοῦ
738 3707 873 3778 πρὸς
899 3707 960 3759 τὸ
987 3708 1182 3778 χρῆναι
1205 3709 1474 3764 διδάσκειν
1500 3711 1831 3782 ἐμποιητικά
1854 3731 1867 3744 ο

301 3798 642 3868 παρατρέπει
672 3798 728 3851 δὲ
753 3798 1036 3868 χρησίμως
1065 3797 1158 3851 τοῦ
1194 3799 1354 3869 λόγου
1383 3800 1480 3872 τὴν
1523 3802 1752 3872 δύναμιν
1778 3807 1873 3859 ἐπὶ

296 3888 360 3940 τὸ
395 3887 910 3959 προευτρεπίζεσθαι
948 3888 1075 3952 δεῖν,
1113 3890 1208 3964 xui
1239 3892 1674 3962 προεσκευάσθαι
1698 3912 1870 3948 νεανι·

296 3979 413 4042 κῶς
443 3981 574 4050 πρὸς
598 3980 665 4032 τὰ
687 3980 743 4046 ἐξ
765 3981 986 4034 ἐκείνων
1012 3982 1264 4053 ἐσόμενα,
1282 3985 1399 4056 ήτοι
1427 3986 1868 4059 προσδοκώμενα.

294 4075 370 4128 Τὸ
404 4075 508 4144 γὰρ
540 4075 818 4144 αἰφνιδίως
844 4076 934 4129 xui
957 4074 1233 4145 ἀδοκήτως
1274 4078 1412 4130 τισὶν
1444 4079 1718 4146 ἐπελθεῖν,
1752 4083 1870 4134 Exu-

291 4167 382 4219 νὺν
406 4165 635 4236 ταράξαι
672 4166 764 4217 xui
807 4165 906 4236 τὴν
947 4165 1067 4220 λίαν
1109 4164 1338 4236 ἔχουσαν
1395 4168 1622 4241 ἐδραίως
1668 4172 1867 4243 ψυχήνο

289 4261 352 4313 τὸ
380 4259 438 4311 δὲ
475 4259 548 4321 ὡς
581 4259 698 4329 ἥξοι
739 4259 832 4312 xui
867 4257 1021 4312 ἔσται
1065 4261 1532 4329 προῦποπτευθὲν,
1589 4263 1872 4335 λειοτέραν

289 4352 408 4420 ἔχει
433 4350 530 4421 τὴν
573 4349 816 4420 πρόοδον,
863 4349 961 4402 xui
1005 4349 1066 4402 τὸ
1103 4349 1267 4420 ἄχθος
1304 4351 1756 4424 εὐφορητότερον,
1798 4356 1874 4418 ὡς

1972 3165 2512 3241 ρταείρτεηιεεῖηιεο
2553 3165 2698 3234 apud
2753 3180 2814 3218 se
2859 3162 3198 3232 cogitaturos
3246 3161 3550 3229 discipulos

1971 3277 2096 3317 cum
2142 3275 2251 3315 non
2299 3259 2600 3329 ignoraret,
2661 3256 2957 3310 artiﬁciose
3004 3253 3222 3322 quidem
3273 3253 3550 3306 contrahit

1971 3367 2308 3424 quaecunque
2349 3351 2625 3419 explicatu
2684 3350 2870 3419 gravia
2926 3347 3273 3408 videbantur,
3320 3361 3550 3414 qumque

1971 3443 2317 3498 timiditatem
2356 3449 2409 3495 et
2441 3439 2711 3509 ignaviam
2762 3437 3120 3491 conciliatura
3151 3454 3165 3501 ;
3203 3435 3310 3487 vim
3357 3443 3542 3489 autem

1970 3546 2024 3592 et
2059 3537 2325 3591 rationem
2362 3532 2633 3589 sermonis
2684 3531 2895 3585 utiliter
2930 3529 3204 3584 convertit
3239 3528 3304 3583 ad
3341 3543 3547 3598 prmpa-

1972 3629 2174 3685 randos
2214 3636 2269 3682 et
2304 3623 2634 3678 muniendos
2687 3623 2956 3676 adversus
3010 3620 3334 3690 ingruentes
3385 3634 3548 3674 casus

1971 3722 2205 3776 animos.
2239 3717 2370 3772 Nam
2398 3715 2545 3786 quod
2573 3723 2798 3784 repente
2827 3721 2880 3767 et
2901 3722 3094 3782 praeter
3124 3727 3274 3780 spem
3311 3711 3547 3779 ingruit,

1970 3815 2134 3870 etiam
2169 3815 2511 3866 constantem
2562 3807 2805 3860 animum
2855 3804 3079 3856 turbare
3110 3811 3326 3871 potest;
3363 3801 3548 3870 provi-

1972 3919 2093 3961 sum
2123 3917 2252 3957 vere
2287 3909 2342 3955 et
2385 3905 2534 3954 certa
2573 3911 2668 3966 spe
2711 3904 3134 3965 exspectatum,
3172 3893 3348 3948 levius
3403 3891 3548 3946 ferit.

1974 3995 2243 4050 Existimo
2280 4005 2410 4046 vero
2445 3989 2726 4043 Christum
2765 3985 3014 4040 nonnihil
3043 3982 3357 4038 istiusmodi
3386 3982 3554 4050 signi-

1974 4087 2139 4141 ﬁcare
2166 4084 2326 4140 velle.
2359 4081 2416 4136 Si
2450 4080 2596 4135 enim
2641 4092 2761 4147 ego,
2806 4076 3004 4145 inquit,
3053 4082 3204 4128 tanta
3241 4075 3353 4155 jam
3399 4073 3554 4127 vobis

1973 4180 2128 4249 signa
2162 4175 2331 4238 edidi,
2373 4174 2538 4242 idque
2564 4170 2721 4226 vobis
2755 4169 3004 4232 testibus,
3045 4175 3098 4221 et
3137 4166 3458 4220 Paracletus
3497 4167 3550 4220 iu

1973 4270 2128 4325 vobis
2160 4267 2360 4323 similia
2397 4277 2616 4334 quoque
2666 4262 2918 4315 editurus
2959 4266 3076 4321 est,
3123 4273 3300 4326 neque
3341 4255 3554 4309 Judaiei

1975 4362 2178 4418 furoris
2221 4359 2462 4415 cessabit
2517 4355 2783 4415 audacia,
2827 4353 2922 4407 sed
2968 4352 3129 4406 iidem
3177 4351 3436 4415 omnino,
3488 4365 3552 4403 ac

291 4442 740 4515 προεγνωσμένον
760 4441 859 4512 ήδη
885 4441 980 4494 xui
1007 4444 1474 4513 προτετριμμένον
1498 4446 1616 4508 ταῖς
1637 4445 1730 4498 τοῦ
1766 4464 1866 4499 πα-

1975 4453 2279 4509 deteriores
2313 4456 2442 4506 sunt
2477 4447 2671 4508 futuri,
2707 4444 2879 4497 nolite
2913 4443 3310 4506 scandalizari,
3343 4441 3545 4510 inquit,

289 4531 404 4586 θεῖν
421 4531 807 4594 ἀνενδοιάστως
838 4529 1071 4583 ἐλπίσιν.
1119 4527 1287 4602 Οἶμαι
1314 4533 1370 4586 δέ
1398 4552 1451 4586 τι
1487 4537 1580 4588 xui
1629 4537 1871 4590 τοιοῦτον

288 4623 642 4692 ὑποσημῆναι
677 4621 962 4692 βούλεσθαι
985 4621 1074 4674 τὸν
1100 4623 1355 4693 Χριστόν.
1375 4623 1437 4678 Εἰ
1465 4628 1572 4698 γάρ
1601 4629 1732 4696 ἐγὼ,
1772 4647 1868 4700 φη-

289 4717 362 4782 ai,
398 4714 637 4768 τοσαῦτα
685 4713 782 4782 μὲν
814 4713 915 4783 ’ήδη
968 4711 1518 4786 τεθαυματούργηκα,
1571 4720 1663 4772 καὶ
1711 4721 1870 4774 τοῦτο

287 4809 379 4862 ἐπὶ
405 4807 675 4877 μάρτυσιν
699 4805 826 4874 ὑμῖν
858 4820 872 4833 °
899 4803 1377 4876 θαυματουργήσει
1406 4809 1461 4860 δὲ
1491 4811 1580 4862 xui
1613 4812 1868 4882 ἐφ’ὑμῶν

1980 4559 2104 4597 eum
2136 4541 2190 4596 id
2243 4540 2402 4594 vobis
2450 4534 2751 4604 contingit,
2801 4533 2895 4588 sed
2947 4549 3192 4587 meorum
3240 4548 3552 4588 sermonum

1977 4634 2167 4702 utique
2191 4636 2546 4684 mementote.
2589 4644 2608 4677 ι
2651 4623 2768 4678 Νοη
2807 4625 2951 4676 enim
3000 4634 3081 4678 est
3118 4624 3422 4694 discipulus
3463 4639 3553 4676 su-

1977 4740 2075 4794 per
2128 4722 2496 4792 magistrum,
2567 4731 2744 4787 neque
2789 4729 2985 4770 servus
3047 4729 3211 4783 super
3267 4714 3548 4768 dominum

1975 4832 2134 4873 suum
2163 4816 2229 4867 "’.
2272 4833 2290 4865 ι

288 4903 318 4954 ό
351 4899 732 4971 Παράκλητος,
757 4900 853 4950 xui
879 4896 980 4966 τῆς
1021 4896 1289 4949 Ἰουδαίων
1337 4899 1591 4963 ἀπονοίας
1623 4904 1722 4957 οὐκ
1754 4907 2003 4981 ἀτονὴσει
2032 4908 2093 4960 τὸ
2133 4906 2354 4977 θράσος,
2418 4903 2533 4956 ἀλλ’
2585 4900 2797 4955 ἔσονται
2823 4899 2984 4953 πάλιν
3048 4899 3105 4950 ἐν
3147 4895 3376 4959 τούτοις,
3454 4895 3548 4948 καὶ

291 4993 350 5045 ὲν
381 4991 496 5050 τοῖς
519 4989 598 5042 ἔτι
644 4989 868 5060 χείροσι,
924 4987 998 5056 μὴ
1041 4987 1484 5059 σκανδαλισθῆτε,
1525 4993 1710 5063 φησὶν,
1747 4997 1875 5053 ὅταν
1906 4999 2006 5052 xui
2035 4997 2190 5051 αὐτοὶ
2232 4995 2389 5049 τοῦτο
2439 4993 2701 5056 παθόντες
2755 4989 3103 5061 εὑρίσκησθε,
3176 4987 3547 5058 διαμέμνησθε

375 5171 426 5202 ’⁸
451 5169 608 5226 Deut.
660 5186 794 5235 xm,
833 5173 883 5224 6,
979 5174 1020 5204 ’⁷
1046 5158 1235 5227 Matth.
1264 5191 1320 5236 χ,
1350 5176 1442 5230 24.

357 5328 436 5398 (l)
479 5326 561 5383 Me
601 5329 874 5402 monitore
918 5343 1266 5402 nequaquam
1315 5329 1588 5402 indigebit
1626 5331 1873 5402 quicun-

284 5413 395 5468 que
420 5397 642 5452 attente
681 5399 871 5468 legerit
907 5399 1071 5452 verba
1119 5397 1177 5453 ὃ.
1212 5398 1401 5468 Cyrilli
1440 5397 1515 5454 ad
1563 5397 1724 5455 Joan.
1777 5419 1870 5468 xv,

282 5443 395 5530 de".
425 5443 1085 5539 ἑῆῖ”ἰιίἔιρξερὸΰζρτᾶς’”δ’ὲ
1121 5443 1869 5539 ἓὸῡνἪὸὲῖδιῖοἷτο⁷ςῖἒύἶιεῖτὶἰ

287 5538 695 5613 μαρτυρήσετε,
726 5538 1010 5613 φησὶηκαὶ
1038 5538 1197 5609 ὑμεῖς
1219 5539 1416 5613 αὐτοί.
1438 5538 1722 5613 λΙξεγόνατε
1757 5543 1868 5613 γάρ

284 5606 554 5660 αὐτόπται
591 5609 687 5678 xui
721 5606 914 5674 θεωροὶ
945 5606 1052 5659 τῶν
1077 5606 1242 5678 παρά
1283 5611 1397 5670 τοῖς
1446 5609 1596 5673 ἰδίοις
1655 5606 1870 5663 τετελέ-

289 5678 523 5749 σμένων,
577 5677 664 5728 ἀεὶ
703 5678 990 5749 συνόντες,
1023 5679 1094 5740 ὡς
1153 5677 1415 5748 μαθηταί,
1466 5685 1522 5731 ut
1569 5681 1859 5749 intelligat,

290 5746 441 5808 ἰδίοις
479 5746 679 5799 factum
725 5762 846 5802 esse
882 5746 1252 5812 εχῚουδαίοις,
1289 5746 1525 5818 propter
1570 5746 1859 5804 abbrevia-

1971 5343 2079 5387 tam
2114 5333 2443 5402 scripturam
2471 5332 2612 5402 male
2649 5331 3009 5402 intellectam;
3039 5325 3283 5402 adeoque
3321 5324 3374 5378 in
3406 5324 3547 5379 hanc

1970 5397 2303 5457 sententiam
2343 5403 2477 5457 verti
2511 5401 2750 5455 debere:
2798 5397 3179 5452 Testimonium
3210 5405 3384 5449 autem
3425 5411 3547 5463 ρεγ-

1968 5472 2173 5527 hibente
2216 5472 2422 5541 Spiritu
2447 5511 2460 5532 ,
2491 5487 2577 5524 vos
2601 5471 2703 5537 ipsi
2739 5483 2940 5541 quoque
2961 5507 2972 5527 ,
3003 5467 3209 5535 inquit,
3253 5465 3545 5533 perhibebi-

1972 5545 2060 5595 tis.
2097 5539 2314 5597 Ocnldti
2346 5543 2485 5595 enim
2527 5549 2682 5592 testes
2718 5539 2897 5605 fuistis
2925 5547 2972 5588 et
3011 5545 3331 5603 spectatores
3363 5549 3542 5587 eorum

1967 5629 2082 5678 qua:
2119 5612 2257 5678 apud
2289 5609 2507 5664 Judazos
2542 5618 2757 5675 peracta
2791 5617 2910 5661 sunt
2934 5648 2946 5667 ,
2980 5607 3069 5675 qui
3115 5616 3545 5678 mecumsemper

1970 5671 2183 5747 fuistis.
2241 5690 2414 5746 utpote
2481 5671 2750 5747 discipuli.
2829 5671 3176 5732 COTEi.£RlUS
3218 5713 3232 5737 ,
3298 5671 3541 5725 Nonum.

1974 5750 2120 5803 Eccl.
2156 5749 2251 5802 Gr.
2293 5750 2368 5814 ιι,
2420 5749 2545 5803 520.
