4024 6262
492 311 603 367 625

1494 317 1554 372 s.
1593 317 1877 374 evrum
1916 286 2390 382 ΑιεχΑΝοιιιΝι
2429 326 2753 383 Αιιοιιιειι.

3654 332 3761 388 ιει

488 422 547 476 δὲ
587 424 863 496 πανταχοῦ
896 424 1004 479 τῶν
1035 424 1183 495 ἐμῶν
1217 424 1412 495 λόγων.
1453 445 1473 480 ι
1507 429 1584 482 Οὐ
1616 429 1725 501 γάρ
1755 432 1872 485 ἐστι
1898 433 2150 504 μαθητὴς
2176 437 2320 508 ὑπὲρ
2351 439 2442 493 τὸν
2487 439 2830 506 διδάσκαλον,
2895 441 3015 496 οὐδὲ
3079 442 3263 509 δοῦλος
3333 445 3472 516 ὑπὲρ
3508 444 3602 499 τὸν
3658 450 3756 501 κύ-

490 535 607 589 ριον
637 517 825 572 αὐτοῦ.
874 537 894 570 ι

557 608 711 675 XVI,
764 611 816 664 2.
860 611 1066 681 Absque
1096 613 1379 683 synagogis
1410 612 1605 680 facient
1636 632 1724 670 vos
1758 633 1777 671 :
1799 617 1891 672 sed
1929 619 2039 673 ueni

2242 622 2771 694 Ἀποσυναγώγους
2807 624 3179 695 ποιήσουσιν
3196 623 3354 693 ὑμᾶς
3382 641 3396 656 ⁶
3427 626 3566 681 ἀλλ’
3593 628 3761 700 ἔρχε-

485 701 615 754 hora
649 713 704 755 ut
729 703 899 756 omnis
926 705 1016 772 qui
1045 705 1295 773 inter/icit
1324 721 1413 760 vos
1441 706 1731 761 arbitretur
1761 709 2065 781 obsequium

484 808 539 845 se
567 802 823 859 prwstare
864 793 995 851 Deo.

550 885 713 956 913
733 885 1047 942 Extremum
1062 891 1331 955 omnium,
1353 901 1412 947 ut
1442 896 1823 962 verbodicam,
1839 900 2062 968 pericu-

482 979 591 1030 lum
632 978 713 1033 eis
752 982 1114 1049 prmnuntiat,
1147 999 1257 1039 non
1289 993 1348 1040 ut
1383 1002 1614 1043 suorum
1659 989 2060 1061 discipulorum

481 1064 678 1121 animis
710 1067 983 1124 imbellem
1020 1082 1223 1126 metum
1251 1074 1552 1133 incuteret:
1576 1095 1678 1134 nec
1695 1082 1839 1135 enim
1866 1083 1917 1137 id
1936 1099 2059 1138 eum

483 1154 662 1214 facere
716 1163 1029 1228 decuisset,
1074 1166 1170 1236 qui
1223 1166 1531 1238 discipulos
1591 1172 1658 1226 ad
1727 1174 2058 1245 intrepidam

478 1248 757 1320 Evangelii
789 1254 1238 1323 praedicationem
1273 1260 1615 1330 instigabat:
1653 1263 1747 1318 sed
1786 1274 1865 1329 ut,
1909 1275 2057 1321 metu

474 1343 809 1409 gravissimo
871 1349 1201 1416 prazvisione
1263 1350 1382 1420 ipsa
1438 1352 1629 1407 leviori
1695 1354 1840 1411 facto
1894 1366 2058 1429 atque

474 1430 729 1501 depulso,
764 1436 831 1490 ad
863 1437 1153 1493 subeunda
1185 1443 1394 1509 quaevis
1442 1444 1686 1511 pericula
1734 1447 2056 1505 audaciores

473 1524 795 1590 evaderent,
843 1536 898 1582 et
955 1528 1278 1584 diﬂicillima
1329 1548 1562 1603 qumque
1615 1544 2050 1594 contemnerent.

469 1612 604 1670 Nam
635 1617 728 1688 qui
757 1620 904 1688 quod
935 1621 1158 1688 gravius
1188 1630 1273 1676 est
1304 1638 1412 1677 non
1444 1627 1657 1688 metuit,
1682 1644 1844 1697 quam
1875 1631 2054 1699 jactu-

469 1720 588 1759 ram
644 1724 710 1762 ex
744 1724 810 1763 eo
840 1711 992 1779 quod
1041 1712 1217 1769 levius
1256 1723 1340 1768 est
1379 1717 1599 1787 capiet?
1638 1719 1703 1775 Et
1736 1724 1827 1791 qui
1858 1725 2051 1780 ultima

470 1813 702 1866 qumque
735 1814 847 1853 non
889 1800 1274 1868 reformidant,
1309 1807 1642 1877 quibusnam
1686 1814 1811 1868 aliis
1840 1816 2047 1872 turbari

469 1889 720 1956 queunt?
754 1887 819 1943 Ut
853 1906 987 1961 ergo
1035 1906 1287 1962 paratum
1325 1895 1394 1950 ad
1438 1901 1628 1953 omnia
1681 1902 2049 1962 libentissime

470 1979 797 2046 perferenda
830 1982 1077 2036 animum
1112 1985 1399 2052 haberent,
1442 1997 1495 2043 et
1524 1990 1576 2044 in
1613 1994 1908 2061 perniciem
1940 1996 2044 2052 sibi

466 2084 496 2122 a
530 2069 734 2127 Judtcis
771 2074 1097 2129 intentatam
1138 2084 1249 2131 tam
1296 2087 1523 2136 strenue
1570 2083 1949 2155 insurgerent,
1987 2100 2046 2145 ut

466 2180 532 2217 ne
555 2165 990 2221 crmlclissimam
1015 2169 1236 2238 quidem
1272 2181 1525 2239 mortem,
1548 2175 1592 2229 si
1620 2192 1709 2232 res
1744 2178 1817 2231 ita
1855 2180 2040 2248 ferret,

463 2262 791 2320 metuerent,
835 2272 946 2310 non
978 2258 1222 2328 vulgaria
1272 2269 1484 2316 tantum
1535 2266 1618 2318 eis
1649 2275 1913 2322 eventura
1942 2271 2039 2336 ait,

462 2360 561 2399 nec
612 2344 926 2401 Judmorum
981 2348 1225 2405 furorem
1260 2353 1598 2422 quieturum,
1644 2356 1690 2411 si
1736 2360 1899 2412 modo
1945 2376 2040 2415 eos

461 2440 753 2507 synagogis
805 2441 1099 2506 moverint,
1145 2443 1242 2498 sed
1298 2444 1633 2515 impietatem
1691 2450 1911 2506 illorum
1973 2468 2040 2508 co

463 2543 850 2595 processuram
896 2530 1182 2598 prmdicat,
1211 2540 1269 2585 ut
1312 2550 1584 2590 summam
1614 2539 1668 2591 in
1704 2555 1799 2595 eos
1836 2543 2036 2597 crude-

462 2618 671 2671 litatem
720 2618 943 2685 pietatis
975 2634 1105 2691 erga
1137 2620 1303 2675 Deum
1337 2622 1440 2678 iter
1471 2640 1596 2680 esse
1633 2637 1843 2696 putent.
1881 2630 2038 2697 Quod

458 2711 641 2763 autem
680 2709 889 2765 Christi
936 2713 1315 2768 sectatoribus
1367 2730 1642 2787 synagoga
1685 2719 2037 2778 interdictum

458 2802 530 2856 sit
574 2816 748 2871 eaque
801 2817 963 2872 pmna
1013 2804 1228 2858 multati
1284 2806 1395 2861 sint
1446 2808 1625 2875 initio,
1680 2812 2035 2871 manifestum

455 2894 585 2959 erit,
629 2895 967 2964 evangelista
1002 2895 1243 2962 dicente,
1278 2901 1479 2956 multos
1518 2902 1737 2971 quidem
1775 2906 1939 2961 etiam
1969 2925 2035 2965 ex

457 2985 809 3055 principibus
861 2987 915 3040 in
963 3003 1085 3041 eum
1140 2989 1467 3056 credidisse,
1501 2993 1595 3048 sed
1643 3004 1865 3064 propter
1896 2998 2035 3053 Pha-

456 3078 648 3133 risacos
678 3093 785 3131 non
821 3076 992 3134 fuisse
1023 3080 1334 3146 C(unfcssos,
1363 3099 1429 3136 ne.
1455 3101 1517 3138 ex
1567 3100 1842 3159 synagoga
1866 3091 2033 3160 ejice-

454 3177 648 3223 rentur
668 3168 735 3222 ’⁸.
782 3168 848 3221 Et
896 3186 1093 3225 rursus
1126 3190 1139 3224 τ
1179 3190 1197 3222 ι
1230 3170 1350 3226 Jam
1382 3174 1526 3229 enim
1579 3181 2035 3248 conspiraverant

456 3259 661 3314 Scribae
701 3269 756 3314 et
796 3259 1082 3323 Pharismi,
1117 3272 1175 3316 ut
1233 3265 1279 3320 si
1331 3266 1458 3335 quis
1513 3282 1638 3322 cum
1680 3272 2035 3329 conﬁteretur
2062 3287 2103 3343 ο

452 3366 574 3405 esse
625 3351 927 3419 Christum,
970 3362 1126 3408 extra
1186 3371 1516 3427 synagogam
1577 3358 1728 3413 ﬁeret
1756 3363 1823 3415 '9.
1866 3383 1885 3415 ι
1926 3363 2033 3418 Ve-

452 3460 573 3498 rum
600 3446 727 3499 licet
758 3447 1098 3517 conspiratio
1136 3447 1250 3501 lumc
1283 3442 1622 3515 Judworum,
1655 3451 1853 3522 inquit,
1890 3470 2029 3509 non-

452 3537 620 3590 nullis
649 3540 973 3605 gravissima
1004 3538 1094 3603 sit,
1128 3538 1412 3592 sciendum
1445 3551 1622 3596 tamen
1652 3558 1747 3598 vos
1778 3547 2031 3615 graviora

450 3643 691 3683 manere.
718 3626 796 3684 Ne
825 3629 996 3692 enim,
1040 3630 1238 3699 inquit,
1271 3632 1522 3700 quamvis
1558 3632 1704 3687 istud
1747 3637 1857 3704 pati
1893 3653 2028 3692 con-

449 3719 654 3790 tigerit,
698 3722 985 3790 angimini.
1028 3720 1105 3774 Eo
1134 3723 1333 3792 quippe
1371 3723 1737 3792 improbitatis
1777 3738 2031 3799 erumpet

426 3811 667 3863 .illorum
697 3812 949 3876 audacia,
980 3819 1040 3864 ut
1074 3821 1305 3867 mortem
1340 3814 1495 3870 vobis
1543 3815 1816 3872 intentare
1844 3822 2029 3877 cultus

448 3900 620 3953 divini
652 3902 771 3953 loco
800 3901 1056 3956 habeant.
1084 3902 1237 3966 Quod
1267 3910 1416 3957 certe
1446 3905 1650 3958 factum
1690 3910 2028 3977 reperiemus

450 3993 505 4045 in
559 3998 753 4044 sancto
816 3990 1096 4062 Stephano
1157 3996 1249 4048 illo
1307 4006 1608 4067 martyrum
1676 4002 1942 4072 principe,
1975 4015 2029 4059 et

448 4082 620 4135 Paulo
647 4082 849 4137 divino.
883 4082 1163 4152 Stephano
1195 4086 1400 4154 quippe
1433 4087 1789 4158 blasphemiae
1810 4095 2025 4163 culpam

451 4177 813 4242 ittlpOtletlleS,
838 4182 893 4228 et
925 4175 1056 4228 hinc
1086 4176 1263 4229 zelum
1296 4191 1422 4244 erga
1448 4177 1615 4232 Deum
1641 4191 2024 4248 praetexentes,

450 4277 678 4319 rnortcm
712 4265 788 4318 illi
843 4267 996 4321 saxis
1033 4267 1340 4320 intulerunt
1374 4269 1419 4299 ³⁸³
1449 4287 1459 4320 :
1492 4268 1722 4325 Paulum
1756 4290 1887 4328 vero
1932 4292 2026 4331 sa-

451 4358 855 4427 pientissimum
898 4367 953 4413 et
1003 4359 1416 4415 sanctissimum
1451 4359 1623 4417 διιόωί
1655 4364 1873 4433 quidem
1913 4370 2025 4423 riu-

449 4461 643 4522 gentes
670 4449 808 4505 adeo
841 4453 1113 4521 persecuti
1150 4461 1297 4520 sunt,
1335 4462 1393 4507 ut
1425 4455 1637 4525 seipsos
1665 4457 2025 4527 jurejurando

446 4540 613 4616 915.
650 4544 1048 4598 obstrinxerim
1091 4562 1201 4600 non
1251 4546 1405 4617 prius
1460 4562 1521 4603 se
1572 4548 2019 4620 manducaturos,

2167 729 2261 765 ται
2298 712 2438 781 ὥρα,
2494 717 2594 769 ἵνα
2624 715 2744 782 πᾶς
2779 718 2813 770 ὁ
2848 717 3208 782 ἀποκτείνας
3245 716 3404 782 ὑμᾶς
3447 719 3603 792 δόξῃ
3647 730 3760 779 ,ια-

2165 806 2366 873 τρεΙαν
2398 807 2759 876 προσφέρειν
2782 806 2863 873 τῷ
2900 807 3042 873 Θεῷ.

2254 896 2567 966 Ἀνεκόμισε
2603 897 2739 966 πρὸς
2761 899 2891 951 αὐτὸ
2921 899 2981 952 τὸ
3003 900 3245 969 πάντων,
3271 919 3349 969 ως
3384 906 3517 969 ἔπος
3553 908 3754 973 εἰπεῖν,

2164 984 2465 1056 ἀκρότατον
2493 987 2601 1040 τῶν
2625 988 2813 1043 δεινῶν
2840 990 2933 1043 τοῦ
2963 991 3211 1047 κινδύνου
3267 998 3368 1067 τὴν
3417 1000 3751 1071 πρόρρησιν,

2162 1076 2262 1146 οὐχ
2293 1077 2378 1130 ἵνα
2402 1079 2501 1148 τὴν
2530 1079 2794 1151 ἄνανδρον
2814 1084 2929 1145 τοῖς
2964 1084 3162 1136 ἑαυτοῦ
3208 1087 3479 1158 μαθηταῖς
3528 1093 3750 1165 ἐνεργά-

2164 1182 2325 1236 σηται
2370 1169 2596 1223 πτοίαν-
2653 1171 2714 1224 οὐ
2766 1172 2874 1244 γὰρ
2910 1173 2975 1227 ἂν
2996 1174 3208 1246 ἥρμοσε
3248 1178 3380 1250 δρᾷν
3408 1182 3488 1253 τῷ
3523 1202 3587 1251 γε
3613 1186 3747 1251 ὅλως

2162 1259 2521 1330 παροτρύνειν
2557 1262 2793 1318 ἐθέλοντι
2826 1266 2963 1335 πρὸς
2990 1268 3051 1320 τὸ
3084 1269 3454 1341 εὐτολμότατα
3507 1275 3628 1331 λίαν
3655 1280 3745 1332 τὸν

2156 1350 2514 1419 εὐαγγελικὸν
2552 1354 2788 1426 κηρύξαι
2830 1357 3009 1426 λόγον,
3053 1359 3170 1413 ἀλλ’
3207 1363 3292 1416 ἵνα
3341 1366 3435 1419 τὸν
3483 1370 3747 1424 ἀνωτάτω

2159 1441 2433 1510 φόϐονιὼς
2453 1445 2554 1516 ἤδη
2585 1449 3060 1517 προεγνωσμένον,
3080 1452 3302 1523 εὐτριϐἦ
3325 1454 3455 1509 ὄντα
3469 1458 3558 1510 διὰ
3584 1460 3743 1512 τοῦτο
3818 1514 3825 1522 ,

2157 1535 2601 1606 παρωθούμενοι,
2634 1539 2837 1603 παντὸς
2897 1540 2996 1612 μέν
3058 1542 3159 1613 ἤδη
3213 1544 3737 1605 κατανεανιεύωνται

2155 1626 2347 1692 κακοῦ,
2380 1627 2582 1699 μηδένα
2603 1629 2659 1681 δὲ
2693 1630 2831 1693 ὅλως
2858 1634 3094 1686 ποιοῖντο
3127 1633 3303 1703 λόγον,
3326 1636 3462 1707 μηδέ
3497 1638 3660 1712 εἴπερ
3687 1661 3737 1695 τι

2155 1719 2368 1788 προσίοι
2399 1721 2507 1773 τῶν
2533 1722 2953 1794 ἀφορητοτέρων
2996 1728 3184 1781 κακῶν
3220 1726 3361 1783 εἶναι
3414 1731 3733 1790 δοκούντων.

2154 1807 2279 1870 Τοῖς
2311 1810 2419 1878 γὰρ
2451 1811 2511 1863 τὸ
2541 1813 2724 1881 μεῖζον
2756 1815 2817 1868 ού
2858 1815 3149 1879 δεδοικόσι,
3202 1819 3365 1873 ποίαν
3412 1820 3480 1874 ἂν
3536 1824 3737 1894 ζημίαν

2154 1898 2361 1951 ἐποίσει
2392 1899 2455 1952 τὸ
2480 1900 2737 1966 ἕλαττονς
2770 1906 2833 1955 Ol
2855 1904 2912 1956 δέ
2937 1905 3033 1958 καὶ
3056 1907 3164 1959 τῶν
3188 1910 3271 1971 είς
3298 1909 3466 1980 ἀκρον
3497 1913 3739 1981 ἡκόντων

2148 1986 2421 2055 δειμάτων
2463 1989 2891 2059 κατευμεγεθεῖν
2940 1995 3264 2061 ἐγνωκότες,
3322 1997 3411 2050 διὰ
3463 1998 3610 2062 τίνος
3656 2001 3735 2053 ἐτι

2147 2075 2254 2128 τῶν
2288 2076 2464 2131 ἄλλων
2487 2082 2812 2151 ταραχθεῖεν
2840 2082 2939 2149 ἀν;
2973 2085 3091 2137 Ἵνα
3128 2085 3308 2138 τοίνυν
3351 2087 3597 2160 εὐτρεπῆ
3637 2093 3734 2162 τὴν

2144 2168 2382 2223 διάνοιαν
2404 2172 2575 2240 ἔχοιεν
2592 2174 2668 2235 εἰς
2685 2173 2746 2225 τὸ
2764 2175 2939 2228 πάντα
2966 2175 3087 2227 λίαν
3112 2177 3366 2245 ἀσμένως
3390 2182 3731 2249 ὑπενεγκεῖν,

2143 2261 2403 2330 καὶπρὸς
2435 2262 2496 2314 τὸ
2521 2263 2717 2333 χρῆναι
2761 2266 3013 2319 τοσοῦτον
3060 2268 3158 2337 τῆς
3198 2270 3262 2322 ἐκ
3296 2270 3405 2323 τῶν
3464 2273 3732 2327 Ἰουδαίων

2143 2351 2630 2415 κατεξανίστασθαι
2679 2354 2903 2426 βλάϐης,
2950 2358 3024 2420 ὡς
3090 2358 3224 2429 μηδέ
3271 2361 3454 2427 αὐτὸν,
3486 2365 3535 2416 εί
3582 2365 3734 2435 τύχοι

2142 2442 2387 2512 παρόντα
2419 2442 2510 2497 τὸν
2534 2444 2686 2515 ὠμὸν
2706 2444 2933 2499 δεδιέναι
2960 2447 3190 2502 θάνατον
3233 2465 3246 2480 ⁶
3279 2452 3401 2522 οὐχὶ
3435 2453 3504 2507 τά
3530 2456 3587 2507 ἐν
3622 2456 3730 2509 ἔθει

2144 2535 2307 2604 μόνον
2342 2536 2719 2608 συμϐήσεσθαι
2772 2538 2940 2608 λέγει,
2969 2541 3087 2593 οὐδὲ
3148 2542 3309 2615 μέχρι
3355 2545 3561 2600 τούτων
3613 2552 3733 2621 στή-

2142 2627 2333 2682 σεσθαι
2364 2628 2463 2701 τὴν
2499 2630 2812 2702 ἐπιϐουλὴν,
2866 2633 2984 2705 ἦτοι
3030 2635 3128 2704 τὴν
3160 2636 3271 2689 τῶν
3315 2637 3586 2693 Ἰουδαίων
3635 2645 3728 2696 ἐπ-

2140 2717 2459 2783 ανάστασιν,
2481 2719 2557 2784 ὡς
2594 2722 3056 2793 ἀποσυναγώγους
3109 2726 3363 2794 γενέσθαι
3403 2728 3584 2799 μόνον,
3614 2732 3729 2785 ἀλλ’

2139 2810 2219 2873 εἰς
2240 2810 2397 2864 τοῦτο
2420 2811 2756 2866 κατολισθεῖν
2795 2815 3078 2885 ὠμότητος
3110 2817 3210 2889 τὴν
3256 2819 3481 2875 ἐκείνων
3516 2824 3728 2877 ἀνοσιό-

2136 2917 2276 2971 τητα
2310 2905 2758 2974 προμεμήνυκεν,
2792 2906 2868 2970 ὡς
2892 2906 3143 2978 οἰηθῆναί
3176 2925 3328 2976 ποτε,
3361 2913 3457 2965 καὶ
3484 2913 3583 2984 τὴν
3628 2915 3729 2985 τῆς

2137 2992 2218 3061 είς
2237 2992 2371 3045 Θεὸν
2397 2994 2676 3058 εὐσεϐείας
2711 2996 2847 3050 ἰέναι
2876 2998 3064 3068 τρίϐον
3093 2999 3192 3070 τὴν
3244 3003 3365 3054 κατ’
3418 3004 3600 3058 αὐτῶν
3646 3010 3726 3072 εἰς

2137 3083 2306 3155 ἄκρον
2351 3085 2768 3157 ἀπανθρωπίαν.
2813 3090 2936 3143 Ὅτι
2982 3091 3041 3144 δέ
3086 3091 3507 3163 ἀποσυνάγωγοι
3575 3101 3726 3170 παρά

2136 3177 2249 3237 τοῖς
2294 3176 2569 3240 Ἰουδαίοις
2603 3179 2864 3246 ἐγίνοντο,
2913 3182 3006 3235 καὶ
3063 3183 3264 3252 ταύτην
3324 3186 3399 3250 ὡς
3441 3190 3499 3241 ἐν
3530 3190 3726 3261 ἀρχαῖς

2136 3267 2230 3320 τοῦ
2256 3268 2577 3339 πράγματος
2608 3269 2878 3341 ὑπέμενον
2922 3273 3102 3344 δίκην,
3129 3276 3179 3326 οί
3208 3276 3305 3346 τῆς
3355 3277 3577 3351 ἀγάπης
3627 3285 3724 3354 τῆς

2133 3361 2214 3423 είς
2258 3362 2490 3431 Χριστὸν
2536 3363 2854 3433 ἐξημμένοι,
2904 3367 3074 3433 σαφὲς
3106 3367 3172 3421 ἀν
3202 3369 3434 3436 γένοιτο,
3471 3372 3722 3441 λέγοντος

2133 3453 2228 3504 τοῦ
2284 3453 2698 3522 εὐαγγελιστοῦ,
2740 3456 2822 3509 ὅτι
2861 3476 2880 3508 ι
2918 3457 3111 3511 Πολλοὶ
3145 3459 3327 3529 μέντοι
3372 3463 3467 3514 καὶ
3501 3463 3572 3514 ἐκ
3613 3464 3718 3516 τῶν

2132 3543 2410 3614 ἀρχόντων
2442 3546 2770 3599 ἐπίστευσαν
2816 3547 2897 3609 είς
2923 3547 3110 3614 αὐτὸν,
3143 3548 3279 3603 ἀλλά
3321 3551 3409 3605 διὰ
3455 3554 3585 3617 τοὺς
3615 3555 3719 3606 Φα-

2135 3635 2376 3704 ρισαίους
2406 3637 2504 3707 οὐχ
2527 3636 2861 3706 ὡμολόγουν,
2900 3638 2987 3692 ἵνα
3020 3642 3093 3711 μὴ
3149 3643 3572 3713 ἀποσυνάγωγοι
3625 3646 3719 3715 γέη

2132 3743 2350 3779 νωνται.
2386 3745 2404 3776 ι
2438 3727 2549 3779 Καὶ
2585 3728 2747 3782 πάλιν
2781 3747 2793 3760 ⁸
2841 3748 2857 3780 ι
2898 3730 3038 3802 Ἤδη
3083 3732 3191 3802 γὰρ
3243 3736 3615 3792 συνετέθειντο
3667 3743 3717 3793 οί

2131 3816 2171 3866 Γ
2178 3821 2483 3887 ραμματεῖς
2511 3819 2603 3870 καὶ
2639 3819 2688 3871 οἱ
2710 3821 3013 3890 Φαρισαῖοι,
3039 3822 3123 3875 ἵνα
3152 3823 3245 3876 ἐάν
3284 3842 3366 3888 τις
3398 3826 3562 3881 αὐτὸν
3598 3831 3716 3899 ὁμο·

2130 3904 2336 3980 λογὴσῃ
2369 3907 2459 3960 τὸν
2487 3909 2721 3979 Χριστὸν
2752 3906 2911 3975 εἶναι,
2941 3914 3369 3983 ἀποσυνάγωγος
3404 3918 3652 3987 γένηται·
3690 3940 3709 3971 ι

2131 3998 2244 4050 ἀλλ’
2278 4001 2444 4053 εἶκαὶ
2490 4001 2628 4070 πρὸς
2669 4001 2896 4071 ταύτην,
2940 4006 3094 4075 φησὶ,
3150 4006 3248 4076 τὴν
3297 4008 3404 4061 τῶν
3447 4010 3713 4064 Ἰουδαίων

2131 4086 2421 4158 ἐπιϐουλὴν
2455 4090 2746 4159 ἀφορήτως
2800 4092 2986 4161 ἔχουσί
3016 4111 3187 4159 τινες,
3224 4098 3399 4151 ἰστέον
3441 4100 3707 4164 ἐντεῦθεν,

2128 4177 2203 4240 ὡς
2230 4178 2289 4229 οὐ
2315 4180 2476 4249 μέχρι
2503 4179 2706 4233 τούτων
2744 4183 2811 4235 τὰ
2842 4183 2963 4235 καθ’
2997 4186 3142 4255 ὑμᾶς
3180 4191 3455 4259 στήσεται.
3482 4192 3573 4263 Μὴ
3608 4194 3709 4263 γάρ

2127 4273 2282 4337 ὅλως,
2316 4274 2499 4344 φησὶν,
2534 4276 2581 4327 εί
2607 4277 2701 4328 καὶ
2723 4279 2961 4350 συμϐαίη
2983 4281 3142 4335 τοῦτο
3174 4284 3364 4338 παθεῖν
3391 4288 3702 4358 ἀσχάλλετε.

2129 4365 2529 4436 Κατοιχήσεται
2560 4369 2623 4439 δὴ
2656 4371 2793 4438 πρὸς
2833 4372 2988 4426 τοῦτο
3020 4374 3354 4447 φαυλότητος
3380 4378 3449 4432 τά
3488 4384 3705 4436 ἐκεί-,ων

2125 4456 2472 4527 τολμήματα,
2515 4461 2590 4522 ὠς
2611 4463 2689 4524 εἰς
2725 4462 2979 4534 λατρείας
3012 4465 3241 4538 δύναμιν
3292 4471 3391 4539 τῆς
3429 4472 3705 4543 θεοφιλοῦς

2126 4549 2215 4600 τὸν
2254 4550 2375 4602 καθ’
2414 4550 2569 4619 ὑμῶν
2595 4553 2844 4623 οἰηθῆναι
2876 4555 3107 4611 θάνατον
3143 4575 3155 4587 ·
3186 4560 3217 4611 ὂ
3254 4560 3318 4632 δὴ
3352 4563 3447 4616 καὶ
3488 4568 3705 4633 γεγονὸς

451 4652 627 4705 neque
659 4636 955 4703 bibituros,
997 4652 1163 4707 quam
1217 4652 1340 4692 eum
1390 4638 1799 4696 interfecissent
1826 4642 1889 4697 ³¹.
1931 4642 2022 4700 Sic

2140 4639 2456 4709 εὑρήσομεν,
2481 4640 2571 4691 ἐπί
2602 4657 2662 4692 τε
2693 4641 2770 4712 τῷ
2803 4644 2942 4715 ἁγίῳ
2966 4647 3236 4716 στεφάνῳ,
3260 4652 3325 4718 τῇ
3370 4650 3476 4704 τῶν
3512 4652 3704 4723 μαρτύ-

447 4727 594 4781 cnim
620 4727 675 4781 in
703 4728 936 4783 Actibus
969 4736 1289 4783 sanctorum
1326 4732 1702 4799 apostolorum
1751 4735 2018 4805 scriptum

450 4817 810 4889 reperiemus.
839 4817 1055 4888 Optima
1089 4835 1221 4890 ergo
1247 4831 1302 4874 et
1331 4821 1628 4877 utilissima
1655 4831 1739 4878 est
1768 4825 1856 4878 illa
1882 4842 2021 4894 pra:-

447 4906 620 4963 dictio
661 4924 784 4979 qua:
833 4910 1080 4979 gravium
1140 4908 1407 4962 malorum
1451 4916 1653 4963 metum
1694 4912 2017 4979 praemollit,

445 5009 498 5056 et
538 5001 695 5069 quasi
747 5000 859 5069 jam
907 5015 970 5055 ea
1024 5006 1281 5069 expertos
1329 4999 1394 5053 ad
1438 5001 1605 5054 animi
1636 5001 1893 5058 virtutem
1932 5019 2020 5058 rc-

447 5100 626 5147 vocat.
698 5090 1024 5162 Refrigescit
1093 5092 1240 5145 enim
1312 5091 1719 5161 quodammodo
1789 5095 2018 5164 periculi

445 5190 611 5238 aestus
642 5193 766 5238 ante
803 5183 1081 5253 provisus,
1116 5189 1169 5236 et
1202 5182 1402 5235 lentius
1433 5181 1662 5235 invadit.

2132 4746 2241 4798 ρων
2272 4729 2518 4799 ἀπαρχῇ,
2547 4732 2641 4783 καὶ
2678 4732 2770 4784 ἐπὶ
2798 4733 2875 4802 τῷ
2906 4735 3178 4807 θεσπεσίῳ
3211 4738 3430 4808 Παύλῳ.
3453 4742 3703 4813 Στεφάνῳ

2132 4821 2229 4888 μὲν
2261 4821 2369 4891 γὰρ
2402 4820 2462 4872 τὸ
2492 4823 2588 4891 τῆς
2625 4822 2937 4894 δυσφημίας
2964 4826 3217 4899 ἔγκλημα
3257 4831 3697 4901 περιπλέκοντες,

2129 4913 2223 4965 καὶ
2261 4913 2419 4981 ζῆλον
2476 4914 2726 4968 ἐντεῦθεν
2766 4917 2855 4975 τὸν
2898 4919 3141 4987 φιλόθεον
3191 4921 3574 4994 πλαττόμενοι,
3616 4927 3701 4978 τὸν

2127 5003 2214 5055 διά
2266 5003 2427 5056 λίθων
2479 5006 2759 5075 ἐπήγαγον
2798 5006 3029 5061 θάνατον
3067 5028 3080 5042 ·
3143 5011 3220 5081 τῷ
3255 5029 3319 5081 γε
3350 5016 3460 5087 μὴν
3489 5016 3618 5091 ἱερῷ
3646 5033 3700 5068 τε

2127 5096 2222 5147 καὶ
2262 5097 2557 5165 σοφωτάτῴ
2591 5098 2788 5169 Παύλῳ
2813 5100 3064 5153 τοσοῦτον
3099 5104 3382 5175 ἐπέτριζον
3415 5107 3524 5160 τῶν
3581 5109 3701 5161 Ἰου-

2125 5187 2287 5242 δαίων
2310 5189 2472 5253 τινές,
2517 5190 2591 5254 ὡς
2620 5191 3013 5263 ἀναθεματίσαι
3037 5196 3283 5260 ἑαυτοὺς,
3313 5199 3472 5268 μήτε,
3492 5200 3700 5268 φαγεῖν,

448 5273 586 5345 μήτε
615 5275 780 5337 πιεῖν,
832 5273 991 5344 ἄχρις
1013 5267 1074 5326 οὐ
1111 5271 1371 5325 ἀνέλωσιν
1400 5269 1581 5323 αὐτόν.
1636 5269 1791 5324 Οὕτω
1825 5271 1933 5342 γὰρ
1963 5273 2017 5326 ἐν
2055 5279 2173 5338 ταῖς
2192 5277 2429 5348 Πράξεσι
2462 5279 2568 5332 τῶν
2596 5279 2767 5346 ἁγίων
2832 5281 3143 5335 ἀποστόλων
3197 5287 3584 5365 γεγραμμένον
3620 5284 3710 5338 εὐ·-

447 5367 706 5437 ρήσομεν.
735 5363 890 5433 Καλὴ
913 5363 1203 5435 τοιγαροῦν
1222 5363 1317 5415 καὶ
1357 5361 1635 5433 λυσιτελὴς
1668 5362 1789 5414 λίαν
1850 5364 1883 5433 ἡ
1953 5365 2275 5437 πρόρρησις,
2340 5370 2878 5443 προεξευμαρίζουσα
2932 5373 3030 5442 μέν
3075 5373 3162 5427 τὸν
3205 5375 3300 5428 ἐπὶ
3342 5361 3463 5440 τοῖς
3514 5378 3694 5436 δεινοῖς

447 5455 628 5523 φόϐον,
661 5455 737 5516 ὡς
762 5454 818 5506 δέ
860 5456 959 5525 ήδη
1004 5454 1340 5517 πεπονθότας
1381 5455 1822 5525 ἀναχαλκεύουσα
1870 5448 2006 5527 πρὸς
2043 5460 2289 5530 ἀνδρείαν
2318 5465 2443 5527 τοὺς
2492 5464 2759 5534 μαθητάς.
2829 5466 3392 5539 Προαποψδχθήσεται
3427 5471 3534 5542 γάρ
3590 5487 3695 5534 πως

446 5550 480 5619 ἡ
509 5544 600 5600 τοῦ
633 5543 1176 5627 κινδύνουιθερμότης
1207 5548 1633 5620 προεγνωσμένη
1658 5549 1770 5608 τοῖς
1790 5547 2078 5616 πάσχουσι,
2109 5553 2200 5605 καὶ
2220 5552 2612 5624 ἀσθενεστέραν
2632 5553 2728 5625 τὴν
2765 5554 2953 5624 ἔφοδον
2981 5558 3289 5628 ἐργάζεται.

516 5726 740 5784 "Joan.
778 5744 876 5795 xu,
907 5729 995 5784 42.
1072 5729 1296 5787 "Joan.
1332 5732 1524 5799 Ix,22.

1605 5732 1652 5765 ³⁰
1685 5733 1806 5785 Act.
1840 5746 1937 5797 vn,
1981 5730 2171 5786 56-59.

2252 5731 2292 5763 ³³
2321 5734 2442 5787 Act.
2482 5750 2637 5801 χχιιι,
2670 5734 2765 5789 21.
