4024 6262
219 302 326 360 425

1288 309 1353 363 IN
1385 310 1671 367 JOANNIS
1705 279 2148 368 EVANGt-ELIUM
2178 313 2307 369 LIB.
2341 313 2407 369 x.

3365 315 3472 373 £96

289 424 401 477 Καὶ
427 422 614 479 ταῦτα
648 426 1036 491 ποιήσουσιν,
1080 427 1171 481 ὅτι
1221 431 1334 484 οὐκ
1368 431 1644 500 ἔγνωσαν
1690 433 1800 484 τὸν

1971 431 2111 496 XVI,
2146 435 2199 489 ὅ.
2230 432 2298 486 Et
2330 434 2441 488 hac
2476 435 2678 503 facient
2707 436 2871 495 vobis,
2913 442 3037 503 quta
3071 447 3172 485 non
3218 444 3470 486 noverunt

217 514 475 581 Πατέρα,
500 515 643 570 οὐδὲ
671 516 794 585 ἐμέ.

298 605 507 670 Ἐδειξε
535 605 640 658 τῶν
671 606 936 661 Ἰουδαίων
954 608 1046 661 τὸν
1067 607 1251 678 ζῆλον,
1273 612 1343 684 ,οὐ
1402 612 1522 665 κατ’
1564 612 1798 681 ἐπίγνω-

222 711 331 761 σιν,
369 698 617 767 καθάπερ
632 697 820 767 ἀμέλει
847 701 942 752 καὶ
987 700 1016 752 ό
1044 700 1255 764 Παῦλός
1289 719 1424 772 φησι
1458 718 1472 732 ·
1519 704 1801 775 πεπλανη-

224 786 389 857 μένον
417 786 471 839 δέ
499 787 722 857 σφόδρα,
758 790 853 842 καὶ
876 789 980 853 ἔξω
1017 807 1119 843 που
1148 790 1397 861 βαίνοντα
1446 793 1543 862 τῆς
1590 794 1805 859 εὐθείας

219 874 363 936 ὁδοῦ,
393 874 569 928 καίτοι
596 875 879 942 δοκοῦντα,
919 880 1061 932 κατά
1097 894 1162 946 γε
1194 879 1286 932 τὸν
1342 882 1400 933 ἐν
1443 882 1629 946 αὐτοῖς
1675 882 1805 937 ὅντα

224 965 450 1028 σκοπὺνξ
480 963 752 1018 τελεῖσθαι
774 966 865 1018 διὰ
889 966 1046 1020 Θεόν.
1071 969 1262 1038 ᾯοντο
1302 969 1402 1040 μὲν
1431 971 1554 1040 γάρ,
1581 971 1683 1042 τῆς
1716 972 1806 1026 διὰ

222 1055 466 1120 Μωσέως
493 1057 965 1130 ὑπερασπίζοντες
992 1058 1235 1130 ἐντολῆς,
1269 1060 1362 1115 τὸν
1391 1062 1484 1115 τοῦ
1511 1064 1677 1133 νόμον
1719 1064 1807 1118 δο-

222 1147 367 1218 τῆρα
399 1149 817 1220 κατευφραίνειν
866 1149 1019 1213 Θεὸν,
1072 1155 1166 1204 καὶ
1218 1153 1514 1223 μαχόμενοι
1566 1158 1680 1219 τοῖς
1719 1156 1808 1210 διὰ

225 1238 464 1309 Χριστοῦ
495 1238 878 1310 θεσπίσμασιν,
907 1242 1214 1312 εὐδοκιμεῖν
1250 1245 1299 1295 οἱ
1337 1243 1563 1307 τάλανες
1606 1247 1667 1299 οὐ
1725 1263 1809 1317 μι-

227 1330 376 1400 κρῶς
407 1330 808 1400 ὑπελάμϐανον.
844 1330 944 1384 Διὰ
972 1332 1082 1402 γάρ
1112 1349 1198 1386 τοι
1252 1333 1410 1387 τοῦτο
1443 1336 1538 1389 καὶ
1568 1339 1680 1401 τοῖς
1715 1337 1808 1389 τὸν

228 1425 579 1492 εὐαγγελικὸν
605 1426 1023 1498 διακηρύττουσι
1045 1428 1204 1497 λόγον
1232 1430 1511 1485 ἐπέκειντο
1536 1434 1805 1504 σφοδρῶς,

228 1517 346 1570 ἀλλ’
376 1517 603 1586 ἠγνόουν
642 1519 858 1589 ἀπάσης
888 1519 1021 1572 εἵσω
1048 1521 1308 1585 πεσόντες
1335 1522 1564 1593 μωρίας,
1592 1524 1688 1577 καὶ
1722 1524 1810 1587 διὰ

225 1608 329 1678 τῆς
362 1611 443 1671 είς
478 1610 570 1663 τὸν
610 1610 737 1663 Υίὸν
769 1610 1010 1681 ἀτιμίας,
1047 1613 1126 1675 είς
1159 1613 1319 1666 αὐτὸν
1368 1614 1811 1685 πλημμελοῦντες

227 1698 324 1751 τὸν
362 1699 494 1753 Θεὸν
528 1702 623 1754 καὶ
653 1702 895 1772 Πατέρα,
939 1701 1140 1770 μᾶλλον
1196 1702 1254 1756 δέ
1308 1704 1405 1758 οὐκ
1454 1706 1655 1770 εἰδότες
1693 1707 1810 1776 ἡλί-

1903 519 2141 585 Patrem,
2167 538 2331 592 neque
2361 539 2462 577 me.

1972 609 2227 665 Ostendit
2256 609 2572 665 Judaeorum
2605 610 2801 675 zelum,
2829 624 2936 663 non
2971 608 3269 664 secundum
3297 607 3472 663 scien-

1902 701 2058 765 tiam,
2078 702 2240 756 sicuti
2274 717 2473 773 nempe
2502 712 2556 757 et
2586 701 2794 757 Paulus
2834 701 2910 754 ait
2935 701 3003 767 ⁸¹,
3031 699 3129 755 sed
3173 713 3470 754 erroneum

1902 793 2061 849 valde
2088 804 2142 849 et
2176 807 2206 848 a
2233 800 2385 848 recta
2418 794 2502 847 via
2532 794 2795 857 alienum,
2822 793 3094 863 quamvis,
3126 799 3187 845 ut
3225 791 3327 861 ipsi
3365 790 3471 846 sibi

1904 884 2260 953 persuadent,
2288 883 2589 939 secundum
2623 883 2793 938 Deum
2823 897 2944 939 esse
2972 881 3243 937 videatur.
3271 880 3473 936 Existi-

1906 974 2131 1027 mahant
2148 973 2292 1028 enim
2320 989 2378 1027 se
2394 970 2690 1028 Mosaicum
2724 979 3052 1043 praeceptum
3081 970 3475 1043 propugnando

1907 1076 2020 1117 rem
2069 1064 2204 1133 legis
2242 1064 2417 1119 datori
2476 1063 2586 1118 Deo
2619 1072 2829 1134 gratam
2864 1062 3067 1124 facere.
3111 1071 3168 1117 et
3208 1063 3478 1118 doctrina:

1905 1152 2112 1209 Christi
2155 1156 2530 1226 repugnando,
2562 1157 2795 1210 multum
2830 1155 2935 1210 sibi
2969 1154 3264 1209 conciliare
3291 1155 3478 1223 splen-

1907 1244 2063 1299 doris
2118 1247 2405 1316 putabant.
2436 1248 2613 1313 Quam
2660 1247 2733 1302 ob
2782 1260 3007 1302 causam
3064 1247 3117 1300 in
3152 1246 3479 1314 evangelica:

1908 1336 2177 1391 doctrinae
2216 1352 2499 1406 precones
2555 1338 2793 1393 ferocius
2833 1337 3213 1392 invadebant:
3249 1337 3345 1392 sed
3384 1352 3480 1392 ne-

1911 1427 2160 1482 sciebant
2187 1443 2248 1485 se
2284 1430 2338 1483 in
2369 1429 2657 1484 stultitiam
2687 1430 2977 1484 immanem
3008 1427 3359 1498 delapsos,et
3380 1442 3481 1482 no-

1911 1522 2023 1570 tam
2060 1514 2198 1571 Filio
2225 1518 2533 1588 irrogantes
2567 1533 2626 1572 se
2655 1519 2710 1571 in
2740 1517 2916 1586 ipsum
2954 1516 3124 1570 Deum
3159 1533 3223 1571 ac
3260 1515 3480 1571 Patrem

1912 1606 2253 1678 delinquere,
2285 1609 2418 1678 quin
2452 1616 2508 1663 et
2552 1608 2809 1678 ignorare
2843 1606 3063 1676 penitus
3109 1606 3484 1678 arguebantur

1912 1699 2043 1768 quid
2090 1699 2164 1753 sit
2210 1698 2390 1763 Pater,
2431 1698 2564 1768 quid
2618 1712 2816 1753 rursus
2865 1697 2958 1767 qui
3016 1713 3082 1753 ex
3125 1697 3244 1767 ipso
3277 1696 3485 1754 effulsit

230 1807 428 1844 σκοντο
458 1790 754 1855 παντελῶς,
783 1792 835 1844 τί
868 1793 967 1860 μὲν
1002 1793 1117 1845 ἔστι
1157 1793 1365 1864 Πατὴρ,
1393 1795 1445 1847 τί
1491 1796 1547 1849 δέ
1582 1797 1744 1851 πάλιν
1780 1800 1809 1851 ὁ

1922 1786 2123 1844 Filius:
2152 1798 2207 1843 et
2246 1789 2392 1858 quod
2422 1790 2621 1843 mirum
2653 1794 2760 1854 est,
2789 1787 2977 1843 Mosen
3013 1788 3483 1859 sapientissimum

228 1884 292 1949 ἐξ
320 1883 487 1937 αὐτοῦ
520 1884 773 1954 πεφηνὼς
808 1885 950 1948 Υἱός.
985 1887 1093 1938 Καὶ
1116 1886 1176 1939 τό
1205 1902 1270 1954 γε
1301 1886 1627 1957 παράδοξον,
1680 1889 1810 1944 Μω-

231 1974 333 2027 σέα
366 1974 466 2044 μὲν
498 1974 608 2045 γὰρ
636 1975 726 2028 τὸν
776 1974 1082 2043 σοφώτατον
1128 1978 1250 2040 ταῖς
1305 1978 1568 2032 ἀνωτάτω
1625 1982 1810 2049 τιμαῖς

230 2062 677 2130 καταστεφανοῦν
723 2065 1032 2133 ἠπείγοντο,
1083 2065 1253 2133 νόμου
1304 2066 1397 2119 τοῦ
1448 2066 1516 2119 δι’
1564 2068 1810 2135 ἀγγέλων

230 2153 492 2221 γεγονότα
522 2152 769 2207 διάκονον
800 2170 815 2184 ο
840 2155 932 2208 τὸν
958 2154 1015 2207 δέ
1048 2154 1253 2225 Κύριον
1276 2156 1436 2227 ἡμῶν
1477 2155 1687 2227 Ἰησοῦν
1719 2157 1811 2210 τὸν

231 2244 489 2314 Χριστὸν,
543 2244 640 2316 τὴν
683 2245 996 2317 ἀπόρρητον
1038 2246 1135 2299 τοῦ
1184 2247 1396 2317 Πατρὺς
1448 2247 1812 2318 ἐξηγούμενον

234 2335 513 2408 βούλησιν,
541 2337 769 2406 λέγοντά
798 2355 858 2390 τε
886 2338 1075 2407 σαφῶς
1110 2356 1125 2371 ο
1164 2358 1184 2391 ι
1237 2340 1355 2393 Ἀπ’
1383 2341 1624 2411 ἐμαυτοῦ
1675 2341 1815 2395 ποιῶ

228 2428 410 2493 οὐδὲν,
441 2429 557 2481 ἀλλ’
586 2430 615 2481 ό
645 2430 868 2500 πέμψας
898 2446 965 2500 με
997 2432 1210 2503 Πατὴρ,
1245 2431 1410 2496 αὐτός
1463 2450 1554 2503 μοι
1591 2435 1815 2509 ἐντολὴν

233 2521 434 2574 δέδωκε
451 2521 501 2574 τί
527 2522 666 2574 εῐπω
692 2523 784 2574 καὶ
812 2523 864 2575 τί
889 2522 1127 2593 λαλήσω,
1190 2542 1209 2575 ι
1244 2527 1363 2589 ταῖς
1393 2526 1646 2597 ἐσχάταις
1694 2528 1815 2582 ἀτι-

240 2611 396 2683 μίαις
415 2611 723 2682 περιϐαλεῖν
746 2614 846 2666 οὐκ
872 2611 1146 2684 ὤκνησαν,
1170 2615 1345 2670 καίτοι
1374 2618 1817 2691 συνθαυματουρ-

235 2701 459 2770 γοῦντος
490 2703 639 2773 αὐτῷ
662 2702 758 2756 τοῦ
796 2704 933 2757 Θεοῦ
966 2707 1059 2757 καὶ
1075 2707 1310 2778 Πατρὸς,
1338 2709 1433 2760 καὶ
1458 2707 1527 2761 δι’
1550 2709 1816 2779 αἰσθητῆς

232 2793 447 2848 ἄνωθεν
522 2794 924 2865 μαρτυροῦντος
996 2797 1202 2865 φωνῆς,
1267 2798 1704 2869 ἀνακεκραγότος
1758 2799 1816 2851 δέ

231 2884 542 2956 διαρρήδην
581 2885 675 2937 καὶ
706 2885 972 2953 λέγοντος·
1007 2905 1026 2936 ι
1054 2880 1218 2951 Οὗτός
1248 2889 1395 2941 ἐστιν
1418 2889 1448 2940 ό
1478 2888 1608 2952 Υἱός
1657 2906 1758 2959 μου
1789 2890 1818 2943 ό

227 2974 541 3042 ἀγαπητὸς,
572 2977 629 3026 ἐν
649 2968 692 3042 ᾧ
716 2975 1010 3045 ηὑδόκησα.
1026 2995 1044 3026 ι
1070 2977 1226 3029 Ἔστι
1256 2978 1433 3031 τοίνυν
1458 2979 1558 3031 οὐκ
1583 2978 1819 3048 ἀμφίϐο-

229 3066 350 3131 λον,
376 3065 452 3128 ὡς
473 3066 630 3136 εἴπερ
654 3082 738 3128 τις
774 3066 948 3119 ἕλοιτο
976 3069 1087 3131 τοῖς
1115 3068 1206 3121 τὸν
1267 3066 1408 3121 θεῖον
1460 3068 1821 3140 διαπορθμεύ-

225 3175 359 3212 ουσι
384 3156 538 3224 λόγον
563 3156 888 3224 ἐπιφύεσθαι
933 3158 1164 3229 πικρῶς,
1215 3160 1274 3211 ὲν
1319 3159 1511 3230 ἀγνοίᾳ
1572 3160 1819 3213 κείσεται

230 3249 425 3315 πάσης
479 3245 611 3316 ὁμοῦ
642 3246 741 3316 τῆς
790 3246 953 3313 ἁγίας
986 3261 1048 3297 τε
1101 3246 1197 3298 καὶ
1227 3248 1511 3316 ὀμοουσίου
1567 3246 1818 3316 Τριάδος.

228 3337 378 3391 υόδὲ
435 3339 540 3409 γὰρ
588 3333 694 3390 οἶδε
752 3338 845 3390 τὸν
886 3336 1131 3405 Πατέρα,
1179 3338 1207 3389 ὁ
1241 3336 1332 3389 τὸν
1381 3336 1442 3403 ἐξ
1498 3335 1664 3389 αὐτοῦ
1724 3353 1823 3389 πε-

232 3425 450 3494 φηνότα
468 3425 637 3492 Λόγον
658 3425 757 3492 τῆς
790 3424 1114 3494 πρεπούσης
1150 3424 1309 3492 δόξης
1333 3423 1439 3489 ἔξω
1466 3424 1655 3488 τιθεὶς,
1682 3425 1825 3479 κατά

233 3530 306 3582 γε
336 3513 428 3565 τὸν
455 3513 584 3564 ἴδιον
613 3513 836 3564 σκοπόν.
868 3512 991 3576 Πῶς
1020 3512 1132 3582 γάρ
1161 3512 1261 3565 οὐκ
1286 3512 1675 3576 ἀνενδοιάστως
1715 3530 1821 3565 παι

241 3604 507 3676 ραδεκτδν
531 3602 681 3672 παρά
705 3619 772 3669 γε
790 3605 899 3665 τοῖς
920 3603 1329 3673 νουνεχέστερον
1348 3606 1414 3674 τῇ
1432 3603 1542 3656 τῶν
1569 3604 1825 3674 πραγμά-

239 3713 360 3749 των
387 3694 545 3762 φύσει
576 3692 901 3763 προσϐαλεῖν
930 3693 1281 3761 δυναμένοις,
1304 3693 1382 3757 ὡς
1416 3694 1647 3766 ἐπείπερ
1677 3695 1827 3749 ἐστὶν

246 3786 539 3854 ὁμοτούσιος
577 3783 655 3852 τῷ
711 3785 906 3851 Πατρὶ,
949 3781 1169 3853 λαλήσει
1206 3781 1304 3851 μὲν
1346 3783 1561 3846 πάντως
1588 3785 1657 3837 τὰ
1689 3784 1829 3837 κατὰ

253 3876 516 3946 βούλησιν
536 3874 627 3926 τοῦ
652 3872 884 3942 Πατρὸς,
915 3873 988 3935 ὡς
1017 3872 1075 3925 δὲ
1100 3872 1355 3925 κοινωνὸν
1376 3874 1474 3943 τῆς
1504 3873 1662 3943 δόξης
1688 3873 1829 3944 ἔχων

245 3965 440 4029 αὑτὸν,
472 3962 580 4027 ἔξει
601 3962 666 4033 δὴ
699 3962 914 4024 πάντως
949 3962 1041 4014 καὶ
1064 3960 1520 4032 συλλυπούμενον,
1543 3962 1628 4031 ἐφ’
1651 3952 1733 4025 οἷς
1762 3962 1830 4016 ἀν

246 4055 523 4112 πταίωσιν
544 4055 624 4116 εἰς
651 4052 813 4105 αὐτόν
836 4068 1006 4120 τινεςς
1036 4052 1408 4121 Ἀπολογεῖται
1426 4053 1605 4107 τοίνυν
1627 4055 1684 4106 ἐν
1705 4052 1828 4107 τού-

242 4163 363 4209 τοις
385 4147 414 4197 ό
445 4143 650 4214 Κύριος
686 4142 843 4213 ἡμῶν
881 4143 1085 4214 Ἰησοῦς
1113 4144 1143 4194 ὁ
1187 4143 1441 4214 Χριστὸς,
1500 4145 1591 4198 καὶ
1643 4162 1831 4215 μονον-

243 4237 372 4308 ουχὶ
399 4235 507 4289 τῶν
543 4233 847 4288 Ἰουδαϊκῶν
880 4234 1246 4305 τολμημάτων
1268 4237 1581 4305 κατηγορεῖ,
1625 4235 1831 4307 πικράν

247 4331 350 4385 καὶ
374 4328 613 4399 ὀλέθριον
639 4326 887 4380 ἐντεῦθεν
911 4326 1121 4389 ἐπιθεὶς
1145 4326 1244 4396 τὴν
1290 4326 1469 4396 ψῆφον
1504 4328 1621 4389 τοῖς
1665 4326 1830 4382 αὑτὸν

1915 1881 2150 1935 summis
2194 1880 2500 1936 honoribus
2540 1894 2740 1934 ornare
2784 1880 3144 1943 nitebantur,
3192 1880 3326 1951 legis
3390 1895 3487 1950 per

1916 1972 2139 2042 angelos
2214 1971 2430 2026 traditae
2511 1972 2831 2028 ministrum
2879 1990 2895 2028 :
2951 1971 3244 2027 Dominum
3304 1979 3485 2026 autem

1916 2073 2167 2118 nostrum
2220 2061 2407 2118 Jesum
2443 2062 2751 2128 Christum,
2791 2063 2884 2133 qui
2920 2062 3116 2119 Patris
3160 2062 3486 2118 ineﬂ‘abilem

1917 2153 2254 2209 voluntatem
2310 2154 2569 2224 explicat,
2624 2163 2680 2209 et
2736 2162 2923 2224 aperte
2974 2155 3091 2208 ait:
3129 2172 3148 2205 ι
3190 2154 3235 2207 Α
3274 2153 3488 2224 meipso

1918 2245 2066 2301 facio
2085 2247 2244 2310 nihil,
2275 2246 2372 2302 sed
2406 2246 2499 2313 qui
2524 2245 2670 2300 misit
2700 2260 2788 2301 me
2815 2243 3001 2310 Pater,
3030 2245 3150 2315 ipse
3178 2244 3311 2301 mihi
3337 2260 3483 2299 man-

1918 2338 2107 2395 datum
2155 2337 2305 2393 dedit
2333 2337 2465 2407 quid
2498 2337 2678 2391 dicam
2713 2344 2771 2392 et
2811 2336 2943 2407 quid
2978 2339 3176 2407 loquar
3208 2334 3274 2402 ³³,
3314 2354 3333 2388 ι
3371 2344 3490 2390 tur-

1921 2429 2147 2500 pissima
2168 2428 2468 2500 ignominia
2498 2427 2712 2483 allicere
2737 2442 2845 2481 non
2869 2427 3217 2492 dubitarunt,
3237 2426 3490 2497 quamvis

1921 2520 2186 2575 miracula
2230 2520 2393 2573 simul
2427 2533 2553 2574 cum
2593 2533 2661 2573 co
2706 2517 2850 2574 Deus
2904 2534 2968 2572 ac
3015 2518 3178 2573 Pater
3210 2518 3397 2582 faciat,
3437 2526 3493 2573 et

1922 2620 2112 2683 aperte
2158 2611 2381 2674 clamet,
2422 2625 2487 2664 ac
2537 2608 2686 2664 dicat
2725 2626 2739 2663 :
2778 2628 2797 2661 ί
2843 2607 2944 2663 llic
2994 2616 3077 2665 est
3114 2606 3290 2665 Filius
3337 2624 3493 2665 meus

1922 2703 2178 2767 dilectus,
2235 2701 2291 2755 ln
2344 2716 2454 2771 quo
2512 2700 2643 2754 mihi
2701 2700 3006 2770 complacui
3052 2700 3119 2754 “.
3176 2718 3194 2751 ι
3258 2697 3490 2755 Dubium

1923 2793 2088 2862 igitur
2110 2806 2221 2846 non
2252 2798 2335 2846 est
2365 2790 2536 2860 quod,
2568 2790 2613 2846 si
2652 2791 2776 2860 quis
2813 2790 2982 2845 divini
3005 2788 3169 2844 Verbi
3210 2805 3494 2859 praecones

1924 2884 2180 2939 acerbius
2254 2883 2498 2947 invadat,
2550 2883 2605 2936 in
2659 2881 3007 2953 ignoratione
3073 2867 3237 2937 simul
3288 2894 3495 2939 saneta!

1920 2983 1979 3029 et
2008 2974 2503 3030 eonsubstantialis
2534 2972 2844 3029 'Trinitatis
2892 2983 3212 3028 versaturus
3256 2973 3347 3029 sit.
3384 2973 3495 3029 Nec

1921 3066 2070 3120 enim
2103 3065 2322 3121 Patrem
2366 3054 2538 3131 n'ovit,
2571 3064 2663 3135 qui
2714 3064 2957 3120 Verbum
2990 3078 3055 3119 ex
3085 3078 3151 3119 eo
3191 3064 3494 3134 procedens

1925 3156 2278 3210 convenienti
2308 3157 2785 3226 gloria,quantum
2810 3155 2866 3210 in
2887 3171 2946 3211 se
2973 3162 3081 3221 est,
3112 3156 3331 3226 privare
3364 3155 3498 3209 niti-

1926 3254 2037 3299 tur.
2057 3245 2334 3316 ‘Numquid
2364 3246 2507 3300 enim
2543 3246 2849 3301 indubitate
2876 3245 3154 3301 fatendum
3184 3252 3269 3301 est
3302 3245 3373 3301 iis
3402 3245 3497 3315 qui

1928 3351 2112 3391 rerum
2142 3346 2394 3391 naturam
2413 3336 2635 3406 penitus
2658 3336 2857 3392 intueri
2894 3337 3128 3407 possint,
3158 3335 3326 3406 quod,
3370 3350 3495 3390 cum

1928 3429 2000 3484 sit
2044 3427 2193 3482 Patri
2254 3426 2768 3491 consubstantialis,
2803 3427 3091 3481 locuturus
3146 3426 3220 3482 sit
3271 3426 3499 3481 omnino

1925 3531 2049 3587 qua:
2096 3522 2220 3584 sunt
2262 3515 2419 3583 juxta
2451 3514 2616 3586 915
2662 3515 2998 3569 voluntatem
3052 3513 3254 3578 Patris,
3283 3522 3496 3569 etcum

1927 3623 2050 3663 eum
2082 3607 2273 3677 gloriae
2317 3620 2430 3661 suae
2471 3614 2782 3660 consortem
2821 3604 3039 3672 habeat,
3081 3603 3242 3661 simul
3280 3618 3499 3675 quoque

1927 3698 2080 3767 tangi
2113 3710 2344 3751 necesse
2393 3695 2465 3749 sit
2494 3696 2565 3750 iis
2605 3711 2726 3764 quae
2760 3695 2815 3749 in
2846 3694 3027 3765 ipsum
3062 3693 3310 3749 nonnulli
3357 3694 3498 3750 deli-

1930 3788 2176 3859 querint?
2199 3787 2295 3843 His
2348 3787 2530 3842 verbis
2566 3787 2749 3857 itaque
2791 3785 3058 3841 Dominus
3101 3792 3289 3841 noster
3337 3783 3500 3840 Iesus

1929 3879 2186 3935 Christus
2230 3876 2545 3933 Iudaeorum
2601 3875 2843 3932 nefarios
2873 3884 3105 3931 conatus
3145 3881 3359 3929 tantum
3388 3887 3500 3928 non

1932 3977 2197 4035 accusat,
2254 3968 2509 4023 acerbam
2554 3981 2617 4021 ac
2663 3964 2937 4021 funestam
2991 3965 3119 4020 hinc
3166 3967 3500 4020 sententiam

1930 4059 2120 4116 ferens
2160 4060 2215 4114 in
2244 4075 2339 4115 eos
2376 4059 2469 4129 qui
2501 4058 2830 4113 crudelitate
2857 4069 2986 4127 erga
3011 4064 3233 4113 sanctos
3270 4065 3500 4127 apostov

1934 4155 2039 4219 los,
2071 4153 2248 4223 ipsum
2279 4153 2511 4207 violant.
2538 4151 2648 4208 Nec
2682 4152 2828 4208 enim
2852 4152 2908 4206 in
2939 4152 3090 4222 ipsos
3118 4153 3336 4222 proprie
3379 4167 3504 4222 pec-

1935 4244 2041 4301 cati
2089 4244 2231 4300 ratio
2275 4251 2651 4309 eonvertetur,
2680 4246 2775 4301 sed
2834 4245 2890 4300 in
2948 4260 3070 4300 eum
3108 4245 3368 4301 ascendet
3409 4246 3498 4315 qui

1936 4334 2109 4389 divini
2157 4334 2501 4403 apostolatus
2534 4334 2614 4388 eis
2664 4349 2867 4389 munus
2915 4333 3202 4404 imposuit,
3239 4332 3505 4404 quemad~

246 4424 600 4494 ἀτιμάζουσι,
626 4420 714 4475 διὰ
745 4421 845 4489 τῆς
871 4422 950 4482 εἰς
982 4421 1177 4485 αὐτοὺς
1215 4422 1342 4484 τοὺς
1381 4422 1570 4489 ἁγίους
1600 4422 1819 4476 ἀποστό-

1938 4422 2157 4476 modum
2197 4430 2252 4476 et
2280 4424 2344 4475 ad
2380 4431 2630 4477 sanctum
2665 4422 2973 4477 Samuelem
3000 4423 3279 4493 quondam
3327 4422 3504 4476 aiebat

246 4521 379 4581 λους
407 4517 707 4587 ὠμότητος.
733 4514 806 4567 Οὐ
829 4513 937 4583 γὰρ
955 4514 1033 4575 εἰς
1051 4513 1246 4574 αὐτοὺς
1267 4513 1509 4582 κυρίωςό
1528 4512 1629 4581 τῆς
1651 4511 1832 4581 πλημ-

251 4609 480 4678 μελείας
507 4606 981 4677 περιτραπήσεται
1017 4602 1194 4669 λόγος,
1224 4602 1339 4655 ἀλλ’
1374 4604 1454 4666 είς
1490 4603 1654 4656 αὑτὸν
1707 4604 1834 4657 ἀναο

249 4704 485 4770 ϐήσεται
511 4699 601 4751 τὸν
629 4698 726 4767 τῆς
760 4696 911 4758 θείας
940 4694 1245 4764 ἀποστολῆς
1285 4695 1469 4756 αὐτοῖς
1515 4694 1830 4748 ἐπιτιθέντα

249 4794 353 4861 τὴν
393 4789 753 4860 λειτουργίαν,
785 4785 1036 4856 καθάπερ
1063 4784 1255 4854 ἀμέλει
1286 4784 1537 4853 καὶπρὸς
1573 4785 1830 4855 Σαμουήλ

250 4900 392 4936 ποτε
449 4883 540 4935 τὸν
574 4882 727 4947 ἅγιον
782 4879 933 4947 ἔλεγε
972 4877 1098 4947 περὶ
1145 4874 1254 4927 τῶν
1305 4875 1439 4926 υἱῶν
1473 4875 1719 4944 Ἰσραὴλ,
1748 4875 1829 4927 ὅτι

1939 4515 2005 4570 de
2035 4514 2163 4570 ﬁliis
2211 4513 2377 4569 Israel
2411 4532 2425 4568 :
2466 4534 2484 4564 ‹
2516 4512 2631 4567 Non
2689 4522 2741 4568 te
2777 4521 3243 4584 contempserunt,
3277 4513 3370 4568 sed
3419 4527 3506 4566 mc

1937 4613 2384 4671 contempserunt
2434 4603 2499 4654 ³⁸.
2556 4621 2573 4653 ι
2630 4601 2740 4657 Res
2788 4603 2973 4673 itaque
3023 4602 3507 4673 periculosissima:

1938 4694 2098 4762 plena
2144 4702 2228 4747 est
2268 4693 2420 4754 aleae,
2466 4693 2613 4747 nolle
2662 4694 2871 4748 sanctis
2922 4692 3503 4747 conuenientissimum

1940 4784 2202 4841 honorem
2233 4783 2521 4853 impertiri.
2558 4784 2772 4839 Peccati
2804 4785 3009 4855 quippe
3035 4786 3089 4839 in
3134 4798 3228 4838 cos
3262 4783 3407 4863 ratio
3436 4780 3505 4834 ad

1937 4875 2117 4940 ipsum
2150 4888 2177 4925 a
2211 4888 2320 4940 quo
2342 4873 2491 4927 missi
2524 4883 2647 4929 sunt
2676 4883 2943 4929 recurret.

258 4997 277 5029 ι
311 4979 392 5029 Οὐ
446 4975 507 5027 σὲ
565 4972 1002 5042 ἐξουθενήκασιν,
1039 4968 1151 5023 ἀλλ’
1182 4968 1213 5038 ἢ
1248 4966 1349 5036 ἐμὲ
1393 4965 1795 5037 ἐξουθενήκασι.
1834 4986 1851 5018 ι
1891 4968 2130 5036 Πρᾶγμα
2160 4964 2444 5036 τοιγαροῦν
2502 4964 2933 5036 σφαλερώτατον,
2963 4966 3022 5018 τὸ
3081 4964 3153 5035 μὴ
3186 4966 3294 5025 τοῖς
3335 4962 3507 5032 ἁγίοις

254 5072 439 5125 θέλειν
480 5067 577 5137 τὴν
641 5066 827 5127 αὐτοῖς
877 5062 1291 5133 ἁρμοδιωτάτην
1332 5060 1625 5128 ἀπονεῖμαι
1678 5060 1862 5130 τιμήν.

252 5163 418 5227 λόγος
447 5160 526 5221 είς
560 5158 650 5209 τὸν
681 5154 1073 5208 ἀποστείλαντα
1109 5150 1325 5213 αὐτούς.

346 5251 535 5303 Ἀλλὰ
577 5247 761 5300 ταῦτα
791 5243 1101 5310 λελάληκα
1139 5242 1316 5311 ὑμῖν,
1364 5242 1465 5295 ἵνα
1503 5239 1649 5293 ὅταν
1684 5239 1833 5306 ἔλθῃ

254 5345 297 5408 ἡ
355 5338 508 5408 ὥρα,
559 5335 978 5405 μνημονεύητε
1045 5332 1245 5385 αὐτῶν
1272 5371 1285 5396 ,
1347 5331 1437 5384 ὅτι
1505 5329 1622 5400 ἐγὼ
1668 5326 1839 5384 εἷπον

255 5432 430 5502 ὑμῖν.

339 5515 452 5587 Οὐχ
480 5518 667 5587 ἐτέρου
692 5533 786 5567 του
812 5513 971 5585 χάριν
1003 5511 1131 5582 περὶ
1156 5511 1363 5564 τούτων
1391 5512 1573 5574 αὐτοῖς
1604 5507 1838 5580 πεποιῆ-

1950 5060 2361 5130 ’Λναδραμείται
2401 5058 2510 5128 γὰρ
2555 5059 2652 5129 τῆς
2705 5060 2784 5122 είς
2818 5059 3016 5120 αὐτοὺς
3052 5055 3428 5125 πλημμελείας
3480 5051 3507 5105 ὁ

2013 5232 2153 5296 XVI,
2186 5235 2238 5287 4.
2291 5232 2395 5287 Sed
2430 5232 2539 5285 ha’c
2573 5232 2775 5285 locutus
2812 5248 2927 5285 sum
2976 5230 3142 5292 vobis,
3180 5239 3236 5281 ut
3271 5247 3387 5285 cum
3423 5249 3508 5287 new

1944 5326 2081 5380 nerit
2135 5324 2290 5388 hora,
2329 5338 2511 5377 eorum
2577 5322 3010 5383 reminiscamini,
3062 5322 3188 5389 quia
3241 5338 3333 5390 ego
3390 5323 3511 5379 dixi

1944 5417 2110 5470 vobis.
2440 5436 2447 5441 '
2792 5477 2803 5486 ο

2015 5505 2132 5560 Non
2164 5507 2330 5560 aliam
2361 5507 2433 5560 ob
2456 5518 2678 5559 causam
2707 5502 2913 5557 factum
2948 5516 3070 5558 esse
3095 5504 3271 5561 dehis
3299 5519 3511 5561 sermo-

338 5697 385 5727 ³³
411 5694 569 5748 Rom.
606 5709 659 5755 χ,
700 5690 755 5745 2.
832 5688 1051 5743 "Joan.
1090 5703 1206 5752 \‘Ill,
1243 5687 1313 5741 9.8
1340 5733 1355 5757 ι
1388 5704 1484 5747 xu.
1516 5688 1607 5741 49.
1688 5685 1732 5718 ³⁸
1756 5684 1819 5739 M:

1936 5726 1947 5739 .
1990 5701 2077 5750 ιιι,
2118 5686 2201 5738 l7.
2281 5683 2516 5752 "llleg.
2557 5697 2672 5745 νιιι,
2713 5682 2764 5736 7.

558 5787 830 5847 Parnm.
876 5784 991 5844 Gn.
1026 5782 1295 5844 LXXIV.

3088 5775 3158 5834 14
