4024 6262
563 286 664 342 ΩἸ

1551 283 1604 336 S.
1648 281 1922 336 CYRILLI
1962 275 2431 333 ALEXANDI’JNI
2473 271 2786 328 ARCHIEP.

3705 264 3803 320 69.8

560 419 684 458 nem
707 403 924 467 asserit,
949 416 1112 472 quam
1145 411 1202 454 ut
1233 409 1618 470 agnoscerent,
1641 401 1686 456 si
1721 402 1776 455 in
1796 401 2122 456 tentationes

2233 397 2356 449 σθαι
2387 395 2476 446 τὸν
2511 395 2665 462 λόγον
2698 387 3116 458 διῖσχυρίζεται,
3167 386 3197 456 ἦ
3239 387 3324 438 ἵνα
3353 383 3695 452 γινώσκοιεν,
3726 387 3805 440 ὅτι

561 501 780 563 propter
805 508 864 548 se
901 491 1222 553 inciderent,
1254 490 1478 544 omnino
1506 490 1737 560 gloriam
1772 489 1899 542 hinc
1930 503 2122 557 repor-

563 591 797 638 taturos.
826 579 937 636 Nec
969 581 1113 636 enim
1146 577 1394 649 praedixi,
1419 577 1621 648 inquit,
1651 587 1710 632 ut
1737 577 1846 632 vim
1874 586 1928 632 et
1958 577 2125 631 robur

558 681 754 728 vestra:
781 670 977 727 mentis
1009 684 1352 735 enervarem,
1382 669 1479 724 sed
1526 683 1703 738 neque
1735 676 1795 722 ut
1827 674 2123 737 praematu-

558 778 678 817 rum
721 760 878 818 vobis
933 759 1246 816 futurorum
1293 761 1564 814 malorum
1608 771 1874 816 terrorem
1911 760 2126 814 incute-

559 868 692 915 rem,
727 851 824 907 sed
880 859 940 905 ut
979 851 1337 922 anticipatam
1387 852 1573 922 potius
1607 865 1799 907 eorum
1835 850 1989 906 vobis
2027 864 2126 903 co-

557 944 859 1014 gnitionem
900 942 1195 1004 traderem,
1243 956 1352 1011 quo
1395 941 1665 1011 duplicem
1715 941 1843 995 hinc
1887 940 2122 994 fructum

556 1034 936 1106 reportaretis.
988 1032 1231 1088 Primum
1288 1033 1435 1090 enim
1489 1033 1762 1089 recordati
1818 1032 1932 1087 haec
1966 1047 1998 1085 a
2039 1047 2125 1086 nte

555 1124 815 1196 praedicta
851 1123 1045 1189 fuisse,
1084 1123 1421 1179 mirabimini
1473 1123 1566 1194 qui
1617 1138 1721 1193 ego
1763 1123 2122 1193 pratscierim,

553 1227 609 1272 et
647 1216 826 1285 ipsum
875 1214 1110 1285 periculi
1158 1223 1376 1284 tempus
1419 1213 1928 1270 manifestissimum
1960 1222 2124 1269 certa:

555 1307 678 1362 ﬁdei
726 1306 888 1362 vobis
939 1306 1043 1361 erit
1109 1313 1519 1376 argumentum.
1578 1303 1710 1359 Nam
1773 1305 1868 1374 qui
1939 1304 2124 1358 futura

555 1392 1026 1464 novit,quomodo
1058 1407 1166 1447 non
1199 1393 1306 1448 erit
1331 1392 1636 1449 secundum
1663 1402 1920 1448 naturam
1948 1392 2124 1449 Deus?

554 1483 783 1547 Deinde,
815 1483 909 1554 qui
944 1491 1285 1554 praeparatus
1335 1491 1416 1538 est
1466 1493 1521 1539 et
1560 1484 1766 1554 aliquid
1811 1485 1916 1540 sibi
1961 1499 2123 1540 even-

555 1585 737 1628 turum
773 1583 938 1628 antea
961 1574 1132 1638 novit,
1148 1572 1355 1627 leviore
1382 1581 1532 1628 metu
1559 1573 1848 1638 afﬁcietur,
1872 1581 1926 1628 et
1947 1573 2124 1644 quod-

551 1678 772 1732 cunque
821 1677 986 1732 grave
1045 1677 1170 1718 esse
1214 1663 1434 1719 videtur
1496 1662 1657 1719 facile
1721 1665 2026 1734 superabit,
2068 1673 2124 1720 et

2231 482 2295 554 δὴ
2336 481 2554 544 πάντως
2579 481 2690 541 τοῖς
2734 478 2801 530 δι’
2835 474 3014 529 αὐτῶν
3044 473 3062 544 [
3090 473 3174 526 ῑσ.
3211 471 3412 541 αὐτὴν]
3443 470 3806 541 ὁμιλήσαντες

2233 575 2558 644 πειρασμοῖς
2615 571 2712 640 τῆς
2760 567 3076 639 ἁμαρτίας,
3132 564 3230 634 τὴν
3273 562 3525 616 ἐντεῦθεν
3567 563 3807 632 ἀποκερ-

2229 662 2446 718 δανοῦσι
2474 662 2652 726 δόξαν.
2705 660 2779 712 Ού
2814 657 2924 728 γὰρ
2959 657 3024 726 δὴ
3065 653 3371 726 προείρηκα
3398 691 3413 716 ,
3458 653 3595 722 φησὶ
3621 691 3636 715 ,
3679 651 3806 713 τοὺς

2229 755 2417 817 τόνους
2460 754 2558 823 τῆς
2590 750 2865 821 ὑμετέρας
2895 745 3131 808 διανοίας
3163 743 3591 815 προαπονευρῶν
3615 782 3631 806 ,
3688 741 3805 794 ἀλλ’

2229 847 2350 900 οὐδὲ
2382 845 2632 916 πρόωρον
2674 843 2801 912 ὑμῖν
2849 842 2914 893 ἐκ
2962 837 3050 892 τοῦ
3097 835 3386 889 πείσεσθαί
3414 853 3466 887 τι
3497 835 3805 905 προσδοκᾷν

2231 940 2523 1008 ἐπινοήσας
2551 936 2612 988 τὸ
2637 936 2819 1004 δεῖμα,
2858 931 3258 1003 προγινώσκειν
3291 929 3346 982 δὲ
3378 929 3580 1000 μᾶλλον
3603 930 3799 995 διδοὺς,

2231 1032 2318 1084 ἴνα
2345 1028 2528 1098 διττὴν
2562 1025 2811 1080 ἐντεῦθεν
2842 1025 2942 1093 τὴν
2979 1023 3249 1092 ὠφέλειαν
3291 1021 3613 1092 κερδάνητε.
3647 1023 3804 1094 Πρῶ-

2229 1139 2322 1175 τον
2350 1123 2445 1191 μὲν
2472 1120 2580 1189 γὰρ
2615 1115 3073 1188 ἀναμνησθέντες,
3101 1114 3182 1167 ὅτι
3227 1117 3490 1184 προεῖπον
3533 1114 3667 1182 ἐγὼ,
3711 1115 3802 1168 τὸν

2232 1211 2616 1282 προεγνωκότα
2648 1208 2978 1278 θαυμάσετε,
3011 1205 3105 1259 καὶ
3130 1205 3290 1268 αὐτὸς
3339 1207 3468 1277 ὑμῖν
3498 1207 3526 1259 6
3553 1206 3648 1258 τοῦ
3691 1224 3803 1259 κιν⁹

2229 1303 2387 1357 δύνου
2417 1302 2604 1373 καιρὸς
2627 1302 2704 1363 είς
2737 1297 3110 1369 πληροφορίαν
3144 1295 3423 1364 ἀσφαλοῦς
3452 1313 3517 1348 συ
3529 1296 3802 1366 μϐήσεται

2231 1394 2486 1457 πίστεως.
2530 1393 2587 1445 'U
2623 1391 2733 1462 γὰρ
2761 1390 2915 1452 εἰδὼς
2940 1388 3008 1441 τά
3033 1387 3288 1457 ἐσόμενα,
3327 1387 3446 1448 πῶς
3485 1388 3587 1440 οὐκ
3621 1387 3685 1441 ἂν
3719 1388 3800 1458 εἴη

2232 1485 2374 1540 κατά
2399 1484 2562 1554 φύσιν
2591 1484 2753 1548 Θεός;
2789 1482 2897 1536 Καὶ
2931 1481 3064 1554 πρός
3095 1496 3158 1548 γε
3201 1479 3376 1548 τούτῳ
3401 1479 3462 1532 τὸ
3493 1479 3702 1549 ἕτερον.
3744 1480 3803 1533 '0

2229 1577 2340 1648 γὰρ
2389 1577 2454 1647 δὴ
2507 1573 3089 1648 προηυτρεπισμένος,
3148 1571 3242 1626 καὶ
3293 1571 3660 1641 προεγνωκὼς
3719 1574 3798 1625 ὅτι

2230 1670 2496 1732 πείσεται,
2533 1667 2937 1738 μαλθακωτέρῳ
2973 1665 3070 1735 μὲν
3099 1663 3479 1736 περιτεύξεται
3521 1664 3602 1734 τῷ
3630 1664 3796 1734 φόϐῳ,

554 1759 943 1813 inconcussum
977 1758 1030 1810 in
1083 1757 1218 1827 ipsis
1257 1757 1538 1812 laboribus
1570 1759 1817 1814 animum
1852 1766 1936 1816 est
1966 1760 2122 1814 babi-

2234 1761 2700 1831 κατευμεγεθήσει
2750 1760 2805 1812 δὲ
2859 1759 3054 1829 ῥᾳδίως
3117 1757 3319 1821 παντὸς
3369 1757 3464 1812 τοῦ
3518 1758 3799 1820 δοκοῦντος

555 1855 737 1902 turus.
791 1846 996 1902 Praeter
1055 1849 1416 1917 spem.enim
1477 1849 1686 1920 aliquid
1744 1851 1874 1920 pati,
1932 1851 2127 1921 pungit

554 1939 760 1994 acrius.
808 1939 1081 2006 Quocirca
1130 1938 1454 1996 Psalmistes
1495 1941 1569 1995 ait
1603 1960 1616 1995 :
1651 1959 1670 1992 ι
1708 1940 1943 1999 Paratus
1979 1959 2124 2006 sum,

551 2043 604 2086 et
634 2046 745 2086 non
780 2047 900 2087 sum
935 2033 1190 2087 turbatus
1217 2033 1284 2084 ³⁸.
1325 2052 1343 2084 ι
1380 2031 1692 2104 Discipulos
1733 2035 1901 2105 igitur
1933 2035 2126 2091 memi-

551 2124 701 2179 nisse
727 2122 884 2192 jubet
919 2121 1099 2178 futura
1129 2123 1235 2180 sibi
1271 2123 1532 2192 praedicta
1571 2126 1765 2190 fuisse,
1790 2128 2001 2184 utiliter
2063 2143 2126 2184 ac

552 2212 892 2268 necessario.
940 2211 1173 2268 Dubium
1227 2215 1430 2283 quippe
1488 2229 1599 2269 non
1647 2225 1766 2270 erat
1810 2218 2122 2288 quin,cum

556 2303 734 2372 ipsum
771 2302 942 2359 Deum
996 2318 1185 2359 verum
1224 2318 1350 2360 esse
1403 2304 1614 2360 idcirco
1655 2307 1946 2363 crederent
1973 2309 2125 2380 (pro-

550 2394 730 2462 prium
764 2393 911 2447 enim
946 2395 1056 2448 veri
1093 2393 1184 2449 Dei
1213 2402 1297 2450 est
1329 2405 1530 2450 cuncta
1560 2399 1770 2468 nosse),
1792 2398 1952 2456 facile
1985 2415 2124 2472 quo-

549 2495 655 2547 que
687 2480 948 2535 credituri
988 2489 1177 2536 essent
1207 2483 1276 2537 ab
1314 2497 1378 2538 eo
1421 2499 1480 2540 se
1517 2486 1782 2554 periculis
1829 2488 2122 2545 liberatum

549 2585 639 2624 ιη.

615 2841 785 2912 916
813 2840 952 2906 XVI,
985 2841 1114 2907 5,6.
1167 2841 1294 2898 Ilwc
1343 2853 1520 2898 autem
1562 2844 1628 2898 ab
1672 2846 1828 2899 initio
1878 2862 1980 2901 non
2008 2847 2122 2903 dixi

550 2931 715 2995 vobis,
756 2931 880 2999 quia
919 2931 1187 2986 vobiscum
1235 2949 1402 2987 eram.
1443 2933 1510 2986 Et
1556 2951 1696 2989 nunc
1725 2936 1859 2991 vado
1899 2937 1970 2992 ad
2001 2956 2120 2994 eum

549 3022 637 3090 qui
689 3021 834 3074 misit
890 3038 990 3085 me,
1028 3031 1076 3076 et
1128 3040 1276 3078 nemo
1324 3039 1389 3078 ea:
1446 3025 1588 3088 vobis
1627 3027 1938 3099 'interrogat
1990 3047 2071 3084 me
2103 3047 2121 3084 :

551 3114 667 3180 Quo
701 3113 892 3169 vadis?
922 3111 1029 3168 Sed
1053 3114 1174 3182 quia
1206 3115 1316 3170 hara
1347 3115 1556 3170 locutus
1592 3133 1712 3170 sum
1746 3120 1912 3186 vobis,
1955 3122 2122 3175 tristi-

547 3206 624 3258 tia
657 3204 885 3272 implevit
915 3221 1005 3258 :or
1034 3217 1280 3261 vestrum.

621 3295 784 3349 Aliud
817 3295 1080 3365 quiddam
1113 3299 1245 3354 utile
1283 3313 1349 3354 ac
1385 3299 1543 3356 valde
1576 3302 1949 3358 necessarium
1973 3303 2126 3359 Chri-

549 3396 668 3444 stus
707 3389 967 3458 providit.
999 3388 1234 3445 Dubium
1271 3391 1472 3462 quippe
1517 3408 1627 3448 non
1658 3401 1776 3449 erat
1804 3395 1962 3465 quin,
1998 3411 2122 3451 cum

550 3479 682 3534 facti
715 3490 904 3535 essent
927 3480 1090 3535 initio
1119 3481 1240 3551 ejus
1270 3481 1551 3553 discipuli,
1577 3494 1632 3539 et
1659 3500 1782 3539 cum
1821 3501 1888 3541 eo
1918 3486 2124 3556 jugiter

551 3569 772 3635 versati,
813 3571 1098 3645 multaque
1131 3571 1401 3627 miracula
1441 3574 1646 3643 experti
1681 3573 1933 3642 fuissent,
1959 3585 2014 3630 et
2040 3577 2123 3630 in-

547 3662 972 3732 comparabilem
1025 3661 1146 3732 ejus
1187 3663 1296 3717 vim
1345 3677 1412 3718 ae
1461 3665 1759 3734 potentiam
1809 3666 2126 3736 perspexis~

546 3760 696 3818 sent,
739 3766 957 3808 omnem
980 3765 1040 3807 se
1093 3751 1452 3807 tentationem
1500 3760 1884 3823 superaturos,
1913 3753 2124 3808 omnia-

549 3858 658 3914 que
679 3843 908 3897 omnino
937 3842 1183 3912 pericula
1223 3851 1636 3913 expugnaturos
1680 3851 1960 3913 putarent.
1984 3843 2123 3911 Quis

549 3934 702 3987 enitn
759 3933 1075 4002 ambigendi
1107 3932 1264 3987 locus
1305 3933 1447 3987 ultra
1476 3941 1626 3989 esset
1656 3934 1726 3991 iis
1758 3935 1847 4005 qui
1887 3942 1969 3992 tot
2004 3943 2123 3990 tan-

551 4031 718 4090 taque
757 4021 1017 4092 pollentis
1066 4017 1370 4076 bonitatem
1415 4025 1628 4093 experti
1673 4037 1881 4090 essent,
1913 4035 1968 4080 et
1999 4026 2123 4080 ani-

553 4125 702 4164 mum
738 4118 1034 4180 angustum
1064 4111 1119 4164 in
1163 4111 1270 4165 hoc
1313 4125 1427 4180 prae
1457 4127 1532 4187 ‘se
1569 4113 1816 4169 ferendi?
1841 4113 1948 4170 Sed
1982 4131 2122 4185 quo-

555 4201 702 4254 niam
753 4199 1012 4254 Cbristus
1064 4200 1234 4254 multa
1285 4199 1366 4256 eis
1426 4209 1624 4270 praeter
1657 4216 1808 4269 spem
1858 4215 2121 4260 eventura

553 4288 695 4342 mala
744 4286 1022 4358 praedixit,
1062 4302 1132 4342 ne
1172 4302 1237 4342 ex
1273 4302 1340 4343 eo
1378 4287 1538 4344 valde
1572 4291 1946 4356 turbarentur,
1975 4296 2121 4364 apud

551 4395 612 4434 se
645 4379 954 4450 cogitantes
995 4393 1058 4435 ac
1089 4379 1335 4436 dicentes
1365 4397 1380 4436 :
1411 4378 1554 4452 Ergo
1585 4379 1793 4436 frustra
1839 4395 1970 4439 sunt
2015 4386 2120 4442 illae

551 4483 680 4538 spes
709 4483 846 4540 quas
881 4469 1036 4524 initio
1070 4471 1448 4543 concepimus,
1474 4479 1528 4527 et
1574 4482 1765 4528 nostro
1800 4490 1970 4546 scopo
2001 4486 2121 4532 tan-

554 4561 676 4615 dem
726 4559 1057 4626 excidimus,
1082 4562 1198 4632 qui,
1237 4577 1362 4616 cum
1405 4577 1506 4617 nos
1541 4563 1608 4618 ad
1643 4565 1825 4619 omnia
1861 4566 2003 4621 bona
2032 4585 2126 4622 vo-

553 4662 711 4710 catos
735 4668 860 4709 esse
885 4661 1222 4722 putaremus,
1248 4653 1303 4708 in
1335 4654 1680 4711 calamitates
1706 4657 1844 4712 adeo
1877 4657 2126 4730 inexspe-

552 4753 729 4800 ctatas
796 4743 1130 4810 incidimus;
1190 4746 1504 4801 necessario
1565 4745 1830 4805 Dominus
1896 4765 2120 4806 causam

551 4839 749 4908 aperit,
787 4851 888 4892 cur
916 4836 1031 4891 haec
1067 4837 1228 4892 initio
1260 4837 1485 4892 minime
1534 4840 1868 4908 praedixerit,
1909 4849 1962 4896 et
1990 4844 2065 4896 ait
2104 4861 2117 4895 :

553 4947 572 4976 ι
613 4925 738 4980 Haec
789 4925 856 4979 ab
907 4925 1067 4979 initio
1120 4939 1230 4979 non
1285 4925 1396 4980 dixi
1438 4927 1612 4991 vobis,
1660 4931 1789 4999 quia
1835 4932 2118 4987 vobiscum

548 5031 720 5069 eram.
760 5033 779 5066 ι
817 5014 1070 5081 Quandiu
1106 5015 1252 5069 enim
1302 5032 1424 5070 cum
1472 5018 1580 5072 illis
1629 5027 1770 5082 erat,
1821 5021 2122 5076 sufﬁciebat

549 5107 615 5159 ad
647 5122 743 5162 eos
792 5122 860 5162 ex
893 5107 1045 5162 omni
1086 5107 1391 5163 tentatione
1429 5110 1729 5173 eruendos,
1762 5121 1816 5166 et
1851 5113 2120 5169 adversus

545 5214 739 5254 omnes
765 5214 929 5255 casus
960 5199 1317 5254 instruendos
1348 5206 1512 5269 atque
1543 5202 1851 5271 erigendos.
1886 5205 2118 5271 Quando

547 5303 676 5344 vero
699 5290 768 5345 ad
795 5290 1012 5346 Patrem
1049 5291 1218 5355 vadit,
1243 5306 1306 5346 ea
1333 5307 1456 5362 qure
1483 5304 1635 5349 certo
1663 5305 1925 5351 eventura
1955 5308 2114 5354 erant

545 5379 752 5433 utiliter
799 5388 852 5434 et
885 5389 1197 5451 opportune
1246 5383 1330 5438 eis
1385 5383 1638 5455 explicat.
1689 5384 1823 5441 Nam
1879 5388 1925 5443 si
1963 5397 2116 5444 tem-

544 5481 758 5536 pestive
797 5484 886 5523 res
914 5485 1106 5540 gerere
1135 5472 1460 5542 cumprimis
1492 5477 1803 5546 studemus,
1833 5482 2112 5550 quomodo

619 5643 666 5674 ⁸⁸
689 5643 832 5698 Psal.
865 5659 1049 5709 cn'tn,
1077 5647 1165 5700 60.

2227 1851 2370 1908 εἶναι
2397 1852 2570 1906 δεινοῦ
2595 1893 2609 1915 ,
2652 1850 2946 1919 ἀκλόνητόν
2995 1867 3054 1901 τε
3097 1849 3189 1902 τὸν
3215 1848 3340 1901 νοῦν
3369 1850 3428 1901 ἐν
3458 1849 3644 1911 αὐτοῖς
3673 1850 3798 1918 κτή-

2229 1961 2381 1997 σεται
2426 1945 2537 2004 τοῖς
2566 1942 2767 2002 πόνοις.
2813 1940 2887 1992 Τὸ
2923 1938 3028 2009 γὰρ
3071 1937 3349 2007 ἀδοκήτως
3374 1975 3390 2000 ,
3425 1933 3578 2006 οἶμαι
3605 1976 3619 1998 ,
3668 1938 3795 2002 παρ’

2226 2033 2416 2087 ἐλπίδα
2445 2033 2637 2084 παθεῖν
2681 2029 3010 2100 πικροτέραν
3052 2028 3166 2099 ἔχει
3207 2028 3305 2097 τὴν
3335 2026 3664 2098 προσϐολήν.
3696 2027 3798 2078 Καὶ

2226 2124 2356 2192 γοῦν
2374 2126 2402 2177 6
2422 2121 2653 2176 Ψάλλων
2677 2119 2858 2189 φησίν·
2889 2137 2907 2170 ι
2931 2116 3318 2187 Ἠτοιμάσθην,
3348 2116 3442 2168 καὶ
3479 2115 3578 2168 ούκ
3609 2116 3797 2184 ἐταρά-

2226 2215 2382 2288 χθην.
2421 2233 2439 2265 ι
2464 2211 2882 2284 Διαμεμνῆσθαι
2912 2211 3091 2264 τοίνυν
3123 2207 3335 2262 κελεύει
3380 2210 3510 2268 τοὺς
3554 2207 3794 2276 μαθητὰς

2225 2306 2320 2360 τοῦ
2357 2304 2751 2376 προειρηκότος
2797 2301 2979 2364 αὐτοῖς
3010 2301 3079 2354 τὰ
3112 2299 3346 2369 ἐσόμενα
3393 2296 3683 2368 χρησίμως
3708 2297 3795 2348 καὶ

2226 2398 2558 2468 ἀναγκαίως.
2591 2391 2700 2448 Ἦν
2733 2393 2842 2465 γὰρ
2879 2394 2982 2446 ούκ
3014 2390 3317 2462 ἀμφίϐολον
3337 2433 3352 2455 ,
3401 2390 3481 2442 ὅτι
3511 2388 3648 2442 Θεὸν
3674 2387 3795 2457 ἀλη-

2227 2488 2372 2542 θινδν
2436 2486 2702 2556 ὑπάρχειν
2760 2483 2923 2537 αὑτὸν
2981 2483 3073 2537 καὶ
3115 2481 3201 2535 διά
3250 2480 3409 2532 τοῦτο
3453 2476 3793 2537 πιστεύοντες

2227 2581 2379 2650 (ἴδιον
2409 2577 2515 2647 γὰρ
2539 2575 2599 2629 τὸ
2629 2575 2806 2629 πάντα
2829 2574 3029 2628 εἰδέναι
3055 2573 3149 2626 τοῦ
3186 2571 3326 2626 κατά
3349 2569 3614 2641 ἀλήθειαν
3647 2569 3792 2631 ὄντος

2225 2668 2432 2740 Θεοῦ),
2485 2667 2581 2722 καὶ
2623 2667 2705 2722 ὅτι
2748 2666 2854 2720 τῶν
2896 2665 3084 2721 δεινῶν
3136 2662 3401 2728 ἐξελεῖται
3452 2661 3652 2732 ῥαδίως
3706 2677 3788 2711 πι-

2227 2762 2564 2815 στεύσουσιν.

2301 2852 2493 2906 Ταῦτα
2522 2851 2590 2904 δὲ
2614 2850 2682 2915 ἐξ
2723 2849 2918 2919 ἀρχῆς
2960 2850 3070 2902 οὐκ
3110 2843 3283 2901 εἶπον
3322 2845 3500 2915 ὑμῖν,
3545 2844 3638 2898 ὅτι
3668 2843 3794 2913 μεθ’

2225 2942 2392 3014 ὑμῶν
2423 2943 2602 3012 ἥμην.
2634 2942 2763 2996 Νῦν
2799 2942 2866 2994 δὲ
2908 2939 3114 3009 ὑπάγω
3154 2939 3304 3006 πρὸς
3331 2936 3436 2990 τὸν
3474 2933 3794 3004 πέμψαντὰ

2221 3053 2316 3106 με,
2344 3034 2442 3089 καὶ
2475 3033 2676 3098 οὐδεὶς
2702 3033 2770 3096 ἐξ
2799 3032 2965 3101 ὑμῶν
2992 3029 3178 3099 ἐρωτᾷ
3209 3044 3314 3098 με·
3348 3029 3473 3081 Ποῦ
3514 3027 3791 3093 ὑπάγεις;

2242 3127 2404 3182 Ἀλλ’
2437 3127 2525 3180 ὅτι
2560 3125 2746 3179 ταῦτα
2768 3123 3083 3189 λελάληκα
3113 3121 3276 3191 ὑμῖν,
3312 3122 3348 3188 ἡ
3377 3121 3544 3185 λύπη
3569 3118 3793 3186 πεπλή-

2220 3235 2414 3285 ρωκεν
2438 3215 2604 3284 ὑμῶν
2631 3215 2746 3282 τὴν
2783 3213 3052 3281 καρδίαν.

2308 3310 2528 3381 Ἐτέρου
2573 3309 2719 3371 τινὸς
2751 3307 3024 3376 χρησίμου
3057 3304 3151 3357 καὶ
3197 3302 3634 3370 ἀναγκαιοτάτου
3676 3301 3790 3354 λίαν

2227 3399 2556 3468 προενόησεν
2588 3400 2615 3449 6
2653 3395 2908 3465 Χριστός.
2935 3390 3044 3445 Ἦν
3083 3391 3191 3461 γὰρ
3223 3393 3323 3444 ούκ
3353 3391 3656 3460 ἀμφίϐολον
3676 3432 3690 3456 ,
3715 3392 3790 3443 ὅτι

2225 3489 2550 3557 κεκλημένοι
2595 3487 2732 3556 πρὸς
2765 3483 3065 3555 μαθητείαν
3108 3485 3164 3535 ἐν
3214 3483 3411 3552 ἀρχαῖς
3444 3485 3576 3552 παρ’
3610 3482 3790 3538 αὐτοῦ.

2227 3577 2476 3638 συνόντες
2497 3592 2556 3627 τε
2582 3575 2689 3639 ἀεὶ,
2717 3574 2812 3626 καὶ
2845 3572 3309 3641 συνδιαιτώμενοι,
3339 3571 3432 3624 καὶ
3461 3572 3666 3642 πολλὴν
3689 3573 3791 3623 τῶν

2227 3664 2546 3735 παραδόξων
2569 3662 2865 3732 ἐσχηκότες
2902 3662 2999 3731 τὴν
3029 3663 3245 3731 πεῖραν,
3289 3661 3696 3729 συσκεψάμενοί
3738 3678 3790 3712 τε

2223 3757 2322 3828 τὴν
2350 3755 2682 3824 ἀσύγκριτον
2730 3751 2894 3806 αὑτοῦ
2949 3751 3177 3820 δύναμιν
3230 3750 3324 3802 καὶ
3375 3751 3664 3815 ἐξουσίαν,
3717 3753 3791 3804 ὅτι

2225 3847 2404 3900 πάντα
2425 3847 2708 3916 νικήσουσι
2735 3843 3061 3913 πειρασμὸν,
3092 3843 3184 3894 καὶ
3207 3841 3425 3898 πάντων
3458 3840 3790 3906 ἁπαξαπλῶς

2225 3935 2579 4008 περιέσεσθαι
2615 3934 2723 3988 τῶν
2755 3933 2943 3987 δεινῶν
2977 3932 3380 4001 ὑπελάμϐανον.
3423 3931 3550 3994 Πῶς
3593 3932 3700 4002 γὰρ
3731 3933 3790 3985 ἂν

2223 4025 2292 4101 ἦν
2321 4029 2615 4092 ἐνδοιάζειν
2647 4027 2726 4080 ἔτι
2774 4026 3039 4098 καὶπρὸς
3084 4025 3245 4079 τοῦτο
3292 4025 3655 4094 μικροψυχεῖν
3699 4027 3788 4095 τὴν

2223 4119 2317 4173 τοῦ
2349 4121 2582 4172 τοσαῦτα
2611 4117 2886 4187 ἰσχύοντος
2922 4117 3184 4187 λαχόντας
3217 4115 3538 4186 εύμένειαν;
3577 4116 3786 4184 Ἐπειδὴ

2223 4212 2281 4265 δὲ
2311 4214 2424 4274 τοῖς
2478 4211 2607 4281 παρ’
2652 4209 2841 4263 ἐλπίδα
2885 4207 3298 4278 περιπεσεῖσθαι
3350 4208 3622 4269 κινδύνοις
3659 4223 3786 4278 προ-

2229 4303 2541 4372 μεμήνυκεν
2582 4302 2610 4354 ὁ
2647 4299 2920 4370 Χριστὸς,
2975 4299 3061 4352 ἵνα
3106 4297 3180 4368 μὴ
3224 4290 3428 4366 σφόδρα
3473 4295 3604 4366 πρὸς
3640 4296 3788 4348 τοῦτο

2153 4425 2195 4479 D
2225 4393 2597 4463 ταράττοιντο,
2630 4390 3075 4460 διενθυμούμενοί
3105 4406 3164 4442 τε
3203 4389 3296 4441 καὶ
3325 4388 3578 4456 λέγοντες
3606 4406 3620 4419 ⁸
3653 4392 3785 4459 Ἀρα

2221 4483 2330 4534 τῶν
2369 4479 2426 4534 ἐν
2473 4483 2670 4551 ἀρχαῖς
2711 4481 2943 4534 ἐλπίδων
2989 4481 3304 4551 ἐσφάλημεν
3346 4480 3440 4533 καὶ
3489 4481 3786 4550 διημαρτή-

2220 4589 2396 4641 καμεν
2443 4572 2535 4624 τοῦ
2586 4571 2790 4625 σκοποῦ
2815 4612 2828 4636 ,
2865 4572 3162 4642 κεκλῆσθαι
3205 4572 3303 4642 μὲν
3345 4572 3430 4639 ἐφ’
3477 4570 3652 4623 ἅπασι
3685 4572 3786 4633 rei;

2218 4661 2441 4728 ἀγαθοῖς
2467 4661 2760 4730 οἰηθέντες,
2793 4662 3217 4726 ἐκτελευτῶντες
3246 4662 3303 4715 δὲ
3337 4661 3513 4723 οὕτως
3552 4663 3634 4723 εἰς
3677 4661 3789 4714 ἀδο-

2219 4751 2418 4821 κήτους
2454 4751 2760 4821 συμφορὰς,
2797 4751 3112 4819 ἀναγκαίως
3157 4752 3186 4802 6
3227 4750 3435 4823 Κύριος
3480 4751 3577 4803 τοῦ
3624 4751 3697 4820 μὴ
3734 4752 3786 4801 ἐν

2219 4843 2414 4911 ἀρχαῖς
2438 4843 2785 4914 προμηνύσαι
2817 4844 2996 4907 ταυτὶ,
3029 4844 3128 4912 τὴν
3157 4843 3336 4896 αἰτίαν
3367 4842 3667 4912 ἐξηγεῖται,
3698 4841 3785 4894 κεί

2221 4951 2384 5004 φησιν
2408 4953 2420 4966 ·
2471 4953 2489 4985 ι
2537 4935 2722 4987 Ταῦτα
2757 4932 2816 4998 ἐξ
2849 4935 3022 5005 ἀρχῆς
3063 4935 3162 4988 οὐκ
3190 4929 3341 4986 εἷπον
3369 4935 3521 5004 ὑμῖν,
3559 4935 3641 4987 ὅτι
3671 4931 3783 5002 μεθ’

2220 5024 2372 5094 ὑμῶν
2407 5026 2573 5094 ήμην.
2623 5043 2640 5074 ι
2688 5023 2939 5094 Ἐξήρκει
2979 5023 3078 5092 μὲν
3117 5022 3226 5092 γὰρ
3257 5019 3565 5091 συμπαρὼν
3608 5021 3782 5082 αὐτοῖς

2219 5115 2298 5168 ἔτι
2353 5116 2490 5187 πρὸς
2531 5116 2593 5168 τὸ
2638 5115 2939 5178 ἀνασώζειν
2989 5113 3228 5176 εὐκόλως
3255 5155 3270 5178 ,
3325 5113 3419 5166 καὶ
3462 5113 3531 5164 ἐκ
3591 5110 3782 5172 παντὸς

2220 5208 2445 5278 ῥύεσθαι
2474 5209 2804 5280 πειρασμοῦ,
2833 5209 2928 5261 καὶ
2959 5207 3055 5278 τὴν
3080 5208 3166 5277 ἐφ’
3203 5207 3373 5260 ἅπασι
3402 5209 3514 5268 τοῖς
3561 5203 3786 5275 συμϐαί-

2220 5318 2371 5354 νουσι
2422 5301 2773 5368 καθηκόντως
2838 5299 3110 5352 ποιεῖσθαι
3171 5297 3525 5352 διδασκαλίαν
3575 5314 3634 5349 τε
3700 5296 3785 5347 καὶ

2220 5391 2610 5462 ἐπανόρθωσιν.
2629 5390 2844 5460 Ἐπειδὴ
2873 5391 2928 5442 δέ
2954 5389 3221 5459 ἀποδημεῖ
3248 5388 3380 5457 πρὸς
3425 5387 3516 5439 τὸν
3547 5386 3781 5454 Πατέρα,

2223 5482 2319 5554 τὴν
2351 5483 2456 5536 τῶν
2496 5483 2713 5536 ἔσεσθαι
2754 5481 3218 5552 προσδοκωμένων
3254 5478 3632 5548 ἀπαραίτητον
3667 5477 3771 5543 5;:-
