4024 6262
273 285 373 342 429
1341 287 1407 342 ΙΝ
1445 287 1725 345 JOANNIS
1760 288 1830 345 EV

1932 288 2197 346 iGELIUM
2237 291 2362 346 LIB.
2406 290 2476 346 Χ.
3397 296 3504 354 450

273 405 350 468 ξιν
371 401 638 474 ἐξηγεῖται
678 402 959 471 χρησίμως
993 404 1084 455 καί¹
1116 404 1174 455 ἐν
1215 405 1390 476 καιρῷ
1429 407 1504 476 τῷ
1534 407 1818 477 πρέποντι.

1932 423 2036 463 non
2077 408 2128 461 id
2182 409 2366 478 potius
2416 408 2560 466 Deus
2601 408 2826 464 fecerit?
2863 407 3068 463 Silendi
3112 425 3243 483 ergo
3289 422 3504 484 tempus

272 497 334 550 Εί
363 495 467 566 γὰρ
495 493 586 546 καὶ
614 493 743 563 ἡμῖν
767 494 948 556 αὐτοῖς
973 495 1032 547 τὸ
1063 495 1158 548 τοῦ
1188 497 1382 566 καιροῦ
1407 496 1502 550 τοῦ
1528 499 1829 570 πρέποντος

1932 509 2048 554 erat
2085 501 2264 566 initio,
2298 501 2546 556 nondum
2591 515 2720 556 vero
2771 500 3018 556 discendi
3053 520 3066 554 :
3100 502 3198 556 sed
3254 518 3380 558 eum
3432 504 3503 557 ad

275 587 346 659 μὴ
391 585 718 657 ἁμαρτάνειν
753 586 1112 640 ὲσπούδασται
1138 627 1155 651 ,
1203 589 1321 652 πῶς
1375 591 1478 644 οὐκ
1527 590 1592 644 ἂν
1630 591 1830 662 μᾶλλον

1933 591 2148 647 Patrem
2185 600 2454 664 pergeret,
2489 592 2780 663 eloquendi
2818 602 3033 663 tempus
3063 593 3255 648 subiit.
3286 593 3504 664 Ergone

272 679 455 748 ἀρέσαι
484 675 633 744 Θεῷ;
661 676 869 748 Καιρδς
907 673 1000 731 οὖν
1025 677 1133 749 ἄρα
1160 679 1374 749 σιωπῆς
1411 676 1479 750 ἦν
1519 683 1578 734 ὲν
1605 682 1823 751 ἀρχαῖς,

268 767 414 820 οῦπω
455 766 544 820 τοῦ
587 768 786 838 χρῆναι
823 769 1018 839 μαθεῖν
1043 813 1058 834 ,
1108 771 1184 834 ὡς
1234 771 1294 838 ἐξ
1328 773 1576 843 ἀνάγκης
1615 773 1828 826 είσδαί-

268 874 438 920 νοντος
456 873 468 884 ·
500 858 690 929 ἐπειδὴ
720 859 777 912 δὲ
813 859 1085 930 ἀπεδήμει
1125 860 1258 931 πρὸς
1285 863 1376 914 τὸν
1405 863 1651 932 Πατέρα,
1676 863 1704 915 ὁ
1733 863 1830 932 τῆς

265 951 506 1020 φράσεως
537 949 837 1020 παρεισέδυ
869 951 1079 1021 καιρός.
1126 948 1254 1023 Ἆρ’
1298 949 1391 1006 οὖν
1437 941 1832 1023 ἀπενοσφίζετό

262 1041 365 1094 τῶν
396 1041 655 1111 μαθητῶν
693 1043 723 1093 ὁ
756 1042 946 1113 Σωτὴρ
997 1043 1370 1114 ἀναφοιτήσας
1414 1045 1554 1116 πρὸς
1585 1045 1676 1098 τὸν
1720 1046 1830 1098 Πα-

261 1133 407 1204 τέρα,
433 1134 524 1186 καὶ
569 1134 737 1204 συνῆν
770 1135 958 1200 αὐτοῖς
988 1140 1054 1208 τῇ
1089 1136 1185 1188 τοῦ
1231 1135 1545 1208 Πνεῦματος
1578 1137 1830 1208 ἐνεργείᾳ

261 1243 315 1278 τε
347 1227 437 1280 καὶ
467 1225 718 1297 δυνάμει,
751 1229 845 1280 καὶ
872 1229 1096 1300 χάριτι;
1128 1229 1276 1294 Πῶς,
1303 1229 1335 1300 ἦ
1368 1231 1510 1284 κατά
1551 1231 1676 1283 τίνα.
1703 1230 1829 1301 τρό-

261 1335 393 1382 πον;
447 1318 526 1372 Οὐ
577 1319 688 1390 γὰρ
745 1320 1002 1389 ψεύδεται
1053 1322 1262 1390 λέγων’
1314 1339 1333 1373 ι
1377 1322 1506 1375 Ἰδοὺ
1557 1321 1668 1390 ἐγὼ
1707 1322 1828 1392 μεθ’

263 1409 408 1477 ὑμῶν
440 1411 558 1479 εἰμι
595 1410 779 1473 πάσας
821 1411 918 1474 τὰς
965 1411 1182 1484 ἡμέρας
1225 1411 1323 1467 καὶ
1360 1412 1465 1475 ἕως
1499 1410 1598 1481 τῆς
1638 1428 1829 1465 συντε-

259 1499 403 1562 λείας
457 1500 554 1553 τοῦ
587 1500 781 1563 αἰῶνος
807 1539 823 1564 ,
874 1519 892 1552 ι
933 1501 1074 1572 πλὴν
1107 1502 1233 1555 ὅσον
1261 1504 1342 1565 είς
1375 1501 1558 1572 σάρκα
1608 1502 1703 1554 καί¹
1730 1501 1831 1572 τὴν

261 1591 397 1658 μετὰ
445 1592 700 1662 σώματος
753 1594 1090 1664 παρουσίαν,
1150 1594 1444 1664 οὐδαμόθεν
1500 1593 1823 1663 ἀμφίϐολον.

269 1682 406 1735 Ἀλλ’
455 1677 570 1735 οἶδε
599 1683 697 1752 μὲν
729 1685 756 1736 ὁ
787 1684 977 1754 Σωτὴρ
1024 1683 1464 1755 ἀναγκαιοτάτην
1508 1682 1728 1736 ἔσεσθαι
1761 1686 1826 1755 τῇ

253 1774 575 1843 ἀνθρωπεία
626 1773 786 1842 φύσει
843 1775 942 1843 τὴν
990 1775 1069 1837 είς
1114 1774 1378 1846 οὐρανοὺς
1427 1773 1692 1828 ἀνάϐασιν
1730 1775 1830 1845 τῆς

257 1864 390 1927 ίδίας
424 1865 632 1935 σαρκὸς
653 1906 668 1931 ,
703 1865 842 1935 πλὴν
872 1866 971 1918 οὐκ
1004 1865 1300 1935 ἠγνόησεν,
1329 1865 1405 1928 ὡς
1437 1865 1598 1932 Θεὸς,
1639 1865 1724 1918 ὅτι
1760 1868 1829 1936 τῇ

253 1957 445 2026 πικρίᾳ
484 1958 590 2026 τῆς
620 1956 795 2026 λύπης
837 1955 1145 2026 μεμέθυστο
1189 1957 1301 2009 τῶν
1342 1956 1603 2028 μαθητῶν
1631 1960 1665 2028 ἡ
1696 1975 1830 2029 καρ-

251 2047 355 2100 δία.
397 2047 621 2100 Ἐλύπει
665 2046 774 2116 γὰρ
803 2046 922 2100 λίαν
957 2047 1154 2109 αὐτοὺς
1190 2047 1489 2117 ἀποδημῶν
1516 2051 1544 2102 ὁ
1576 2049 1830 2119 Χριστὸς,

1933 679 2192 737 Servator
2232 697 2488 738 reversus
2540 683 2605 738 ad
2649 681 2864 738 Patrem
2899 699 2930 737 a
2970 683 3256 754 discipulis
3289 685 3501 749 aberat,

1930 779 1983 826 et
2016 777 2201 826 tamen
2239 772 2320 827 eis
2368 773 2558 828 aderat
2589 771 2851 841 Spiritus,
2877 771 3142 838 ellicacia,
3172 783 3226 829 et
3270 777 3500 839 virtute,

1929 870 1984 915 et
2011 863 2226 932 gratia?
2256 863 2545 930 Quomodo
2591 864 2756 919 vero?
2777 863 2888 919 Nec
2915 865 3061 919 enim
3104 867 3387 927 mentitur.
3419 867 3503 921 di-

1929 967 2100 1009 cens:
2137 973 2156 1006 ι
2198 955 2337 1010 Ecce
2367 970 2470 1026 ego
2511 955 2799 1010 vobiscum
2856 971 2977 1010 sum
3013 957 3272 1012 omnibus
3309 957 3503 1011 diebus

1931 1064 2106 1118 usque
2160 1049 2227 1102 ad
2281 1049 2812 1104 consummationem
2864 1048 3048 1104 szeculi
3084 1049 3161 1113 ⁸⁷;
3211 1035 3232 1098 .‘
3285 1064 3504 1102 verum-

1929 1148 2115 1194 tamen
2146 1139 2326 1210 quoad
2365 1153 2587 1194 carnem
2619 1148 2673 1194 et
2716 1155 3039 1210 corpoream
3068 1139 3414 1208 praesentiam
3449 1139 3502 1192 id

1930 1231 2343 1302 intelligendum
2375 1247 2501 1286 esse
2550 1231 2734 1286 nullus
2773 1231 3018 1301 ambigit.
3051 1231 3323 1286 Caeterum
3355 1231 3504 1285 novit

1930 1321 2152 1394 quidem
2207 1321 2467 1376 Servator
2498 1328 2707 1377 natura:
2735 1321 2992 1376 humanae
3037 1320 3194 1376 ralde
3243 1334 3504 1375 necessa-

1929 1415 2074 1470 rium
2108 1412 2226 1469 fore
2257 1412 2441 1468 carnis
2473 1427 2586 1468 sua:
2619 1412 2673 1467 in
2708 1413 2880 1467 caelos
2911 1427 3222 1477 ascensum,
3256 1411 3350 1466 sed
3393 1426 3503 1465 non

1932 1504 2227 1576 ignoravit,
2260 1511 2320 1557 ut
2357 1502 2525 1569 Deus,
2573 1503 2933 1558 acerbissimo
2983 1503 3176 1557 dolore
3222 1501 3386 1572 917
3419 1501 3505 1560 di-

1938 1594 2276 1665 scipulorum
2303 1608 2402 1649 eor
2431 1593 2716 1664 impletum
2741 1591 2933 1647 fuisse.
2959 1591 3326 1648 Vehementer
3357 1591 3503 1647 enim

1931 1702 2028 1742 eos
2056 1686 2340 1742 discessus
2364 1685 2574 1740 Christi
2607 1684 2905 1754 pungebat,
2932 1684 3061 1754 quia
3092 1693 3355 1753 perpetuo
3379 1697 3504 1736 cum

1929 1795 1994 1835 eo
2027 1778 2235 1834 versari
2271 1777 2590 1848 cupiebant.
2624 1775 2760 1830 Eum
2793 1791 2946 1839 vero,
2970 1783 3032 1829 ut
3067 1775 3160 1844 qui
3209 1774 3321 1844 jam
3356 1773 3505 1829 istud

1930 1868 2109 1924 lacere
2137 1869 2496 1929 decrevisset.
2542 1884 2653 1922 non
2687 1868 3033 1939 interrogant
3074 1881 3239 1938 quam
3278 1867 3348 1922 ob
3382 1881 3508 1920 caus

1929 1977 2047 2017 sam
2091 1969 2242 2016 esset
2286 1959 2658 2024 discessurus,
2707 1969 2803 2015 aut
2851 1959 2983 2030 quid
3041 1975 3166 2015 eum
3217 1957 3287 2012 ad
3335 1957 3506 2012 caelos

1930 2051 2228 2108 ascendere
2255 2050 2576 2120 impelleret.
2608 2049 2850 2120 ignoscit
2878 2051 3043 2119 igitur
3073 2050 3142 2104 iis
3179 2049 3254 2103 ita
3285 2061 3507 2118 quoque

254 2137 473 2204 ἐπείπερ
531 2137 720 2206 ἤθελον
768 2135 917 2206 αὐτῷ
971 2139 1212 2190 συνεῖναι
1260 2137 1349 2190 διά
1397 2139 1620 2202 παντός.
1663 2139 1750 2203 Ὧς
1775 2139 1830 2192 δὲ

1933 2142 2166 2204 allectis.
2199 2149 2255 2196 et
2283 2139 2564 2194 silentium
2597 2140 3044 2208 intempestivum
3079 2139 3502 2210 usurpantibus,

255 2228 348 2297 ἤδη
385 2228 687 2299 κεκρικότα
731 2229 891 2282 τοῦτο
941 2230 1111 2300 δρᾷν,
1176 2229 1297 2282 οὐδὲ
1370 2231 1745 2303 διερωτῶσιν,
1800 2234 1828 2286 ὃ

1934 2232 2079 2302 quod
2113 2245 2180 2286 ne
2209 2230 2490 2286 discessus
2520 2229 2743 2300 quidem
2781 2243 3005 2284 causam
3042 2245 3137 2285 eos
3161 2230 3374 2285 discere
3409 2243 3506 2298 pas

253 2319 304 2372 τί
354 2336 481 2372 ποτε
559 2319 666 2390 ἄρα
694 2358 708 2381 ,
741 2320 834 2372 καὶ
866 2319 956 2373 διὰ
989 2319 1148 2372 ποίαν
1195 2321 1378 2374 αἰτίαν
1427 2311 1826 2394 ἀποιχήσεται,

1935 2326 2126 2387 tiatur,
2169 2322 2300 2378 licet
2353 2321 2475 2392 ejus
2507 2321 2753 2392 cognitio
2800 2321 3031 2376 multum
3069 2321 3125 2375 in
3155 2335 3214 2378 se
3248 2319 3506 2375 utilitatis

257 2409 288 2479 ἢ
338 2410 390 2462 τί
434 2409 496 2463 τὸ
543 2412 796 2476 ἐπεῖγον,
839 2411 1008 2480 ἥγουν
1054 2413 1349 2466 ἀναπεῖθον
1420 2417 1500 2477 είς
1567 2414 1628 2467 τὸ
1709 2416 1822 2470 ἀνω
1932 2416 2148 2470 habeat.

260 2499 478 2569 βαδίζειν
529 2499 712 2552 αὑτόν.
756 2498 1124 2566 Συγγινώσκει
1151 2501 1330 2554 τοίνυν
1364 2500 1440 2564 ὡς
1487 2501 1547 2566 ἐξ
1590 2502 1812 2574 ἀγάπης
1845 2505 2031 2558 αὐτοῖς
2066 2500 2297 2555 παθοῦσι
2325 2502 2417 2553 καὶ
2440 2499 2616 2565 τοῦτο,
2647 2498 2747 2553 καὶ
2807 2500 3016 2570 σιωπὴν
3074 2500 3173 2552 οὐκ
3234 2496 3504 2566 εὐκαίρως

261 2590 526 2660 ἑλομένοις
576 2589 798 2658 ἀγαπᾷν
848 2589 946 2658 τῆς
1009 2588 1319 2660 ἀποδημίας
1381 2590 1481 2644 οὐκ
1525 2591 1701 2646 ἐῶσαν
1753 2591 1814 2644 τὸ
1844 2591 2018 2647 αἴτιον
2081 2590 2364 2661 ἐκμαθεῖν,
2423 2589 2604 2642 καίτοι
2669 2587 2871 2659 πολλὴν
2911 2588 3128 2658 ἔχοντος
3167 2588 3262 2642 τοῦ
3306 2588 3505 2642 είδέναι

257 2685 348 2755 τήν
377 2684 592 2754 ὄνησιν.

329 2775 490 2829 Ἀλλ’
547 2773 660 2842 ἐγὼ
712 2773 826 2839 τὴν
880 2775 1172 2843 ἀλήθειαν
1229 2774 1372 2844 ὑμῖν
1419 2775 1614 2847 λέγω·
1675 2793 1827 2847 συμ-

251 2867 408 2935 φέρει
445 2865 596 2936 ὑμῖν
663 2868 764 2919 ἵνα
806 2867 1065 2922 ἀπέλθω.
1129 2868 1270 2922 Ἐὰν
1303 2869 1413 2938 γὰρ
1439 2870 1526 2938 μὴ
1566 2869 1827 2936 ἀπέλθω,

252 2961 283 3010 ὀ
319 2957 715 3025 Πιφάκλητος
748 2959 858 3010 οὐκ
883 2957 1195 3010 ἐλεύσεται
1233 2957 1384 3024 πρὸς
1416 2957 1592 3026 ὑμᾶς.

319 3048 514 3119 Θερμὴ
573 3047 670 3118 μὲν
718 3047 826 3117 γὰρ
871 3047 1015 3118 ὑμᾶς
1061 3048 1393 3118 κατεδήδοκε
1440 3048 1619 3118 λύπη,
1672 3051 1827 3121 φησὶ,

252 3141 344 3192 καὶ
404 3138 607 3210 δριμὺς
664 3139 894 3210 ἐτάραξε
945 3140 1139 3201 πόνοςο
1187 3139 1249 3192 οὐ
1293 3139 1402 3208 γὰρ
1446 3141 1832 3212 ἀταλαίπωρον

254 3230 468 3293 ἑαυτοῖς
517 3229 608 3282 τὸν
658 3229 794 3299 ἐμὸν
852 3229 1073 3282 ἔσεσθαι
1141 3230 1421 3301 χωρισμὸν
1472 3231 1829 3301 ὑπειλήφατε,

255 3321 460 3393 σφόδρα
491 3319 817 3391 φρονοῦντες
862 3320 1058 3389 ὀρθῶς.
1108 3321 1502 3392 Περιπεσεῖσθε
1545 3323 1652 3392 γάρ
1691 3323 1830 3376 πάν-

251 3429 358 3475 τως
413 3407 497 3473 οἷς
539 3412 638 3480 ἤδη
678 3409 984 3481 προείρηκα
1041 3414 1387 3481 πειρασμοῖς,
1438 3413 1529 3465 καὶ
1581 3415 1680 3484 τῆς
1722 3414 1832 3467 τῶν

250 3500 557 3553 διωκόντων
605 3499 951 3569 ἀνοσιότητος
987 3501 1311 3570 ὑπομενεῖτε
1365 3503 1463 3572 τὴν
1508 3505 1828 3576 ἀγριότητα.

253 3593 472 3662 Χρῆναι
496 3592 560 3662 δὴ
581 3587 673 3644 οῦν
697 3591 785 3643 ἀεὶ
806 3592 916 3644 τῶν
940 3593 1174 3662 ἡδίστων
1199 3593 1258 3645 τὸ
1286 3595 1566 3664 συμφέρον
1603 3597 1834 3666 προτάτ-

254 3683 453 3736 τεσθαι
486 3682 858 3752 λογιζόμενος,
895 3683 1005 3751 ἐρῶ
1052 3684 1188 3754 πρὸς
1229 3685 1372 3754 ὑμᾶς
1417 3684 1515 3756 τὴν
1552 3685 1830 3754 ἀλήθειαν.

265 3793 283 3824 ι
322 3774 603 3844 Συμφέρει
637 3775 766 3844 ὑμῖν
793 3774 879 3825 ἵνα
901 3773 1011 3842 ἐγὼ
1036 3775 1274 3828 ἀπέλθω.
1312 3794 1332 3826 ι
1371 3776 1480 3828 Καὶ
1524 3776 1702 3830 πάντα
1738 3778 1834 3846 μὲν

258 3864 327 3916 τά
358 3865 613 3933 νοήματα
655 3863 732 3934 τῷ
768 3863 908 3934 ὑπὲρ
938 3865 1084 3934 ἡμᾶς
1114 3867 1591 3936 παραχωρήσομεν
1624 3868 1833 3940 Σωτῆρι

255 3954 516 4026 Χριστῷ,
546 3955 684 4026 πλὴν
731 3955 792 4007 οὐ
828 3955 1062 4026 μετρίως
1091 3955 1156 4008 ἂν
1192 3952 1348 4026 οἶμαι
1378 3957 1706 4029 θορυϐήσειν
1737 3959 1831 4012 δύ·-

253 4047 454 4100 νασθαί
479 4064 598 4099 τινα
631 4045 740 4098 τῶν
775 4047 1161 4116 ἁπλουστέρων
1190 4049 1251 4099 τὸ
1279 4048 1592 4118 εἰρημένον.
1623 4051 1834 4119 Λογιεῖ-

251 4154 342 4188 ται
374 4136 484 4206 γὰρ
522 4134 739 4198 πάντως
782 4137 961 4188 ἐκεῖνο
1017 4134 1136 4188 καθ’
1172 4136 1364 4188 ἑαυτὸν
1388 4176 1402 4200 ,
1464 4138 1559 4190 καὶ
1610 4137 1826 4192 διασκέο

249 4228 436 4296 ψεται,
469 4227 542 4289 ὡς
573 4226 732 4295 εἴπερ
763 4221 832 4296 ἦν
861 4227 1080 4296 ἄμεινον
1113 4226 1175 4280 τὸ
1197 4227 1550 4298 ἀποδημῆσαι
1574 4230 1828 4300 Χριστὸν,

2006 2771 2142 2838 XVI,
2173 2772 2228 2838 6,
2264 2772 2317 2826 7.
2349 2771 2452 2826 Sed
2490 2787 2581 2840 ego
2629 2771 2901 2825 veritatem
2935 2770 3053 2825 dico
3083 2771 3227 2826 vobis
3255 2791 3267 2827 :
3295 2773 3504 2840 expedit

1925 2865 2077 2921 vobis
2110 2873 2167 2918 ut
2193 2880 2284 2934 ego
2312 2862 2522 2916 vadum.
2564 2862 2622 2916 Si
2649 2863 2787 2916 enim
2817 2879 2909 2932 ego
2949 2878 3051 2915 non
3091 2863 3296 2928 abiero,
3333 2863 3504 2920 Para-

1856 2991 1898 3049 ο
1931 2959 2095 3012 clem:
2137 2971 2239 3009 non
2273 2954 2439 3008 veniet
2471 2954 2540 3006 ad
2575 2970 2684 3008 ros.

2001 3046 2536 3102 Vehementissimus
2576 3059 2772 3116 nempe
2828 3060 2925 3100 vos
2971 3045 3130 3099 dolor
3167 3047 3386 3110 exedit,
3451 3057 3504 3103 et

1932 3138 2164 3193 acerbus
2211 3137 2367 3191 labor
2399 3136 2679 3198 turbavit,
2708 3150 2807 3190 nec
2837 3134 3142 3191 discessum
3173 3153 3353 3192 meum
3403 3152 3502 3192 ex-

1931 3237 2140 3300 pertem
2178 3227 2294 3283 fore
2341 3228 2609 3282 molestia:
2649 3235 2796 3282 recte
2838 3228 3027 3296 utique
3070 3228 3225 3282 vobis
3272 3243 3506 3297 persua-

1933 3322 2106 3378 sistis.
2150 3321 2408 3376 lncidetis
2461 3320 2607 3374 enim
2660 3317 2908 3388 profecto
2949 3319 3002 3371 in
3055 3332 3149 3372 eas
3199 3334 3338 3388 quas
3389 3319 3504 3373 dixi

1933 3415 2262 3468 tentationes
2287 3450 2304 3476 ,
2334 3420 2386 3465 ct
2417 3413 2710 3480 impiorum
2745 3417 3161 3480 persecutorum
3199 3409 3504 3466 crudelita-

1934 3514 2040 3559 tem
2095 3504 2405 3574 perl'eretis.
2435 3502 2580 3557 Utile
2608 3516 2742 3572 ergo
2795 3501 3060 3570 jucundis
3101 3517 3316 3571 semper
3350 3509 3505 3556 ante-

1933 3594 2247 3664 ponendum
2279 3609 2402 3650 esse
2432 3594 2570 3663 apud
2604 3607 2691 3647 me
2725 3602 3005 3661 reputans,
3034 3593 3320 3647 veritatem
3347 3593 3504 3648 vobis

1933 3686 2133 3740 dicam.
2180 3703 2198 3736 ι
2229 3684 2453 3752 Expedit
2505 3683 2657 3737 vobis
2683 3690 2740 3736 ut
2771 3696 2872 3751 ego
2913 3681 3127 3736 vadam.
3181 3700 3199 3732 ι
3240 3681 3501 3752 Equidem

1936 3777 2214 3832 Servatori
2280 3775 2504 3831 Christo
2560 3776 2722 3842 longe
2770 3787 2871 3827 nos
2931 3771 3216 3826 excedenti
3283 3786 3501 3827 omnem

1935 3866 2350 3937 intelligentiam
2389 3873 2633 3920 nostram
2677 3863 3088 3926 submittemus,
3123 3870 3502 3918 verumtamen

1934 3973 2041 4012 non
2074 3958 2424 4012 mediocriter
2459 3957 2559 4012 hoc
2586 3955 2735 4010 dicto
2763 3969 2924 4024 posse
2963 3953 3175 4008 turbari
3203 3952 3499 4022 quemdam

1935 4050 2098 4122 paulo
2149 4049 2536 4118 simpliciorem
2599 4056 2847 4101 autumo.
2894 4043 3029 4098 Illud
3079 4043 3224 4099 enim
3261 4042 3405 4112 apud
3445 4058 3504 4098 se

1937 4140 2250 4211 reputabit,
2293 4155 2490 4208 nempe
2546 4138 2592 4193 si
2643 4137 2840 4192 melius
2893 4135 2964 4191 sit
3016 4134 3168 4190 abire
3196 4133 3502 4197 Christum,

1935 4233 2108 4288 videri
2152 4231 2438 4301 praesentia
2483 4244 2583 4286 sua
2643 4227 2894 4283 nonnihil
2944 4224 3208 4280 obfuisse.
3245 4224 3403 4290 Quod
3456 4225 3502 4279 si

251 4321 312 4372 τὸ
340 4319 452 4389 ἄρα
500 4319 749 4387 παρεῖναι
801 4318 898 4386 τῆς
944 4319 1085 4372 κατά
1113 4336 1167 4370 τι
1201 4319 1334 4386 γοῦν
1376 4319 1580 4389 ζημίας
1617 4323 1679 4374 οὐ
1711 4321 1830 4374 λίαν

1940 4324 2088 4378 utilis
2133 4331 2220 4377 est
2251 4323 2410 4377 nobis
2445 4320 2724 4376 discessus
2750 4318 2872 4387 ejus
2895 4358 2910 4383 ,
2942 4315 3154 4385 inquiet
3181 4354 3195 4378 ,
3227 4314 3504 4385 quomodo

252 4413 590 4482 ἀπήλλακτο.
623 4410 736 4463 Καὶ
764 4410 812 4461 εί
840 4409 902 4461 τὸ
925 4409 1204 4479 συμφέρον
1233 4411 1365 4480 ἡμῖν
1395 4410 1453 4462 ὲν
1486 4409 1564 4479 τῷ
1589 4410 1832 4482 ἀνελθεῖν

253 4480 448 4567 αὐτον,
491 4503 610 4564 πῶς
658 4502 780 4570 οὐχι
825 4499 885 4553 τδ
928 4501 1171 4553 ὲναντίον
1217 4501 1280 4552 ὲκ
1323 4499 1419 4552 τοῦ
1470 4500 1546 4570 μὴ
1577 4480 1834 4554 ἀπελθεῖν

253 4595 641 4664 συμϐήσεται,
684 4590 792 4642 Καὶ
838 4588 1130 4660 θορυϐήσει
1191 4587 1291 4657 μὲν
1343 4589 1476 4652 ἴσως
1531 4588 1682 4652 τινὰς
1723 4589 1835 4642 τῶν

252 4685 533 4756 ἀκεραίων
577 4682 640 4735 τὸ
683 4682 904 4752 ζήτημα
924 4695 937 4708 °
973 4679 1110 4750 πλὴν
1138 4679 1198 4730 οὐ
1231 4679 1442 4732 συνέσει
1472 4683 1538 4750 τῇ
1570 4681 1692 4751 θείᾳ
1721 4681 1835 4734 διαο

252 4773 674 4847 κυϐερνώμενος
705 4772 842 4842 πρὸς
880 4769 1086 4840 ἀκριῆἧ
1116 4768 1224 4822 τῶν
1255 4769 1559 4838 εἰρημένων
1599 4772 1837 4842 κατάλη-

250 4865 371 4933 ψιν,
415 4867 522 4918 οὐκ
565 4865 632 4918 ἂν
680 4863 838 4924 ὅλως,
871 4857 1048 4931 οἶμαι,
1093 4859 1511 4930 σκανδαλισθείη
1539 4862 1694 4928 ποτὲ,
1723 4863 1838 4916 δια·

255 4959 530 5028 σκέψηται
577 4956 634 5009 δὲ
677 4955 877 5027 μᾶλλον
909 4955 1000 5008 τὸν
1034 4958 1150 5018 τοῖς
1200 4954 1520 5025 εἰρημένοις
1554 4957 1837 5028 πρέποντα

253 5050 398 5103 νοῦν.
446 5049 665 5119 Χρῆναι
697 5046 985 5118 τοιγαροῦν
1039 5046 1144 5116 πρὸ
1189 5046 1301 5098 τῶν
1355 5047 1532 5101 ἄλλων
1578 5049 1836 5102 ἁπάντων

252 5144 430 5197 ἐκεῖνό
484 5158 627 5212 φημι
670 5137 1071 5207 διαλογίζεσθαί
1115 5155 1174 5188 τε
1223 5139 1318 5190 καὶ
1364 5139 1569 5194 εἰδέναι
1623 5141 1811 5211 σαφῶς

252 5237 333 5288 ὅτι
362 5234 507 5288 κατὰ
533 5234 593 5286 τὸ
636 5230 1041 5301 γεγραμμένον,
1070 5232 1260 5298 καιρὸς
1311 5229 1390 5299 τῷ
1432 5232 1596 5283 παντὶ
1652 5232 1831 5300 πρᾶγ,

257 5345 407 5395 ματι,
442 5326 540 5379 καὶ
588 5325 765 5376 πάντα
799 5322 939 5375 καλά
976 5324 1032 5373 ἐν
1084 5321 1263 5390 καιρῷ
1290 5320 1487 5375 αὐτῶν.
1525 5321 1713 5393 Παρῆν
1745 5320 1838 5377 οὖν

253 5421 360 5490 ἄρα
406 5417 551 5472 κατὰ
593 5416 819 5485 καιροὺς
867 5413 1152 5482 χρησίμως
1190 5415 1217 5464 ὁ
1252 5413 1457 5481 Κύριος
1489 5413 1547 5464 ἐν
1577 5414 1711 5482 τῷδε
1758 5413 1836 5483 τῷ

253 5508 445 5577 κόσμῳ
473 5505 610 5574 μετά
641 5503 841 5572 σαρκός
867 5519 880 5532 ·
909 5504 966 5553 ἐν
998 5500 1173 5569 καιρῴ
1200 5501 1244 5553 δ’
1272 5497 1338 5552 αὖ
1369 5501 1529 5554 πάλιν
1556 5502 1632 5572 τῷ
1665 5504 1835 5572 καοήι

329 5688 372 5719 ³⁷
402 5682 588 5737 .‘datlh.
621 5695 810 5744 xxvm,
841 5679 929 5732 20.
1010 5678 1054 5707 ³⁸
1087 5675 1262 5730 Ecele.
1307 5692 1392 5742 ιιι,
1429 5677 1470 5727 1.

1934 4429 2043 4467 non
2083 4415 2422 4468 contrarium
2473 4412 2708 4474 eveniet,
2742 4410 2788 4464 si
2829 4423 2939 4462 non
2967 4406 3328 4462 discesserit?
3356 4404 3504 4459 Sim-

1934 4506 2193 4575 pliciores
2251 4505 2436 4560 forsan
2476 4503 2720 4557 turbabit
2767 4503 2881 4554 haec
2928 4500 3158 4569 qumstio
3210 4518 3224 4552 :
3280 4513 3500 4552 verum-

1936 4605 2113 4650 tamen
2140 4596 2393 4664 quisquis
2418 4595 2603 4648 divina
2629 4591 2896 4661 sapientia
2927 4592 2993 4644 ad
3025 4598 3273 4646 exactam
3304 4587 3502 4641 horum

1935 4686 2304 4756 cognitionem
2329 4686 2618 4754 dirigetur,
2651 4699 2760 4736 non
2786 4684 2975 4751 utique
3008 4678 3501 4738 scandalizabitur.

1936 4777 2031 4833 sed
2059 4777 2224 4831 dictis
2258 4777 2672 4830 convenientem
2711 4774 2893 4844 potius
2921 4787 3143 4828 sensum
3175 4767 3502 4840 perspiciet.

1936 4867 2204 4922 Existimo
2240 4869 2425 4938 itaque
2455 4875 2582 4922 ante
2606 4867 2711 4920 alia
2742 4874 2944 4920 cuneta
2977 4861 3327 4934 cogitandum
3353 4874 3503 4920 esse,

1934 4969 1987 5014 et
2017 4967 2204 5028 aperte
2225 4958 2572 5023 discendum,
2599 4956 2802 5026 cuique
2829 4955 2931 5020 rei,
2961 4960 3020 5006 ut
3047 4952 3311 5020 scriptum
3331 4957 3417 5002 est
3436 4948 3501 5003 ⁸⁸.

1935 5064 2095 5103 suum
2127 5063 2249 5102 esse
2274 5056 2509 5116 tempus,
2541 5055 2596 5101 ct
2627 5046 2812 5100 omnia
2851 5059 2972 5099 esse
3003 5043 3142 5096 bona
3174 5040 3227 5094 in
3262 5047 3506 5106 tempore

1938 5154 2062 5194 suo.
2097 5138 2296 5193 Aderat
2333 5153 2464 5209 ergo
2496 5153 2597 5193 suo
2629 5145 2873 5206 tempore
2906 5133 3112 5187 utiliter
3142 5129 3407 5183 Dominus
3449 5127 3504 5180 in

1938 5230 2044 5284 hoc
2082 5229 2288 5283 mundo
2335 5245 2457 5284 cum
2488 5243 2656 5283 carne
2685 5250 2695 5282 :
2730 5233 3040 5297 opportuno
3073 5236 3201 5276 vero
3235 5230 3502 5288 tempore,

1934 5331 1990 5377 et
2042 5322 2382 5392 singularum
2433 5335 2620 5375 rerum
2671 5318 2850 5373 ordini
2891 5327 3138 5384 congruo
3175 5312 3388 5365 utiliter
3420 5326 3505 5363 re-

1935 5429 2128 5468 versus
2161 5413 2335 5467 estad
2367 5414 2602 5466 Patrem.
2638 5411 2824 5479 Neque
2854 5422 2980 5460 vero
3007 5405 3158 5474 argui
3192 5403 3304 5456 ullo
3343 5401 3506 5454 modo

1935 5514 2137 5572 potest,
2170 5520 2276 5557 nor.
2315 5502 2486 5557 fuisse
2515 5501 2668 5557 valde
2698 5499 2830 5552 utile
2855 5505 2914 5552 ut
2936 5511 3040 5552 una
3064 5511 3188 5551 eum
3217 5491 3506 5563 discipulis
