4024 6262
573 264 676 321 431
1585 276 1639 330 S.
1682 276 1955 334 CYRILLI
1995 281 2464 347 ALEXANDRIN!
2503 288 2817 353 ARCHIEP.
3715 304 3815 361 ιδε

576 384 921 443 versaretur,
973 395 1039 434 ex
1078 394 1142 434 eo
1181 381 1324 450 quod
1360 386 1672 441 necessario
1706 388 1927 445 demum
1959 391 2100 448 disce

2200 426 2213 456 ι
2241 399 2391 453 κοντί
2414 420 2474 456 τε
2506 407 2602 459 καὶ
2635 408 2988 479 ἡρμοσμένῳ,
3008 411 3129 473 ταῖς
3145 409 3229 480 ἐφ’
3262 410 3479 483 ἑκάστῳ
3506 412 3614 467 τῶν
3635 428 3815 487 πρατ-

575 470 694 538 dit,
736 485 913 539 neque
945 470 1226 526 discessus
1261 473 1471 529 utilitas
1506 476 1617 530 ullo
1671 479 1839 534 modo
1880 493 2100 552 carpetu

2246 489 2435 558 μάτων
2503 470 2857 566 τελουμέναις
2928 470 3263 570 οἰκονομίαις
3319 470 3611 573 χρησίμως

576 571 795 630 propter
818 559 986 629 918
1010 559 1298 613 utilitatem
1323 563 1644 627 praesentiae.
1668 561 1974 635 Utrumque
1992 570 2100 623 enit

2242 581 2380 650 πρὸς
2405 582 2496 637 τὸν
2536 559 2774 657 Πατέρα.
2806 559 2916 640 Καὶ
2947 589 3006 642 οὐ
3041 559 3459 662 διαϐεϐλήσεται
3491 559 3813 665 μὲν.

573 658 884 719 Opportune
914 657 1156 718 tempore
1205 646 1412 703 factum
1453 660 1538 706 est
1570 653 1798 709 utiliter.
1846 655 1919 711 Ut
1952 666 2098 714 auter

2239 646 2367 733 λῶς,
2396 672 2471 736 ὡς
2509 675 2570 727 οὐ
2601 646 2810 747 σφύδρα
2855 677 3131 743 λυσιτελὲς
3173 681 3233 734 τὸ
3274 646 3646 753 συμπαρεῖναι
3699 690 3811 750 τοῖς

573 754 795 795 sensum
846 739 1009 806 hujus
1060 739 1169 793 loci
1223 741 1507 809 paululum
1560 747 1903 814 praetervecti
1957 748 2100 801 mani

794 828 1284 848 ..μμμειμημη
1336 847 1339 848 ν
1404 847 1408 848 ν
1596 833 1608 848 .
1736 837 1747 848 .
1992 840 2004 848 .
2091 840 2100 848 .

2241 762 2534 834 μαθηταῖς,
2565 739 2659 821 δια
2692 739 2790 840 την
2842 771 2922 834 εἰς
2957 739 3183 841 ὕστερον
3222 739 3537 842 ἀναγκαίως
3580 739 3811 848 γενομέ;

572 829 762 886 festius
793 828 1055 884 fratribus
1078 844 1445 899 exponamus,
1476 833 1706 904 agedum
1734 837 2100 894 incarnationi

2236 828 2333 922 νην
2362 828 2674 927 ἀποδημίαν
2697 897 2713 921 ,
2747 828 2876 913 οὔτε
2901 828 2917 834 ⁷
2928 862 3034 932 μὴν
3084 828 3534 936 λοιδορηθησεταί

570 920 846 992 Unigeniti
886 934 1110 974 causam
1160 923 1397 991 repetito
1434 939 1690 981 sermone
1723 929 1932 983 cursim
1969 931 2135 984 attin-

565 1023 791 1079 gamus,
853 1022 917 1062 ac
966 1016 1233 1078 praeterea
1280 1010 1560 1067 discessus
1617 1014 1765 1070 illius
1814 1019 2129 1074 utilitatem.

567 1096 635 1153 Ut
663 1112 793 1168 ergo
826 1104 881 1151 et
910 1096 1262 1166 corruptione
1300 1105 1354 1153 et
1387 1108 1562 1156 morte
1604 1103 1842 1158 solveret
1870 1121 1993 1160 eum
2036 1108 2130 1177 qui

558 1197 745 1244 vetere
778 1188 871 1243 illo
918 1187 1210 1242 maledicto
1253 1190 1655 1249 condemnatus
1687 1202 1805 1249 erat
1826 1197 1905 1261 '9,
1950 1197 2128 1254 factus

556 1290 641 1337 est
671 1281 869 1344 homo,
920 1279 1162 1349 seipsum
1215 1281 1620 1350 quodammodo
1651 1285 1706 1339 in
1739 1295 1994 1342 .nostram
2027 1289 2129 1343 im-

554 1373 782 1428 mittens
811 1380 1084 1435 naturam,
1121 1372 1219 1441 qui
1249 1373 1356 1427 vita
1391 1381 1475 1428 est
1510 1375 1814 1429 secundum
1841 1387 2122 1434 naturam.

557 1464 649 1519 Sic
689 1467 838 1520 enim
886 1465 1164 1520 devictum
1196 1473 1281 1521 est
1312 1469 1508 1520 mortis
1548 1466 1864 1537 imperium,
1893 1479 1947 1525 et
1974 1486 2125 1527 reso-

553 1556 666 1611 luta
700 1568 786 1612 est
814 1556 898 1613 vis
944 1557 1316 1627 corruptionis
1360 1557 1414 1611 in
1461 1572 1563 1613 nos
1605 1558 1866 1628 inductae,
1904 1571 1959 1617 et
1997 1579 2121 1619 cum

552 1657 750 1701 natura
787 1646 977 1701 divina
1006 1648 1159 1701 omni
1192 1663 1425 1719 prorsus
1452 1662 1625 1703 vacua
1656 1650 1729 1704 sit
1754 1639 2122 1722 prope'nsione

549 1738 617 1794 ad
649 1746 960 1809 peccatum,
988 1740 1224 1810 gestavit
1264 1754 1365 1795 nos
1389 1756 1484 1811 per
1510 1756 1666 1796 suam
1691 1758 1935 1800 carnem.
1966 1746 2023 1800 In
2053 1763 2119 1803 eo
2150 1730 2192 1785 Β

535 1831 752 1901 quippe
777 1845 997 1887 eramus
1016 1845 1229 1897 omnes,
1258 1833 1312 1886 in
1341 1844 1607 1902 quantum
1637 1837 1894 1904 apparuit
1927 1837 2115 1907 homo,

545 1930 601 1975 ut
654 1921 901 1976 membra
937 1928 1154 1977 terrena
1203 1923 1602 1990 mortificaret,
1644 1926 1748 1981 hoc
1795 1934 1882 1983 est
1931 1932 2117 1987 carnis

536 2012 851 2083 passiones,
907 2020 962 2066 et
1017 2013 1229 2082 peccati
1304 2014 1476 2085 legem
1538 2032 1661 2085 quae
1732 2018 1785 2073 in
1852 2023 2114 2079 membris

543 2102 751 2159 nostris
774 2103 1057 2174 tyrannice
1077 2102 1469 2159 dominabatur
1499 2107 1813 2178 abrogaret,
1848 2120 2115 2168 nostram-

539 2211 646 2264 que
678 2202 941 2265 praterea
975 2205 1230 2251 naturam
1271 2196 1663 2264 sanctificaret,
1694 2202 2114 2274 exemplumque

539 2286 700 2341 nobis
730 2293 788 2351 et
826 2286 938 2341 dux
984 2285 1199 2341 itineris
1238 2286 1306 2341 ad
1346 2288 1600 2358 pietatem
1636 2298 1822 2357 esset,
1875 2300 1927 2347 et
1975 2297 2110 2365 pura

536 2377 780 2448 cognitio
812 2377 1058 2434 veritatis
1096 2378 1244 2433 illius
1288 2393 1411 2449 qua:
1455 2381 1760 2437 secundum
1816 2385 2106 2441 scientiam

532 2478 620 2524 est
680 2478 843 2538 atque
898 2468 1193 2540 inculpatae
1247 2473 1688 2528 conversationis
1738 2473 1916 2531 fieret.
1982 2477 2108 2534 Haec

536 2558 701 2628 igitur
724 2558 910 2613 omnia
945 2558 1201 2616 Christus
1245 2559 1411 2616 homo
1442 2560 1624 2617 factus
1660 2567 1892 2636 peregit.
1932 2566 2104 2624 Dece-

534 2648 630 2701 hat
674 2656 809 2717 ergo
845 2656 1098 2703 naturam
1154 2650 1397 2707 hominis
1443 2651 1510 2705 ad
1540 2669 1817 2709 summum
1853 2658 2104 2727 cujusvis

534 2735 666 2791 boni
696 2737 967 2803 attollere,
997 2753 1173 2808 neque
1215 2739 1393 2795 solum
1436 2752 1661 2812 peccato
1689 2753 1744 2799 et
1773 2756 1949 2803 morte
1981 2765 2100 2805 eam

534 2827 788 2891 liberare,
824 2826 921 2882 sed
954 2829 1009 2882 in
1038 2829 1190 2899 ipsos
1218 2846 1439 2901 quoque
1487 2836 1657 2891 caelos
1708 2839 1963 2905 evehere,
2000 2840 2100 2896 ho-

533 2917 845 2986 minemque
869 2919 1215 2988 ‘angelorum
1253 2924 1704 2981 contubernalem
1763 2938 1817 2982 et
1854 2929 2100 2999 ejusdem

529 3112 686 3152 suam
734 3100 1198 3169 resurrectionem
1242 3107 1652 3175 corruptionem
1695 3108 1883 3180 fugere
1931 3128 2096 3182 posse

526 3188 693 3247 nobis
723 3191 947 3256 tribuit,
999 3192 1082 3249 sic
1111 3194 1272 3249 nobis
1310 3211 1533 3266 quoque
1565 3198 1633 3254 ad
1677 3201 1852 3257 ceelos
1885 3204 2093 3260 aditum

523 3280 781 3350 aperire,
812 3289 869 3336 et
919 3282 976 3336 in
1025 3293 1329 3354 conSpectu
1372 3285 1553 3344 Patris
1593 3291 1793 3347 sistere
1844 3309 1967 3349 eum
1999 3298 2094 3367 qui

524 3385 621 3441 per
651 3373 1159 3442 pravaricationem
1211 3376 1268 3430 in
1300 3376 1472 3431 Adam
1520 3382 1716 3449 procul
1761 3385 2093 3444 amandatus

521 3462 723 3520 fuerat.
757 3463 889 3531 Quae
920 3481 1045 3521 cum
1079 3467 1198 3538 ipse
1226 3484 1448 3539 quoque
1486 3456 1708 3529 divinus
1756 3473 1961 3533 Paulus
2008 3480 2093 3533 in-

519 3554 809 3626 telligeret,
846 3557 1062 3613 aiebat:
1093 3575 1112 3609 ι
1141 3557 1260 3615 Νοη
1290 3561 1437 3615 enim
1469 3562 1525 3617 in
1551 3563 1866 3622 manufacta
1897 3579 2089 3626 sancta

519 3644 775 3701 Christus
831 3646 1113 3713 introivit,
1164 3651 1500 3721 exemplaria
1532 3669 1829 3725 verorum;
1889 3660 1986 3714 sed
2031 3662 2087 3717 in

517 3737 699 3807 ipsum
730 3736 961 3805 coelum,
998 3746 1058 3793 ut
1099 3755 1249 3795 nunc
1284 3753 1544 3813 appareat
1573 3761 1760 3802 coram
1806 3752 1959 3806 vultu
1993 3753 2087 3810 Dei

515 3843 615 3897 pro
651 3828 811 3883 nobis
833 3830 898 3882 ⁸ο.
935 3848 953 3881 ι
984 3831 1183 3897 Audis,
1213 3844 1273 3889 ut
1298 3849 1422 3890 cum
1451 3853 1669 3909 semper
1691 3840 1747 3896 in
1781 3855 2084 3916 conspectu

513 3926 569 3973 et
606 3918 662 3973 in
694 3928 887 4000 natura
921 3923 1009 3976 sui
1036 3921 1319 3980 Genitoris
1347 3929 1439 3993 sit,
1467 3941 1699 4002 pr0pter
1736 3934 2084 3996 identitatem

512 4010 870 4074 substantia.
907 4029 1054 4069 nunc
1082 4030 1191 4070 non
1256 4031 1476 4090 propter
1521 4025 1801 4094 seipsum,
1841 4029 1939 4084 sed
1984 4046 2085 4101 pro

512 4100 675 4156 nobis
710 4102 1130 4160 manifestetur?
1166 4104 1324 4173 Nam,
1357 4118 1417 4164 ut
1460 4115 1608 4182 quod
1640 4120 1794 4184 prius
1828 4120 1944 4175 dixi
1988 4100 2085 4178 re-

512 4199 718 4264 petam,
748 4208 853 4250 nos
882 4195 1031 4252 sistit
1054 4197 1109 4250 in
1132 4211 1429 4269 conspectu
1463 4202 1663 4271 Patris,
1693 4223 1818 4263 eum
1856 4212 1930 4266 sit
1962 4213 2083 4284 ipse

510 4284 767 4354 primitiae
800 4285 1187 4357 humanitatis,
1228 4305 1480 4350 reversus
1532 4296 1587 4350 in
1619 4299 1842 4356 calum.
1875 4303 2078 4370 Quem-

508 4371 800 4428 admodum
846 4376 1015 4434 enim.
1057 4393 1181 4433 cum
1213 4379 1321 4433 vita
1367 4384 1439 4437 sit
1464 4386 1768 4442 secundum
1800 4401 2076 4463 naturam,
2114 4406 2156 4461 υ

507 4462 647 4517 mori
695 4472 875 4520 tamen
911 4474 967 4523 et
1000 4484 1293 4541 resurgere
1323 4484 1546 4545 propter
1577 4493 1683 4534 nos
1715 4481 1919 4537 dicitur
1948 4503 1962 4539 :
1993 4462 2075 4543 sic
2128 4552 2133 4557 ι

504 4554 670 4609 etiam
699 4569 827 4610 cum
861 4571 1076 4627 semper
1113 4576 1274 4616 suum
1305 4562 1526 4621 Patrem
1560 4566 1781 4638 videat,
1811 4581 1867 4627 et
1898 4576 2075 4632 videa-

504 4656 595 4701 tur
649 4646 766 4717 ipse
824 4648 1073 4704 vicissim
1115 4667 1145 4706 a
1208 4669 1309 4707 suo
1363 4654 1551 4723 Patre,
1609 4676 1757 4718 nunc
1807 4679 2074 4738 apparere

502 4737 730 4801 dicitur.
755 4737 810 4793 id
841 4746 946 4805 est,
966 4742 1187 4810 quando
1222 4744 1389 4815 919
1408 4746 1592 4824 factus
1625 4762 1713 4808 est
1744 4737 1929 4823 homo,
1960 4776 2071 4817 non

502 4837 726 4900 propter
756 4830 1026 4901 seipsum,
1054 4833 1149 4889 sed
1178 4850 1277 4904 pro
1302 4840 1481 4907 nobis,
1507 4853 1566 4897 ut
1590 4844 1773 4911 homo,
1806 4857 1861 4904 et
1887 4861 2073 4921 quate-

501 4932 608 4974 nus
639 4918 834 4975 deesse
869 4930 1074 4977 nostrae
1098 4922 1503 4993 dispensationi
1535 4930 1835 4989 videbatur
1889 4918 1947 4991 ut
1971 4955 2073 4996 nos

500 5007 557 5062 in
590 5008 743 5079 ipsos
776 5025 1002 5081 quoque
1029 5012 1204 5068 caelos
1233 5016 1681 5086 ascenderemus,
1715 5032 1977 5095 tanquam
2015 5029 2071 5084 in

500 5100 763 5167 primitiis
824 5110 879 5156 et
930 5102 1109 5172 primo
1154 5102 1402 5160 Christo.
1444 5106 1764 5168 Praecursor
1814 5118 1962 5173 enim
2002 5135 2069 5175 eo

497 5204 718 5259 quoque
762 5192 965 5258 rediit,
1020 5203 1244 5264 propter
1267 5212 1370 5253 nos
1391 5235 1406 5262 ,
1438 5207 1499 5253 ut
1528 5209 1584 5256 et
1615 5203 1816 5262 alicubi
1842 5209 2066 5268 divinus

497 5278 613 5347 ipse
638 5280 840 5344 Paulus
867 5284 1022 5336 ait“.
1060 5283 1126 5338 Et
1152 5295 1428 5355 quatenus
1449 5291 1673 5360 quidem
1711 5296 1897 5365 homo,
1930 5317 2064 5356 cen-

497 5378 645 5424 setur
697 5374 953 5456 pontifex.
991 5376 1169 5432 adhuc
1214 5391 1533 5436 nostrarum
1583 5386 1897 5444 animarum
1936 5392 1979 5425 η
2011 5402 2067 5449 et

495 5462 843 5527 consolator,
877 5476 931 5519 ct
972 5470 1287 5538 propitiatio
1323 5486 1423 5541 pro
1474 5476 1681 5533 nostris
1717 5484 2057 5548 peccatis“:

594 5633 635 5664 ³³
661 5640 837 5697 Galat.
879 5662 962 5711 Ill,
997 5651 1083 5705 15.

2234 943 2365 1011 γοῦν
2389 945 2528 1010 ὅλως
2556 949 2617 1001 τὸ
2643 951 2706 1003 ἐκ
2735 953 2833 1021 τῆς
2865 953 3178 1023 ἀποδημίας
3215 958 3507 1028 χρήσιμον,
3543 959 3634 1014 διά
3655 960 3717 1014 τὺ
3742 965 3804 1017 ἐκ

2232 1034 2327 1087 τοῦ
2375 1041 2629 1109 παρεῖναι
2679 1045 2978 1116 συμφέρον.
3020 1046 3312 1118 Ἑκάτερον
3363 1048 3473 1119 γάρ
3530 1053 3591 1104 ὲν
3628 1053 3800 1125 καιρῷ

2233 1127 2496 1195 πρέποντι
2525 1132 2813 1203 χρησίμως
2842 1138 3163 1206 ἐπράττετο.
3187 1138 3307 1193 Ἵνα
3336 1139 3392 1193 δὲ
3417 1141 3508 1195 τὸν
3541 1142 3639 1196 τοῦ
3670 1144 3797 1200 θεω-

2233 1218 2480 1288 ρήματος
2509 1220 2634 1275 νοῦν
2686 1224 2860 1294 βραχὺ
2915 1228 3418 1298 παραπλώσαντες,
3469 1234 3794 1290 εύσυνοπτόο

2228 1325 2385 1379 τερον
2406 1315 2521 1375 τοῖς
2553 1314 2800 1385 ἀδελφοῖς
2826 1323 3278 1393 καταστήσωμεν,
3311 1325 3443 1395 φέρε
3469 1326 3533 1397 δὴ
3556 1327 3799 1400 λέγωμεν

2227 1400 2718 1475 ἀναμηρυσάμενοι
2743 1408 2822 1478 τῷ
2854 1409 3018 1479 λόγῳ,
3049 1415 3168 1466 κατ’
3197 1415 3504 1487 ἐπιδρομὴν
3537 1419 3638 1488 τῆς
3665 1421 3797 1490 μετά

2228 1493 2433 1561 σαρκὸς
2479 1497 2793 1569 οἰκονομίας
2834 1502 2930 1555 τοῦ
2963 1505 3306 1575 Μονογενοῦς
3349 1509 3448 1581 τὴν
3499 1513 3794 1583 πρόφασιν,

2226 1584 2320 1636 καὶ
2363 1584 2501 1655 πρὸς
2530 1587 2741 1653 τούτοις
2775 1590 2855 1645 ἔτι
2902 1594 2963 1647 τὸ
3002 1597 3100 1665 τῆς
3147 1597 3458 1669 ἀποδημίας
3501 1603 3789 1673 ὠφέλιμον.

2226 1673 2345 1727 Ἵνα
2392 1677 2571 1731 τοίνυν
2622 1681 2717 1734 καὶ
2759 1682 2966 1754 φθορᾶς
2999 1687 3095 1741 καὶ
3126 1686 3361 1743 Θανάτου
3393 1691 3680 1766 ἀπαλλάξῃ
3706 1695 3792 1749 τὸν

2219 1760 2310 1815 διὰ
2363 1764 2463 1835 τῆς
2519 1768 2755 1839 ἀρχαίας
2814 1773 3034 1844 ἐκείνης
3093 1781 3568 1850 κατακεκριμένον
3636 1760 3788 1852 ἀρᾶς,

2219 1852 2440 1922 γέγονεν
2471 1857 2780 1931 ἄνθρωπος,
2815 1866 3008 1918 ἑαυτὸν
3033 1866 3223 1939 ὥσπερ
3249 1870 3531 1938 ὲγκαθιεὶς
3555 1877 3620 1943 τῇ
3657 1877 3787 1945 ἠμε-

2217 1946 2352 2018 τέρᾳ
2378 1949 2555 2017 φύσει,
2589 1952 2733 2026 ζωὴν
2764 1958 2905 2011 κατά
2934 1960 3095 2028 φύσιν
3124 1963 3460 2034 ὑπάρχοντα.
3495 1966 3789 2036 Νενίκηται

2216 2038 2326 2110 γάρ
2358 2041 2501 2095 οὕτω
2530 2045 2622 2098 τοῦ
2650 2046 2881 2104 θανάτου
2909 2052 2970 2104 τὸ
3000 2052 3220 2121 κράτος,
3253 2057 3344 2108 καὶ
3372 2056 3591 2112 λέλυται
3614 2059 3713 2129 τῆς
3734 2063 3787 2113 ἐν

2216 2132 2346 2202 ἡμῖν
2374 2136 2701 2191 ἐπεισάκτου
2736 2141 2944 2212 φθορᾶς
2975 2146 3007 2215 ἡ
3036 2146 3287 2217 δύναμις,
3321 2149 3416 2202 καὶ
3440 2150 3672 2222 ἐπείπερ
3693 2154 3785 2222 τῆς

2214 2225 2294 2286 είς
2318 2225 2590 2312 ἁμαρτίαν
2615 2231 2789 2301 ῥοπῆς
2817 2233 3078 2306 ἐλευθέρα
3109 2238 3384 2302 παντελῶς
3409 2241 3441 2310 ἡ
3476 2239 3599 2294 θεία
3631 2242 3784 2312 φύσις

2217 2315 2368 2381 ἐστὶ,
2424 2306 2730 2390 πεφόρεκεν
2778 2324 2925 2394 ἡμᾶς
2965 2326 3053 2379 διά
3105 2328 3205 2398 τῆς
3259 2330 3393 2394 ἰδίας
3430 2306 3656 2402 σαρκός;

2213 2406 2361 2477 αὐτῷ
2390 2409 2498 2480 γάρ
2529 2407 2671 2480 ἦμεν
2706 2415 2758 2466 οἱ
2789 2417 3008 2479 πάντες,
3034 2419 3171 2473 καθὸ
3201 2422 3441 2493 πέφηνεν
3474 2422 3778 2497 ἄνθρωπος,

2212 2496 2300 2552 ῖνα
2323 2500 2573 2573 νεκρώσῃ
2601 2501 2670 2556 τὰ
2700 2504 2833 2576 μέλη
2862 2506 2933 2560 τὰ
2962 2510 3055 2562 ἐπὶ
3082 2514 3180 2582 τῆς
3210 2515 3334 2583 γῆς,
3363 2513 3512 2568 τοῦτ’
3549 2516 3690 2581 ἐστι,
3717 2520 3780 2574 τὰ

2210 2588 2312 2656 τῆς
2358 2591 2558 2660 σαρκὸς
2606 2593 2791 2665 πάθη,
2829 2597 2922 2651 καὶ
2977 2605 3301 2675 καταργήσῃ
3356 2607 3458 2674 τῆς
3508 2607 3778 2677 ἁμαρτίας

2211 2679 2395 2748 νόμον,
2431 2682 2524 2734 τὸν
2554 2685 2609 2736 ὲν
2641 2689 2754 2748 τοῖς
2791 2688 3084 2760 ἡμετέροις
3133 2693 3320 2760 μέλεσι
3348 2700 3775 2767 τυραννήσαντα,

2210 2770 2303 2823 καὶ
2339 2771 2473 2842 πρὸς
2496 2773 2671 2845 τούτῳ
2711 2777 2873 2832 πάλιν
2902 2779 2991 2834 ἵνα
3021 2782 3118 2852 τὴν
3164 2783 3327 2852 φύσιν
3360 2786 3519 2856 ἡμῶν
3554 2790 3771 2860 ἁγιάσῃ,

2206 2861 2300 2913 καὶ
2327 2862 2496 2925 τύπος
2525 2865 2656 2934 ἡμῖν
2677 2905 2692 2933 ,
2733 2868 2829 2921 καὶ
2852 2870 3175 2945 καθηγητὴς
3202 2874 3399 2947 εὑρεθῇ
3434 2877 3533 2948 τῆς
3564 2882 3649 2943 είς
3688 2883 3774 2934 εὐ·

2206 2951 2419 3006 σέϐειαν
2451 2954 2571 3008 ὁδοῦ
2594 2994 2608 3019 ,
2659 2958 2876 3030 καθαρά
2918 2978 2977 3014 τε
3028 2964 3324 3033 ἐπίγνωσις
3370 2967 3472 3037 τῆς
3506 2971 3631 3022 κατ’
3660 2972 3774 3024 ἐπί-

2203 3059 2401 3112 γνωσιν
2428 3046 2708 3117 ἀληθείας,
2745 3050 2837 3104 καὶ
2866 3053 3140 3120 ἀπλανοῦς
3170 3057 3468 3124 πολιτείας.
3500 3060 3688 3116 Ταῦτα
3713 3065 3772 3135 δὴ

2207 3130 2301 3188 οὖν
2329 3134 2542 3190 ἅπαντα
2569 3138 2808 3207 γεγονὼς
2846 3142 3130 3213 ἄνθρωπος
3173 3148 3542 3220 κατώρθωκεν
3573 3155 3605 3205 ὁ
3644 3130 3773 3226 Χριλ

2203 3225 2347 3288 στός.
2383 3227 2530 3280 Ἔδει
2573 3229 2751 3282 τοίνυν
2779 3233 2861 3295 είς
2892 3234 3170 3306 ἀκρότητα
3214 3238 3415 3304 παντὸς
3441 3242 3653 3310 ἀγαθοῦ
3679 3225 3772 3314 τὴν

2199 3315 2489 3386 ἀνθρώπου
2517 3318 2678 3388 φύσιν
2705 3323 3021 3391 ἀναγαγεῖν,
3053 3327 3148 3379 καὶ
3185 3329 3310 3399 οὐχ).
3344 3330 3505 3400 μόνον
3538 3333 3770 3387 ἀπαλλά-

2200 3404 2288 3469 ξαι
2323 3406 2557 3461 θανάτου
2585 3411 2681 3463 καὶ
2717 3412 3011 3483 ἁμαρτίας,
3046 3416 3163 3469 ἀλλ’
3193 3419 3294 3490 ἤδη
3324 3421 3420 3474 καὶ
3462 3425 3545 3487 εἰς
3578 3425 3769 3489 αὐτοὺς

2196 3495 2527 3550 ἀναϐιϐάσαι
2566 3499 2696 3562 τοὺς
2735 3501 3019 3571 οὐρανοὺς,
3055 3505 3365 3575 ὁμοδίαιτον
3396 3527 3455 3563 τε
3494 3515 3593 3566 καὶ
3644 3531 3769 3583 συγ-

2194 3587 2457 3658 χορευτην
2512 3590 2779 3658 ἐπιδεῖξαι
2843 3598 2955 3658 τοῖς
2994 3596 3246 3665 ἀγγέλοις
3308 3601 3400 3655 τὸν
3463 3603 3761 3677 ἄνθρωπον.

2193 3677 2303 3730 Καὶ
2334 3678 2525 3751 ὥσπερ
2563 3684 3031 3758 κεκαινοτόμηκεν
3062 3691 3197 3759 ἡμῖν
3227 3691 3315 3745 διὰ
3345 3693 3448 3763 τῆς
3478 3695 3619 3760 ιδίας
3643 3698 3765 3751 ἀνα·

2193 3770 2458 3856 στάσεως,
2486 3772 2548 3825 τὸ
2586 3772 2868 3844 διαδρᾶναι
2896 3776 3157 3834 δύνασθαι
3204 3783 3302 3854 τὴν
3328 3783 3558 3856 φθορὰν,
3599 3788 3764 3854 οὕτως

2188 3861 2322 3930 ἡμῖν
2352 3844 2562 3926 ἀνοῖξαι
2593 3866 2686 3919 καὶ
2714 3867 2813 3938 τὴν
2857 3870 2938 3933 εἰς
2980 3871 3041 3925 τὸ
3093 3873 3204 3928 ἄνω
3234 3876 3472 3947 πάροδον
3494 3921 3509 3945 ,
3569 3883 3665 3935 καὶ
3704 3884 3758 3935 ἐν

2188 3951 2307 4020 ὄψει
2353 3954 2547 4024 στῆσαι
2587 3956 2678 4010 τοῦ
2719 3961 2932 4031 Πατρὸς
2969 3962 3060 4015 τὸν
3088 3964 3152 4017 ἐκ
3188 3967 3481 4036 προσώπου
3510 3972 3752 4036 τεθέντα,

2186 4040 2274 4095 διά
2305 4044 2405 4112 τὴν
2460 4047 2519 4099 ἐν
2576 4048 2747 4120 ’Δδᾶιμ
2804 4053 3138 4123 παράϐασιν.
3201 4057 3359 4112 οὕτω
3418 4062 3488 4115 τὰ
3535 4063 3756 4119 τοιαῦτα

2188 4135 2369 4200 συνεὶς
2395 4138 2486 4190 καὶ
2517 4141 2545 4191 ὁ
2575 4138 2860 4208 θεσπέσιος
2890 4133 3100 4210 Παῦλος
3127 4147 3315 4218 ἔλεγεν
3339 4166 3354 4183 ο
3386 4171 3404 4202 ι
3445 4153 3522 4205 οὐ
3545 4154 3655 4226 γὰρ
3681 4157 3755 4220 είς

2187 4227 2694 4299 χειροποίηταᾶγια
2726 4234 2975 4304 εἰσῆλθεν
3006 4239 3035 4290 ὁ
3063 4239 3317 4310 Χριστὸς,
3350 4242 3471 4296 οὐδὲ
3499 4245 3582 4307 είς
3608 4246 3750 4299 ἀντί-

2191 4333 2338 4370 τυπα
2366 4319 2474 4371 τῶν
2518 4321 2787 4391 ἀληθινῶν
2810 4366 2824 4391 ,
2879 4327 2995 4381 ἀλλ’
3049 4332 3128 4394 είς
3179 4332 3343 4386 αὐτὸν
3384 4336 3477 4388 τὸν
3508 4338 3753 4406 οὐρανὸν,

2188 4407 2284 4460 νῦν
2348 4410 2748 4483 ἐμφανισθῆναι
2802 4416 2881 4486 τῷ
2939 4421 3217 4491 προσώπῳ
3270 4424 3364 4477 τοῦ
3427 4425 3566 4479 Θεοῦ
3624 4428 3754 4498 ὑπὲρ

2184 4499 2360 4568 ήμῶν.
2398 4519 2417 4552 ι
2469 4502 2735 4569 Ἀκούεις,
2765 4509 2961 4563 ὅτιδιά
2998 4511 3200 4575 παντὸς
3237 4515 3296 4568 ἐν
3336 4514 3456 4584 ὕψει
3486 4518 3584 4571 καὶ
3608 4521 3751 4591 sua

2182 4589 2341 4659 φύσει
2380 4592 2472 4644 τοῦ
2516 4594 2648 4647 ἰδίου
2683 4597 3011 4671 Γεννήτορος
3043 4602 3120 4657 ὣν
3144 4644 3157 4665 ,
3192 4603 3279 4657 διὰ
3322 4606 3422 4677 τὴν
3451 4610 3752 4679 ταυτότητα

2177 4681 2280 4751 τῆς
2310 4683 2498 4747 οὐσίας
2521 4723 2537 4747 ,
2580 4687 2678 4740 νῦν
2705 4690 2765 4742 οὐ
2803 4691 2870 4743 δι’
2907 4694 3117 4758 ἑαυτὸν,
3155 4696 3269 4748 ἀλλ’
3299 4697 3440 4767 ὑπὲρ
3469 4699 3630 4768 ἡμῶν
3659 4703 3752 4771 ἑμ-

2178 4771 2489 4840 φανίξεται;
2555 4777 2619 4829 Ὃ
2676 4778 2783 4849 γὰρ
2841 4778 2994 4837 εἷπον
3042 4784 3164 4854 ἤδη,
3202 4785 3361 4840 τοῦτο
3397 4787 3563 4841 πάλιν
3606 4791 3747 4860 ἐρῶ·

2177 4861 2325 4931 ἡμᾶς
2354 4861 2566 4934 ἵστησιν
2610 4868 2668 4920 ὲν
2701 4869 2820 4938 ὕψει
2859 4872 2953 4926 τοῦ
2994 4875 3207 4945 Πατρὸς
3231 4916 3245 4941 ,
3287 4879 3517 4949 ἀπαρχὴ
3548 4881 3627 4933 ὢν
3656 4881 3750 4951 τῆς

2170 4949 2622 5024 ἀνθρωπότητος,
2688 4960 3051 5034 ἀποδημήσας
3103 4968 3184 5029 είς
3237 4968 3491 5038 οὐρανόν.
3540 4949 3749 5042 Ὥσπερ

2170 5041 2280 5113 γὰρ
2312 5043 2423 5114 ζωὴ
2478 5048 2620 5100 κατᾶ
2673 5051 2834 5119 φύσιν
2887 5055 3182 5127 ὑπάρχων,
3241 5060 3540 5116 ἀποθανεῖν
3569 5081 3629 5117 τε
3659 5041 3749 5117 καὶ

2170 5131 2469 5203 ἀναστῆναι
2498 5136 2717 5204 λέγεται
2749 5141 2819 5194 δι’
2850 5145 3018 5213 ἡμᾶς,
3050 5145 3223 5210 οὕτως
3270 5149 3364 5201 καὶ
3399 5151 3488 5203 ἀεὶ
3533 5152 3747 5221 βλέπων

2169 5221 2262 5273 τὸν
2295 5223 2489 5278 ἑαυτοῦ
2517 5229 2756 5300 Πατέρα,
2785 5232 3062 5305 ὁρῴμενός
3082 5252 3140 5288 τε
3168 5233 3234 5290 αὖ
3269 5238 3435 5291 πάλιν
3466 5241 3564 5294 καὶ
3590 5241 3741 5311 παρὰ

2170 5310 2264 5364 τοῦ
2300 5313 2431 5368 ίδίου
2463 5318 2679 5390 Πατρὸς
2701 5361 2716 5385 ,
2749 5322 2844 5375 νῦν
2874 5325 3274 5394 ἐμφανισθῆναι
3314 5327 3557 5395 λέγεται,
3598 5329 3743 5383 τοῦτ’

2167 5403 2313 5457 ἐστιν
2338 5447 2353 5471 ,
2386 5408 2476 5461 ὅτε
2502 5411 2725 5480 γέγονεν
2768 5414 3054 5484 ἄνθρωπος
3073 5457 3089 5480 ,
3136 5419 3198 5472 οὐ
3246 5419 3313 5472 δι’
3343 5421 3537 5475 ἑαυτὸν
3559 5461 3578 5486 ,
3627 5420 3741 5474 ἀλλ’

2168 5493 2306 5563 ὑπὲρ
2334 5497 2523 5567 ἡμῶν,
2568 5502 2643 5565 ὡς
2701 5502 3017 5573 ἄνθρωπος,
3054 5509 3148 5560 καὶ
3190 5509 3265 5571 ὡς
3300 5508 3613 5573 ὲλλελοιπὸς
3650 5503 3742 5562 οὖν

1178 5653 1222 5683 ⁸ο
1247 5651 1411 5710 ilcbr.
1445 5670 1521 5723 rx,
1548 5656 1637 5712 24.
1719 5660 1761 5692 ⁴¹
1787 5661 1951 5719 Hebr.
1988 5680 2065 5731 Vl,
2098 5673 2100 5690 ‘

2266 5671 2309 5705 ⁸³
2346 5674 2362 5728 1
2389 5673 2535 5730 Petr.
2565 5693 2624 5744 ll,
2652 5679 2742 5734 ‘25.
2821 5682 2899 5735 ⁸³1
2931 5682 3084 5741 Joau.
