4024 6262
257 440 355 498 453

1262 436 1329 489 1N
1370 434 1650 491 JOANNIS
1682 434 2123 494 EVANGELIUM
2163 436 2293 491 LIB.
2335 435 2402 491 Χ.

3364 444 3475 502 ἑδᾷ

254 554 354 625 ἄρα
380 556 439 624 τῇ
463 551 576 606 καθ’
610 553 753 622 ἡμᾶς
781 550 1063 621 οἰκονομίᾳ
1096 551 1475 618 κατεφαίνετο,
1508 550 1572 605 τὸ
1599 553 1694 605 καὶ
1715 552 1797 613 εἰς

1921 559 2172 619 luatenus
2216 565 2346 605 vero
2382 553 2525 607 Deus
2551 564 2615 606 ac
2661 550 2928 609 Dominus
2971 552 3273 609 secundum
3307 565 3465 611 natu-

256 645 438 706 αὐτοὺς
456 644 595 712 ἡμᾶς
616 641 882 710 ἀναϐῆναι
903 643 1030 704 τοὺς
1058 641 1346 711 οὐρανοὺς,
1368 641 1444 703 ὡς
1469 643 1527 693 ὲν
1549 640 1794 711 ἀπαρχῇ,

251 736 338 787 καὶ
377 732 567 802 πρώτῳ
593 731 831 802 Χριστῷ.
866 732 1178 803 Πρόδρομος
1210 732 1317 802 γὰρ
1356 734 1451 786 καὶ
1488 734 1567 794 εἰς
1600 732 1797 797 αὐτοὺς

251 821 557 892 ἀνελήλυθεν
590 823 728 893 ὑπὲρ
762 823 919 894 ἡμῶν
940 862 955 887 ,
1009 821 1084 885 ὥς
1117 840 1221 875 που
1254 824 1348 876 καὶ
1376 824 1539 891 αὐτός
1572 841 1739 893 φησιν
1769 824 1798 874 ὁ

247 913 518 975 θεσπέσιος
576 912 811 976 Παῦλος.
870 913 981 965 Καὶ
1026 906 1193 986 ᾖμὲν
1242 913 1549 984 ἄνθρωπος,
1598 916 1799 968 νοεῖται

245 1001 395 1072 τυχὸν
427 1002 715 1072 ἀρχιερεὺς
734 1001 815 1057 ἔτι
838 1001 947 1055 τῶν
981 1003 1267 1074 ἡμετέρων
1295 1003 1484 1073 ψυχῶν
1507 1004 1599 1058 καὶ
1626 1003 1800 1075 παρά-

242 1092 450 1163 κλητος,
483 1094 578 1146 καὶ
613 1094 840 1165 ἱλασμός
860 1094 999 1165 ὑπὲρ
1024 1093 1135 1148 τῶν
1164 1094 1452 1167 ἡμετέρων
1477 1095 1760 1166 ἁμαρτιῶν
1781 1111 1797 1127 ο

241 1178 272 1254 ᾖ
309 1182 364 1235 δὲ
398 1182 530 1247 Θεὸς
577 1184 673 1237 καί
713 1183 917 1255 Κύριος
959 1184 1100 1238 κατά
1153 1183 1352 1253 φύσιν,
1406 1185 1657 1259 σύνεδρος
1720 1185 1801 1257 τῷ

242 1273 351 1343 ἰδίῳ
380 1274 707 1345 Γεννήτορι,
759 1276 895 1329 ἀλλὰ
933 1276 1029 1330 καὶ
1082 1278 1162 1341 εἰς
1201 1279 1349 1347 ἡμᾶς
1394 1277 1592 1340 αὐτοὺς
1646 1278 1801 1332 οὐδὲν

236 1360 391 1433 ἦττον
416 1364 611 1429 πάλιν,
653 1366 747 1419 καὶ
778 1367 812 1437 ἡ
856 1369 921 1420 ὲκ
956 1366 1146 1420 τούτου
1179 1367 1496 1438 διαϐήσεται
1528 1368 1678 1436 δόξα.
1708 1368 1801 1422 Διὸ

239 1454 326 1507 καὶ
353 1453 564 1518 Παῦλος
597 1455 750 1524 ἔλεγε
777 1456 904 1525 περὶ
931 1455 1024 1509 τοῦ
1060 1456 1272 1527 Πατρός
1295 1474 1309 1488 ⁸
1346 1473 1365 1511 ι
1400 1457 1519 1511 ’Ότι
1558 1458 1651 1511 καὶ
1680 1475 1803 1512 συν-

234 1546 446 1615 ήγειρε,
487 1546 584 1599 καὶ
624 1546 971 1600 συνεκάθισεν
1009 1547 1156 1617 ἡμᾶς
1198 1547 1258 1599 ὲν
1302 1549 1416 1608 τοῖς
1457 1546 1804 1616 ἐπουρανίοις

234 1636 293 1688 ὲν
321 1636 574 1707 Χριστῷ.
623 1656 641 1689 ι
684 1638 1095 1708 Τετελεσμένων
1128 1633 1222 1691 οῦν
1265 1636 1374 1709 ἄρα
1410 1637 1519 1691 τῶν
1570 1640 1662 1692 ἐπὶ
1708 1639 1805 1707 τῆς

231 1727 356 1797 γῆς,
395 1727 456 1779 τὸ
483 1726 793 1792 ὲ),λελοιπὸς
817 1729 924 1782 ἔδει
959 1729 1214 1800 πληροῦν,
1236 1729 1379 1783 τοῦτ’
1408 1729 1544 1795 ἐστι,
1577 1730 1638 1782 τὸ
1674 1732 1802 1784 ἀνα-

233 1818 396 1888 6ῆναι
438 1819 581 1891 πρὸς
624 1820 713 1874 τόν
742 1820 980 1891 Πατέρα.
1030 1820 1128 1875 Διὰ
1178 1820 1338 1874 τοῦτό
1383 1838 1516 1891 φησι
1544 1838 1557 1851 ο
1602 1841 1621 1873 ι
1657 1822 1807 1892 Συμ-

1903 655 2019 699 ram
2045 681 2059 705 ,
2089 656 2213 698 cum
2255 642 2417 698 Patre
2466 642 2750 708 considet,
2793 643 2888 699 sed
2939 644 3296 701 nihilosecius
3352 646 3469 701 haec

1904 731 1972 786 ad
2020 747 2121 789 nos
2167 734 2340 805 gloria
2392 734 2706 805 pertinebit.
2746 732 2903 791 Unde
2946 742 3000 790 et
3037 734 3242 791 Paulus
3291 739 3468 793 aiebat

1905 826 1972 881 de
1996 826 2158 885 Patre
2191 846 2204 884 :
2242 845 2261 875 α
2292 828 2431 893 Quia
2458 836 2515 882 et
2561 829 3021 884 eonresuseitavit
3041 868 3057 893 ,
3086 838 3139 884 et
3173 830 3469 886 consedere

1905 917 2038 974 fecit
2063 932 2162 974 nos
2194 919 2250 973 in
2276 918 2598 975 cmlestibus
2635 919 2690 973 in
2724 918 2944 975 Christo
2966 920 3055 974 δ”.
3100 940 3119 971 ι
3151 919 3288 976 Cum
3330 936 3461 992 ergo

1907 1009 2091 1065 omnia
2121 1025 2245 1077 quae
2292 1011 2348 1067 in
2389 1011 2548 1067 terris
2576 1004 2972 1081 dispensanda
3009 1022 3165 1067 erant
3205 1026 3467 1067 consum-

1907 1105 2138 1165 masset,
2164 1099 2407 1155 restabat
2447 1106 2506 1154 ut
2535 1101 2907 1171 quod‘deerat-
2947 1101 3215 1172 impleret,
3271 1117 3469 1172 nempe

1907 1198 1967 1246 ut
1999 1190 2321 1249 ascenderet
2351 1192 2418 1246 ad
2447 1190 2683 1248 Patrem.
2711 1192 2979 1260 Quocirca
3010 1194 3086 1249 ait
3124 1211 3137 1249 :
3186 1213 3205 1245 ι
3238 1192 3469 1263 Expedit

1909 1283 2066 1341 vobis
2131 1291 2353 1352 οἰκοδο
2398 1283 2616 1338 vadam.
2663 1273 2720 1338 Si
2754 1286 2897 1341 enim
2949 1300 3051 1357 ego
3097 1299 3205 1340 non
3255 1284 3466 1352 abiero,

1908 1373 2226 1431 Paracletus
2280 1391 2390 1430 non
2437 1376 2619 1431 veniet
2646 1376 2737 1431 ’ad
2785 1391 2904 1433 vos.
2944 1395 2963 1427 ι
3019 1377 3261 1448 Agedum
3314 1392 3465 1447 ergo,

1910 1464 2072 1518 aliam
2095 1466 2387 1535 quamdam
2420 1467 2857 1523 observationem
2898 1466 3244 1537 proferamus
3280 1469 3468 1522 utilem

1908 1571 2062 1627 aque
2091 1571 2155 1611 ac
2183 1572 2392 1612 veram.
2428 1557 2655 1614 Peracta
2685 1559 2905 1613 demum
2933 1570 3089 1614 erant
3118 1560 3300 1614 omnia
3350 1575 3473 1629 qua:

1912 1649 1967 1703 in
1999 1649 2169 1705 terris
2196 1649 2572 1720 dispensanda
2607 1652 2804 1715 'erant,
2846 1650 3008 1707 sicuti
3065 1653 3227 1706 modo
3272 1666 3475 1706 assere-

1912 1740 2144 1805 bamus;
2177 1741 2273 1795 sed
2302 1741 2592 1809 oportebat
2632 1742 2861 1796 omnino
2893 1741 3004 1796 fieri
3034 1756 3134 1797 nos
3188 1750 3474 1796 consortes

1912 1837 1966 1881 et
1993 1828 2194 1882 divinat
2234 1826 2399 1883 Verbi
2429 1836 2642 1884 natura:
2687 1829 2986 1900 participes
3009 1828 3054 1861 “
3077 1867 3093 1892 ,
3151 1844 3244 1884 seu
3282 1835 3475 1883 nostra

232 1908 385 1979 φέρει
420 1909 558 1979 ὑμῖν
611 1910 697 1963 ἵνα
726 1911 837 1977 ἐγὼ
871 1911 1111 1967 ἀπέλθω.
1154 1911 1278 1967 Ἐἀν
1307 1912 1418 1983 γὰρ
1459 1912 1535 1983 μὴ
1565 1912 1805 1978 ἀπέλθω,

1921 1918 2019 1972 vita
2043 1919 2232 1973 relicta
2265 1919 2320 1973 in
2344 1921 2511 1975 aliam
2540 1920 2835 1991 quamdam
2877 1917 3267 1973 transformari
3311 1931 3366 1973 et
3406 1919 3473 1972 ad

232 2001 261 2051 ὁ
303 1999 673 2071 Παράκλητος
729 2002 788 2055 οὐ
835 2003 909 2072 μὴ
943 2001 1071 2074 ἔλθῃ
1123 2003 1261 2075 πρὸς
1311 2004 1476 2075 ὑμᾶς.
1521 2022 1540 2055 ι
1573 2004 1709 2074 Φέρε
1743 2004 1807 2074 δή

230 2106 282 2143 τι
309 2091 405 2143 καί
442 2090 591 2162 πρὸς
623 2091 831 2156 τούτοις
880 2092 1067 2163 ἕτερον
1115 2094 1424 2162 ἐπινοῶμεν
1456 2097 1567 2158 τοῖς
1598 2094 1813 2166 θεωρή-

234 2197 368 2250 μασι
398 2183 682 2254 χρήσιμόν
711 2200 769 2237 τε
802 2183 894 2237 καὶ
928 2183 1146 2252 ἀληθές.
1172 2184 1522 2256 Κατώρθωτο
1563 2185 1664 2255 μὲν
1702 2186 1812 2257 γὰρ

231 2271 445 2325 ἅπαντα
477 2271 674 2326 λοιπὸν
711 2272 779 2326 τὰ
812 2274 905 2327 ἐπὶ
930 2273 1029 2343 τῆς
1068 2275 1193 2345 γῆς,
1223 2275 1478 2346 καθάπερ
1514 2276 1710 2347 ἀμέλει
1743 2276 1815 2329 δι-

231 2364 639 2434 εὸεΰαιούμεθα
668 2365 817 2418 νυνί·
854 2365 992 2436 χρῆν
1034 2366 1091 2419 δὲ
1131 2365 1196 2436 δὴ
1246 2366 1468 2429 πάντως
1522 2359 1815 2432 κοινωνοὺς

231 2455 373 2525 ἡμᾶς
432 2455 539 2509 καὶ
585 2455 847 2526 μετόχους
891 2456 1144 2525 γενέσθαι
1189 2457 1287 2528 τῆς
1332 2457 1481 2520 θείας
1516 2457 1609 2510 τοῦ
1639 2457 1814 2524 Λόγου

236 2545 470 2612 φύσεως,
506 2547 659 2616 ἢπερ
681 2549 778 2617 τὴν
809 2548 1017 2603 οἰκείαν
1050 2547 1291 2615 ἀφέντας
1314 2548 1458 2621 ζωὴν
1496 2550 1577 2610 εἰς
1620 2548 1815 2618 ἑτέραν

234 2637 791 2707 μετασκευάξεσθαι,
847 2639 940 2691 καὶ
1000 2638 1135 2709 πρὸς
1186 2638 1480 2708 καινότητα
1521 2637 1815 2703 ,πολιτείας

230 2728 789 2799 μεταστοιχειοῦσθαι
814 2729 917 2792 τῆς
947 2727 1233 2797 θεοφιλοῦς
1256 2744 1269 2757 ·
1311 2728 1430 2783 ἀλλ’
1468 2723 1536 2798 ἦν
1572 2729 1673 2798 οὐχ
1698 2729 1817 2781 ἑτέ-

226 2835 343 2887 ρως
394 2819 672 2873 δύνασθαι
705 2820 896 2873 τούτου
928 2823 1150 2890 τυχεῖν,
1201 2819 1250 2872 εἰ
1305 2817 1381 2891 μὴ
1432 2818 1521 2873 διὰ
1567 2822 1666 2890 τῆς
1718 2818 1814 2873 τοῦ

225 2909 390 2976 ἁγίου
435 2910 766 2979 Πνεύματος
799 2910 1085 2974 κοινωνίας
1135 2928 1195 2964 τε
1245 2911 1339 2964 καὶ
1397 2910 1709 2980 μετουσίας.
1750 2911 1816 2963 Ὅ

1912 2010 2209 2065 novitatem
2268 2012 2372 2080 pim
2426 2012 2870 2067 conversationis
2927 2010 3227 2066 instaurari
3279 2008 3474 2079 :quod

1912 2101 2074 2154 aliter
2126 2117 2293 2171 quam
2352 2102 2774 2171 participatione
2831 2101 3011 2155 sancti
3064 2100 3306 2169 Spiritus
3358 2098 3472 2153 fieri

1912 2205 2023 2245 non
2065 2200 2298 2259 poterat.
2332 2191 2570 2261 Tempus
2613 2200 2796 2246 autem
2844 2191 3080 2245 maxime
3109 2198 3475 2260 opportunum

1915 2283 2164 2338 missioni
2208 2281 2450 2353 Spiritus
2475 2322 2490 2344 .
2530 2291 2588 2337 et
2631 2281 2753 2350 ejus
2792 2281 2845 2335 in
2887 2296 2985 2336 nos
3026 2281 3245 2352 illapsui
3274 2320 3290 2343 ,
3342 2279 3476 2334 illud

1914 2382 2030 2426 erat
2074 2371 2219 2441 quod
2239 2373 2547 2427 discessum
2578 2371 2784 2426 Christi
2816 2370 2989 2425 nostri
3019 2369 3334 2425 Servatoris
3379 2385 3478 2424 ex-

1914 2462 2077 2532 cepit.
2117 2462 2252 2516 Nam
2283 2463 2525 2531 quandiu
2565 2462 2821 2516 Christus
2854 2475 2977 2514 cum
3009 2460 3259 2514 fidelibus
3300 2457 3481 2513 adhuc

1915 2552 1970 2609 in
1997 2566 2164 2606 carne
2192 2552 2537 2614 versabatur,
2565 2550 2769 2613 omnis,
2802 2558 2861 2604 ut
2898 2564 3043 2612 reor,
3089 2550 3218 2603 boni
3254 2549 3483 2618 largitor

1913 2642 1997 2697 eis
2034 2643 2330 2712 apparebat
2373 2659 2388 2697 :
2437 2657 2629 2698 verum
2673 2641 2765 2694 ubi
2817 2640 2885 2695 ad
2934 2641 3215 2694 caelestem
3265 2638 3479 2693 Patrem

1917 2733 2250 2790 ascendendi
2297 2740 2514 2802 tempus
2551 2739 2607 2786 et
2634 2732 2940 2787 necessitas
2980 2729 3174 2791 adfuit.
3207 2729 3482 2799 quomodo

1919 2838 2028 2879 non
2068 2824 2359 2893 oportebat
2401 2837 2528 2878 eum
2559 2822 2867 2877 cultoribus
2900 2821 3017 2875 suis
3064 2835 3165 2890 per
3212 2818 3480 2890 Spiritum

1920 2918 2136 2979 adesse.
2167 2925 2219 2971 et
2254 2930 2353 2985 per
2389 2913 2548 2983 iidem
2578 2915 2635 2967 in
2673 2914 2876 2967 nostris
2909 2912 3173 2966 cordibus
3205 2911 3481 2975 habitare,

224 3016 288 3053 τε
328 3002 448 3072 μὴν
508 3001 961 3071 πρεπωδέστατός
1012 3018 1072 3055 τε
1112 3001 1206 3055 καὶ
1258 3001 1595 3065 οἰκειότατος
1628 3000 1818 3072 καιρὸς

198 3094 295 3162 ’τῇ
343 3091 448 3145 τοῦ
484 3091 807 3162 Πνεύματος
849 3092 1153 3162 ἀποστολῇ,
1200 3092 1294 3146 καὶ
1336 3090 1546 3162 καθόδῳ
1579 3093 1650 3159 τῇ
1681 3088 1818 3161 πρὸς

1921 3109 2107 3152 remus
2136 3111 2151 3149 :
2182 3111 2203 3145 ι
2235 3094 2410 3155 Abba,
2441 3092 2604 3147 Pater
2625 3092 2693 3155 ⁵⁸,
2733 3110 2751 3143 ι
2787 3097 2840 3147 et
2870 3090 2937 3144 ad
2981 3105 3197 3144 onmem
3227 3090 3484 3144 virtutem

226 3183 389 3254 ἡμᾶς
416 3223 433 3248 ,
470 3184 680 3246 ἐκεῖνος
710 3178 775 3251 ἦν
806 3184 924 3254 ἀραί
953 3182 1138 3236 λοιπὸν
1189 3182 1482 3253 εἰστρέχων
1523 3182 1817 3252 εὐκαίρως,

1927 3185 2089 3241 facile
2136 3199 2531 3248 curreremus,
2589 3198 2652 3237 ac
2689 3192 2952 3253 prmterea
2995 3190 3247 3251 potentes
3293 3190 3347 3235 et
3398 3181 3483 3234 in-

222 3274 256 3326 ὁ
289 3273 448 3344 μετά
490 3274 589 3344 τὴν
619 3273 868 3327 ἐντεῦθεν
906 3273 1216 3344 ἀποδημίαν
1251 3272 1347 3326 τοῦ
1383 3273 1633 3344 Σωτῆρος
1662 3271 1818 3343 ᾐμῶν

1926 3277 2056 3330 victi
2099 3276 2362 3331 adversus
2392 3272 2599 3329 diaboli
2653 3273 2886 3327 insidias
2936 3280 2991 3326 et
3030 3271 3268 3326 insultus
3306 3270 3486 3323 Immi-

224 3362 514 3434 Χριστοῦ.
553 3362 735 3417 Συνὼν
773 3363 873 3433 μὲν
914 3364 1023 3434 γὰρ
1058 3365 1138 3417 ἔτι
1174 3365 1315 3434 μετά
1348 3363 1552 3435 σαρκὸς
1581 3364 1676 3417 καὶ
1710 3365 1818 3428 τοῖς

1927 3381 2058 3422 num
2086 3365 2475 3436 reperiremur,
2505 3373 2566 3418 ut
2594 3363 2687 3433 qui
2720 3362 3180 3431 cunctipotentem
3221 3359 3487 3430 Spiritum

222 3453 606 3507 πιστεύουσιν
625 3455 704 3516 εἰς
734 3454 917 3516 αὐτὸν,
949 3454 1173 3524 παντὸς,
1212 3449 1387 3524 οἶμαι,
1411 3453 1644 3524 χορηγός
1684 3454 1818 3522 ἀγα-

1930 3455 2267 3513 habeamus?
2290 3456 2445 3523 Quod
2475 3455 2620 3510 enim
2648 3455 2703 3508 in
2735 3453 2901 3506 alium
2924 3450 3213 3520 quemdam
3244 3449 3486 3503 habitum

226 3544 335 3597 θοῦ
381 3542 742 3595 ἀνεδείκνυτο
770 3559 783 3572 ·
810 3543 922 3595 ἀλλ’
953 3516 1179 3613 ὲτέείπερ
1215 3542 1376 3597 αὑτὸν
1401 3541 1818 3611 ἄνακομίζεσθαι

1929 3516 2436 3604 transformetweos
2489 3544 2545 3598 in
2599 3543 2802 3612 quibus
2846 3516 3015 3593 fuerit
3064 3545 3120 3592 et
3167 3535 3492 3591 inhabitarit

222 3634 353 3685 δεῖν
383 3631 533 3701 πρὸς
563 3632 654 3686 τὸν
684 3634 739 3685 ὲν
770 3634 882 3691 τοῖς
906 3634 1150 3702 οὐρανοῖς
1185 3631 1401 3703 Πατέρα
1427 3631 1617 3701 καιρὸς
1645 3630 1818 3684 ἐκάλει

1932 3638 2213 3708 Spiritus,
2276 3649 2482 3706 eosque
2549 3634 2606 3688 in
2661 3632 2955 3687 novitatem
3012 3629 3139 3684 vita:
3191 3632 3488 3686 restauret,

227 3722 338 3774 καὶ
373 3720 569 3791 χρεία,
598 3721 712 3785 πῶς
737 3724 838 3775 οὐκ
868 3721 973 3774 ἔδει
1008 3724 1241 3776 συνεῖναι
1272 3722 1358 3774 διὰ
1390 3721 1483 3774 τοῦ
1514 3721 1818 3792 Πνεύματος

1932 3742 2115 3785 nonne
2147 3726 2309 3782 facile
2336 3734 2421 3782 est
2450 3725 2651 3789 cuivis,
2684 3737 2808 3776 eum
2838 3736 2909 3776 ex
2946 3719 3149 3775 veteris
3177 3724 3291 3771 tum
3337 3730 3491 3793 novae

227 3811 364 3872 τοῖς
400 3809 729 3881 σεϐομένοις
764 3811 945 3879 αὐτὸν,
981 3813 1074 3864 καὶ
1104 3814 1336 3865 ἐνοικεῖν
1363 3814 1421 3864 ὲν
1440 3813 1561 3874 ταῖς
1584 3811 1832 3883 καρδίαις
1866 3798 1873 3803 ’

227 3899 418 3969 ἡμῶν
464 3899 552 3951 διὰ
587 3903 685 3970 τῆς
729 3902 964 3964 πίστεως
991 3943 1004 3969 ,
1045 3902 1113 3955 ἶν’
1148 3902 1309 3955 αὐτὸν
1349 3902 1564 3973 ἔχοντες
1615 3904 1672 3955 ὲν
1702 3903 1831 3956 ἐαυ-

220 3992 359 4054 τοῖς
385 4030 401 4054 ,
457 3990 598 4059 μετά
633 3992 943 4062 παρρησίας
985 3992 1312 4064 κράζωμενι·
1354 4012 1372 4043 ι
1424 3993 1593 4046 Ἀὅϐἄ
1613 4032 1629 4059 ,
1663 3995 1691 4047 ό
1724 3994 1834 4047 Πα-

218 4083 371 4150 τὴρ,
416 4099 438 4129 ι
498 4079 751 4151 καὶπρὸς
789 4082 968 4135 πᾶσαν
998 4081 1237 4144 εὐκόλως
1276 4080 1451 4151 ἴοιμεν
1479 4082 1701 4153 ἀρετὴν,
1740 4081 1835 4135 καὶ

221 4173 497 4244 προσέτι
526 4171 719 4242 τούτῳ,
741 4172 965 4249 δυνατοί
990 4190 1049 4225 τε
1079 4175 1172 4226 καὶ
1196 4173 1401 4243 ἄμαχοι
1441 4173 1576 4244 πρὸς
1611 4171 1713 4235 τὰς
1738 4170 1833 4224 τοῦ

218 4266 515 4322 διαϐόλου
558 4265 836 4334 μεθοδείας
863 4264 1261 4335 εὑρισκώμεθα,
1297 4264 1392 4318 καὶ
1410 4263 1510 4327 τὰς
1542 4262 1601 4326 ἐξ
1627 4260 1838 4332 ἀνθρὼ-

221 4376 360 4413 πων
426 4357 872 4420 ἐπαναστάσεις,
924 4358 1019 4410 ἆτε
1072 4356 1135 4426 δὴ
1185 4357 1276 4408 καὶ
1309 4355 1371 4408 τὸ
1423 4355 1601 4411 πάντα
1655 4352 1818 4421 ίσχύοπ

1938 4361 2192 4414 claritate
2231 4360 2286 4414 in
2312 4360 2644 4423 claritatem,
2675 4364 2934 4424 tanquam
2963 4366 2992 4405 a
3018 4351 3231 4406 Domini
3265 4350 3493 4419 Spiritu.

217 4452 476 4519 ἔχοντες
517 4445 774 4517 Πνεῦμα;
804 4433 926 4499 Ὅτι
953 4447 1060 4517 γὰρ
1093 4448 1173 4509 εἰς
1202 4446 1394 4516 ἑτέραν
1422 4444 1547 4498 τινὰ
1575 4444 1818 4514 μεθίστη·

1940 4449 2205 4504 Dominus
2233 4457 2413 4503 autem
2446 4445 2687 4517 Spiritus
2720 4452 2806 4499 est
2828 4442 2896 4496 ".
2937 4460 2956 4493 ι
2988 4439 3156 4495 Vides
3176 4446 3236 4493 ut
3262 4438 3500 4506 Spiritus

222 4557 320 4593 σιν
357 4538 495 4602 ἕξιν
532 4538 660 4600 τοὺς
717 4538 774 4588 ὲν
818 4529 898 4599 οἷς
943 4535 1007 4588 ἂν
1050 4536 1257 4602 γένοιτο
1301 4534 1393 4587 καὶ
1438 4534 1741 4603 κατοικὴσῃ
1776 4531 1818 4584 τί

1945 4540 2298 4596 transformet
2328 4535 2734 4607 quodammodo
2781 4534 2836 4588 in
2879 4533 3040 4587 aliam
3084 4530 3372 4600 imaginem
3405 4542 3503 4581 eos

218 4630 491 4700 Πνεῦμα
520 4669 534 4693 ,
588 4628 683 4680 καὶ
726 4626 804 4689 εἰς
846 4625 1141 4693 καινότητα
1167 4625 1222 4677 δὲ
1274 4624 1635 4693 μεταπλάττει
1663 4624 1810 4693 ζωῆς

1944 4635 1998 4689 in
2031 4632 2233 4701 quibus
2286 4628 2595 4683 inhabitat?
2638 4622 2927 4681 Transfert
2975 4624 3119 4679 enim
3156 4621 3317 4675 facile
3347 4633 3375 4672 a
3410 4633 3503 4672 re-

222 4722 359 4785 πῶς
390 4722 465 4774 οὐ
502 4719 699 4791 ῥαδίως
728 4716 969 4786 ἐπιδείξῃ
1002 4733 1085 4778 τις
1110 4714 1198 4781 ἂν,
1238 4714 1343 4766 ἀπό
1380 4731 1438 4767 τε
1463 4713 1563 4784 τῆς
1607 4713 1818 4784 ἀρχαία

1944 4737 2067 4777 rum
2096 4733 2433 4776 terrenarum
2459 4734 2621 4774 sensu
2657 4718 2722 4771 ad
2755 4714 3052 4786 spectanda
3087 4714 3263 4767 solum
3289 4725 3353 4764 ea
3381 4723 3505 4777 quae

216 4814 333 4867 καὶ
383 4811 535 4877 νέας
573 4808 828 4879 Γραφῆς;
870 4808 929 4859 '0
972 4807 1069 4876 μὲν
1108 4805 1216 4877 γὰρ
1246 4805 1529 4867 θεσπέσιος
1564 4803 1818 4874 Σαμουὴλ

1943 4822 2072 4869 sunt
2099 4813 2153 4866 in
2179 4812 2361 4874 caelis,
2400 4817 2454 4865 et
2481 4825 2544 4865 ex
2573 4807 2780 4863 imbelli
2817 4805 3107 4859 timiditate
3128 4801 3194 4855 ad
3223 4808 3503 4855 strenuam

218 4906 325 4957 ὅτε
387 4902 540 4964 τοὺς
580 4899 715 4971 πρὸς
760 4899 851 4951 τὸν
890 4896 1064 4950 Σαοὺλ
1107 4897 1342 4948 ἐποιεῖτο
1397 4893 1619 4961 λόγους·
1673 4912 1691 4944 ε
1734 4893 1818 4946 Ka

1946 4909 2000 4958 et
2030 4899 2511 4972 generosissimam
2542 4897 2648 4952 vim
2682 4895 2872 4951 animi.
2900 4891 3086 4961 Neque
3114 4906 3243 4944 vero
3278 4887 3506 4941 dubium

1946 5001 2031 5048 est
2063 4992 2194 5060 quin
2228 4991 2301 5044 ita
2334 4988 2557 5045 affectos
2590 4988 2929 5056 reperiamus
2967 4981 3278 5050 discipulos
3329 4988 3382 5033 et
3428 4979 3509 5032 sic

1950 5098 2045 5152 per
2076 5081 2340 5151 Spiritum
2392 5079 2747 5135 confirmatos
2772 5117 2787 5141 ,
2822 5083 2880 5130 ut
2932 5071 3374 5144 persequentium
3421 5069 3507 5120 in-

1951 5174 2207 5229 cursibus
2235 5184 2579 5241 nequaquam
2610 5169 2985 5229 vincerentur,
3019 5164 3112 5220 sed
3145 5161 3422 5215 dilectioni
3456 5161 3508 5213 in

1952 5263 2231 5317 Christum
2270 5260 2553 5315 mordicus
2597 5258 2963 5312 adhaererent.
2994 5252 3196 5306 Verum
3230 5250 3396 5319 igitur
3428 5257 3512 5301 est

1952 5356 2100 5424 quod
2143 5355 2218 5406 ait
2261 5352 2520 5406 Servator
2562 5369 2576 5406 :
2615 5370 2631 5400 ι
2668 5346 2896 5416 Expedit
2947 5344 3103 5397 vobis
3172 5350 3231 5394 ut
3300 5354 3399 5407 ego
3447 5339 3515 5391 ad

1957 5446 2126 5499 cwlos
2161 5450 2420 5498 revertar.
2459 5462 2476 5494 ι
2508 5440 2746 5511 Tempus
2781 5438 2924 5492 enim
2957 5435 3088 5489 illud
3118 5444 3237 5489 crat
3286 5432 3517 5488 descen-

1921 3017 1983 3063 ut
2010 3007 2190 3076 ipsum
2237 3004 2503 3060 habentes
2540 3004 2597 3057 in
2639 3003 2800 3058 nobis
2823 3045 2838 3070 ,
2873 3017 2996 3056 cum
3045 3001 3245 3055 fiducia
3276 3002 3511 3070 clama-g

1935 3817 2234 3887 Scripturae
2275 3816 2609 3871 testimoniis
2653 3811 2984 3869 ostendere?
3035 3808 3262 3862 Divinus
3292 3806 3495 3874 quippe

1932 3910 2096 3980 920
2122 3908 2343 3963 Samuel
2375 3922 2498 3962 eum
2529 3907 2595 3960 ad
2633 3904 2848 3959 Saulem
2872 3901 3035 3957 verba
3085 3898 3330 3954 faceret:
3370 3913 3389 3947 ι
3431 3897 3495 3950 Et

1936 4001 2162 4065 iusiliet,
2190 3999 2386 4069 inquit,
2402 4014 2564 4068 super
2584 4004 2636 4052 te
2667 3996 2903 4065 Spiritus
2927 3991 3161 4053 Domini,
3187 3984 3242 4044 et
3265 3988 3496 4044 verteris

1936 4089 1990 4144 in
2031 4090 2206 4144 virum
2257 4089 2423 4143 alium
2444 4087 2512 4142 “.
2553 4108 2570 4138 )
2610 4087 2806 4141 Beatus
2841 4091 3019 4138 autem
3052 4081 3293 4134 Paulus:
3330 4098 3350 4130 ι
3386 4077 3496 4133 Nos

1938 4197 2065 4236 vero
2094 4196 2305 4242 omnes,
2341 4181 2577 4242 revelata
2605 4178 2744 4233 faeie
2784 4175 3012 4246 gloriam
3047 4171 3262 4226 Domini
3294 4185 3494 4239 specu-

1938 4271 2152 4332 lantes,
2214 4270 2269 4324 in
2316 4269 2560 4324 eamdem
2615 4266 2906 4336 imaginem
2972 4260 3428 4315 transformamur
3466 4273 3496 4312 a

213 4988 582 5062 ὲφαλεῖται,
614 4990 796 5058 φησὶν,
832 4989 924 5040 ἐπὶ
954 4988 1012 5039 σὲ
1043 4986 1268 5057 Πνεῦμα
1299 4987 1528 5056 Κυρίου,
1554 4985 1649 5039 καὶ
1679 5000 1845 5055 στραο

216 5086 404 5155 φήσῃ
458 5082 549 5145 εἰς
593 5081 759 5150 ἄνδρα
802 5079 981 5134 ἄλλον.
1023 5098 1041 5131 ι
1085 5080 1143 5132 Ὀ
1188 5079 1242 5131 δὲ
1296 5078 1566 5149 μακάριος
1601 5076 1845 5139 Παῦλος*

208 5200 244 5232 ,ι
304 5177 537 5247 Ἡμεῖς
565 5174 621 5227 δὲ
657 5173 858 5237 πάντες
900 5172 1408 5242 ἀνακεκαλυμμένῳ
1446 5169 1723 5242 προσώπῳ
1752 5170 1850 5240 τὴν

214 5267 415 5333 δόξαν
451 5265 670 5333 Κυρίου
701 5264 1211 5334 κατοπτριζόμενοι,
1237 5264 1316 5325 εἰς
1343 5263 1441 5333 τὴν
1469 5260 1638 5331 αὐτὴν
1662 5260 1850 5312 εἰκόνα

215 5357 821 5430 μεταμορφούμεθα,
871 5357 978 5410 ἀπὸ
1019 5355 1176 5425 δόξης
1216 5356 1294 5417 εἰς
1350 5352 1541 5419 δόξαν,
1592 5351 1844 5422 καθάπερ

212 5451 351 5505 ἀπὸ
407 5448 635 5519 Κυρίου
683 5446 1124 5525 ΠνεῦματοςηὉ
1170 5445 1226 5498 δὲ
1272 5446 1476 5515 Κύριος
1518 5444 1580 5497 τὸ
1622 5443 1850 5513 Πνεῦμα

210 5546 433 5598 ἐστιν.
490 5558 510 5592 ι
566 5540 727 5612 Ὁρᾷς
778 5542 859 5593 ὅτι
907 5538 1272 5610 μεταπλάττει
1328 5539 1388 5591 τὸ
1437 5537 1661 5607 Πνεῦμα
1714 5537 1818 5606 πρὸ

1958 5536 2070 5589 suri
2114 5534 2378 5601 Spiritus.

210 5639 467 5707 ἑτέραν
520 5634 708 5704 ὥσπερ
739 5634 956 5698 εἰκόνα,
988 5636 1114 5697 τοὺς
1145 5634 1205 5685 ὲν
1235 5628 1315 5695 οἷς
1362 5632 1429 5686 ἂν
1464 5633 1709 5700 φαίνοιτο
1754 5628 2143 5684 κοιταυλισθέν⁸
2178 5626 2480 5696 Μεθίστησι
2529 5624 2635 5693 γὰρ
2705 5621 2938 5683 εὐκόλως
3000 5619 3108 5673 ἀπὸ
3151 5617 3241 5672 τοῦ
3306 5613 3520 5685 φρονεῖν

310 5814 396 5847 ⁸³⁸
430 5810 646 5879 Ephcs.
687 5826 746 5873 ιι,
779 5811 833 5865 6.
910 5808 1010 5862 “li
1040 5808 1180 5864 l’etr.
1218 5823 1255 5871 ι,
1295 5807 1346 5861 4.
1431 5808 1471 5838 ⁸⁸
1496 5806 1675 5860 Galat.
1723 5819 1793 5867 tv,

1966 5802 2046 5854 ""l
2083 5801 2213 5870 lleg.
2258 5817 2310 5866 κ,
2354 5800 2405 5852 6.
2486 5797 2522 5825 ³⁷
2550 5794 2592 5850 ll
2627 5796 2753 5850 Cor.
2792 5812 2872 5863 ιιι,
2914 5793 3009 5859 17,
3052 5792 3139 5845 18.
