4024 6262
552 467 663 530 455
1505 477 1562 533 S.
1602 476 1876 534 CYRILLI
1916 479 2383 537 ALEXANDRINI
2418 436 2739 542 ARCHIEP.
3684 489 3785 547 456

553 585 760 640 ἐθέλειν
789 586 854 640 τά
904 587 997 639 ἐπὶ
1036 587 1132 658 τῆς
1159 587 1298 658 γῆς,
1330 589 1410 652 εἰς
1439 589 1500 643 τὸ
1531 591 1668 661 μόνα
1701 591 1919 661 βλέπειν
1953 591 2020 646 τά
2055 595 2112 645 ἐν
2149 593 2417 664 οὐρανοῖς,
2449 595 2542 648 καὶ
2575 596 2632 662 ἐξ
2665 597 2928 668 ἀνάνδρου
2984 597 3208 664 δειλίας,
3255 599 3334 664 είς
3391 600 3788 671 εὐτολμοτάτην

553 685 811 738 διάνοιαν.
847 683 968 736 Ὅτι
1009 684 1066 736 δὲ
1093 685 1339 750 καὶτοὺς
1369 687 1618 760 μαθητάς
1660 691 1817 744 τοῦτο
1845 692 2117 755 παθόντας
2149 693 2478 764 εὑρήσομεν,
2512 694 2605 748 καὶ
2632 696 3105 767 κεχαλκευμένους
3142 696 3230 750 διὰ
3286 695 3381 748 τοῦ
3449 694 3784 765 Πνεύματος,

552 782 630 841 είς
656 778 717 830 τὸ
759 779 896 849 μήτε
926 778 1024 840 τὰς
1069 779 1178 834 τῶν
1217 782 1524 838 διωκόντων
1555 787 1956 853 ἐπαναστάσεις
1985 791 2282 860 κατανικᾷν
2307 790 2403 861 (1),
2465 791 2602 847 ἀλλὰ
2646 793 2740 847 καὶ⁸
2775 794 2876 864 τῆς
2941 795 3020 856 είς
3060 790 3294 863 Χριστὸν
3362 788 3584 859 ἀγάπης
3623 787 3789 858 ἀπρὶξ

553 868 874 938 ἐχομένους,
921 871 1219 942 οὐδαμόθεν
1267 875 1586 945 ἀμφίϐολον.
1639 878 1848 934 Οὐκοῦν
1906 880 2112 951 ἀληθὴς
2145 880 2238 934 τοῦ
2273 883 2526 955 Σωτῆρος
2569 887 2597 938 6
2629 885 2806 954 λόγος,
2840 904 2859 938 ι
2898 883 3175 954 Συμφέρει
3213 883 3364 953 ὑμῖν,
3398 881 3676 948 λέγοντος,
3729 879 3788 931 τὸ

551 955 903 1024 ἀποδημῆσαί
949 975 1017 1028 με
1055 960 1134 1022 είς
1163 961 1442 1030 οὐρανούς.
1483 983 1500 1015 ι
1553 965 1790 1030 Ἐκεῖνος
1832 967 1941 1038 γάρ
1988 964 2056 1040 ἦν
2084 969 2113 1021 6
2151 969 2342 1040 καιρὸς
2371 974 2470 1043 τῆς
2493 973 2718 1028 καθόδου
2748 973 2843 1028 τοῦ
2869 973 3206 1043 Πνεύματος.

623 1043 762 1108 XVI,
797 1046 947 1101 8-H.
984 1048 1051 1102 Et
1084 1065 1203 1104 cum
1239 1055 1435 1106 uenerit
1477 1054 1597 1118 ille,
1639 1066 1823 1128 arguet
1853 1059 2108 1112 mundum

2280 1060 2391 1114 Kal
2436 1061 2630 1118 ἐλθὼν
2657 1053 3204 1131 ἐκεῖνος-..ἐλέγξει
3245 1059 3352 1114 τὸν
3386 1059 3624 1128 κόσμον
3654 1060 3786 1129 περὶ

550 1135 614 1190 de
638 1147 874 1205 peccato,
905 1148 953 1192 et
983 1139 1048 1192 de
1082 1140 1321 1209 justitia,
1359 1155 1404 1197 et
1440 1143 1503 1199 de
1542 1146 1767 1215 judicio.
1798 1148 1873 1203 De
1903 1159 2114 1217 peccato

550 1228 780 1298 quidem,
810 1231 935 1300 quia
963 1248 1068 1285 non
1114 1234 1332 1289 credunt
1378 1238 1432 1290 in
1484 1255 1584 1293 me.
1621 1239 1696 1294 De
1725 1241 1944 1309 justitia
1972 1259 2112 1308 vero,

549 1319 675 1387 quia
702 1318 773 1372 ad
803 1319 1020 1375 Patrem
1049 1322 1202 1387 vado,
1243 1333 1292 1378 et
1317 1325 1433 1394 jam
1468 1343 1573 1382 non
1615 1329 1860 1386 videbitis
1903 1349 2003 1386 me.
2036 1331 2116 1387 De

545 1409 750 1478 judicio
787 1421 960 1466 autem
982 1452 996 1476 ,
1045 1415 1174 1483 quia
1208 1417 1448 1485 princeps
1481 1418 1638 1488 hujus
1689 1420 1872 1474 mundi
1887 1415 2112 1483 judica-

552 1510 635 1553 tus
668 1509 767 1554 est.

619 1590 916 1662 Postquam
968 1595 1209 1652 ostendit
1267 1607 1636 1668 opportunum
1702 1602 2007 1660 descensus
2061 1613 2116 1660 et

549 1680 834 1737 missionis
866 1684 1106 1752 Spiritus
1139 1693 1356 1757 tempus
1385 1705 1540 1758 esse,
1573 1693 1618 1746 si
1644 1693 1708 1746 ad
1743 1692 1960 1749 Patrem
1988 1696 2109 1750 red-

549 1769 711 1835 ierit,
771 1779 825 1826 et
881 1781 1170 1843 postquam
1226 1778 1641 1834 acerbissimum
1691 1781 1935 1838 dolorem
1990 1799 2116 1839 san-

549 1867 766 1916 etorum
799 1860 1195 1932 discipulorum
1250 1881 1348 1936 per
1397 1867 1500 1924 hoc
1560 1871 1776 1927 abunde
1824 1873 2114 1944 mitigavit,

547 1950 659 2019 jam
692 1951 820 2021 quid
844 1953 1191 2022 praestiturus
1227 1961 1299 2011 sit
1323 1956 1648 2016 Paraclctus
1678 1961 1902 2032 insuper
1937 1971 2119 2020 osten-

551 2040 651 2096 dit.
685 2060 704 2094 ι
729 2042 864 2098 Cum
903 2045 1050 2099 enim
1084 2049 1320 2113 venerit,
1363 2051 1560 2122 inquit,
1613 2063 1803 2124 arguet
1847 2055 2114 2110 mundum

551 2134 619 2189 de
656 2144 911 2204 peccato,
974 2145 1027 2193 et
1075 2138 1145 2194 de
1193 2140 1452 2210 justitia,
1502 2151 1557 2199 et
1606 2145 1674 2199 de
1722 2145 1954 2215 judicio.
1990 2166 2007 2199 ι
2054 2147 2119 2202 Ει

550 2226 773 2297 quidem
803 2228 1082 2299 quomodo
1121 2230 1305 2287 futura
1356 2235 1428 2289 sit
1457 2234 1527 2290 de
1563 2252 1894 2308 unoquoque
1924 2239 2118 2293 redar-

549 2318 722 2387 gutio,
756 2329 1013 2376 accurate
1061 2322 1268 2377 docuit.
1327 2323 1466 2390 Quia
1501 2333 1683 2382 tamen
1722 2328 1971 2382 nonnulli
2008 2345 2116 2384 non

2216 1151 2536 1220 ἁμαρτίας,
2589 1155 2688 1209 καί
2725 1155 2857 1225 περὶ
2888 1153 3315 1219 δικαιοσύνης,
3359 1149 3459 1204 καί
3502 1151 3637 1218 περι
3668 1153 3788 1220 xpl-

2215 1258 2387 1310 σεως’
2449 1244 2588 1313 Περὶ
2620 1245 2909 1315 ἁμαρτίας
2935 1236 3081 1315 μὲν,
3133 1242 3224 1296 ὅτι
3273 1243 3346 1295 οὐ
3396 1242 3790 1295 πιστεύουσιν

2215 1335 2302 1400 είς
2328 1333 2457 1404 ἐμέ.
2504 1336 2644 1404 Περὶ
2679 1336 3071 1402 δικαιοσύνης
3095 1333 3163 1388 δὲ
3183 1373 3197 1398 ,
3223 1332 3312 1386 ὅτι
3340 1332 3489 1400 πρὸς
3523 1332 3630 1386 τὸν
3674 1336 3788 1387 Πα-

2214 1425 2355 1494 τέρα
2370 1426 2596 1496 ύπάγω,
2621 1428 2718 1482 καί
2745 1428 2943 1482 οὐκέτι
2960 1425 3227 1494 θεωρεῖτέ
3249 1442 3344 1495 με.
3378 1425 3515 1492 Περὶ
3538 1426 3791 1493 κρίσεως

2216 1516 2303 1578 δὲ,
2340 1517 2429 1570 ὅτι
2454 1521 2487 1570 ὀ
2514 1516 2715 1587 ἄρχων
2734 1518 2840 1572 τοῦ
2863 1519 3092 1586 κόσμου
3126 1517 3346 1570 τούτου
3363 1515 3647 1583 κέκριται.

2285 1607 2490 1678 Καιρὸν
2537 1608 2810 1674 ἐπιδείξας
2842 1609 2933 1662 τὸν
2973 1609 3162 1661 δέοντα
3208 1607 3310 1678 τῆς
3339 1605 3433 1659 τοῦ
3471 1606 3790 1677 Πνεύματος

2217 1697 2443 1751 καθόδου
2487 1700 2580 1753 καὶ
2622 1699 2960 1768 ἀποστολῆς,
3001 1699 3062 1752 τὸ
3103 1698 3453 1778 ἀποδημῆσαι
3505 1697 3645 1766 πρὸς
3700 1697 3790 1750 τὸν

2219 1787 2466 1859 Πατέρα,
2511 1790 2606 1842 καὶ
2633 1789 2732 1860 τὴν
2778 1793 2835 1844 ἐν
2882 1792 2994 1852 τοῖς
3043 1788 3218 1857 ἁγίοις
3262 1786 3532 1858 μαθηταῖς
3569 1786 3790 1856 ἀγριαί-

2217 1895 2411 1931 νουσαν
2438 1878 2614 1950 λύπην
2641 1879 2991 1950 ἀποχρόντως
3019 1879 3105 1932 διὰ
3128 1877 3318 1931 τούτου
3347 1877 3787 1949 τεθεραπευκὼς,

2217 1973 2310 2024 καὶ
2339 1971 2498 2024 τίνων
2526 1970 2678 2024 ἔσται
2709 1971 3042 2042 δημιουργὸς
3068 1972 3095 2024 6
3124 1969 3478 2040 Παράκλητος
3505 1969 3792 2040 χρησίμως

2217 2061 2738 2130 προσεπιδείκνυσιν.
2793 2081 2812 2112 ι
2854 2061 3054 2115 Ἐλθὼν
3088 2063 3218 2132 γάρ,
3247 2062 3431 2132 φησὶν,
3463 2060 3672 2129 ἐλέγξει
3701 2060 3794 2114 τὸν

2217 2150 2419 2220 κόσμον
2456 2153 2584 2222 περὶ
2628 2153 2932 2223 ἁμαρτίας,
2985 2153 3076 2206 καὶ
3117 2152 3246 2224 περὶ
3268 2150 3649 2220 δικαιοσύνης,
3698 2151 3793 2204 καὶ

2217 2243 2344 2312 περὶ
2385 2242 2637 2313 κρίσεως.
2669 2263 2686 2294 ι
2737 2244 2845 2296 Καὶ
2884 2243 3004 2296 τίνα
3044 2243 3140 2313 μὲν
3164 2243 3366 2314 τρόπον
3404 2243 3432 2296 6
3461 2244 3545 2310 ἐφ’
3575 2242 3792 2312 ἑκάστῳ

2215 2334 2325 2388 τῶν
2363 2334 2663 2406 εἰρημένων
2711 2333 2930 2404 ἐλεγχος
2969 2333 3149 2399 ἔσται,
3196 2333 3600 2403 διαμεμήνυκεν
3632 2334 3792 2400 ἀκρι-

551 2405 840 2462 admodum
871 2407 1033 2463 facile
1069 2410 1185 2466 hinc
1211 2414 1430 2483 assequi
1465 2414 1639 2469 videri
1673 2425 1928 2485 possunt,
1963 2417 2117 2488 sigil-

2222 2424 2348 2488 ϐῶς.
2588 2399 2924 2494 ἐπείπερ-ὸύ
2974 2423 3094 2478 λίαν
3145 2399 3380 2486 εὐκόλως
3425 2399 3794 2492 *προσϐάλλειν

551 2495 708 2551 latim
734 2498 1116 2566 explicandum
1143 2501 1402 2568 arbitror,
1442 2510 1495 2558 et
1518 2503 1739 2572 quinam
1774 2506 2117 2577 singulorum

553 2585 627 2638 sit
651 2601 849 2643 sensus
881 2589 1085 2644 clarius
1115 2592 1520 2661 exponendum.
1556 2594 1744 2650 Primo
1779 2597 1966 2667 itaque
1996 2598 2120 2652 loco

553 2675 776 2744 ponitur
814 2675 1133 2747 redargutio
1169 2679 1236 2734 de
1271 2689 1518 2749 peccato.
1556 2681 1659 2749 Qui
1697 2699 1825 2738 vero
1855 2685 2118 2739 mundum

554 2767 787 2836 arguet?
837 2767 1042 2838 Nempe
1085 2784 1208 2824 cum
1263 2772 1320 2826 in
1354 2771 1641 2842 diligentes
1679 2773 1984 2843 Christum,
2019 2790 2119 2831 ceu

553 2856 752 2927 dignos
780 2871 845 2911 ac
879 2857 1086 2924 fideles,
1119 2860 1421 2929 intraverit,
1444 2870 1576 2918 tunc
1609 2874 1778 2931 certe,
1803 2875 1936 2920 tunc
1963 2881 2121 2919 mun-

554 2945 716 3010 dum,
770 2946 877 3002 hoc
915 2957 1000 3003 est
1053 2948 1364 3020 imperitos,
1415 2961 1466 3007 et
1511 2953 1760 3012 inﬁdeles
1819 2956 2018 3021 adhuc,
2068 2965 2123 3012 et

555 3038 898 3108 voluptatum
935 3041 1135 3097 studiis
1161 3042 1372 3110 aiiixos,
1406 3045 1520 3114 ipsa
1552 3061 1610 3102 re
1630 3055 1840 3118 arguet,
1863 3050 2120 3104 condem-

557 3129 816 3199 nabitque
855 3137 916 3184 ut
955 3133 1195 3198 peccatis
1227 3134 1500 3190 obnoxios
1550 3137 1778 3206 suisque
1813 3137 1966 3195 vitiis
2020 3139 2124 3194 im-

554 3219 876 3276 morituros.
909 3221 1067 3292 921
1108 3222 1463 3296 Nequaquam
1491 3227 1635 3282 enim
1662 3227 1805 3285 Deus
1851 3245 2118 3300 personas

553 3308 846 3378 respiciet,
897 3327 1071 3381 neque
1105 3313 1192 3370 his
1236 3313 1552 3372 hominibus
1596 3319 1716 3374 sine
1756 3319 1906 3388 justa
1951 3334 2119 3375 causa

552 3401 816 3472 largietur
871 3402 1136 3473 Spiritum
1163 3444 1178 3470 ,
1225 3407 1349 3462 aliis
1399 3423 1509 3463 non
1558 3410 1730 3464 item:
1763 3412 1858 3466 sed
1895 3412 1952 3466 in
1983 3412 2119 3468 solis

557 3490 740 3562 dignis
773 3492 1082 3551 inhabitare
1111 3495 1276 3552 faciet
1296 3497 1667 3567 Paracletum,
1701 3503 1794 3573 qui
1833 3519 1931 3574 per
1961 3503 2118 3559 fidem

553 3583 828 3638 sinceram
874 3591 933 3638 ut
976 3583 1143 3641 Deum
1191 3602 1382 3644 revera
1425 3591 1740 3658 coluerint,
1783 3605 1836 3649 et
1874 3596 2120 3651 universi

2221 2516 2366 2579 είκὸς
2385 2516 2463 2586 τῷ
2493 2517 2669 2587 θεωρή
2681 2515 2808 2587 ματί
2832 2531 3003 2578 τινας,
3025 2514 3410 2585 διερμηνεῦσαι
3429 2515 3540 2567 δεῖν
3569 2513 3671 2566 ἀνά
3700 2515 3797 2581 μέ-

2224 2625 2316 2678 ρος
2340 2607 2727 2678 ὐπολαμϐάνω,
2753 2607 2846 2660 καὶ
2891 2607 3209 2678 λευκότερον
3243 2607 3416 2658 εἰπεῖν
3453 2605 3546 2657 τοῦ
3592 2620 3794 2675 σημαι-

2221 2699 2443 2768 νομένου
2476 2701 2576 2770 τὴν
2609 2699 2856 2770 δύναμιν.
2909 2699 3160 2753 Τέθειται
3200 2698 3377 2751 τοίνυν
3406 2700 3462 2750 ἐν
3501 2694 3740 2765 πρώτοις
3766 2695 3796 2746 6

2222 2789 2350 2859 περὶ
2405 2789 2506 2858 τῆς
2551 2789 2823 2860 ἁμαρτίας
2847 2789 3086 2858 ἔλεγχος.
3147 2787 3273 2850 Πῶς
3314 2783 3408 2840 οὖν
3448 2785 3658 2853 ἐλέγξει
3705 2784 3794 2838 τὸν

2223 2878 2455 2948 κόσμον;
2483 2878 2651 2930 Ὅταν
2677 2878 2786 2948 γὰρ
2816 2881 2926 2942 τοῖς
2955 2878 3207 2947 ἀγαπῶσι
3237 2877 3489 2949 Χριστὸν,
3515 2877 3590 2939 ὠς
3625 2875 3798 2939 ἀξίοις

2222 2966 2322 3037 ἤδη
2353 2966 2444 3018 καὶ⁵
2472 2965 2858 3019 πεπιστευκόσι
2886 2967 3131 3036 γένηται,
3162 2964 3284 3018 τότε
3313 2963 3400 3035 δὴ,
3433 2963 3553 3016 τότε
3586 2963 3678 3015 τὸν
3704 2963 3797 3016 x6-

2224 3074 2386 3127 σμον,
2439 3055 2581 3110 τοῦτ’
2617 3057 2762 3122 ἔστι,
2800 3057 2925 3120 τοὺς
2969 3056 3352 3119 ἀπαιδεύτους,
3409 3056 3505 3109 καὶ
3533 3055 3799 3116 ἀπίστους

2222 3148 2305 3203 ἔτι
2325 3190 2340 3215 ,
2387 3149 2480 3202 καὶ
2511 3149 2630 3211 ταῖς
2662 3149 2721 3201 ἐν
2755 3147 2946 3218 κόσμῳ
2978 3147 3311 3216 φιληδονίαις
3348 3146 3797 3217 κεκρατημένους

2221 3240 2288 3293 δι’
2320 3238 2484 3293 αὐτοῦ
2523 3237 2824 3310 κατακρίνῃ
2863 3237 2956 3291 τοῦ
2989 3237 3332 3308 πράγματος,
3357 3237 3431 3299 ὡς
3461 3237 3683 3305 ἐνόχους
3705 3238 3799 3288 ἐπὶ

2222 3333 2345 3393 ταῖς
2375 3329 2532 3392 ίδίαις
2566 3330 2882 3401 ἁμαρτίαις,
2915 3329 3007 3382 καὶ
3041 3331 3154 3391 τοῖς
3184 3328 3390 3380 ἑαυτῶν
3415 3327 3798 3395 ἐντεθνηξομέ·

2223 3439 2348 3485 νους
2374 3421 2783 3491 ἁμαρτήμασιν.
2813 3419 3350 3490 Προσωποληπτήσει
3377 3418 3486 3489 γάρ
3505 3417 3799 3488 οὐδαμῶςό

2223 3510 2358 3572 Θεὸς
2379 3549 2394 3574 ,
2451 3509 2568 3562 ἀλλ’
2602 3508 2724 3562 οὐδέ
2780 3525 2888 3563 τισι
2937 3508 3036 3576 μὲν
3067 3509 3176 3561 τῶν
3221 3509 3315 3561 ἐπὶ
3354 3509 3454 3577 τῆς
3482 3508 3589 3577 γῆς
3621 3507 3798 3570 αίτίας

2223 3603 2445 3671 εὐλόγου
2487 3602 2609 3672 δίχα
2657 3603 2929 3673 χαριεῖται
2959 3601 3021 3654 τὸ
3048 3601 3303 3671 Πνεῦμα,
3335 3601 3447 3654 τισὶ
3496 3600 3554 3652 δὲ
3591 3599 3796 3664 οὐκέτι,

552 3675 812 3745 opificem
837 3690 902 3732 ac
932 3675 1228 3733 Dominum
1264 3680 1504 3738 confessi
1544 3683 1769 3740 fuerint.
1797 3686 1955 3752 Quod
1990 3703 2118 3759 ergo

2227 3697 2407 3767 μόνοις
2447 3696 2504 3749 δὲ
2552 3698 2664 3759 τοῖς
2697 3694 2870 3760 ἀξίοις
2911 3696 3246 3763 ἐγκατοικιεῖ
3291 3693 3382 3748 τὸν
3413 3694 3796 3766 Παράκλητον,

557 3761 815 3819 Servator
844 3767 1000 3834 prius
1021 3765 1226 3824 Iudaeis
1253 3769 1390 3824 dixit
1423 3790 1436 3825 :
1474 3791 1492 3823 ι
1525 3773 1582 3828 Si
1629 3790 1740 3829 non
1771 3776 2123 3834 credideritis

552 3846 680 3922 quia
715 3868 816 3923 ego
838 3869 959 3909 sum
981 3893 996 3918 ,
1046 3856 1104 3910 in
1137 3863 1378 3927 peccatis
1405 3863 1604 3918 vestris
1661 3867 2054 3935 moriemini“,
2101 3889 2117 3921 ο

552 3942 719 3997 rebus
757 3942 895 4011 ipsis
949 3959 1141 4000 verum
1183 3947 1238 4002 id
1293 3965 1419 4006 esse
1477 3950 1792 4011 Paracletus
1847 3959 2121 4026 ostendet,

555 4044 680 4086 cum
726 4033 961 4088 venerit.
1014 4033 1230 4092 Rursus
1266 4047 1447 4094 autem
1480 4058 1492 4093 :
1535 4059 1554 4092 ι
1586 4045 1791 4114 Arguet
1832 4049 2121 4114 mundum,

555 4123 776 4193 inquit,
813 4124 882 4180 de
935 4125 1177 4195 justitia,
1221 4131 1349 4199 quia
1398 4132 1466 4186 ad
1524 4132 1745 4191 Patrem
1798 4138 1973 4207 vado,
2023 4156 2122 4196 nec

555 4212 792 4282 amplius
835 4213 1088 4271 videbitis
1125 4232 1228 4273 me.
1276 4238 1294 4270 ι
1340 4218 1471 4276 Jure
1505 4225 1652 4283 enim
1687 4229 2124 4295 patrocinabitur

557 4302 628 4358 iis
681 4303 774 4372 qui
831 4303 889 4358 in
940 4305 1221 4361 Christum
1279 4320 1401 4379 post
1452 4315 1830 4370 ascensionem
1883 4318 2004 4387 ejus
2064 4321 2121 4375 in

559 4392 732 4450 caelos
764 4394 1140 4462 crediderint,
1199 4407 1258 4452 ut
1311 4400 1404 4471 qui
1452 4401 1603 4472 juste
1642 4406 1930 4475 justiticati
1991 4412 2120 4467 sint.

561 4483 936 4556 Susceperunt
964 4487 1112 4542 enim
1131 4497 1189 4542 ut
1215 4489 1384 4546 Deum
1407 4507 1619 4560 verum,
1649 4511 1811 4566 quem
1835 4513 1943 4553 non
1970 4501 2121 4574 vide-

557 4583 710 4641 runt,
737 4584 793 4632 et
855 4591 981 4632 cum
1044 4593 1146 4634 suo
1195 4578 1356 4638 Patre
1403 4584 1694 4641 considere
1749 4589 2116 4645 crediderunt.

556 4667 716 4733 Quod
751 4669 899 4723 enim
945 4668 1202 4726 Christus
1249 4673 1437 4729 beatos
1477 4686 1702 4732 vocaret
1751 4693 1846 4736 eos
1895 4682 1988 4750 qui
2043 4683 2122 4739 sic

557 4757 864 4824 crederent,
905 4758 1071 4816 facile
1099 4762 1278 4818 discet
1312 4766 1570 4836 quisquis
1604 4768 1823 4824 illorum
1857 4773 2121 4830 memine-

555 4849 630 4904 rit
658 4865 784 4919 qua:
826 4850 968 4906 dixit
1015 4851 1259 4909 Thomas
1298 4870 1362 4910 ac
1413 4855 1566 4914 fecit.
1610 4858 1748 4914 Nam
1779 4877 1903 4916 cum
1937 4864 2006 4919 de
2037 4880 2123 4920 re-

556 4944 901 5001 surrectione
939 4943 1062 5001 Filii
1101 4946 1281 5002 adhuc
1323 4948 1643 5006 dubitaret:
1680 4972 1700 5005 ι
1738 4953 1853 5010 Nisi
1887 4957 2119 5022 mittam,

2223 3787 2272 3841 οἳ
2301 3788 2390 3840 διὰ
2433 3788 2667 3850 πίστεως
2697 3787 3048 3857 εἰλικρινοῦς,
3099 3787 3174 3850 ῶς
3210 3786 3342 3840 Θεὸν
3371 3786 3540 3850 ὄντως
3573 3788 3798 3858 τετιμή-

2223 3895 2372 3940 κασι,
2429 3879 2524 3931 καὶ
2565 3879 2675 3933 τῶν
2718 3878 2852 3931 ὅλων
2897 3877 3256 3948 ὡμολόγησαν
3305 3879 3652 3948 Δημιουργὸν
3708 3877 3798 3931 καὶ

2223 3969 2446 4038 Κύριον.
2515 3970 2693 4040 Ὅπερ
2744 3964 2838 4023 οὖν
2890 3970 3078 4041 εἴρηκε
3119 3969 3330 4038 φθάσας
3352 3971 3466 4032 τοῖς
3523 3968 3799 4030 Ἰουδαίοις

2223 4060 2384 4123 αὐτὸς
2423 4062 2450 4113 6
2479 4061 2704 4133 Σωτὴρ,
2757 4062 2842 4115 ὅτι
2875 4080 2894 4113 ‹
2927 4061 3053 4114 Ἐἀν
3085 4059 3160 4132 μὴ
3200 4061 3530 4130 πιστεύσητε
3561 4061 3645 4114 ὅτι
3691 4059 3798 4127 ἐγώ

2223 4153 2358 4222 εἰμι,
2396 4153 2454 4203 ἐν
2484 4154 2603 4216 ταῖς
2633 4153 2929 4225 ἁμαρτίαις
2962 4152 3116 4223 ὑμῶν
3143 4152 3522 4216 ἀποθανεῖσθε,
3555 4172 3574 4204 ι
3604 4151 3796 4221 ἀληθὲς

2222 4242 2281 4296 ὃν
2315 4241 2568 4306 ἐπιδείξει
2617 4241 2708 4295 διὰ
2739 4241 3081 4314 πραγμάτων
3124 4244 3152 4295 6
3186 4241 3548 4312 Παράκλητος
3608 4239 3791 4293 ἐλθών.

2231 4353 2248 4385 ι
2289 4333 2526 4403 Ἐλέγξει
2555 4332 2612 4386 δέ
2642 4333 2802 4387 πάλιν
2831 4333 2924 4386 τὸν
2953 4334 3188 4403 κόσμον,
3225 4333 3359 4404 φησὶ
3379 4374 3394 4396 ,
3435 4333 3568 4402 περὶ
3599 4332 3795 4385 δικαιο-

2227 4424 2410 4493 σύνης,
2440 4424 2521 4477 ὅτι
2555 4423 2689 4494 πρὸς
2723 4423 2812 4476 τὸν
2838 4423 3056 4495 Πατέρα
3079 4425 3294 4492 ὑπάγω,
3325 4423 3420 4476 καὶ
3449 4422 3638 4476 οὐκέτι
3665 4422 3793 4474 θεω-

2227 4513 2372 4585 ρεῖτέ
2408 4532 2496 4584 με.
2531 4534 2549 4566 ι
2590 4515 2814 4586 Συνερεῖ
2841 4515 2952 4586 γάρ
2979 4515 3204 4578 δικαίως
3232 4516 3346 4577 τοῖς
3379 4513 3793 4566 πεπιστευκόσιν

2223 4609 2303 4670 είς
2331 4605 2595 4675 Χριστὸν,
2639 4605 2778 4674 μετά
2819 4606 2918 4676 τὴν
2953 4607 3033 4668 είς
3089 4603 3349 4675 οὐρανοὺς
3387 4602 3673 4665 ἀνάϐασιν,
3725 4602 3796 4662 ὡς

2221 4694 2446 4757 δικαίως
2497 4693 2960 4764 δεδικαιωμένοις.
3010 4693 3380 4764 Παρεδέξαντο
3427 4692 3536 4763 γὰρ
3569 4691 3645 4755 ὡς
3668 4691 3797 4743 Θεὸν

2222 4784 2504 4856 ἀληθινὸν,
2531 4785 2589 4838 ὃν
2616 4785 2898 4839 τεθέανται
2929 4785 3026 4855 μὲν
3051 4784 3300 4854 οὐδαμῶς
3320 4824 3334 4848 ,
3363 4783 3704 4854 συνεδρεύειν
3735 4795 3792 4848 γε

2227 4876 2332 4946 μὴν
2364 4875 2440 4946 τῷ
2479 4875 2592 4946 ίδίῳ
2618 4877 2794 4946 Ila-cpi.
2824 4875 3271 4929 πεπιστεύκασιν.
3325 4875 3446 4928 Ὀτι
3469 4874 3579 4943 γὰρ
3625 4889 3795 4942 μακα-

2226 4966 2372 5038 ρίους
2414 4966 2679 5020 ἀπεκάλει
2717 4968 2842 5030 τοὺς
2887 4966 3029 5020 οὕτω
3079 4966 3432 5028 πιστεύοντας
3471 4967 3502 5018 6
3546 4963 3793 5036 Χριστὸς.

558 5033 756 5104 inquit,
788 5049 1010 5091 manum
1042 5052 1216 5092 meam
1247 5038 1302 5092 in
1343 5040 1488 5096 latus
1517 5042 1659 5112 ejus,
1690 5054 1744 5098 et
1772 5045 1961 5102 videro
1990 5050 2118 5104 fixu-

2227 5033 2458 5128 ἐκμάθοι
2491 5075 2573 5120 τις
2613 5056 2678 5110 ἂν
2726 5059 2818 5109 καὶ
2864 5056 2982 5110 λίαν
3015 5057 3254 5120 εὐκόλως
3295 5056 3520 5109 ἐκείνων
3565 5033 3795 5125 ἐπιμνη-

555 5141 668 5178 ram
701 5125 1005 5193 clavorum,
1056 5143 1165 5183 non
1213 5130 1512 5185 credam“.
1558 5153 1576 5184 ι
1603 5133 1901 5206 Postquam
1938 5151 2118 5196 autem

555 5214 806 5283 credidit,
843 5217 1070 5274 Christo
1114 5220 1260 5289 quod
1313 5221 1492 5278 facere
1523 5225 1787 5283 voluisset
1818 5230 1865 5284 ei
1897 5233 2120 5300 permit-

642 5352 686 5384 ⁸⁸
707 5351 865 5408 Joan.
895 5371 1015 5419 vnn,
1053 5355 1142 5410 24.
1240 5357 1281 5388 ’⁸⁸
1309 5354 1466 5412 Joan.
1493 5375 1585 5426 xx,
1613 5359 1703 5417 25.

627 5506 702 5574 (Ι)
751 5506 864 5584 Yox
901 5512 1161 5567 mendosa
1185 5551 1200 5574 ,
1247 5512 1334 5584 cui
1369 5512 1814 5584 substituendum
1848 5531 2122 5584 καταναρ-

555 5576 1028 5648 κνᾷν,λοὺιοι·ρενε,
1070 5581 1300 5648 pigrari,
1335 5585 1536 5645 vereri;
1569 5583 1631 5636 ad
1669 5585 1815 5638 hunc
1849 5576 2071 5639 sensuni
2107 5607 2118 5640 :

554 5645 706 5722 Quod
738 5654 912 5699 autem
948 5645 1260 5722 inveniemus
1283 5653 1569 5720 discipulos
1601 5653 1696 5707 hoc
1733 5670 1920 5721 passos
1962 5666 2009 5708 et
2034 5671 2126 5722 per

555 5714 816 5778 Spiritum
845 5718 1209 5791 conﬁrmatos,
1231 5732 1286 5774 ut
1313 5739 1399 5776 nec
1418 5714 1846 5791 persequentium
1881 5714 2122 5777 incursus

554 5794 883 5846 tererentur,
937 5789 1024 5839 scd
1064 5800 1111 5840 et
1149 5790 1421 5844 dilectioni
1456 5795 1508 5845 in
1551 5789 1820 5845 Christum
1866 5795 2119 5847 tenaciter

552 5852 906 5919 adltwrentes,
953 5857 1250 5914 nullatenus
1295 5863 1508 5915 dubium
1551 5873 1646 5915 est.
1700 5862 1859 5916 Juxta
1907 5865 2123 5933 exposi-

2234 5147 2379 5210 σθεὶς
2397 5185 2412 5210 ,
2438 5139 2513 5199 ὦν
2539 5145 2728 5216 εἴρηκέ
2758 5163 2817 5198 τε
2847 5148 2940 5199 καὶ
2961 5145 3219 5215 δέδρακεν
3243 5146 3272 5198 6
3299 5144 3522 5214 Θωμᾶς.
3575 5141 3797 5196 Ἐνδοιά-

2231 5239 2336 5302 ζων
2366 5236 2474 5307 γὰρ
2497 5236 2576 5289 ἔτι
2607 5235 2742 5306 πρὸς
2768 5236 2829 5290 τὸ
2862 5236 3160 5291 ἀναϐιῶναι
3191 5235 3280 5290 τὸν
3305 5236 3439 5290 Υίόν
3467 5251 3484 5267 ⁸
3521 5254 3539 5287 ι
3578 5236 3702 5288 Ἐὰν
3727 5233 3796 5306 μὴ

2224 5519 2427 5592 tionem
2462 5519 2778 5592 Pliavorini,
2811 5523 2869 5592 οὐ
2902 5523 3306 5592 καταναρκήσω
3327 5538 3339 5551 ·
3365 5521 3426 5574 οὐ
3458 5523 3790 5592 κατοκνήσω.

2226 5589 2288 5640 Et
2312 5562 2778 5672 quemadmodum,
2801 5591 2940 5646 idem
2967 5562 3397 5672 eril‘l‘its‘supra
3419 5606 3469 5659 p.
3495 5592 3622 5651 619,
3647 5562 3790 5672 αξξεσς-

2225 5662 2336 5730 σεῖν
2385 5661 2584 5722 ἀδίκως
2625 5661 2686 5712 οὐ
2738 5661 3191 5730 καταναρκῶντές
3236 5677 3387 5730 τινας
3416 5676 3428 5689 ·
3475 5671 3528 5715 et
3568 5677 3619 5728 p.
3661 5661 3791 5719 955,

2334 5730 2537 5800 σφόδρα
2570 5728 2975 5800 καταναρκᾷνῆ
3006 5731 3184 5793 πόνοις
3213 5730 3242 5799 ἢ
3271 5729 3489 5793 λύπαις.
3519 5730 3785 5784 Εοῑειειι.

2231 5797 2445 5852 Monum
2459 5797 2480 5850 ,ί
2507 5799 2646 5853 Eccl.
2678 5799 2766 5853 (Ir.
2786 5797 2875 5862 'll,
2897 5801 3019 5853 655.
