4024 6262
263 492 361 547 ιδῖ

1296 487 1360 542 IN
1401 487 1688 545 JOANNIS
1726 472 2179 548 EVANGELIUM
2220 489 2349 545 LIB.
2383 490 2448 545 x.

3386 493 3489 548 458

260 605 435 677 βάλω,
466 602 623 672 φησὶ,
665 605 763 671 τὴν
795 602 955 673 χεῖρά
990 618 1090 673 μου
1120 603 1200 666 είς
1228 603 1325 674 τὴν
1360 605 1600 676 πλευράν
1623 603 1808 669 αὐτοῦ,

1916 613 2088 673 tente,
2138 621 2411 676 quosnam
2459 620 2757 662 sermones.
2778 606 2999 661 audiit?
3030 624 3048 658 ι
3103 605 3241 674 Quia
3299 608 3486 663 vidisti

262 697 350 749 mi
376 694 465 747 ἴδω
502 693 625 756 τοὺς
652 692 854 755 τύπους
891 693 1002 746 τῶν
1031 693 1175 765 ἥλων
1195 735 1209 760 ,
1243 695 1305 748 ού
1339 695 1414 766 μὴ
1462 695 1755 748 πιστεύσω.
1790 715 1808 747 ι

268 786 475 855 Ἐπειδὴ
500 784 554 836 δὲ
581 784 976 851 πεπίστευκεν,
1014 786 1151 857 ὅπερ
1173 785 1405 857 ἠθέλησε
1427 787 1561 858 δρᾷν
1593 786 1817 855 ἐφέντος

251 871 392 943 αὐτῷ
411 872 502 926 τοῦ
522 872 783 943 Χριστοῦ,
810 873 979 928 ποίων
1005 874 1206 944 ἤκουσε
1234 875 1440 943 λόγων;
1468 877 1623 929 «Ὅτι
1651 873 1819 945 ἑώρα-

248 961 344 1024 κάς
395 979 481 1031 με,
540 962 911 1027 πεπίστευκας
940 979 953 994 ·
985 964 1244 1034 μακάριοι
1276 967 1325 1020 οί
1364 967 1439 1036 μὴ
1463 966 1690 1031 ἰδόντες,
1723 966 1818 1019 καὶ

247 1051 650 1117 πιστεύσαντες.
676 1072 696 1104 ι
735 1054 973 1119 Δικαίως
1005 1049 1100 1109 οὖν
1143 1056 1253 1128 ἀρα
1283 1056 1680 1123 δεδικαίωνται,
1718 1058 1816 1111 καὶ

240 1141 358 1212 δίχα
385 1143 481 1211 τῆς
512 1142 640 1208 θέας
669 1144 719 1197 oi
760 1145 1180 1210 πιστεύσαντες·
1216 1147 1311 1201 τοῦ
1350 1148 1407 1201 δὲ
1433 1149 1542 1201 τῶν
1568 1148 1696 1202 ῐσων
1721 1165 1815 1202 τυ-

241 1235 349 1300 χεῖν
374 1234 403 1285 ὀ
431 1233 634 1305 κόσμος
665 1236 925 1302 ὲξώλισθε
943 1277 960 1304 ,
994 1236 1091 1308 τὴν
1111 1239 1176 1291 ὲκ
1200 1238 1435 1301 πίστεως
1469 1237 1815 1309 δικαιοσύνην

237 1324 297 1375 οὐ
331 1327 775 1396 προσηκάμενος,
798 1329 917 1383 ἀλλ’
946 1330 1230 1401 ἐθελοντὴς
1260 1333 1376 1395 τοῖς
1409 1330 1560 1394 ἰδίοις
1584 1330 1813 1402 ἐμφιλο-

239 1415 487 1484 χωρήσας
516 1419 730 1480 κακοῖς.
790 1419 1002 1474 Είδέναι
1049 1438 1114 1490 γε
1156 1420 1261 1492 μὴν
1290 1421 1583 1490 ἀναγκαῖον
1602 1461 1618 1488 ,
1646 1421 1725 1486 ὡς
1750 1423 1812 1476 ού

238 1503 374 1557 κατὰ
405 1505 587 1575 μόνων
627 1508 890 1563 Ἰουδαίων
919 1511 953 1580 ὴ
983 1510 1093 1564 τῶν
1117 1510 1320 1583 ἀρτίως
1345 1514 1478 1583 ἡμῖν
1505 1513 1814 1585 εἰρημένων

235 1592 473 1664 ἐλέγχων
502 1594 635 1660 δυάς
674 1598 762 1652 διὰ
797 1600 894 1654 τοῦ
926 1601 1287 1673 Παρακλήτου
1318 1605 1642 1673 γενήσεται,
1671 1603 1814 1659 κατά

235 1686 438 1749 παντὸς
457 1688 514 1740 δὲ
539 1689 739 1758 μᾶλλον
750 1691 1037 1763 ἀνθρώπου
1064 1692 1300 1766 σκληροῦ
1319 1710 1379 1747 τε
1401 1695 1498 1748 καὶ
1527 1694 1809 1760 ἀπειθοῦς.

233 1777 501 1847 Σημαίνει
540 1780 641 1848 μὲν
663 1781 773 1852 γὰρ
798 1783 832 1852 ἡ
853 1782 947 1835 τοῦ
974 1783 1177 1854 κόσμου
1207 1786 1569 1857 προσηγορία,
1598 1787 1693 1840 καὶ
1720 1787 1812 1841 τὸν

231 1872 351 1931 ταῖς
383 1869 723 1939 φιληδονίαις
747 1873 1138 1946 ἀκαταλήκτως
1168 1877 1683 1948 ἐγκαλινδούμενον,
1716 1880 1813 1934 καὶ

1917 713 2038 759 me,
2077 698 2362 753 credidisti
2398 713 2411 749 :
2441 698 2585 753 beati
2630 698 2727 768 qui
2771 712 2878 751 non
2922 696 3199 765 viderunt,
3221 707 3275 753 et
3304 699 3489 754 credi-

1917 786 2206 842 derunt”.
2248 806 2267 838 ι
2310 784 2468 842 Juste
2509 786 2697 856 itaque
2732 785 3025 855 justillcati
3071 796 3239 852 sunt,
3276 789 3370 858 qui
3402 790 3485 844 vel

1915 892 1984 933 eo
2009 878 2236 934 minime
2257 884 2558 948 conspecto
2587 876 2953 933 crediderunt
2985 897 2998 932 :
3029 879 3268 934 mundus
3306 887 3486 933 autem

1914 982 1980 1022 ea
2021 982 2083 1023 re
2114 967 2341 1032 excidit,
2393 967 2666 1037 justitiam
2709 984 2833 1037 qua:
2862 983 2927 1023 ex
2962 967 3067 1025 ﬁde
3102 977 3189 1025 est
3234 984 3342 1025 non
3372 978 3489 1022 am-

1916 1058 2150 1127 plexus,
2208 1057 2304 1114 sed
2354 1057 2411 1111 in
2480 1059 2599 1114 suis
2651 1058 2811 1114 malis
2883 1059 3133 1115 studiose
3187 1060 3487 1115 volutatus.

1916 1150 2107 1221 Operae
2148 1151 2384 1220 pretium
2428 1158 2611 1206 autem
2664 1161 2751 1207 est
2809 1165 3109 1221 agnoscere
3166 1151 3305 1206 duas
3368 1150 3489 1204 illas

1916 1242 2373 1313 reprehensiones
2407 1258 2518 1297 non
2543 1244 2808 1298 adversus
2856 1241 3076 1298 Judaeos
3112 1248 3322 1295 tantum
3342 1282 3357 1305 ,
3390 1240 3487 1295 sed

1916 1333 2182 1388 adversus
2213 1333 2516 1403 quemlibet
2553 1334 2741 1404 potius
2770 1334 3044 1388 hominem
3089 1330 3290 1385 durum
3324 1335 3490 1399 atque

1918 1422 2269 1493 praefractum
2302 1438 2397 1493 per
2426 1422 2767 1479 Paracletum
2799 1423 3040 1478 futuras.
3068 1420 3257 1476 Mundi
3285 1420 3491 1489 quippe

1915 1513 2209 1585 appellatio
2234 1514 2514 1584 signiﬁcat
2540 1517 2704 1571 etiam
2731 1530 2856 1570 eum
2887 1515 2982 1585 qui
3018 1514 3074 1568 in
3108 1512 3488 1581 voluptatibus

1916 1616 2180 1677 perpetuo
2201 1606 2501 1671 volutatur,
2533 1614 2588 1661 et
2609 1607 2680 1660 ah
2707 1606 3030 1677 impuritate
3074 1603 3346 1658 diabolica
3378 1616 3489 1655 non

1917 1699 2144 1763 recedit,
2169 1713 2272 1754 nec
2305 1698 2488 1753 minus
2521 1705 2788 1769 praeterea
2829 1695 3105 1766 signiﬁcat
3136 1709 3233 1749 eos
3265 1697 3358 1761 qui
3393 1706 3490 1761 per

1915 1797 2089 1844 totum
2128 1790 2320 1844 orbem
2362 1797 2638 1843 terrarum
2672 1786 2851 1857 sparsi
2893 1792 3044 1846 sunt,
3073 1791 3129 1838 et
3168 1797 3294 1837 eum
3328 1780 3487 1834 inha-

1914 1884 2111 1938 bitant.
2147 1882 2430 1938 Generalis
2471 1895 2605 1952 ergo
2655 1888 2741 1937 est
2784 1887 2839 1934 et
2887 1878 2954 1933 ad
3007 1889 3204 1931 omnes
3255 1874 3491 1943 pertinet

230 1959 324 2028 τῆς
344 1960 664 2041 διαϐολικῆς
695 1939 989 2036 βδελυρίας.
1010 1939 1127 2020 οὐκ
1148 1939 1521 2040 ἐξιστάμενον·
1553 1939 1808 2042 σημαίνει

1916 1972 2114 2043 duplex
2138 1975 2241 2029 ista
2269 1939 2647 2043 reprehensio.
2680 1970 2936 2026 Christus
2958 1970 3105 2022 enim
3137 1980 3247 2021 non
3276 1972 3491 2019 tantum

230 2048 284 2101 δὲ
311 2049 463 2104 οὐδὲν
487 2045 659 2122 ἦττον
686 2054 780 2107 καὶ
803 2056 928 2119 τοὺς
951 2058 1010 2109 ἐν
1038 2058 1203 2111 παντὶ
1223 2057 1302 2129 τῷ
1336 2059 1528 2131 κόσμῳ
1555 2061 1814 2133 διεσπαρ-

233 2139 424 2208 μένους
461 2158 532 2194 τε
576 2144 668 2196 καὶ
708 2147 1118 2217 κατῳκηκότας.
1168 2149 1388 2214 Γενικὺς
1414 2147 1508 2204 οὖν
1537 2152 1680 2224 ἀρα,
1718 2154 1815 2207 καὶ

230 2230 366 2282 κατά
392 2231 618 2292 πάντων
649 2236 677 2288 ὁ
718 2234 938 2301 διπλοῦς
982 2239 1182 2292 οὑτωσὶ
1228 2240 1546 2312 κεχώρηκεν
1570 2241 1810 2313 ἐλεγχος.

229 2320 610 2393 Σεσαγήνευκε
639 2326 747 2394 γὰρ
770 2328 799 2379 ὁ
818 2328 1052 2400 Χριστὸς
1071 2329 1193 2398 οὐχὶ
1215 2330 1383 2401 μόνην
1406 2330 1504 2404 τὴν
1528 2332 1810 2403 Ἰουδαίαν,

228 2407 365 2462 καθά
393 2410 490 2463 καὶ
520 2412 583 2463 ὲν
607 2414 819 2483 ἀρχαῖς,
842 2415 874 2485 ἢ
903 2416 1064 2486 μόνον
1089 2418 1151 2471 τὸ
1175 2419 1399 2490 σπέρμα
1415 2422 1476 2474 τὸ
1497 2421 1556 2487 ἐξ
1571 2424 1809 2495 Ἰσραὴλ,

229 2498 356 2553 ἀλλὰ
396 2499 632 2572 σύμπαν
678 2504 740 2557 τὸ
791 2506 851 2570 ἐξ
891 2507 1063 2579 ’Δδάμ
1100 2508 1451 2580 διολισθῆσαν
1499 2512 1676 2581 γένος.
1733 2515 1810 2569 Οὐ

232 2588 335 2659 γὰρ
365 2591 456 2645 ἐπὶ
507 2593 680 2663 μέρος
718 2596 751 2665 ἡ
792 2597 987 2668 χάρις,
1042 2599 1161 2653 ἀλλ’
1205 2603 1291 2670 ἐφ’
1318 2602 1447 2674 ὅλην
1484 2604 1677 2673 γέγονε
1708 2606 1810 2678 τὴν

227 2682 556 2754 οἰκουμένην
588 2685 651 2738 τὸ
683 2687 748 2740 ὲκ
775 2689 871 2758 τῆς
912 2690 1148 2755 πίστεως
1177 2693 1401 2761 ἀγαθόν.
1427 2696 1621 2767 Τρίτος
1653 2697 1807 2767 ἐλεγ-

226 2789 314 2839 χος
342 2773 432 2828 διὰ
478 2774 580 2828 τοῦ
616 2778 978 2851 Παρακλήτου
1010 2784 1333 2855 γενήσεται,
1383 2787 1524 2841 καθά
1569 2806 1734 2860 φησιν
1780 2792 1810 2845 ό

225 2861 431 2935 Σωτὴρ,
466 2868 505 2937 ἡ
543 2867 853 2942 δικαιοτάτη
890 2874 1244 2947 κατάκρισις,
1294 2878 1389 2931 τοῦ
1417 2879 1677 2950 ἄρχοντος
1712 2879 1808 2934 τοῦ

225 2953 427 3024 κόσμου
469 2958 687 3014 τούτου.
736 2962 861 3025 Πῶς
889 2962 946 3016 δὲ
986 2965 1087 3036 ἥδη
1119 2966 1317 3032 πάλιν,
1358 2968 1541 3038 ἥτίνα
1583 2971 1808 3041 τρόπον,

224 3043 591 3118 ἐξηγήσομαι.
640 3052 1134 3126 Προσμαρτυρήσει
1159 3059 1270 3127 γάρ
1291 3062 1358 3130 τῇ
1396 3060 1523 3132 δόξῃ
1555 3060 1647 3114 τοῦ
1674 3064 1812 3135 Χρι-

222 3137 372 3202 στοῦ,
409 3141 510 3192 καὶ
530 3141 691 3195 αὐτὸν
733 3143 902 3209 ὅντως
940 3148 1229 3215 ἀποδείξας
1260 3150 1355 3204 τὸν
1388 3151 1499 3206 τῶν
1532 3153 1669 3208 ὅλων
1695 3154 1809 3208 Κύ-

1913 2065 2154 2130 Judaeos,
2182 2065 2347 2121 sicuti
2369 2065 2423 2119 in
2441 2062 2744 2134 principio,
2777 2069 2872 2117 aut
2891 2061 3068 2117 solum
3094 2073 3277 2114 semen
3302 2056 3489 2121 israel,

1914 2157 2011 2212 sed
2068 2157 2385 2212 universum
2433 2153 2629 2210 Adami
2672 2169 2847 2225 genus
2898 2151 3045 2224 quod
3091 2151 3300 2220 lapsum
3344 2157 3488 2210 erat,

1914 2248 2133 2304 vocavit
2168 2249 2236 2303 ad
2264 2248 2519 2303 salutem.
2546 2244 2670 2301 Non
2701 2246 2848 2300 enim
2885 2243 3061 2316 gratia
3113 2242 3299 2312 aliqua
3332 2247 3494 2310 parte

1915 2350 2099 2406 tenus,
2142 2341 2237 2397 sed
2263 2340 2318 2395 in
2347 2354 2567 2395 omnem
2602 2346 2875 2394 terrarum
2906 2334 3094 2391 orbem
3136 2331 3260 2387 ﬁdei
3287 2331 3491 2385 bonum

1914 2430 2172 2487 diffusum
2229 2439 2337 2487 εει.
2399 2429 2585 2485 Tertia
2645 2426 3016 2499 reprehensio
3074 2438 3168 2495 per
3222 2421 3491 2492 Spiritum

1914 2524 2098 2580 futura
2129 2532 2239 2591 est,
2273 2531 2334 2579 ut
2381 2522 2458 2577 ait
2508 2520 2814 2584 Servator,
2863 2517 3174 2589 justissima
3224 2512 3492 2585 principis

1915 2616 2079 2686 hujus
2120 2614 2311 2669 mundi
2353 2611 2760 2669 condemnatio.
2793 2608 3079 2676 Quomodo
3132 2612 3316 2660 autem
3345 2645 3362 2670 ,
3395 2617 3495 2657 ex-

1913 2721 2113 2777 ponam
2146 2705 2310 2776 922
2341 2704 2583 2760 demum.
2616 2701 3021 2759 Testimonium
3046 2713 3286 2769 namque
3305 2696 3495 2768 gloriae

1911 2797 2119 2854 Christi
2155 2796 2497 2868 perhibebit,
2547 2802 2603 2851 et
2640 2794 2824 2866 ipsum
2856 2792 3156 2850 ostendens
3201 2804 3326 2847 esse
3368 2789 3495 2843 uni-

1915 2887 2056 2942 versi
2090 2886 2412 2950 Dominum,
2461 2887 2726 2941 mundum
2779 2884 2988 2941 erroris
3015 2893 3237 2956 arguet,
3278 2889 3337 2936 ut
3376 2887 3492 2950 qui,

1914 2981 2109 3037 relicto
2149 2995 2279 3036 vero
2304 2994 2369 3035 ac
2396 2980 2639 3035 naturali
2672 2979 2800 3042 Deo,
2840 2993 2948 3034 non
2974 2977 3306 3042 naturalem,
3330 2974 3383 3029 id
3409 2981 3496 3029 est

1917 3071 2197 3139 Satanam,
2256 3073 2523 3128 adorarit.
2565 3072 2774 3128 Suﬁicit
2802 3073 2950 3128 enim
2982 3070 3051 3125 ad
3085 3068 3492 3125 ostendendum

1915 3164 1989 3217 ita
2014 3178 2077 3219 se
2099 3164 2299 3219 habere
2333 3163 2414 3219 rei
2439 3170 2717 3229 naturam,
2746 3163 2917 3218 latum
2955 3163 3009 3216 in
3046 3176 3171 3216 eum
3192 3158 3487 3230 judicium.

225 3244 364 3332 ριον,
384 3231 597 3332 ελόγξει
632 3235 723 3289 τὸν
757 3237 982 3307 κόσμον,
1021 3240 1099 3303 ὡς
1124 3241 1563 3313 πεπλανημένον,
1590 3245 1685 3300 καὶ
1716 3245 1808 3301 τὸν

1915 3253 2035 3309 Νοη
2057 3254 2205 3309 cnim
2238 3254 2443 3325 alioqui
2471 3254 2872 3310 condemnatus
2906 3262 2962 3308 et
3005 3251 3316 3307 infirmatus
3352 3249 3492 3305 fuis-

224 3319 325 3388 μὲν
344 3320 566 3391 ἀληθῶς
586 3341 645 3377 τε
672 3327 765 3379 καὶ
781 3326 942 3395 φύσει
958 3329 1168 3398 ἀφέντα
1187 3330 1343 3395 Θεὸν,
1357 3336 1814 3407 προσκυνήσαντα

221 3410 280 3463 δὲ
313 3413 411 3465 καὶ
442 3413 841 3488 λελατρευκότα
864 3419 944 3490 τῷ
976 3420 1053 3490 μὴ
1075 3423 1217 3477 κατά
1248 3424 1409 3494 φύσιν
1430 3464 1445 3488 ,
1487 3426 1633 3481 τοῦτ’
1670 3427 1810 3496 ἔστι,

218 3503 301 3571 τῷ
333 3505 567 3576 Σατανᾷ.
610 3508 793 3580 Ἱκανὴ
816 3510 954 3580 γὰρ,
985 3507 1139 3582 οἴμαι
1161 3553 1176 3579 ,
1208 3515 1344 3586 πρὸς
1369 3516 1431 3569 τὸ
1460 3516 1631 3582 οὕτως
1653 3518 1808 3589 ἐχου-

222 3609 328 3644 σαν
387 3594 656 3660 ἐπιδεῖξαι
704 3598 802 3669 τὴν
846 3601 942 3654 τοῦ
992 3603 1315 3674 πράγματος
1369 3606 1561 3675 φύσιν,
1606 3611 1639 3680 ή
1688 3611 1809 3665 κατ’

219 3682 401 3734 αὐτοῦ
447 3686 713 3756 γενομένη
753 3688 952 3758 κρίσις.
987 3689 1066 3745 Οὐ
1096 3693 1205 3764 γὰρ
1234 3695 1300 3749 ἂν
1333 3698 1665 3768 κατεκρίθη,
1718 3701 1812 3754 καὶ

222 3771 559 3843 ἠσθένησεν,
590 3776 699 3829 οὐδ’
726 3779 792 3832 ἂν
822 3780 921 3850 τῆς
943 3780 1237 3852 θεομαχίας
1268 3787 1601 3861 εἰσεπράχθη
1634 3790 1809 3862 δίκαςν

226 3864 455 3932 σειραῖς
506 3862 670 3934 ζόφου
728 3872 1244 3942 τεταρταρωμένος,
1309 3876 1467 3947 εἴπερ
1516 3873 1586 3949 ἦν
1650 3880 1812 3949 φύσει

219 3953 365 4016 Θεὸς
422 3954 484 4007 τὸ
532 3956 828 4027 ἀκλόνητον
885 3958 1026 4030 ἔχων
1081 3962 1139 4015 ὲν
1189 3965 1254 4035 τῇ
1304 3966 1450 4036 ίσχύῖ
1506 3970 1600 4024 καὶ
1658 3971 1806 4045 δόξῃ.

214 4045 364 4098 Νυνὶ
406 4045 470 4099 δὲ
496 4047 748 4103 τοσοῦτον
787 4050 1095 4118 ὲλλελοιπὺς
1135 4057 1353 4129 ὁρῶμεν
1389 4059 1565 4130 αὐτῷ,
1616 4062 1676 4116 τὸ
1706 4065 1808 4136 τὴν

212 4136 438 4191 οἰκείαν
466 4138 726 4193 δύνασθαι
753 4141 1016 4198 διασῶσαι
1039 4147 1207 4218 τιμὴν
1226 4188 1241 4214 ,
1279 4148 1420 4203 ὥστε
1453 4153 1548 4205 καὶ
1577 4154 1683 4209 ὑπὸ
1707 4155 1808 4209 πό-

209 4231 311 4295 δας
341 4230 620 4286 τεθεῖσθαι
661 4234 767 4286 τῶν
799 4239 1295 4311 πνευματοφόρων,
1336 4243 1454 4314 ἦτοι
1492 4247 1725 4315 πιστῶν,
1756 4249 1806 4302 οἳ

210 4321 311 4375 καὶ
341 4322 482 4375 Θεὸν
525 4323 793 4395 ὑπάρχειν
829 4326 1217 4399 ὼμολογὴκασι
1254 4332 1346 4386 τὸν
1380 4335 1635 4406 Χριστόν.
1690 4340 1807 4393 Πα-

207 4412 371 4467 τοῦσι
427 4414 540 4486 γὰρ
590 4416 751 4469 αὑτὸν
797 4418 893 4470 καὶ
933 4421 1297 4491 πειράζοντα,
1339 4426 1432 4479 καὶ
1474 4428 1807 4499 μαχόμενον.

210 4504 390 4557 Ὅταν
420 4504 481 4557 δὲ
523 4504 588 4573 δή
626 4521 710 4568 τις
751 4505 846 4558 καὶ
890 4506 982 4561 τὸν
1024 4509 1134 4562 τῶν
1163 4511 1488 4583 ἀκαθάρτων
1513 4515 1807 4587 δαιμονίων

1914 3355 2024 3411 εει,
2077 3361 2179 3401 nec
2219 3346 2497 3402 temerarii
2557 3361 2685 3418 erga
2720 3346 2890 3402 Deum
2933 3358 3105 3400 ausus
3150 3356 3345 3413 poenas
3391 3341 3490 3397 de-

1912 3441 2123 3506 disset,
2174 3440 2231 3495 in
2273 3440 2566 3511 caliginem
2607 3438 2808 3494 inferni
2852 3438 3139 3499 detrusus,
3194 3435 3242 3490 si
3295 3443 3491 3489 natura

1915 3532 2057 3589 Deus
2087 3540 2256 3597 esset,
2309 3532 2471 3602 cujus
2501 3532 2675 3588 virtus
2717 3538 2772 3587 et
2799 3530 2975 3602 gloria
3016 3527 3242 3584 concuti
3272 3525 3486 3596 nequit.

1910 3620 2069 3677 Nunc
2103 3635 2238 3677 vero
2275 3628 2485 3675 tantum
2543 3621 2699 3677 abest
2729 3627 2788 3676 ut
2835 3636 2997 3676 suum
3040 3620 3311 3674 honorem
3348 3617 3490 3672 tueri

1913 3712 2110 3784 possit,
2140 3720 2201 3767 ut
2246 3712 2479 3784 pedibus
2518 3713 2761 3768 virorum
2808 3712 3177 3782 spiritualium
3214 3718 3308 3766 aut
3356 3710 3490 3765 fide-

1911 3804 2046 3858 lium
2090 3803 2273 3874 potius
2319 3803 2604 3874 subjectus
2659 3805 2770 3870 sit,
2827 3804 2922 3874 qui
2985 3804 3268 3859 Christum
3323 3802 3491 3857 etiam

1911 3892 2081 3951 Deum
2118 3910 2243 3951 esse
2281 3895 2526 3951 confessi
2572 3903 2722 3952 sunt.
2759 3896 2899 3951 Eum
2942 3895 3087 3950 enim
3137 3893 3486 3957 conculcant,

1908 3988 2029 4044 sive
2069 3996 2277 4054 tentet,
2314 3988 2432 4044 sive
2458 3995 2759 4059 Oppugnet.
2788 3986 2926 4042 Cum
2970 4000 3102 4057 ergo
3144 3985 3488 4055 impurorum

1911 4076 2219 4133 daemonum
2264 4093 2459 4149 agmen
2503 4092 2696 4134 eorum
2737 4077 2989 4132 oratione
3036 4084 3094 4131 et
3150 4074 3391 4132 eﬁicacia
3425 4089 3490 4129 ae

1909 4168 2114 4226 virtute
2160 4168 2403 4241 Spiritus
2452 4169 2851 4225 cohorrescere
2903 4168 3093 4224 videas
3150 4176 3206 4224 et
3259 4167 3488 4239 expelli,

1912 4259 2192 4330 quomodo
2230 4275 2341 4315 non
2375 4263 2575 4318 merito
2607 4260 3039 4317 condemnatum
3074 4262 3334 4316 Satanam
3365 4275 3489 4315 esse

1909 4350 2103 4408 dices?
2138 4351 2564 4410 Condemnatus
2602 4355 2749 4409 enim
2788 4363 2892 4421 est,
2934 4367 3000 4409 eo
3051 4352 3197 4423 quod
3249 4366 3356 4407 non
3392 4366 3487 4422 po-

1911 4450 2021 4499 test
2052 4444 2291 4513 amplius
2322 4444 2447 4500 ilios
2491 4446 2730 4515 imperio
2769 4460 2874 4500 suo
2913 4459 3185 4513 premere.
3214 4445 3308 4515 qui
3355 4459 3486 4499 san-

1909 4542 1998 4589 cto
2029 4533 2237 4605 Spiritu
2268 4536 2469 4606 signati
2512 4544 2643 4592 sunt
2673 4537 2730 4590 in
2767 4537 3045 4607 justitiam
3077 4544 3133 4592 et
3166 4535 3485 4592 sanctiﬁca-

206 4594 384 4663 ἐσμὸν
428 4596 886 4667 καταπεφρικότα
906 4636 922 4662 ,
950 4599 1046 4652 καὶ
1073 4602 1488 4674 ἐκπεμπόμενον
1523 4606 1697 4682 βλέπῃ
1716 4610 1807 4665 διὰ

1911 4594 2113 4681 tionem
2148 4640 2244 4695 per
2271 4594 2430 4680 [idem
2459 4626 2511 4680 in
2537 4594 2824 4682 Christum
2847 4628 2917 4682 ⁸¹.
2943 4627 3161 4697 Alioqui
3185 4626 3482 4696 quomodo,

192 4686 311 4755 -τῆς
337 4686 529 4741 αὐτῶν
562 4687 907 4759 προσευχῆς,
957 4692 1050 4743 καὶ
1075 4693 1374 4763 ἐνεργείας,
1402 4699 1494 4751 καὶ
1520 4699 1803 4772 δυνάμεως

205 4780 302 4833 τοῦ
332 4781 501 4848 ἁγίου
530 4780 884 4851 Πνεύματος,
926 4783 1043 4847 πῶς
1071 4785 1174 4838 οὐκ
1213 4786 1450 4855 εὐλόγως
1487 4791 1601 4862 ὲρεῖ
1631 4810 1801 4849 κατα..

206 4873 511 4943 κεκρίσθαι
556 4874 649 4928 τὸν
680 4875 923 4929 Σατανᾶν
948 4893 963 4943 ;
996 4879 1405 4950 Κατακέκριται
1436 4882 1542 4953 γάρ
1573 4883 1651 4955 τῷ
1691 4902 1798 4956 μη-

205 4965 327 5019 κέτι
356 4965 624 5019 δύνασθαι
645 4967 985 5022 πλεονεκτεῖν
1004 4970 1133 5034 τοὺς
1150 4970 1229 5041 τῷ
1252 4971 1528 5043 Πνεύματι
1556 4975 1635 5047 τῷ
1659 4976 1799 5048 ἁγίῳ

202 5057 797 5127 κατεσφραγισμένους
840 5062 920 5123 εἰς
964 5060 1309 5131 δικαιοσύνην
1363 5064 1457 5117 καὶ
1499 5066 1799 5137 ἀγιασμὸν,

202 5145 294 5198 διὰ
346 5147 593 5210 πίστεως
624 5147 725 5217 τῆς
769 5150 849 5212 είς
876 5151 1130 5220 Χριστόν.
1206 5153 1359 5207 Ἐπεὶ
1401 5153 1516 5218 πῶς
1560 5155 1647 5222 ἂν,
1679 5160 1803 5212 είπέ

208 5256 324 5307 μοι,
357 5241 830 5310 κατεπατήσαμεν
856 5243 1036 5295 πᾶσαν
1059 5244 1225 5297 αὐτοῦ
1255 5244 1352 5316 τὴν
1383 5245 1635 5317 δύναμιν,
1661 5250 1801 5304 κατὰ

201 5330 267 5383 τὸ
292 5333 355 5384 εν
382 5331 640 5401 Ψαλμοῖς
671 5333 962 5403 εἰρημένον
1008 5334 1144 5405 πρὸς
1190 5335 1371 5390 πάντα
1400 5336 1687 5408 ἄνθρωπον
1708 5341 1800 5394 τδν

204 5421 579 5475 κατοικοῦντα
612 5422 670 5476 ὲν
693 5422 914 5494 βοηθείᾳ
937 5425 1032 5477 τοῦ
1068 5426 1323 5494 Ὑψίστου
1350 5443 1361 5456 ·
1401 5447 1420 5480 ι
1442 5429 1565 5482 Ἐπὶ
1594 5430 1796 5484 ἀσπίδα

202 5514 300 5565 καὶ
370 5512 693 5583 βασιλίσκον
742 5515 1120 5586 ἐπιϐήσῃ,καὶ
1147 5521 1557 5592 καταπατήσας
1608 5523 1795 5577 λέοντα

197 5605 298 5656 καὶ
333 5604 643 5673 δράκοντας
679 5625 696 5656 ι
753 5607 919 5660 Ὅταν
953 5608 1130 5660 τοίνυν
1177 5612 1205 5662 ὁ
1246 5609 1304 5675 ἐξ
1350 5612 1580 5682 οὐρανοῦ
1612 5615 1793 5684 Παρά-

200 5694 411 5759 κλητος
446 5696 501 5746 ἐν
528 5694 710 5761 ἁγίαις
740 5697 959 5766 γένηται
980 5698 1197 5769 ψυχαῖς,
1232 5701 1324 5754 καὶ
1349 5702 1571 5766 δικαίως
1608 5705 1789 5768 αὐτοῖς

251 5866 346 5918 “‘J
381 5882 484 5919 ιςιιι.
522 5884 614 5931 xx,
643 5869 728 5922 δι.
809 5873 847 5899 λ’
881 5873 1070 5943 Ephes.
1108 5891 1142 5939 ι,
1182 5876 1239 5929 15
1278 5876 1355 5931 15,

1440 5879 1482 5907 5’
1508 5877 1652 5934 Psitl.
1682 5894 1767 5945 xc,
1810 5881 1885 5936 15.

1909 4731 2118 4787 quaeso,
2156 4716 2267 4769 vim
2296 4716 2417 4785 ejus
2448 4732 2665 4773 omnem
2702 4719 3210 4789 proculcassemus,
3238 4717 3391 4787 juxta
3429 4717 3484 4771 id

1907 4806 2148 4879 quodin
2177 4805 2409 4862 Psalmis
2435 4808 2701 4878 scriptum
2735 4817 2820 4865 est
2859 4809 2925 4864 ad
2958 4823 3177 4864 omnem
3207 4806 3485 4861 hominem

1909 4899 2002 4970 qui
2028 4899 2243 4955 habitat
2288 4898 2343 4953 in
2384 4898 2663 4970 adjutorio
2692 4900 3010 4957 Altissimi:
3053 4918 3073 4951 ι
3125 4898 3301 4968 Super
3332 4897 3482 4966 aspi-

1907 4990 2042 5046 dem~
2094 4997 2149 5044 et
2207 4989 2527 5045 basiliscum
2588 4991 2935 5054 ambulabis,
3018 4998 3073 5045 et
3129 4987 3482 5042 conculcabis

1901 5084 2114 5139 leonem
2144 5092 2198 5137 et
2230 5081 2640 5136 draconem"?
2681 5101 2700 5135 ι
2736 5083 2871 5137 Cum
2906 5095 3038 5151 ergo
3080 5078 3399 5132 Paracletus
3424 5077 3477 5131 in

1899 5184 2126 5230 sanctas
2154 5174 2368 5229 animas
2402 5175 2620 5230 coalitus
2658 5174 2935 5237 illahetur,
2966 5180 3022 5226 et
3056 5170 3205 5240 jnstc
3231 5169 3315 5224 eis
3353 5183 3479 5237 pro-
3512 5197 3527 5211 ι

1899 5273 2019 5335 pter
2053 5265 2334 5321 sinceram
2362 5273 2417 5320 et
2449 5267 2829 5333 incorruptam
2860 5263 3022 5317 [idem
3074 5260 3280 5315 missus
3307 5274 3476 5329 appa-

1900 5353 2078 5418 rebit,
2141 5363 2273 5407 tunc
2313 5354 2522 5423 peccati
2573 5366 2728 5407 reum
2800 5348 3067 5403 mundum
3133 5358 3362 5417 arguet,
3424 5355 3477 5403 ct

1905 5456 2140 5510 superna
2180 5443 2354 5512 gratia
2397 5442 2673 5504 orbatum,
2706 5440 2837 5510 quia
2866 5438 3285 5509 Redemptorcm
3313 5454 3474 5496 aver-

1907 5537 2120 5584 santur.
2185 5530 2401 5587 Rursus
2467 5537 2649 5584 autem
2701 5530 2879 5597 ipsum
2943 5537 3169 5600 arguet,
3210 5539 3472 5599 tanquatn

1907 5621 1998 5689 qui
2042 5618 2225 5690 inique
2263 5621 2474 5692 peccati
2522 5619 2799 5675 accusarit
2826 5634 2921 5674 cos
2948 5622 3043 5689 qui
3071 5619 3184 5689 jam
3224 5619 3474 5675 credide-

1908 5719 2051 5769 runt.
2092 5712 2283 5769 Mcrilo
2325 5715 2467 5769 enim
2504 5712 2787 5783 justilicati
2830 5720 2976 5777 sunt,
3023 5716 3148 5770 licet
3188 5712 3469 5767 Christum
