4024 6262
274 493 366 550 ιιι
1344 485 1406 540 ΙΝ
1442 486 1724 545 JOANNIS
1753 485 1824 545 Et

1926 483 2204 543 iGELlUM
2246 484 2374 541 LIB.
2420 483 2485 538 Χ.

3405 476 3511 533 “2

276 627 427 680 σηται
469 606 723 676 Πνεῦμα,
767 605 861 659 καὶ
912 603 1004 658 τὸν
1054 604 1321 677 ἡμέτερον
1365 607 1490 678 [7-p.
1524 606 1824 681 ὑμέτερον]

1932 621 2078 660 mum
2111 605 2314 677 ﬁguras
2342 614 2699 661 contemnere
2728 600 2910 657 velitis
2935 613 2999 655 ac
3027 596 3253 668 possitis
3275 638 3293 662 ,
3314 604 3372 652 et
3399 599 3512 667 spi-

275 698 722 773 μεταστοιχειώσῃ
753 697 909 760 νοῦν.
953 699 1032 760 είς
1083 698 1144 752 τὸ
1185 698 1407 769 θελῆσαί
1435 718 1494 753 τε
1528 701 1710 753 λοιπὸν
1738 701 1831 755 καὶ

268 793 513 850 δύνασθαι
537 789 646 844 τῶν
675 788 913 860 νομικῶν
945 790 1359 860 ὑπερφρονῆσαι
1376 790 1591 857 τύπων,
1616 792 1830 846 ἑλέσθαι

265 885 318 938 δὲ
341 881 533 953 μᾶλλον
558 883 655 951 τῆς
684 884 741 935 ὲν
766 880 1041 952 πνεύματι
1077 880 1339 950 λατρείας
1361 880 1423 935 τὶ
1456 884 1651 946 κάλλος
1670 923 1684 945 ,
1738 885 1831 941 καὶ

263 974 364 1027 τῶν
390 976 446 1026 ἐν
471 976 655 1036 σκιαῖς
672 972 1011 1043 προτιμῆσαι
1030 972 1127 1042 τὴν
1148 972 1425 1043 ἀλήθειαν,
1450 974 1570 1027 τότε
1585 975 1670 1046 δή,
1685 976 1827 1041 τότε,

263 1065 422 1135 φησὶ,
465 1064 705 1118 συνιέναι
753 1065 951 1135 ῥαδίως
987 1060 1045 1118 εὖ
1082 1064 1225 1133 μάλα
1270 1064 1564 1134 δυνήσεσθε
1603 1066 1670 1119 τὰ
1703 1067 1831 1138 περὶ

258 1156 410 1226 ὶμοῦ.
456 1158 714 1227 Χωρήσει
755 1157 864 1226 γὰρ
899 1157 957 1209 ὲν
996 1156 1124 1225 ὑμῖν
1171 1154 1575 1224 εὐπαράδεκτός
1615 1172 1674 1207 τε
1701 1154 1826 1225 ήδη,

260 1248 352 1301 καὶ
390 1247 595 1310 πλατὺς
648 1245 889 1314 ό-λὸγος.
947 1246 1117 1298 Ταυτὶ
1171 1244 1272 1313 μὲν
1323 1240 1416 1298 οὖν
1461 1244 1571 1299 δεῖν
1623 1244 1829 1299 οἴεσθαι

256 1339 431 1406 λέγειν
460 1339 552 1393 τὸν
576 1338 781 1409 Κύριον
808 1340 920 1400 τοῖς
948 1337 1142 1391 ἑαυτοῦ
1174 1337 1444 1406 μαθηταῖς
1469 1336 1722 1406 ἐννοῆσαι
1743 1352 1828 1399 τις

256 1429 339 1484 ἂν.
375 1430 536 1494 Ἥξει
570 1446 634 1498 γε
669 1430 775 1501 μὴν
807 1431 889 1491 είς
923 1428 1118 1482 ταυτὸν
1138 1470 1152 1494 ,
1201 1429 1295 1483 καὶ
1322 1430 1400 1490 είς
1433 1427 1526 1498 τὴν
1558 1426 1684 1498 ἴσην
1717 1430 1830 1490 τοῖς

256 1523 570 1593 εἰρημένοις
599 1521 801 1593 ἀρτίως
834 1520 1220 1590 συνδραμεῖται
1252 1520 1519 1580 διάνοιαν,
1554 1521 1691 1591 ὅπερ
1722 1521 1826 1591 ἔφη

254 1612 416 1667 πάλιν
436 1653 451 1677 ,
487 1613 566 1675 ὼς
597 1613 654 1664 ὲν
689 1610 845 1680 τύπῳ
876 1611 1330 1681 παραδειγμάτων
1352 1626 1365 1640 ⁸
1424 1630 1443 1662 ι
1481 1611 1672 1676 Οὐδεὶς
1704 1612 1828 1664 ἐπί-

250 1705 437 1775 ϐλημα
509 1704 618 1758 ἀπὸ
672 1703 884 1773 ἱματίου
927 1703 1116 1756 καινοῦ
1172 1702 1363 1773 σχίσας
1414 1703 1694 1757 ἐπιϐάλλει
1734 1706 1829 1759 ἐπὶ

252 1795 454 1866 ίματίῳ
507 1792 755 1863 παλαιῷ·
811 1793 924 1846 ἀλλ’
985 1792 1105 1846 οὐδὲ
1153 1787 1294 1846 οἶνον
1334 1794 1454 1847 νέον
1497 1795 1578 1856 είς
1625 1795 1828 1858 ἀσκοὺς

248 1880 513 1957 βάλλουσί
544 1883 824 1946 παλαιούς.
880 1884 939 1936 El
984 1883 1040 1937 δὲ
1075 1884 1149 1954 μὴ
1172 1927 1185 1946 ,
1230 1884 1529 1952 ῥήγνυνται
1562 1887 1611 1937 ot
1646 1885 1823 1951 ἀσκοὶ,

245 1974 338 2031 καὶ
355 1976 383 2029 ὁ
409 1970 561 2036 οἰνος
587 1975 849 2042 ἐκχεῖται*
880 1972 991 2026 ἀλλ’
1026 1970 1167 2027 οίνον
1198 1973 1313 2028 νέον
1336 1976 1416 2037 είς
1446 1975 1648 2039 ἀσκοὺς
1674 1975 1826 2040 νέους

248 2064 492 2135 βλητέον.
551 2083 571 2113 ι
624 2065 747 2126 Τοῖς
795 2064 903 2133 γὰρ
953 2062 1105 2117 οῠπω
1165 2064 1302 2135 πρὸς
1346 2065 1637 2136 καινότητα
1682 2066 1827 2138 ζωῆς

245 2159 335 2210 καὶ
362 2156 627 2225 γνώσεως
652 2154 786 2226 ὁμοῦ
805 2156 1316 2227 ὰναππλασμένοις
1342 2157 1430 2211 διὰ
1449 2159 1541 2211 τοῦ
1568 2159 1826 2230 Πνεύμα-

242 2266 365 2313 τος,
394 2250 502 2302 οὐκ
546 2248 662 2301 ἐστι
690 2248 759 2301 τὰ
786 2249 880 2301 νέα
905 2248 1015 2301 τῶν
1042 2249 1421 2317 εὐαγγελικῶν
1452 2253 1826 2321 κηρυγμάτων

242 2339 613 2410 παιδεύματα,
636 2338 730 2390 καὶ
746 2336 1135 2408 ἀχώρητάπὼς
1156 2339 1271 2390 ἐστι
1298 2339 1367 2392 τὰ
1395 2339 1644 2409 περὶτῆς
1666 2341 1827 2409 ἁγίας

244 2430 467 2502 Τριάδος
527 2416 821 2500 μυστήρια.
877 2430 954 2500 Τῇ
1001 2429 1183 2482 τοίνυν
1226 2430 1593 2485 ἀνακαινώσει
1638 2436 1705 2503 τῇ
1734 2433 1826 2487 διὰ

243 2522 332 2575 τοῦ
348 2522 491 2575 Πνεύ
505 2538 674 2592 ματος
702 2520 938 2591 ἐσομένη
965 2520 1372 2588 πνευματικῶς,
1398 2523 1825 2593 ἀποταμιεύεται

248 2616 536 2682 χρησίμως
560 2611 724 2682 ἡτῶν
755 2610 836 2664 ἔτι
868 2611 1179 2682 βαθυτέρων
1200 2612 1488 2683 ἐξήγησις,
1522 2616 1582 2668 τὸ
1616 2616 1716 2686 μὲν
1745 2616 1824 2670 ἔτι

242 2701 634 2772 προσεδρεύειν
657 2703 722 2771 τῇ
748 2701 841 2755 τοῦ
872 2702 1096 2772 νομικοῦ
1133 2703 1459 2774 γράμματος
1479 2704 1823 2777 παλαιότητι,

238 2794 303 2862 τῇ
334 2792 441 2846 τῶν
474 2792 862 2845 πιστευόντων
890 2794 971 2855 εἰς
998 2794 1229 2864 Χριστὸν
1273 2794 1373 2847 οὐκ
1405 2795 1550 2867 ὲώσῃ
1595 2798 1822 2870 διανοίᾳ,

241 2883 678 2956 μεταμορφούσῃ
727 2883 784 2937 δὲ
820 2883 1021 2953 μᾶλλον
1067 2885 1147 2947 είς
1190 2885 1488 2956 καινότητα
1523 2886 1823 2958 λογισμῶν,

237 2975 333 3027 καὶ
363 2974 433 3027 τὰ
479 2974 550 3028 δι’
583 2966 658 3027 ὧν
702 2973 878 3027 ἔνεστι
921 2974 981 3027 τὸ
1015 2974 1116 3044 τῆς
1169 2975 1429 3047 ἀληθείας
1454 2979 1825 3033 καταθεᾶσθαι

236 3064 436 3128 κάλλος
474 3064 747 3137 ὲντιθείσῃ
786 3065 1144 3137 θεωρήματα.
1203 3068 1325 3120 Ὅτι
1355 3068 1412 3122 δὲ
1443 3070 1550 3141 πρὸ
1595 3072 1693 3141 μὲν
1726 3073 1827 3142 τῆς

237 3156 304 3208 ὲκ
333 3156 551 3228 νεκρῶν
577 3155 928 3220 ἀναστάσεως
962 3157 1053 3211 τοῦ
1079 3160 1333 3230 Σωτῆρος
1372 3161 1528 3232 ἡμῶν
1561 3163 1823 3236 Χριστοῦ,

1931 696 2111 752 ritalis
2142 698 2323 753 cultus
2357 694 2824 766 pulchritudinem
2858 690 3118 761 amplecti
3145 727 3160 753 ,
3191 687 3512 756 umbrisque

1929 787 2220 841 veritatem
2248 794 2609 855 anteponere,
2634 793 2768 836 tunc
2789 822 2805 845 ,
2835 780 3052 848 inquit,
3085 785 3217 831 tunc
3246 773 3511 846 perfacile

1929 892 2052 944 quae
2081 877 2149 931 de
2181 892 2264 932 me
2297 877 2505 945 scripta
2542 882 2674 929 sunt
2707 871 3016 941 intelligere
3040 868 3206 940 924
3241 866 3506 937 poteritis.

1930 967 2096 1023 Plana
2137 969 2283 1023 enim
2324 976 2379 1023 et
2415 966 2670 1036 expedita
2709 967 2929 1020 demum
2973 963 3027 1016 in
3066 962 3220 1016 vobis
3257 958 3508 1014 doctrina

1931 1061 2108 1116 locum
2144 1061 2395 1116 habitura
2426 1068 2530 1114 est.
2562 1058 2687 1113 Haec
2715 1059 2899 1126 itaque
2922 1053 3215 1109 Dominum
3275 1052 3395 1108 suis
3425 1050 3510 1105 di-

1930 1151 2159 1220 scipulis
2191 1150 2377 1205 dicere
2418 1151 2692 1220 quispiam
2714 1147 3064 1204 existimarit.
3095 1144 3354 1200 Eumdem
3382 1157 3509 1198 vero

1931 1257 2155 1297 sensum
2204 1242 2402 1306 habet,
2455 1242 2601 1312 quod
2642 1256 2839 1296 rursus
2876 1254 2972 1310 per
3012 1236 3230 1292 modum
3271 1234 3507 1306 exempli

1901 1333 2069 1388 dixit
2099 1351 2113 1387 :
2144 1351 2162 1384 ι
2191 1331 2388 1388 Nullus
2423 1333 2671 1387 immittit
2701 1332 3127 1387 commissuram
3156 1330 3320 1398 panni
3350 1328 3507 1383 rudis

1930 1426 1985 1479 iu
2022 1423 2407 1479 vestimentum
2448 1433 2607 1480 vetus
2633 1463 2648 1488 ,
2690 1439 2867 1493 neque
2903 1422 3090 1477 vinum
3129 1436 3330 1477 novum
3382 1421 3508 1475 mit-

1929 1523 2055 1570 tunt
2080 1515 2134 1569 in
2162 1523 2312 1571 utres
2340 1523 2572 1570 veteres.
2603 1514 2859 1583 Alioquin
2889 1522 3218 1584 rumpuntur
3240 1520 3390 1567 utres
3412 1554 3426 1579 ,
3451 1519 3507 1567 et

1929 1608 2117 1663 viuum
2148 1606 2472 1670 effunditur;
2503 1605 2603 1660 sed
2629 1605 2814 1660 vinum
2842 1619 3043 1659 novum
3074 1605 3127 1658 in
3155 1612 3307 1659 utres
3334 1618 3506 1658 novos

1929 1696 2250 1752 mittendum
2284 1699 2353 1752 ⁵⁷.
2388 1716 2408 1749 ι
2440 1695 2546 1763 Qui
2596 1695 2840 1751 nondum
2888 1697 3035 1750 enim
3084 1695 3152 1749 ad
3203 1695 3503 1750 novitatem

1929 1788 2054 1842 vitae
2091 1796 2146 1843 et
2186 1787 2524 1857 cognitionis
2562 1785 2851 1841 reformati
2891 1793 3020 1840 sunt
3061 1800 3158 1854 per
3196 1785 3504 1854 Spiritum,

1929 1894 2131 1950 capere
2180 1877 2589 1950 quodammodo
2645 1885 2926 1946 nequeunt
2979 1891 3120 1930 nova
3177 1875 3507 1943 evangelicae

1928 1970 2331 2041 praedicationis
2382 1969 2738 2034 documenta,
2782 1978 2839 2024 et.
2891 1967 2960 2023 de
3004 1975 3195 2022 saneta
3233 1967 3508 2022 Triuitate

1926 2061 2211 2132 mysteria.
2248 2060 2630 2115 Reuovatione
2662 2074 2794 2128 ergo
2827 2059 2920 2112 illa
2952 2074 3074 2126 qua:
3113 2074 3211 2127 per
3241 2057 3506 2127 Spiritum

1926 2153 2116 2209 futura
2148 2160 2234 2209 est
2271 2151 2620 2222 spiritaliter,
2668 2151 2927 2205 altiorum
2976 2165 3158 2203 rerum
3207 2150 3506 2219 explicatio

1925 2245 2262 2303 credentium
2304 2245 2359 2298 in
2398 2243 2680 2297 Christum
2725 2243 2894 2298 menti
2933 2241 3222 2297 commode
3260 2256 3506 2295 reserva-

1926 2346 2035 2402 tur,
2071 2350 2193 2405 qute
2224 2349 2333 2388 non
2375 2334 2615 2404 amplius
2654 2332 2849 2402 legalis
2890 2333 3088 2386 littera:
3121 2332 3381 2387 vetustati
3419 2330 3507 2385 in-

1924 2429 2133 2483 haerere
2164 2428 2397 2497 patitur,
2434 2425 2531 2482 sed
2570 2440 2671 2480 nos
2706 2425 2886 2493 potius
2921 2422 3183 2479 reformat
3211 2424 3265 2478 in
3299 2424 3507 2494 cogita-

1923 2522 2135 2575 tionum
2162 2519 2459 2573 novitatem
2481 2557 2496 2580 ,
2525 2532 2699 2586 eaque
2727 2530 2888 2571 sensa
2917 2515 3077 2570 nobis
3103 2514 3278 2577 indit,
3304 2514 3506 2583 quibus

1926 2610 2171 2665 veritatis
2200 2606 2670 2678 pulchritudinem
2702 2607 2903 2662 intueri
2932 2606 3119 2661 liceat.
3142 2604 3300 2670 Quod
3320 2612 3504 2658 autem

1925 2709 2054 2756 ante
2085 2700 2295 2757 Christi
2340 2698 2650 2753 Servatoris
2693 2698 2868 2753 nostri
2903 2698 3374 2753 resurrectionem
3400 2734 3416 2758 ,
3451 2704 3507 2751 et

1925 2793 2249 2863 priusquam
2284 2774 2470 2846 essent
2506 2787 2750 2858 Spiritus
2782 2788 3083 2858 participes
3116 2785 3375 2855 discipuli
3405 2783 3503 2839 Ju-

1926 2884 2084 2938 daico
2116 2897 2269 2937 more
2301 2882 2586 2942 viverent,
2623 2894 2686 2934 ac
2721 2880 2881 2949 legali
2919 2878 3226 2948 disciplinae
3262 2876 3506 2931 adhaere-

1926 2983 2083 3040 rent,
2115 2975 2244 3029 licet
2275 2973 2456 3043 majus
2493 2972 2720 3028 omnino
2769 2972 2843 3027 sit
2886 2970 3091 3026 Christi
3142 2969 3500 3040 mysterium,

1926 3067 2108 3137 quivis
2169 3065 2614 3120 animadvertere
2678 3061 2841 3116 facile
2903 3068 3103 3132 potest.
3164 3059 3230 3113 Et
3278 3052 3501 3128 quidem

1927 3159 2125 3213 beatus
2158 3156 2354 3212 Petrus
2376 3196 2390 3219 ,
2425 3155 2553 3210 licet
2581 3162 2903 3208 sanctorum
2928 3150 3329 3220 discipulorum
3360 3164 3503 3217 pra:—

238 3249 334 3302 καὶ
365 3251 425 3302 ὲν
468 3248 683 3318 μεθέξει
719 3249 973 3318 γενέσθαι
1006 3250 1102 3303 τοῦ
1134 3252 1473 3323 Πνεύματος,
1517 3254 1820 3309 Ἰουδαῖκώ-

1929 3248 2184 3318 positus,
2231 3245 2516 3302 enarranti
2569 3243 2868 3313 aliquando
2912 3238 3192 3295 Servatori
3234 3252 3399 3307 quam
3448 3238 3504 3290 in

235 3340 401 3412 τερόν
430 3358 550 3404 πως
582 3341 773 3405 διέζων
801 3342 851 3394 οί
888 3342 1159 3412 μαθηταὶ,
1213 3346 1309 3398 καὶ
1357 3347 1454 3415 τῆς
1497 3348 1636 3400 κατὰ
1658 3349 1821 3418 νόμον

237 3431 519 3495 πολιτείας
550 3435 859 3504 ἀντείχοντο
878 3476 892 3498 ,
938 3436 987 3487 εί
1017 3435 1111 3487 καὶ
1148 3436 1330 3506 μεῖζον
1369 3425 1613 3508 ἀκριϐῶς
1641 3440 1702 3493 τὸ
1730 3441 1825 3494 ἐπὶ

235 3524 469 3593 Χριστῷ
499 3525 819 3594 μυστήριον,
850 3524 1126 3595 θεωρῆσαι
1156 3543 1237 3590 τις
1278 3527 1342 3581 ἂν
1361 3568 1374 3588 ,
1403 3530 1496 3582 καὶ.
1521 3530 1639 3585 λίαν
1668 3532 1824 3585 εὐκό-

236 3612 373 3676 λως.
405 3616 516 3667 Καὶ
548 3613 678 3682 γοῦν
708 3616 736 3667 ὁ
770 3614 1038 3684 μακάριος
1064 3616 1287 3685 Πέτρος,
1318 3619 1494 3671 καίτοι
1526 3619 1632 3672 τῶν
1653 3622 1823 3688 ἁγίων

238 3705 678 3775 προεκκείμενος
730 3704 1017 3775 μαθητῶν,
1061 3706 1402 3778 διηγουμένῳ
1449 3710 1575 3763 ποτὲ
1601 3711 1677 3780 τῷ
1707 3714 1824 3765 Σω-

242 3797 378 3865 τῆρι
418 3795 478 3847 τὸ
523 3797 615 3849 ἐπὶ
649 3796 727 3867 τῷ
776 3796 996 3867 σταυρῷ
1040 3798 1246 3863 πάθος,
1304 3801 1400 3852 καὶ
1443 3802 1523 3853 ὅτι
1556 3800 1661 3855 δέοι
1712 3806 1824 3868 τοῖς

256 3885 581 3949 Ἰουδαϊκοῖς
609 3886 1060 3957 ὲμπαροινείσθαι
1093 3887 1442 3959 τολμήμασιν
1473 3891 1823 3965 ἐξηγουμένῳ

239 3976 562 4048 χρησίμως,
589 3977 956 4047 ἀντανεςεώνει
986 3979 1157 4047 λέγων
1180 3996 1193 4010 ·
1229 4000 1246 4031 ι
1274 3981 1459 4046 Ἵλεώς
1486 4000 1596 4047 σοι,
1627 3985 1817 4057 Κύριε,

230 4069 299 4120 οὐ
340 4068 421 4137 μὴ
467 4067 617 4121 ἔσται
655 4086 733 4121 σοι
782 4069 962 4122 τοῦτο·
1005 4089 1024 4122 ι
1072 4071 1249 4126 καίτοι
1293 4072 1588 4145 διαρρήδην
1621 4076 1821 4132 ἀνακε-

230 4158 532 4227 κραγότων
572 4158 681 4210 τῶν
728 4160 900 4227 ἁγίων
946 4161 1268 4232 προφητῶν,
1323 4163 1420 4233 οὐχ
1456 4165 1537 4218 ὅτι
1573 4166 1819 4223 πείσεται

234 4251 405 4320 μόνον
433 4289 448 4311 ,
494 4249 628 4302 ἀλλὰ
674 4251 793 4302 τίνα
849 4251 943 4304 καὶ
987 4252 1157 4305 ὁπόσα
1208 4254 1488 4322 ὑπομενεῖ.
1550 4257 1660 4309 Καὶ
1712 4257 1821 4329 μὴν

229 4342 469 4394 κάκεῖνο
509 4340 648 4410 πρὸς
686 4341 860 4410 τούτῳ
901 4341 1284 4397 διασκεπτέον·
1332 4344 1407 4408 ὼς
1455 4345 1562 4416 γὰρ
1612 4348 1669 4398 ὲν
1702 4350 1820 4410 ταῖς

230 4429 482 4502 Πραξεσι
524 4430 632 4483 τῶν
660 4431 971 4484 ἀποστόλων
1011 4432 1322 4502 γέγραπταί
1356 4451 1415 4487 τε
1451 4438 1547 4489 καὶ
1578 4437 1821 4503 ἀνεγνώ-

232 4538 445 4592 καμεν,
485 4521 813 4591 πρόσπεινος
840 4518 907 4592 ἦν
932 4539 1063 4575 ποτε
1092 4525 1186 4576 κα)⁸
1215 4525 1448 4594 ἠθέλησε
1469 4527 1768 4594 γεύσασθαι
1790 4530 1820 4583 ό

1928 3356 2091 3397 cruce
2174 3341 2460 3397 subiturus
2553 3344 2701 3394 esset
2759 3336 3115 3407 passionem,
3173 3331 3506 3401 quantisque

1927 3430 2184 3489 ludibriis
2238 3448 2305 3486 ac
2360 3431 2580 3502 probris
2627 3446 2655 3483 a
2707 3427 2916 3483 Judzeis
2963 3424 3280 3481 alliciendos
3319 3434 3503 3488 esset,

1927 3526 2261 3583 reclamabat
2321 3524 2549 3578 dicens:
2596 3541 2614 3573 ι
2646 3520 2803 3574 Absit
2857 3533 2887 3573 a
2936 3524 3024 3583 te,
3076 3515 3341 3570 Domine!
3393 3528 3503 3568 non

1925 3621 2031 3673 erit
2064 3619 2159 3672 tibi
2195 3618 2296 3673 hoc
2321 3617 2407 3679 ⁶⁸;
2442 3634 2461 3666 ›
2491 3613 2746 3684 quamvis
2775 3611 2952 3681 palam
2983 3617 3038 3665 et
3081 3617 3271 3678 aperte
3312 3607 3498 3662 sancti

1926 3710 2209 3779 prOpIietm
2243 3706 2597 3776 praedicarim
2640 3719 2750 3759 non
2798 3715 3094 3772 passurum
3141 3713 3264 3754 eum
3304 3696 3501 3759 modo.

1926 3802 2025 3856 sed
2060 3811 2114 3857 et
2146 3808 2354 3871 quanta
2390 3813 2660 3868 passurus
2693 3802 2859 3851 esset.
2898 3793 3166 3847 Praeterea
3202 3791 3505 3845 observan-

1926 3890 2053 3944 dum
2088 3890 2235 3960 quod
2272 3890 2325 3944 iu
2366 3888 2600 3944 Actibus
2639 3886 3011 3956 apostolorum
3053 3883 3316 3952 scriptum
3373 3879 3505 3949 legi-

1927 3998 2081 4047 mus,
2114 3982 2335 4038 Petrum
2363 3980 2607 4036 esurisse
2637 3977 2954 4047 aliquando,
2983 3984 3038 4028 et
3070 3982 3291 4045 gustare
3320 3972 3501 4026 cibum

1925 4075 2203 4136 voluisse,
2240 4071 2438 4127 deinde
2469 4070 2847 4139 conspicatum
2903 4069 3125 4121 linteum
3174 4066 3399 4119 cmlitus
3449 4063 3504 4116 in

1926 4170 2128 4216 terram
2158 4162 2405 4226 demitti,
2442 4171 2683 4232 quatuor
2718 4159 2895 4213 initiis
2944 4159 3227 4226 alligatum
3251 4197 3266 4223 ,
3302 4156 3357 4209 in
3394 4169 3506 4225 quo

1927 4253 2263 4323 apparebant
2290 4254 2472 4309 omnis
2505 4251 2727 4322 generis
2759 4250 3017 4305 animalia
3048 4248 3334 4303 terrestria
3354 4288 3367 4311 ,
3403 4262 3505 4324 na-

1926 4347 2099 4401 tatilia
2119 4386 2134 4411 ,
2168 4354 2222 4401 et
2253 4346 2405 4400 aeria
2426 4388 2440 4410 ,
2475 4344 2730 4414 factaque
2760 4342 2826 4398 de
2854 4342 2997 4397 coelo
3032 4356 3163 4395 voce
3194 4358 3208 4394 :
3247 4359 3265 4391 ι
3296 4338 3502 4409 Surge,

1926 4436 2083 4491 Petre
2111 4475 2127 4501 ,
2186 4437 2381 4492 occide
2434 4445 2491 4490 et
2545 4435 2815 4489 manduca
2845 4475 2861 4499 ,
2896 4451 2913 4483 ι
2950 4432 3203 4501 reposuit
3255 4429 3453 4485 Petrus
3487 4449 3500 4484 :

1933 4546 1950 4577 ‹
1980 4527 2171 4591 Absit,
2205 4525 2454 4591 Domine,
2517 4525 2648 4594 quia
2681 4537 2962 4592 nunquam
2989 4521 3312 4575 manducavi
3345 4534 3506 4573 onme

229 4609 605 4685 Πέτρος,εἷτα
630 4613 923 4679 τέσσαρσιν
945 4613 1140 4682 ἀρχαῖς
1166 4614 1492 4685 καθιεμένην
1514 4617 1572 4681 ἐξ
1598 4619 1824 4690 οὐρανοῦ

1933 4631 2227 4670 commune
2256 4623 2353 4669 aut
2404 4613 2784 4668 immunduml
2819 4631 2836 4663 ι
2869 4611 3108 4681 Ideoque
3145 4611 3270 4679 jure
3317 4624 3505 4676 reprc-

224 4705 330 4773 τὴν
341 4705 544 4772 ὀθόνην
563 4703 706 4763 ἰδὼν,
722 4706 778 4769 ὲν
840 4703 1016 4755 πάντα
1037 4705 1344 4773 ἐγέγραπτο
1360 4707 1476 4769 ςῶά
1490 4726 1551 4762 τε
1569 4714 1819 4782 χερσαῖα,

227 4795 327 4847 καί
358 4792 563 4864 νηκτά,
589 4792 681 4844 καὶ
705 4793 886 4862 ἀέρια,
914 4791 1008 4844 καὶ
1032 4793 1214 4860 φωνῆς
1236 4794 1542 4863 ἐνεχθείσης
1575 4797 1780 4850 ἀνωθεν
1804 4814 1817 4828 ·

231 4897 251 4932 ι
296 4880 604 4944 Ἀναστὰς,
642 4880 845 4949 Πέτρε,
888 4878 1050 4931 θῦσον
1071 4918 1082 4939 ,
1117 4879 1208 4931 καὶ
1233 4880 1376 4949 φάγε
1398 4922 1411 4941 ,
1440 4900 1458 4931 ι
1493 4883 1824 4956 άνταπεκρί-

228 4986 363 5023 νατο
386 4971 565 5037 λέγων
582 4986 597 4999 ·
624 4988 642 5020 ι
667 4967 968 5038 Μηδαμῶς,
992 4968 1163 5038 Κύριε
1181 5011 1194 5031 ,
1223 4969 1304 5021 ὅτι
1328 4969 1584 5027 οὐδέποτε
1622 4972 1823 5041 ἔφαγον

227 5064 344 5114 πᾶν
392 5060 596 5120 κοινὸν,
653 5060 685 5129 ἢ
726 5060 1055 5131 ἀκάθαρτον.
1089 5080 1105 5110 ι
1143 5061 1241 5113 Διά
1280 5078 1363 5112 τοι
1399 5061 1557 5115 τοῦτο
1599 5063 1823 5129 δικαίως

226 5152 506 5222 ἡλέγχετο
532 5150 692 5203 πάλιν
717 5150 947 5203 ἁκούων·
979 5171 996 5202 ‹
1016 5152 1079 5202 "A
1096 5153 1124 5204 ό
1150 5152 1279 5215 Θεὸς
1306 5152 1623 5222 ἐκαθάρισε,
1656 5156 1718 5207 σὺ
1751 5156 1825 5228 μὴ

227 5242 446 5296 κοίνου.
482 5261 500 5293 ι
539 5243 730 5293 Καίτοι
766 5241 904 5311 χρῆν
932 5241 1102 5311 δήπου
1135 5241 1542 5311 διαμεμνῆσθαι
1567 5244 1824 5310 πολλάκις

224 5330 327 5382 τοῦ
359 5329 619 5400 Σωτῆρος
646 5331 803 5399 ἡμῶν
840 5332 1124 5400 εἰρηκότος
1159 5332 1291 5402 πρὸς
1331 5333 1617 5398 Ἰουδαίους
1644 5352 1657 5364 ·
1698 5355 1716 5387 ι
1750 5339 1823 5391 Οὐ

224 5424 291 5476 τὸ
317 5424 707 5493 εἰσερχόμενον
768 5426 847 5487 εἰς
894 5423 1069 5494 στόμα
1121 5427 1291 5477 κοινοῖ
1333 5425 1422 5476 τὸν
1468 5426 1771 5496 ἄνθρωπον.
1800 5449 1818 5481 ι

227 5515 382 5583 ’Ὁρα
412 5515 521 5585 [Ion
555 5516 707 5588 ὁρᾷς]
738 5517 869 5582 γοῦν
899 5518 1047 5580 ὅπως
1075 5520 1261 5581 αὐτοῖς
1294 5519 1393 5589 τῆς
1415 5520 1503 5573 διὰ
1529 5521 1621 5574 τοῦ
1653 5524 1821 5576 Πνεύ-

228 5622 414 5675 ματος
458 5606 564 5659 ἔδει
598 5608 980 5676 φωταγωγίας.
1027 5608 1188 5678 Ὁρᾷς
1221 5610 1369 5672 ὅπως
1399 5611 1565 5680 ἐχρῆν
1599 5614 1676 5675 εἰς
1708 5613 1824 5665 ἐτέ-

228 5714 338 5768 ραν
397 5696 511 5762 ἕξιν
565 5700 1066 5769 μεταχαλκεύεσθαι
1137 5700 1234 5771 τῆς
1279 5700 1503 5771 ἐνούσης
1552 5705 1821 5769 Ἰουδαίοις

307 5880 354 5909 ³⁷
388 5878 576 5933 Matth.
616 5897 687 5945 ix,
719 5883 799 5947 l6,
833 5883 908 5935 Π.
996 5884 1039 5912 ⁵⁸⁸
1066 5883 1252 5938 Μλιιξι.
1296 5901 1402 5951 xw,
1444 5887 1529 5941 22"}.

1634 5889 1675 5915 δ’
1706 5890 1821 5940 Art.
1862 5905 1909 5951 λ,
1958 5888 2138 5941 lii—l3.

1929 4708 2141 4761 hensus
2172 4715 2288 4770 est,
2323 4705 2503 4759 denuo
2536 4703 2767 4759 audiens
2795 4721 2808 4757 :
2841 4720 2858 4753 ι
2891 4702 3022 4768 Quae
3068 4701 3211 4755 Deus
3243 4699 3503 4765 puritira-

1930 4798 2044 4861 vit,
2078 4804 2134 4850 tu
2171 4795 2485 4851 communia
2517 4811 2585 4849 ne
2612 4794 2821 4850 dixeris
2853 4795 2921 4849 ⁸³.
2950 4792 3152 4861 »Διψιί
3189 4789 3506 4845 meminisse
3568 4842 3573 4845 ,

1930 4889 2215 4958 oportebat
2246 4888 2456 4943 scilicet
2487 4885 2834 4943 Servatorem
2873 4896 3122 4940 nostrum
3173 4882 3240 4936 ad
3282 4880 3501 4937 Judazos

1931 4996 2071 5050 smpe
2098 4979 2263 5050 925
2292 4979 2498 5033 dixisse
2525 4996 2538 5032 :
2570 4995 2588 5029 ι
2620 4977 2774 5043 Quod
2824 4978 2991 5031 intrat
3033 4980 3085 5030 in
3133 4991 3231 5041 os,
3266 4988 3373 5027 non
3409 4988 3503 5027 co-

1929 5073 2182 5143 inquinat
2211 5071 2488 5125 hominem
2517 5070 2582 5123 ”.
2607 5089 2624 5122 ι
2649 5069 2843 5124 Cernis
2891 5070 3076 5137 itaque
3119 5064 3393 5136 quomodo
3435 5064 3501 5118 iis

1923 5180 2060 5233 opus
2093 5170 2240 5218 esset
2271 5163 2642 5217 illustrations
2676 5152 2958 5230 Spiritus?
2992 5159 3157 5212 Vides
3191 5164 3249 5209 ut
3280 5156 3344 5209 ad
3384 5170 3501 5208 me-

1923 5257 2113 5310 liorem
2143 5264 2196 5310 et
2217 5254 2605 5324 sapientiorem
2635 5253 2881 5306 habitum
2911 5267 3071 5319 quam
3097 5251 3188 5318 qui
3223 5250 3273 5326 in
3299 5247 3503 5302 Judaais

1920 5355 2038 5401 erat
2076 5347 2263 5414 relingi
2299 5362 2395 5401 eos
2427 5345 2752 5415 oporteret?
2797 5343 3015 5411 Quippe
3057 5351 3352 5411 postquam
3404 5358 3501 5395 su-

1922 5455 2090 5508 perna
2119 5454 2181 5493 ac
2206 5438 2416 5494 cwlcsti
2445 5436 2624 5505 gratia
2656 5434 2813 5487 ditati
2837 5475 2849 5497 ,
2880 5442 3259 5496 mutaverunt,
3289 5444 3345 5487 ιιι
3371 5433 3504 5488 scri-

1930 5543 2083 5601 ptum
2116 5541 2234 5597 cst,
2268 5532 2443 5596 vires,
2479 5537 2531 5581 et
2565 5527 2766 5596 potiori
2805 5540 2965 5593 quam
3002 5525 3154 5594 prius
3188 5525 3502 5595 cognitione

1933 5622 2145 5692 prmditi
2175 5620 2415 5684 fuerunt,
2453 5629 2583 5670 tunc
2617 5615 2783 5667 libere
2814 5624 2861 5669 et
2887 5616 3158 5685 intrepide
3187 5631 3281 5669 eos
3307 5614 3498 5667 dicon-

1933 5719 2016 5764 tes
2045 5709 2353 5763 audivimus
2392 5728 2402 5760 :
2442 5728 2456 5756 ι
2500 5705 2604 5757 Nos
2637 5715 2816 5758 autem
2850 5720 3068 5761 sensum
3098 5705 3300 5760 Christi
3338 5701 3498 5753 liabe-

2241 5891 2282 5915 ""
2314 5886 2498 5938 .\l.itlli.
2534 5903 2620 5947 xv,
2668 5888 2746 5938 ll.
