4024 6262
505 480 615 538 Διίὸ

1504 477 1562 534 S.
1598 476 1874 535 CYRILIJ
1905 477 2379 535 ALEXANDRINI
2419 479 2739 537 ARCHIEP.

3672 484 3773 541 M4

507 611 634 653 mus
666 592 728 651 “.
753 614 772 649 ι
797 594 1023 652 Mentem
1047 608 1177 650 vero
1202 593 1511 652 Servatoris
1536 598 1674 652 nihil
1698 597 1849 653 aliud
1877 598 2079 652 intelli-

2187 595 2279 667 τήν
2306 598 2538 668 ἀμείνω,
2571 598 2665 653 καὶ
2700 596 3018 670 σοφωτέραν
3041 615 3056 664 ;
3087 598 3199 653 Kal
3228 601 3360 667 γοῦν
3383 600 3473 654 ὅτε
3499 601 3603 672 τὴν
3629 602 3775 655 ἀνω·

508 696 682 757 gunt,
713 701 876 757 quam
907 694 1162 741 sanctum
1193 686 1287 755 qui
1318 685 1373 740 in
1416 701 1515 742 eos
1559 688 1793 758 illapsus
1835 696 1919 744 est
1963 687 2086 758 Spi-

510 780 715 844 ritum,
766 791 1013 848 congrua
1061 776 1145 832 eis
1196 778 1413 832 ratione
1457 786 1659 834 cuncta
1711 780 2082 840 revelantem,

507 884 851 939 qutecunqne
892 884 1059 925 nosse
1096 883 1161 923 ac
1205 868 1419 925 discere
1447 871 1755 941 oportebat.
1788 869 1926 926 Cum
1955 885 2086 941 ergo

507 961 721 1017 venerit
746 960 875 1027 ille,
905 961 959 1016 id
989 970 1073 1019 est
1114 960 1457 1025 Paraeletus.
1509 961 1754 1033 Spiritus
1797 965 2083 1031 veritatis,

508 1052 743 1108 deducet
791 1068 893 1108 vos
938 1054 997 1109 in
1062 1068 1284 1109 omnem
1330 1055 1643 1110 veritatem.
1699 1055 1837 1111 Vide
1899 1064 2083 1112 autem

508 1151 713 1215 quanta
743 1145 792 1199 ei
828 1146 900 1201 sit
927 1145 983 1200 in
1018 1145 1254 1201 dicendo
1283 1146 1531 1202 solertia.
1564 1146 1700 1201 Nam
1734 1163 1858 1204 cum
1887 1156 2087 1204 ventu-

510 1253 631 1293 rum
667 1237 734 1293 ad
761 1253 859 1295 eos
889 1236 1233 1294 Paracletum
1284 1247 1445 1295 antea
1487 1239 1761 1308 dixisset,
1813 1240 2083 1312 Spiritum

511 1328 755 1384 veritatis
787 1345 910 1385 cum
941 1330 1276 1393 nominavit,
1309 1329 1365 1384 id
1393 1338 1480 1386 est
1525 1344 1686 1385 suum
1715 1350 1729 1387 :
1774 1333 1892 1403 ipse
1939 1334 2083 1388 enim

509 1425 598 1474 est
626 1418 827 1473 veritas
857 1418 924 1474 “.
956 1418 1091 1474 Nam
1120 1427 1181 1474 ut
1210 1420 1419 1476 scirent
1443 1419 1704 1490 discipuli
1737 1437 1849 1477 non
1894 1423 2087 1479 alienae

511 1523 577 1564 ac
610 1512 909 1580 peregrinae
951 1510 1177 1567 virtutis
1225 1511 1520 1581 illapsum,
1575 1513 1672 1568 sed
1728 1514 2083 1584 semetipsum

510 1598 842 1653 tradendum
892 1599 1174 1669 polliceri,
1232 1598 1499 1671 Spiritum
1553 1602 1836 1670 veritatis,
1895 1603 1949 1658 id
2003 1612 2087 1660 est

511 1705 699 1754 suum,
733 1690 1078 1746 Paracletum
1107 1692 1366 1762 appellat.
1395 1692 1637 1764 Spiritus
1666 1696 1813 1750 enim
1860 1706 2087 1753 sanctus

513 1782 668 1836 nullo
701 1781 863 1835 modo
906 1782 976 1836 ab
1022 1780 1303 1854 Unigeniti
1336 1784 1645 1842 substantia
1678 1787 1895 1843 alienus
1928 1788 2089 1846 intel-

511 1871 719 1940 ligitur,
754 1871 848 1927 sed
876 1886 947 1927 ex
985 1888 1048 1928 ea
1094 1875 1420 1930 naturaliter
1467 1876 1752 1947 procedit,
1799 1877 2088 1936 identitate

513 1968 727 2015 naturae
756 1961 905 2017 aliud
936 1963 1073 2017 nihil
1105 1965 1177 2019 ab
1207 1965 1330 2036 ipso
1359 1967 1635 2023 exsistens
1655 2008 1671 2033 ,
1704 1968 1835 2024 licet
1877 1969 1934 2024 in
1960 1985 2089 2040 pro—

511 2049 632 2120 pria
667 2065 900 2120 persona
933 2052 1239 2109 subsistere
1281 2054 1648 2126 intelligatur.
1682 2054 1926 2127 Spiritus
1957 2071 2090 2130 ergo

509 2140 788 2209 veritatis,
821 2142 1023 2212 inquit,
1056 2144 1124 2198 ad
1158 2159 1377 2200 omnem
1420 2148 1673 2204 veritatis
1716 2149 2087 2220 cognitionem

511 2248 611 2289 nos
638 2233 892 2290 deducet.
928 2235 1067 2290 Cum
1109 2237 1255 2291 enim
1306 2246 1500 2295 exacte
1541 2254 1840 2312 cognoscat
1882 2244 2090 2299 veritas.

509 2334 618 2380 tem
639 2368 655 2393 ,
681 2327 844 2397 cujus
871 2336 926 2383 et
959 2328 1201 2397 Spiritus
1227 2343 1345 2397 est,
1377 2347 1499 2386 eam
1531 2348 1641 2388 non
1675 2350 1737 2389 ex
1773 2343 1929 2403 parte
1969 2338 2090 2393 suis

507 2418 840 2485 cultoribus,
884 2419 980 2475 sed
1012 2420 1228 2492 integre
1250 2423 1437 2492 potius
1462 2424 1584 2492 ejus
1611 2426 1864 2483 infundet
1887 2437 2090 2499 myste-

509 2507 680 2561 rium.
713 2507 958 2565 Tametsi
990 2511 1137 2565 enim
1165 2527 1231 2565 ex
1262 2520 1421 2581 parte
1468 2514 1631 2569 modo
1665 2518 2087 2587 cognoscimus,

509 2605 571 2651 ut
587 2596 794 2653 Paulus
822 2600 901 2654 ait
920 2600 989 2666 “,
1014 2602 1227 2672 integer
1258 2610 1442 2658 tamen
1472 2606 1718 2661 veritatis
1741 2607 2004 2676 splendor
2029 2610 2085 2664 in

490 2686 615 2743 'liac
645 2704 814 2759 parva
845 2692 1167 2761 cognitione
1198 2693 1358 2748 nobis
1390 2694 1632 2750 infulsit.
1666 2696 1738 2753 Ut
1767 2713 1899 2769 ergo
1931 2715 2090 2756 nemo

510 2779 618 2834 scit
649 2795 773 2849 quae
819 2790 947 2835 sunt
1000 2781 1273 2850 hominis,
1322 2793 1383 2839 ut
1424 2787 1694 2857 scriptum
1744 2799 1830 2846 est
1861 2791 1928 2858 “,
1979 2794 2089 2850 nisi

509 2872 754 2928 hominis
788 2873 1018 2943 spiritus
1040 2875 1134 2943 qui
1164 2876 1219 2929 in
1248 2876 1371 2946 ipso
1396 2884 1504 2947 est,
1543 2879 1617 2934 ita
1648 2888 1723 2948 et,
1750 2882 1906 2952 juxta
1931 2882 2087 2940 Pauli

509 2977 701 3017 vocem
723 3004 737 3027 ,
766 2979 888 3033 quae
916 2964 1009 3020 Dei
1044 2974 1177 3022 sunt
1205 2983 1367 3024 nemo
1389 2974 1647 3041 cegnovit
1667 3013 1682 3037 ,
1711 2974 1819 3030 nisi
1847 2973 2089 3046 Spiritus

512 3048 606 3104 Dei
641 3051 735 3120 qui
764 3058 848 3107 est
877 3054 931 3106 in
963 3052 1108 3123 ipso.
1143 3055 1280 3111 Cum
1309 3072 1444 3129 ergo
1470 3063 1681 3116 venerit
1705 3103 1720 3127 ,
1749 3064 1960 3135 inquit,
1988 3066 2091 3122 Pa-

510 3142 754 3198 racletus
774 3183 789 3208 ,
847 3143 989 3199 nihil
1018 3159 1050 3199 a
1075 3148 1377 3218 semetipso
1399 3151 1655 3221 loquetur
1680 3173 1691 3208 :
1726 3171 1824 3225 pro
1849 3172 1916 3213 eo
1939 3158 2088 3228 quod

506 3244 618 3299 est,
654 3234 944 3291 instillabit
972 3236 1196 3306 quidem
1221 3239 1404 3307 vobis,
1448 3252 1499 3297 et
1524 3245 1780 3301 veritatis
1824 3250 2090 3303 revelabit

508 3327 850 3398 mysterium.
887 3326 1034 3382 Nihil
1064 3330 1210 3384 enim
1239 3331 1494 3403 loquetur
1522 3350 1753 3405 prorsus
1782 3340 1927 3407 quod
1954 3341 2089 3395 mihi

508 3429 618 3470 non
651 3415 901 3485 placeat,
932 3418 1031 3473 sed
1071 3434 1173 3474 nec
1208 3423 1558 3492 peregrinam
1593 3426 1750 3483 vobis
1776 3426 2087 3485 doctrinam

507 3507 703 3562 tradet.
734 3506 846 3563 Nec
873 3510 1020 3565 enim
1052 3527 1183 3567 suas
1212 3512 1368 3571 vobis
1400 3515 1548 3586 leges
1576 3517 1809 3585 inferet,
1838 3521 1933 3576 sed
1959 3537 2086 3577 cum

506 3600 737 3671 spiritus
776 3608 832 3656 et
862 3617 1036 3669 ,mens
1079 3605 1494 3674 quodammodo
1542 3624 1664 3665 mea
1713 3612 1820 3675 sit,
1860 3614 2088 3669 omnino

504 3704 628 3759 qua:
656 3690 712 3744 in
744 3705 833 3747 me
864 3703 995 3747 sunt
1027 3692 1302 3764 loquetur.
1333 3696 1397 3750 Et
1424 3697 1542 3753 haec
1568 3700 1795 3770 quidem
1828 3702 2088 3759 Servator

504 3780 617 3844 ait,
650 3794 759 3835 non
792 3788 853 3835 ut
886 3782 1130 3838 ministri
1174 3784 1356 3839 locum
1404 3794 1593 3843 tenere
1644 3788 1917 3860 Spiritum
1963 3808 2089 3847 san-

504 3881 654 3929 ctum
704 3879 999 3939 putemus,
1044 3873 1207 3943 juxta
1258 3874 1425 3947 926
1473 3881 1867 3935 nonnullorum
1918 3883 2087 3939 insci-

506 3959 678 4012 tiam:
707 3959 802 4013 sed
848 3961 976 4029 quia
1014 3962 1320 4033 discipulos
1354 3967 1623 4025 certiores
1668 3972 1854 4041 potius
1900 3956 2087 4030 iacere

506 4048 778 4117 voluerit,
812 4051 958 4120 quod
1001 4067 1127 4107 cum
1173 4054 1319 4112 alius
1363 4071 1394 4110 a
1439 4073 1498 4114 se
1547 4076 1658 4115 non
1713 4063 1787 4118 sit
1840 4062 2085 4135 Spiritus

505 4154 681 4204 suus,
743 4143 1347 4202 consubstantialitatis
1406 4165 1601 4221 nempe
1655 4156 1910 4221 ratione,
1970 4158 2085 4215 hate

506 4229 695 4305 utique
730 4231 1004 4301 loquetur,
1047 4244 1106 4289 et
1160 4238 1504 4305 operabitur,
1550 4250 1606 4297 et
1652 4245 1817 4300 volet.
1872 4247 2084 4304 Idcirco

503 4321 649 4376 enim
683 4322 929 4378 addidit:
961 4343 979 4375 ι
1013 4324 1079 4379 Ει
1110 4342 1232 4397 quae
1276 4338 1509 4385 ventura
1559 4344 1687 4389 sunt
1733 4339 2083 4396 annuntiabit

505 4413 700 4479 vobis,
733 4417 1175 4486 ipropemodum
1228 4418 1422 4478 dicens
1470 4440 1483 4477 :
1540 4422 1768 4495 Signum
1818 4429 1922 4485 hoc
1973 4433 2080 4487 erit

502 4505 663 4561 vobis
684 4548 698 4573 ,
731 4508 961 4564 omnino
993 4526 1061 4566 ex
1092 4527 1212 4568 mea
1242 4514 1556 4571 substantia
1605 4515 1869 4589 Spiritum
1920 4538 2075 4590 esse,

2192 689 2284 741 θεν
2332 690 2424 742 καὶ
2466 687 2532 754 ἐξ
2575 688 2807 759 οὐρανοῦ
2858 688 3261 761 πλουτήσαντες
3314 691 3476 767 χάριν
3514 691 3773 763 ήλλαξαν,

2193 776 2333 831 κατά
2370 776 2430 830 τὸ
2458 777 2878 849 γεγραμμένον,
2913 779 3068 850 ίσχὺν
3088 818 3103 844 ,
3141 780 3237 834 καὶ
3266 782 3528 851 ἀμείνους
3552 782 3587 853 ἢ
3641 784 3776 854 πρό-

2192 884 2349 937 τερον
2371 868 2513 920 κατά
2551 866 2652 938 τήν
2684 866 2884 935 γνῶσιν
2909 867 3189 936 γεγόνασι,
3215 868 3336 922 τότε
3365 869 3430 940 δή
3460 870 3603 941 μετά
3635 872 3776 942 παῤ-

2194 957 2391 1029 ρησίας
2420 958 2684 1027 λεγόντων
2723 959 3040 1029 ἠκούσαμεν
3059 974 3074 988 ·
3121 978 3140 1010 ι
3180 959 3375 1030 Ἡμεῖς
3403 960 3462 1013 δὲ
3486 960 3614 1013 νοῦν
3641 962 3776 1031 Χρι-

2194 1048 2323 1104 στοῦ
2367 1051 2585 1121 ἔχομεν.
2619 1069 2639 1103 ι
2697 1051 2810 1122 Οὐχ
2855 1051 3043 1124 ἕτερον
3088 1053 3144 1106 δέ
3194 1070 3247 1106 τι
3298 1052 3627 1124 σημαίνουσι
3677 1054 3770 1107 τοῦ

2194 1142 2446 1213 Σωτῆρος
2471 1142 2562 1197 τὸν
2593 1142 2720 1198 νοῦν
2741 1182 2756 1208 ,
2785 1143 2819 1215 ή
2850 1143 2913 1197 τὸ
2939 1145 3021 1207 είς
3053 1145 3253 1209 αὐτοὺς
3284 1145 3582 1216 ἐρχόμενον
3618 1145 3768 1214 ἅγιον

2192 1234 2446 1305 Πνεῦμα,
2483 1235 2625 1289 κατά
2646 1235 2807 1305 λόγον
2836 1237 3022 1299 αὐτοῖς
3053 1235 3145 1290 τὸν
3178 1237 3461 1306 πρέποντα
3488 1236 3770 1290 διεκκαλύ-

2194 1344 2327 1381 πτον
2373 1326 2591 1381 ἃπαντα
2616 1365 2631 1391 ,
2697 1326 2768 1381 τὰ
2821 1327 3031 1395 ὅσαπερ
3088 1327 3286 1381 είδέναι
3334 1329 3432 1382 καὶ
3479 1328 3772 1398 μανθάνειν

2192 1416 2383 1488 ἐχρῆν.
2431 1417 2600 1472 Ὅταν
2629 1412 2724 1471 οὖν
2747 1417 2874 1490 ἔλθῃ
2915 1420 3145 1482 ἐκεῖνος,
3165 1419 3313 1472 τοῦτ’
3346 1418 3494 1472 ἐστιν
3532 1422 3561 1472 ὁ
3588 1420 3769 1491 Παρὰ·
3870 1414 3875 1416 ⁷

2192 1508 2421 1579 κλητος,
2455 1508 2517 1561 τὸ
2543 1507 2766 1579 Πνεῦμα
2788 1509 2889 1579 τῆς
2917 1508 3208 1580 ἀληθείας,
3235 1510 3497 1580 ὁδηγήσει
3521 1511 3669 1580 ὑμᾶς
3693 1511 3769 1574 εἰς

2191 1598 2290 1670 τὴν
2313 1597 2572 1670 ἀλήθειαν
2593 1602 2796 1654 πᾶσαν.
2823 1598 2997 1652 Βλέπε
3019 1600 3076 1652 δὲ
3097 1598 3174 1663 ὡς
3202 1600 3503 1670 ἐγρήγορεν
3526 1602 3561 1671 ἠ
3587 1601 3736 1670 φωνή
3752 1618 3767 1630 ’

2192 1688 2296 1759 ὅρα
2323 1689 2418 1742 τοῦ
2449 1688 2609 1758 λόγου
2637 1688 2737 1760 τήν
2765 1690 2949 1760 νῆψιν.
2981 1687 3338 1761 Προειρηκὼς
3358 1689 3471 1760 γὰρ
3498 1690 3653 1760 ἥξειν
3683 1690 3767 1765 ἐπ’

2194 1776 2391 1839 αὐτοὺς
2438 1776 2529 1830 τὸν
2558 1777 2954 1847 Παράκλητον,
3002 1778 3065 1830 τὸ
3102 1776 3330 1848 Πνεῦμα
3370 1778 3472 1847 τῆς
3513 1778 3769 1849 ἀληθείας

2195 1865 2481 1937 ὠνόμασεν
2515 1865 2710 1932 αὐτὸν,
2762 1866 2908 1921 τοῦτ’
2956 1866 3104 1921 ἐστιν
3161 1866 3357 1921 ἑαυτοῦ
3383 1886 3397 1899 ·
3439 1866 3609 1931 αὐτὸς
3665 1868 3773 1939 γάρ

2122 1949 2165 2009 Β
2192 1959 2339 2012 ἐστιν
2382 1960 2415 2028 ή
2459 1958 2709 2028 ἀλήθεια.
2743 1958 2862 2013 ’Ίνα
2910 1958 3022 2029 γὰρ
3050 1959 3243 2012 είδεῖεν
3284 1960 3337 2013 οί
3368 1959 3650 2030 μαθηταὶ,
3697 1959 3773 2023 ὡς

2118 3286 2160 3345 C

2187 2048 2288 2104 οὐκ
2314 2048 2602 2121 ἀλλοτρίας
2634 2052 2729 2103 καὶ
2761 2048 2922 2120 ξένης
2954 2049 3138 2114 αὐτοῖς
3165 2049 3455 2120 δυνάμεως
3481 2051 3771 2121 ἐπιφοίτη-

2190 2157 2309 2205 σιν,
2351 2140 2467 2194 ἀλλ’
2517 2141 2709 2195 ἐαυτὸν
2759 2141 2966 2212 ἑτέρως
3011 2140 3300 2194 ἐπιδώσειν
3345 2141 3771 2210 ἐπαγγέλλεται,

2190 2230 2415 2302 Πνεῦμα
2441 2232 2543 2301 τῆς
2567 2231 2849 2302 ἀληθείας,
2874 2230 3019 2285 τοῦτ’
3052 2231 3202 2286 ἔστιν
3224 2232 3445 2299 ἐαυτοῦ,
3469 2232 3564 2286 τὸν
3593 2234 3774 2305 [lapa-

2188 2324 2385 2395 κλητον
2410 2324 2696 2379 ἀποκαλεῖ.
2748 2325 2824 2378 Οὐ
2856 2324 2966 2393 γὰρ
2994 2323 3274 2396 ἀλλότριον
3323 2324 3422 2395 τῆς
3458 2325 3652 2388 οὐσίας
3680 2325 3775 2379 τοῦ

2186 2415 2525 2484 Μονογενοῦς
2554 2414 2616 2468 τὸ
2640 2416 2794 2485 ἆγιον
2827 2417 3031 2470 νοεῖται
3064 2414 3312 2487 Πνεῦμα,
3347 2416 3563 2485 πρόεισι
3586 2416 3645 2469 δὲ
3676 2433 3775 2485 φυ-

2190 2506 2357 2571 σικῶς
2386 2507 2446 2574 ἐξ
2477 2507 2648 2577 αὐτῆς
2669 2549 2684 2574 ,
2714 2506 2867 2561 οὐδὲν
2895 2507 3089 2578 ἕτερον
3127 2508 3260 2579 παρ’
3288 2506 3455 2561 αὐτὸν
3502 2507 3770 2578 ὑπάρχον,

2188 2598 2312 2653 ὅσον
2339 2600 2419 2663 είς
2446 2599 2752 2668 ταυτότητα
2779 2597 2997 2667 φύσεως
3016 2638 3031 2662 ,
3062 2599 3113 2651 εί
3147 2598 3242 2653 καὶ
3264 2600 3440 2652 νοοῖτο
3470 2598 3635 2668 τυχὸν
3659 2599 3775 2652 ἰδιο-

2191 2690 2492 2752 συστάτως.
2541 2689 2614 2742 Τὸ
2638 2689 2853 2753 τοίνυν,
2899 2689 3069 2761 φησὶ,
3103 2689 3201 2761 τῆς
3236 2687 3770 2759 ἀληθείαςἩνεῦμα,

2192 2784 2329 2855 πρὸς
2354 2783 2483 2854 ὃλην
2506 2784 2638 2854 ἡμῖν
2673 2781 3049 2852 καθηγήσεται
3074 2780 3176 2849 τῆς
3203 2779 3465 2850 ἀληθείας
3493 2779 3597 2851 τήν
3629 2780 3773 2848 γνῶο

2192 2888 2297 2925 σιν.
2355 2871 2442 2935 Ὧς
2484 2872 2591 2943 γὰρ
2632 2871 2771 2933 είδὸς
2816 2868 3060 2941 ἀκριόὢς
3101 2870 3203 2940 τὴν
3241 2867 3543 2934 ἀλήθειαν,
3588 2865 3658 2942 ἧς
3683 2869 3776 2922 καὶ

2190 2964 2416 3035 Πνεῦμά
2438 2965 2609 3029 ἐστιν,
2640 2963 2740 3016 οὐκ
2766 2964 2831 3016 ἐκ
2868 2963 3069 3034 μέρους
3090 2961 3263 3033 αὐτὴν
3288 2962 3635 3031 ἀποκαλύψει
3662 2965 3775 3026 τοῖς

2192 3057 2506 3129 σεϐομένοις
2542 3056 2704 3110 αὐτὸν
2725 3097 2741 3122 ,
2769 3054 2986 3127 ἐνθήσει
3026 3054 3085 3107 δέ
3117 3055 3320 3126 μᾶλλον
3368 3054 3684 3126 ὁλοκλήρως
3714 3053 3775 3106 τὸ

2191 3152 2320 3222 περὶ
2352 3134 2522 3221 αὐτῆς
2557 3149 2875 3221 μυστήριον.
2922 3149 2986 3201 Εί
3035 3146 3146 3220 γάρ
3176 3147 3274 3201 καὶ
3320 3145 3417 3201 νῦν
3466 3147 3533 3199 ἐκ
3577 3145 3775 3217 μέρους

2192 3243 2552 3313 γινώσκομεν,
2581 3241 2656 3305 ὡς
2688 3243 2716 3295 ὁ
2747 3239 2960 3304 Παῦλός
2996 3256 3161 3309 φησιν
3180 3282 3194 3306 ,
3226 3238 3342 3293 ἀλλ’
3380 3237 3457 3301 ὡς
3486 3239 3545 3291 ἐν
3574 3236 3774 3305 γνώσει

2195 3335 2368 3407 μικρᾷ
2399 3334 2536 3387 σῶόν
2578 3350 2640 3387 τε
2674 3334 2769 3386 καὶ
2797 3335 2980 3395 ἀσινὲς
3009 3332 3137 3403 ήμῖν
3175 3331 3239 3385 τὸ
3270 3330 3372 3400 τῆς
3400 3329 3665 3400 ἀληθείας
3691 3329 3776 3382 ἐν·

2191 3428 2435 3502 ήστραψε
2466 3428 2681 3492 κάλλος.
2726 3427 2936 3497 Ὠσπερ
2973 3420 3068 3478 οὖν
3098 3424 3273 3488 οὐδεὶς
3304 3419 3413 3477 οἶδε
3455 3421 3526 3475 τὰ
3554 3420 3651 3475 τοῦ
3683 3421 3774 3473 ἀν-

2190 3519 2443 3593 θρώπου,
2480 3518 2621 3572 κατά
2667 3518 2728 3572 τὸ
2760 3516 3179 3587 γεγραμμένον,
3230 3516 3279 3567 εί
3327 3513 3403 3585 μή
3450 3513 3513 3566 τὸ
3552 3510 3772 3581 πνεῦμα

2187 3613 2283 3667 τοῦ
2315 3611 2604 3683 ἀνθρώπου
2642 3610 2704 3663 τὸ
2735 3612 2793 3662 ἐν
2822 3608 2973 3680 αὑτῷ
2992 3624 3006 3637 °
3052 3606 3197 3661 κατά
3243 3606 3335 3659 τὸν
3357 3604 3556 3670 αὐτὸν,
3595 3599 3770 3675 οἶμαι,

2186 3706 2388 3777 τρόπον
2410 3744 2425 3769 ,
2458 3702 2660 3775 μᾶλλον
2691 3702 2750 3755 δέ
2778 3699 2919 3755 κατά
2942 3699 3041 3770 τὴν
3065 3698 3159 3753 τοῦ
3184 3697 3399 3751 Παύλου
3429 3696 3617 3766 φωνὴν
3634 3736 3650 3759 ,
3684 3696 3771 3749 06-

2186 3797 2297 3860 δεὶς
2322 3791 2431 3849 οἶδε
2460 3795 2531 3848 τά
2554 3792 2649 3847 τοῦ
2675 3791 2810 3846 Θεοῦ
2831 3832 2847 3857 ,
2900 3794 2950 3846 εί
2983 3790 3058 3864 μὴ
3077 3791 3140 3845 τὸ
3165 3790 3394 3861 Πνεῦμα
3416 3787 3511 3842 τοῦ
3539 3786 3687 3841 Θεοῦ
3713 3786 3772 3839 τὸ

2186 3887 2244 3938 ἐν
2270 3883 2439 3955 αὐτῷ.
2471 3884 2640 3937 Ὅταν
2662 3876 2755 3935 οῦν
2784 3880 2935 3953 ἔλθῃ,
2968 3882 3157 3951 φησὶν,
3182 3880 3245 3933 οὐ
3264 3878 3491 3948 λαλήσει
3521 3877 3621 3947 ἀφ’
3643 3877 3769 3930 ἐαυ-

2184 3978 2278 4032 τοῦ
2306 3977 2457 4032 οὐδὲν
2476 4016 2490 4040 ,
2520 3977 2640 4030 ἀντὶ
2665 3973 2762 4029 τοῦ
2783 4014 2797 4038 ,
2829 3976 3064 4027 συνετιεῖ
3094 3974 3193 4044 μὲν
3223 3972 3398 4042 ὑμᾶς,
3429 3970 3528 4023 καὶ
3552 3968 3619 4022 τὸ
3642 3967 3769 4036 περὶ

2182 4070 2283 4141 τῆς
2303 4068 2558 4138 ἀληθείας
2585 4063 2926 4134 ἀποκαλύψει
2950 4063 3252 4134 μυστήριον
3276 4077 3288 4089 ·
3311 4060 3540 4129 λαλήσει
3575 4075 3641 4126 γε
3666 4055 3766 4127 μὴν

2185 4158 2463 4222 παντελῶς
2489 4156 2640 4211 οὐδὲν
2662 4155 2772 4209 τῶν
2801 4154 3117 4226 ἀπᾳδόντων
3146 4152 3292 4224 ἐμοὶ,
3326 4150 3446 4205 ἀλλ’
3465 4150 3591 4204 οὐδὲ
3620 4148 3765 4216 ξένον

2184 4250 2313 4320 ὑμῖν
2364 4249 2721 4319 είσηγήσεται
2788 4246 3035 4318 μάθημα.
3096 4245 3172 4299 Οὐ
3230 4242 3342 4315 γὰρ
3390 4242 3558 4306 ίδίους
3607 4239 3766 4309 τυχὸν

2184 4341 2405 4395 εἰσοίσει
2432 4340 2630 4411 νόμους
2648 4380 2663 4405 ,
2718 4338 2907 4409 ἐπειδὴ
2941 4338 2997 4391 δὲ
3029 4334 3253 4406 Πνεῦμα
3275 4376 3290 4402 ,
3331 4334 3427 4388 καὶ
3449 4333 3619 4386 οἱονεὶ
3645 4329 3763 4394 νοῦς

2181 4436 2330 4488 ἐστιν
2362 4434 2514 4504 ἐμὸς,
2536 4433 2761 4505 λαλήσει
2786 4431 2851 4503 δή
2869 4431 3089 4494 πάντως
3118 4431 3188 4483 τά
3212 4431 3269 4482 ἐν
3297 4426 3443 4497 ἐμοί.
3475 4425 3589 4478 Καὶ
3613 4422 3764 4477 τοῦτό

2182 4544 2346 4598 φησιν
2366 4528 2395 4579 ό
2415 4525 2626 4597 Σωτὴρ,
2643 4525 2742 4595 οὐχ
2759 4524 2846 4577 ῐνα
2866 4522 3077 4593 νοῶμεν
3101 4516 3441 4591 ὑπουργικδν
3465 4515 3527 4569 τὸ
3543 4513 3762 4582 Πνεῦμα

500 4604 556 4651 et
587 4613 759 4653 meam
792 4601 961 4657 veluti
994 4612 1232 4661 mentem
1277 4622 1433 4674 esse,
1479 4610 1627 4681 quod
1663 4623 1889 4668 ventura
1930 4631 2073 4686 pra:-

2187 4618 2242 4671 τὸ
2270 4619 2461 4685 ἆγιον,
2502 4614 2648 4669 κατὰ
2682 4617 2783 4685 τήν
2824 4630 2987 4667 τινων
3037 4609 3306 4683 ἀμαθίαν·
3351 4605 3762 4678 πληροφορῆσαι

501 4689 785 4749 dieaturus
814 4695 924 4762 sit,
958 4711 1070 4753 non
1118 4714 1280 4756 secus
1324 4715 1392 4756 ac
1442 4716 1567 4773 ego.
1619 4705 1852 4762 Praedixi
1894 4710 2077 4776 enim,

2176 4708 2232 4762 δὲ
2278 4707 2476 4780 μᾶλλον
2524 4706 2789 4777 ἐθελήσας
2833 4706 2960 4767 τοὺς
3007 4702 3288 4772 μαθητὰς,
3340 4700 3416 4763 ὡς
3447 4699 3549 4769 οὐχ
3578 4697 3765 4765 ἕτερον

501 4781 631 4836 licet
668 4784 855 4838 omnia
902 4785 1122 4845 discere
1168 4805 1277 4845 non
1325 4792 1575 4862 possitis.
1623 4794 1734 4852 Nec
1780 4800 1964 4866 enim,
2019 4810 2080 4857 ut

2187 4799 2237 4853 ὃν
2264 4800 2395 4872 παρ’
2433 4798 2599 4853 αὑτὸν
2621 4798 2681 4852 τὸ
2713 4798 2934 4869 Πνεῦμα
2961 4795 3149 4859 αὑτοῦ,
3173 4793 3317 4849 κατὰ
3340 4808 3405 4860 τε
3434 4791 3529 4844 τὸν
3553 4791 3612 4843 ἐν
3639 4790 3764 4856 ὀμο-

497 4886 635 4941 ego,
670 4882 901 4930 ventura
937 4880 1291 4948 przedixerit,
1326 4883 1432 4941 nisi
1466 4886 1601 4940 etin
1630 4904 1717 4944 me
1755 4890 1864 4957 sit,
1896 4899 1953 4946 ct
1981 4908 2079 4964 per

2187 4892 2449 4963 ουσιότητι
2495 4891 2691 4959 λόγον,
2745 4888 2922 4943 ταῦτα
2979 4887 3043 4958 δὴ
3088 4886 3308 4949 πάντως
3359 4882 3615 4951 λαλήσει,
3670 4874 3762 4930 καὶ

500 4976 586 5015 me
615 4965 912 5032 procedat,
938 4975 994 5022 et
1022 4968 1267 5038 ejusdem
1299 4972 1372 5027 sit
1401 4987 1614 5029 mecum
1643 4979 1993 5038 substantiae.

2173 4984 2492 5055 ἐνεργήσει,
2523 4982 2618 5034 καὶ
2659 4979 2999 5050 βουλήσεται.
3024 4976 3124 5031 Διά
3153 4975 3261 5046 γάρ
3291 4991 3375 5027 τοι
3400 4971 3563 5025 τοῦτο
3593 4981 3760 5038 προσ-

498 5050 773 5116 τέθεικεν,
807 5054 889 5108 ὃτι
928 5073 947 5107 ι
989 5058 1098 5110 Kal.
1133 5057 1203 5111 τὰ
1235 5059 1508 5130 ἐρχόμενα
1536 5063 1829 5133 ἀναγγελεῖ
1853 5069 2007 5139 ὑμῖν,
2040 5091 2059 5125 ι
2107 5050 2394 5145 μονονουχὶ
2421 5072 2600 5139 λέγων
2620 5086 2633 5101 ο
2686 5068 2915 5138 Σημεῖόν
2945 5067 3103 5119 τοῦτο
3134 5065 3288 5118 ἐσται
3313 5063 3445 5132 ὑμῖν
3467 5099 3483 5125 ,
3553 5060 3636 5112 ὅτι
3697 5054 3758 5123 δὴ

499 5143 715 5209 πάντως
758 5148 822 5199 ἐκ
860 5151 963 5219 τῆς
1000 5151 1138 5220 ἐμῆς
1176 5150 1364 5215 οὐσίας
1408 5153 1470 5205 τὸ
1514 5156 1736 5226 Πνεῦμά
1772 5161 1918 5223 ἐστι,
1962 5165 2055 5217 καὶ
2092 5143 2205 5219 οἷον
2238 5164 2369 5235 ἐμός
2390 5164 2507 5215 ἐστι
2545 5160 2690 5223 νοῦς,
2721 5161 2782 5212 τὸ
2808 5161 2955 5229 ἐρεῖν
2987 5157 3147 5211 αὑτὸν
3194 5156 3264 5209 τά
3308 5154 3566 5223 ἐσόμενα,
3590 5147 3756 5203 καθά-

496 5250 600 5306 περ
631 5239 761 5300 ἐγώ.
789 5242 1100 5315 Προείρηκα
1130 5242 1271 5316 γὰρ,
1320 5248 1368 5299 εί
1395 5247 1489 5301 καὶ
1523 5248 1597 5319 μὴ
1629 5249 1856 5321 δύνησθε
1883 5254 2059 5309 πάντα
2100 5256 2313 5327 μαθεῖν.
2380 5255 2494 5307 Οὐκ
2542 5253 2608 5307 ἂν
2649 5249 2743 5305 οῦν
2773 5252 2903 5322 ἄρα,
2950 5248 3203 5320 καθάπερ
3245 5247 3379 5316 ἐγὼ,
3429 5244 3655 5316 προερεῖ
3686 5237 3752 5290 τὰ

494 5328 727 5397 ἐσόμενα
745 5371 760 5395 ,
816 5334 890 5403 μὴ
923 5336 1044 5407 οὐχὶ
1074 5337 1292 5401 πάντως
1320 5338 1378 5393 ἐν
1408 5340 1531 5410 ἐμοί
1555 5358 1613 5393 τε
1642 5343 1884 5415 ὑπάρχον
1903 5386 1916 5409 ,
1970 5347 2064 5400 καὶ
2097 5347 2165 5402 δι’
2190 5345 2324 5417 ἐμοῦ
2366 5345 2577 5416 προϊὸν,
2609 5344 2700 5397 καὶ
2719 5342 2817 5413 τῆς
2849 5343 3019 5413 αὐτῆς
3044 5340 3234 5404 οὐσίας
3257 5337 3504 5410 ὑπάρχον
3532 5334 3676 5407 ἐμοί.

572 5496 807 5554 “lCor.
836 5518 898 5571 ιι,
928 5506 1019 5561 lli.
1092 5508 1319 5563 "Joan.
1361 5525 1471 5574 xiv,
1506 5511 1559 5565 (i.
1640 5511 1874 5569 “lCor.
1915 5531 2034 5580 xm,
2068 5517 2086 5571 ε

2216 5516 2261 5547 ⁸⁸
2292 5514 2307 5568 l
2340 5516 2467 5571 Cor.
2510 5530 2570 5583 ιι,
2608 5514 2692 5571 Η.
