4024 6262
552 446 656 506 M7

1553 456 1612 511 S.
1653 456 1926 513 CYRILLI
1960 457 2432 515 ALEXANDRINI
2472 459 2794 519 ARCHIEP.

3697 465 3791 521 ιιι

589 625 878 637 -η--ι--κ

956 628 1303 639 m

1326 631 1405 639 -ο-ο
1422 632 1649 639 -υυ-υ--,.---.

1946 634 1959 640 υ
1988 634 2032 639 an
2048 633 2769 646 “—-—A-H—_.-‘“w

2772 618 3773 650 ω

1125 721 1298 852 Et:
1370 768 1518 852 T0
1592 769 1891 853 KATA
1962 768 2468 858 IoANNHN
2541 775 3242 866 EYAFFEAION

1316 954 1952 1074 BIBAION
2067 961 3046 1081 ENAEKATON-
3232 968 3237 973 ’

746 1330 871 1417 1N
952 1326 1468 1423 JOANNIS
1541 1336 2323 1432 EVANGELIUM
2372 1344 2725 1435 LIBER
2778 1349 3526 1445 UNDECIMUS.

1114 1672 1283 1745 923
1334 1673 1488 1733 car.
1520 1676 1560 1731 l.

2832 1688 3084 1742 ΚΕΦΔΛ.
3138 1688 3218 1742 A'.

549 1758 704 1825 Quod
739 1761 1061 1850 uaturaliler
1088 1773 1136 1845 et
1169 1782 1234 1819 ea:
1265 1765 1367 1820 Deo
1389 1811 1403 1833 ,
1433 1779 1481 1849 et
1521 1771 1574 1823 in
1601 1768 1750 1850 ‘Filio
1780 1773 1846 1850 sit
1867 1771 2109 1850 _Sp_iritut

2225 1773 2750 1850 ’Ὁτι-εαυσικῶςιῖίιιΔ
2765 1776 2911 1850 Θεοῦ
2939 1794 3001 1850 τε
3025 1776 3123 1850 καί
3149 1780 3219 1850 εν
3240 1777 3318 1850 τῷ
3343 1778 3455 1844 Υιῷ
3477 1778 3546 1833 τὸ
3564 1783 3793 1850 Πνευμιι
3808 1813 3820 1823 -

617 1840 869 1898 sanctus,
910 1843 959 1886 et
989 1850 1079 1901 per
1108 1836 1282 1904 ipsum
1312 1879 1325 1898 ,
1357 1848 1407 1891 et
1442 1840 1495 1891 in
1526 1840 1827 1895 substantia
1860 1836 2048 1911 ipsius.

618 1918 772 1987 XVI,
808 1922 897 1976 N.
941 1923 1043 1979 Ille
1077 1941 1155 1979 me
1183 1926 1539 1995 clnrificabit,
1579 1933 1704 2001 quia
1733 1933 1796 1987 de
1829 1951 1944 1989 mea
1975 1938 2114 1990 acci-

546 2007 689 2076 piet,
729 2019 779 2064 et
817 2015 1156 2067 annuntiabit
1190 2016 1353 2069 vobis.

619 2121 788 2187 Quasi
832 2124 1015 2193 dignis
1056 2128 1368 2183 revelaturo
1413 2139 1607 2185 sancto
1659 2132 1866 2202 Spiritu
1915 2132 2121 2190 Christi

546 2211 904 2281 mysterium,
946 2222 1000 2268 et
1040 2226 1296 2271 accurate
1328 2218 1676 2275 declaraturo
1719 2222 1973 2292 quisnam
2022 2240 2120 2278 na-

547 2308 664 2355 tura
688 2342 702 2368 ,
734 2312 1063 2375 quantaeque
1093 2307 1166 2362 sit
1204 2310 1424 2365 virtutis
1473 2327 1537 2365 ac
1566 2314 1841 2382 potentiae,
1889 2322 1944 2369 et
1973 2314 2119 2385 quod

543 2391 598 2444 in
622 2408 813 2449 omnes
839 2412 945 2450 una
970 2412 1092 2451 cum
1121 2398 1282 2453 Patre
1310 2411 1527 2471 regnet,
1559 2407 1871 2459 necessario
1894 2406 2122 2475 subjun-

544 2484 652 2553 git:
696 2504 714 2535 ι
752 2485 847 2541 llle
879 2503 966 2542 me
994 2490 1343 2545 clariﬁcabit.
1385 2511 1404 2544 ι
1446 2492 1700 2548 Nostram
1733 2497 1939 2567 quippe
1972 2513 2121 2552 men-

543 2583 652 2627 tem
683 2588 851 2643 supra
886 2573 1201 2632 Iudaeorum
1235 2582 1599 2650 cogitationes
1636 2586 1850 2651 evehit,
1885 2600 1984 2640 nec
2011 2597 2118 2640 tam

542 2664 756 2734 abjecte
776 2666 842 2721 de
864 2681 928 2721 eo
959 2672 1166 2725 sentire
1191 2686 1289 2726 nos
1311 2673 1477 2734 sinit,
1509 2681 1568 2727 ut
1597 2674 1873 2730 hominem
1911 2677 2116 2730 nudum

542 2768 606 2808 ac
641 2755 944 2824 simplicem
989 2774 1112 2812 eum
1159 2775 1282 2816 esse
1332 2771 1622 2831 putemus,
1674 2773 1768 2818 aut
1804 2754 1964 2834 paulo
1991 2781 2118 2836 pro-

541 2846 722 2916 phetis
760 2849 1064 2918 majorem,
1103 2852 1306 2907 nedum
1353 2854 1572 2909 illorum
1609 2858 1785 2929 gloria
1826 2858 2118 2914 minorem.

541 2935 692 2991 Talia
724 2939 928 3009 quippe
968 2941 1034 2996 de
1074 2958 1140 2998 co
1172 2946 1415 3000 sensisse
1442 2949 1868 3017 comperiemus.
1906 2949 2119 3006 ,1υάωο-

540 3045 663 3084 rum
694 3030 950 3089 doctores
988 3048 1052 3088 ac
1100 3035 1305 3104 duces,
1355 3039 1449 3108 qui
1482 3054 1607 3093 cum
1642 3042 1863 3109 pietatis
1897 3043 2118 3114 ignora-

539 3128 662 3174 rent
700 3122 1054 3192 mysterium,
1089 3102 1300 3182 crebris
1333 3102 1952 3187 maledictis-Christum
1989 3150 2115 3203 pro-
2147 3102 2189 3156 Β

537 3212 937 3281 sequebantur,
968 3231 1243 3286 suumque
1274 3217 1516 3276 furorem
1554 3221 1676 3292 ejus
1705 3222 1873 3294 929
1901 3240 2114 3280 sermo-

537 3304 702 3360 nibus
725 3317 1084 3375 opponentes,
1107 3310 1267 3363 tnodo
1291 3311 1512 3380 quidem
1538 3315 1755 3368 aiebant
1787 3333 1799 3368 :
1839 3334 1856 3367 ι
1886 3317 1966 3369 ’1ἰι
1992 3316 2115 3387 quis

535 3397 638 3451 es?
680 3397 953 3453 Abraham
1008 3409 1264 3457 mortuus
1313 3410 1434 3469 est,
1483 3411 1538 3458 et
1585 3405 1868 3476 prophetae
1913 3409 2112 3462 mortui

537 3484 709 3555 sunt,
745 3499 800 3546 et
833 3498 890 3547 tu
922 3493 1083 3557 dicis,
1119 3494 1173 3549 Si
1209 3496 1336 3565 quis
1373 3512 1683 3553 sermonem
1712 3514 1892 3554 meum
1927 3515 2113 3554 serva-

533 3582 692 3645 verit,
727 3600 838 3638 non
875 3587 1116 3655 gustabit
1151 3596 1383 3643 mortem
1418 3589 1472 3641 in
1510 3599 1799 3644 :eternum.
1830 3590 2002 3656 Quem
2029 3599 2113 3645 te-

533 3670 712 3742 ipsum
746 3673 882 3732 facis
909 3675 999 3729 “‘P
1034 3696 1052 3728 ι
1087 3682 1252 3733 modo
1284 3694 1414 3734 vero
1454 3680 1673 3749 generis
1714 3680 2111 3752 ignobilitatem

531 3778 598 3818 ac
651 3766 910 3821 vilitatem
964 3767 1012 3822 ei
1066 3769 1472 3838 exprobrantes
1522 3788 1535 3823 :
1600 3790 1617 3821 ι
1652 3768 1845 3825 Nonne
1888 3773 1978 3825 hic
2030 3779 2113 3827 est

532 3855 677 3911 ﬁlius
704 3855 933 3927 Joscph,
982 3859 1140 3928 cujus
1187 3876 1286 3915 nos
1329 3861 1584 3916 novimus
1636 3871 1847 3931 patrem
1898 3869 1954 3917 et
2000 3878 2113 3917 ma-

532 3947 716 4001 trem?
748 3948 1033 4013 Quomodo
1067 3965 1197 4018 ergo
1227 3951 1361 4007 dicit
1394 3969 1406 4004 :
1448 3954 1576 4021 quia
1606 3953 1672 4007 de
1700 3954 1842 4009 coelo
1882 3954 2113 4009 descen-

531 4040 586 4092 di
617 4038 702 4091 “?
737 4058 755 4090 ι
807 4038 971 4095 Vides
1021 4043 1110 4095 hic
1163 4043 1396 4097 miseras
1441 4054 1495 4098 et
1535 4045 1757 4115 putidas
1793 4044 2108 4101 Judteorum

530 4128 1001 4186 ratiocinationes.
1050 4131 1186 4185 Cum
1221 4148 1354 4201 ergo
1387 4149 1453 4187 eo
1493 4136 1679 4189 animo
1710 4137 1865 4190 multi
1896 4145 2107 4201 essent,

530 4223 1022 4292 existimarentque
1054 4240 1247 4278 revera
1278 4225 1445 4280 Deum
1480 4243 1590 4280 non
1626 4243 1751 4283 esse
1778 4227 2068 4284 Dominum
2091 4273 2106 4298 ,

532 4320 754 4382 propter
787 4313 1048 4367 caducam
1092 4313 1234 4368 hanc
1273 4315 1525 4385 corporis
1569 4315 1796 4386 ﬁguram
1822 4357 1835 4378 ,
1877 4327 1932 4373 et
1960 4319 2108 4389 abjc-

2257 1845 2323 1898 re
2352 1844 2542 1914 ἅγιον,
2567 1844 2661 1898 καί
2677 1844 2751 1896 δι’
2780 1846 2987 1910 αὑτοῦ,
3017 1845 3115 1900 καί
3137 1847 3208 1900 ἐν
3242 1847 3516 1917 τῇοίισίᾳ
3544 1844 3748 1904 αὑτοῦ.

2304 1933 2562 1999 Ἐκεῖνος
2584 1932 2688 2001 ἐμὲ
2711 1932 2978 2003 δοξάσει,
3009 1934 3096 1990 ὅτι
3125 1937 3193 1991 ἐκ
3213 1938 3319 1992 τοῦ
3342 1938 3489 2008 ἐμοῦ
3520 1940 3792 2009 λήψεται,

2223 2025 2319 2079 καὶ
2346 2023 2675 2095 ἀναγγελεῖ
2705 2025 2870 2094 ὑμῖν.

2302 2138 2390 2200 Ὧς
2429 2138 2839 2192 ἀποκαλύπτειν
2894 2138 3182 2209 μέλλοντος
3232 2143 3343 2204 τοῖς
3386 2142 3585 2195 τούτου
3622 2147 3795 2214 τυχεῖν

2220 2229 2391 2296 ἀξίοις
2422 2229 2516 2283 τοῦ
2552 2231 2709 2298 ἁγίου
2752 2229 3068 2299 Πνεύματος
3093 2230 3153 2283 τὺ
3199 2232 3294 2284 ἐπὶ
3332 2232 3557 2305 Χριστῷ
3593 2237 3794 2306 μυστή-

2224 2338 2358 2393 ριον,
2388 2323 2481 2376 καὶ
2518 2322 2936 2392 παραδεικνύειν
2978 2308 3222 2394 ἀκριϐῶς
3254 2323 3335 2387 τίς
3384 2325 3484 2394 μέν
3515 2327 3637 2378 ἐστι
3666 2328 3795 2380 κατᾶ

2222 2414 2403 2482 φύσιν,
2433 2414 2574 2482 πόση
2598 2415 2652 2467 δὲ
2674 2414 2823 2484 αὐτῷ
2854 2414 3085 2485 δύναμίς
3114 2432 3173 2467 τε
3210 2415 3305 2469 καὶ
3340 2413 3577 2481 ἐξουσία,
3608 2419 3705 2471 καὶ
3723 2420 3795 2473 ὅτι

2224 2505 2437 2559 πάντων
2490 2505 2764 2576 βασιλεύει
2815 2507 2953 2577 μετὰ
3000 2505 3237 2578 Πατρὸς,
3275 2508 3595 2577 ἀναγκαίως
3642 2515 3796 2582 φησὶν

2219 2595 2300 2648 ὅτι
2360 2615 2378 2646 ι
2428 2595 2665 2659 Ἐκεῖνος
2720 2597 2821 2667 ἐμὲ
2864 2596 3099 2662 δοξάσει.
3150 2617 3170 2650 ι
3216 2597 3503 2670 Ἀνιρτέρω
3553 2600 3657 2669 μὲν
3698 2603 3795 2673 γὰρ

2221 2686 2403 2758 ἵστησι
2429 2689 2794 2757 φρονημάτων
2832 2688 3137 2742 Ἰουδαϊκῶν
3181 2691 3273 2744 τὸν
3329 2691 3608 2761 ἡμέτερον
3657 2695 3795 2759 νοῦν,

2224 2777 2427 2849 μικρὰν
2447 2777 2503 2830 δὲ
2533 2776 2677 2831 οὕτω
2712 2780 2807 2832 καὶ
2852 2780 3204 2853 χαμαιρῤιφῆ
3239 2781 3337 2854 τὴν
3370 2783 3630 2855 διάληψιν
3660 2787 3797 2858 ἔχειν

2220 2869 2368 2939 ἡμᾶς
2391 2869 2491 2923 οὐκ
2534 2870 2772 2941 ἐφίησιν,
2810 2872 2887 2934 ὡς
2925 2870 3212 2942 ἄνθρωπον
3246 2874 3456 2929 οἴεσθαι
3506 2876 3668 2945 ψιλὸν
3698 2878 3798 2931 ὐπ-

2220 2960 2409 3032 άρχειν
2454 2961 2637 3028 αὐτὸν,
2671 2962 2703 3033 ἢ
2735 2962 2914 3032 ὀλίγον
2965 2964 3163 3035 κομιδῆ
3222 2965 3286 3018 τὸ
3340 2965 3454 3021 τῶν
3506 2969 3798 3039 προφητῶν

2220 3051 2551 3123 ὑπερθέοντα
2611 3052 2841 3125 μέτρον,
2885 3054 2918 3125 ἢ
2964 3056 3059 3108 καὶ
3109 3058 3209 3127 τῆς
3256 3057 3484 3111 ἐκείνων
3550 3059 3798 3124 εὐκλείας

2219 3141 2718 3213 μειονεκτούμενον.
2751 3143 2986 3199 Τοιαῦτα
3009 3145 3116 3214 γὰρ
3137 3145 3224 3197 ἐπ’
3258 3146 3408 3218 αὐτῷ
3448 3150 3796 3219 πεφρονηκό-

2213 3251 2312 3296 τας
2341 3234 2649 3305 εὑρήσομεν
2663 3237 2789 3298 τοὺς
2814 3235 2924 3289 τῶν
2951 3236 3225 3291 Ἰουδαίων
3244 3238 3589 3310 καθηγητὰς,
3630 3240 3681 3293 οἳ
3702 3240 3796 3310 τῆς

2213 3323 2497 3387 εὐσεϐείας
2516 3326 2616 3378 οὐκ
2644 3325 2843 3388 εἰδότες
2860 3326 2921 3379 τὸ
2944 3327 3267 3399 μυστήριον,
3300 3329 3498 3400 συχνὰς
3522 3330 3796 3384 ἐποιοῦντο

2211 3413 2310 3477 τὰς
2339 3415 2480 3468 κατὰ
2509 3415 2605 3468 τοῦ
2635 3415 2871 3488 Χριστοῦ
2895 3416 3232 3488 δυσφημίας,
3274 3421 3369 3476 καὶ
3396 3423 3509 3484 soi;
3537 3422 3671 3490 παρ’
3700 3423 3795 3475 αὺ-

2212 3507 2306 3560 τοῦ
2346 3507 2663 3578 λεγομένοις
2708 3510 2807 3580 τὴν
2867 3510 3004 3564 ἰδίαν
3057 3511 3318 3565 ἀπόνοιαν
3371 3513 3792 3583 ἀντεξάγοντες,

2212 3600 2346 3652 ποτὲ
2372 3600 2469 3670 μὲν
2504 3599 2778 3670 ἔφασκον·
2813 3620 2832 3653 ι
2870 3602 2941 3654 Σὺ
2984 3602 3068 3666 τίς
3098 3598 3184 3667 si;
3231 3604 3484 3675 Ἀϐραὰμ
3535 3606 3791 3669 ἀπέθανε,

2212 3691 2305 3744 καὶ
2334 3692 2385 3746 οί
2440 3693 2715 3764 προφῆται
2771 3693 3065 3759 ἀπέθανον,
3101 3696 3196 3748 καὶ
3226 3695 3291 3750 σὺ
3308 3694 3515 3764 λέγεις,
3556 3695 3687 3749 Ἐάν
3715 3713 3794 3759 τις

2210 3783 2301 3834 τὸν
2326 3781 2457 3852 ἐμὸν
2483 3782 2641 3851 λόγον
2670 3784 2911 3857 τηρήσῃ,
2948 3784 3181 3839 Θάνατον
3233 3788 3297 3839 οὐ
3360 3786 3436 3858 μὴ
3468 3787 3554 3859 ἴδῃ
3586 3791 3670 3852 είς
3707 3789 3793 3841 τὸν

2210 3872 2400 3927 αἰῶνα.
2423 3873 2558 3927 Τίνα
2591 3873 2815 3926 σεαυτὸν
2841 3878 3015 3937 ποιεῖς
3038 3891 3052 3939 ;
3089 3895 3105 3926 ι
3148 3875 3278 3929 ποτὲ
3301 3876 3354 3929 δὲ
3388 3877 3552 3930 πάλιν
3572 3878 3674 3948 τὴν
3692 3876 3782 3930 τοῦ

2212 3964 2353 4017 κατὰ
2404 3964 2583 4034 σάρκα
2621 3964 2810 4032 γένους
2839 3966 3139 4031 εὐτέλειαν,
3193 3968 3288 4021 καὶ
3319 3968 3379 4021 τὸ
3424 3970 3546 4022 λίαν
3581 3971 3792 4041 ἄσημον

2211 4058 2268 4109 ἐν
2295 4055 2470 4125 τούτῳ
2503 4056 2960 4122 κατονειδίζοντες
2980 4075 2992 4086 ’
3024 4078 3043 4109 ι
3102 4060 3214 4129 Οὐχ
3255 4061 3369 4124 υίός
3411 4061 3563 4114 ἐστιν
3598 4062 3787 4132 Ἰωσὴφ

2208 4143 2382 4212 οὗτος,
2412 4141 2476 4200 οὗ
2521 4150 2684 4218 ἡμεῖς
2734 4148 2958 4218 οἴδαμεν
3011 4150 3103 4204 τὸν
3138 4152 3388 4222 πατέρα,
3416 4155 3514 4206 καὶ
3556 4155 3657 4223 τὴν
3691 4172 3789 4224 μη·

2209 4239 2368 4309 τέρα;
2396 4237 2520 4301 Πῶς
2570 4234 2661 4291 οὖν
2721 4238 2887 4306 λέγει,
2922 4240 3002 4292 ὃτι
3033 4241 3130 4293 Ἐκ
3156 4240 3249 4294 τοῦ
3290 4241 3523 4313 οὐρανοῦ
3555 4244 3785 4297 καταϐέ-

2208 4327 2391 4397 ϐηκας
2435 4346 2451 4377 ι
2494 4327 2657 4398 Ὁρᾷς
2684 4328 2741 4379 ὲν
2760 4326 2971 4391 τούτοις
3011 4328 3317 4382 Ἰουδαϊκῶν
3366 4330 3667 4402 ἀθλιότητα
3702 4332 3784 4384 λο·

528 4405 835 4458 ctissimam
866 4404 933 4459 de
962 4420 1027 4459 eo
1058 4404 1368 4474 opinionem
1404 4407 1696 4478 concipere
1733 4409 1852 4465 ausi
1881 4421 2099 4475 essent,

2209 4418 2456 4487 γισμῶν;
2485 4418 2858 4485 Διακειμένων
2902 4414 2994 4472 οὖν
3024 4420 3132 4491 ἄρα
3163 4419 3273 4475 τῶν
3307 4422 3543 4488 πολλῶν,
3577 4423 3785 4493 οἰηθέν-

526 4495 755 4565 gloriam
781 4496 904 4566 ejus
928 4497 1135 4551 sanctis
1158 4498 1614 4553 manifestaturus
1639 4497 1880 4570 Spiritus
1908 4516 1938 4556 e
1962 4503 2103 4557 caelo

526 4589 785 4658 delapsus
823 4597 906 4645 est
932 4630 946 4654 ,
983 4605 1157 4660 neque
1186 4607 1316 4647 vero
1341 4592 1685 4662 sapientibus
1727 4601 1941 4647 tantum
1982 4609 2102 4649 ser-

526 4681 804 4745 monibus,
829 4681 923 4737 sed
949 4690 1003 4736 et
1026 4697 1214 4760 rerum.
1237 4683 1708 4741 demonstratione
1733 4686 2100 4741 certissimam

523 4773 823 4843 unicuique
860 4774 1021 4828 ﬁdem
1062 4774 1310 4829 facturus
1338 4783 1459 4829 erat
1497 4774 1665 4832 Deum
1690 4793 1852 4842 vere,
1894 4778 2102 4848 Deique

522 4882 588 4920 ac
626 4864 807 4922 Patris
841 4866 1162 4921 substantia:
1206 4865 1440 4922 fructum
1480 4883 1603 4922 eum
1649 4884 1794 4923 esse.
1835 4868 2097 4935 Quasnam

521 4972 656 5028 ergo
685 4964 770 5013 cst
793 4958 883 5011 illa
914 4958 1347 5021 demonstratio,
1384 4966 1478 5012 aut
1509 4961 1786 5029 quomodo
1821 4962 2098 5016 clarilica-

520 5057 681 5105 turus
711 5048 990 5105 Christum
1035 5049 1186 5105 erat?
1227 5048 1430 5120 Nempe
1455 5066 1579 5105 cum
1617 5052 1995 5109 admirabilem
2033 5068 2099 5109 ac

524 5142 635 5196 Deo
670 5143 891 5214 dignam
929 5144 982 5197 in
1015 5143 1275 5198 omnibus
1308 5144 1572 5213 operandi
1617 5146 1723 5199 vim
1773 5147 2003 5211 habeat,
2040 5155 2096 5202 ct

521 5234 768 5288 omnium
801 5250 984 5289 rerum
1009 5234 1465 5304 perfectissimam
1492 5236 1862 5303 cognitionem
1889 5238 2096 5292 sanctis

522 5326 768 5392 inserat,
798 5327 1004 5381 idcirco
1034 5326 1159 5379 hinc
1187 5326 1234 5379 ei
1265 5326 1493 5396 gloriam
1521 5327 1922 5382 conciliaturas
1953 5336 2091 5383 erat.

523 5414 636 5469 Soli
661 5417 865 5486 quippe
888 5428 1096 5471 naturae
1121 5416 1361 5471 universi
1386 5417 1584 5486 regina:
1604 5418 1867 5487 competit
1890 5426 2091 5472 cuncta

522 5521 686 5560 nosse
714 5545 729 5569 ,
772 5494 929 5561 extra
965 5509 1295 5577 cujusquam
1345 5522 1602 5577 Operam,
1643 5525 1817 5578 eaque
1857 5509 2003 5562 nuda
2038 5518 2092 5564 et

520 5604 707 5667 aperta
741 5596 797 5653 in
831 5598 1007 5651 oculis
1041 5598 1240 5651 habere
1266 5599 1334 5659 ⁸⁷,
1362 5608 1417 5653 et
1447 5599 1813 5668 quodcunque
1849 5601 1978 5653 velit
2007 5600 2087 5653 fa-

517 5688 625 5743 cile
653 5686 936 5752 pcrlicere.
971 5687 1246 5742 Clariﬁcat
1280 5691 1459 5760 itaque
1492 5689 1691 5744 Filium
1730 5690 2045 5746 Paraclctus
2071 5732 2085 5755 ,

589 5818 632 5849 ⁸³
675 5823 835 5879 Joan.
874 5843 1002 5890 vm,
1044 5828 1129 5880 52.
1209 5831 1251 5859 εδ
1285 5828 1441 5884 Ισκιη.
1481 5846 1552 5893 vt,
1588 5830 1677 5882 .lz’.

2204 4528 2311 4562 των
2342 4527 2398 4562 τε
2447 4509 2592 4564 κατὰ
2653 4509 2912 4580 ἀλήθειαν
2955 4512 3055 4565 οὐκ
3088 4507 3226 4565 εἶναι
3258 4512 3391 4566 Θεὸν
3424 4514 3518 4566 τὸν
3562 4514 3782 4584 Κύριον,

2203 4601 2291 4654 διὰ
2319 4601 2380 4653 τὸ
2408 4601 2672 4671 ἐπίκηρον
2694 4604 2848 4655 τουτὶ
2871 4603 2964 4657 τοῦ
3010 4603 3261 4675 σώματος
3292 4606 3497 4675 σχῆμα,
3534 4606 3629 4658 κα)⁵
3660 4606 3786 4676 χθα-

2207 4691 2534 4762 μαλωτάτην
2567 4692 2696 4763 περὶ
2756 4693 2924 4746 αὑτοῦ
2976 4694 3076 4763 τὴν
3139 4694 3414 4764 ὑπόληψιν
3438 4696 3499 4749 οὐ
3541 4696 3786 4750 καταδει-

2205 4783 2412 4837 σάντων
2442 4783 2601 4846 ἑλεῖν,
2636 4784 2945 4854 φανοτάτην
2992 4788 3105 4848 τοῖς
3146 4786 3325 4854 ἁγίοις
3345 4786 3406 4840 τὸ
3436 4787 3667 4858 Πνεῦμα
3690 4787 3784 4857 τὴν

2201 4876 2357 4940 δόξαν
2390 4874 2557 4928 αὑτοῦ
2581 4876 2994 4946 καταφοιτῆσαν
3038 4876 3207 4930 ἐτίθει
3236 4893 3250 4908 ο
3286 4877 3381 4931 καὶ
3414 4877 3539 4948 οὐχὶ
3568 4879 3783 4941 πάντως

2201 4965 2402 5034 φαμὲν,
2426 4966 2500 5028 ὡς
2528 4965 2591 5035 δὴ
2629 4966 2786 5032 μόνον
2813 4965 2990 5032 λόγοις
3020 4967 3221 5031 αὐτοὺς
3245 4968 3548 5022 ἀναπεῖσαν
3578 4971 3780 5037 σοφοῖς,

2198 5053 2332 5106 ἀλλὰ
2353 5053 2448 5106 καὶ
2479 5055 2536 5106 ὲν
2558 5054 2826 5118 ἀποδείξει
2874 5056 3216 5124 πραγμάτων
3240 5058 3341 5127 τὴν
3370 5056 3607 5110 ἑκάστου
3643 5057 3780 5125 πλη-

2201 5144 2506 5214 οοφορῆσαν
2537 5143 2795 5209 διάνοιαν,
2832 5145 2912 5197 ὅτι
2942 5146 3036 5198 καὶ
3081 5144 3214 5209 Θεὸς
3246 5145 3484 5216 ἀληθῶς,
3518 5147 3618 5200 καὶ
3644 5165 3782 5217 καρ⁸

2197 5234 2297 5297 πός
2326 5236 2440 5286 ἐστι
2490 5235 2590 5304 τῆς
2640 5235 2826 5298 οὐσίας
2850 5234 2941 5288 τοῦ
2982 5235 3117 5289 Θεοῦ
3171 5237 3266 5289 καὶ
3302 5237 3537 5308 Πατρός.
3566 5239 3664 5301 Τίς
3688 5236 3781 5292 οὖν

2195 5327 2227 5394 ἡ
2283 5325 2581 5390 ἀπόδειξις,
2637 5325 2669 5395 ἢ
2725 5325 2842 5390 πῶς
2887 5326 3085 5380 εὐκλεᾶ
3128 5327 3222 5380 καὶ
3267 5327 3565 5398 περίοπτον
3606 5330 3777 5383 ἐποίει

2194 5415 2461 5481 Χριστόν;
2524 5416 2832 5485 Παράδοξον
2888 5417 2996 5487 γὰρ
3044 5417 3138 5470 κα)⁸
3181 5417 3486 5489 θεοπρεπῆ,
3544 5420 3647 5489 τὴν
3695 5420 3779 5487 ἐφ’

2195 5506 2395 5557 ἄπεισιν
2433 5505 2707 5576 ἐνέργειαν
2760 5507 2903 5577 ἕχον,
2961 5509 3055 5561 καὶ
3110 5508 3209 5578 τὴν
3245 5508 3356 5561 τῶν
3396 5509 3537 5563 ὅλων
3575 5511 3778 5582 εἴδησιν

2192 5596 2391 5665 ἀκριϐῆ
2445 5600 2556 5657 τοῖς
2608 5598 2782 5664 ἁγίοις
2835 5599 3141 5667 ἐμφυτεῦον
3173 5640 3185 5660 ,
3248 5600 3399 5670 αὐτῷ
3459 5601 3561 5671 τὴν
3618 5600 3777 5665 δόξαν

2194 5687 2658 5756 ἐπραγματεύετο.
2708 5690 3022 5743 ’Λναθετέον
3061 5692 3169 5758 γὰρ
3229 5691 3366 5761 μόνῃ
3400 5695 3467 5763 τῇ
3501 5692 3611 5744 τῶν
3641 5693 3774 5745 ὅλων

1768 5829 1805 5857 ⁶τ
1852 5828 2012 5886 llchr.
2055 5847 2141 5895 tv,
2186 5831 2265 5881 15.
