4180 6338
441 373 499 424 11
1613 379 1708 429 DE
1751 378 1944 431 VlTlS
1984 376 2277 430 PATRUM
2319 378 2530 430 LIBER
2568 376 2665 429 1X.
3784 377 3847 427 12

423 495 599 549 niret.
627 494 909 557 Quoniam
938 499 1133 551 autem
1160 497 1504 567 corporibus
1527 497 1762 567 quidem
1786 503 2017 569 tempus
2040 499 2207 553 aﬁ‘ert
2231 497 2554 569 interitum,
2576 498 2865 554 inducens
2884 501 3243 554 senectutem
3274 502 3330 553 et
3354 502 3634 565 mortem;
3665 499 3842 554 rebus

425 590 626 638 autem
651 588 803 639 recte
835 588 891 639 et
938 602 1006 640 ex
1055 585 1267 645 virtute
1303 586 1485 658 gestis
1517 587 1891 655 oblivionem,
1918 591 1981 641 ut
2002 588 2145 643 mihi
2167 589 2405 659 quidem
2430 587 2679 655 videtur,
2712 587 2993 656 inferens,
3026 594 3085 643 et
3115 589 3437 643 obscurans
3472 589 3841 654 memoriam,

429 689 600 728 nemo
631 689 735 727 nos
753 674 889 743 jure
906 674 1522 745 reprehenderit,quod
1548 677 1776 749 piorum
1796 676 2307 748 virorum,Deique
2331 677 2656 743 amantium
2675 677 2806 732 vitae
2830 677 3103 735 instituta
3125 677 3541 750 aggrediamur
3562 676 3838 732 scribere.

428 762 932 825 Quemadmodum
957 765 1110 825 enim
1135 764 1173 817 ii
1197 781 1447 835 quorum
1472 766 1605 825 ﬁdei
1627 770 1717 821 est
1737 765 1958 829 credita
1991 783 2299 838 corporum
2331 767 2575 839 curatio,
2608 767 3037 831 medicamenta
3068 769 3431 837 comparant,
3467 782 3598 821 cum
3635 767 3834 821 morbo

426 851 648 906 bellum
670 857 936 923 gerentes
960 857 1015 906 et
1036 852 1109 907 iis
1132 856 1228 923 qui
1247 854 1513 909 laborant
1535 856 1785 910 ferentes
1808 854 2203 923 auxilium;ita
2222 873 2344 927 quae
2364 855 2420 911 in
2441 856 2533 911 his
2555 855 2991 911 conscribendis
3014 855 3838 927 poniturindustria,efﬁcitur

426 939 607 995 veluti
632 942 929 1011 quoddam
953 941 1212 997 salutare
1246 943 1762 1012 medicamentum,
1797 945 1953 1015 quod
1986 945 2261 1000 oblivioni
2293 946 2531 1015 quidem
2576 945 2909 1013 insidiatur,
2939 961 3109 1017 Opem
3146 949 3341 1000 autem
3377 944 3487 999 fert
3514 944 3831 1000 memoriae.

424 1031 723 1094 Quomodo
737 1030 892 1085 enim
920 1048 1033 1086 non
1057 1040 1138 1087 est
1164 1033 1486 1087 absurdum
1513 1038 1576 1087 ut
1596 1041 1774 1105 poetas
1800 1034 2033 1106 quidem
2057 1043 2109 1089 et
2135 1035 2449 1106 scriptores
2466 1051 2533 1090 ea
2555 1035 2931 1090 conscribant
2954 1052 3079 1106 qua:
3102 1034 3161 1088 in
3189 1033 3341 1089 bello
3362 1032 3589 1088 fortiter
3613 1039 3667 1089 et
3694 1050 3840 1104 prm-

420 1120 575 1174 elare
596 1123 755 1189 gesta
784 1126 953 1187 sunt;
984 1120 1213 1191 Tragici
1235 1125 1430 1179 autem
1455 1139 1552 1177 eas
1571 1140 1696 1197 quae
1721 1127 1873 1178 recte
1894 1123 2238 1181 celabantur
2260 1122 2643 1191 calamitates,
2667 1123 2970 1195 tragmdiis
3009 1123 3069 1177 in
3112 1121 3415 1195 publicum
3439 1121 3755 1193 proferant,
3785 1125 3842 1177 et

418 1226 620 1264 earum
644 1208 875 1278 scriptis
898 1210 1237 1264 mandatam
1258 1210 1591 1281 relinquant
1608 1212 1975 1281 memoriam;
1994 1213 2175 1283 aliqui
2197 1216 2392 1268 autem
2418 1213 2514 1268 alii
2534 1213 2592 1267 in
2613 1212 2917 1268 comoediis
2938 1217 2993 1267 et
3014 1213 3189 1268 rebus
3208 1212 3473 1267 ridiculis
3491 1216 3846 1267 consumant

427 1302 744 1369 orationes;
773 1316 881 1355 nos
904 1305 1099 1355 autem
1125 1302 1393 1357 sinamus
1416 1319 1514 1357 eos
1536 1304 1691 1358 viros
1714 1304 1866 1359 tradi
1893 1304 2166 1363 oblivioni
2204 1304 2305 1375 qui
2326 1304 2387 1359 in
2409 1320 2648 1375 corpore
2668 1303 2899 1359 mortali
2922 1307 2978 1359 et
3000 1303 3227 1375 patibili
3251 1303 3633 1358 ostenderunt
3655 1302 3843 1373 impa-

413 1389 838 1459 tibilitatem,et
859 1389 1255 1465 incorpoream
1273 1389 1525 1444 aemulati
1547 1396 1685 1445 sunt
1706 1393 2011 1446 naturam?
2037 1392 2332 1455 Quasnam
2358 1397 2551 1447 autem
2572 1410 2773 1464 poenas
2797 1409 2911 1447 non
2941 1392 3147 1447 merito
3170 1392 3529 1459 dederimus,
3547 1392 3594 1447 si
3616 1392 3825 1445 horum

416 1494 541 1548 quae
564 1476 949 1532 admiratione
968 1478 1146 1548 digna
1169 1483 1307 1533 sunt
1329 1480 1716 1535 certaminum
1761 1480 1929 1535 nihili
1963 1481 2244 1536 faciamus
2289 1481 2507 1554 negligi
2531 1470 2994 1537 memoriam?Si
3028 1481 3182 1537 enim
3214 1480 3327 1552 ipsi
3345 1498 3544 1535 eorum
3566 1481 3666 1551 qui
3689 1481 3827 1535 olim

414 1567 575 1621 fuere
593 1570 931 1621 sanctorum
964 1567 1108 1622 795
1137 1585 1433 1623 summam
1458 1569 1717 1625 aemulati
1742 1570 2198 1643 philosophiam,
2222 1588 2335 1626 non
2362 1589 2471 1627 aere
2502 1575 2558 1627 et
2580 1571 2790 1628 litteris
2813 1570 3053 1625 illorum
3082 1570 3445 1641 insculpsere
3471 1568 3836 1635 memoriam,

414 1658 515 1710 sed
542 1672 754 1710 omnem
787 1672 990 1711 eorum
1031 1656 1309 1712 virtutem
1333 1659 1746 1729 exprimentes,
1768 1661 2054 1729 quaedam
2080 1675 2284 1716 eorum
2324 1662 2616 1717 animatas
2649 1660 2938 1732 imagines
2961 1665 3017 1715 et
3038 1664 3263 1715 statuas
3295 1658 3523 1731 seipsos
3555 1659 3795 1713 eil‘ecere
3822 1674 3836 1726 ;

414 1763 681 1817 qurenam
708 1745 877 1799 nobis
903 1745 1105 1800 merito
1134 1746 1370 1801 daretur
1392 1748 1581 1821 venia,
1616 1748 1663 1803 si
1684 1765 1788 1803 nec
1812 1748 2020 1804 litteris
2035 1750 2274 1820 quidem
2298 1751 2812 1821 eoruminsignem
2830 1750 3012 1805 vitam
3035 1748 3678 1818 honoraremus‘Iidque
3700 1764 3831 1802 eum

413 1836 646 1890 athletae
669 1840 725 1890 et
745 1835 1154 1905 pancratiastae
1183 1836 1283 1906 qui
1306 1837 1607 1897 decertant
1630 1838 1685 1909 in
1707 1838 2049 1910 Olympicis,
2083 1840 2447 1901 honorantur
2467 1840 2703 1909 statuis,
2721 1845 2900 1911 atque
2922 1839 3097 1895 etiam
3120 1840 3177 1894 in
3205 1855 3490 1910 equorum
3521 1836 3834 1892 curriculis

413 1926 511 1996 qui
532 1926 776 1979 victores
805 1940 933 1978 esse
964 1925 1237 1980 videntur
1260 1926 1479 1996 auring
1509 1927 1663 1985 idem
1688 1927 1996 1996 praemium
2028 1928 2338 1999 accipiant.
2364 1928 2477 1991 Nec
2509 1928 2617 1995 hoc
2647 1928 2880 1997 solum,
2922 1928 3021 1983 sed
3055 1927 3229 1982 etiam
3264 1926 3583 1982 muliebres
3599 1926 3755 1981 viros
3775 1930 3832 1981 et

410 2015 800 2080 effeminatos,
825 2017 886 2067 et
905 2015 973 2069 de
993 2014 1206 2084 quibus
1230 2015 1465 2069 dubites
1490 2016 1688 2070 sintne
1711 2016 1818 2070 viri
1843 2034 1915 2071 an
1944 2016 2242 2086 mulieres,
2268 2018 2304 2071 ii
2329 2017 2427 2088 qui
2456 2017 2663 2073 horum
2705 2017 3071 2073 delectantur
3109 2015 3461 2088 spectaculis
3496 2014 3832 2070 inscribunt

404 2103 854 2170 tabulis,eorum
877 2102 1219 2158 memoriam
1245 2104 1589 2175 longissimo
1608 2109 1868 2176 tempore
1890 2122 2234 2171 conservare
2257 2107 2699 2176 contendentes;
2723 2106 2855 2162 licet
2876 2106 3158 2162 memoria
3178 2106 3394 2160 animis
3416 2105 3831 2160 detrimentum

410 2193 635 2259 atl‘erat,
672 2210 788 2247 non
816 2192 1327 2247 commodum.Sed
1354 2196 1550 2247 tamen
1576 2192 1634 2247 hi
1654 2194 1891 2264 quidem
1911 2195 2020 2248 hoc
2045 2199 2312 2250 amantes
2335 2194 2427 2249 his
2451 2195 2533 2249 illi
2557 2212 2688 2250 vero
2713 2194 2844 2250 illos
2863 2194 2999 2262 illis,
3018 2194 3194 2265 idque
3220 2211 3353 2248 cum
3377 2194 3663 2248 damnum
3685 2192 3829 2246 aii‘e-

406 2288 559 2350 rant,
594 2282 837 2353 pieturis
870 2282 1180 2341 honorant.
1206 2285 1273 2335 Et
1295 2282 1576 2355 quoniam
1603 2283 1907 2339 mortalem
1932 2288 2203 2343 naturam
2224 2300 2380 2339 mors
2401 2285 2791 2357 depraedatur,
2819 2282 3043 2341 colores
3067 2288 3484 2356 temperantes,
3511 2287 3568 2339 et
3589 2282 3827 2337 illorum

406 2371 630 2442 efﬁgies
664 2371 883 2425 tabulis
915 2371 1305 2441 imponentes,
1339 2373 1671 2443 excogitant
1702 2372 1985 2427 rationem
2021 2390 2137 2444 qua
2166 2391 2367 2428 eorum
2402 2373 2683 2428 memoria
2717 2374 2795 2429 sit
2825 2374 2943 2428 vita
2986 2373 3156 2443 longe
3187 2372 3537 2427 diuturnior.

478 2480 597 2534 Nos
612 2484 803 2534 autem
822 2477 1140 2534 scribimus
1156 2477 1394 2548 quidem
1418 2478 1596 2534 vitam
1618 2478 2001 2551 philosophia:
2025 2480 2370 2553 magistram
2386 2486 2603 2552 ,etquaa
2623 2481 2955 2538 imitataest
2979 2480 3551 2537 vitaainstitutionem
3571 2495 3697 2549 quae
3713 2478 3832 2550 agi-

408 2574 505 2624 tur
535 2570 593 2623 in
614 2568 793 2623 cmlis.
818 2566 1214 2622 Describimus
1239 2572 1435 2623 autem
1460 2585 1574 2625 non
1606 2569 1828 2640 ﬁguras
1859 2568 2293 2626 characteresve
2347 2588 2678 2642 corporum,
2705 2587 2892 2642 neque
2913 2587 2980 2625 ea
3001 2587 3276 2642 expressa
3305 2568 3379 2624 iis
3410 2569 3511 2641 qui
3547 2569 3815 2623 nesciunt

410 2658 804 2723 ostendimus,
828 2657 928 2711 sed
953 2657 1172 2711 formas
1188 2656 1677 2728 animarumque:
1701 2658 1811 2712 sub
1835 2663 2135 2729 aspectum
2163 2677 2276 2713 non
2301 2658 3351 2729 caduntadumbramus,etbellaqua3
3374 2657 3535 2713 cerni
3565 2674 3676 2712 non
3697 2674 3825 2728 pos-

403 2746 998 2818 sunt,eonﬂictusque
1016 2744 1116 2816 qui
1139 2762 1253 2800 non
1274 2749 1560 2817 apparent
1582 2747 1969 2802 ostendimus.
1996 2748 2121 2802 Tali
2146 2748 2302 2803 enim
2329 2752 2628 2803 armatura
2650 2765 2853 2804 eorum
2876 2747 3187 2820 phalangis
3211 2749 3531 2819 imperator
3552 2752 3609 2802 et
3634 2748 3690 2800 in
3712 2763 3820 2817 pu-

406 2857 521 2910 gna
544 2839 816 2910 princeps
838 2854 935 2892 eos
954 2835 1171 2891 Paulus
1192 2836 1383 2891 induit
1410 2854 1421 2890 :
1449 2837 1707 2910 Accipite
1726 2837 1911 2908 enim,
1951 2837 2166 2915 inquit,
2191 2843 2554 2899 armaturam
2579 2839 2704 2911 Dei,
2727 2843 2791 2893 ut
2813 2838 3051 2910 possitis
3074 2838 3346 2893 resistere
3366 2837 3423 2891 in
3444 2838 3536 2893 die
3560 2837 3735 2904 malo,
3768 2842 3826 2890 et

406 2927 679 2983 omnibus
703 2925 979 2981 confectis
1003 2929 1159 2980 stare
1197 2924 1411 2995 (Ephes.
1447 2926 1544 2996 γι).
1580 2925 1646 2980 Et
1668 2942 1911 2981 rursus:
1946 2931 2094 2982 state
2127 2943 2262 2997 ergo
2294 2928 2577 2983 succincti
2604 2928 2839 2983 lumbos
2874 2932 3097 2983 vestros
3156 2927 3215 2981 in
3249 2927 3510 2994 veritate,
3536 2932 3591 2981 et
3622 2926 3814 2979 induti

401 3017 644 3071 loricam
664 3015 933 3087 justitize,
955 3018 1011 3069 et
1032 3014 1269 3069 calceati
1293 3015 1468 3086 pedes
1493 3015 1551 3068 in
1575 3016 1996 3086 praeparatione
2017 3016 2309 3088 Evangelii
2342 3018 2526 3088 pacis,
2552 3017 2611 3071 in
2644 3017 2922 3073 omnibus
2955 3021 3327 3072 assumentes
3352 3014 3620 3087 clypeum
3658 3015 3818 3081 ﬁdei,

406 3107 463 3160 in
497 3122 611 3177 quo
642 3104 862 3176 poteris
894 3102 1091 3158 omnia
1121 3102 1235 3157 tela
1266 3103 1510 3175 maligni
1553 3103 1741 3175 ignita
1761 3105 2151 3176 exstinguere.
2177 3106 2246 3160 Et
2268 3105 2495 3177 galeam
2527 3105 2804 3161 salutaris
2836 3106 3100 3176 accipite,
3134 3110 3191 3159 et
3219 3103 3483 3175 gladium
3536 3103 3814 3174 Spiritus,

403 3197 557 3267 quod
579 3198 667 3249 est
681 3193 924 3248 verbum
949 3192 1047 3246 Dei
1068 3191 1403 3263 (Ibid.).liac
1434 3209 1565 3246 cum
1591 3192 1697 3248 hos
1720 3193 2013 3250 induisset
2030 3200 2257 3249 armatu
2270 3195 2635 3267 ra.produxit
2654 3195 2725 3250 ad
2745 3194 3246 3249 certamina.Talis
3266 3193 3422 3249 enim
3447 3198 3536 3248 est
3558 3193 3818 3249 hostium

408 3300 643 3355 quoque
676 3286 907 3350 natura,
930 3281 1295 3353 incorporea,
1341 3280 1585 3337 minime
1606 3282 2006 3355 aspectabilis,
2039 3284 2287 3345 obscure
2319 3284 2624 3353 invadens,
2658 3283 2991 3343 clanculum
3031 3282 3344 3359 insidians,
3377 3287 3731 3354 repenteque
3762 3287 3819 3338 et

407 3378 617 3446 prmter
646 3372 1137 3442 exspectationem
1170 3371 1420 3426 irruens.
1449 3370 1567 3426 Hoc
1598 3372 1791 3444 ipsum
1824 3372 1977 3428 idem
2011 3390 2242 3444 quoque
2273 3375 2489 3429 docens
2520 3374 2862 3444 imperator,
2893 3373 3123 3427 dicebat
3157 3389 3168 3426 :
3201 3372 3323 3427 Non
3354 3377 3443 3427 est
3494 3371 3660 3426 nobis
3691 3372 3815 3426 col-

410 3462 652 3519 luctatio
686 3462 965 3517 adversus
987 3477 1220 3516 carnem
1253 3466 1311 3517 et
1341 3462 1712 3531 sanguinem,
1746 3463 1847 3518 sed
1880 3464 2158 3519 adversus
2182 3463 2474 3535 principes
2505 3469 2564 3519 et
2594 3468 2933 3536 potestates,
2969 3464 3252 3519 adversus
3296 3462 3501 3518 mundi
3538 3474 3813 3533 rectores,

410 3553 785 3609 tenebrarum
819 3550 999 3622 hujus
1028 3550 1242 3618 saeculi,
1276 3551 1559 3606 adversus
1591 3550 1882 3622 spiritalia
1905 3552 2178 3624 nequitiae
2203 3554 2261 3606 in
2290 3552 2629 3609 emlestibus
2650 3552 2858 3624 (Ibid.).
2889 3552 2999 3608 Sed
3034 3558 3227 3606 tamen
3260 3568 3393 3606 cum
3427 3550 3575 3606 tales
3620 3551 3820 3608 hostes

414 3644 653 3699 haberet
682 3640 892 3696 horum
928 3644 1263 3696 sanctorum
1305 3640 1536 3710 classis,
1566 3640 1681 3697 imo
1711 3658 1844 3697 vero
1876 3641 2283 3718 unusiiuisque
2317 3660 2519 3698 eorum
2552 3661 2585 3698 a
2635 3646 2720 3697 tot
2769 3648 2826 3699 et
2864 3642 3045 3697 tantis
3077 3640 3595 3699 eircumsideretur
3623 3639 3818 3695 hosti-

402 3733 515 3789 bus
546 3734 758 3804 (neque
790 3730 947 3787 enim
980 3745 1185 3787 omnes
1235 3729 1413 3785 simul
1463 3730 1829 3800 invaserunt,
1864 3732 1965 3787 sed
2000 3733 2172 3791 modo
2204 3732 2441 3804 quidem
2474 3732 2603 3801 hos,
2640 3732 2811 3788 modo
2843 3749 2976 3788 vero
3018 3731 3149 3788 illos
3182 3730 3643 3801 adoriebantur),
3698 3735 3817 3788 tam

395 3822 735 3894 praeclaram
760 3819 1007 3881 retulere
1035 3819 1358 3887 victoriam,
1384 3823 1448 3875 ut
1479 3820 1733 3891 fugerint
1761 3820 2003 3891 quidem
2048 3820 2391 3888 adversarii,
2437 3820 2495 3879 hi
2521 3837 2653 3879 vero
2674 3820 2747 3876 iis
2782 3820 2999 3891 fugatis
3030 3835 3097 3881 ac
3128 3818 3457 3892 proﬂigatis
3486 3817 3813 3889 trophaaum

395 3912 703 3981 erexerint,
737 3926 871 3966 cum
905 3909 1051 3964 nihil
1085 3909 1170 3965 eis
1202 3909 1434 3964 afferret
1460 3909 1974 3980 impedimentum.

465 4022 560 4076 Eis
583 4025 776 4076 autem
800 4017 1047 4090 praebuit
1067 4016 1371 4077 victoriam
1396 4034 1508 4074 non
1531 4018 2003 4083 natura,eaenim
2028 4023 2116 4074 est
2138 4017 2488 4088 mortalis,et
2508 4017 3043 4081 innumerabilibus
3067 4016 3239 4089 plena
3257 4016 3685 4089 affectionibus;
3711 4018 3813 4074 sed

395 4128 561 4165 mens
587 4127 715 4181 quae
748 4107 1006 4163 divinam
1040 4106 1371 4166 attrahebat
1397 4106 1670 4177 gratiam.
1695 4106 1840 4163 Nam
1863 4122 1997 4163 cum
2032 4107 2239 4162 divinae
2267 4105 2726 4179 pulchritudinis
2756 4110 2955 4165 essent
2983 4107 3260 4169 ardentes
3286 4110 3600 4176 amatores,
3627 4112 3684 4162 et
3705 4123 3810 4179 pro

393 4216 459 4254 ea
492 4215 669 4270 quam
701 4197 980 4251 amabant
1010 4194 1208 4249 omnia
1238 4194 1509 4251 lubenter
1533 4199 1590 4250 et
1614 4211 1785 4266 agere
1816 4200 1871 4250 et
1903 4195 2021 4266 pati
2056 4195 2426 4266 statuissent,
2471 4195 2603 4250 ferti
2636 4195 2877 4267 quidem
2904 4200 2960 4250 et
2985 4211 3267 4267 generoso
3318 4194 3514 4250 animo
3546 4195 3813 4250 tulerunt

393 4287 767 4342 aifectionum
805 4285 1429 4357 perturbationemque
1460 4284 1745 4356 impetus;
1782 4285 1997 4340 diaboli
2029 4289 2226 4340 autem
2260 4286 2374 4341 telo
2406 4284 2692 4357 procellas
2743 4290 2979 4340 strenue
3029 4284 3401 4355 repulerunt;
3435 4289 3492 4340 et
3522 4287 3585 4338 ut
3614 4283 3805 4338 dicam

391 4374 705 4447 apostolico
737 4376 778 4444 (Ι
811 4374 936 4428 Cor.
972 4374 1069 4444 1x),
1104 4390 1235 4428 cum
1264 4390 1475 4446 corpus
1508 4374 1895 4445 castigassent
1927 4378 1981 4430 et
2010 4373 2071 4430 in
2106 4374 2446 4431 servitutem
2481 4374 2866 4446 redegissent,
2888 4374 2983 4429 ira)
3006 4373 3242 4444 quidem
3274 4374 3544 4431 ardorem
3576 4372 3814 4427 sedave-

392 4470 548 4532 runt,
583 4465 978 4535 cupiditatum
1012 4468 1207 4518 autem
1240 4463 1458 4518 rabiem
1486 4463 1789 4534 quiescere
1821 4468 2136 4536 coegerunt
2170 4463 2535 4533 :jejunando
2568 4468 2765 4523 autem
2797 4468 2854 4519 et
2883 4462 3039 4519 domi
3066 4463 3334 4520 cubando
3378 4461 3590 4533 sopitis
3622 4461 3807 4523 animi

389 4556 667 4622 motibus,
705 4553 1107 4625 repressisque
1138 4570 1340 4609 eorum
1373 4554 1885 4620 exsultationibus,
1937 4558 2249 4623 coegerunt
2282 4570 2494 4623 corpus
2527 4553 2717 4609 icedus
2750 4554 2897 4607 inire
2930 4569 3062 4608 cum
3116 4553 3333 4619 anima,
3395 4560 3448 4607 et
3507 4551 3810 4607 solverunt

386 4644 604 4699 bellum
638 4644 789 4713 quod
823 4645 909 4697 est
941 4642 1022 4697 eis
1053 4659 1086 4696 a
1116 4646 1328 4697 natura
1358 4642 1626 4697 insitum.
1662 4647 1808 4698 Pace
1837 4647 2033 4697 autem
2068 4643 2153 4697 sic
2207 4642 2359 4697 inter
2416 4659 2483 4697 ea
2535 4642 2704 4711 inita,
2759 4658 2994 4697 omnem
3050 4640 3454 4696 adversarium
3506 4644 3803 4695 catervam

383 4734 677 4807 expulere.
712 4733 857 4787 Nam
890 4749 1022 4787 cum
1056 4731 1142 4787 eis
1169 4733 1441 4788 deessent
1471 4732 1855 4804 cogitationes
1886 4750 2012 4804 quae
2044 4732 2275 4787 interna
2303 4732 2634 4803 proderent,
2667 4738 2722 4787 et
2754 4732 3157 4787 membrorum
3207 4731 3603 4785 humanorum
3638 4728 3808 4785 auxi-

382 4823 459 4878 lio
494 4823 701 4895 privati
735 4826 933 4877 essent
962 4820 1179 4876 bellare
1240 4839 1355 4877 non
1403 4826 1691 4892 poterant.
1755 4821 1907 4876 'l‘elis
1952 4821 2107 4876 enim
2142 4822 2200 4876 in
2236 4838 2342 4876 nos
2390 4820 2659 4876 diabolus
2707 4821 2927 4876 nostris
2976 4819 3257 4876 membris
3309 4820 3497 4875 utitur
3532 4837 3544 4874 :
3580 4836 3717 4874 nam
3752 4820 3803 4873 si

381 4910 1128 4983 nequeinescanturcculi,
1164 4927 1353 4981 neque
1383 4927 1552 4966 aures
1582 4909 2010 4976 demulcentur,
2044 4926 2235 4982 neque
2291 4914 2483 4965 tactus
2538 4910 2703 4964 suavi
2756 4910 3012 4980 quodam
3044 4924 3222 4965 sensu
3270 4907 3573 4975 titillatur,
3606 4922 3800 4978 neque

385 5003 535 5057 796
569 5017 737 5057 mens
769 4999 1038 5071 improba
1070 4999 1327 5054 admittit
1355 4999 1622 5069 consilia,
1657 4999 1876 5054 frustra
1906 4998 2177 5054 laborant
2206 4999 2306 5070 qui
2341 5002 2549 5070 parant
2595 4997 2867 5054 insidias.
2915 4997 3216 5061 Quomodo
3266 4998 3425 5052 enim
3478 4997 3685 5051 urbem
3739 4995 3798 5050 in

383 5092 500 5147 alto
534 5092 903 5156 aediﬁcatam,
938 5094 993 5144 et
1023 5088 1232 5144 validis
1261 5088 1718 5161 propugnaculis
1778 5089 2095 5154 munitam,
2128 5094 2183 5144 et
2215 5087 2526 5160 profundis
2577 5087 2839 5159 undique
2882 5087 3329 5152 circumdatam,
3381 5085 3565 5141 nullis
3613 5086 3802 5142 hostis

380 5180 631 5253 cccperit,
691 5179 739 5234 si
801 5194 869 5233 ex
928 5177 1001 5232 iis
1050 5177 1150 5248 qui
1203 5181 1343 5233 sunt
1393 5177 1555 5233 intus
1596 5194 1766 5232 nemo
1816 5178 2026 5249 prodat
2074 5181 2132 5232 et
2180 5182 2382 5249 portas
2429 5176 2654 5247 aliquas
2708 5175 2969 5247 aperiat;
3020 5175 3105 5229 ita
3154 5174 3281 5229 ﬁeri
3324 5191 3438 5230 non
3501 5178 3687 5245 potest
3738 5178 3802 5229 ut

376 5272 667 5325 daemones
726 5267 825 5339 qui
884 5265 1105 5321 bellum
1163 5271 1378 5337 gerunt
1425 5268 1816 5333 extrinsecus,
1880 5272 2156 5338 superent
2213 5267 2474 5321 animam
2553 5266 2979 5320 circumdatam
3035 5281 3070 5319 a
3121 5264 3323 5319 divina
3393 5262 3605 5336 gratia,
3685 5261 3799 5317 nisi

370 5358 752 5430 cogitationis
786 5355 1039 5426 alicujus
1074 5355 1367 5425 socordia,
1402 5360 1741 5411 nostrorum
1776 5372 2059 5411 sensuum
2114 5355 2375 5427 aliquam
2409 5356 2727 5411 fenestram
2760 5353 3079 5426 aperuerit,
3110 5358 3166 5408 et
3198 5369 3301 5425 per
3329 5369 3457 5409 eam
3491 5351 3800 5408 inimicum

372 5447 725 5502 intrinsecus
756 5444 1075 5501 admiserit.
1112 5444 1241 5499 Haec
1274 5462 1405 5500 eum
1442 5462 1474 5499 a
1504 5445 1702 5500 divina
1731 5444 2029 5517 Scriptura
2064 5449 2261 5516 aperte
2290 5444 2640 5500 didicissent
2668 5443 2708 5497 ii
2737 5460 2989 5515 quorum
3014 5442 3218 5498 laudes
3248 5460 3282 5497 a
3312 5441 3481 5497 nobis
3497 5439 3801 5497 celebran-

375 5544 493 5607 tur,
555 5541 611 5592 et
655 5536 838 5592 Deum
901 5534 1233 5591 audiissent
1292 5535 1585 5590 dicentem
1645 5551 1748 5607 per
1799 5534 2138 5606 prophetam
2189 5536 2411 5605 (larem.
2453 5534 2580 5605 ix):
2624 5533 2905 5587 Ascendit
2962 5549 3123 5588 mers
3168 5548 3273 5603 per
3321 5532 3626 5598 fenestras,
3662 5547 3797 5586 cum

374 5626 588 5682 divinis
621 5624 848 5696 legibus
873 5628 1153 5695 tanquam
1182 5624 1541 5694 quibusdam
1576 5623 1872 5695 repagulis
1906 5628 1963 5679 et
1982 5624 2245 5679 vectibus
2263 5640 2474 5679 sensus
2497 5621 2872 5690 clausissent,
2900 5621 3080 5678 menti
3104 5621 3296 5677 claves
3318 5637 3523 5677 eorum
3549 5621 3796 5676 tradide-

372 5720 537 5785 runt,
555 5721 611 5771 et
628 5730 816 5787 neque
838 5713 1000 5770 labra
1026 5715 1289 5786 linguam
1312 5713 1673 5785 aperiebant,
1706 5714 1817 5770 nisi
1843 5730 2012 5770 mens
2034 5714 2382 5786 imperasset
2406 5730 2417 5781 ;
2443 5728 2547 5769 nec
2572 5712 2808 5785 pupillis
2830 5711 3283 5784 permittebatur
3303 5714 3368 5767 ut
3390 5726 3455 5767 se
3475 5713 3638 5766 extra
3659 5709 3795 5766 cilia
