4180 6338
328 420 397 474 13
1634 423 2009 477 PROLOGUS
2049 424 2420 478 AUCTORIS.
3670 422 3689 473 l
3716 418 3733 473 ἓ

326 543 916 615 porrigeret;auditus
932 548 1126 599 autem
1142 542 1331 599 noxiis
1346 544 1506 599 sonis
1520 543 1741 599 aditum
1757 546 2089 616 obstruens,
2106 546 2319 601 stultas
2332 544 2637 601 etinutiles
2653 544 2969 616 repellebat
2984 544 3297 613 orationes,
3319 544 3565 615 illasque
3582 545 3739 599 solas

326 634 909 704 admittebatquibus
926 651 1091 691 mens
1110 634 1530 690 delectabatur.
1556 634 1652 689 Sic
1675 637 1984 699 odoratum
2008 639 2256 703 docuere
2276 653 2344 691 ea
2368 654 2480 691 non
2505 636 2837 693 desiderare
2869 651 2995 705 quae
3030 652 3270 689 suavem
3295 636 3572 690 emittunt
3595 636 3735 690 odo-

326 741 473 789 rem,
498 729 559 778 ut
588 723 803 794 quibus
825 728 1031 779 natura
1046 725 1379 779 sitinsitum
1398 725 1740 779 utmolliant
1760 733 1815 780 et
1838 726 2114 781 relaxent.
2131 727 2222 781 Sic
2244 726 2455 781 ventris
2477 723 2749 796 expulere
2773 724 3398 795 satietatem,eumque
3417 741 3483 779 ea
3505 741 3737 780 sumere

325 814 597 880 docuere,
614 830 742 883 quae
766 829 879 867 non
896 813 1251 884 voluptatem
1270 813 1670 877 afferrent,st
1692 830 1861 867 usum
1886 815 2328 885 implerent,nec
2344 813 2596 885 amplius
2615 830 2790 883 quam
2806 813 2959 883 quod
2986 814 3128 867 satis
3150 818 3305 868 esset
3325 814 3395 867 ad
3422 814 3735 885 prohiben-

326 904 468 957 dum
486 920 555 958 ne
570 903 721 957 fame
737 906 1122 957 morerentur.
1139 903 1229 956 Sic
1244 902 1434 956 somni
1460 902 1691 958 dulcem
1707 902 2022 958 dissolvere
2040 903 2410 975 tyrannidem
2430 921 2442 970 ;
2460 907 2661 963 etcum
2682 902 2813 957 cilia
2837 902 2906 957 ab
2932 903 3059 971 eius
3079 902 3364 958 servitute
3388 902 3738 957 liberassent

323 1010 391 1047 ea
424 1010 525 1064 pro
549 992 830 1047 servitute
850 992 1216 1047 dominatum
1240 993 1585 1060 docuerunt,
1604 996 1665 1045 ut
1688 992 1815 1062 ejus
1843 1010 2014 1048 usum
2040 993 2432 1058 admitterent,
2456 1009 2571 1046 non
2592 1008 2723 1045 cum
2748 991 3203 1062 ipseinvaderet,
3232 993 3328 1046 sed
3356 1008 3486 1046 cum
3513 991 3625 1063 ipsi
3644 1008 3737 1046 ac-

324 1087 645 1147 cerserent,
670 1081 739 1135 ad
766 1081 937 1135 breve
971 1085 1192 1135 natura?
1223 1080 1525 1136 auxilium.
1560 1081 1701 1135 Cum
1730 1098 1865 1151 ergo
1891 1098 2191 1135 murorum
2217 1086 2273 1135 et
2303 1085 2597 1152 portarum
2623 1080 2905 1135 custodiae
2931 1096 3058 1134 eam
3086 1097 3285 1134 curam
3312 1079 3657 1151 gessissent,
3686 1086 3743 1135 et

324 1171 576 1225 internis
593 1170 1047 1241 cogitationibus
1063 1169 1431 1223 concordiam
1450 1168 1882 1235 conciliassent,
1910 1169 2274 1225 adversarios
2308 1171 2668 1224 extrinsecus
2702 1168 3399 1235 invadentesirridebant,
3426 1170 3742 1241 quiviqui-

322 1260 459 1314 dem
477 1259 719 1328 intrare,
754 1264 991 1331 propter
1018 1259 1225 1313 divinae
1257 1259 1460 1330 gratiae
1490 1258 2406 1330 praesidium,puterant;nullum
2430 1257 3015 1312 auteminveniebant
3044 1259 3400 1329 proditorem
3437 1258 3536 1329 qui
3571 1259 3743 1314 vellet

320 1349 598 1405 inimicos
632 1349 955 1403 admittere.
991 1348 1059 1401 Et
1090 1365 1223 1403 cum
1254 1347 1450 1403 hostes
1483 1366 1549 1403 ea
1586 1354 1782 1403 essent
1814 1354 2021 1402 natura
2054 1366 2179 1421 quae
2204 1366 2315 1403 non
2349 1348 2505 1402 cadit
2537 1349 2645 1403 sub
2675 1352 2995 1417 aspectum,
3020 1364 3230 1418 corpus
3255 1349 3403 1417 quod
3426 1348 3653 1403 videtur
3683 1355 3740 1404 et

318 1438 641 1510 subjicitur
672 1442 894 1493 natura:
911 1436 1334 1505 necessatibus,
1351 1437 1578 1491 vincere
1599 1438 1841 1492 minime
1864 1442 2121 1509 potuere.
2141 1438 2277 1508 Ejus
2299 1438 2455 1493 enim
2482 1439 2686 1508 auriga
2710 1442 2763 1491 et
2787 1436 3049 1491 musicus
3071 1444 3123 1491 et
3142 1437 3497 1509 gubernator
3517 1438 3736 1509 optime

318 1529 566 1599 quidem
602 1532 805 1582 tenens
838 1527 1120 1595 habenas,
1141 1526 1310 1597 equis
1345 1527 1638 1597 persuasit
1663 1532 1725 1581 ut
1748 1532 1899 1582 recte
1922 1532 1977 1581 et
2007 1526 2209 1582 ordine
2242 1527 2659 1599 procederent;
2686 1542 2997 1580 numerose
3024 1530 3215 1581 autem
3248 1526 3492 1597 pulsans
3520 1526 3737 1599 chorda

318 1635 634 1676 sensuum.
673 1616 850 1671 efﬁcit
874 1620 937 1671 ut
968 1632 1181 1672 sonum
1214 1616 1373 1673 omni
1395 1633 1463 1670 ex
1487 1621 1648 1687 parte
1670 1616 2024 1673 concinnum
2049 1622 2105 1671 et
2129 1633 2453 1673 consonum
2479 1617 2827 1671 redderent:
2854 1616 3104 1670 scienter
3135 1621 3329 1670 autem
3366 1633 3598 1673 movens
3620 1617 3740 1671 cla-

314 1723 484 1772 vum,
516 1712 572 1761 et
602 1708 886 1761 lluctuum
920 1704 1194 1773 insultus,
1230 1710 1286 1759 et
1318 1710 1622 1760 ventorum
1674 1706 1843 1777 fregit
1888 1709 2163 1777 impetus.
2191 1706 2306 1761 Hos
2338 1723 2474 1777 ergo
2516 1706 2614 1777 qui
2642 1722 2743 1777 per
2768 1704 3221 1760 innumerabiles
3246 1706 3481 1777 quidem
3509 1706 3737 1761 labores

312 1796 457 1851 vitaz
508 1796 617 1849 iter
662 1795 911 1866 ingressi
946 1799 1106 1864 sunt,
1138 1794 1454 1850 sudoribus
1484 1800 1681 1850 autem
1729 1802 1784 1850 et
1814 1795 2235 1850 afflictionibus
2269 1812 2481 1868 corpus
2512 1795 2920 1865 edomuerunt,
2942 1799 2998 1849 et
3020 1795 3177 1861 risus
3210 1795 3445 1869 quidem
3480 1795 3735 1849 all‘ectio-

315 1902 459 1940 nem
493 1884 933 1959 ignoraverunt,
961 1884 1018 1939 in
1050 1882 1211 1938 luctu
1247 1889 1436 1939 autem
1472 1890 1527 1940 et
1557 1883 1828 1957 lacrymis
1862 1901 2097 1941 omnem
2128 1886 2305 1941 vitam
2336 1888 2870 1955 consumpserunt;
2898 1890 2953 1938 et
2986 1883 3220 1939 delicias
3254 1885 3489 1954 quidem
3508 1885 3740 1957 Sybari-

313 1974 473 2028 ticas
502 1973 888 2044 (t)jejunium
922 1973 1313 2040 aestimarunt,
1346 1990 1621 2028 somnum
1642 1978 1834 2029 autem
1866 1974 2285 2029 suavissimum
2323 1972 2645 2028 laboriosas
2664 1971 2923 2043 vigilias;
2950 1972 3123 2027 molle
3140 1974 3495 2044 stragulum,
3523 1976 3735 2029 durum

314 2062 516 2117 solum
545 2082 559 2129 ;
593 2060 947 2115 immensam
979 2064 1173 2116 autem
1208 2065 1267 2115 et
1297 2060 1703 2131 inexplebilem
1740 2061 2125 2133 voluptatem,
2160 2061 2217 2117 in
2250 2062 2613 2116 orationibus
2647 2066 2702 2115 et
2733 2060 3040 2115 cantandis
3072 2061 3317 2145 psalmis
3350 2062 3739 2117 conversatio-

313 2166 497 2215 nem;
532 2148 661 2217 hos,
694 2148 957 2220 inquam,
992 2148 1089 2220 qui
1123 2165 1495 2220 omnegenus
1517 2149 1752 2204 virtutis
1777 2149 2063 2221 complexi
2096 2150 2409 2221 sunt,quis
2443 2167 2555 2204 non
2578 2150 2700 2219 jure
2724 2149 2895 2203 fuerit
2917 2148 3371 2217 admiratus,vel
3396 2150 3741 2223 potiusquis

314 2257 425 2311 pro
462 2239 747 2310 dignitate
779 2256 979 2295 eorum
1004 2239 1210 2294 laudes
1244 2238 1652 2294 celebraverit?
1670 2244 1853 2309 Atque
1878 2258 1982 2312 ego
2015 2241 2252 2313 quidem
2277 2240 2421 2296 satis
2457 2240 2717 2314 intelligo
2748 2238 2969 2295 nullam
2993 2257 3160 2311 posse
3184 2240 3504 2295 orationem
3535 2258 3737 2296 eorum

309 2331 596 2384 virtutem
634 2329 891 2402 assequi,
912 2334 1000 2383 est
1023 2334 1217 2384 tamen
1252 2330 1725 2400 aggrediendum.
1751 2330 1870 2384 Non
1893 2332 2049 2385 enim
2072 2336 2225 2385 recte
2250 2330 2539 2398 habuerit,
2561 2329 2608 2384 si
2632 2330 2908 2402 quoniam
2932 2346 3126 2384 veram
3153 2330 3585 2401 philosophiam
3612 2347 3744 2401 per-

306 2421 459 2474 l'ecte
478 2418 984 2489 adamarunt,i‘deo
1009 2436 1077 2473 ne
1098 2420 1353 2473 minores
1374 2419 1610 2490 quidem
1634 2420 1835 2474 laudes
1856 2420 2585 2489 eonsequantur.Scribam
2607 2425 2803 2474 autem
2829 2419 3063 2473 laudem
3084 2436 3195 2473 non
3218 2437 3391 2474 unam
3416 2420 3742 2479 communi-

306 2515 402 2564 ter
434 2508 752 2574 omnibus;
789 2508 1016 2562 diversa
1048 2509 1201 2563 enim
1241 2510 1389 2563 dona
1420 2508 1503 2562 eis
1541 2509 1674 2563 data
1706 2516 1845 2563 sunt
1881 2509 2184 2563 divinitus.
2226 2509 2339 2565 lIoc
2376 2516 2565 2564 autem
2602 2510 2815 2575 docens
2848 2508 3081 2571 dicebat
3112 2510 3317 2563 beatus
3349 2509 3563 2564 Paulus
3591 2528 3601 2563 :
3628 2510 3737 2564 Alii

315 2598 480 2653 enim
516 2616 617 2669 per
648 2598 925 2669 Spiritum
959 2597 1133 2652 datur
1164 2615 1355 2652 sermo
1389 2598 1710 2669 sapientize,
1748 2598 1845 2652 alii
1881 2604 2072 2653 autem
2124 2615 2315 2653 sermo
2351 2599 2706 2668 cognitionis
2756 2599 3083 2653 secundum
3133 2598 3404 2652 eumdem
3438 2599 3739 2670 Spiritum,

311 2689 415 2744 alii
452 2694 645 2742 autem
684 2688 826 2741 fides
859 2687 916 2742 in
952 2689 1153 2742 eodem
1190 2687 1433 2757 Spiritu,
1464 2687 1561 2742 alii
1596 2692 1787 2742 autem
1823 2689 1975 2743 dona
2006 2688 2377 2744 curationum
2414 2687 2470 2741 in
2500 2688 2702 2743 eodem
2734 2687 2976 2759 Spiritu,
3008 2686 3102 2739 alii
3137 2691 3329 2741 autem
3374 2688 3738 2760 operationes

301 2776 726 2846 virtutum,alii
762 2780 956 2831 autem
993 2776 1423 2847 prophetia,alii
1449 2794 1660 2848 genera
1680 2776 2150 2847 linguarum,alii
2177 2782 2370 2831 autem
2398 2774 2767 2848 intepretatio
2793 2774 3125 2846 linguarum
3154 2775 3203 2844 (Ι
3232 2776 3350 2829 Cor.
3369 2778 3486 2847 xii).
3517 2777 3733 2831 Horum

310 2884 454 2921 vero
486 2867 746 2921 omnium
778 2867 1095 2921 ostendens
1128 2867 1343 2920 fontem
1379 2866 1723 2937 subjunxit:
1759 2866 1967 2920 Omnia
1998 2872 2196 2921 autem
2229 2867 2349 2920 hzec
2387 2872 2663 2936 operatur
2695 2882 2849 2919 unus
2894 2869 2949 2919 et
2984 2865 3131 2919 idem
3168 2866 3444 2937 Spiritus,
3474 2866 3736 2921 dividens

312 2956 637 3027 separatim
696 2954 1011 3025 unicuique
1043 2954 1195 3009 sicut
1226 2954 1367 3008 vult.
1404 2956 1689 3019 Quoniam
1721 2972 1857 3027 ergo
1891 2955 2119 3010 diversa
2151 2961 2289 3010 sunt
2321 2956 2474 3009 dona
2504 2954 2825 3019 consecuti,
2863 2954 3071 3007 merito
3104 2954 3571 3026 uniuscujusque
3604 2972 3736 3009 nar-

308 3045 606 3100 rationem
646 3045 788 3099 797
827 3043 1109 3099 faciemus
1142 3049 1468 3116 separatam
1507 3061 1519 3098 :
1559 3062 1675 3100 non
1707 3034 2073 3117 quaecunque
2117 3046 2187 3100 ab
2239 3046 2322 3099 eis
2348 3048 2512 3116 gesta
2557 3049 2695 3099 sunt
2726 3048 3162 3116 persequentes,
3189 3044 3260 3097 ad
3307 3060 3373 3097 ea
3403 3044 3555 3098 enim
3589 3045 3737 3100 scri-

307 3135 509 3190 benda
532 3150 605 3189 ne
636 3138 751 3188 tota
782 3135 1019 3205 quidem
1039 3134 1152 3187 vita
1172 3134 1494 3201 suffecerit;
1516 3135 1615 3189 sed
1643 3152 1773 3189 cum
1798 3153 1983 3206 pauca
2004 3137 2074 3190 de
2098 3135 2568 3205 uniuscujusque
2596 3150 2798 3187 eorum
2818 3133 3045 3187 vivendi
3074 3134 3313 3199 ratione,
3340 3138 3395 3187 et
3419 3135 3489 3189 de
3513 3134 3582 3188 iis
3605 3152 3734 3211 quae

302 3226 477 3291 fecit,
497 3224 1013 3289 narraverimus,et
1036 3224 1235 3293 paucis
1259 3223 1434 3279 totius
1453 3224 1585 3279 vitae
1600 3224 1998 3280 characterem
2015 3232 2070 3280 et
2093 3226 2335 3280 formam
2362 3223 2894 3295 ostenderimus,ad
2913 3222 3091 3277 alium
3120 3224 3732 3297 transibimus.Neque

306 3330 447 3369 vero
480 3312 744 3367 omnium
778 3316 1139 3380 sanctorum,
1172 3313 1271 3384 qui
1306 3313 1526 3385 ubique
1558 3314 1820 3385 insignes
1848 3317 2141 3381 exstitere,
2165 3313 2291 3367 vita:
2326 3312 2629 3381 historiam
2667 3311 2878 3367 litteris
2913 3312 3191 3366 mandare
3223 3312 3606 3381 conabimur;
3633 3330 3731 3367 ne-

306 3418 426 3473 que
458 3402 617 3471 enim
661 3417 758 3456 eos
789 3400 1125 3472 quiubique
1148 3400 1287 3455 clari
1312 3402 1473 3456 fuere
1503 3404 1938 3473 cognoscimus,
1960 3419 2149 3474 neque
2181 3402 2303 3457 ﬁeri
2340 3406 2531 3473 potest
2558 3405 2623 3455 ut
2655 3417 2808 3475 unus
2839 3400 3171 3467 conscribat
3201 3401 3269 3455 de
3302 3400 3595 3461 omnibus.
3624 3402 3728 3457 Eo-

306 3507 441 3545 rum
477 3507 613 3561 ergo
645 3489 835 3545 solum
868 3489 1046 3544 vitam
1080 3489 1430 3557 describam,
1467 3490 1566 3562 qui
1594 3496 1873 3561 tanquam
1906 3492 2134 3546 lumina
2163 3490 2375 3559 fulsere
2412 3490 2467 3543 in
2502 3490 2752 3559 Oriente,
2785 3493 2841 3543 et
2881 3489 3026 3563 lines
3056 3489 3217 3557 orbis
3268 3495 3551 3545 terrarum
3604 3491 3729 3546 suis

310 3579 608 3652 complexi
643 3585 782 3635 sunt
812 3579 1337 3634 radiis.Narrando
1370 3589 1561 3635 autem
1588 3581 1861 3651 procedet
1884 3583 2217 3648 oratio,non
2245 3585 2417 3636 utens
2445 3580 2676 3653 legibus
2704 3578 3236 3647 encomiorum,sed
3257 3596 3442 3651 pauca
3464 3581 3731 3650 quaedam

302 3687 443 3725 vere
478 3670 928 3740 referensliogo
958 3672 1152 3723 autem
1170 3668 1341 3739 quiin
1374 3668 2657 3741 bancreligiosam,inciderinthistoriamseu
2676 3669 2920 3723 formam
2937 3667 3275 3737 monasticae
3299 3670 3732 3725 exercitationis

306 3762 499 3832 (vocet
534 3757 687 3813 enim
722 3757 856 3829 quis
890 3757 999 3812 hoc
1032 3775 1179 3830 opus
1213 3762 1277 3812 ut
1304 3758 1576 3829 voluerit,
1610 3775 1683 3814 ne
1714 3760 1785 3814 iis
1818 3777 1946 3830 quae
1980 3760 2259 3814 dicuntur
2290 3759 2488 3813 minus
2519 3758 2779 3825 credant,
2814 3757 2862 3811 si
2894 3757 3029 3829 quid
3066 3757 3310 3811 audiant
3342 3760 3495 3829 quod
3529 3776 3731 3814 eorum

304 3850 462 3904 vires
498 3849 774 3920 superet),
812 3865 917 3903 nec
949 3864 1011 3903 se
1047 3846 1281 3903 illorum
1315 3848 1590 3904 virtutem
1628 3850 1971 3917 metiantur,
2006 3849 2106 3903 sed
2140 3852 2337 3919 aperte
2369 3847 2561 3902 sciant
2592 3847 2745 3917 quod
2790 3845 3018 3917 piorum
3056 3846 3269 3899 animis
3306 3851 3455 3902 Deus
3484 3849 3735 3920 desuper

305 3939 556 3994 metitur
585 3939 738 3992 dona
765 3936 1122 3992 sanctissimi
1153 3938 1428 4009 Spiritus,
1460 3942 1515 3993 et
1546 3939 1773 4009 majora
1821 3939 2073 4011 largitur
2095 3937 2557 4009 perfectioribus.
2593 3935 2720 3988 Hazc
2748 3942 2941 3989 autem
2970 3952 3003 3988 a
3035 3951 3126 4007 me
3157 3935 3312 3988 dicta
3344 3941 3484 3990 sunt
3524 3938 3594 3991 ad
3635 3954 3733 3992 eos

305 4028 413 4099 qui
450 4028 512 4081 in
563 4044 757 4081 rerum
795 4026 1124 4080 divinarum
1160 4025 1456 4097 mysteriis
1488 4044 1602 4082 non
1636 4033 1776 4081 sunt
1808 4028 2127 4082 admodum
2162 4031 2433 4081 accurate
2465 4024 2701 4079 initiati.
2725 4024 2919 4096 Mysten
2953 4024 3109 4078 enim
3142 4026 3452 4093 adytorum
3484 4025 3734 4096 Spiritus

308 4119 513 4173 sciunt
543 4115 792 4187 gloriam
828 4115 1103 4186 Spiritus,
1130 4122 1185 4170 et
1216 4132 1485 4186 quaenam
1519 4134 1621 4188 per
1652 4116 1920 4171 homines
1954 4116 2010 4171 in
2043 4115 2385 4170 hominibus
2417 4114 2592 4169 faciat
2622 4113 2926 4181 miracula,
2953 4112 3253 4168 attrahens
3286 4113 3629 4170 incrudulos
3660 4116 3733 4170 ad

309 4206 411 4261 Dei
443 4204 858 4277 cognitionem.
892 4204 998 4267 Qui
1031 4210 1225 4260 autem
1260 4221 1374 4260 non
1409 4209 1498 4260 est
1528 4206 1859 4260 crediturus
1892 4206 1962 4260 iis
1987 4222 2165 4275 quam
2197 4222 2288 4258 me
2320 4204 2567 4271 dicenda
2599 4209 2760 4281 sunt,
2783 4202 3004 4257 clarum
3026 4208 3115 4257 est
3142 4220 3275 4271 eum
3310 4221 3381 4258 ne
3404 4203 3475 4259 iis
3494 4205 3732 4275 quidem

316 4296 558 4352 credere
590 4298 875 4366 tanquam
908 4294 1060 4348 veris
1093 4311 1217 4364 quae
1242 4311 1343 4367 per
1366 4295 1647 4367 Moysem,
1665 4293 2246 4365 et]esum,etEliam,
2268 4298 2323 4347 et
2349 4293 2619 4347 Eliszeum
2638 4292 2789 4347 facta
2811 4292 3201 4357 sunt,babere
3225 4297 3418 4347 autem
3434 4291 3607 4348 etiam
3630 4310 3734 4365 pro

308 4384 532 4440 fabulis
548 4382 834 4438 miracula
858 4400 983 4454 qua:
1002 4383 1587 4439 l'actasuntasanctis
1608 4383 1909 4455 apostolis;
1926 4383 2227 4437 sinautem
2254 4381 2352 4435 illa
2373 4398 2497 4436 esse
2521 4398 2652 4437 vera
2674 4385 2942 4449 testatur,
2959 4380 3079 4435 haec
3104 4398 3335 4453 quoque
3358 4384 3738 4453 credatessea

308 4474 463 4530 falso
497 4472 726 4540 aliena;
762 4489 891 4543 quae
938 4472 1095 4526 enim
1130 4472 1187 4526 in
1221 4471 1338 4527 illis
1371 4478 1608 4543 operata
1639 4477 1728 4527 est
1758 4472 1969 4543 gratia,
2002 4488 2068 4527 ea
2100 4488 2203 4543 per
2235 4470 2363 4525 illos
2399 4488 2631 4545 quoque
2667 4470 2799 4525 fecit
2834 4487 2901 4545 ea
2931 4488 3060 4542 quae
3100 4470 3253 4525 fecit.
3280 4470 3557 4527 Perennis
3579 4471 3735 4529 enim

310 4562 523 4638 gratia,
540 4566 597 4618 et
611 4578 707 4617 eos
724 4562 822 4632 qui
839 4560 1001 4632 digni
1021 4561 1605 4645 sunteligens,veiuti
1624 4561 2021 4633 perquosdam
2040 4560 2333 4630 salientes,
2352 4560 2570 4631 perhos
2586 4560 2791 4614 eﬂ'udit
2814 4560 3032 4614 fluenta
3062 4577 3179 4629 suae
3210 4561 3587 4632 operationis.

382 4651 462 4705 Ex
484 4650 555 4705 iis
578 4654 772 4705 autem
799 4666 924 4720 quae
951 4654 1092 4704 sunt
1113 4648 1520 4721 dicenda,ipse
1545 4650 1778 4720 quidem
1797 4648 1913 4703 vidi
1935 4648 2221 4704 nonnulla
2247 4673 2259 4713 ;
2286 4665 2409 4719 quae
2433 4653 2628 4703 autem
2657 4665 2767 4703 non
2800 4648 2940 4713 vidi,
2976 4648 3173 4702 audivi
3205 4648 3275 4703 ab
3310 4648 3425 4703 illis
3444 4649 3542 4719 qui
3568 4650 3731 4705 vide-

308 4744 472 4809 runt,
505 4739 894 4794 virisvirtutis
926 4740 1264 4794 amantibus
1294 4743 1352 4794 et
1384 4739 1484 4810 qui
1518 4739 1838 4811 dignisunt
1860 4738 2126 4794 habitiut
2156 4737 2551 4805 eosviderent,
2587 4742 2641 4791 et
2663 4754 2864 4791 eorum
2893 4737 3728 4793 doctrinafruerentur.Evan-

303 4828 715 4901 gelicaaautem
733 4826 1338 4898 doctrinzescriptores
1362 4827 1474 4881 fide
1497 4826 1659 4898 digni
1685 4844 1799 4882 non
1825 4825 2015 4881 solum
2041 4830 2180 4881 sunt
2198 4825 2507 4880 Matthaeus
2534 4830 2592 4879 et
2612 4824 3095 4897 Joannes,magni
3120 4830 3175 4880 et
3198 4825 3369 4896 primi
3396 4826 3450 4879 in
3470 4827 3733 4898 Evange-

308 4919 488 4985 listis,
507 4919 606 4990 qui
632 4917 860 4973 Domini
884 4918 1079 4972 videre
1102 4916 1523 4985 miracula,sed
1547 4918 1723 4973 etiam
1758 4919 1946 4973 Lucas
1978 4921 2034 4972 et
2056 4916 2321 4971 Marcus:
2348 4933 2493 4986 quos
2518 4916 2618 4987 qui
2644 4918 2713 4971 ab
2741 4915 2905 4970 initio
2932 4916 3290 4982 viderunt,et
3308 4916 3544 4972 fuerunt
3563 4918 3735 4972 Verbi

308 5006 601 5079 ministri,
622 5024 737 5062 non
773 5007 959 5062 solum
987 5024 1112 5077 quae
1136 5024 1347 5078 passus
1372 5012 1461 5062 est
1482 5012 1539 5061 et
1564 5024 1686 5078 quae
1711 5007 1847 5062 fecit
1868 5006 2175 5083 Dominus,
2200 5006 2300 5062 sed
2325 5023 2391 5061 ea
2414 5006 2589 5061 etiam
2620 5023 2744 5077 quae
2771 5010 3048 5079 perpetuo
3067 5006 3286 5075 docuit,
3312 5012 3579 5064 accurate
3602 5008 3739 5063 edo-

308 5102 589 5153 cuerunt.
612 5097 839 5152 Etenim
874 5113 1005 5151 cum
1040 5114 1154 5152 non
1176 5098 1419 5153 vidisset
1448 5097 1572 5167 ipse
1588 5098 1796 5152 beatus
1817 5098 2028 5163 Lucas,
2048 5096 2106 5152 in
2138 5097 2424 5169 principio
2442 5096 2636 5167 operis
2659 5096 2800 5151 dicit
2820 5112 2881 5152 se
2904 5113 2970 5152 ea
2992 5113 3253 5161 narrare,
3278 5097 3349 5151 de
3378 5097 3592 5168 quibus
3611 5114 3736 5153 cer-

303 5189 427 5244 tior
449 5186 639 5241 factus
671 5190 780 5241 est.
802 5185 919 5241 Nos
944 5190 1140 5241 autem
1174 5186 1284 5240 etsi
1309 5186 1623 5241 audiamus
1646 5202 1780 5241 eum
1805 5203 1920 5241 non
1953 5186 2170 5241 vidisse
2201 5202 2267 5241 ea
2297 5202 2427 5257 quae
2459 5190 2679 5254 narrat,
2701 5185 2799 5240 sed
2818 5184 2967 5240 hanc
2990 5185 3315 5241 doctrinam
3346 5186 3639 5258 accepisse
3662 5188 3735 5247 ab

303 5276 467 5345 aliis,
497 5292 611 5331 non
646 5274 844 5330 minus
866 5274 919 5330 ei
947 5279 1004 5330 et
1028 5275 1220 5330 Marco
1240 5274 1537 5330 credimus
1563 5292 1740 5347 quam
1771 5274 2039 5330 Matthreo
2063 5274 2342 5329 etJoanni
2366 5293 2378 5339 ;
2405 5278 2649 5345 uterque
2675 5276 2831 5330 enim
2856 5279 2944 5329 est
2966 5274 3023 5329 in
3050 5275 3340 5329 narrando
3362 5275 3474 5331 ﬁde
3496 5276 3735 5347 dignus,

308 5370 379 5420 ut
402 5364 504 5436 qui
537 5364 821 5420 dedicerit
844 5364 914 5419 ab
938 5364 1021 5420 eis
1045 5365 1142 5435 qui
1168 5364 1593 5420 viderunt.Nos
1612 5365 1810 5435 itaque
1829 5364 1942 5420 alia
1961 5365 2195 5435 quidem
2218 5364 2591 5419 narrabimus
2616 5368 2679 5419 ut
2702 5382 2831 5435 quas
2860 5381 2892 5418 a
2909 5363 3077 5419 nobis
3095 5364 3217 5418 visa
3234 5364 3352 5420 sint
3373 5382 3386 5433 ;
3407 5365 3521 5421 alia
3538 5370 3735 5422 autem

309 5459 381 5509 ut
404 5453 507 5525 qui
533 5453 958 5509 crediderimus
981 5454 1064 5509 eis
1088 5454 1186 5525 qui
1210 5455 1478 5509 viderant
1499 5454 1878 5519 narrantibus
1898 5454 2059 5523 viris,
2081 5455 2181 5526 qui
2203 5454 2436 5509 illorum
2462 5453 2641 5509 vitam
2667 5459 2807 5509 sunt
2828 5451 3103 5515 simulati.
3122 5453 3424 5508 Prolixiori
3448 5463 3639 5510 autem
3665 5455 3736 5509 de

316 5542 394 5598 iis
417 5558 565 5597 usus
598 5558 729 5597 sum
761 5542 1041 5611 oratione,
1067 5543 1207 5597 dum
1230 5543 1359 5598 volo
1382 5543 1735 5614 persuadere
1767 5559 1859 5598 me
1888 5560 2025 5599 vera
2054 5546 2453 5599 narraturum.
2477 5543 2618 5598 Hinc
2643 5550 2833 5598 autem
2862 5541 3136 5614 deinceps
3160 5559 3400 5599 narrare
3432 5542 3732 5615 incipiam.
