4180 6338
368 411 436 463 21
1518 408 1994 477 PHILOTHEUS,
2038 422 2161 461 SIVE
2202 412 2676 465 THEOPHILES.
3726 418 3797 470 23

364 544 570 593 autem
599 536 880 591 dilectum
902 538 959 590 et
985 538 1159 590 noctu
1202 534 1544 604 somniaret,
1568 539 1624 589 et
1662 533 1915 589 interdiu
1946 533 2027 588 vi-
2059 541 2114 607 Α
2143 534 2362 591 Deinde
2384 537 2575 608 operis
2600 539 2750 593 facta
2774 540 3253 610 commutatione,
3282 540 3530 597 alterum
3554 542 3795 612 quidem

362 629 531 682 sione
564 625 1051 698 apprehenderat.
1087 625 1248 679 Hanc
1269 640 1563 679 summam
1595 623 1722 693 ejus
1763 622 2025 693 philoso-

364 716 566 789 phiam
584 733 716 771 cum
736 714 904 770 multi
920 712 1391 779 didicissent,alii
1408 713 1645 785 quidem
1667 712 1764 783 qui
1783 714 2023 784 propius

364 805 736 873 habitabant,
762 803 861 858 alii
890 819 1020 858 vero
1041 802 1141 873 qui
1165 802 1668 858 remotius.Allata
1687 803 1841 858 enim
1870 806 2023 858 fama

365 895 749 968 percurrebat
766 894 821 947 in
836 909 1040 948 omnes
1057 892 1665 963 partes,accurrebant
1685 890 2022 964 supplican-

359 992 451 1040 tes
467 990 532 1039 ut
549 994 749 1039 essent
770 982 1052 1054 palaestras
1070 981 1472 1052 participes,et
1490 981 1540 1035 ei
1565 986 1847 1052 tanquam
1861 997 2020 1036 exer-

361 1072 727 1129 citatationis
753 1071 1035 1143 magistro
1077 1075 1134 1127 et
1174 1070 1506 1141 paedotriba:
1534 1074 1826 1141 parentes,
1866 1070 2019 1124 vive-

359 1172 490 1219 rent
524 1165 582 1217 in
615 1168 939 1234 posterum.
974 1161 1099 1216 Non
1131 1160 1324 1216 solum
1357 1161 1514 1215 enim
1561 1177 1693 1215 aves
1734 1164 2021 1215 venantur

358 1258 669 1319 canentes,
692 1256 750 1307 et
768 1252 839 1307 ad
864 1268 927 1306 se
949 1268 1047 1306 eas
1074 1254 1405 1319 evocantes,
1445 1267 1571 1322 quae
1595 1254 1731 1305 sunt
1753 1251 2018 1321 ejusdem

358 1344 621 1411 generis,
638 1347 695 1397 et
719 1342 1003 1413 subjectis
1026 1340 1256 1413 laqueis
1280 1341 1681 1410 implicantes;
1719 1341 1819 1395 sed
1842 1340 2018 1395 etiam

361 1433 639 1488 homines
658 1436 948 1487 venantur
965 1448 1063 1486 eos
1087 1431 1189 1501 qui
1215 1435 1353 1486 sunt
1376 1431 1644 1500 ejusdem
1671 1428 2016 1499 naturae,alii

356 1523 600 1591 quidem
618 1522 687 1575 ad
712 1519 1099 1583 exitium,a1ii
1125 1536 1257 1574 vero
1281 1520 1350 1573 ad
1378 1518 1751 1574 salutem.Sic
1775 1532 2013 1589 congre-

357 1612 481 1682 gati
501 1610 737 1682 quidem
758 1610 870 1665 cito
890 1611 1053 1664 fuere
1080 1609 1303 1675 decem,
1329 1609 1537 1663 deinde
1566 1608 1747 1679 duplo
1768 1612 1824 1662 et
1844 1608 2017 1678 triplo

358 1700 585 1770 plures.
618 1704 733 1754 Eos
772 1704 969 1754 autem
1003 1714 1135 1753 cum
1174 1703 1256 1753 tot
1286 1697 1835 1769 essent,accipiebat
1869 1696 2015 1751 illud

352 1792 659 1857 antrum;a
679 1805 818 1843 sene
832 1787 989 1843 enim
1010 1788 1338 1843 didicerant
1358 1785 1651 1858 negligere
1675 1803 1875 1841 curam
1897 1803 2020 1840 cor-

354 1880 935 1951 poris:vescebantur
947 1883 1141 1935 autem
1164 1879 1274 1951 ipsi
1294 1894 1527 1949 quoque
1549 1877 1826 1933 similiter
1838 1884 2015 1949 atque
2048 1913 2094 1976 Β

352 1969 701 2041 ρωᾱοΐτὶδει,
724 1968 1049 2024 hordeaceo
1070 1982 1220 2039 pane
1244 1966 1364 2023 sale
1383 1968 1639 2023 condito.
1667 1965 1879 2038 Aliquo
1904 1984 2009 2021 au-

350 2064 475 2114 tem
500 2062 639 2129 post
661 2064 944 2129 tempore,
968 2062 1025 2113 et
1048 2057 1209 2113 alera
1254 2061 1462 2129 sponte
1506 2056 1809 2111 nascentia
1850 2054 2010 2110 colli-

346 2152 581 2219 gentes,
612 2148 825 2202 deinde
852 2146 1009 2202 dolia
1032 2146 1369 2218 implentes,
1393 2149 1450 2201 et
1483 2144 1683 2200 murice
1717 2150 2007 2216 quantum

346 2237 497 2292 satis
522 2235 1070 2303 eratmiscentes,id
1085 2236 1382 2290 habebant
1402 2235 1711 2290 obsonium
1740 2233 1839 2305 qui
1862 2249 2009 2305 Opus

346 2326 648 2381 habebant
670 2326 989 2381 curatione.
1006 2324 1108 2379 His
1133 2328 1329 2379 autem
1356 2324 1618 2379 oleribus
1637 2322 1882 2377 humida
1903 2322 2007 2376 ha-

346 2414 611 2469 bitacula
635 2417 796 2484 {sunt
834 2414 1087 2469 maxime
1114 2414 1360 2481 infesta;
1390 2411 1579 2468 solent
1601 2415 1756 2466 enim
1780 2428 1886 2466 sua
1912 2428 2007 2465 na-

347 2509 486 2560 tura
514 2504 601 2559 eis
632 2504 975 2575 ingenerare
1005 2503 1185 2558 situm
1222 2507 1281 2558 et
1310 2502 1794 2573 putrefactionem
1823 2518 1836 2555 :
1871 2516 2005 2556 cum

342 2595 488 2650 huic
508 2611 645 2665 ergo
667 2593 913 2649 obsonio
936 2593 992 2647 id
1036 2591 1361 2648 accedisset
1398 2592 1549 2661 (erat
1575 2590 1731 2645 enim
1766 2594 2002 2645 antrum

349 2687 656 2756 undiquaq
670 2701 738 2739 ue
758 2683 927 2738 valde
948 2683 1307 2750 humidum),
1324 2682 1736 2753 supplicarunt
1758 2680 1884 2735 seni
1908 2697 2002 2735 so-

345 2774 535 2843 dales,
561 2778 623 2827 ut
655 2772 767 2828 sibi
814 2788 1049 2843 parvam
1083 2770 1344 2841 aliquam
1369 2769 2004 2825 domunculamliceret

344 2868 671 2927 exstruere,
696 2878 823 2932 quae
856 2861 1152 2915 sufliceret
1172 2858 1399 2914 obsonii
1435 2858 1594 2915 vasis
1615 2858 1997 2929 accipiendis.

343 2952 447 3007 Ille
462 2957 655 3007 autem
674 2952 863 3023 primo
885 2950 1121 3022 quidem
1148 2948 1507 3023 postulatum
1533 2948 1772 3004 minime
1792 2949 2000 3004 admit-

343 3042 508 3097 tebat
548 3058 560 3097 :
608 3041 845 3096 tandem
878 3045 1073 3095 autem
1128 3056 1450 3111 persuasus
1483 3039 1541 3109 (a
1589 3055 1801 3110 magno
1841 3040 1997 3093 enim

337 3131 525 3188 Paulo
548 3132 831 3187 didicerat
845 3148 957 3186 non
974 3147 1373 3202 quaerereques
1388 3146 1493 3184 sua
1515 3130 1701 3200 sunt[I
1722 3129 1997 3200 Cor.xm],

345 3222 447 3277 sed
474 3220 694 3293 aliquid
742 3221 1059 3276 concedere
1096 3224 1152 3274 et
1188 3235 1250 3274 se
1291 3219 1732 3274 accommodare
1756 3218 1995 3272 humili-

2144 634 2479 697 surgentem
2493 629 2974 695 canere,alterum
2988 648 3119 687 vero
3135 633 3295 687 humi
3314 635 3793 706 procumbentem

2144 715 2471 781 adorare,et
2493 718 2547 772 id
2573 736 2604 772 a
2631 736 2799 774 mane
2820 737 3003 790 usque
3028 722 3095 774 ad
3122 723 3528 789 crepusculum
3556 724 3791 778 assidue

2143 804 2451 859 faciebant.
2484 808 2635 861 Ante
2654 824 2925 863 occasum
2948 815 3142 864 autem
3168 811 3329 876 solis,
3368 813 3423 867 in
3448 818 3613 868 antro
3647 831 3788 884 pau-

2140 892 2325 948 lulum
2357 895 2751 965 quiescentes,
2776 897 2833 950 hi
2860 898 3100 968 quidem
3150 900 3309 969 hinc,
3335 900 3417 955 illi
3440 918 3573 957 vero
3599 902 3780 967 illinc,

2136 998 2343 1037 omnes
2373 999 2507 1039 vero
2542 986 2938 1056 undequaque
2968 986 3025 1041 in
3060 993 3294 1042 antrum
3332 991 3779 1061 conveniebant,

2135 1075 2191 1124 et
2230 1070 2477 1143 hymnos
2522 1073 2883 1144 vespertinos
2928 1075 3105 1129 simul
3168 1078 3412 1132 Domino
3444 1080 3782 1135 offerebant.

2135 1160 2287 1216 802
2320 1161 2551 1216 Solebat
2580 1168 2775 1217 autem
2809 1163 2931 1233 ipse
2963 1181 3197 1235 quoque
3233 1183 3408 1222 senex
3458 1185 3642 1223 unum
3676 1170 3783 1223 ali-

2149 1266 2322 1321 quem
2345 1269 2412 1306 ex
2434 1252 2854 1322 insignioribus
2882 1271 3183 1310 assumere
3214 1256 3438 1311 socium
3472 1258 3670 1316 ofﬁcii.

2205 1341 2569 1410 Sequebatur
2620 1346 2815 1397 autem
2866 1360 2999 1398 eum
3046 1345 3383 1414 fequentius
3413 1347 3500 1401 vir
3530 1349 3768 1417 quidam

2131 1445 2341 1499 genere
2367 1431 2603 1501 quidem
2624 1429 3013 1497 Persa,forma
3033 1439 3231 1489 autem
3256 1436 3518 1505 corporis
3534 1452 3785 1506 magnus

2134 1524 2190 1572 et
2211 1519 2795 1583 admirabilis,f0rma
2816 1538 2947 1575 vero
2972 1523 3232 1593 corporis
3252 1523 3441 1594 magis
3464 1524 3781 1578 admirabi-

2131 1606 2243 1661 lem
2276 1608 2615 1679 possidebat
2651 1610 2929 1664 animam.
2974 1612 3109 1665 Erat
3139 1620 3329 1665 autem
3365 1611 3413 1665 ei
3449 1629 3656 1667 nomen
3683 1613 3779 1667 Ja-

2131 1697 2468 1767 cobus(i1),
2512 1698 2609 1767 qui
2642 1698 2813 1752 etiam
2854 1704 2988 1769 post
3036 1699 3195 1754 illius
3245 1704 3490 1755 mortem
3526 1700 3583 1754 in
3617 1704 3776 1756 omni

2130 1788 2365 1857 quidem
2401 1788 2611 1842 virtute
2642 1788 3024 1860 resplenduit.
3059 1790 3191 1845 Fuit
3221 1797 3417 1846 autem
3447 1791 3697 1862 insignis
3719 1798 3776 1846 et

2128 1877 2400 1945 illustris,
2425 1895 2539 1932 non
2581 1878 2652 1932 iis
2688 1878 2828 1933 solis
2852 1896 2980 1950 qua:
3004 1879 3122 1934 illic
3143 1885 3331 1947 erant,
3358 1882 3459 1936 sed
3501 1880 3676 1935 etiam
3700 1881 3772 1935 iis

2126 1983 2253 2037 quae
2285 1972 2452 2020 erant
2486 1966 2538 2020 in
2564 1966 2730 2037 Syria
2758 1967 3142 2039 philosophias
3164 1969 3492 2041 gymnasiis
3523 1985 3624 2024 seu
3650 1986 3774 2025 mo-

2124 2054 2421 2121 nasteriis,
2456 2056 2514 2109 in
2558 2055 2774 2126 quibus
2815 2057 2989 2112 etiam
3024 2057 3202 2111 vitam
3239 2058 3411 2123 finiit,
3436 2074 3568 2113 cum
3596 2058 3775 2113 vixis-

2123 2149 2231 2213 set,
2266 2148 2328 2198 ut
2361 2144 2561 2213 fertur,
2595 2150 2829 2199 centum
2871 2151 2927 2199 et
2975 2151 3230 2216 quatuor
3281 2164 3487 2203 annos.
3544 2147 3597 2202 Is
3639 2164 3772 2202 cum

2122 2238 2277 2289 esset
2307 2250 2518 2304 magno
2569 2234 2695 2289 seni
2754 2235 2824 2289 ad
2876 2234 3255 2290 solitudinem
3288 2237 3390 2290 vice
3436 2252 3650 2305 comes,
3681 2253 3771 2292 sc-

2123 2324 2412 2394 quebatur
2445 2323 2694 2379 eminus.
2722 2327 2847 2379 Non
2872 2324 3103 2379 sinebat
3132 2326 3289 2379 enim
3321 2326 3603 2398 magister
3632 2342 3768 2381 eum

2121 2412 2362 2483 propius
2402 2413 2693 2479 accedere,
2731 2430 2801 2468 ne
2830 2414 3055 2468 occasio
3088 2414 3418 2469 disserendi
3451 2431 3520 2469 ex
3561 2431 3627 2469 eo
3661 2432 3764 2469 su-

2121 2506 2401 2569 meretur;
2433 2518 2626 2557 sermo
2672 2507 2865 2556 autem
2895 2502 3261 2557 abstraheret
3295 2509 3552 2559 mentem
3600 2523 3632 2559 a
3662 2505 3763 2559 Dei

2119 2590 2630 2661 contemplatione.
2671 2591 2932 2661 Sequens
2963 2596 3182 2656 autem,
3216 2592 3275 2646 in
3306 2592 3397 2647 via
3444 2593 3591 2647 vidit
3620 2594 3763 2649 dra-

2118 2697 2321 2736 conem
2356 2680 2711 2745 maximum;
2745 2679 2951 2735 deinde
2982 2698 3116 2735 eum
3163 2684 3613 2753 contemplatus,
3646 2700 3763 2738 non

2117 2780 2205 2825 est
2239 2770 2478 2840 quidem
2513 2787 2695 2825 ausus
2736 2771 3006 2842 progredi
3038 2787 3173 2825 cum
3211 2787 3363 2843 saepe
3401 2776 3597 2827 autem
3626 2788 3758 2829 eum

2117 2864 2418 2931 pree‘metu
2472 2860 2748 2914 voluisset
2796 2860 3112 2926 declinare,
3146 2876 3354 2915 rursus
3396 2860 3763 2916 conﬁrmavit

2116 2948 2403 3004 animum.
2437 2949 2654 3004 Deinde
2694 2966 2828 3004 cum
2878 2949 3198 3005 inclinatus
3244 2950 3567 3021 accepisset
3612 2952 3759 3022 lapi-

2116 3040 2244 3094 dem
2267 3044 2323 3094 et
2353 3056 2485 3095 eum
2519 3040 2879 3112 projecisset,
2914 3040 3060 3095 vidit
3106 3041 3419 3095 draconem
3465 3040 3522 3095 in
3556 3042 3759 3096 eodem

2117 3133 2270 3183 statu
2308 3134 2639 3183 manentem
2665 3146 2780 3183 non
2814 3146 2984 3199 posse
3009 3145 3070 3184 se
3093 3130 3330 3185 omnino
3356 3130 3759 3185 movere.Cum

2115 3223 2311 3272 autem
2341 3233 2475 3271 eum
2510 3216 2894 3273 intellexisset
2916 3235 3043 3273 esse
3065 3224 3386 3288 mortuum,
3406 3219 3761 3275 existimavit

334 3310 500 3381 bus),
532 3281 693 3365 dedit
714 3308 952 3380 quidem
976 3307 1345 3365 domunculae
1393 3309 1623 3363 brevem
1670 3308 1985 3379 quamdam
2018 3281 2061 3344 C
2101 3324 2229 3361 esse
2264 3323 2413 3377 opus
2465 3307 2624 3362 senis
2679 3312 2929 3362 mortem
2970 3306 3198 3363 belluas.
3248 3281 3518 3364 Confecto
3550 3313 3745 3364 autem

331 3404 392 3455 et
415 3399 691 3470 exiguam
719 3397 1233 3463 mensuram,abiit
1256 3402 1451 3453 autem
1479 3396 1679 3467 procul
1706 3397 1777 3451 ab
1802 3400 1988 3463 antro,

333 3489 546 3545 solitas
568 3487 874 3543 oblaturus
912 3493 1029 3544 Deo
1073 3486 1553 3558 supplicationes.
1592 3484 1809 3541 Solitns
1830 3485 1986 3541 enim

331 3584 461 3633 erat
479 3592 631 3648 saepe
647 3577 884 3648 quidem
901 3576 1329 3647 quinquaginta
1352 3575 1991 3643 stadia,nonnuuquam

332 3670 536 3721 autem
568 3666 743 3720 etiam
780 3665 871 3720 bis
909 3664 1147 3719 totidem
1178 3665 1237 3719 in
1264 3665 1561 3719 desertum
1588 3663 1986 3734 proficiscens,

322 3762 382 3810 et
404 3771 471 3810 se
501 3755 574 3809 ab
599 3755 759 3811 omni
778 3754 1037 3809 humana
1063 3753 1491 3809 consuetudine
1514 3769 1813 3822 separans,
1840 3755 1897 3806 et
1917 3752 1987 3804 ad

324 3844 597 3915 seipsum
626 3844 877 3913 rediens,
905 3859 1006 3914 per
1029 3859 1087 3898 se
1112 3858 1245 3897 cum
1288 3842 1405 3898 Deo
1445 3840 1719 3912 congredi
1743 3857 1810 3895 ac
1836 3841 1985 3910 ,con-

324 3935 574 4001 versari,
599 3938 657 3989 et
692 3933 951 3988 divinam
999 3931 1162 3987 illam
1203 3935 1261 3986 et
1298 3930 1655 3986 ineffabilem
1696 3928 1985 4001 speculari

329 4021 861 4095 pulchritudinem.
892 4025 1012 4076 Hoc
1053 4021 1237 4076 otium
1278 4037 1413 4075 eum
1437 4019 1853 4090 sumpsissent,
1886 4018 1983 4089 qui

330 4117 398 4167 ut
429 4111 624 4166 abillo
649 4128 789 4167 cura
811 4127 1013 4167 eorum
1048 4114 1368 4182 gereretur,
1395 4108 1553 4180 digni
1583 4114 1751 4163 erant
1777 4109 1983 4177 habiti,

329 4202 470 4257 usui
504 4201 934 4273 quidemjusta
980 4199 1323 4271 symmetria
1364 4199 1835 4270 respondentem,
1884 4199 1983 4253 sed

332 4291 619 4360 majorem
653 4306 832 4362 quam
867 4289 1024 4359 jussi
1079 4289 1330 4353 fuerant,
1364 4292 1702 4343 exstruxere
1730 4287 1983 4341 domun-

332 4379 558 4437 culam.
590 4379 819 4435 Decimo
866 4383 1062 4434 autem
1094 4378 1211 4446 die,
1256 4376 1434 4431 veluti
1476 4376 1715 4446 quidem
1760 4376 1983 4445 Moyses

330 4482 607 4525 reversus
638 4486 671 4524 a
701 4472 916 4535 monte,
945 4471 1003 4523 et
1023 4468 1094 4523 ab
1119 4482 1187 4522 ea
1210 4484 1337 4538 quas
1363 4465 1559 4521 verbis
1578 4465 1859 4536 explicari
1880 4482 1980 4520 ne-

332 4558 465 4629 quit
505 4557 1020 4629 contemplatione,
1070 4571 1204 4611 cum
1236 4554 1479 4610 vidisset
1522 4555 1717 4624 majus
1765 4554 1982 4609 factum

2105 3395 2334 3462 itinere,
2365 3401 2423 3452 et
2469 3395 2823 3465 hymnorum
2856 3397 3145 3469 completo
3191 3396 3406 3467 officio,
3438 3401 3751 3469 postquam

2105 3483 2259 3538 venit
2304 3488 2540 3556 tempus
2585 3484 2825 3556 quietis,
2859 3490 2916 3541 et
2946 3487 3159 3541 sedens
3202 3502 3399 3553 senex,
3429 3486 3481 3541 ei
3522 3503 3752 3559 quoque

2093 3573 2278 3641 jussit
2299 3576 2363 3628 ut
2397 3590 2613 3644 corpus
2644 3574 2827 3645 quieti
2861 3592 3175 3647 parumper
3204 3576 3458 3631 traderet
3489 3576 3748 3647 primum

2102 3662 2338 3731 quidem
2373 3663 2613 3717 sedebat
2642 3663 2857 3719 tacitus
2891 3681 2903 3719 ε
2939 3681 3073 3719 cum
3104 3670 3299 3720 autem
3327 3682 3503 3720 senex
3526 3681 3749 3719 sermo-

2109 3766 2243 3803 nem
2269 3751 2587 3819 quemdam
2612 3751 2823 3807 leniter
2844 3753 3159 3808 subridens
3179 3770 3493 3825 aggressus
3521 3760 3626 3819 est,
3653 3771 3746 3808 ro-

2098 3838 2256 3910 gavit
2314 3839 2569 3894 Jacobus
2603 3844 2667 3893 ut
2724 3840 2773 3894 ei
2834 3842 3079 3912 aperiret
3136 3842 3191 3894 id
3226 3843 3380 3910 quod
3414 3843 3744 3913 ignorabat.

2097 3932 2241 3984 Cum
2276 3926 2326 3983 is
2349 3931 2542 3982 autem
2572 3928 2938 3999 permisisset
2968 3945 3194 4000 rogare,
3244 3929 3397 3997 Vidi,
3436 3930 3650 3999 inquit,
3692 3931 3748 3984 in

2096 4018 2189 4072 via
2222 4018 2542 4072 maximum
2575 4019 2886 4074 draconem
2914 4020 3222 4090 jacentem,
3254 4024 3310 4075 et
3342 4019 3596 4091 primum
3622 4019 3746 4089 qui-

2098 4107 2227 4161 dem
2261 4106 2450 4174 timui,
2486 4105 2651 4163 illum
2684 4109 2873 4163 vivere
2895 4109 3267 4175 existimans,
3289 4113 3602 4180 postquam
3639 4125 3749 4163 au-

2095 4202 2211 4250 tem
2246 4212 2379 4250 eum
2431 4198 2630 4268 aspexi
2680 4203 3000 4268 mortuum,
3051 4215 3296 4255 securus
3350 4199 3461 4253 iter
3491 4215 3623 4253 sum
3658 4200 3746 4252 in-

2095 4301 2354 4355 gressus.
2390 4285 2494 4340 Dic
2535 4286 2701 4355 mihi,
2726 4287 2939 4358 inquit,
2969 4305 2999 4342 0
3034 4294 3220 4358 pater,
3245 4288 3378 4359 quis
3403 4305 3537 4342 eum
3561 4288 3745 4342 inter-

2097 4374 2275 4429 fecit?
2300 4378 2381 4428 Tu
2405 4374 2560 4429 enim
2588 4378 2977 4446 prwcedebas,
3001 4377 3200 4432 nullus
3231 4382 3427 4432 autem
3451 4376 3603 4432 alius
3634 4376 3743 4431 hac

2097 4463 2393 4534 praeteriit.
2421 4468 2816 4519 Senexautem
2844 4483 2857 4520 :
2883 4466 3080 4533 Cessa,
3099 4465 3397 4537 inquit,de
3420 4467 3493 4520 iis
3517 4466 3744 4520 curiose

2097 4551 2447 4622 percontari,
2472 4570 2598 4623 quae
2624 4554 2695 4608 iis
2718 4554 2815 4623 qui
2839 4555 3217 4609 sciscitantur
3238 4572 3352 4609 non
3378 4560 3626 4625 possunt
3650 4553 3738 4609 ul-

334 4664 519 4718 quam
552 4647 782 4701 volebat
812 4644 1151 4713 aediﬁcium,
1173 4649 1408 4710 Vereor,
1443 4644 1654 4714 inquit,
1693 4659 1724 4698 ο
1757 4643 1888 4711 viri,
1911 4660 1984 4698 ne
2016 4650 2060 4714 ι)
2096 4641 2208 4695 lam
2238 4640 2443 4695 afferre
2462 4640 2804 4698 utilitatem.
2837 4645 3053 4696 Verum
3087 4642 3271 4697 nihilo
3308 4642 3533 4698 scecius
3557 4642 3741 4696 insta-

330 4737 477 4791 dum
500 4740 732 4791 terrena
754 4736 1070 4791 dilatamus
1096 4733 1457 4801 habitacula,
1489 4733 1828 4788 minuamus
1864 4748 1982 4787 cce-

330 4824 509 4880 lestia
534 4840 546 4879 :
571 4824 730 4894 atqui
762 4824 883 4879 haec
916 4823 1154 4895 quidem
1186 4827 1327 4878 sunt
1363 4822 1434 4876 ad
1474 4825 1733 4892 tempus,
1768 4826 1825 4877 et
1856 4838 1982 4892 quae

334 4914 508 4969 nobis
552 4930 869 4984 parumper
909 4912 1276 4979 convenient,
1319 4910 1579 4967 ccelestia
1610 4915 1804 4966 autem
1846 4915 1984 4967 sunt

335 5007 575 5072 aeterna,
608 5008 667 5056 et
687 5018 815 5073 qua;
856 5001 1089 5057 nullum
1140 5005 1392 5072 possunt
1440 5001 1614 5055 tinem
1637 5016 1861 5071 capere.
1910 5004 1985 5054 Et

332 5093 458 5147 haec
482 5092 718 5163 quidem
752 5092 899 5147 dixit
933 5092 1175 5146 chorum
1204 5092 1418 5146 docens
1448 5106 1516 5145 ea
1538 5107 1663 5160 quas
1695 5094 1834 5145 sunt
1854 5105 1981 5160 per-

333 5182 596 5250 fectiora;
623 5180 886 5236 toleravit
908 5186 1099 5235 tamen
1123 5196 1255 5235 cum
1281 5195 1480 5234 vocem
1511 5179 1795 5234 audiisset
1816 5195 1981 5250 apos-

336 5270 575 5327 tolicam
606 5288 618 5325 :
644 5270 769 5325 Non
793 5286 991 5342 quaero
1030 5270 1183 5341 quod
1215 5268 1361 5324 mihi
1387 5272 1475 5323 est
1496 5267 1660 5337 utile,
1693 5269 1793 5324 sed
1827 5269 1979 5338 quod

336 5359 561 5424 multis,
587 5364 651 5414 ut
682 5364 987 5415 serventur
1018 5360 1063 5429 (1
1089 5358 1210 5413 Cor.
1234 5358 1311 5429 κ).
1339 5357 1477 5412 Illos
1497 5374 1733 5427 quoque
1762 5357 1979 5423 docuit,

332 5450 499 5504 intus
522 5449 759 5520 quidem
783 5464 1159 5504 communem
1191 5448 1307 5503 Deo
1341 5448 1545 5503 otl‘erre
1577 5446 1980 5517 hymnodiam,

336 5545 470 5611 post
504 5555 776 5594 auroram
817 5544 1013 5594 autem
1050 5539 1200 5592 duos
1241 5537 1418 5593 simul
1443 5536 1597 5592 exire
1622 5536 1677 5590 in
1710 5535 1984 5590 solitudi-

336 5644 472 5683 nem
510 5645 523 5682 :
557 5633 612 5681 et
642 5645 826 5683 unum
861 5626 1097 5699 quidem
1133 5627 1302 5681 flexis
1344 5626 1595 5697 genibus
1627 5623 1830 5679 offerre
1853 5642 1980 5681 eam

334 5734 462 5787 quaa
504 5717 753 5772 Domino
796 5718 1045 5772 debetur
1083 5716 1507 5783 adorationem,
1554 5713 1801 5768 alterum
1850 5732 1983 5771 vero

339 5810 597 5861 stantem
663 5804 971 5860 Davidicos
1046 5803 1302 5876 psalmos
1359 5820 1565 5858 canere
1623 5802 1979 5873 quindecim.

2094 4730 2195 4784 bat
2221 4730 2479 4785 Jacobus
2502 4730 2896 4801 admirabilis,
2928 4748 3127 4786 verum
3184 4732 3333 4787 scire
3378 4732 3739 4786 desiderans.

2093 4826 2275 4875 Senex
2296 4825 2492 4874 autem
2514 4821 2614 4875 diu
2646 4822 2881 4892 quidem
2916 4828 3149 4878 tentans
3182 4822 3388 4889 celare,
3416 4839 3529 4877 non
3550 4822 3742 4876 ferens

2094 4915 2287 4965 autem
2313 4908 2568 4965 amicum
2594 4911 2817 4966 diutius
2840 4926 3086 4983 angere:
3116 4914 3252 4982 Ego,
3279 4912 3491 4983 inquit,
3512 4911 3619 4965 tibi
3652 4910 3740 4963 die

2094 5017 2243 5065 eam,
2271 4999 2320 5053 si
2358 4999 2413 5053 id
2438 4998 2588 5055 scire
2627 5001 2924 5055 desideras
2953 5018 2964 5054 :
2990 5001 3260 5071 praecipio
3296 5006 3513 5069 autem,
3554 5004 3618 5054 ut
3651 5017 3741 5055 me

2093 5089 2220 5143 vivo
2243 5087 2445 5143 nullus
2476 5088 2627 5144 alius
2651 5088 2761 5145 hoc
2785 5106 2817 5145 a
2849 5095 2904 5145 te
2927 5089 3202 5145 resciscat
3245 5092 3401 5161 quod
3425 5090 3738 5145 dicendum

2092 5186 2203 5244 est;
2237 5177 2359 5231 haec
2379 5176 2533 5232 enim
2555 5184 2696 5233 sunt
2716 5180 2981 5249 celanda,
3004 5197 3134 5250 quae
3156 5181 3226 5235 ad
3260 5178 3650 5248 arrogantiam
3685 5184 3740 5233 et

2093 5268 2306 5322 fastum
2332 5283 2485 5337 saepe
2510 5268 2786 5338 excitant;
2818 5271 2917 5325 sed
2949 5270 2997 5323 si
3020 5285 3125 5339 ego
3158 5268 3295 5324 hinc
3326 5284 3649 5337 excessero,
3684 5274 3741 5324 et

2092 5358 2162 5411 ab
2182 5356 2474 5425 ejusmodi
2498 5358 2678 5413 animi
2704 5358 3736 5428 perturbationibusfuerolibcratus,

2099 5462 2214 5501 non
2238 5454 2362 5500 velo
2382 5447 2702 5515 quominus
2727 5447 2888 5502 dicas
2912 5452 2967 5501 et
2990 5464 3192 5502 narres
3221 5449 3338 5503 vim
3367 5448 3580 5501 divinae
3602 5464 3739 5518 gra-

2094 5537 2207 5591 tiae.
2240 5535 2403 5590 Scias
2434 5552 2570 5606 ergo
2601 5535 2795 5606 inquit
2840 5552 3088 5607 magnus
3135 5536 3427 5604 Julianus,
3461 5538 3613 5606 quod
3646 5553 3737 5590 me

2092 5626 2201 5679 iter
2229 5625 2653 5695 ingredientem
2680 5624 2782 5679 illa
2822 5624 3036 5681 invasit
3067 5626 3261 5682 bellua
3282 5641 3463 5696 usque
3506 5626 3736 5695 aperuit

2093 5732 2185 5769 me
2198 5714 2440 5785 cupiens
2460 5715 2755 5777 dev‘orare;
2780 5730 2886 5785 ego
2905 5721 3102 5770 autem
3117 5716 3320 5770 Jesum
3346 5714 3737 5785 appellans,et

2094 5804 2277 5875 digito
2308 5804 2631 5875 trophzeun
2657 5803 2847 5859 crucis
2869 5805 3208 5874 ostendens,
3241 5820 3472 5859 omnem
3499 5803 3730 5872 quidem
