4180 6338
375 317 450 370 23
1552 313 1650 363 DE
1689 312 1878 363 VITIS
1916 311 2217 365 PATRUM
2253 312 2468 368 LIBER
2505 319 2602 370 IX.
3723 316 3793 370 24

383 437 614 495 excussi
637 438 904 492 timorem
930 434 1252 507 :extemplo
1285 437 1484 488 autem
1519 432 1636 486 vidi
1669 433 1834 487 humi
1883 431 2028 487 ceci-
2065 435 2114 499 Α
2148 432 2394 492 formam
2419 439 2550 494 vitae
2577 440 3333 509 monasticae,monasticam
3353 443 3548 495 autem
3572 443 3629 494 et
3655 440 3794 494 civi-

385 530 576 584 dissse
619 527 904 593 belluam;
959 529 1015 580 et
1063 523 1364 578 communi
1415 521 1652 576 laudato
1705 522 2032 587 Servatore,

387 616 614 690 perrexi
649 614 921 672 ulterius.
963 613 1056 668 Sic
1088 613 1255 667 ﬁnita
1317 610 1670 679 narratione,
1703 611 1770 664 ad
1799 614 2033 665 antrum

389 713 479 763 est
510 706 829 778 profectus.

462 795 797 867 Aliquando
822 797 1014 847 autem
1041 789 1403 854 adolescens,
1425 787 1606 844 nobili
1643 787 1880 859 quidem
1915 787 2038 844 loco

393 885 698 947 natus,sed
728 881 986 936 molliter
1006 879 1600 949 educatus,majorem
1622 882 1820 932 autem
1854 882 2042 933 osten-

395 977 539 1029 dens
554 969 1083 1044 promptitudinem
1107 972 1162 1022 et
1177 967 1352 1022 animi
1380 966 1741 1021 alacritatem
1757 983 1934 1038 quam
1952 969 2041 1021 vi-

395 1080 488 1118 res
528 1063 673 1117 ferre
712 1063 973 1130 possent,
1000 1056 1246 1128 supplex
1286 1056 1452 1128 petiit
1472 1072 1504 1110 a
1527 1072 1665 1112 sene
1692 1060 1756 1110 ut
1778 1060 1935 1110 esset
1959 1056 2043 1110 illi

395 1157 496 1210 viae
539 1168 736 1208 comes
759 1151 921 1206 eunti
961 1150 1020 1204 in
1065 1148 1468 1214 solitudinem,
1503 1163 1617 1202 non
1651 1147 1777 1217 ejus
1806 1147 2045 1218 quidem

399 1261 577 1315 quam
606 1258 808 1297 omnes
840 1239 1081 1294 obibant
1113 1237 1398 1309 quotidie,
1432 1237 1532 1291 sed
1568 1235 1952 1308 longissima,
1993 1242 2050 1292 et

400 1352 518 1404 qua
539 1348 692 1402 saepe
714 1334 836 1385 erat
859 1333 988 1383 octo
1009 1332 1065 1382 et
1082 1328 1281 1383 decem
1303 1326 1511 1381 diebus
1533 1325 2047 1397 peregrinandum.

402 1426 456 1478 Is
482 1427 675 1478 autem
701 1424 824 1475 erat
854 1415 1391 1473 celeberrimusille
1432 1416 1718 1472 Asterius.
1767 1415 1912 1470 Cum
1950 1432 2053 1470 au-

403 1517 520 1566 tem
573 1510 807 1565 divinus
838 1523 1013 1563 senex
1056 1506 1386 1576 prohiberet
1410 1505 1708 1574 juvenem,
1742 1509 1798 1559 et
1830 1505 2054 1559 aridam

408 1615 678 1672 aquaque
693 1602 983 1652 carentem
1005 1595 1222 1649 diceret
1239 1609 1368 1648 esse
1391 1593 2060 1660 solitudinem,instabat

408 1689 750 1744 adolescens
781 1686 1094 1740 obsecrans
1136 1687 1201 1737 ut
1222 1682 1328 1737 hoc
1369 1681 1418 1736 ei
1443 1683 1662 1736 donum
1692 1684 2055 1738 concederet.

409 1779 607 1833 Victus
630 1780 826 1831 autem
851 1773 1124 1846 precibus
1145 1772 1320 1826 cessit
1343 1787 1540 1838 senex,
1576 1770 1674 1826 ille
1699 1787 1832 1826 vero
1855 1788 2060 1842 seque-

409 1869 604 1931 batur,
631 1866 818 1937 primo
843 1861 1082 1933 quidem
1115 1860 1405 1916 alacriter.
1428 1863 1575 1916 Cum
1601 1863 1794 1915 autem
1830 1863 2057 1931 primus

409 1961 467 2011 et
493 1955 789 2010 secundus
812 1957 870 2007 et
907 1950 1115 2006 tertius
1160 1949 1286 2004 dies
1310 1948 1708 2020 prazteriisset,
1733 1953 1792 2005 et
1813 1966 1845 2005 a
1876 1949 2057 2004 radiis

410 2045 553 2102 solis
577 2045 917 2098 exureretur
940 2040 1083 2099 (erat
1100 2038 1257 2094 enim
1282 2037 1714 2109 estas,vigente
1736 2042 1928 2093 autem
1953 2055 2059 2093 ass-

408 2140 528 2190 tate
550 2138 638 2189 est
669 2132 875 2201 utique
901 2129 1134 2183 ﬂamma
1170 2127 1312 2183 solis
1355 2126 1700 2197 ardentior),
1734 2127 1829 2183 siti
1858 2143 2061 2199 perpe-

411 2232 510 2280 tuo
542 2223 869 2278 laborabat.
911 2221 976 2274 Et
1027 2219 1286 2291 primum
1334 2218 1570 2290 quidem
1609 2234 1739 2274 eum
1790 2218 2063 2274 morbum

413 2314 638 2386 aperire
661 2308 1231 2382 pudebat,memoria
1253 2312 1539 2379 reputans
1565 2322 1632 2362 ea
1654 2324 1781 2378 quae
1803 2307 1916 2363 sibi
1937 2325 2067 2377 prm-

421 2406 579 2459 dicta
597 2402 829 2455 fuerant
860 2417 893 2453 a
917 2398 1220 2468 magistro.
1255 2396 1513 2451 Tandem
1553 2400 1748 2451 autem
1791 2396 1980 2452 victus
2012 2402 2069 2452 et

417 2493 590 2564 plane
613 2489 854 2545 omnino
873 2487 1171 2551 deﬁciens,
1196 2486 1383 2541 oravit
1406 2501 1607 2540 senem
1631 2491 1696 2540 ut
1718 2486 1808 2540 sui
1834 2487 2069 2542 misere-

418 2587 600 2637 retur.
631 2581 687 2634 Is
729 2583 923 2633 autem
952 2592 1086 2630 cum
1133 2592 1257 2646 qua:
1281 2575 1330 2630 ei
1357 2575 1703 2646 praedixerat
1742 2581 2071 2631 revocasset

422 2672 479 2724 in
505 2665 1071 2736 memoriam,jussit
1097 2681 1230 2718 eum
1256 2664 1486 2719 reverti.
1519 2665 1664 2719 Cum
1689 2667 1887 2719 autem
1911 2665 2070 2720 dice-

426 2764 515 2815 ret
538 2757 880 2814 adolescens
913 2771 1017 2809 nec
1057 2770 1118 2808 se
1169 2753 1319 2808 scire
1339 2753 1494 2807 viam
1525 2770 1653 2824 quae
1680 2754 1841 2808 ducit
1857 2755 1927 2808 ad
1963 2771 2069 2807 an-

422 2855 608 2916 trum,
654 2860 759 2900 nec
800 2844 849 2900 si
892 2843 1087 2908 sciret,
1121 2842 1204 2906 ire
1236 2858 1428 2913 posse,
1462 2858 1595 2896 cum
1631 2842 1752 2896 sint
1792 2842 1943 2897 vires
1972 2843 2069 2898 siti

422 2933 1092 3006 consumptae;misertus
1105 2932 1280 2986 homo
1302 2931 1536 2985 divinus
1553 2947 1725 2986 casus
1740 2931 2070 2988 adolescen-

419 3027 581 3092 tis,et
603 3025 912 3096 ignoscens
935 3020 1323 3076 imbecillitati
1347 3020 2070 3092 corporis,genibus!f1exis

2141 520 2256 577 lem
2289 526 2464 581 simul
2519 531 2868 598 temperavit
2906 529 3217 596 virtutem;
3251 534 3308 584 et
3360 528 3523 583 illius
3561 529 3796 599 quidem

2145 627 2388 670 sumens
2407 622 2664 673 exactam
2689 619 3129 689 perfectionem,
3156 619 3335 687 hujus
3359 626 3550 673 autem
3577 635 3800 674 mcono-

2148 701 2327 758 miam
2377 721 2442 759 ac
2496 707 3018 778 dispensationem,
3055 708 3111 762 in
3137 723 3322 761 unum
3346 707 3530 778 coegit
3574 723 3642 762 ea
3674 725 3798 779 quae

2148 797 2320 846 erant
2349 792 2505 848 inter
2526 811 2588 850 se
2616 796 2931 866 disjuncta.

2217 882 2325 936 Sed
2344 882 2523 952 hujus
2545 885 2775 940 virtutis
2797 888 2853 940 et
2874 888 3112 940 venator
3129 888 3186 939 et
3209 885 3554 940 exercitator
3570 885 3680 940 fuit
3701 885 3798 940 ille

2154 970 2552 1043 Asterius,qui
2571 974 2767 1044 magni
2793 972 2953 1028 illius
2971 973 3128 1029 senis
3144 977 3303 1028 tanto
3323 990 3554 1045 semper
3573 974 3800 1028 teneba-

2154 1062 2252 1113 tur
2267 1076 2486 1128 amore,
2508 1066 2572 1117 ut
2593 1079 2745 1134 swpe
2777 1062 3016 1133 quidem
3036 1062 3129 1119 bis
3153 1063 3210 1117 in
3246 1079 3422 1130 anno,
3452 1079 3603 1135 saepe
3626 1063 3801 1118 etiam

2156 1152 2244 1203 ter
2283 1150 2352 1204 ad
2391 1165 2526 1205 eum
2566 1151 3051 1222 proﬁcisceretur.
3083 1151 3335 1208 Veniens
3361 1157 3556 1207 autem
3581 1152 3808 1208 solebat

2159 1237 2383 1294 caricas
2415 1240 2621 1295 afferre
2644 1241 2968 1308 sodalibus,
3001 1257 3250 1297 onerans
3285 1241 3400 1296 tria
3424 1241 3514 1296 vel
3554 1246 3809 1312 quatuor

2152 1327 2444 1398 jumenta.
2481 1329 2639 1385 Duos
2661 1337 2852 1386 autem
2892 1329 3221 1386 medimnos
3262 1329 3544 1402 colligens
3571 1332 3703 1401 (13),
3747 1336 3814 1386 ut

2162 1417 2264 1488 qui
2288 1417 2412 1472 seni
2437 1422 2561 1474 toto
2583 1435 2734 1474 anno
2759 1419 3119 1489 sufﬁcerent,
3143 1419 3200 1474 id
3222 1436 3372 1476 onus
3394 1419 3518 1475 suis
3543 1420 3812 1492 impone-

2165 1506 2266 1560 bat
2307 1506 2593 1574 humeris,
2636 1525 2700 1564 se
2726 1509 2987 1580 magistri
3029 1509 3371 1580 jumentum
3411 1513 3468 1564 et
3500 1525 3714 1564 vocans
3760 1514 3818 1564 et

2168 1599 2472 1666 prastans.
2518 1597 2794 1652 Portabat
2833 1601 3028 1653 autem
3053 1597 3109 1652 id
3136 1615 3306 1663 onus,
3349 1614 3464 1653 non
3497 1599 3694 1653 decem
3732 1599 3819 1654 vel

2166 1684 2376 1755 viginti
2405 1685 2635 1754 stadiis,
2658 1687 2760 1741 sed
2800 1692 3022 1758 septem
3050 1687 3281 1742 dierum
3322 1687 3432 1742 iter
3467 1687 3811 1746 conﬁciens.

2090 1797 2139 1861 Β
2171 1773 2314 1828 Cum
2348 1789 2482 1830 eum
2506 1780 2702 1830 autem
2727 1775 3042 1848 aliquando
3065 1776 3307 1831 vidisset
3339 1793 3514 1832 senex
3537 1778 3816 1832 ferentem

2174 1862 2434 1917 humeris
2458 1864 2752 1918 sarcinam
2775 1865 3103 1920 caricarum
3126 1881 3276 1936 aegre
3299 1866 3514 1934 ferens,
3534 1866 3681 1921 dixit
3702 1866 3821 1920 haec

2167 1967 2284 2006 non
2310 1952 2421 2007 sibi
2450 1968 2578 2007 esse
2623 1952 2953 2008 exhibenda
2975 1953 3287 2022 alimenta;
3335 1971 3448 2009 non
3493 1971 3624 2010 esse
3663 1956 3819 2010 enim

2160 2040 2395 2110 justum
2422 2045 2485 2095 ut
2504 2041 2602 2097 ille
2624 2042 2863 2114 quidem
2887 2045 3115 2097 tantum
3137 2042 3366 2098 subiret
3386 2042 3669 2112 laborem,
3697 2044 3822 2115 ipse

2168 2146 2303 2185 vero
2325 2129 2571 2186 delicate
2593 2131 2722 2200 ejus
2760 2131 3051 2187 frueretur
3087 2132 3428 2187 sudoribus.
3466 2136 3611 2188 Cum
3636 2132 3685 2187 is
3719 2150 3821 2187 au-

2170 2223 2290 2274 tem
2307 2220 2574 2289 jurasset
2595 2235 2657 2274 se
2678 2236 2793 2274 non
2817 2235 2945 2275 esse
2968 2237 3118 2275 onus
3143 2238 3176 2275 a
3198 2220 3324 2274 suis
3348 2220 3618 2276 humeris
3642 2222 3825 2292 depo-

2174 2307 2453 2373 siturum,
2475 2307 2588 2363 nisi
2612 2324 2892 2364 assensus
2919 2313 3076 2364 esset
3093 2325 3290 2376 senex,
3325 2324 3388 2363 se
3410 2308 3574 2363 allati
3598 2309 3710 2364 cibi
3737 2309 3823 2363 fu-

2175 2403 2375 2452 turum
2404 2397 2748 2469 participem
2778 2415 2790 2452 :
2819 2397 3074 2466 Faciam,
3108 2398 3302 2470 inquit
3333 2414 3530 2463 senex,
3558 2399 3827 2470 quodju-

2177 2486 2369 2553 betur,
2393 2487 2653 2542 modotu
2694 2488 3140 2558 quamprimum
3184 2488 3446 2558 deponas
3473 2487 3824 2543 canistrum.

2174 2576 2323 2630 Nam
2347 2575 2406 2629 in
2445 2575 2554 2630 hoc
2601 2592 2833 2646 quoque
2868 2575 3220 2631 imitabatur
3242 2576 3500 2648 primum
3539 2577 3830 2648 apostolo-

2176 2680 2331 2730 rum,
2355 2663 2448 2718 cui
2473 2680 2607 2719 cum
2631 2664 2917 2720 voluisset
2952 2663 3239 2719 Dominus
3257 2663 3449 2719 lavare
3476 2666 3605 2736 ejus
3627 2669 3828 2737 pedes,

2177 2753 2339 2825 prius
2363 2754 2591 2823 quidem
2611 2754 2860 2824 negavit,
2903 2758 3101 2825 aperte
3140 2755 3443 2810 affirmans
3467 2756 3522 2810 id
3547 2771 3661 2810 non
3703 2771 3830 2811 esse

2175 2844 2779 2914 futurum(loan.xm).
2800 2847 3122 2914 Postquam
3150 2848 3344 2899 autem
3369 2844 3592 2899 audivit
3611 2845 3731 2899 fore
3762 2849 3830 2899 ut

2180 2933 2631 3003 abrumperetur
2650 2931 2932 2988 aDomini
2959 2933 3372 2989 communione
3398 2933 3510 2988 nisi
3541 2933 3651 2988 hoc
3687 2951 3828 2988 con-

2175 3021 2426 3090 cederet,
2455 3020 2634 3076 oravit
2652 3025 2717 3076 ut
2739 3026 2946 3093 praeter
2967 3025 3168 3094 pedes,
3193 3038 3405 3078 manus
3425 3038 3657 3094 quoque
3672 3026 3727 3078 et
3745 3039 3836 3076 ca-

420 3111 1044 3180 oravitDominum,et
1084 3109 1290 3164 calidis
1321 3108 1596 3180 lacrymis
1635 3109 1824 3164 solum
1861 3110 2067 3181 irriga-
2102 3153 2144 3217 Ο
2182 3110 3834 3184 putlavaret.ltaetiamegregiusJoannesjussustingere

418 3205 586 3270 vit,et
608 3203 762 3256 viam
786 3199 996 3256 salutis
1020 3197 1186 3271 petiit
1205 3197 1700 3263 adolescenti.Qui
1717 3204 1911 3253 autem
1931 3200 2071 3255 facit

420 3293 783 3347 voluntatem
818 3305 1020 3345 eorum
1050 3287 1152 3358 qui
1196 3287 1389 3358 ipsum
1413 3287 1645 3353 timent,
1680 3291 1736 3342 et
1756 3304 1956 3343 eorum
1980 3305 2075 3344 ex-

425 3385 588 3438 audit
611 3381 954 3449 orationem,
979 3379 1167 3434 stillas
1192 3379 1586 3450 lacrymarum
1622 3395 1749 3449 quas
1777 3377 2073 3448 pulverem

427 3471 742 3542 attigerant
762 3469 952 3524 effecit
979 3468 1195 3523 fontem
1219 3483 1532 3538 aquarum,
1555 3472 1614 3521 et
1633 3467 1716 3522 sic
1741 3466 1960 3522 ﬂuento
1985 3485 2044 3523 re
2061 3498 2074 3507 -

430 3563 652 3633 plctum
680 3557 1108 3614 adolescentem
1126 3556 1301 3627 jussit
1323 3556 1481 3610 abire
1505 3556 1952 3627 protinus.Fons
1971 3574 2074 3612 au-

425 3656 543 3704 tem
569 3649 784 3703 mansit
820 3663 1009 3718 usque
1038 3648 1098 3700 in
1122 3645 1471 3700 hodiernum
1497 3645 1649 3700 diem
1691 3645 1956 3701 Mosaicae
1982 3647 2077 3700 di-

421 3739 540 3792 vini
572 3738 732 3793 senis
783 3735 1033 3792 orationi
1090 3736 1282 3789 ferens
1315 3733 1743 3790 testimonium.
1775 3737 2075 3798 Quomodo

422 3829 578 3882 enim
614 3826 710 3882 ille
740 3825 902 3892 olim,
937 3841 1069 3879 cum
1112 3822 1372 3878 sterilem
1429 3822 1591 3877 illam
1645 3827 1869 3894 petram
1912 3825 2075 3895 virga

422 3915 836 3985 percussisset,
861 3913 1050 3969 effecit
1084 3918 1144 3967 ut
1173 3913 1476 3984 prodceret
1498 3913 1858 3967 exundantes
1891 3930 2075 3984 aquas

420 4004 826 4071 fluviatiles,ut
848 4003 1090 4058 satiaret
1112 4002 1299 4055 multa
1323 4000 1421 4054 illa
1446 4001 1754 4055 hominum
1778 4000 1961 4056 millia
1976 4002 2074 4056 siti

420 4096 714 4160 confecta;
744 4095 823 4146 ita
848 4091 940 4145 hic
965 4107 1099 4144 cum
1121 4105 1358 4144 arenam
1385 4089 1543 4144 illam
1569 4088 1972 4144 aridissimam
1997 4091 2070 4144 ir-

420 4184 668 4254 rigasset
691 4179 985 4248 lacrymis,
1015 4179 1148 4232 fecit
1170 4183 1235 4232 ut
1254 4179 1494 4233 fontana
1519 4183 1865 4233 emanarent
1886 4179 2067 4234 ﬁuen-

419 4279 478 4328 ta
502 4290 514 4338 ;
538 4289 651 4326 non
679 4275 742 4324 ut
765 4268 1086 4323 multarum
1114 4267 1469 4338 myriadum,
1501 4269 1599 4322 sed
1625 4272 1689 4322 ut
1713 4267 1888 4323 unius
1928 4270 2069 4324 ado-

419 4361 700 4417 lescentis
721 4359 950 4413 afferret
972 4357 1069 4411 siti
1093 4356 1440 4412 remedium.
1466 4358 1511 4410 A
1534 4357 1733 4412 divina
1755 4357 1912 4412 enim
1934 4374 2066 4430 gra-

417 4453 501 4506 tia
527 4450 723 4504 anima
746 4447 1342 4516 illuminatus,aperte
1368 4445 1906 4516 praeviditfuturam
1933 4449 2066 4502 ado-

2185 3199 2573 3267 Servatorem,
2599 3199 2764 3270 prius
2806 3201 3047 3271 quidem
3086 3205 3144 3256 et
3184 3217 3354 3256 suam
3397 3201 3707 3256 confessus
3745 3205 3837 3256 est

2183 3288 2548 3358 servitutem,
2571 3293 2627 3343 et
2642 3290 2894 3344 ostendit
2920 3289 3475 3345 Dominum.Postea
3497 3294 3690 3345 autem
3709 3291 3837 3360 jus-

2183 3393 2315 3431 sum
2337 3381 2426 3432 est
2447 3382 2782 3446 exsecutus,
2807 3395 2922 3432 non
2947 3395 3008 3433 se
3032 3395 3236 3450 aspere
3259 3380 3597 3449 gerens,sed
3625 3395 3834 3450 parens

2183 3465 2730 3521 Domino.ltaeliam
2755 3466 2847 3521 hic
2867 3483 3099 3538 quoque
3115 3468 3203 3521 vir
3224 3467 3460 3522 divinus
3483 3467 3838 3538 gravabatur

2183 3553 2419 3625 quidem
2459 3554 2571 3609 alio
2597 3553 2896 3610 laborante
2919 3556 3045 3626 ipse
3068 3556 3180 3610 frui
3205 3555 3506 3623 alimento;
3547 3558 3642 3611 sed
3668 3561 3834 3627 post-

2183 3659 2360 3716 quam
2382 3643 2525 3697 vidit
2547 3644 3024 3699 ardentissimam
3063 3643 3293 3699 clientis
3333 3645 3514 3699 animi
3558 3643 3832 3700 alacrita-

2183 3737 2323 3797 tem,
2356 3732 2677 3802 prmposuit
2696 3749 2819 3788 suae
2843 3733 3134 3788 voluntati
3158 3731 3320 3788 illius
3340 3732 3754 3788 ministerium.

2254 3822 2424 3875 Forte
2445 3828 2637 3875 autem
2655 3820 2870 3892 aliquis
2888 3837 2954 3876 ex
2969 3821 3040 3876 iis
3057 3821 3156 3891 qui
3171 3839 3240 3878 ex
3259 3822 3510 3876 aliorum
3528 3820 3835 3892 reprehen-

2181 3910 2341 3964 sione
2385 3925 2655 3981 magnam
2684 3910 2923 3982 capiunt
2957 3911 3340 3982 voluptatem,
3364 3916 3420 3966 et
3442 3927 3510 3965 ea
3533 3927 3660 3978 quae
3699 3915 3840 3965 sunt

2182 3999 2430 4053 honesta
2454 3999 2646 4053 solum
2671 3999 3006 4054 didicerunt
3027 3999 3511 4068 irridere,dixerit
3533 3998 3683 4053 hanc
3698 4016 3833 4054 nar-

2181 4087 2464 4142 rationem
2491 4103 2605 4141 non
2629 4089 3012 4160 essedignam
3036 4106 3166 4160 quae
3189 4089 3829 4159 commemoretur.Ego

2181 4181 2374 4233 autem
2397 4176 2527 4231 aliis
2551 4176 2730 4246 hujus
2756 4178 2864 4234 viri
2884 4178 3186 4233 miraculis
3212 4177 3320 4233 hoc
3351 4193 3588 4249 quoque
3618 4177 3826 4246 adjeci,

2179 4282 2292 4320 non
2319 4265 2510 4320 solum
2539 4282 2886 4337 magnorum
2910 4267 3165 4322 virorum
3188 4267 3389 4322 volens
3414 4267 3472 4321 in
3487 4283 3618 4321 eum
3647 4265 3826 4338 pieta-

2177 4360 2292 4410 tem
2320 4357 2646 4425 ostendere,
2663 4356 2764 4410 sed
2791 4356 2968 4411 etiam
2991 4373 3222 4411 morum
3245 4357 3374 4427 ejus
3394 4355 3743 4411 suavitatem
3768 4358 3823 4408 et

2181 4444 2642 4500 moderationem
2687 4444 3003 4515 declarare,
3054 4446 3399 4501 existimans
3439 4442 3827 4499 conducibile.

416 4505 696 4594 lescentis
721 4505 1156 4606 perfectionem.
1184 4505 1236 4587 is
1269 4505 1426 4587 enim
1446 4530 1647 4585 multis
1685 4537 1815 4602 post
1839 4537 2068 4605 tempo-
2100 4505 2146 4565 Ῐ)
2178 4533 2322 4589 Nam
2365 4550 2498 4588 cum
2548 4537 2710 4588 tanta
2733 4539 2889 4589 esset
2919 4505 3112 4590 et'tali
3143 4535 3377 4602 virtute,
3410 4550 3481 4588 ne
3519 4533 3825 4588 levissimo

417 4627 583 4682 ribus
605 4626 758 4680 803
783 4642 815 4678 a
837 4623 1036 4678 divina
1062 4627 1408 4693 provocatus
1431 4620 1640 4692 gratia,
1666 4626 1731 4675 ut
1761 4621 1906 4677 alios
1930 4639 2069 4694 quo-

419 4733 532 4787 que
556 4715 771 4770 multos
798 4714 869 4768 ad
905 4729 1026 4770 eam
1040 4713 1171 4766 dem
1198 4715 1490 4765 exerceret
1528 4710 1800 4781 gratiam,
1825 4712 1885 4766 in
1927 4712 2070 4769 locis

424 4822 550 4875 quas
577 4809 720 4858 sunt
744 4802 897 4857 circa
938 4801 1276 4856 Gendarum
1329 4800 1459 4870 [Al.,
1497 4799 1762 4869 Giarum]
1803 4801 1914 4868 (est
1964 4817 2070 4854 au-

420 4899 539 4948 tem
563 4894 614 4948 is
635 4893 798 4947 vicus
813 4889 1106 4946 maximus
1118 4889 1227 4943 sub
1248 4887 1576 4958 Antiochia)
1598 4888 1924 4957 palaestram
1947 4889 2071 4944 ﬁxit

423 4983 832 5045 monasticam,
879 4984 934 5035 et
973 4978 1193 5033 multos
1241 4978 1480 5048 quidem
1527 4977 1701 5032 etiam
1727 4977 1872 5033 alios
1907 4980 1977 5034 ad
2009 4996 2071 5035 se

419 5071 596 5125 traxit
625 5068 883 5124 athletas
908 5067 1316 5139 philosophiae.

491 5159 687 5214 Traxit
720 5163 914 5214 autem
944 5173 1226 5228 magnum
1252 5171 1486 5226 quoque
1515 5155 1790 5210 Acacium
1818 5157 1951 5228 (12),
1976 5157 2070 5213 in-

421 5249 650 5320 signem
705 5248 947 5318 inquam
999 5245 1167 5301 illum
1223 5250 1282 5300 et
1331 5245 1486 5300 fama
1536 5244 1927 5317 clarum,'qui
1960 5247 2071 5302 fuit

422 5337 661 5409 quidem
706 5337 977 5408 egregius
1009 5336 1065 5390 in
1099 5336 1217 5390 vita
1253 5333 1600 5399 monastica,
1645 5333 1841 5389 emisit
1869 5340 2067 5391 autem

421 5426 763 5497 splendidos
794 5425 1035 5479 virtutis
1068 5424 1284 5489 radios,
1315 5427 1379 5478 ut
1409 5423 1511 5494 qui
1544 5424 1620 5477 sit
1649 5422 1865 5493 dignus
1897 5424 2068 5479 habi-

423 5520 521 5570 tus
545 5514 645 5585 qui
677 5516 839 5569 ﬁeret
865 5513 1148 5585 pontifex,
1171 5518 1227 5568 ct
1247 5513 1578 5568 Berrhoeam
1605 5514 1956 5582 pascendam
1981 5518 2070 5569 est

421 5603 684 5658 sortitus.
711 5603 855 5657 Cum
884 5601 1316 5674 quinquaginta
1348 5606 1543 5656 autem
1575 5605 1634 5656 et
1673 5606 1802 5656 octo
1826 5603 1997 5657 annis
2016 5603 2068 5658 ei

421 5691 636 5748 fuisset
683 5707 822 5748 cura
878 5690 1071 5764 gregis
1109 5689 1349 5759 credita,
1384 5707 1500 5746 non
1553 5689 1796 5761 reliquit
1829 5692 2066 5761 quidem

2179 4623 2419 4695 quidem
2447 4622 2668 4678 honore
2692 4624 2956 4694 seipsum
2981 4623 3228 4696 dignum
3252 4639 3382 4679 esse
3403 4623 3699 4688 censebat,
3723 4623 3823 4677 sed

2180 4729 2314 4768 eum
2337 4711 2654 4784 repellebat
2682 4716 2744 4766 ut
2767 4712 2955 4783 quiad
2986 4729 3048 4768 se
3076 4729 3452 4785 nequaquam
3479 4711 3823 4782 pertineret;

2180 4818 2386 4856 rursus
2414 4805 2608 4856 autem
2632 4816 2762 4856 eum
2793 4801 3144 4873 sustinebat,
3170 4806 3235 4856 ut
3267 4801 3368 4873 qui
3401 4817 3497 4856 cos
3527 4801 3626 4872 qui
3651 4801 3824 4855 facie-

2180 4891 2321 4945 bant
2342 4890 2598 4945 afﬁceret
2637 4890 2938 4946 beneﬁcio.

2249 4979 2574 5050 Aufugiens
2595 4984 2788 5033 autem
2814 4980 2973 5051 (nam
3017 4979 3196 5050 utqui
3223 4979 3502 5036 omnibus
3545 4980 3828 5034 evasisset

2180 5069 2552 5135 manifestus,
2577 5069 2646 5122 ad
2674 5084 2732 5124 se
2756 5069 3029 5124 trahebat
3062 5084 3166 5140 per
3204 5069 3420 5124 famam
3451 5084 3653 5123 eorum
3699 5084 3823 5139 quae

2179 5162 2319 5213 sunt
2341 5158 2493 5212 bona
2514 5161 2570 5213 et
2592 5157 2838 5212 honesta
2860 5161 3173 5226 amatores)
3195 5158 3354 5213 venit
3374 5157 3430 5212 in
3457 5163 3714 5213 montem
3739 5156 3827 5212 Si-

2179 5264 2371 5303 naaum
2392 5263 2524 5301 cum
2552 5246 2756 5318 paucis
2777 5263 2847 5301 ex
2865 5246 3038 5318 paulo
3062 5247 3453 5303 familiaribus
3478 5264 3491 5302 :
3518 5264 3631 5302 non
3657 5249 3828 5318 oppi-

2178 5337 2317 5391 dum
2342 5335 2699 5407 ingrediens,
2721 5353 2837 5390 non
2855 5335 3070 5402 vicum,
3097 5337 3196 5390 sed
3219 5335 3330 5390 iter
3353 5352 3454 5407 per
3472 5335 3687 5389 inviam
3717 5333 3831 5388 ini-

2178 5443 2282 5480 ens
2305 5424 2701 5480 solitudinem.
2719 5425 2960 5481 Fcrebat
2983 5429 3177 5481 autem
3199 5423 3462 5480 humeris
3485 5423 3826 5479 alimentum

2178 5530 2412 5586 quoque
2440 5515 3082 5587 necessarium,panem
3106 5515 3349 5585 inquam
3373 5517 3429 5570 et
3446 5512 3651 5580 salem,
3677 5511 3830 5583 lage-

2177 5620 2313 5658 nam
2333 5608 2389 5658 et
2405 5603 2681 5674 cyathum
2706 5603 2990 5675 ligneum,
3027 5607 3084 5658 et
3112 5602 3421 5674 spongiam
3449 5602 3584 5656 fune
3624 5599 3826 5671 alliga-

2178 5696 2394 5754 tam;ut
2414 5693 2463 5748 si
2483 5693 2720 5764 quando
2744 5710 2958 5765 aquam
2982 5690 3826 5762 invenissentprofundiorem,
