4218 6348
424 350 498 405 27
1595 353 1692 404 DE
1731 351 1921 403 VITIS
1959 349 2260 402 PATRUM
2297 347 2512 401 LIBER
2549 349 2646 401 1X.
3765 345 3840 399 28

420 494 554 534 cum
574 494 811 534 sacrum
829 476 996 533 illum
1012 477 1255 533 chorum
1276 476 1537 532 audisset
1553 473 2074 546 venire,concurrit
2101 471 2155 539 Α
2189 472 2354 527 ﬂuxit
2374 474 2534 528 totus
2553 471 2804 545 populus
2824 471 3074 527 civitatis
3092 488 3105 527 :
3125 474 3365 543 eratque
3384 464 3658 527 bellicum
3677 487 3841 544 gym-

423 571 486 623 ut
516 568 839 639 perciperet
888 582 1091 622 eorum
1136 565 1635 632 benedictionem;
1669 568 1728 619 et
1771 564 1841 619 ad
1874 579 2078 619 eorum

424 657 603 727 pedes
629 655 955 727 provoluta,
979 655 1225 727 rogabat
1248 659 1311 709 ut
1336 671 1444 709 sua
1467 654 1676 709 domus
1699 656 1854 709 esset
1875 668 2078 708 eorum

426 745 840 800 diversorium.
858 744 1161 799 Concessit
1186 760 1383 811 senex,
1403 743 1581 815 idque
1598 759 1730 798 cum
1757 742 1888 815 plus
1905 757 2079 813 quam

427 834 815 906 quadraginta
846 833 1017 888 annis
1051 851 1082 887 a
1104 834 1204 888 tali
1238 833 1448 888 fuisset
1479 831 1811 904 spectaculo
1843 848 2079 903 separa-

430 927 548 978 tus.
574 924 716 979 Cum
751 927 944 977 autem
970 923 1339 978 admirabilis
1363 921 1460 977 illa
1486 922 1695 978 mulier
1714 926 1872 977 esset
1900 921 1960 975 in
1986 936 2079 974 sa-

428 1012 543 1067 cris
577 1012 691 1066 illis
715 1012 852 1067 viris
895 1012 1285 1067 ministrando
1329 1016 1630 1084 occupata,
1661 1028 1805 1084 puer
1852 1014 2078 1082 septem

428 1118 614 1156 annos
638 1105 833 1167 natus,
852 1103 1023 1172 cujus
1046 1100 1228 1157 solius
1256 1106 1381 1155 erat
1402 1106 1753 1173 mater,quze
1776 1098 2077 1172 hospitali-

427 1195 607 1246 tatem
625 1192 777 1245 Sarae
797 1194 885 1245 est
901 1190 1366 1256 a3mulata,esset
1383 1198 1579 1247 autem
1595 1205 1902 1261 vesperum
1924 1188 2071 1245 805

426 1283 483 1333 et
511 1281 783 1347 tenebraz,
826 1280 1036 1335 cecidit
1068 1280 1123 1334 in
1173 1284 1439 1351 puteum.
1469 1281 1612 1334 Cum
1663 1283 1858 1334 autem
1890 1292 1957 1332 ex
1987 1293 2073 1344 eo,

422 1373 485 1423 ut
515 1373 605 1424 est
636 1372 1121 1438 consentaneum,
1154 1374 1389 1424 exortus
1421 1372 1577 1424 esset
1608 1367 1919 1435 tumultus,
1945 1383 2072 1421 ma-

424 1462 513 1512 ter
531 1462 727 1513 autem
750 1458 1240 1529 sensisset,jubet
1257 1458 1494 1529 quidem
1516 1474 1722 1513 omnes
1741 1457 2070 1528 quiescere;

349 1620 355 1623 _
422 1552 599 1619 puteo
633 1551 831 1602 autem
862 1548 1136 1619 operculo
1192 1548 1489 1620 imposito,
1517 1548 1775 1603 instabat
1805 1544 2074 1601 ministe-

423 1638 532 1692 rio.
564 1637 762 1692 Mensa
783 1641 977 1692 autem
1005 1637 1145 1693 viris
1170 1637 1384 1693 divinis
1408 1638 1697 1710 apposita,
1723 1636 1957 1691 divinus
1980 1652 2073 1690 se-

424 1743 536 1782 nex
557 1726 741 1797 jussit
768 1726 960 1781 vocari
1002 1743 1248 1797 puerum
1285 1727 1570 1796 mulieris,
1594 1732 1649 1782 et
1684 1726 1943 1798 accipere
1976 1725 2072 1779 be-

427 1815 836 1871 nedictionem.
867 1816 1011 1872 Cum
1043 1820 1237 1873 autem
1270 1816 1639 1872 admirabilis
1672 1815 1886 1871 mulier
1915 1815 2072 1869 dice-

422 1909 511 1960 ret
542 1920 676 1959 eum
711 1904 863 1960 male
895 1904 1130 1977 habere,
1154 1905 1637 1978 perstititjubere
1665 1909 1729 1960 ut
1757 1904 1809 1960 is
1831 1904 2069 1958 ducere-

421 1998 541 2050 tur.
566 1994 887 2066 Postquam
912 2000 1107 2051 autem
1131 1996 1181 2051 ei
1208 1997 1362 2066 quod
1387 1996 1700 2051 accidisset
1725 1992 2073 2065 significavit

420 2082 653 2151 mulier,
679 2100 940 2140 mensam
968 2083 1205 2156 quidem
1240 2083 1521 2155 relinquit
1544 2099 1740 2152 senex,
1763 2098 2070 2138 accurrens

421 2175 620 2227 autem
652 2174 724 2227 ad
760 2178 1025 2244 puteum,
1050 2189 1184 2228 cum
1208 2172 1423 2227 auferri
1448 2172 1681 2241 quidem
1705 2171 2069 2243 operculum,

417 2259 611 2315 afferri
643 2265 840 2318 autem
872 2261 1063 2317 lucem
1087 2261 1554 2334 jussisset,videl
1583 2277 1831 2333 puerum
1863 2260 2072 2316 seden-

422 2353 542 2404 tem
574 2366 753 2421 super
784 2367 945 2423 aquae
977 2352 1373 2423 superficiem,
1396 2356 1454 2406 et
1485 2367 1693 2422 aquam
1725 2367 1895 2405 manu
1929 2366 2070 2421 pue-

419 2438 606 2494 riliter
639 2440 987 2511 pulsantem,
1020 2444 1075 2495 et
1104 2440 1205 2511 qui
1229 2445 1530 2511 reputatus
1555 2440 1743 2494 fuerat
1773 2438 2068 2504 interitus,

421 2544 555 2583 eum
590 2528 796 2583 ludum
828 2532 1164 2599 putantem;
1195 2534 1251 2584 et
1284 2546 1417 2584 cum
1466 2529 1752 2600 quosdam
1787 2528 1955 2583 funes
1986 2526 2068 2582 al-

415 2616 705 2689 ligassent
733 2622 790 2673 et
821 2633 918 2674 eos
959 2618 1357 2687 demisissent,
1382 2635 1629 2690 puerum
1662 2620 2066 2685 extraxerunt;

418 2710 471 2760 et
506 2705 707 2760 statim
738 2707 993 2761 accurrit
1042 2723 1185 2777 puer
1232 2708 1303 2762 ad
1354 2708 1533 2778 pedes
1564 2706 1743 2777 senis,
1777 2706 1976 2761 dicens
2007 2721 2069 2761 se

419 2809 555 2849 eum
595 2795 809 2850 vidisse
839 2795 898 2851 in
935 2795 1100 2867 aquis
1150 2796 1346 2866 ipsum
1381 2797 1683 2863 ferentem,
1708 2799 1765 2851 et
1794 2812 1867 2851 ne
1916 2812 2067 2850 mer-

420 2887 657 2954 geretur
704 2884 1132 2955 prohibentem.
1167 2884 1328 2941 Hanc
1380 2884 1802 2955 h03pitalitatis
1851 2901 2069 2940 merce-

419 2973 552 3027 dem
586 2972 804 3044 recepit
835 2972 1046 3029 mulier
1076 2991 1109 3028 a
1138 2974 1308 3030 beato
1340 2990 1496 3029 sene.

490 3062 560 3116 Et
582 3067 645 3116 ut
667 3061 782 3117 alia
805 3064 1247 3133 praetermittam
1271 3080 1401 3136 quas
1425 3065 1574 3119 facta
1591 3068 1731 3119 sunt
1753 3064 1812 3119 in
1837 3064 2067 3135 itinere,

417 3155 704 3207 venerunt
727 3152 965 3222 quidem
992 3152 1389 3222 Antiochiam;
1423 3170 1627 3209 omnes
1661 3159 1857 3210 autem
1890 3155 2067 3210 undi-

415 3256 528 3310 que
549 3242 998 3308 concurrebant,
1016 3242 1111 3297 Dei
1134 3242 1432 3298 hominem
1448 3234 1641 3298 videre
1663 3243 1988 3315 cupientes,
2009 3247 2065 3299 et
2097 3222 2140 3271 υ

411 3328 599 3384 morbi
634 3329 723 3384 sui
750 3329 1097 3385 medicinam
1125 3331 1537 3402 unusquisque
1557 3332 1818 3403 accipere
1839 3333 2065 3389 deside-

410 3435 549 3472 rans
578 3435 590 3473 :
617 3417 921 3474 habitabat
942 3412 1137 3475 autem
1162 3420 1220 3474 in
1244 3420 1541 3491 speluncis
1564 3438 1689 3491 quas
1714 3426 1880 3477 erant
1904 3422 1964 3477 in
1988 3422 2065 3479 1a-

408 3510 532 3563 tere
550 3508 766 3563 montis
785 3527 799 3575 ;
820 3507 917 3562 ubi
934 3508 1199 3564 divinum
1216 3526 1449 3581 quoque
1466 3509 1799 3579 apostolum
1816 3510 2064 3567 Paulum

412 3600 470 3652 et
491 3596 789 3653 habitasse
808 3597 1013 3653 dicunt
1034 3602 1093 3653 et
1113 3597 1377 3655 latuisse.
1401 3600 1507 3655 Sed
1535 3586 1735 3655 statim
1762 3604 1826 3654 ut
1848 3599 2067 3657 scirent

414 3701 619 3741 omnes
641 3702 776 3741 eum
801 3702 930 3741 esse
954 3685 1272 3759 hominem,
1299 3704 1433 3743 eum
1456 3688 1671 3743 invadit
1692 3689 1869 3745 febris
1890 3690 2064 3746 vehe-

414 3774 805 3830 mentissima.
836 3777 977 3831 Cum
1017 3781 1213 3832 autem
1245 3777 1469 3834 videret
1516 3794 1764 3850 magnus
1794 3779 2064 3847 Aeacius,

416 3863 862 3920 multitudinem
895 3882 1096 3922 eorum
1140 3866 1241 3938 qui
1287 3867 1463 3923 simul
1496 3872 1665 3922 erant
1708 3867 2066 3938 congregati,

411 3957 469 4008 et
516 3969 645 4008 eam
697 3970 825 4024 quas
876 3954 1168 4010 acciderat
1223 3972 1375 4027 aegre
1429 3956 1604 4011 ferret
1658 3956 2066 4027 aegritudinem

412 4040 810 4114 (existimabat
839 4041 995 4097 enim
1028 4043 1151 4098 fore
1185 4047 1248 4097 ut
1292 4044 1331 4097 ii
1366 4044 1467 4115 qui
1518 4049 1911 4100 convenerant
1938 4062 2065 4116 per-

414 4130 820 4196 turbarentur,
853 4130 901 4185 si
952 4130 1059 4185 viri
1110 4133 1383 4187 morbum
1436 4133 1805 4203 rescicerent,
1840 4136 2068 4206 acujus

417 4236 600 4274 manu
632 4235 695 4274 se
725 4218 1065 4275 inventuros
1116 4220 1432 4291 sperabant
1485 4222 1862 4295 medicinam)
1899 4241 1911 4279 :
1941 4224 2070 4282 Noli

418 4308 554 4379 angi
601 4308 824 4377 animo,
858 4308 1051 4379 inquit
1098 4326 1304 4378 senex;
1340 4311 1391 4365 si
1420 4315 1506 4366 est
1535 4312 1692 4368 enim
1743 4315 2073 4370 necessaria

418 4397 669 4466 sanitas,
706 4413 836 4452 eam
889 4398 1085 4453 statim
1138 4399 1299 4454 dabit
1344 4400 1650 4457 Dominus.
1676 4402 1885 4457 Statim
1935 4419 2071 4474 ergo

416 4490 550 4558 post
580 4485 702 4541 haec
731 4486 908 4542 verba
938 4488 1009 4542 ad
1043 4504 1241 4560 preces
1274 4506 1614 4561 conversus,
1643 4497 1699 4546 et
1729 4495 1793 4546 ut
1823 4491 2068 4557 solebat,

2189 560 2422 617 nasium
2447 560 2687 632 plenum
2711 560 2782 616 iis
2802 561 2901 632 qui
2926 562 3373 618 concurrebant.
3397 562 3619 616 Pudore
3642 565 3838 616 autem

2189 649 2598 705 afficiebantur
2646 650 3102 706 calumniatores
3134 655 3189 705 et
3219 649 3510 705 mendacii
3561 651 3840 719 artifices,

2186 738 2316 796 laeto
2348 744 2543 795 autem
2576 744 2633 795 et
2665 740 2981 811 tranquillo
3010 739 3205 795 animo
3238 743 3406 795 erant
3436 738 3661 794 alumni
3693 739 3844 794 veri-

2187 831 2345 885 tatis.
2368 829 2445 883 Ex
2468 828 2602 884 hinc
2624 829 2682 883 in
2702 830 2907 885 domos
2926 846 3064 885 suas
3082 829 3395 884 trahebant
3415 829 3615 884 lumen
3635 830 3844 884 verita-

2185 920 2283 985 tis,
2312 919 2351 974 ii
2382 919 2478 989 qui
2512 935 2660 991 opus
2691 919 2987 975 habebant
3018 923 3083 974 ut
3114 923 3481 974 curarentur.
3507 918 3608 973 Vir
3639 926 3837 973 autem

2186 1008 2425 1080 quidam
2453 1007 2545 1064 cui
2568 1009 2755 1064 fuerat
2778 1007 3072 1063 maximus
3095 1008 3408 1063 mandatus
3434 1007 3837 1079 magistratus,

2185 1100 2430 1170 ejusque
2479 1098 2613 1153 fidei
2665 1097 3021 1153 commissus
3060 1102 3185 1153 erat
3225 1096 3426 1153 clavus
3458 1096 3733 1165 Orientis,
3768 1098 3839 1152 ad

2185 1204 2318 1245 eum
2352 1186 2514 1242 misit
2544 1204 2759 1259 rogans
2792 1191 2855 1242 ut
2887 1187 2958 1242 ad
2993 1204 3054 1242 se
3084 1186 3325 1254 veniret,
3348 1191 3407 1242 et
3442 1203 3475 1241 a
3506 1187 3711 1242 morbo
3740 1204 3840 1241 ur-

2184 1282 2355 1349 gente
2376 1276 2671 1332 liberaret.
2698 1277 2797 1332 Ille
2822 1293 2955 1332 vero
2984 1276 3226 1333 accessit
3250 1276 3395 1331 nihil
3423 1279 3757 1344 cunctatus,
3785 1280 3841 1330 et

2183 1365 2480 1421 communi
2516 1364 2764 1421 Domino
2792 1366 2943 1420 fusis
2975 1366 3251 1437 precibus
3273 1365 3445 1420 verbo
3468 1365 3642 1421 solvit
3672 1364 3839 1436 aegri.

2183 1455 2474 1523 tudinem,
2507 1455 2769 1525 etjussit
2801 1459 2864 1509 ut
2895 1454 3008 1509 Deo
3041 1458 3239 1525 ageret
3269 1455 3510 1525 gratias.

2252 1550 2396 1601 Cum
2419 1546 2541 1601 haec
2575 1551 2632 1602 et
2651 1546 2795 1602 talia
2820 1546 3071 1615 fecisset,
3096 1546 3305 1601 statuit
3326 1546 3605 1618 deinceps
3626 1546 3835 1601 reverti

2182 1638 2253 1692 ad
2278 1654 2395 1692 suae
2414 1636 2847 1692 exercitationis
2867 1638 3203 1692 monasticae
3222 1637 3549 1708 tugurium.
3564 1637 3707 1692 Cum
3734 1652 3840 1708 per

2182 1726 2395 1796 Cyrum
2420 1726 2551 1797 [Al.,
2581 1726 2896 1798 Gyrrhum,
2919 1727 3003 1782 vel
3035 1726 3346 1799 Cyrrhum]
3381 1731 3577 1782 autem
3612 1726 3720 1782 iter
3751 1727 3835 1781 fa-

2181 1819 2334 1870 ceret
2364 1816 2570 1886 (distat
2600 1819 2796 1870 autem
2830 1814 2949 1870 haec
2983 1814 3189 1870 civitas
3215 1816 3463 1870 duorum
3489 1815 3712 1870 dierum
3742 1815 3836 1869 iti-

2182 1920 2317 1959 nere
2349 1904 2422 1958 ab
2451 1903 2801 1976 Antiochia),
2827 1904 3062 1960 divertit
3092 1903 3329 1974 quidem
3373 1903 3434 1958 in
3466 1904 3647 1959 adem
3683 1920 3836 1976 prae-

2183 1991 2321 2047 clari
2354 1992 2630 2065 martyris
2671 1991 2933 2064 Dionysii
2969 2009 2981 2046 :
3016 1992 3117 2063 qui
3167 1990 3288 2047 illic
3333 1996 3531 2047 autem
3562 2008 3699 2048 vero
3730 1992 3836 2048 Dei

2182 2081 2366 2137 cultui
2427 2087 2485 2138 et
2533 2084 2702 2136 rectae
2754 2081 3021 2153 religioni
3074 2085 3377 2152 praeerant,
3423 2082 3837 2138 convenientes

2181 2171 2594 2242 supplicarunt
2615 2174 2679 2225 ut
2708 2170 2820 2225 sibi
2852 2186 3023 2242 opem
3057 2172 3228 2226 ferret
3248 2170 3493 2225 exitium
3522 2170 3835 2242 praevisum

2181 2260 2678 2332 exspectantibus.
2726 2260 3013 2316 Dicebant
3071 2261 3227 2315 enim
3275 2262 3571 2315 Asterium
3623 2260 3721 2332 qui
3776 2261 3836 2316 in

2182 2350 2641 2423 sophistiea(t7)
2664 2354 2720 2405 et
2761 2350 2908 2405 falsa
2943 2349 3268 2405 disserendi
3301 2353 3425 2404 arte
3467 2349 3657 2404 fuerat
3687 2350 3836 2405 edu-

2182 2440 2368 2506 catus,
2399 2444 2456 2495 et
2486 2456 2547 2495 se
2573 2440 2630 2494 in
2668 2439 3073 2495 haereticorum
3106 2438 3412 2495 ecclesiam
3445 2440 3747 2508 injecerat,
3781 2444 3838 2494 et

2180 2528 2508 2600 episcopale
2548 2545 2767 2583 munus
2820 2532 2947 2583 erat
2995 2533 3323 2597 assecutus,
3352 2526 3566 2582 falsum
3620 2527 3837 2583 acriter

2181 2618 2509 2687 defendere,
2533 2622 2590 2672 et
2616 2617 2884 2689 improbo
2918 2617 3001 2672 uti
3033 2616 3279 2672 artificio
3311 2617 3594 2671 adversus
3624 2618 3834 2671 verita-

2179 2710 2330 2769 tem;
2383 2711 2439 2761 et
2486 2722 2778 2774 veremur,
2812 2706 3183 2777 inquiebant,
3231 2722 3303 2761 ne
3352 2706 3625 2762 facundia
3655 2705 3833 2761 veluti

2181 2796 2438 2866 quadam
2472 2811 2605 2850 esca
2639 2795 2852 2852 falsum
2887 2804 3220 2866 contegens,
3252 2800 3308 2851 et
3338 2812 3521 2851 nexus
3554 2795 3829 2867 syllogis-

2181 2902 2413 2940 morum
2460 2889 2744 2956 tanquam
2778 2886 3047 2956 quaedam
3082 2884 3225 2940 retia
3268 2886 3607 2955 extendens,
3638 2885 3833 2955 capiat

2090 3001 2099 3009 -
2180 2974 2399 3029 multos
2430 2990 2498 3029 ex
2541 2974 3035 3046 simplicioribus:
3069 2989 3137 3030 ea
3165 2975 3322 3029 enim
3378 2975 3447 3029 de
3496 2990 3676 3029 causa
3722 2975 3832 3029 fuit

2180 3065 2250 3119 ab
2300 3064 2648 3120 adversariis
2698 3063 3041 3119 accersitus.
3094 3064 3276 3118 Senex
3325 3067 3567 3118 autem:
3610 3064 3830 3130 Estote,

2183 3153 2393 3225 inquit,
2426 3154 2578 3210 bono
2629 3153 2847 3219 animo,
2879 3157 2937 3208 et
2974 3154 3090 3209 Deo
3124 3152 3429 3208 nobiscum
3481 3152 3831 3224 supplicate,

2182 3244 2507 3300 orationem
2539 3246 2594 3298 et
2625 3242 2885 3315 corporis
2916 3243 3293 3298 afflictionem
3325 3241 3597 3313 precibus
3626 3243 3834 3311 adjun-

2178 3337 2403 3405 gentes.
2432 3331 2533 3388 His
2560 3333 2736 3387 Deum
2762 3333 2847 3387 sic
2868 3332 3232 3404 rogantibus,
3258 3348 3374 3387 uno
3400 3331 3493 3387 die
3513 3336 3649 3387 ante
3675 3331 3830 3386 diem

2176 3416 2393 3476 festum
2424 3438 2488 3476 ac
2520 3420 2830 3488 celebrem,
2866 3438 2980 3493 quo
3012 3421 3187 3476 verba
3232 3424 3355 3475 erat
3403 3421 3668 3475 facturus
3700 3418 3831 3474 falsi

2176 3510 2451 3565 defensor
2483 3514 2538 3565 et
2568 3510 2756 3565 hostis
2788 3509 3070 3578 veritatis,
3098 3509 3149 3564 is
3184 3508 3470 3563 divinitus
3498 3507 3830 3563 immissam

2176 3599 2399 3671 accepit
2430 3599 2685 3671 plagam,
2710 3603 2921 3654 etcum
2950 3616 3067 3654 uno
3094 3602 3324 3654 tantum
3350 3598 3445 3653 die
3466 3601 3824 3669 regrotasset,

2176 3688 2430 3744 excessit
2457 3705 2488 3744 e
2517 3688 2689 3755 vivis,
2714 3688 2900 3754 illam,
2936 3694 3000 3743 ut
3030 3684 3121 3744 est
3150 3685 3470 3759 probabile,
3494 3703 3689 3742 vocem
3724 3703 3827 3741 au-

2177 3778 2344 3833 diens
2377 3794 2390 3831 :
2426 3778 2630 3847 Stulte,
2683 3778 2792 3833 hac
2844 3782 3013 3833 nocte
3066 3782 3337 3849 repetunt
3386 3794 3419 3832 a
3466 3784 3517 3832 te
3566 3776 3827 3830 animam

2183 3870 2346 3921 tuam
2369 3868 2523 3930 (Luc.
2547 3868 2684 3935 xn);
2712 3883 2838 3937 quas
2863 3871 3057 3922 autem
3084 3867 3299 3940 parasti
3325 3865 3468 3921 retia
3489 3868 3544 3919 et
3566 3864 3829 3935 laqueos,

2178 3955 2250 4009 iis
2278 3958 2341 4010 tu
2381 3955 2800 4026 implicaberis,
2831 3963 2888 4011 et
2937 3974 3052 4012 non
3099 3956 3220 4012 alii.
3258 3957 3381 4011 [Ιωο
3413 3954 3647 4010 Balaam
3688 3971 3832 4025 quo-

2179 4060 2290 4116 que
2324 4044 2684 4115 acciderunt,
2716 4045 2816 4117 qui
2859 4046 2984 4118 ipse
3014 4061 3245 4117 quoque
3285 4045 3568 4100 adversus
3600 4043 3705 4099 Dei
3737 4060 3834 4115 po-

2180 4132 2383 4204 pulum
2431 4134 2772 4202 accersitus,
2807 4150 2941 4189 cum
2984 4134 3166 4205 impia
3197 4134 3464 4204 quaedam
3495 4131 3699 4188 Balaac
3730 4134 3838 4186 ad-

2177 4238 2385 4277 versus
2408 4222 2605 4293 ipsum
2631 4218 3049 4289 consuluisset,
3070 4227 3199 4294 ejus
3221 4223 3381 4277 dedit
3404 4226 3710 4295 pcenas,ut
3734 4221 3836 4291 qui

2181 4312 2254 4367 ab
2288 4312 2611 4369 Israelitica
2640 4315 2877 4370 dextera
2906 4314 3085 4370 fuerit
3114 4331 3300 4370 caesus
3322 4314 3507 4385 (Nam.
3532 4315 3685 4381 xxvr)
3731 4312 3838 4383 Igi-

2180 4406 2279 4456 tur
2312 4402 2405 4457 hic
2439 4419 2674 4475 quoque
2706 4420 2838 4458 cum
2872 4403 2928 4458 in
2958 4404 3059 4460 Dei
3094 4403 3374 4476 populum
3401 4403 3687 4474 quasdam
3720 4401 3836 4456 cal-

2182 4489 2333 4546 lidas
2366 4491 2758 4563 excogitasset
2780 4493 3125 4560 sententias,
3151 4510 3254 4564 per
3284 4498 3463 4548 Deum
3491 4490 3691 4563 populi
3721 4490 3840 4545 vita

412 4578 470 4631 et
494 4590 687 4645 genua
717 4579 776 4630 et
807 4576 1053 4631 frontem
1090 4577 1215 4632 solo
1248 4579 1588 4647 admovens,
1624 4580 1850 4651 rogavit
1884 4586 1942 4636 ut
1973 4597 2071 4637 as-
2100 4572 2147 4635 D
2180 4580 2292 4634 fuit
2323 4580 2606 4652 privatus.
2641 4582 2800 4637 Hanc
2851 4587 3047 4638 autem
3083 4582 3331 4638 salutem
3366 4583 3547 4655 Cyrus
3580 4585 3669 4636 est
3700 4597 3840 4635 con—

412 4667 759 4734 sequeretur
804 4665 1144 4735 sanitatem,
1178 4667 1229 4722 si
1258 4684 1328 4723 ex
1358 4683 1425 4722 ea
1473 4668 1739 4723 reditura
1768 4670 1845 4725 sit
1876 4668 2073 4740 aliqua

411 4750 640 4806 utilitas
671 4752 740 4807 ad
775 4768 872 4807 eos
920 4753 1021 4824 qui
1077 4761 1492 4811 convenerant.
1524 4757 1793 4812 Nondum
1840 4758 2072 4814 finierat

413 4857 640 4911 preces,
673 4846 731 4896 et
761 4847 999 4913 repente
1024 4843 1246 4900 multus
1271 4845 1453 4901 sudor
1484 4846 1779 4917 profluens
1799 4846 2074 4904 exstinxit

420 4928 715 4985 flammam
753 4931 953 4987 febris.

486 5022 631 5074 Cum
656 5020 773 5075 illic
793 5025 991 5077 autem
1017 5021 1324 5078 liberasset
1344 5023 1561 5079 multos
1584 5041 1618 5078 a
1640 5023 1859 5081 morbis
1878 5027 2071 5082 omnis

418 5108 674 5180 generis,
691 5111 990 5181 profectus
1012 5115 1101 5167 est
1123 5112 1193 5166 ad
1219 5117 1570 5168 conventum
1594 5115 2071 5186 piorum.Trans-

415 5203 591 5253 eunte
611 5204 807 5253 autem
831 5216 897 5256 eo
922 5217 1022 5270 per
1054 5206 1249 5271 portas
1280 5200 1473 5273 regiae,
1498 5204 1806 5259 mendicus
1829 5205 2071 5276 quidam

418 5287 520 5359 qui
553 5285 829 5344 clunibus
879 5290 1153 5345 utebatur
1186 5307 1287 5361 pro
1320 5292 1590 5363 pedibus,
1611 5296 1665 5347 et
1717 5310 1816 5364 per
1856 5298 2071 5349 terram

418 5376 926 5443 trahebatur,cum
954 5396 1193 5434 manum
1215 5380 1593 5445 extendisset,
1608 5387 1664 5436 et
1681 5384 1811 5453 ejus
1829 5382 2071 5453 pallium

419 5465 733 5535 tetigisset,
763 5467 875 5521 fide
901 5468 1140 5539 quidem
1176 5470 1446 5526 morbum
1481 5473 1673 5541 exegit
1703 5470 1946 5527 exiliens
1968 5490 2070 5527 au-

426 5559 548 5609 tem
571 5556 825 5609 ostendit
857 5572 920 5610 se
953 5573 1116 5628 asque
1148 5574 1379 5613 currere
1411 5565 1587 5630 atque
1617 5565 1748 5615 ante
1780 5561 2074 5627 morbum,

423 5644 579 5698 idem
607 5643 825 5699 faciens
850 5648 1005 5714 quod
1028 5646 1276 5701 claudus
1298 5664 1469 5718 quem
1499 5649 1703 5705 Petrus
1734 5654 1791 5705 et
1816 5650 2075 5705 Joannes

426 5732 791 5789 suscitarunt
816 5734 951 5804 (Act.
985 5735 1090 5805 ιιι).
1127 5734 1245 5791 Hoc
1275 5752 1409 5791 cum
1458 5737 1678 5794 factum
1728 5743 1903 5809 esset,
1937 5756 2078 5795 con-

2182 4673 2386 4725 secuta
2418 4687 2520 4741 per
2550 4669 2733 4740 hujus
2764 4672 3110 4727 orationem.

2255 4760 2382 4813 llaec
2405 4764 2603 4814 autem
2629 4776 2758 4830 quae
2783 4761 3036 4828 narravi,
3064 4761 3204 4815 mihi
3232 4760 3499 4815 divinum
3523 4763 3720 4830 caput,
3745 4758 3839 4813 ille

2182 4863 2435 4919 magnus
2458 4848 2702 4905 tradidit
2721 4850 2994 4919 Aeacius,
3013 4850 3112 4921 qui
3139 4849 3381 4920 pulchre
3399 4848 3621 4904 sciebat
3644 4847 3843 4904 omnia

2183 4952 2307 5006 qua;
2334 4936 2406 4991 ab
2429 4936 2556 5008 ipso
2586 4938 2737 4992 facta
2763 4938 3013 4994 fuerant.
3039 4942 3179 4992 Cum
3202 4954 3338 5010 ergo
3358 4937 3521 4992 illinc
3544 4943 3699 4992 esset
3718 4954 3841 5008 pro-

2183 5026 2390 5093 fectus,
2415 5030 2472 5080 et
2497 5027 2567 5080 ad
2601 5043 2740 5081 suos
2773 5026 3004 5082 sodales
3038 5043 3329 5094 reversus,
3352 5032 3409 5082 et
3440 5044 3557 5081 una
3589 5042 3722 5081 cum
3758 5026 3841 5080 eis

2184 5132 2297 5169 non
2326 5130 2500 5185 parvo
2532 5120 2793 5187 tempore
2814 5120 2972 5171 esset
2994 5124 3283 5185 versatus,
3307 5116 3378 5171 ad
3405 5116 3583 5170 vitam
3608 5115 3756 5171 senii
3785 5119 3843 5170 et

2184 5202 2467 5259 molestiae
2494 5210 2792 5275 expertem
2817 5204 2985 5260 valde
3018 5211 3285 5277 prompte
3308 5209 3364 5260 et
3393 5205 3666 5260 alacriter
3687 5204 3841 5258 806

2186 5292 2441 5357 transiit,
2467 5298 2532 5348 ut
2570 5294 2671 5364 qui
2704 5293 2762 5349 in
2798 5293 3029 5350 mortali
3064 5300 3278 5351 natura
3321 5294 3640 5350 meditatus
3687 5298 3846 5349 esset

2184 5382 2708 5452 impatihilitatem,
2729 5389 3087 5456 exspectaret
3104 5389 3301 5440 autem
3328 5383 3588 5455 corporis
3609 5382 3846 5438 immor-

2184 5473 2493 5528 talitatem.
2526 5474 2644 5546 Ego
2686 5480 2881 5529 autem
2912 5475 3005 5530 hic
3038 5476 3107 5530 de
3140 5493 3204 5530 eo
3238 5464 3452 5530 sistens
3497 5474 3843 5538 orationem,

2186 5561 2451 5618 transibo
2484 5564 2552 5617 ad
2588 5562 2808 5619 alium:
2841 5581 3053 5634 rogans
3087 5569 3322 5619 sanctos
3345 5562 3443 5633 qui
3478 5562 3536 5617 in
3572 5562 3723 5617 hanc
3753 5561 3844 5615 in-

2188 5651 2536 5718 grediuntur
2566 5654 2985 5721 narrationem,
3022 5670 3124 5727 per
3156 5669 3324 5708 suam
3368 5653 3843 5712 intercessionem

2191 5740 2338 5796 mihi
2368 5757 2684 5811 supernam
2718 5743 3030 5799 conciliare
3068 5732 3558 5799 benevolentiam.
