4180 6338
317 392 397 447 29
1462 399 1931 469 PHILOTHEUS,
1974 413 2099 453 SIVE
2137 401 2609 458 THEOPHILES.
3676 406 3745 463 30

970 522 1200 579 CAPUT
1241 524 1335 580 Ill.

902 628 1234 668 maneamus
1274 615 1405 686 (18).

395 708 570 764 Illum
588 712 781 764 autem
800 714 1055 782 tempore
1074 711 1435 768 celebratum
1452 714 1983 785 Marcianum,quoo

320 800 501 852 modo
526 815 627 868 pro
665 798 747 854 rei
770 799 1056 870 dignitate
1090 801 1517 857 admirabimur
1542 803 1855 873 (Theodora,
1882 804 1980 858 lib.

322 905 382 942 xv
404 888 577 953 ΗΒΑ,
609 904 729 958 cap.
758 889 1061 958 26)?Num
1084 888 1352 945 videlicet
1375 907 1506 945 eum
1534 890 1709 947 simul
1736 894 1980 964 conjun-

325 982 535 1048 gentes
564 994 697 1031 cum
722 977 871 1044 Elia,
896 982 952 1033 et
971 981 1217 1045 Joanne,
1244 984 1300 1034 et
1321 980 1639 1048 similibus,
1671 982 1771 1052 qui
1790 981 1979 1036 circu-

324 1066 561 1121 mibant
612 1066 671 1121 in
718 1066 907 1122 ovinis
930 1073 985 1122 et
1007 1068 1263 1139 caprinis
1313 1068 1588 1140 pellibus,
1613 1075 1875 1142 egentes,
1899 1072 1979 1125 at-

320 1155 493 1219 ﬂicti,
518 1157 727 1224 vexati,
754 1157 972 1226 quibus
997 1156 1211 1228 dignus
1234 1174 1347 1213 non
1380 1163 1505 1214 erat
1531 1160 1790 1214 mundus
1822 1160 1980 1230 (Heli.

314 1256 421 1313 x1},
458 1252 720 1301 errantes
752 1247 811 1301 in
845 1247 1288 1315 solitudinibus,
1323 1253 1378 1304 et
1410 1250 1731 1317 montibus,
1767 1254 1824 1304 et
1850 1268 1979 1322 spe-

321 1333 549 1402 luncis,
581 1340 637 1390 et
674 1337 1061 1393 foraminibus
1092 1341 1311 1393 terrae?

399 1426 455 1479 Is
480 1425 634 1479 enim
658 1426 801 1480 olim
825 1427 1075 1496 patriam
1100 1426 1336 1499 quidem
1360 1426 1979 1500 habuitCyrum,cujus

322 1515 495 1583 prius
523 1530 755 1585 quoque
780 1514 1455 1587 meminimus;postha=c
1480 1523 1674 1572 autem
1708 1518 1979 1573 solitudi-

320 1619 459 1655 nem
482 1601 614 1656 :bac
637 1606 832 1658 autem
858 1609 913 1658 et
937 1603 1037 1659 illa
1078 1604 1299 1675 relicta,
1326 1622 1477 1660 nunc
1526 1606 1703 1662 habet
1743 1607 1974 1661 cazlum.

320 1692 395 1745 Et
428 1691 527 1745 illa
556 1692 794 1763 quidem
820 1709 954 1747 eum
985 1693 1208 1764 genuit,
1239 1693 1355 1750 haec
1378 1712 1507 1752 vero
1532 1695 1695 1766 aluit,
1721 1701 1777 1751 et
1797 1698 1974 1753 victo-

318 1798 450 1836 rem
491 1781 699 1850 etl‘ecit,
740 1782 952 1837 coelum
990 1792 1181 1838 autem
1226 1785 1449 1856 accepit
1499 1790 1562 1840 ut
1610 1790 1976 1853 coronatum,

2007 530 2061 594 Α
2094 528 2551 604 pulcherrimus,
2586 533 2694 592 hoc
2728 554 2906 608 parvo
2938 540 3066 595 cibo
3098 539 3310 597 alebat.
3348 543 3491 597 Cum
3544 548 3741 597 autem

2092 620 2433 690 prasteriiset
2460 622 2828 695 aliquantum
2852 622 3317 701 temporis,duos
3346 632 3582 688 admisit
3606 650 3743 687 con-

2090 706 2451 779 tubernales,
2487 710 2802 770 Eusebium
2832 720 2844 752 ¹
2882 718 2981 789 qui
3014 719 3162 773 sacri
3195 720 3355 775 illius
3380 722 3598 790 t‘ngurii
3635 722 3745 776 fuit

2091 796 2297 867 heres,
2331 804 2385 854 et
2411 805 2733 873 Agapetum
2788 807 2925 877 (l9),
2968 807 3066 879 qui
3100 809 3207 864 has
3258 808 3414 880 leges
3446 809 3743 881 angelicas

2089 888 2387 943 transtulit
2416 892 2754 961 Apameam.
2793 895 2889 950 Est
2929 896 3083 951 enim
3142 898 3381 968 quidam
3426 898 3586 953 vicus
3620 916 3744 954 ma-

2088 975 2277 1032 ximus
2299 982 2355 1031 et
2385 979 2901 1050 populosissimus,
2937 990 3029 1040 est
3058 992 3253 1041 autem
3290 988 3339 1042 ei
3376 1004 3587 1043 nomen
3639 989 3740 1043 Ni-

2089 1068 2261 1122 certe.
2300 1064 2359 1121 In
2402 1083 2467 1123 eo
2530 1085 2665 1140 ergo
2726 1074 3010 1128 construit
3049 1075 3163 1130 duo
3198 1075 3453 1132 maxima
3482 1075 3742 1148 philoso-

2089 1153 2238 1224 phiae
2264 1158 2588 1227 gymnasia,
2621 1176 2873 1229 quorum
2908 1178 3091 1217 unum
3126 1164 3361 1234 quidem
3395 1170 3483 1221 est
3509 1166 3579 1220 ab
3607 1167 3740 1235 ejus

2091 1246 2326 1299 nomine
2359 1247 2825 1319 denominatum,
2856 1250 3102 1307 alterum
3136 1269 3271 1308 vero
3305 1255 3375 1310 ab
3408 1255 3741 1309 admirabili

2088 1332 2378 1404 Simeone,
2403 1336 2501 1406 qui
2536 1338 2949 1411 quiquinginta
2970 1358 3257 1397 annorum
3286 1343 3475 1414 spatio
3509 1343 3744 1399 refulsit

2088 1421 2146 1475 in
2181 1422 2299 1477 hzec
2348 1424 2740 1498 philosophia.
2776 1430 2838 1482 In
2890 1430 2982 1484 his
3042 1429 3100 1485 in
3157 1430 3506 1487 hodiernum
3553 1449 3739 1503 usque

2089 1511 2241 1565 diem
2284 1514 2503 1584 degunt
2544 1515 2674 1587 plus
2709 1534 2880 1588 quam
2918 1520 3291 1591 quadraginti
3334 1521 3463 1587 viri,
3508 1522 3740 1577 virtutis

2088 1600 2336 1670 athletze,
2362 1607 2727 1660 etamatores
2774 1606 3075 1678 religionis
3100 1610 3342 1679 verique
3375 1610 3473 1663 Dei
3522 1608 3737 1681 cultus,

2086 1694 2143 1746 et
2168 1692 2409 1763 quisuis
2437 1694 2644 1748 caelum
2670 1702 2947 1752 coemunt
2968 1698 3291 1753 laboribus.
3329 1700 3513 1769 Hujus
3546 1706 3739 1755 autem

2086 1781 2419 1853 reipublica:
2445 1781 2809 1853 legislatores
2860 1786 3017 1841 fuere
3054 1788 3347 1859 Agapetus
3371 1793 3428 1843 et
3447 1787 3737 1855 Simones,

317 1876 650 1941 contempta
680 1870 942 1928 claritate
974 1873 1225 1943 generis.
1264 1874 1519 1929 Ducebat
1550 1874 1706 1930 enim
1734 1892 1921 1947 genus
1945 1895 1977 1932 a
2006 1884 2053 1966 Β
2084 1872 2180 1942 qui
2213 1870 2370 1943 leges
2394 1889 2664 1966 accepere
2696 1892 2728 1929 ε.
2762 1892 2971 1947 magno
2993 1876 3399 1933 Marciano.Ab
3428 1877 3517 1933 bis
3540 1880 3737 1934 autem

321 1960 598 2031 patriciis
626 1965 681 2015 et
704 1979 736 2015 a
758 1960 1068 2032 splendore
1094 1963 1271 2034 regio.
1296 1965 1358 2018 In
1385 1963 1500 2019 illis
1530 1964 1687 2020 enim
1731 1965 1974 2021 ﬂorebat

318 2049 587 2121 corporis
635 2050 828 2122 specie
860 2057 913 2106 et
949 2052 1348 2122 magnitudine
1398 2059 1633 2125 accepta
1663 2055 1736 2110 ab
1768 2056 1973 2126 Opiﬁce

319 2144 573 2203 natura},
606 2147 661 2195 et
691 2140 888 2195 animo
921 2142 1140 2212 ingenii
1174 2142 1411 2198 solertia
1442 2150 1663 2200 ornato.
1692 2148 1752 2200 In
1786 2145 1970 2200 Deum

318 2233 519 2284 autem
552 2234 609 2284 et
639 2246 702 2285 ea
732 2247 858 2301 quae
890 2231 959 2285 ad
986 2247 1117 2286 eum
1156 2232 1470 2303 pertinent,
1503 2238 1685 2288 totum
1713 2251 1970 2290 amorem

317 2318 671 2380 transtulit;
693 2324 747 2375 et
779 2320 1055 2375 omnibus
1071 2318 1484 2393 valerejussis,
1511 2323 1850 2380 solitudinis
1878 2343 1970 2379 0c-

320 2412 506 2477 cupat
538 2408 912 2479 umbilicum,
946 2415 1001 2465 et
1046 2428 1221 2481 parva
1266 2417 1561 2467 exstructa
1593 2413 1973 2479 domuncula,

320 2512 455 2566 qua:
491 2514 557 2552 ne
582 2498 707 2566 ejus
726 2499 960 2569 quidem
978 2501 1418 2572 corporisjusta
1439 2504 1829 2573 respondebat
1850 2522 1974 2575 pro~

319 2587 595 2657 portione
626 2605 758 2643 cum
780 2605 903 2643 eam
922 2590 1171 2658 quodam
1196 2589 1307 2645 alio
1333 2608 1507 2663 parva
1537 2597 1699 2663 septo
1718 2594 1972 2648 circum-

318 2675 598 2744 sedisset,
616 2677 885 2733 inclusus
907 2684 1029 2733 erat
1046 2680 1618 2752 assidue,separatus
1644 2684 1879 2753 quidem
1902 2685 1972 2737 ab

321 2766 489 2818 omni
524 2764 783 2821 humana
814 2769 1259 2835 consuetudine,
1290 2770 1586 2825 disserens
1620 2776 1815 2826 autem
1841 2790 1971 2827 cum

324 2854 575 2909 Domino
605 2857 1037 2924 universorum,
1073 2859 1374 2915 etdulcem
1401 2861 1562 2915 illam
1588 2878 1781 2917 vocem
1806 2880 1975 2917 exau-

322 2944 518 2997 diens.
542 2944 751 2999 Divina
772 2947 929 3001 enim
968 2964 1207 3003 versans
1250 2948 1501 3021 eloquia,
1526 2967 1586 3005 se
1615 2950 1811 3005 divina
1839 2968 1975 3006 voce

323 3032 444 3087 frui
462 3034 917 3104 putabat.0rans
936 3041 1130 3091 autem
1156 3042 1212 3093 et
1235 3039 1691 3111 supplicationes
1706 3041 1974 3109 offerens,

324 3121 457 3193 ipse
479 3122 830 3194 loquebatur
851 3142 982 3180 cum
1009 3125 1353 3195 Domino;et
1373 3144 1507 3183 cum
1545 3145 1775 3200 semper
1798 3129 1977 3185 tantis

325 3214 625 3267 frueretur
669 3213 913 3285 deliciis,
937 3231 1068 3271 eum
1105 3234 1403 3289 nunquam
1424 3218 1689 3289 capiebat
1711 3220 1971 3274 satietas.

324 3302 559 3357 Audivit
584 3303 737 3357 enim
764 3267 1023 3359 dividam
1052 3267 1334 3376 Spiritdm
1362 3267 1761 3379 permagnum
1799 3310 1972 3363 David
2007 3267 2048 3333 C

323 3390 679 3464 psallentem
716 3409 727 3446 :
763 3393 871 3457 Qui
919 3393 1233 3450 meditatur
1267 3395 1321 3449 in
1354 3397 1481 3467 lege
1522 3397 1753 3451 Domini
1787 3398 1877 3453 die
1911 3416 1976 3453 ac

326 3485 522 3547 nocte,
557 3481 669 3535 erit
697 3481 1217 3554 tanquamlignum
1244 3484 1395 3556 quod
1423 3484 1751 3556 plantatum
1776 3490 1864 3542 est
1885 3504 1975 3542 se-

322 3586 432 3624 cus
453 3571 737 3625 decursus
764 3588 1073 3642 aquarum,
1099 3574 1252 3643 quod
1282 3573 1535 3628 fructum
1561 3592 1686 3628 sum
1721 3575 1885 3631 dabit
1917 3577 1974 3631 in

324 3668 592 3731 tempore
616 3679 741 3727 suo;
770 3667 825 3715 et
847 3661 1049 3717 folium
1074 3664 1200 3733 ejus
1232 3680 1347 3719 non
1374 3664 1586 3719 defluet
1606 3666 1975 3737 (Psal.1}.Hos

326 3752 560 3805 fructus
579 3750 940 3822 desiderans,
957 3752 1367 3822 iucundissum
1393 3754 1550 3809 hunc
1574 3754 1829 3810 laborem
1852 3774 1976 3812 am-

324 3839 802 3912 plectebatur;et
843 3842 1166 3897 orationem
1195 3842 1429 3914 quidem
1459 3842 1782 3914 psalmodia
1818 3845 1972 3916 psal-

326 3929 587 3983 modiam
610 3933 799 3983 autem
828 3928 1151 4000 excipiebat
1180 3931 1387 3999 oratio,
1412 3935 1467 3985 et
1490 3936 1738 4004 utraque
1770 3950 1974 3989 rursus

323 4016 664 4073 divinorum
702 4016 1067 4089 eloquiorum
1116 4018 1303 4075 lectio.
1333 4022 1510 4075 Cibus
1556 4027 1746 4077 autem
1768 4023 1818 4078 ei
1853 4028 1976 4079 erat

321 4106 491 4162 solus
518 4107 701 4177 panis,
728 4108 893 4179 isque
911 4113 1067 4162 certa
1090 4108 1849 4179 prazbebaturmensuraEa
1881 4131 1977 4168 au-

320 4200 443 4250 tem
495 4200 620 4250 erat
654 4212 952 4266 mensura,
1014 4200 1079 4252 ut
1138 4214 1241 4252 nec
1290 4216 1470 4269 puero
1514 4200 1752 4271 quidem
1788 4219 1975 4274 nuper

321 4285 618 4341 ablactato
632 4285 775 4341 satis
794 4286 1147 4343 esset.Aiunt
1166 4286 1321 4342 enim
1340 4288 1504 4359 panis
1518 4286 1726 4346 libram
1751 4290 1807 4346 in
1829 4308 1971 4362 qua-

322 4381 461 4431 tuor
482 4380 677 4446 partes
699 4375 1227 4448 divisam,quatuor
1244 4376 1451 4433 diebus
1479 4378 1661 4433 fuisse
1684 4379 1968 4436 distribu-

320 4469 471 4528 tam,
502 4469 561 4518 et
601 4464 921 4536 unicuique
965 4465 1079 4520 diei
1122 4466 1467 4522 attributam
1519 4468 1703 4525 fuisse
1748 4473 1969 4541 partem

318 4571 525 4609 unam.
562 4555 856 4609 Statuerat
885 4554 1041 4609 enim
1074 4572 1310 4626 vespere
1352 4558 1655 4613 comedere
1688 4559 1970 4629 quotidie.

317 4659 631 4713 nunquam
673 4646 867 4697 autem
905 4643 1128 4711 satiari;
1156 4644 1256 4699 sed
1300 4661 1531 4715 semper
1571 4646 1808 4716 quidem
1845 4664 1971 4703 esu-
2001 4626 2046 4689 D

319 4734 702 4804 rire,semper
727 4750 860 4788 vero
892 4732 1089 4800 sitire;
1124 4734 1347 4805 corpori
1378 4738 1570 4789 autem
1604 4752 1670 4791 ea
1700 4737 1971 4793 exhibere

322 4841 458 4893 quae
490 4823 561 4877 ad
615 4823 926 4877 vivendum
974 4822 1295 4879 sufficiunt.
1332 4824 1568 4879 Dicebat
1606 4826 1763 4881 enim
1814 4829 1970 4897 quod

321 4912 425 4984 qui
471 4917 600 4982 post
650 4912 969 4967 multorum
1020 4912 1247 4967 dierum
1282 4914 1533 4968 inediam
1568 4914 1721 4986 capit
1752 4917 1967 4985 cibum,

317 5002 377 5056 in
414 5000 624 5057 diebus
656 5001 891 5072 quidem
926 5001 1129 5055 inediae
1162 5001 1355 5056 ofﬁcia
1384 5003 1677 5058 dominica
1700 5007 1966 5078 exsequi-

314 5096 416 5146 tur
448 5089 953 5155 imbecillius.Quo
985 5094 1174 5145 autem
1210 5091 1302 5146 die
1330 5109 1537 5146 rursus
1560 5093 1715 5164 capit
1746 5094 1965 5160 cibum,

315 5182 515 5252 plura,
558 5184 621 5233 ut
660 5184 748 5234 est
805 5183 1289 5246 consentaneum,
1343 5179 1647 5246 exhibens,
1708 5189 1966 5239 ventrem

316 5275 525 5324 onerat
558 5286 569 5323 :
605 5269 653 5324 is
699 5274 893 5324 autem
944 5273 1218 5339 gravatus
1269 5268 1582 5324 tardiorem
1617 5271 1806 5325 reddit
1834 5275 1965 5327 ani-

318 5378 476 5416 mam
512 5361 581 5414 ad
611 5359 996 5432 vigilandum.
1028 5356 1262 5414 Dicebat
1284 5361 1463 5433 igitur
1484 5378 1612 5416 esse
1630 5362 1841 5417 melius
1865 5381 1963 5419 ve-

314 5451 398 5504 sci
446 5449 682 5519 quidem
724 5449 1007 5518 quotidie,
1051 5464 1353 5519 nunquam
1395 5453 1590 5504 autem
1631 5456 1963 5522 exspectare

313 5539 672 5594 autietatem.
734 5538 950 5592 Verum
1013 5537 1171 5592 enim
1219 5539 1515 5609 jejunium
1549 5544 1639 5594 est
1685 5546 1964 5612 perpetua

312 5628 665 5699 indigentia.
716 5625 875 5681 Hanc
907 5628 1085 5698 legem
1150 5633 1428 5699 perpetuo
1478 5629 1697 5684 ferebat
1738 5630 1824 5683 vir
1865 5630 1961 5685 ille

313 5718 576 5781 divinus,
611 5720 667 5770 et
698 5732 831 5770 cum
855 5722 1066 5788 corpus
1094 5716 1333 5771 haberet
1365 5718 1707 5785 maximum,
1738 5718 1792 5773 et
1830 5738 1959 5775 om-

316 5808 483 5862 nium
518 5806 613 5862 sui
644 5805 925 5876 temporis
973 5806 1279 5861 hominum
1317 5815 1472 5863 esset
1499 5813 1555 5862 et
1586 5808 1874 5863 maximus
1903 5816 1959 5865 et

2086 1960 2339 2032 plurima
2370 1979 2492 2032 quae
2526 1960 2789 2034 plantata
2819 1969 2960 2019 sunt
3006 1965 3450 2022 exercitatorum
3499 1967 3734 2022 virtutis

2084 2050 2436 2121 habitacula,
2462 2068 2587 2123 quae
2612 2054 2850 2123 quidem
2876 2054 3082 2109 iisdem
3121 2053 3350 2127 legibus
3375 2060 3654 2124 reguntur
3680 2062 3739 2112 et

2082 2137 2393 2207 institutis,
2428 2139 2641 2194 dificile
2684 2145 2772 2195 est
2806 2157 3168 2198 enumerare.
3200 2144 3487 2199 Caeterum
3522 2143 3729 2199 horum

2084 2230 2347 2285 omnium
2382 2226 2675 2301 plantator
2724 2233 2834 2285 fuit
2884 2230 2980 2289 ille
3002 2234 3255 2302 divinus;
3288 2234 3384 2306 qui
3411 2234 3563 2289 enim
3602 2235 3734 2307 pul-

2083 2319 2441 2375 cherrimum
2501 2336 2699 2375 semen
2757 2322 3024 2393 praebuit,
3058 2324 3106 2377 is
3133 2325 3266 2395 jure
3304 2323 3497 2380 vocari
3546 2325 3735 2395 possit

2082 2416 2283 2464 auctor
2314 2410 2601 2464 bonorum
2638 2428 2761 2482 quas
2797 2417 3145 2469 nascuntur.

2157 2497 2413 2552 Primum
2436 2515 2592 2569 ergo,
2612 2499 3424 2564 utdixi,solusvoluntarium
3450 2502 3618 2556 illum
3655 2508 3732 2558 te-

2084 2588 2259 2641 nebat
2289 2603 2610 2655 carcerem;
2664 2589 2873 2643 deinde
2896 2606 3027 2643 cum
3072 2590 3180 2645 hos
3204 2591 3350 2645 duos
3376 2590 3734 2659 admisisset,

2085 2693 2199 2730 non
2250 2675 2597 2731 habitabant
2630 2676 2710 2731 illi
2745 2677 2945 2733 eadem
2990 2678 3193 2748 domo;
3250 2694 3437 2750 neque
3491 2680 3646 2735 enim
3683 2681 3734 2734 ei

2084 2765 2193 2821 soli
2225 2765 2554 2821 sufficiebat
2576 2767 2953 2834 domuncula,
2989 2771 3053 2822 ut
3074 2786 3199 2840 quae
3224 2773 3377 2823 esset
3397 2767 3564 2823 valde
3598 2786 3734 2841 par-

2082 2872 2175 2923 va,
2207 2862 2263 2909 et
2295 2871 2419 2925 quae
2452 2854 2563 2926 ipsi
2596 2860 2651 2909 et
2683 2856 2863 2911 stanti
2896 2861 2952 2911 et
2983 2858 3337 2912 recumbenti
3372 2857 3625 2912 multum
3651 2859 3733 2912 al-

2088 2944 2259 2998 ferret
2290 2942 2737 3015 laboris.Neque
2769 2946 2925 3000 enim
2960 2950 3359 3013 stans,rectus
3393 2952 3548 3002 stare
3581 2952 3737 3018 pote-

2087 3036 2195 3097 rat,
2228 3049 2361 3087 cum
2394 3036 2610 3087 tectum
2654 3038 2830 3105 caput
2862 3039 2918 3089 et
2958 3034 3173 3091 collum
3214 3042 3510 3109 tangeret;
3548 3053 3735 3107 neque

2087 3123 2374 3176 recubans
2406 3125 2633 3193 poterat
2666 3125 2841 3194 pedes
2868 3125 3200 3191 extendere,
3223 3142 3353 3180 cum
3376 3127 3588 3181 domus
3620 3143 3733 3180 non

2088 3211 2327 3266 haberet
2355 3210 2783 3283 longitudinem
2816 3213 3099 3284 aequalem
3142 3214 3497 3287 longitudini
3526 3232 3733 3287 corpo-

2088 3302 2189 3354 ris.
2222 3302 2367 3356 Cum
2399 3317 2535 3372 ergo
2566 3301 2650 3356 eis
2681 3302 3233 3372 permisissetaliam
3259 3308 3577 3369 exstruere,
3602 3306 3733 3374 jus-

2087 3390 2162 3445 sit
2193 3391 2250 3445 in
2282 3408 2351 3445 ea
2382 3390 2590 3460 degere
2626 3407 2637 3443 :
2672 3405 2773 3461 per
2803 3408 2865 3445 se
2915 3396 3107 3446 autem
3158 3392 3405 3465 hymnos
3454 3393 3645 3449 dicere
3678 3397 3734 3448 et

2086 3495 2271 3547 orare,
2305 3483 2362 3535 et
2391 3480 2590 3535 divina
2618 3480 2810 3551 legere
2840 3480 3093 3551 eloquia.
3134 3482 3279 3536 Cum
3312 3488 3505 3537 autem
3557 3498 3735 3553 opor-

2085 3573 2233 3623 teret
2289 3584 2416 3624 esse
2476 3568 2671 3641 plures
2718 3569 2896 3640 hujus
2944 3569 3218 3625 utilitatis
3250 3571 3585 3643 participes,
3619 3570 3733 3627 alio

2088 3658 2418 3715 habitacula
2450 3660 2577 3728 ejus
2603 3660 2775 3728 jussu
2831 3660 3031 3730 procul
3064 3666 3376 3729 exstructo,
3403 3662 3587 3731 jussit
3633 3676 3732 3715 eos

2066 3748 2184 3820 qui
2218 3747 2429 3803 vellent
2458 3750 2514 3802 in
2552 3749 2651 3803 illo
2680 3750 2907 3819 degere.
2942 3750 3154 3805 Eorum
3198 3755 3393 3805 autem
3442 3751 3560 3805 dux
3608 3754 3733 3803 erat

2084 3838 2395 3906 Eusebius,
2429 3840 2525 3909 qui
2562 3837 2757 3909 magni
2792 3838 3067 3893 Marciani
3101 3838 3248 3893 807
3295 3837 3734 3894 transmittebat

2086 3928 2438 3985 doctrinam.
2472 3926 2716 3983 Divinas
2750 3931 2940 3982 autem
2972 3927 3069 3983 ille
3101 3930 3418 3999 Agapetus,
3460 3930 3522 3983 ut
3553 3946 3729 4000 opor-

2085 4020 2199 4075 tuit
2233 4020 2556 4084 institutus,
2592 4023 2648 4073 et
2679 4019 3048 4084 exercitatus,
3076 4024 3130 4075 et
3159 4019 3220 4074 in
3251 4019 3358 4073 hac
3383 4024 3505 4075 arte
3538 4020 3730 4075 athle-

2082 4110 2198 4164 tica
2224 4109 2441 4180 optimc
2472 4107 2759 4177 eruditus,
2798 4125 3064 4164 reversus
3109 4114 3217 4179 est,
3274 4114 3338 4164 ut
3367 4109 3507 4179 dixi,
3548 4113 3602 4165 et
3634 4128 3733 4166 se-

2084 4198 2327 4256 minavit
2358 4197 2585 4253 semina
2629 4214 2755 4268 qua:
2788 4215 2821 4253 a
2851 4198 3048 4253 divina
3092 4197 3191 4254 illa
3252 4199 3448 4255 anima
3497 4216 3735 4272 accepe-

2084 4295 2192 4345 rat.
2226 4288 2420 4344 Evasit
2450 4293 2646 4342 autem
2674 4288 2821 4346 adeo
2855 4287 3048 4343 clarus
3081 4293 3138 4343 et
3170 4288 3440 4357 illustris,
3485 4296 3549 4345 ut
3582 4308 3733 4362 pon-

2081 4378 2284 4434 tilicali
2317 4378 2452 4434 sede
2476 4375 2689 4448 dignus
2740 4378 2816 4433 sit
2855 4377 3115 4444 habitus,
3151 4381 3207 4432 et
3252 4377 3304 4433 ei
3352 4380 3625 4435 mandata
3658 4382 3735 4437 sit

2083 4466 2394 4540 pastoralis
2423 4466 2669 4531 curatio,
2702 4474 2755 4521 et
2784 4466 2911 4535 ejus
2957 4466 3091 4521 ﬁdei
3138 4467 3357 4523 credita
3390 4469 3561 4523 fuerit
3590 4486 3733 4525 cura

2084 4555 2595 4627 patriaeEusebius
2628 4559 2822 4609 autem
2854 4555 2955 4609 ille
2985 4555 3723 4630 admirabilis,congregati

2080 4646 2271 4717 gregis
2304 4645 2626 4716 praefectus,
2661 4649 2717 4698 et
2743 4661 2941 4699 curam
2987 4646 3255 4717 magistri
3287 4652 3644 4718 susceperat,
3676 4653 3735 4703 et

2081 4735 2244 4790 solus
2276 4734 2489 4801 dignus
2522 4731 2845 4787 habebatur
2876 4732 2976 4804 qui
3010 4749 3140 4788 cum
3178 4734 3235 4788 in
3260 4738 3519 4806 tempore
3540 4737 3730 4790 venti-

2081 4827 2252 4888 taret,
2285 4828 2341 4878 et
2369 4838 2501 4878 eum
2535 4826 2764 4893 rogaret
2810 4822 3074 4891 nunquid
3127 4822 3317 4878 vellet.
3353 4824 3495 4878 Cum
3530 4829 3728 4882 autem

2079 4910 2250 4967 vellet
2280 4920 2451 4966 noctu
2482 4910 2676 4965 videre
2710 4908 2849 4980 quid
2879 4915 3094 4981 ageret,
3121 4928 3302 4965 ausus
3324 4916 3412 4965 est
3443 4911 3512 4965 ad
3538 4912 3729 4967 fenes-

2079 5006 2229 5055 tram
2264 5002 2410 5071 (erat
2438 5008 2631 5054 autem
2664 5016 2731 5054 ea
2762 5000 2956 5055 brevis
2987 5002 3332 5071 admodum)
3364 5002 3731 5069 accedere;et

2079 5106 2209 5144 cum
2236 5106 2294 5145 se
2317 5089 2606 5143 inclinans
2629 5087 3167 5159 respexisset,vidct
3182 5088 3404 5156 lumen,
3423 5105 3533 5144 non
3551 5106 3617 5144 ex
3641 5090 3726 5145 lu-

2077 5196 2250 5235 cerna
2284 5194 2471 5250 neque
2530 5178 2683 5249 quod
2735 5180 2890 5233 esset
2919 5194 3099 5233 manu
3136 5179 3376 5244 factum,
3409 5180 3509 5233 sed
3543 5196 3575 5234 a
3606 5184 3720 5235 Deo

2075 5269 2300 5337 datum,
2334 5275 2389 5323 et
2418 5268 2571 5339 quod
2608 5283 2859 5338 superna
2890 5267 3077 5339 gratia
3109 5268 3478 5337 praeceptoris
3510 5269 3598 5323 sui
3625 5286 3723 5324 ca-

2075 5364 2179 5429 put
2209 5356 2715 5428 circumfulgebat,
2741 5360 2796 5411 et
2820 5356 3151 5410 divinorum
3184 5354 3549 5428 eloquiorum
3574 5359 3727 5414 Scri-

2076 5452 2258 5518 ptura:
2304 5445 2649 5501 ostendebat
2690 5434 3176 5515 intelligentiam;
3208 5448 3443 5502 tenebat
3465 5450 3619 5503 enim
3654 5447 3723 5501 li-

2074 5534 2243 5588 brum
2260 5539 2334 5599 ,et
2356 5534 2565 5587 divina:
2580 5531 2900 5587 voluntatis
2924 5538 3362 5589 sacrosanctum
3390 5536 3724 5606 inquirebat

2072 5624 2443 5678 thesaurum.
2470 5626 2586 5677 Hoc
2612 5637 2742 5675 cum
2769 5626 2925 5676 esset
2951 5623 3381 5696 contemplatus
3400 5623 3720 5679 admirabi-

2073 5712 2145 5767 lis
2165 5710 2699 5781 Eusebius,ingenti
2718 5710 2929 5766 timore
2957 5711 3311 5783 horroreque
3336 5718 3424 5768 est
3447 5714 3709 5781 allectus,

2145 5814 2158 5845 ί
2190 5817 2263 5865 De
2296 5809 2561 5876 Eusebio,
2586 5809 2755 5877 infra,
2787 5826 2913 5880 cap.
2949 5811 2997 5865 4.
