4180 6338
465 357 532 412 31
1651 358 1749 411 DE
1786 357 1974 410 VITIS
2011 355 2310 410 PATRUM
2346 356 2560 411 LIBER
2598 360 2695 411 IX.
3808 351 3882 406 32

468 487 524 539 et
560 483 652 538 Dei
682 483 935 539 ministri
970 480 1241 536 dill'usam
1274 480 1516 535 edoctus
1542 485 1631 536 est
1659 481 1992 552 gratiam,et
2013 479 2109 535 Dei
2141 481 2194 546 Α
2226 497 2340 550 prae
2369 497 2429 535 se
2450 479 2686 545 tulerat,
2719 496 2868 551 egre
2912 481 3100 536 ferens
3126 479 3300 534 homo
3323 477 3446 544 Dei,
3484 481 3686 550 utpote
3721 479 3877 549 quod

469 572 530 626 in
561 588 701 627 suos
732 590 931 628 servos
964 569 1168 625 didicit
1200 568 1690 626 benevolentiam.

536 679 869 750 Aliquando
890 682 1084 734 autem
1102 693 1232 731 cum
1254 677 1310 730 in
1336 675 1625 732 vestibulo
1650 692 1900 748 magnus
1924 679 2120 730 oraret

471 767 828 838 Marcianus,
863 769 1038 823 draco
1072 765 1306 838 quidam
1341 766 1439 836 qui
1465 769 1793 837 reptaverat
1823 781 2000 836 supra
2024 781 2117 835 pa-

470 858 673 913 rietem
703 874 940 914 versum
979 858 1049 913 ad
1080 854 1399 923 Orientem,
1433 857 1683 926 desuper
1712 872 1742 910 e
1767 871 1930 909 muro
1982 855 2117 909 des-

471 948 649 1017 pexit,
682 946 860 1001 simul
895 951 953 1002 et
984 947 1174 1015 hians,
1207 949 1262 1000 et
1285 943 1647 999 horribiliter
1684 943 1943 1010 intuens,
1977 948 2031 997 et
2059 959 2119 997 se

471 1036 814 1089 invasurum
851 1034 1215 1106 significans.
1252 1032 1455 1088 Procul
1484 1036 1682 1088 autem
1733 1037 1897 1088 stans
1938 1032 2119 1086 Euse-

473 1123 850 1189 bius,etillud
876 1124 1235 1178 horrendum
1259 1121 1658 1194 spectaculum
1682 1120 2120 1194 pertimescens,

467 1216 522 1266 et
553 1212 608 1268 id
663 1213 1014 1285 magistrum
1056 1213 1324 1284 ignorare
1365 1212 1698 1282 suspicans,
1727 1210 1809 1265 illi
1865 1210 2121 1265 ostendit

468 1301 751 1369 clamans,
783 1307 840 1358 et
869 1306 934 1356 ut
964 1302 1189 1374 fugeret
1221 1317 1454 1372 rogans.
1478 1300 1578 1355 llle
1605 1304 1800 1354 autem
1833 1316 1965 1354 cum
1985 1315 2117 1354 eum

471 1391 964 1461 reprehendisset,
984 1395 1040 1446 et
1061 1391 1332 1446 timorem
1357 1390 1640 1462 expellere
1662 1391 1939 1461 iussisset
1961 1393 2118 1458 (nam

470 1495 605 1535 eum
649 1495 883 1552 quoque
928 1496 1056 1535 esse
1103 1479 1334 1535 exitiale
1379 1479 1636 1550 vitium),
1669 1479 1852 1550 digito
1883 1479 2117 1549 quidem

471 1569 662 1624 crucis
694 1569 857 1639 prius
889 1569 1175 1641 expressit
1204 1569 1479 1641 figuram,
1511 1585 1606 1624 ore
1637 1573 1832 1624 autem
1859 1569 2120 1624 insuma-

468 1657 568 1726 vit,
593 1661 649 1712 et
669 1663 893 1714 veteres
942 1659 1200 1712 ostendit
1239 1657 1600 1713 inimicitias.
1639 1656 1738 1712 Ille
1769 1661 1962 1713 autem
1997 1658 2120 1729 spi-

472 1746 585 1800 ritu
613 1747 750 1813 oris,
779 1751 1053 1817 tanquam
1089 1747 1222 1818 igne
1245 1747 1464 1818 aliquo,
1496 1747 1825 1802 exsiccatus
1856 1751 1913 1802 et
1939 1745 2118 1801 veluti

2224 573 2430 640 praeter
2450 570 2937 625 consuetudinem
2977 570 3184 625 fuisset
3208 569 3336 640 ejus
3358 569 3666 636 adventus,
3693 568 3878 638 jussit

2224 675 2359 713 vera
2381 658 2702 714 dicere.Ille
2720 663 2918 714 autem
2938 659 3155 714 timens
3173 663 3228 712 et
3250 657 3876 723 contremiscens,cum

2226 764 2340 802 non
2367 752 2564 819 posset
2584 764 2720 803 eu'n
2762 749 2940 804 latere
2971 749 3069 820 qui
3105 747 3312 819 plenus
3360 751 3482 802 erat
3515 746 3616 801 Dei
3669 747 3875 817 gratia,

2226 836 2370 891 dixit
2391 837 2597 907 etquis
2616 841 2768 891 esset
2799 837 2900 908 qui
2938 835 3289 908 suplicabat,
3316 840 3371 889 et
3395 851 3526 890 eum
3560 835 3749 890 morbi
3775 836 3882 889 do-

2227 925 2346 979 cuit
2376 925 2807 996 tragoediam,et
2829 926 3088 980 ostendit
3114 924 3427 996 lecythum.
3456 924 3508 979 Is
3533 928 3724 979 autem
3745 940 3881 978 suc-

2227 1014 2414 1069 cesuit
2434 1015 2671 1085 quidem
2698 1019 2762 1069 ut
2783 1019 2872 1069 est
2889 1018 3368 1082 consentaneum,
3385 1014 3539 1084 quod
3564 1012 3743 1068 nollet
3764 1013 3878 1066 vir-

2225 1107 2411 1159 tutem
2432 1104 2758 1159 ostendere.
2786 1104 3042 1158 Minatus
3060 1107 3253 1157 tamen
3277 1103 3431 1174 quod
3456 1103 3504 1157 si
3527 1102 3648 1156 haec
3672 1118 3879 1156 rursus

2227 1193 2487 1258 auderet,
2509 1193 2654 1247 etab
2680 1192 2778 1248 illa
2802 1193 3124 1265 privabitur
3146 1192 3591 1257 consuetudine,
3626 1195 3682 1245 et
3703 1191 3752 1245 ei
3772 1209 3881 1246 au-

2229 1283 2446 1338 feretur
2464 1281 2859 1337 ministerium
2881 1286 3032 1351 (erat
3056 1286 3251 1336 autem
3277 1281 3781 1349 maximajactura
3806 1280 3879 1336 iis

2227 1371 2325 1442 qui
2356 1375 2645 1442 quaestum
2691 1371 2977 1441 sciebant)
3027 1370 3272 1439 remisit,
3315 1369 3529 1439 jubens
3559 1369 3798 1424 reddere
3825 1369 3878 1424 ei

2225 1460 2322 1531 qui
2355 1462 2615 1514 dederat.
2650 1465 2720 1515 Et
2769 1460 3102 1514 Marcianus
3149 1459 3388 1530 quidem
3431 1458 3552 1514 haec
3586 1459 3876 1528 jubebat:

2227 1560 2452 1615 daemon
2477 1565 2670 1616 autem
2693 1562 2794 1631 qui
2814 1561 3014 1616 aberat
3046 1559 3157 1614 iter
3177 1563 3430 1630 quatuor
3465 1557 3715 1625 dierum,
3749 1559 3878 1628 ejus

2227 1649 2326 1720 qui
2358 1649 2625 1719 exigebat
2663 1649 3091 1704 vociterabatur
3131 1649 3434 1714 virtutem,
3456 1651 3512 1702 et
3545 1647 3881 1702 Marcianus

2225 1738 2507 1795 Berrhoeze
2531 1739 2768 1794 functus
2791 1737 3690 1809 estofﬁciojudicis,quibusdam
3711 1736 3879 1792 licto-

471 1838 761 1900 exsectus,
784 1834 972 1890 instar
993 1839 1207 1891 exustae
1222 1835 1453 1907 stipulae
1474 1836 1533 1890 in
1563 1834 1778 1890 multas
1803 1839 1996 1906 partes
2028 1840 2114 1890 est
2148 1852 2197 1918 Β
2227 1829 2568 1918 ribususus
2591 1829 2870 1883 adversus
2895 1829 3242 1897 daemonem,
3261 1833 3320 1918 et
3337 1826 3502 1918 illum
3524 1826 3876 1918 sceleratum

471 1923 821 1980 dissolutus.
840 1924 983 1979 Vide
999 1941 1132 1994 ergo
1151 1941 1289 1980 num
1316 1925 1579 1980 imitatus
1603 1928 1693 1979 est
1716 1924 2030 1979 Dominum
2055 1927 2121 1978 ut

469 2028 674 2068 servus
695 2013 1327 2068 benevolusPDominus
1358 2013 1678 2079 enim,cum
1696 2012 2012 2084 aliquando
2030 2012 2086 2066 fu
2101 2042 2123 2053 -

467 2106 619 2156 reret
641 2118 802 2157 mare
823 2102 880 2156 in
904 2103 1165 2174 cymbam
1201 2102 1656 2173 discipulorum,
1687 2117 1787 2157 eos
1814 2106 2010 2156 autem
2037 2100 2120 2154 vi-

467 2190 652 2246 disset
674 2190 876 2246 anxios
900 2195 956 2246 et
981 2191 1375 2262 perturbatos,
1415 2208 1528 2246 non
1555 2191 1718 2262 prius
1749 2191 1928 2246 maris
1953 2190 2119 2246 seda-

464 2280 539 2333 vit
565 2284 973 2351 tempestatem
1001 2281 1565 2351 quam,inerepando
1589 2279 1934 2352 discipulos,
1959 2296 2119 2334 com-

464 2369 698 2439 pescuit
729 2386 931 2424 eorum
992 2370 1469 2425 incredulitatem
1517 2370 1742 2439 (Matth.
1779 2370 1923 2439 vui).
1973 2369 2118 2424 Ilinc

461 2459 670 2512 doctus
697 2458 792 2512 hic
821 2458 908 2513 vir
939 2459 1303 2514 admirabilis
1326 2459 1581 2530 primum
1605 2458 1828 2531 expulit
1843 2460 2114 2513 timorem

462 2547 757 2618 discipuli,
779 2547 989 2603 deinde
1014 2549 1096 2603 sic
1121 2548 1374 2604 belluam
1402 2549 1597 2603 affecit
1622 2547 1933 2620 supplicio.
1953 2547 2114 2602 Talis

462 2637 659 2706 magni
692 2637 967 2691 Marciani
1008 2636 1118 2691 fuit
1155 2643 1213 2692 et
1262 2638 1577 2708 sapientia,
1610 2643 1664 2693 et
1696 2638 2113 2692 miraculorum

461 2724 710 2790 elfectio,
745 2725 801 2779 in
848 2725 1031 2780 Deum
1075 2725 1311 2782 fiducia.
1370 2727 1476 2780 Sed
1526 2731 1722 2781 tamen
1765 2743 1897 2780 cum
1950 2730 2116 2780 tanta

460 2813 644 2882 gratia
662 2813 879 2884 dignus
902 2819 1056 2870 esset
1077 2814 1339 2884 habitus,
1361 2819 1419 2869 et
1442 2831 1656 2886 magna
1697 2819 1894 2885 posset
1926 2814 2112 2868 facere

463 2903 1051 2972 miracula,studebat
1074 2909 1268 2960 tamen
1293 2906 1480 2961 celare
1502 2905 1802 2970 virtutem,
1820 2905 2112 2976 praedonis

463 2992 695 3048 virtutis
744 2998 1050 3064 suspectas
1102 2994 1324 3050 habens
1373 2994 1719 3063 machinas;
1764 2993 2109 3065 arrogantia!

461 3081 618 3137 enim
645 3081 848 3136 vitium
871 3082 1401 3150 subterseminans,
1436 3082 1635 3138 labore
1667 3081 1941 3139 collectos
1985 3083 2108 3136 fru-

2233 1917 2551 1990 expellens,
2572 1922 2628 1973 et
2649 1917 2902 1989 puellam
2921 1918 3203 1972 mundam
3227 1917 3477 1972 reddens
3500 1915 3571 1970 ab
3590 1915 3692 1971 illa
3712 1931 3878 1970 vexa-

2232 2007 2407 2062 tione.
2436 2011 2552 2062 Hoc
2566 2011 2763 2062 autem
2787 2010 2982 2062 exacte
3005 2005 3170 2061 scivit
3193 2009 3357 2076 pater
3379 2003 3605 2076 puellae;
3629 2008 3686 2059 et
3715 2003 3873 2059 enim

2231 2095 2536 2150 revertenti
2569 2111 2701 2150 cum
2737 2111 2922 2165 pauca
2944 2095 3138 2150 stadia
3179 2095 3412 2150 abesset
3435 2094 3507 2148 ab
3531 2093 3696 2162 urbe,
3721 2091 3872 2146 808

2230 2184 2485 2239 occurrit
2504 2184 2742 2256 quidam
2768 2200 2969 2239 servus
3001 2201 3034 2239 a
3053 2183 3364 2238 dominain
3399 2198 3607 2254 agrum
3634 2181 3873 2236 missus.

2230 2273 2283 2329 Is
2304 2289 2436 2327 cum
2463 2272 2707 2329 vidisset
2731 2272 3039 2327 dominum
3060 2270 3324 2326 miraculi
3348 2271 3484 2326 facti
3506 2271 3705 2327 attulit
3727 2287 3877 2325 nun-

2227 2363 2397 2430 tium,
2427 2366 2679 2433 quatuor
2702 2366 2834 2417 ante
2855 2362 3064 2417 diebus
3087 2361 3288 2416 dicens
3313 2362 3527 2416 factum
3552 2377 3681 2416 esse
3699 2360 3875 2414 mira-

2225 2451 2447 2506 culum.
2501 2451 2715 2506 Diebus
2768 2467 2904 2522 ergo
2937 2450 3295 2522 supputatis,
3328 2454 3385 2504 et
3414 2454 3674 2520 tempore
3726 2453 3877 2503 recte

2224 2540 2577 2609 examinato,
2604 2540 2812 2594 didicit
2852 2539 2995 2594 illud
3039 2539 3220 2594 fuisse
3261 2539 3318 2593 in
3347 2555 3462 2610 quo
3489 2553 3664 2593 senex
3683 2535 3878 2591 attulit

2221 2629 2539 2702 lecythum.
2571 2629 2713 2686 Mihi
2754 2635 2949 2684 autem
3000 2629 3160 2684 venit
3199 2629 3257 2683 in
3317 2633 3570 2684 mentem
3623 2628 3875 2699 cogitare

2223 2721 2362 2790 quid
2391 2735 2503 2774 non
2533 2718 2766 2773 fecisset
2789 2719 2885 2773 ille
2903 2717 2988 2773 vir
3019 2733 3289 2789 magnus,
3311 2718 3356 2773 si
3382 2716 3665 2773 voluisset
3689 2717 3876 2770 facere

2223 2807 2529 2864 miracula.
2554 2807 2611 2862 Si
2635 2807 2792 2862 enim
2830 2807 3008 2862 etiam
3035 2823 3167 2862 cum
3197 2808 3460 2862 studeret
3480 2805 3668 2861 celare
3692 2821 3871 2876 quam

2220 2902 2521 2968 acceperat
2564 2897 2842 2952 virtutem
2893 2901 3121 2952 tantum
3174 2897 3431 2952 ostendit
3460 2895 3869 2966 splendorem;

2219 2997 2374 3066 quod
2399 3013 2513 3051 non
2534 2995 2885 3050 miraculum
2910 2995 3146 3051 fecisset
3167 2995 3215 3050 si
3239 2994 3652 3050 voluisset?Sic
3675 2999 3868 3047 autem

2219 3085 2537 3156 spiritalem
2562 3101 2796 3156 quoque
2820 3102 2987 3140 suam
3016 3084 3365 3157 sapientiam
3391 3101 3505 3138 non
3528 3083 3872 3139 ostendebat

457 3175 586 3225 ctus
617 3174 861 3225 conatur
891 3171 1134 3243 eripere.
1170 3175 1236 3225 Et
1265 3187 1400 3226 cum
1435 3172 1548 3227 sibi
1587 3173 1782 3228 datam
1816 3170 1987 3226 vellet
2011 3187 2104 3226 ce-
2137 3210 2179 3273 C
2217 3175 2727 3245 omnibus.Itaque
2753 3190 2886 3229 cum
2911 3178 3208 3246 postremo
3225 3173 3524 3244 postdiem
3546 3173 3758 3228 festum
3783 3189 3871 3227 sa-

455 3259 573 3314 lare
604 3259 1103 3331 gratiam,invitus
1126 3261 1196 3315 ad
1219 3260 1484 3316 facienda
1506 3261 1777 3316 veniebat
1798 3259 2104 3330 miracula,

455 3365 586 3403 cum
615 3349 743 3418 ejus
773 3355 926 3404 recte
974 3350 1258 3405 factorum
1287 3349 1468 3420 jubar
1502 3350 2020 3422 resplendesceret,
2054 3352 2111 3403 et

460 3453 586 3508 quae
609 3436 1015 3493 occultabatur
1045 3437 1323 3493 virtutem
1358 3439 1634 3510 aperiret.

526 3542 854 3606 Quinetiam
883 3543 1195 3614 aliquando
1219 3545 1463 3616 contigit
1489 3549 1551 3600 ut
1585 3544 1698 3600 tale
1731 3545 1868 3616 quid
1904 3545 2102 3600 fieret:

453 3632 559 3686 Vir
575 3632 813 3703 quidam
841 3633 1228 3690 honesteloco
1257 3641 1452 3703 natus,
1477 3640 1532 3690 et
1554 3635 1647 3690 cui
1674 3634 1958 3690 militares
1982 3651 2105 3689 ma-

458 3721 739 3790 gistratus
763 3738 914 3792 saape
939 3722 1168 3778 fuerant
1208 3724 1498 3794 mandati,
1529 3740 1598 3779 ex
1635 3724 1905 3779 Berrhcea
1927 3723 2105 3796 Syris:

456 3810 600 3865 urbe
633 3810 1029 3882 proficiscens,
1049 3829 1179 3867 cum
1203 3814 1334 3883 ejus
1356 3812 1475 3869 lilia
1495 3814 1595 3868 diu
1619 3813 2102 3882 debaccharetur,

454 3903 510 3954 et
532 3916 565 3954 a
591 3900 744 3954 malo
769 3900 1030 3956 daemone
1073 3908 1278 3957 vexata
1309 3903 1616 3969 insaniret,
1641 3902 1796 3957 venit
1818 3903 1876 3956 in
1899 3901 2104 3956 solitu-

455 3989 674 4054 dinem,
713 4006 846 4044 cum
875 3995 1030 4045 esset
1061 3991 1298 4062 quidem
1324 3993 1522 4064 magni
1551 3991 1835 4046 Marciani
1862 3989 2107 4045 familia-

456 4079 828 4149 ris,speraret
849 4084 1046 4134 autem
1078 4085 1315 4151 propter
1330 4081 1583 4150 priorem
1614 4078 2104 4134 consuetudinem

466 4182 601 4220 eum
652 4166 961 4221 convenire
1009 4173 1066 4222 et
1097 4184 1303 4238 rogare
1343 4184 1356 4222 :
1401 4184 1504 4238 spe
1535 4172 1728 4222 autem
1757 4166 1937 4222 falsus
1970 4183 2104 4221 cum

461 4271 574 4310 non
595 4254 798 4310 liceret
814 4255 862 4308 ei
884 4255 982 4310 Dei
1006 4256 1202 4312 videre
1225 4262 1654 4328 servum,rogat
1679 4258 1995 4326 quemdam
2014 4273 2104 4311 se-

459 4360 616 4410 nem,
641 4344 734 4398 cui
762 4343 861 4398 illo
904 4349 1166 4416 tempore
1190 4345 1370 4400 divini
1395 4345 1554 4401 illius
1581 4345 1686 4400 viri
1719 4346 2104 4402 commissum

460 4433 650 4486 fuerat
679 4432 1096 4503 ministerium,
1131 4439 1196 4488 ut
1227 4451 1468 4506 parvum
1504 4434 1797 4505 lecytbum
1827 4437 1953 4490 oleo
1979 4436 2104 4506 ple-

458 4537 597 4575 num
631 4520 938 4591 acciperet,
970 4526 1025 4576 et
1056 4523 1127 4577 ad
1177 4523 1394 4578 ostium
1428 4523 1797 4578 domuncula:
1844 4529 2100 4594 poneret.

2215 3262 2424 3318 lutaris
2443 3263 2759 3334 passionis,
2779 3267 2837 3318 et
2885 3262 3192 3318 dominicae
3235 3261 3705 3329 resurrectionis,
3739 3277 3869 3333 per-

2216 3352 2579 3407 misissetiis
2611 3353 2714 3422 qui
2752 3352 3024 3408 volebant
3074 3352 3146 3407 ad
3196 3367 3258 3407 se
3289 3351 3542 3422 ingredi,
3578 3349 3677 3406 illo
3720 3355 3872 3406 certe

2213 3446 2475 3512 tempore
2489 3457 2693 3496 omnes
2717 3441 3036 3497 studebant
3056 3455 3192 3496 eum
3212 3439 3620 3511 videre.Atque
3635 3440 3706 3494 ad
3734 3456 3867 3496 eum

2213 3529 2528 3599 aliquando
2573 3530 2910 3602 congregati
2961 3529 3136 3602 primi
3176 3528 3486 3584 veniebant
3536 3529 3866 3600 pontifices,

2215 3618 2524 3674 Flavianus
2558 3618 2653 3674 ille
2686 3635 2960 3691 magnus,
2983 3620 3153 3689 cujus
3177 3619 3311 3674 ﬁdei
3342 3622 3466 3673 erat
3496 3619 3714 3674 credita
3737 3635 3866 3690 pas-

2213 3709 2397 3764 cenda
2423 3707 2771 3768 Antiochia:
2804 3713 2861 3764 et
2892 3708 3126 3763 divinus
3165 3706 3435 3775 Acacius,
3487 3708 3658 3777 cujus
3701 3707 3867 3777 prius

2214 3814 2453 3869 quoque
2485 3797 2888 3864 meminimus,
2909 3803 2967 3853 et
2993 3796 3287 3852 Eusebius
3316 3795 3718 3852 Chalcidensis
3742 3796 3864 3866 epi-

2213 3903 2449 3957 scopus,
2485 3891 2542 3942 et
2576 3886 2836 3941 Isidorus
2862 3888 2953 3942 cui
2987 3891 3127 3941 tunc
3159 3890 3284 3942 erat
3330 3884 3647 3941 commissa
3684 3887 3864 3955 Cyrus

2211 3975 2616 4045 gubernanda,
2651 3975 2754 4046 qui
2781 3981 2950 4031 erant
2977 3976 3192 4031 virtute
3221 3975 3647 4046 insignes.Una
3669 3979 3864 4030 autem

2212 4079 2344 4118 cum
2372 4063 2488 4119 illis
2513 4065 2830 4120 eratetiam
2854 4064 3318 4135 Theodotus.qui
3349 4065 3585 4119 tenebat
3606 4064 3866 4120 habenas

2215 4152 2785 4224 llierapolitanorum
2803 4154 3305 4219 ecclesiim,clarus
3319 4154 3644 4209 monastica
3657 4153 3866 4208 exerci-

2214 4240 2434 4297 tatione
2448 4247 2505 4298 et
2521 4243 2991 4298 mansuetudine.
3011 4247 3185 4298 Erant
3209 4247 3401 4298 autem
3429 4241 3694 4298 nonnulli
3715 4258 3864 4312 quo-

2214 4345 2326 4401 que
2343 4348 2409 4385 ex
2434 4331 2904 4403 magistratibus,
2928 4331 3150 4387 incensi
3175 4333 3380 4387 ardore
3403 4331 3555 4386 fidei.
3581 4331 3863 4385 Omnibus

2213 4435 2350 4490 ergo
2377 4437 2508 4475 cum
2551 4420 2786 4476 silentio
2831 4421 3194 4487 sedentibus,
3227 4426 3284 4475 et
3307 4437 3534 4476 sacram
3580 4420 3738 4475 illam
3762 4438 3862 4474 vo-

2213 4524 2334 4562 cem
2351 4509 2986 4581 exspectantibus,ipse
3008 4525 3240 4580 quoque
3257 4509 3354 4562 diu
3384 4514 3584 4564 tacens
3603 4509 3860 4578 sedebat,

459 4572 597 4575 ___-_
977 4572 1024 4576 η
1058 4572 1127 4577 __
1181 4572 1394 4578 ηπ---
1432 4572 1794 4578 ηψπ---κ
1846 4572 2100 4594 rw"---

456 4610 642 4664 Senex
656 4613 850 4664 autem
875 4627 1027 4682 saape
1051 4611 1290 4682 quidem
1315 4628 1378 4667 se
1402 4613 1454 4665 id
1478 4611 2101 4681 facturumintieiatus,

2219 4595 2414 4667 lingua
2456 4572 2693 4668 quidem
2732 4572 2979 4664 otiosus,
3019 4572 3262 4653 auribus
3294 4603 3486 4652 autem
3534 4572 3860 4668 promptus;

457 4715 608 4770 saepe
639 4703 834 4753 autem
868 4716 1076 4755 rursus
1110 4706 1372 4772 rogatus,
1406 4702 1592 4756 victus
1624 4705 1712 4756 est
1744 4718 1776 4755 a
1808 4701 2100 4770 precibus.

456 4787 600 4842 Cum
626 4791 821 4842 autem
845 4789 1157 4860 strepitum
1181 4806 1432 4862 magnus
1449 4791 1732 4846 sensisset
1749 4790 2100 4846 Marcianus.

459 4877 680 4948 rogavit
702 4876 980 4946 quisnam
1029 4883 1204 4947 esset,
1227 4883 1282 4933 et
1312 4896 1567 4950 quonam
1591 4896 1738 4950 opus
1765 4879 1983 4934 habens
2001 4896 2104 4934 ve-

457 4965 629 5020 niret.
663 4971 718 5021 Is
749 4973 944 5020 autem
976 4984 1174 5022 veram
1208 4969 1444 5039 quidem
1478 4968 1706 5024 celabat
1737 4984 1995 5034 causam,
2025 4969 2102 5023 si-

457 5055 721 5110 mulabat
741 5060 937 5111 autem
965 5073 1023 5111 se
1052 5057 1281 5112 venisse
1301 5062 1366 5112 ut
1386 5059 1560 5113 sciret
1583 5075 1721 5112 num
1739 5058 1976 5127 juberet
1997 5058 2102 5113 ali-

455 5143 636 5213 quid;
679 5149 737 5199 et
776 5144 885 5200 hoc
905 5145 1130 5214 dicens,
1155 5146 1437 5201 dimissus
1458 5151 1571 5202 est.
1595 5153 1735 5202 Cum
1767 5151 1958 5201 autem
1991 5147 2102 5201 sub

455 5250 726 5288 auroram
751 5253 957 5292 rursus
1000 5241 1164 5306 pater
1185 5235 1386 5308 puella:
1417 5242 1681 5309 rogasset
1729 5242 1794 5291 ut
1833 5236 1944 5292 sibi
1974 5239 2102 5292 red-

457 5323 694 5376 deretur
741 5323 1028 5395 lecythus,
1061 5323 1158 5380 ille
1211 5326 1427 5380 timens
1473 5326 1733 5397 quidem,
1776 5326 1878 5380 ivit
1907 5330 2102 5381 tamen

455 5427 589 5465 cum
633 5427 808 5483 quam
872 5413 1126 5468 maximo
1179 5417 1371 5485 potuit
1420 5415 1676 5482 silentio,
1735 5419 1792 5470 et
1839 5421 2103 5486 porrecta

455 5517 655 5568 manu,
681 5506 737 5555 et
760 5506 996 5572 accepto
1029 5502 1256 5575 lecytho
1297 5504 1569 5576 cupiebat
1592 5505 1790 5559 latere.
1822 5509 1876 5559 Is
1908 5508 2102 5560 autem

457 5606 662 5644 rursus
703 5589 946 5661 rogavit,
973 5591 1252 5661 quidnam
1275 5593 1476 5649 volens
1499 5593 1740 5649 veniret.
1784 5594 2100 5662 Postquam

455 5683 653 5735 autem
685 5680 954 5736 eamdem
997 5681 1146 5736 dixit
1178 5697 1416 5737 causam
1451 5699 1624 5754 quam
1658 5683 1833 5738 etiam
1865 5699 2101 5754 vespere

2213 4695 2377 4749 Tunc
2410 4695 2626 4763 aliquis
2657 4711 2725 4750 ex
2757 4695 2830 4751 iis
2863 4697 2963 4766 qui
2986 4696 3288 4765 sedebant,
3315 4694 3411 4765 qui
3435 4700 3560 4748 erat
3593 4695 3644 4749 ei
3688 4694 3861 4749 fami-

2212 4782 2375 4838 liaris
2406 4789 2643 4855 propter
2673 4801 2874 4839 curam
2909 4783 3140 4850 animae,
3171 4788 3229 4839 et
3260 4783 3479 4854 alioqui
3518 4784 3862 4840 auctoritate

2213 4873 2574 4944 etdignitate
2596 4873 2813 4943 clarus,
2832 4874 3068 4943 Omnes,
3094 4873 3305 4944 inquit,
3330 4890 3362 4928 o
3389 4873 3577 4940 Pater,
3603 4873 3776 4926 divini
3802 4873 3860 4927 hi

2215 4966 2436 5032 Patres,
2471 4963 2736 5017 sitientes
2777 4965 3080 5034 expectant
3103 4963 3459 5018 suavissima
3498 4967 3613 5016 tum
3653 4962 3864 5016 doctri-

2213 5069 2296 5105 na:
2314 5051 2762 5118 ﬂuenta;omnes
2779 5068 2914 5123 ergo
2930 5050 3562 5122 praesentesimpertias
3587 5050 3858 5118 utilitate,

2212 5165 2317 5203 nec
2346 5147 2592 5204 claudas
2629 5149 2782 5204 rivos
2813 5153 2926 5204 tua:
2951 5147 3367 5204 beneﬁcentiae.
3397 5147 3493 5202 Ille
3516 5151 3706 5202 autem
3729 5165 3859 5202 cum

2213 5237 2807 5308 valdeingemuisset,
2827 5237 2981 5293 Deus
3007 5237 3639 5309 inquit,universorum
3671 5237 3863 5306 quoti-

2212 5327 2304 5380 die
2328 5325 2593 5396 loquitur
2618 5343 2716 5396 per
2737 5331 3058 5394 creaturas,
3085 5333 3141 5382 et
3156 5342 3259 5398 per
3278 5326 3505 5380 divinas
3526 5324 3860 5395 Seripturas

2210 5414 2446 5469 disserit
2477 5420 2536 5469 et
2567 5419 2763 5469 monet
2784 5432 2851 5470 ea
2873 5431 3003 5486 qua:
3026 5420 3273 5487 oportet,
3299 5419 3355 5470 et
3373 5413 3598 5468 inducit
3640 5430 3707 5468 ea
3729 5431 3856 5485 quae

2211 5509 2350 5558 sunt
2373 5502 2581 5568 utilia;
2619 5508 2914 5574 terretque
2953 5504 3132 5559 minis
3155 5507 3211 5558 et
3233 5503 3580 5557 adhortatur
3607 5504 3857 5574 promis-

2211 5592 2325 5646 sis:
2357 5598 2411 5647 et
2434 5609 2500 5647 ex
2534 5593 2625 5648 his
2655 5593 2878 5648 nullam
2912 5593 3183 5664 capimus
3207 5590 3541 5646 utilitatem.
3568 5593 3857 5657 Quemad-

2212 5682 2452 5736 modum
2481 5698 2617 5754 ergo
2640 5683 2886 5754 loquens
2909 5682 3194 5755 profuerit
3218 5681 3576 5748 Marcianus,
3603 5681 3703 5752 qui
3727 5686 3858 5736 tan-
