4180 6338
258 370 319 423 37
1384 378 1498 430 PH]
1511 378 1839 435 LOTHEUS

1988 397 2006 435 Β
2044 382 2520 441 THEOPHILES.
3590 387 3662 444 38

252 493 812 564 modiceinclinatur,
830 500 1104 568 spectans
1120 498 1373 555 adillum
1393 517 1665 572 campum
1684 506 1741 558 et
1758 520 1895 559 Ven-
1926 510 1979 583 Α
2012 521 2073 559 es
2106 506 2207 561 Dei
2240 508 2339 578 qui
2371 512 2426 564 te
2476 510 2610 566 feeit
2636 511 2847 567 ardens
2877 516 3139 583 amator;
3176 512 3391 569 multos
3425 530 3660 585 quoque

249 589 363 636 tum
388 588 674 637 austrum.
699 585 760 638 In
786 601 850 640 eo
876 586 1255 659 philosophiae
1280 592 1654 661 gymnasium
1672 598 1899 648 exstru-

254 670 329 722 xit
358 670 596 739 quidam
628 672 1002 741 Ammianus,
1027 674 1115 730 vir
1142 676 1240 746 qui
1273 693 1405 731 cum
1432 679 1634 735 multis
1657 682 1894 753 quidem

252 760 373 813 aliis
403 759 715 815 virtutibus
746 767 903 818 esset
935 762 1152 833 clarus,
1183 770 1308 820 tum
1355 784 1587 824 summa
1613 772 1895 827 modestia

252 850 556 916 superabat
578 850 743 906 alios.
771 851 887 906 Hoc
910 858 1105 908 autem
1131 855 1271 910 satis
1294 861 1381 912 est
1397 860 1750 929 argumenti.
1771 862 1896 916 Ete-

248 940 355 992 nim
386 955 523 993 cum
557 941 627 993 ad
664 941 1017 1009 doctrinam,
1045 960 1160 998 non
1195 944 1385 1001 solum
1410 948 1532 1002 suis
1566 950 1893 1019 sodalibus,

247 1036 335 1089 sed
366 1035 450 1090 vel
485 1035 578 1091 bis
614 1036 854 1092 totidem
886 1039 1016 1095 aliis
1068 1046 1264 1113 posset
1314 1044 1603 1115 sufﬁcere,
1638 1064 1790 1119 saepe
1824 1050 1891 1103 ad

246 1142 507 1196 magnum
530 1128 872 1182 accurrebat
890 1128 1457 1206 Eusebium,rogans
1479 1140 1535 1190 et
1553 1137 1892 1209 supplicans

238 1225 291 1268 ut
319 1214 365 1267 is
398 1231 526 1270 esse
560 1216 732 1271 vellet
764 1218 1017 1291 adjutor,
1041 1210 1359 1291 paedotriba
1383 1228 1437 1279 et
1461 1226 1744 1301 magister
1766 1227 1893 1296 ejus

239 1303 503 1375 palaestra
558 1322 737 1379 quam
788 1307 1173 1365 fundaverat:
1210 1312 1410 1367 aberat
1457 1320 1651 1377 autem
1685 1316 1894 1387 viginti

242 1393 481 1467 quinque
514 1395 748 1466 stadiis,
775 1396 833 1450 in
866 1398 1117 1467 quodam
1142 1400 1309 1456 valde
1330 1419 1508 1474 parvo
1531 1403 1891 1475 habitaculo,

244 1494 293 1537 et
308 1484 451 1554 quod
471 1500 577 1537 nec
596 1484 877 1541 fenestras
896 1485 1133 1558 quidem
1154 1488 1426 1563 habebat,
1442 1492 1728 1549 inclusus.
1746 1496 1889 1550 Eum

240 1578 416 1625 autem
442 1573 512 1627 ad
546 1574 701 1628 hane
732 1574 1005 1630 virtutem
1032 1577 1352 1634 deduxerat
1374 1580 1728 1655 Marcianus,
1754 1587 1883 1654 ejus

243 1662 465 1734 quidem
499 1669 775 1736 patruus,
810 1666 999 1722 ﬁdelis
1034 1673 1230 1726 autem
1263 1670 1362 1727 Dei
1404 1690 1628 1733 servus.
1660 1676 1890 1741 Sufﬁcit

241 1752 381 1807 enim
413 1752 521 1807 hoc
557 1753 772 1826 dicere,
809 1771 941 1813 cum
971 1757 1148 1813 etiam
1182 1776 1463 1833 magnum
1488 1769 1745 1837 Moysem
1780 1765 1889 1819 hoc

240 1842 577 1913 cognomine
607 1843 913 1900 honorarit
933 1848 1241 1905 Dominus.
1266 1851 1368 1906 Hic
1392 1852 1724 1912 Marcianus
1748 1871 1882 1909 cum

239 1931 482 1985 divinum
508 1938 816 2005 gustasset
847 1952 1131 2006 amorem,
1152 1938 1341 2013 noluit
1366 1941 1528 2006 solus
1551 1944 1660 2005 frui
1687 1945 1878 2012 bonis,

241 2021 327 2076 sed
361 2020 578 2077 multos
613 2023 789 2078 etiam
820 2024 953 2079 fecit
984 2026 1130 2087 alios
1162 2027 1220 2089 in
1255 2047 1449 2095 amore
1480 2032 1627 2095 811
1668 2035 1878 2091 socios.

242 2119 480 2176 Venatus
495 2126 589 2177 est
604 2127 801 2185 autem
817 2128 872 2179 et
888 2141 1167 2196 magnum
1192 2128 1527 2207 Eusebium,
1544 2138 1601 2189 et
1623 2135 1749 2205 ejus
1773 2138 1882 2192 fra-

240 2212 369 2265 trem
399 2208 493 2279 qui
521 2210 581 2269 in
619 2210 736 2266 vita
758 2228 889 2267 vere
911 2229 1144 2287 quoque
1166 2222 1288 2275 erat
1310 2219 1506 2284 frater.
1533 2222 1659 2278 Non
1682 2224 1883 2281 existi-

244 2297 404 2357 mavit
426 2297 590 2355 enim
617 2299 828 2355 rationi
851 2318 978 2357 esse
1001 2311 1419 2365 consatdneum
1446 2314 1508 2374 ut
1530 2328 1626 2367 eos
1647 2313 1880 2383 quidem

241 2386 326 2458 qui
357 2387 425 2443 ad
457 2403 595 2443 eum
636 2388 781 2449 nihil
817 2390 1105 2457 attinebat
1134 2402 1442 2457 venaretur
1472 2400 1542 2454 ad
1586 2402 1880 2469 virtutem,

242 2475 428 2531 fratres
463 2482 666 2541 autem
706 2495 822 2537 non
856 2479 1076 2539 itidem.
1107 2483 1221 2549 llos
1254 2501 1391 2561 ergo
1424 2489 1627 2553 ambos
1658 2508 1789 2547 cum
1822 2493 1880 2547 in

237 2580 397 2634 parva
427 2564 779 2622 inelusisset
801 2568 1177 2643 domuncula,
1198 2589 1298 2637 eos
1328 2578 1721 2648 evangelicam
1751 2582 1883 2637 vita:

240 2654 463 2719 docebat
484 2656 800 2721 rationem.
821 2658 929 2715 Sed
957 2660 1191 2725 fratrem
1212 2665 1447 2741 quidem
1472 2670 1883 2727 morbusinva-

236 2741 543 2809 densillum
564 2761 815 2809 cursum
838 2746 1185 2821 interrupit;
1220 2754 1487 2815 morbum
1505 2773 1661 2821 mors
1684 2767 1879 2825 autem

239 2834 316 2885 est
334 2838 675 2895 consecuta:
694 2850 829 2889 nam
853 2852 986 2895 cum
1008 2838 1213 2917 paucis
1237 2840 1445 2903 diebus
1468 2844 1704 2911 vixisset
1726 2854 1882 2920 post-

238 2937 395 2995 quam
420 2922 583 2987 illinc
602 2929 994 2997 estegressus,
1009 2929 1138 2987 vitae
1158 2930 1330 2989 finem
1350 2936 1591 3011 ascepit.
1608 2942 1880 3002 Perman-

238 3011 505 3079 sitautem
528 3030 782 3087 magnus
802 3018 1089 3083 Eusebius
1110 3024 1228 3081 toto
1243 3026 1503 3097 tempore
1522 3025 1647 3081 vitae
1662 3029 1879 3100 patrui,

238 3116 406 3179 neque
438 3119 574 3163 cum
614 3101 714 3167 illo
745 3102 1013 3181 loquens,
1047 3124 1236 3187 neque
1266 3110 1457 3173 lucem
1486 3113 1743 3185 intuens,
1773 3119 1876 3177 sed

235 3195 497 3269 perpetuo
520 3191 829 3266 inclusus:
850 3198 907 3249 et
928 3201 1059 3277 post
1077 3196 1235 3255 illius
1259 3206 1505 3259 mortem
1530 3203 1682 3261 hanc
1698 3206 1873 3273 vitam

235 3251 674 3354 estample‘xus,
706 3283 891 3349 donec
922 3251 1288 3354 admirabilis
1321 3289 1419 3351 ille
1441 3268 1874 3361 Ammianusei

235 3368 415 3431 multis
431 3371 680 3431 delinito
701 3373 972 3444 precibus
994 3377 1307 3447 persuasit.
1323 3379 1423 3444 Dic
1442 3382 1598 3441 enim
1622 3384 1790 3454 mihi,
1805 3387 1877 3443 ad

235 3455 385 3513 illum
407 3460 664 3531 dicebat,
684 3478 716 3518 o
740 3463 979 3533 Optime,
1000 3466 1235 3521 cuinam
1261 3468 1490 3539 placere
1511 3472 1876 3544 existimans,

238 3543 573 3605 laboriosam
590 3550 742 3605 hanc
757 3552 1176 3626 sordidamque
1194 3560 1250 3611 et
1263 3560 1595 3628 squalidam
1620 3562 1797 3619 vitam
1815 3543 1877 3621 es

238 3644 569 3704 persecutus
589 3640 621 3693 ?
640 3640 787 3695 Cum
810 3647 1030 3713 autem,
1050 3648 1115 3699 ut
1136 3662 1239 3717 par
1259 3653 1368 3717 est,
1391 3647 1441 3702 is
1467 3650 1671 3723 utique
1690 3653 1876 3709 dixis-

242 3730 349 3780 set:
380 3728 493 3784 Deo
525 3730 633 3801 qui
683 3736 775 3786 est
820 3733 1055 3791 virtutis
1106 3735 1406 3807 legislator
1448 3743 1506 3795 et
1556 3743 1873 3816 magister:

233 3824 498 3887 Quoniam
524 3846 668 3901 ergo
701 3846 831 3885 eum
866 3833 1251 3904 amas,inquit
1268 3838 1749 3915 Ammianus,ego
1772 3844 1875 3899 tibi

230 3915 446 3972 modum
468 3919 783 3973 ostendam
805 3936 907 3991 per
924 3937 1096 3991 quem
1111 3927 1168 3978 et
1184 3940 1441 3982 amorem
1464 3930 1652 4003 magis
1676 3949 1875 3988 accen-

232 4002 337 4067 des,
370 4006 497 4061 etei
529 4024 705 4078 quem
747 4026 911 4064 amas
934 4012 1169 4068 servies.
1197 4018 1343 4069 Nam
1370 4019 1523 4089 quod
1555 4002 1748 4077 omnis
1774 4028 1876 4081 tua

227 4107 347 4147 cura
362 4100 416 4148 et
431 4096 526 4151 ind
539 4098 729 4151 ustria
747 4098 801 4151 in
819 4097 1064 4171 teipsum
1080 4109 1598 4179 convertatur,non
1615 4110 1871 4183 effugiet,

228 4185 285 4234 ut
308 4184 510 4251 sentio,
531 4186 755 4241 crimen
777 4186 943 4242 nimii
964 4188 1022 4243 in
1043 4194 1097 4245 te
1119 4191 1314 4262 ipsum
1336 4196 1573 4252 amoris.
1593 4198 1871 4258 Lexenim

236 4268 594 4343 divinajuhet
616 4276 950 4345 proximum
970 4294 1159 4335 amare
1178 4287 1240 4335 ut
1258 4282 1512 4354 teipsum
1533 4286 1703 4356 (Rom.
1721 4292 1867 4362 xm).

231 4361 427 4416 multos
458 4368 660 4420 autem
684 4380 862 4437 opum
888 4382 1117 4423 sumere
1139 4370 1478 4444 participes,
1504 4375 1608 4430 hoc
1632 4382 1721 4432 est
1745 4361 1871 4449 pre-

227 4448 399 4514 prium
425 4452 545 4507 veri
574 4453 839 4509 muneris
864 4456 1193 4514 charitatis.
1221 4461 1377 4517 Hanc
1414 4468 1609 4519 autem
1638 4448 1869 4525 divinus

228 4537 422 4595 Paulus
448 4541 765 4614 appellavit
783 4542 930 4615 legis
953 4545 1698 4627 plenitudinem(Gala£.v).
1721 4556 1868 4613 Rur-

227 4643 315 4682 sus
328 4646 557 4703 quoque
575 4632 962 4690 clamatzTota
976 4635 1066 4692 lex
1078 4642 1133 4693 et
1147 4641 1440 4711 prophetae
1456 4643 1513 4698 iu
1532 4645 1636 4700 hoc
1653 4663 1801 4702 serm
1813 4666 1865 4704 o-

227 4716 353 4772 nein
368 4736 667 4777 summam
684 4722 1515 4805 rediguntur,nempe,Diliges
1533 4735 1861 4806 proximum

229 4808 380 4862 tuum
400 4809 1033 4883 sicutteipsum.Porro
1048 4821 1242 4873 autem
1257 4818 1541 4878 Dominus
1557 4828 1863 4897 quoquein

229 4896 394 4951 sacris
409 4898 735 4970 Evangeliis
762 4904 1379 4974 Petro,quiconf‘essus
1410 4916 1645 4969 esteum
1669 4896 1865 4973 amare

228 4983 344 5053 plus
384 4986 512 5043 aliis
546 4990 823 5062 praecepit
864 5008 1103 5063 pascere
1152 5013 1285 5053 oves
1336 5016 1473 5056 suas
1516 5003 1692 5074 (Joan.
1725 5008 1860 5079 XXI).

227 5079 323 5136 Eos
344 5089 533 5141 autem
552 5087 650 5157 qui
686 5086 795 5143 hoc
831 5105 947 5144 non
984 5090 1719 5171 feceruntreprehendens,
1740 5103 1862 5159 cla-

231 5176 337 5226 mat
365 5190 464 5244 per
485 5175 813 5247 prohetam:
832 5178 874 5233 0
898 5184 1181 5253 pastores,
1201 5202 1315 5241 non
1340 5188 1567 5261 seipsos
1598 5196 1861 5263 pastores

230 5266 479 5331 pascunt,
510 5280 622 5319 non
649 5280 783 5320 oves
814 5266 1031 5337 (Ezech.
1065 5275 1297 5345 xxxw)?
1328 5276 1392 5331 Et
1423 5276 1551 5332 ideo
1581 5295 1859 5353 magnum

234 5361 445 5441 quoque
464 5351 661 5441 ,Eliam
683 5354 785 5425 qui
807 5354 959 5411 hanc
978 5357 1155 5416 vitam
1182 5351 1861 5441 persequebatur,jussit

230 5440 426 5492 versari
458 5440 517 5495 in
549 5443 741 5499 medio
773 5444 1129 5518 impiorum;
1164 5456 1220 5507 et
1267 5455 1593 5511 secundum
1648 5440 1855 5530 Eliam,

230 5526 515 5616 tantOpore
530 5531 882 5588 celebratum
900 5534 1210 5611 Joannem,
1228 5544 1327 5615 qui
1353 5526 1859 5616 amplectebantur

228 5611 577 5675 solitudinem
611 5622 945 5679 transmisit
964 5625 1035 5679 ad
1056 5626 1215 5702 ripas
1236 5611 1509 5693 .lordanis
1524 5633 1641 5691 illic
1661 5637 1855 5710 bapti-

230 5716 344 5759 zare
364 5706 579 5777 jubens
607 5715 665 5768 et
693 5711 1030 5786 praedicare.
1048 5719 1335 5782 Quoniam
1358 5739 1494 5795 ergo
1527 5728 1587 5780 tu
1622 5706 1855 5799 quoque

2011 600 2201 651 tecum
2225 596 2370 652 alios
2390 598 2554 655 effice
2574 605 2863 656 amatores
2890 619 2902 669 ;
2928 601 3031 657 hoc
3053 602 3208 657 enim
3232 608 3320 658 est
3337 604 3503 658 valde
3522 621 3661 676 gra-

2004 689 2125 738 tum
2143 688 2441 742 communi
2458 688 3040 762 Domino.Propterea
3054 692 3407 749 Ezechielem
3424 710 3662 765 quoque

2005 773 2762 847 appellavitspeculatorem
2784 784 2837 835 et
2860 781 3265 852 peccatoribus
3284 782 3463 852 jussit
3495 783 3662 838 testi-

2003 862 2161 917 ficari
2195 865 2401 935 (Exeo/tu
2438 868 2551 937 ιιι),
2584 873 2641 923 et
2670 869 2874 924 Jonam
2900 870 3084 941 jussit
3114 887 3342 926 currere
3368 871 3661 939 Ninivem,

2002 956 2057 1004 et
2078 951 2369 1008 uolentem
2398 956 2728 1011 transmisit
2751 958 2809 1012 in
2833 959 3086 1014 vinculis
3112 959 3357 1031 (Ionam).
3376 960 3520 1015 Cum
3539 961 3661 1016 hinc

2004 1040 2220 1096 diceret
2253 1050 2304 1098 et
2322 1043 2831 1115 similia,divinum
2851 1047 3039 1102 virum
3058 1050 3465 1118 mansuefecit,
3486 1054 3541 1105 et
3559 1068 3661 1106 vo-

2001 1127 2257 1185 luntario
2298 1131 2396 1188 illo
2433 1135 2643 1190 effosso
2676 1153 2924 1203 carcere,
2966 1138 3166 1192 eduxit
3205 1144 3261 1194 et
3304 1138 3569 1204 abduxit,
3604 1143 3660 1195 et

1999 1234 2240 1273 suorum
2258 1221 2548 1276 sodalium
2566 1224 2613 1278 ei
2632 1242 2826 1279 curam
2844 1226 3231 1300 tradidit.Ego
3251 1232 3439 1282 autem
3461 1230 3656 1284 nescio

1999 1309 2344 1379 utrumplus
2360 1312 2897 1384 admirer,hujusne
2914 1315 3475 1383 moderationem,an
3496 1317 3655 1372 illius

2003 1397 2418 1466 obedientiam,
2454 1405 2509 1455 et
2540 1402 2693 1473 quod
2729 1403 2801 1457 ab
2834 1420 2898 1459 eo
2932 1404 3006 1459 sit
3037 1422 3378 1479 persuasus.
3417 1408 3469 1460 ls
3500 1408 3657 1461 enim

1998 1485 2261 1557 fugiebat
2290 1489 2713 1563 principatum,
2747 1497 2802 1546 et
2834 1494 3022 1565 magis
3054 1494 3284 1549 volebat
3315 1512 3443 1550 esse
3484 1512 3551 1551 ex
3584 1496 3655 1552 iis

1999 1574 2499 1648 quiparebant,ut
2521 1580 2617 1650 qui
2653 1582 3011 1651 praefecturae
3040 1584 3383 1638 formidaret
3419 1584 3652 1655 pericu'ik

1998 1661 2139 1731 lum;
2162 1670 2218 1719 et
2250 1682 2500 1738 magnus
2533 1668 2818 1725 Eusebius
2851 1672 3227 1727 aversabatur
3261 1672 3493 1743 quidem
3520 1690 3652 1729 cum

1997 1750 2268 1825 pluribus
2283 1758 3501 1833 conversationem,cessittamen,etcaptus
3516 1764 3653 1817 reti-

1996 1840 2107 1896 bus
2123 1842 2449 1911 charitatis,
2475 1848 2733 1920 suscepit
2763 1865 2961 1904 curam
2996 1852 3211 1922 gregis,
3238 1855 3292 1917 et
3326 1852 3489 1905 duxit
3522 1851 3654 1907 cho-

1992 1946 2145 1999 rum,
2166 1948 2279 1986 non
2306 1932 2509 1989 multis
2539 1936 2731 1991 verbis
2762 1954 2911 2011 opus
2946 1940 3168 1996 habens
3201 1940 3271 1995 ad
3288 1941 3649 2013 docendum;

1987 2020 2485 2077 suiﬁciebatenim
2500 2024 2589 2079 vel
2604 2025 2763 2081 solus
2780 2029 3245 2100 aspectus,utvel
3260 2028 3653 2101 longetardis-

1988 2108 2205 2163 simum
2243 2111 2489 2167 celerem
2514 2114 2769 2170 efﬁceret
2794 2117 2862 2171 ad
2898 2135 3137 2174 cursum
3160 2118 3415 2175 virtutis.
3440 2118 3654 2175 Dicunt

1987 2216 2056 2253 au
2069 2200 2289 2277 temqui
2304 2201 2593 2273 viderunt,
2610 2220 2742 2259 eum
2760 2223 2975 2279 semper
2988 2208 3263 2263 habuisse
3277 2224 3511 2279 gravem
3524 2207 3652 2263 vul-

1987 2293 2131 2357 tum,
2160 2295 2217 2345 et
2248 2291 2347 2364 qui
2376 2296 2606 2365 poterat
2635 2295 2905 2351 timorem
2940 2300 3144 2353 afferre
3176 2299 3606 2371 spectantibus.

2056 2397 2261 2457 Cibum
2286 2403 2483 2455 autem
2508 2400 2632 2479 ipse
2652 2403 2889 2477 quidem
2907 2404 3171 2479 capiebat
3186 2406 3351 2461 tertio
3366 2409 3422 2461 et
3437 2410 3645 2477 quarto

1988 2500 2222 2559 quoque
2254 2487 2365 2558 die,
2392 2488 2463 2545 iis
2497 2476 2689 2553 autem
2725 2492 2823 2565 qui
2855 2476 3052 2551 secum
3080 2494 3447 2564 habitabant,
3474 2495 3644 2563 jube-

1988 2575 2087 2635 hat
2116 2575 2271 2630 vesci
2302 2576 2545 2639 alternis
2594 2580 2817 2641 diebus.
2846 2581 3222 2659 Praecipiebat
3267 2587 3462 2643 autem
3511 2599 3643 2639 cum

1990 2669 2101 2719 Deo
2115 2665 2350 2722 assidue
2363 2666 2613 2740 colloqui
2630 2669 2828 2739 (26),et
2843 2670 3058 2729 nullum
3073 2676 3302 2745 tempus
3317 2671 3644 2743 relinquere

1985 2770 2237 2811 vacuum
2270 2755 2342 2809 ab
2362 2756 2468 2811 hac
2483 2758 2839 2829 operatione,
2858 2761 2960 2815 sed
2983 2761 3373 2817 communiter
3403 2761 3639 2832 quidem

1988 2844 2276 2915 praﬁnita
2297 2846 2536 2917 exsequi
2562 2846 2787 2907 ofﬁcia:
2807 2853 3000 2920 partes
3026 2854 3221 2905 autem
3256 2850 3370 2905 diei
3405 2866 3537 2920 quas
3559 2850 3644 2904 in-

1988 2934 2315 3007 tercedunt,
2334 2950 2819 3008 unumquemque
2833 2953 2937 3019 per
2950 2953 3034 3008 se,
3050 2939 3138 2995 vel
3154 2956 3221 2993 su
3234 2939 3266 2994 b
3293 2939 3492 3012 aliqua
3508 2955 3645 2999 um—

1987 3022 2094 3085 bra
2122 3024 2369 3091 arboris,
2400 3025 2487 3081 vel
2529 3032 2767 3099 propter
2798 3032 3024 3103 petram
3073 3028 3355 3101 aliquam,
3388 3032 3472 3088 vel
3510 3036 3642 3095 ubi-

1987 3129 2221 3185 cunque
2244 3113 2572 3186 quiesceret
2601 3115 2839 3187 aliquis,
2863 3116 2952 3175 vel
2975 3122 3230 3185 stantem
3251 3119 3641 3193 humijaeen—

1986 3209 2128 3272 tem,
2155 3223 2359 3278 rogare
2381 3208 2717 3279 Dominum,
2743 3214 2799 3264 et
2820 3216 3014 3287 petere
3039 3209 3313 3273 salutem.
3337 3215 3423 3270 Ita
3446 3222 3642 3277 autem

1986 3311 2463 3379 unamquamque
2476 3314 2540 3353 ex
2556 3298 2820 3373 partibus
2835 3301 3088 3383 corporis
3102 3301 3640 3377 edocuitvirtutem,

1985 3391 2049 3443 ut
2079 3384 2179 3449 illa
2206 3388 2417 3449 faceret
2449 3404 2580 3467 quae
2624 3387 2751 3445 sola
2798 3389 3088 3467 permittit
3115 3389 3285 3451 ratio.
3320 3396 3394 3447 Ut
3443 3401 3640 3451 autem

1985 3474 2091 3531 hoc
2124 3475 2363 3541 reddam
2399 3464 3124 3546 manifestumomnibus,
3158 3480 3515 3545 mentionem
3552 3486 3640 3540 fa-

1984 3562 2133 3619 ciam
2168 3564 2345 3622 unius
2376 3566 2504 3636 ejus
2536 3565 2911 3622 narrationis.

2053 3670 2381 3726 Sedebatsu
2392 3688 2489 3742 per
2501 3674 2819 3743 quamdam
2837 3679 3061 3743 petram
3078 3675 3202 3746 ipse
3218 3680 3275 3732 et
3288 3678 3639 3743 Ammianus

1980 3755 2080 3812 ille
2110 3757 2500 3823 admirabilis,
2537 3765 2594 3815 et
2620 3760 2951 3821 divinorum
2980 3762 3419 3833 evangeliorum
3450 3765 3637 3821 histo-

1982 3846 2129 3903 riam
2143 3847 2538 3919 alterquidem
2555 3848 2953 3919 legebat,alter
2968 3867 3097 3907 vero
3112 3869 3314 3911 eorum
3330 3870 3457 3923 quis
3471 3861 3639 3921 erant

1981 3937 2324 3999 obscuriora
2352 3937 2678 4009 explicabat
2707 3940 3078 4001 sententiam.
3108 3940 3250 4007 Cum
3286 3949 3479 3998 autem
3514 3946 3640 4015 qui-

1981 4025 2113 4079 dam
2150 4026 2415 4097 agricolae
2446 4028 2504 4080 in
2539 4028 2805 4098 subjecto
2844 4045 3052 4100 campo
3084 4034 3301 4097 terram
3358 4032 3638 4104 colerent,

1981 4118 2051 4171 ad
2086 4117 2235 4173 hanc
2267 4119 2823 4191 contemplationem
2857 4137 3110 4203 magnus
3142 4128 3361 4181 tractus
3396 4129 3484 4181 est
3515 4125 3632 4180 Eu-

1981 4210 2200 4266 sebius.
2267 4212 2407 4267 Cum
2466 4218 2663 4268 autem
2728 4213 2966 4271 divinus
3035 4215 3322 4279 Amianus
3390 4216 3634 4289 legisset

1979 4295 2171 4365 locum
2192 4299 2615 4369 evangelicum,
2636 4302 3037 4367 sciscitaretur
3058 4309 3251 4366 autem
3282 4306 3631 4378 interpreta-

1982 4388 2422 4460 tionem,jussit
2449 4407 2702 4461 magnus
2724 4392 3010 4448 Eusebius
3038 4396 3101 4448 ut
3130 4394 3632 4466 repeteretlectio-

1980 4493 2133 4532 nem.
2159 4477 2296 4532 Cum
2334 4478 2382 4533 is
2414 4484 2611 4534 autem
2645 4481 2917 4545 dixisset:
2948 4482 3024 4537 Iis
3047 4481 3144 4553 qui
3170 4488 3339 4538 arant
3362 4485 3507 4539 forte
3532 4486 3631 4540 de-

1979 4564 2247 4635 lectatus,
2284 4566 2526 4629 minime
2556 4570 2867 4639 exaudisti,
2902 4574 2968 4623 ut
3000 4574 3088 4631 est
3120 4570 3473 4627 verisimile:
3504 4574 3629 4630 suis

1978 4658 2254 4730 deinceps
2285 4658 2470 4715 oculis
2492 4659 2675 4730 legem
2702 4660 2835 4716 tulit
2861 4665 2924 4717 ut
2951 4677 3139 4733 neque
3164 4679 3435 4733 campum
3459 4663 3627 4721 illum

1977 4763 2239 4826 unquam
2274 4750 2792 4820 contemplaretur,
2826 4766 3017 4822 neque
3048 4750 3266 4809 ccelesti
3299 4752 3629 4823 pulchritu-

1976 4835 2110 4890 dine
2141 4841 2197 4890 et
2229 4836 2386 4891 chori
2421 4847 2711 4892 astrorum
2745 4845 2985 4912 aspectu
3010 4841 3367 4910 fruerentur;
3393 4843 3493 4898 sed
3528 4860 3629 4897 an-

1974 4926 2320 4996 gustissima
2334 4930 2506 4981 utens
2519 4927 2752 4994 semita,
2767 4928 2937 4998 cujus
2954 4945 3285 4984 mensuram
3301 4930 3467 4985 aiunt
3483 4931 3626 4985 fuis-

1975 5029 2035 5067 se
2052 5012 2228 5067 unius
2244 5012 2423 5084 palmi
2446 5016 2665 5069 ferente
2684 5016 2753 5071 ad
2773 5016 3116 5086 oratorium,
3135 5021 3292 5071 extra
3308 5033 3434 5072 eam
3458 5018 3623 5073 dein-

1974 5118 2107 5173 ceps
2140 5102 2331 5173 egredi
2361 5120 2475 5158 non
2508 5110 2596 5159 est
2628 5122 2857 5177 passus.
2881 5106 3091 5161 Dicunt
3113 5111 3308 5162 autem
3334 5124 3467 5162 eum
3490 5108 3625 5181 plus

1973 5209 2150 5264 quam
2183 5196 2569 5267 quadraginta
2599 5197 2771 5252 annis
2802 5197 3019 5253 vixisse
3050 5201 3182 5271 post
3230 5198 3379 5253 hanc
3411 5198 3622 5272 legem.

1972 5281 2043 5337 Ut
2075 5288 2267 5339 autem
2302 5301 2434 5338 cum
2469 5285 2649 5341 animi
2684 5287 2773 5342 sui
2806 5286 3114 5355 sententia,
3139 5286 3209 5340 ad
3238 5285 3359 5342 haec
3390 5304 3625 5359 quoque

1970 5387 2102 5427 eum
2137 5372 2393 5429 traheret
2424 5375 2622 5447 aliqua
2666 5375 3011 5444 necessitas,
3046 5391 3178 5429 cum
3212 5375 3449 5433 lumbos
3478 5394 3624 5433 zona

1969 5464 2156 5519 ferrea
2178 5462 2565 5537 alligasset,et
2586 5467 3004 5539 gravissimum
3030 5464 3243 5522 eollare
3269 5467 3416 5523 collo
3441 5468 3624 5541 impo-

1969 5551 2411 5625 suisset,a1iquo
2430 5554 2545 5610 alio
2568 5556 2718 5611 ferro
2743 5553 3044 5625 conjunxit
3063 5572 3272 5612 zonam
3292 5555 3494 5613 collari
3520 5555 3621 5628 qui

1966 5641 2251 5699 eratcollo
2268 5643 2604 5718 impositus,
2622 5649 2687 5700 ut
2701 5644 2809 5700 hoc
2825 5645 2997 5700 modo
3012 5644 3354 5718 inclinatus,
3376 5662 3620 5702 conare-

1966 5734 2065 5785 tur
2090 5730 2244 5799 812
2268 5726 2505 5799 asSidue
2525 5734 2584 5789 in
2606 5738 2820 5803 terram
2843 5735 3159 5808 despicere.
3178 5740 3297 5792 Has
3319 5736 3443 5806 ipse
3463 5735 3534 5789 de
3555 5749 3617 5790 se
