4180 6338
485 420 554 474 39
1666 414 1761 465 DE
1803 410 1994 464 vms
2033 408 2330 462 PATRUM
2370 408 2583 464 uasa
2620 415 2717 466 1x.
3827 421 3906 475 [ιο

483 543 676 614 exegit
709 557 906 614 pmnas
938 539 1092 610 quod
1119 537 1255 593 illos
1294 539 1448 592 esset
1496 533 1928 606 contemplatus
1978 533 2127 603 agri-
2161 529 2218 597 Α
2247 535 2386 585 sunt
2408 549 2586 605 super
2604 539 3434 612 terram(Coloss.m).Tantum
3458 544 3901 600 enimfructum

483 632 664 688 colas.
682 632 799 687 Hoc
822 634 1018 686 autem
1043 631 1100 683 et
1121 626 1293 682 multi
1318 625 1556 696 quidem
1582 623 1679 678 alii
1707 641 1796 679 me
1813 625 2140 678 docuerunt

485 738 553 777 ex
588 721 659 777 iis
691 720 792 792 qui
825 719 991 774 illum
1024 723 1330 782 noverunt,
1367 731 1460 770 res
1509 715 1636 785 ejus
1686 713 1905 785 optime
1955 711 2135 767 scive-

482 815 622 866 runt
637 830 651 880 ;
669 808 926 864 narravit
939 811 1133 864 autem
1150 822 1326 860 senex
1352 820 1588 877 quoque
1602 819 1854 875 magnus
1868 801 2136 869 Aeacius,

483 901 653 971 cujus
671 898 836 971 prius
860 912 1096 968 quoque
1128 894 1509 950 meminimus
1539 893 1598 947 in
1630 891 1756 946 aliis
1787 889 2137 946 narrationi-

481 991 616 1052 bus;
641 991 785 1046 dixit
803 992 1000 1043 autem
1025 1003 1087 1042 se
1111 1003 1245 1042 eum
1270 1001 1504 1058 quoque
1539 983 1857 1055 aliquando
1890 983 2136 1036 interro-

483 1095 656 1149 gasse
690 1094 824 1134 cum
848 1093 984 1133 eum
1017 1077 1103 1131 sic
1132 1076 1377 1130 vidisset
1401 1074 1796 1139 incurvatum,
1817 1086 2137 1143 quamnam

481 1167 716 1239 capiens
749 1168 1087 1234 utilitatem,
1115 1182 1301 1236 neque
1331 1163 1540 1220 coelum
1576 1162 1830 1234 patiatur
1855 1162 2134 1233 aspicere,

482 1275 675 1331 neque
693 1273 968 1329 campum
994 1257 1158 1311 illum
1186 1256 1514 1326 subjectum
1536 1252 2137 1325 contemplari,neque

481 1368 551 1406 ex
574 1353 829 1422 angusta
850 1348 951 1403 illa
969 1347 1060 1402 via
1076 1347 1269 1419 egredi
1292 1365 1305 1414 ;
1327 1362 1459 1400 eum
1481 1349 1672 1400 autem
1698 1342 1917 1398 dixisse
1941 1341 2137 1397 sehazc

487 1439 678 1496 moliri
712 1439 992 1493 adversus
1024 1436 1266 1507 maligni
1299 1435 1584 1490 daemonis
1629 1432 2096 1488 machinationes
2123 1447 2136 1486 :

486 1529 630 1584 Nam
666 1526 1064 1598 ne,inquit,de
1095 1525 1326 1597 magnis
1351 1523 1572 1580 bellum
1596 1527 2014 1596 gerat,conans
2036 1537 2138 1575 au-

487 1619 639 1674 ferre
660 1616 1110 1688 temperantiam
1136 1614 1528 1686 etjustitiam,
1555 1619 1614 1669 et
1633 1615 1779 1669 iram
1803 1628 2065 1675 armans,
2083 1613 2142 1665 et

487 1706 870 1779 cupiditatem
897 1706 1242 1772 accendens,
1277 1711 1330 1760 et
1362 1709 1426 1760 ut
1456 1705 1609 1760 fastu
1633 1704 1838 1759 efferar
1855 1707 1912 1757 et
1933 1716 2137 1772 super-

485 1796 582 1852 bia
613 1796 1002 1851 intumescam
1058 1794 1340 1863 efficiens,
1372 1796 1430 1849 et
1467 1807 1831 1863 quaecunque
1858 1791 2138 1845 adversus

2245 632 2498 697 cmperat
2527 645 2594 683 ex
2625 629 2891 687 doctrina
2921 633 3117 704 magni
3139 634 3396 705 Eusebii,
3421 639 3486 690 ut
3507 635 3904 706 quadraginta

2246 715 2506 786 quinque
2539 733 2723 774 annos
2746 720 2926 790 egerit
2946 720 3001 776 in
3029 721 3126 778 illo
3150 725 3529 790 monasterio,
3553 724 3777 796 absque
3811 724 3904 778 ira

2245 808 2439 859 autem
2463 811 2519 860 et
2556 809 3038 867 excandescentia
3068 816 3189 868 toto
3237 811 3346 868 hoc
3375 818 3636 885 tempore
3665 814 3902 869 vixerit.

2244 891 2436 964 Neque
2467 895 2622 950 enim
2648 902 2779 968 post
2800 905 3132 972 susceptam
3157 902 3562 973 praefecturam
3584 903 3736 958 vidit
3759 919 3903 958 eum

2245 981 2459 1054 aliquis
2482 991 2824 1056 superatum
2842 991 2910 1043 ab
2925 989 3032 1044 hac
3047 991 3705 1063 animiperturbatione,
3725 992 3907 1063 idque

2244 1077 2473 1138 cum,ut
2493 1079 2583 1130 est
2602 1077 3145 1149 verisimile,essent
3166 1079 3626 1137 innumerabilia
3643 1099 3771 1153 qua:
3805 1099 3875 1137 co
3891 1112 3909 1125 -

2245 1166 2716 1231 gerent.Centum
2737 1167 2892 1222 enim
2922 1174 2979 1223 et
3000 1170 3425 1241 quinquaginta
3446 1171 3552 1225 viri
3578 1172 3904 1242 pasceban-

2243 1255 2340 1304 tur
2361 1252 2432 1307 ab
2457 1251 2616 1309 illius
2638 1255 3084 1329 dextera:aliqui
3113 1259 3350 1329 quidem
3375 1277 3608 1315 summa
3629 1266 3686 1316 et
3707 1261 3898 1318 excel-

2245 1338 2385 1395 lenti
2410 1341 2644 1411 virtute,
2676 1349 2734 1399 et
2761 1361 2889 1401 eam
2923 1363 3050 1418 quae
3082 1352 3171 1403 est
3198 1348 3256 1403 in
3282 1348 3423 1404 coelo
3454 1350 3686 1405 vivendi
3715 1352 3894 1407 ratio-

2244 1445 2378 1484 nem
2411 1430 2752 1503 imitantes;
2787 1434 2884 1489 alii
2917 1453 3050 1492 vero
3083 1437 3185 1508 qui
3213 1454 3438 1509 pennas
3463 1442 3604 1493 tunc
3635 1440 3903 1511 primum

2244 1519 2733 1589 producebant,et
2752 1528 2966 1580 terram
2998 1527 3292 1581 transilire
3317 1532 3373 1582 et
3403 1527 3774 1600 supervolare
3791 1530 3902 1584 do-

2243 1609 2547 1665 cebantur.
2579 1614 2649 1667 Et
2679 1617 2874 1669 tamen
2898 1632 3031 1671 cum
3056 1620 3140 1670 tot
3162 1621 3360 1672 essent
3382 1617 3482 1689 qui
3507 1617 3706 1672 divina
3727 1618 3906 1673 doce-

2244 1696 2481 1763 bantur.
2513 1706 2570 1756 et
2595 1700 2841 1774 aliquid,
2899 1709 2963 1759 ut
2994 1709 3082 1760 est
3113 1705 3450 1772 verisimile,
3490 1706 3911 1778 delinquerent

2246 1787 2460 1858 (neque
2489 1791 2646 1845 enim
2678 1791 2849 1847 facile
2869 1793 2994 1848 fieri
3018 1798 3209 1865 potest
3232 1799 3296 1849 ut
3320 1795 3420 1866 qui
3454 1796 3626 1850 modo
3657 1797 3908 1851 ventitat

488 1902 678 1941 meam
713 1883 1086 1939 machinatur
1115 1883 1398 1949 animam,
1439 1898 1618 1937 conor
1645 1881 1878 1937 hostem
1911 1880 1982 1933 ad
2015 1878 2135 1933 hec
2163 1899 2214 1964 Β
2248 1881 2402 1932 recte
2443 1894 2505 1933 se
2536 1884 2700 1951 gerat
2743 1881 2802 1937 in
2841 1883 3161 1954 omnibus),
3211 1882 3430 1938 mansit
3461 1883 3782 1940 immobilis
3814 1884 3908 1939 vir

490 1991 670 2047 parva
702 1976 1046 2031 traducere:
1096 1973 1155 2028 in
1207 1974 1424 2045 quibus
1472 1973 1649 2028 etiam
1683 1972 1729 2027 si
1760 1970 1983 2036 vicerit,
2017 1985 2133 2024 non

493 2080 772 2136 magnum
789 2065 956 2119 atl‘ert
977 2063 1429 2131 detrimentum;
1456 2067 1512 2117 et
1532 2060 1580 2117 si
1598 2061 1786 2116 victus
1809 2059 2138 2123 fuerit,eva-

490 2154 574 2208 dit
600 2153 788 2224 magis
818 2152 1124 2221 ridiculus,
1154 2157 1217 2207 ut
1238 2152 1336 2223 qui
1360 2168 1430 2207 ne
1454 2151 1510 2206 in
1537 2150 1730 2223 parvis
1753 2149 1988 2220 quidem
2010 2163 2138 2219 pos-

489 2242 564 2298 sit
587 2243 828 2298 evadere
851 2242 1136 2313 superior.
1161 2241 1446 2305 Quoniam
1469 2257 1605 2312 ergo
1629 2239 1758 2295 novi
1781 2239 1889 2294 hoc
1917 2237 2135 2293 bellum

491 2333 689 2387 minus
712 2331 1132 2402 periculosum,
1149 2349 1264 2387 non
1279 2330 1444 2386 valde
1457 2330 1613 2386 enim
1633 2328 1950 2400 feriturqui
1974 2327 2030 2381 in
2046 2326 2139 2382 his

493 2421 694 2476 damni
729 2421 951 2492 aliquid
985 2421 1224 2491 accepit.
1258 2421 1418 2485 Quod
1451 2420 1607 2475 enim
1635 2419 1918 2473 damnum
1942 2422 2031 2472 est
2053 2415 2141 2472 vel

494 2511 686 2566 videre
700 2509 1091 2582 campum,vel
1111 2513 1167 2565 in
1183 2509 1392 2564 celum
1417 2508 1616 2566 oculos
1638 2507 1923 2576 attollere,
1939 2508 2008 2562 ad
2034 2506 2142 2561 hoc

494 2617 586 2655 me
601 2617 783 2669 genus
799 2599 1401 2672 pugnzetranstuli;in
1426 2599 1534 2654 hoc
1549 2598 1704 2654 enim
1732 2614 1820 2653 me
1845 2613 1949 2652 nec
1973 2595 2143 2651 ferire

493 2694 688 2761 potest
710 2705 813 2744 nec
847 2689 1168 2759 perimere:
1198 2705 1314 2743 non
1349 2693 1488 2743 sunt
1514 2688 1670 2743 enim
1696 2687 1818 2741 haec
1840 2684 2041 2756 jacula
2062 2683 2144 2738 le-

493 2778 726 2843 thifera,
756 2783 818 2832 ut
849 2795 976 2848 qua:
1006 2777 1126 2832 illis
1160 2779 1361 2833 ferreis
1388 2781 1628 2832 careant
1659 2775 1894 2831 aculeis.
1931 2773 2059 2828 Haec
2083 2787 2144 2827 se

495 2866 791 2922 audivisse
814 2866 962 2921 dixit
983 2882 1237 2938 magnus
1257 2865 1523 2930 Aeacius,
1548 2866 1794 2936 ejusque
1816 2879 1878 2919 se
1899 2862 2148 2917 admira-

495 2961 619 3011 tum
654 2972 782 3012 esse
798 2955 1146 3027 sapientiam
1164 2954 1559 3027 virtutemque
1584 2953 1851 3009 bellicam
1883 2957 1941 3008 et
1969 2967 2146 3022 expe-

496 3045 790 3100 rientiam.
822 3045 1213 3111 Quamobrem
1245 3044 1355 3101 hoc
1382 3060 1612 3117 quoque
1635 3043 1912 3098 narrabat
1940 3041 2023 3097 eis
2046 3041 2147 3111 qui

498 3133 640 3190 talia
671 3135 894 3191 discere
925 3135 1260 3206 cupiebant,
1280 3138 1419 3191 utet
1446 3131 1790 3190 admirabile
1811 3137 1868 3188 et
1900 3131 2147 3203 dignum

495 3225 650 3295 quod
683 3224 997 3280 mandetur
1027 3224 1344 3281 memoria.

565 3325 695 3376 Haec
712 3323 839 3392 ejus
860 3322 1047 3394 gloria
1066 3339 1201 3378 cum
1224 3323 1282 3378 in
1299 3327 1495 3394 partes
1509 3339 1715 3379 omnes
1733 3321 1993 3393 undique
2013 3337 2145 3393 per-

497 3413 754 3478 vaderet,
770 3412 842 3466 ad
866 3427 927 3466 se
958 3412 1194 3467 attraxit
1219 3429 1424 3468 omnes
1445 3412 1682 3468 virtutis
1702 3416 2014 3468 amatores.
2029 3410 2146 3467 Ve-

493 3505 706 3555 nerunt
729 3505 926 3556 autem
948 3499 1304 3556 divinissimi
1328 3517 1562 3573 quoque
1578 3503 1811 3573 [Longus
1832 3501 2025 3556 addit:
2047 3501 2146 3557 Ja-

492 3591 673 3645 cobus
708 3595 878 3645 Persa
909 3594 964 3645 et
995 3591 1253 3662 Agrippa
1283 3592 1674 3662 successores]
1707 3589 1924 3646 Juliani
1963 3589 2144 3654 senis,

494 3681 664 3750 cujus
684 3679 849 3751 prius
865 3680 1156 3751 persecuti
1173 3679 1919 3751 sumusnarrationem,qui
1936 3680 2145 3751 optimi

496 3769 692 3840 gregis
707 3773 874 3824 erant
888 3768 1162 3840 praefecti.
1183 3769 1500 3841 Postquam
1516 3769 1670 3825 enim
1685 3771 1768 3826 vir
1783 3769 1875 3825 ille
1890 3769 2143 3839 divinus,

495 3859 610 3913 fine
641 3857 770 3913 vitae
802 3862 1036 3931 accepto
1067 3858 1339 3931 migravit
1369 3860 1438 3914 ad
1485 3859 1664 3914 vitam
1698 3876 2037 3932 supernam,
2071 3859 2142 3913 ad

493 3963 778 4018 magnum
810 3952 1192 4002 accurrerunt
1247 3947 1586 4014 Eusebium,
1633 3947 1846 4003 melius
1877 3964 2005 4004 esse
2035 3946 2145 4002 rati

493 4042 650 4092 recte
681 4037 802 4108 regi
836 4053 1010 4107 quam
1047 4053 1246 4109 regere
1276 4042 1333 4091 et
1364 4054 1635 4109 praeesse.

561 4144 764 4200 Jacobi
797 4149 1013 4210 autem,
1060 4145 1230 4215 cujus
1262 4144 1425 4216 prius
1461 4161 1694 4216 quoque
1721 4146 1840 4216 jam
1880 4144 2144 4212 memini,

495 4250 628 4289 cum
653 4233 994 4288 summatim
1023 4234 1150 4305 ejus
1172 4234 1400 4288 ostendi
1419 4234 1713 4302 virtutem,
1741 4252 1896 4290 nunc
1914 4250 2146 4307 quoque

497 4323 737 4377 evidens
763 4327 1182 4393 argumentum
1207 4323 1510 4378 ostendam
1537 4339 1783 4378 summa:
1806 4324 1935 4395 ejus
1957 4322 2145 4394 philo-

497 4412 738 4483 sophiae.
762 4412 1079 4482 Postquam
1115 4412 1211 4467 ille
1237 4412 1471 4469 divinus
1501 4413 1634 4468 hinc
1661 4414 1945 4470 excedens
1966 4416 2145 4468 Euse-

497 4499 831 4570 biusjussit
861 4515 993 4555 eum
1026 4518 1274 4573 praeesse
1304 4503 1487 4574 gregi,
1517 4507 1575 4558 et
1597 4519 1877 4558 recusans
1900 4503 2148 4558 curatio-

497 4607 654 4655 nem,
687 4606 802 4645 non
837 4590 1134 4661 persuasit
1178 4591 1552 4663 cupientibus
1595 4608 1728 4647 eum
1761 4593 1908 4647 hanc
1941 4608 2142 4647 curam

497 4679 818 4750 suscipere,
871 4679 1017 4734 abiit
1061 4680 1133 4735 ad
1184 4679 1366 4734 alium
1417 4696 1676 4753 gregem,
1719 4679 1945 4735 malens
1987 4679 2147 4752 pasci

497 4783 678 4838 quam
710 4783 987 4838 pascere;
1021 4772 1080 4824 et
1111 4785 1240 4824 cum
1290 4768 1544 4840 plurimo
1589 4773 1854 4841 tempore
1883 4769 2148 4841 supervi-

498 4858 698 4924 xisset,
734 4857 884 4913 hanc
916 4858 1093 4914 vitam
1128 4858 1211 4914 sic
1243 4859 1417 4914 ﬁniit.

569 4956 827 5028 Suscipit
843 4957 1042 5028 itaque
1059 4957 1221 5013 illam
1242 4958 1642 5030 praefecturam
1664 4959 2034 5031 Agrippa,vir
2050 4959 2151 5030 qui

502 5051 558 5100 ct
591 5045 794 5100 multis
827 5045 960 5101 aliis
987 5051 1226 5102 ornatus
1259 5054 1383 5102 erat
1411 5047 1603 5113 bonis,
1637 5048 1925 5119 praecipue
1956 5053 2153 5104 autem

507 5133 761 5206 puritate
787 5136 996 5190 animae
1022 5152 1034 5191 :
1061 5152 1163 5208 per
1184 5153 1362 5207 quam
1387 5141 1443 5192 et
1464 5137 1670 5191 divinae
1694 5137 2156 5208 pulchritudinis

501 5222 786 5278 visionem
803 5225 1036 5280 assidue
1058 5223 1588 5296 apprehendens,et
1607 5225 1766 5281 illius
1787 5226 2006 5281 amoris
2028 5226 2158 5296 igne

502 5313 1102 5386 accensus,irrigabat
1119 5331 1298 5386 genas
1320 5315 2082 5387 perpetuislacrymis.Cum
2107 5316 2156 5372 is

502 5406 695 5456 autem
721 5401 895 5473 longo
918 5408 1181 5475 tempore
1204 5404 1454 5459 electum
1479 5404 1644 5460 illum
1671 5409 1728 5459 et
1753 5404 2014 5458 divinum
2033 5420 2159 5475 gre-

503 5505 633 5560 gem
660 5495 813 5545 recte
854 5491 1131 5562 pavisset,
1158 5492 1369 5548 deinde
1396 5510 1426 5548 e
1447 5492 1563 5547 vita
1587 5493 1953 5558 excessisset,
1987 5493 2156 5548 Davi-

505 5578 607 5632 des
624 5577 1172 5649 illcdivinus,cujus
1191 5586 1428 5652 aspectu
1456 5581 1599 5637 mihi
1623 5598 1856 5653 quoque
1879 5580 1992 5635 frui
2020 5598 2156 5637 con-

503 5665 657 5738 tigit,
683 5669 942 5740 suscepit
965 5669 1373 5739 praefecturam
1399 5688 1412 5726 :
1441 5670 1529 5727 vir
1553 5671 1654 5742 qui
1678 5687 1896 5739 revera,
1921 5686 1987 5725 ex
2009 5671 2155 5725 divi-

505 5755 564 5810 ni
596 5755 856 5827 Apostoli
889 5757 1196 5827 sententia,
1230 5759 1678 5816 mortificaverat
1721 5759 1986 5816 membra
2028 5777 2156 5831 quae

2175 4640 2223 4707 D

2243 1963 2339 2018 ille
2369 1965 2604 2024 divinus
2635 1973 2916 2041 tanquam
2949 1971 3350 2043 incorporeus,
3383 1971 3548 2028 nulla
3577 1989 3710 2028 eum
3735 1991 3898 2029 occa-

2242 2053 2404 2110 sione
2427 2057 2497 2111 ad
2523 2057 2670 2114 iram
2688 2059 2995 2116 excitante.
3030 2060 3146 2116 Hoc
3168 2063 3323 2117 enim
3345 2079 3456 2117 non
3483 2062 3673 2118 solum
3699 2063 3899 2135 accepi

2243 2158 2311 2197 ex
2341 2145 2661 2217 auditione,
2715 2150 2817 2204 sed
2851 2150 3026 2205 etiam
3059 2167 3128 2206 ex
3171 2151 3546 2222 experientia.
3579 2151 3726 2207 Nam
3759 2169 3898 2208 cum

2243 2232 2560 2305 aliquando
2576 2236 3003 2294 desiderassem
3019 2239 3214 2294 videre
3229 2238 3393 2295 illum
3414 2255 3646 2312 gregem
3660 2241 3904 2308 ,accessi

2244 2321 2468 2380 habens
2498 2324 2669 2380 etiam
2693 2325 2838 2382 alios
2859 2328 3049 2383 socios
3074 2329 3584 2400 peregrinationis,
3611 2330 3710 2401 qui
3734 2347 3902 2385 eam-

2245 2411 2375 2467 dem
2392 2429 2570 2484 quam
2585 2431 2690 2486 ego
2705 2415 2815 2471 vita
2827 2432 2882 2471 m
2897 2417 3419 2489 amplectebantur.
3436 2421 3580 2475 Toto
3595 2435 3729 2491 ergo
3744 2425 3902 2474 tem-

2246 2505 2776 2576 porehebdomadae
2812 2510 2966 2581 apud
2996 2509 3166 2566 illum
3183 2510 3373 2565 virum
3395 2511 3657 2566 divinum
3679 2512 3902 2583 degen-

2246 2600 2357 2664 tcs,
2389 2596 2647 2652 vidimus
2671 2599 2798 2668 ejus
2827 2599 3060 2655 vultum
3088 2598 3311 2655 nullam
3329 2598 3593 2672 accipere
3624 2601 3905 2656 mutatio-

2250 2699 2600 2756 nem,neque
2616 2703 2771 2741 nunc
2784 2686 3018 2758 quidem
3033 2687 3590 2744 hilaritatediﬂ'undi
3604 2705 3906 2745 nuncvero

2248 2771 2487 2828 tristitia
2517 2774 2804 2829 contrahi.
2831 2775 3042 2832 Oculos
3071 2792 3304 2848 quoque
3328 2775 3624 2844 similiter,
3647 2794 3761 2832 non
3795 2777 3906 2832 ali-

2251 2862 2485 2932 quando
2519 2863 2756 2933 quidem
2789 2869 2985 2921 truces
3016 2881 3082 2920 ac
3113 2870 3331 2933 torvos,
3356 2883 3514 2922 nunc
3530 2883 3662 2921 vero
3695 2866 3862 2921 laetos
3891 2884 3905 2934 ;

2251 2951 2351 3006 sed
2385 2951 2444 3006 in
2472 2954 2676 3008 eodem
2700 2969 2934 3026 semper
2954 2954 3187 3010 honesti
3210 2955 3525 3028 decorique
3548 2961 3748 3011 tenore
3774 2972 3906 3026 per-

2254 3057 2508 3098 manere.
2542 3043 2612 3097 Hi
2646 3047 2841 3099 autem
2874 3043 3180 3099 sufficiunt
3209 3061 3275 3100 ae
3305 3047 3675 3117 arguendum
3716 3043 3906 3100 animi

2253 3131 2767 3203 tranquillitatem.
2799 3134 2908 3189 Sed
2940 3133 3237 3190 versimile
3275 3138 3365 3190 est
3421 3134 3903 3190 existimaturum

2255 3221 2595 3292 quempiam
2623 3237 2751 3277 eum
2784 3221 2959 3278 talem
2990 3239 3120 3278 esse
3148 3221 3362 3293 visum,
3397 3223 3553 3295 quod
3586 3221 3748 3278 nulla
3769 3239 3907 3278 eum

2257 3314 2513 3366 moveret
2529 3327 2708 3366 causa
2723 3331 2736 3379 ;
2759 3312 3142 3383 quamobrem
3168 3328 3404 3368 necesse
3417 3312 3602 3368 habeo
3615 3311 3910 3384 ejusmodi

2251 3398 2392 3469 quid
2425 3416 2664 3456 narrare
2693 3401 2845 3471 quod
2880 3401 3114 3469 accidit,
3149 3417 3282 3456 cum
3315 3417 3423 3457 nos
3454 3400 3574 3456 illic
3617 3417 3909 3458 essemus.

2324 3525 2564 3581 Sederat
2596 3527 2748 3597 apud
2785 3542 2892 3582 nos
2920 3525 3012 3581 vir
3042 3525 3138 3581 ille
3171 3526 3406 3583 divinus
3437 3527 3508 3583 de
3535 3525 3912 3599 philosophia

2253 3616 2481 3685 agitans
2515 3616 2791 3682 rationes,
2819 3619 2875 3670 et
2909 3632 3177 3686 quarens
3210 3615 3266 3670 id
3299 3617 3454 3687 quod
3482 3622 3572 3671 est
3601 3632 3907 3672 summum

2251 3704 2598 3776 evangelicae
2635 3704 2765 3759 vitae
2797 3704 3210 3760 institutionis.
3236 3704 3380 3760 Cum
3405 3710 3598 3760 autem
3623 3706 3906 3760 interces-

2252 3795 2470 3849 sissent
2501 3793 2792 3864 ejusmodi
2815 3810 3138 3861 sermones,
3163 3794 3407 3850 Publius
3428 3795 3666 3866 quidam
3689 3809 3905 3866 genere

2252 3883 2488 3954 quidem
2505 3883 3094 3947 Romanus,moribus
3109 3888 3303 3938 autem
3318 3883 3444 3955 ipse
3466 3900 3696 3955 quoque
3710 3883 3902 3939 admi-

2254 3989 2310 4025 ra
2323 3973 2394 4025 nd
2408 3976 2560 4040 us,et
2575 3971 2888 4026 sacerdotii
2905 3971 3124 4026 honore
3138 3972 3504 4042 przeditus,et
3520 3972 3679 4028 illius
3693 3973 3902 4044 praefe-

2253 4067 2425 4115 ctura:
2451 4061 2739 4116 secundas
2790 4065 2987 4132 partes
3017 4061 3310 4127 obtinens,
3331 4062 3484 4117 813
3518 4064 3587 4118 ad
3619 4078 3724 4118 nos
3747 4061 3909 4117 venit

2252 4152 2536 4206 adversus
2559 4149 2824 4204 divinum
2851 4149 3128 4205 Davidem
3150 4151 3500 4217 vociferans,
3519 4156 3573 4207 et
3594 4167 3914 4206 commune

2253 4241 2534 4295 damnum
2552 4237 2712 4294 illam
2734 4240 3048 4295 nominans
3072 4239 3467 4306 lenitatem;et
3485 4242 3760 4296 omnibus
3779 4258 3911 4312 per-

2253 4329 2462 4384 niciem
2479 4329 2682 4384 afferre
2705 4328 2904 4384 dicens
2924 4330 3049 4400 ejus
3072 4330 3610 4397 mansuetudinem;
3635 4335 3691 4385 et
3709 4347 3911 4385 amen-

2253 4418 2418 4485 tiam,
2444 4435 2559 4474 non
2592 4418 2964 4484 modestiam,
2984 4435 3276 4474 summam
3296 4419 3456 4474 illam
3471 4435 3687 4475 vocans
3719 4418 3914 4491 philo-

2254 4508 2545 4579 SOphiam.
2568 4506 2671 4562 Ille
2689 4512 2887 4562 autem
2906 4507 3130 4564 habens
3150 4509 3407 4564 animam
3432 4508 3606 4564 veluti
3626 4510 3912 4565 adaman-

2255 4598 2460 4665 tinam,
2478 4595 2816 4668 accepiebat
2834 4597 3073 4668 quidem
3090 4597 3367 4668 rationes,
3385 4615 3500 4654 non
3535 4598 3915 4672 pungebatur

2259 4691 2451 4742 autem
2469 4686 2540 4741 ab
2571 4686 2644 4742 iis
2667 4703 2793 4757 qua:
2817 4703 2923 4742 sua
2941 4691 3151 4742 natura
3173 4687 3360 4743 solent
3387 4704 3667 4759 pungere;
3684 4687 3915 4744 vultum

2259 4776 2457 4847 itaque
2479 4792 2593 4831 non
2618 4776 2881 4844 mutavit,
2906 4793 3094 4848 neque
3115 4793 3445 4833 sermonem
3469 4777 3806 4833 institutum
3827 4778 3914 4834 di-

2263 4865 2444 4935 misit,
2462 4865 2562 4920 sed
2581 4881 2713 4920 cum
2730 4863 2846 4920 leni
2862 4882 2998 4921 voce
3012 4870 3071 4921 et
3087 4867 3283 4922 verbis
3302 4867 3678 4922 serenitatem
3702 4867 3913 4922 anima:

2263 4954 2758 5026 significantibus,
2777 4953 2943 5010 illum
2967 4971 3168 5012 senem
3185 4955 3433 5023 dimisit,
3451 4973 3665 5028 rogans
3692 4973 3826 5012 eum
3851 4961 3918 5012 ut

2264 5061 2464 5100 eorum
2499 5061 2625 5115 qua”:
2650 5043 3034 5100 velletcuram
3063 5049 3308 5117 gereret.
3326 5045 3444 5117 Ego
3459 5050 3658 5101 autem
3672 5061 3803 5100 cum
3821 5044 3917 5102 his

2265 5135 2363 5204 qui
2386 5134 2457 5188 ad
2477 5150 2580 5188 nos
2603 5138 2887 5188 venerunt
2910 5133 3138 5205 loquor,
3156 5140 3220 5190 ut
3238 5134 3779 5204 vides,existimans
3810 5151 3916 5190 ne-

2265 5224 2586 5280 cessarium
2619 5240 2746 5279 esse
2777 5223 2883 5279 hoc
2933 5224 3212 5280 officium.
3248 5226 3548 5290 Quomodo
3592 5226 3917 5282 ostenderit

2265 5315 2398 5386 quis
2423 5313 2635 5368 melius
2654 5313 2836 5367 animi
2854 5312 3149 5369 lenitatem
3165 5314 3192 5368 ?
3212 5313 3356 5368 Eum
3372 5315 3530 5370 enim
3551 5315 3644 5370 cui
3665 5315 3765 5370 illa
3785 5332 3917 5371 cre-

2267 5404 2387 5457 dita
2418 5406 2540 5458 erat
2570 5400 2928 5474 praelectum,
2962 5402 3139 5458 talem
3172 5403 3464 5474 accepisse
3496 5403 3914 5460 contumeliam

2265 5493 2336 5548 ab
2381 5509 2447 5547 co
2497 5491 2598 5562 qui
2643 5491 2879 5546 tenebat
2927 5491 3217 5548 secundas
3264 5497 3479 5563 partes,
3524 5494 3916 5563 praesentibus

2266 5582 2518 5636 maxime
2549 5580 2906 5652 hospitibus,
2938 5585 2994 5637 et
3016 5580 3392 5636 maledictum
3425 5582 3822 5650 audientibus,
3856 5588 3916 5638 et

2265 5669 2489 5726 nullam
2513 5670 2609 5724 ira
2634 5669 2890 5726 subiisse
2912 5673 3325 5741 tempestatem
3347 5674 3405 5726 et
3421 5671 3917 5743 pertubationem,

2264 5777 2441 5834 quam
2458 5774 2574 5815 non
2604 5759 2802 5831 magni
2816 5758 3092 5816 etexcelsi
3108 5758 3288 5815 animi
3313 5758 3588 5816 virtutem
3604 5766 3840 5832 superat
3853 5767 3914 5817 et
