4180 6338
549 386 622 439 43

1737 391 1829 442 DE
1868 389 2058 443 VITIS
2093 390 2394 443 PATRUM
2433 389 2648 443 LIBER
2686 390 2782 443 IX.

3898 390 3971 444 44

548 511 779 568 nullum
807 511 1023 569 habere
1044 529 1258 585 passus
1285 517 1374 568 est
1395 513 1497 585 qui
1521 528 1720 569 secum
1748 512 2043 569 habitaret
2068 514 2198 569 :sed
2229 516 2279 581 Α
2315 513 2469 584 quod
2498 512 2620 568 haec
2650 513 2793 569 talia
2816 518 3041 569 mutare
3081 515 3453 571 vehementer
3482 514 3786 571 contendit
3815 532 3827 569 :
3861 531 3973 571 nec

548 619 761 673 parvas
775 602 1167 659 domunculas
1187 603 1411 659 foribus
1426 602 1648 658 vicinas
1662 603 1743 657 aed
1757 603 2203 671 iﬁcans,unum-

548 708 848 763 quemque
878 710 947 749 ex
971 694 1043 749 iis
1075 694 1175 765 qui
1205 692 2004 764 conveniebantjubebatpcr
2018 709 2080 747 se
2101 693 2199 747 de-

546 798 684 853 gere
717 799 730 837 :
764 782 1152 839 domunculas
1184 799 1337 854 saepe
1389 782 1650 838 invisens
1690 787 1747 837 et
1796 786 2199 853 perscrutans,

548 872 822 943 nunquid
842 878 1049 943 praeter
1070 889 1245 927 usum
1270 872 1524 928 habeant
1541 872 2074 944 repositum.Aiunt
2100 888 2171 925 au

552 962 673 1015 tem
706 977 842 1016 eum
874 976 1110 1031 quoque
1143 961 1513 1016 accedentem
1574 961 1645 1016 ad
1678 961 1990 1027 trutinam,
2034 960 2204 1031 panis

555 1067 895 1108 mensuram
912 1050 1227 1123 diligenter
1245 1052 1644 1123 perpendisse;
1665 1055 1721 1106 et
1734 1052 1781 1106 si
1798 1050 2033 1122 quando
2047 1050 2205 1104 inve-

556 1142 746 1197 nisset
760 1140 895 1212 plus
908 1156 1085 1211 quam
1111 1144 1264 1196 esset
1283 1140 1526 1195 deﬁnitu
1538 1157 1592 1195 m
1606 1185 1618 1206 ,
1632 1155 1783 1211 aegre
1798 1139 2026 1206 tulisse,
2042 1146 2094 1193 et
2107 1154 2206 1193 eos

559 1231 659 1303 qui
675 1230 782 1285 hoc
798 1229 1090 1284 faciebant
1104 1228 1405 1284 helluones
1419 1226 2207 1301 appellasse.Juhebatenim

565 1335 755 1391 neque
767 1319 1161 1390 comedentes,
1178 1336 1366 1391 neque
1396 1320 1663 1375 bibentes
1687 1322 2021 1389 exspectare
2042 1316 2213 1371 satie-

566 1414 779 1477 tatem;
815 1409 915 1463 sed
952 1412 1181 1464 tantum
1216 1424 1423 1481 capere
1458 1413 1744 1479 quantum
1778 1406 1925 1463 satis
1956 1414 2113 1461 esset
2140 1403 2210 1457 ad

568 1499 843 1554 tuendam
869 1498 1048 1553 vitam
1080 1499 1343 1569 corporis
1369 1516 1381 1552 :
1407 1498 1454 1553 si
1486 1498 1721 1569 quando
1754 1501 1947 1551 autem
1970 1493 2215 1550 vidisset

569 1586 747 1641 etiam
763 1586 1002 1640 farinam
1020 1588 1277 1656 opertam
1299 1585 1544 1655 furfure,
1561 1602 1659 1641 eos
1690 1584 1789 1656 qui
1809 1584 1917 1639 hoc
1942 1581 2217 1638 fecissent

570 1677 891 1750 impetebat
931 1676 1280 1744 maledictis,
1325 1681 1389 1731 ut
1429 1677 1528 1747 qui
1568 1674 1908 1749 Sybariticis
1950 1674 2215 1727 frueren-

572 1766 931 1822 turdeliciis.
950 1767 1124 1821 Porro
1146 1770 1342 1821 autem
1367 1771 1538 1821 noctu
1562 1782 1795 1838 quoque
1813 1781 1881 1820 ex
1898 1760 2216 1834 improviso

572 1857 812 1912 veniens
844 1856 914 1911 ad
947 1856 1165 1911 ostium
1199 1856 1693 1927 uniuscujusque,
1727 1854 1774 1909 si
1803 1853 2060 1923 aliquem
2094 1846 2219 1919 qui-

573 1947 705 2002 dem
740 1946 1057 2003 invenisset
1087 1946 1426 2019 vigilantem
1459 1953 1513 2001 et
1532 1950 1711 2001 Deum
1743 1943 2104 2005 laudantem,
2129 1952 2219 1991 re-

574 2037 817 2092 cedebat
838 2038 1050 2092 tacitus
1075 2056 1089 2105 ;
1116 2037 1164 2092 ai
1190 2053 1364 2108 quem
1387 2040 1582 2091 autem
1608 2033 1894 2090 sensisset
1918 2026 2215 2085 dormien-

573 2128 713 2195 tem,
747 2142 926 2181 manu
957 2125 1195 2197 quidem
1230 2124 1504 2196 pulsabat
1536 2123 1776 2189 ostium,
1799 2121 2000 2192 lingua
2024 2120 2219 2171 autem

572 2215 632 2270 in
664 2231 798 2271 eum
834 2216 930 2287 qui
958 2216 1192 2286 jacebat
1214 2215 1619 2283 invehebatur,
1650 2218 1706 2270 et
1730 2213 1831 2285 qui
1852 2226 2065 2282 corpus
2088 2206 2223 2278 plus

574 2322 751 2376 quam
785 2310 1119 2377 opporteret
1149 2309 1402 2361 curaret.

647 2430 796 2484 Hinc
827 2431 956 2499 ejus
978 2429 1239 2485 laborem
1262 2445 1396 2484 cum
1421 2429 1895 2484 considerassent
1912 2422 2095 2495 aliqui
2122 2420 2222 2492 qui

577 2519 1021 2589 erantejusdem
1040 2519 1220 2574 animi
1236 2518 1632 2585 etsententim,
1657 2518 1729 2571 ad
1752 2531 1883 2571 eum
1899 2512 2225 2569 retulerunt

582 2612 647 2662 ut
676 2607 953 2663 omnibus
978 2624 1162 2662 unum
1178 2606 1489 2662 aedificaret
1512 2603 2055 2661 hahitaculum.Eos
2069 2598 2225 2654 enim

579 2696 678 2765 qui
696 2711 851 2750 nunc
866 2700 1005 2750 sunt
1019 2695 1268 2765 dispersi
1282 2695 1541 2750 exactius
1555 2700 1610 2749 et
1622 2688 2230 2749 accuratiusdixerunt

582 2800 710 2839 esse
742 2784 1015 2849 victuros,
1045 2798 1300 2853 eumque
1332 2784 1452 2837 fore
1473 2782 1724 2837 liberum
1757 2798 1791 2835 a
1824 2794 2035 2848 magna
2067 2778 2231 2847 parte

584 2871 1618 2928 sollicitudinis.Probavitconsilium
1633 2865 2230 2941 virsapientissimus,

587 2966 644 3016 et
674 2978 809 3016 cum
842 2978 1047 3017 omnes
1079 2960 1256 3017 simul
1289 2961 1597 3032 coegisset.
1632 2966 1691 3015 et
1732 2974 1939 3031 parvas
1969 2955 2102 3010 illas
2140 2952 2231 3006 di-

590 3052 809 3105 ruisset
840 3050 1337 3116 domunculas,iis
1368 3055 1564 3104 autem
1583 3048 1862 3120 quierant
1876 3040 2233 3115 congregati,

591 3156 772 3195 unam
808 3139 1177 3206 aedificasset,
1218 3139 1442 3209 rogavit
1463 3143 1528 3194 ut
1558 3137 1736 3194 simul
1766 3137 2043 3201 viverent,
2076 3136 2134 3187 et
2175 3146 2237 3186 se

592 3228 838 3284 invicem
872 3228 1223 3284 incitarent:
1256 3228 1419 3283 ethic
1450 3228 1688 3299 quidem
1716 3227 1874 3281 illius
1901 3226 2237 3280 imitaretur

590 3317 1375 3385 mansuetudinem,illevero
1389 3316 1902 3372 mansuetudinem
1928 3309 2235 3381 hujuszelo

588 3411 1029 3478 temperaret,et
1058 3407 1210 3462 alius
1224 3407 1665 3462 communicans
1679 3405 1932 3477 vigilias,
1948 3402 2238 3472 acciperet

583 3497 799 3566 jejunii
834 3495 1229 3567 disciplinam.
1265 3496 1360 3551 Sic
1377 3496 1785 3566 enim,inquit,
1820 3511 1852 3548 a
1886 3492 2055 3547 nobis
2086 3490 2235 3545 invi-

591 3600 715 3639 cem
749 3584 809 3638 id
841 3585 995 3655 quod
1012 3579 2238 3656 deestsumentes,perfectissimamefﬁcie-

593 3690 727 3729 mus
741 3673 1038 3729 virtutem.
1054 3674 1354 3737 Quomodo
1367 3674 1521 3729 enim
1542 3675 1600 3728 in
1616 3675 1755 3729 foris
1768 3672 2004 3728 civitatu
2017 3687 2070 3725 m
2086 3669 2239 3725 alius

596 3762 838 3833 quidem
869 3763 1068 3817 vendit
1090 3779 1293 3833 panes,
1327 3762 1479 3819 alius
1508 3778 1641 3818 vero
1668 3762 1862 3829 olera;
1889 3761 2039 3817 alius
2065 3760 2241 3815 habet

594 3856 782 3906 vestes
806 3852 1061 3919 venales,
1092 3853 1242 3908 alius
1273 3858 1361 3908 est
1392 3853 1582 3924 opifex
1613 3852 1940 3908 calceorum
1971 3867 2041 3919 ;a
2063 3867 2123 3905 se
2137 3866 2238 3904 au-

594 3944 715 3995 tem
731 3941 977 3997 invicem
1002 3943 1059 3997 id
1093 3958 1210 4012 quo
1232 3959 1382 4013 opus
1396 3942 1613 3997 habent
1628 3939 2241 4013 comparantes,vitam

597 4034 783 4099 agunt
807 4030 1224 4098 jucundiorem
1261 4048 1274 4097 ;
1310 4030 1411 4101 qui
1444 4032 1545 4085 dat
1584 4032 1741 4085 enim
1770 4034 2014 4095 vestem,
2041 4044 2143 4098 pro
2174 4043 2243 4082 ea

597 4117 808 4188 accipit
836 4117 1064 4174 calceos
1090 4134 1101 4173 :
1124 4121 1223 4189 qui
1252 4124 1445 4173 autem
1463 4117 1606 4173 emit
1636 4118 2239 4188 olus,venditpanem:

598 4208 681 4261 ita
707 4222 813 4260 nos
845 4212 1074 4278 oportet
1102 4207 1349 4263 invicem
1386 4212 1718 4280 permutare
1747 4208 1988 4264 virtutis
2045 4212 2242 4278 partes

598 4294 1079 4366 pretiosissimas.
1115 4296 1259 4352 Cum
1292 4297 1393 4367 qui
1426 4302 1594 4353 erant
1622 4298 1883 4369 ejusdem
1917 4297 2131 4369 linguae
2160 4296 2242 4351 sic

598 4389 1003 4439 exercerentur
1031 4389 1089 4440 et
1121 4387 1483 4442 decertarent
1530 4392 1586 4443 et
1629 4386 1827 4442 Graeca
1883 4403 2019 4443 voce
2061 4392 2240 4441 Deum

600 4471 1120 4544 laudarent,hujus
1136 4474 1265 4530 vita:
1280 4475 1536 4531 instituti
1552 4492 1649 4532 eos
1663 4493 1896 4547 quoque
1913 4477 2064 4548 cepit
2081 4492 2246 4532 amor

600 4560 696 4630 qui
712 4560 915 4632 lingua
928 4564 1415 4620 utebanturillius
1430 4566 1687 4637 regionis
1710 4586 1723 4633 ;
1741 4572 1797 4621 et
1826 4572 2244 4622 concurrentes

2250 1905 2297 1969 B

2309 602 2348 655 ii
2374 601 2474 673 qui
2502 602 2663 657 illius
2695 618 3029 659 successere
3052 604 3363 672 curationi,
3391 609 3455 658 ut
3486 621 3554 660 ex
3576 604 3871 659 limitibus
3896 605 3971 658 ab

2310 706 2378 744 eo
2418 691 2627 761 positis
2667 690 2890 763 aliquid
2922 698 3265 759 everterent,
3299 694 3357 748 in
3390 694 3659 748 animum
3693 693 3848 749 815
3871 694 3973 748 in-

2311 780 2555 847 duxere;
2582 780 2759 851 idque
2780 798 2914 836 cum
2940 799 3052 837 non
3078 782 3193 837 duo
3214 781 3302 837 vel
3320 788 3457 850 tres,
3477 783 3790 854 sedplures
3816 783 3972 837 hanc

2313 868 2682 938 susceperint
2701 871 3137 940 praefecturam.
3165 874 3307 927 Cum
3356 872 3611 942 primum
3646 873 3803 927 enim
3866 872 3973 927 ille

2314 958 2953 1029 certamenimplesset,
2988 966 3043 1015 et
3074 977 3142 1015 ex
3173 960 3283 1016 hac
3343 960 3462 1017 vita
3490 962 3865 1026 excessisset,
3914 964 3977 1016 et

2316 1046 2374 1100 in
2390 1046 2552 1102 illam
2567 1050 2727 1103 omni
2746 1048 3016 1104 molestia
3033 1067 3276 1105 vacuam
3298 1051 3975 1123 commigrasset,Theo-

2316 1140 2523 1190 tecnus
2556 1138 2794 1207 quidem
2828 1139 3038 1193 Grecae
3066 1138 3678 1212 linguae,Apotbonius
3707 1158 3844 1197 vero
3865 1143 3975 1214 Sy-

2320 1242 2416 1294 ras,
2448 1227 2853 1296 praefecturam
2887 1244 3181 1299 accepere,
3206 1229 3308 1300 qui
3333 1230 3565 1300 utrique
3597 1230 3756 1286 illius
3787 1232 3977 1287 virtu-

2320 1315 2397 1369 tis
2426 1316 2666 1370 fuerunt
2695 1318 2961 1387 quaedam
3010 1318 3504 1373 animatzcstatuaa
3536 1322 3594 1373 et
3647 1320 3973 1391 imagines.

2321 1404 2521 1475 Neque
2553 1404 2709 1459 enim
2743 1405 2814 1460 iis
2842 1405 2941 1477 qui
2973 1405 3152 1460 simul
3195 1406 3641 1476 conveniebant,
3675 1424 3866 1479 neque
3898 1411 3977 1466 iis

2323 1492 2423 1564 qui
2468 1495 2829 1551 extrinsecus
2877 1496 3265 1551 adveniebant
3307 1504 3726 1553 concesserunt
3764 1502 3978 1557 mortis

2324 1582 2483 1638 illius
2515 1583 2700 1638 ullum
2736 1584 2949 1640 habere
2982 1602 3248 1649 sensum,
3284 1590 3347 1640 ut
3378 1587 3476 1658 qui
3509 1586 3815 1643 illiusvita:
3846 1590 3976 1645 ins-

2324 1675 2480 1731 tituti
2508 1675 2735 1745 seipsos
2764 1691 3039 1746 expressa
3088 1677 3461 1731 ostenderent
3492 1677 3833 1733 simulacra.
3858 1680 3975 1736 Sed

2327 1767 2561 1822 divinus
2592 1767 2830 1837 quidem
2864 1767 3227 1822 Theotecnus
3261 1784 3394 1822 cum
3429 1785 3543 1823 non
3576 1770 3675 1823 diu
3708 1770 3980 1837 vixisset,

2328 1857 2572 1911 tradidit
2599 1856 3311 1929 Theodotopraefecturam
3341 1858 3749 1929 :Aphthonius
3776 1867 3978 1918 autem

2330 1948 2524 2020 gregis
2556 1965 2757 2003 curam
2790 1964 3021 2019 gerens,
3054 1953 3111 2003 et
3142 1949 3267 2019 jam
3303 1948 3436 2004 latis
3468 1949 3697 2021 legibus
3740 1967 3978 2024 regens,

2330 2037 2655 2108 permansit
2686 2037 3151 2093 diutissime.Hic
3183 2043 3377 2093 autem
3399 2039 3737 2096 Theodotus
3768 2059 3836 2097 ex
3866 2050 3981 2096 Ar-

2332 2124 2983 2189 meniaoriundus,cum
2999 2126 3429 2181 exercitationis
3454 2130 3787 2184 monasticae
3808 2130 3978 2187 illum

2328 2214 2572 2269 vidisset
2602 2213 2887 2278 ordinem,
2921 2214 3174 2285 primum
3207 2216 3446 2285 quidem
3479 2222 3602 2273 erat
3628 2220 3684 2273 in
3729 2237 3981 2279 numero

2332 2319 2533 2358 eorum
2564 2302 2665 2372 qui
2696 2318 2907 2373 magno
2931 2304 3214 2373 parebant
3235 2306 3585 2375 gubernanti
3620 2308 3979 2367 Theotecno:

2334 2395 2642 2461 postquam
2673 2396 2890 2458 autem,
2924 2396 2988 2446 ut
3004 2391 3143 2462 dixi,
3175 2391 3269 2447 ille
3292 2394 3529 2465 quidem
3553 2398 3821 2469 excessit,
3848 2399 3983 2470 ipse

2332 2496 2466 2535 vero
2490 2479 2712 2551 accepit
2734 2481 3165 2551 prafecturam,
3190 2498 3317 2537 eam
3352 2488 3435 2539 tot
3457 2485 3627 2541 bonis
3648 2490 3983 2557 exornavit,

2336 2575 2400 2624 ut
2413 2569 2567 2623 fama
2580 2586 2685 2624 sua
2699 2569 2918 2640 priores
2934 2572 3352 2641 propemodum
3366 2574 3811 2632 obscurarit.Sic
3827 2580 3991 2634 enim

2338 2674 2473 2713 eum
2506 2658 2768 2713 divinum
2804 2659 2995 2715 affecit
3027 2660 3403 2729 desiderium,
3436 2670 3782 2733 eumquetot
3811 2672 3868 2723 et
3892 2673 3994 2724 ta-

2336 2747 2496 2803 libus
2533 2747 2928 2803 consauciavit
2952 2749 3184 2819 iaculis,
3219 2757 3283 2804 ut
3311 2756 3484 2806 noctu
3518 2759 3575 2807 et
3608 2754 3858 2811 interdiu
3902 2760 3993 2813 ef-

2344 2840 2618 2895 funderet
2651 2839 2937 2911 lacrymas
2969 2842 3457 2911 compunctionis.
3482 2848 3616 2899 Erat
3646 2850 3842 2902 autem
3867 2850 4000 2921 spi-

2342 2927 2495 2988 ritali
2529 2933 2692 2983 tanta
2724 2929 2932 2999 plenus
2963 2930 3170 3001 gratia,
3208 2935 3269 2985 ut
3326 2948 3391 2986 eo
3424 2933 3658 3003 quidem
3692 2943 3995 3006 precante,

2343 3018 2585 3074 silerent
2616 3020 2856 3090 quidem
2897 3037 3101 3075 omnes
3132 3022 3229 3091 qui
3263 3023 3525 3093 aderant,
3559 3024 3752 3081 solum
3785 3033 3987 3086 autem

2343 3108 2445 3163 illa
2458 3124 2624 3164 sacra
2637 3110 2810 3164 verba
2825 3109 3065 3166 audiren
3077 3110 3281 3180 t,illam
3300 3112 3661 3169 auditionem
3691 3115 3864 3187 plane
3876 3119 3995 3173 du-

2345 3196 2765 3251 centesbonam
2798 3198 3212 3268 precationem.
3241 3200 3382 3263 Quis
3414 3202 3570 3257 enim
3590 3203 3802 3260 fuisset
3843 3208 3993 3265 adeo

2268 3272 2309 3339 C
2348 3285 2789 3353 adamantinus,
2809 3286 3002 3342 utillis
3023 3287 3216 3344 verbis
3242 3293 3361 3344 tam
3389 3290 3685 3348 sincereet
3708 3309 3994 3364 germane

2346 3372 2611 3443 prolatis,
2645 3392 2760 3430 non
2792 3375 3223 3432 demulceretur
3252 3381 3471 3449 anima,
3517 3380 3794 3452 illiusque
3824 3385 3992 3440 duri-

2340 3462 2481 3517 tiem
2515 3463 3370 3533 emolliretetinobedientiam,
3397 3472 3454 3523 et
3486 3470 3555 3524 ad
3584 3474 3695 3526 Deo
3729 3475 3992 3531 servien-

2348 3551 2490 3605 dum
2522 3552 2851 3608 traduceret
2878 3553 2905 3608 ?
2923 3558 3064 3609 Cum
3097 3555 3180 3609 sic
3211 3572 3349 3627 opes
3368 3563 3604 3627 augeret
3626 3562 3910 3631 quotidie,
3934 3570 3998 3621 et

2349 3656 2546 3695 sacros
2578 3640 2904 3696 ostenderet
2949 3642 3258 3699 thesauros
3298 3644 3516 3701 talibus
3556 3648 3729 3703 bonis
3760 3650 3995 3721 plenos,

2352 3736 2663 3801 postquam
2694 3729 2899 3801 viginti
2930 3730 3195 3803 quinque
3226 3734 3395 3788 annis
3428 3752 3662 3807 gregem
3712 3741 3997 3813 pavisset,

2352 3818 2617 3887 adjectus
2639 3823 2727 3873 est
2757 3819 2827 3874 ad
2861 3824 3058 3890 patres
3080 3831 3311 3887 suos,ut
3341 3823 3538 3879 divina
3561 3825 3703 3882 dicit
3730 3829 3997 3901 Scriptu-

2352 3924 2425 3961 ra
2468 3910 2621 3973 (Gen.
2654 3908 2770 3977 xv),
2818 3908 2876 3963 in
2921 3908 3073 3965 bona
3120 3911 3371 3968 eductus
3405 3918 3726 3985 senectute,
3761 3919 4000 3978 traditis

2350 3995 2598 4050 habenis
2627 3996 2974 4066 Theotecno,
2998 3999 3098 4069 qui
3130 4005 3255 4056 erat
3288 4002 3524 4074 quidem
3557 4020 3768 4077 genere
3800 4008 4000 4066 fratris

2352 4084 2527 4153 ﬁlius,
2560 4086 2736 4141 frater
2767 4096 2962 4142 autem
2997 4090 3282 4146 moribus.

2422 4194 2549 4248 lam
2582 4210 2714 4249 vero
2746 4194 2978 4251 divinus
3012 4213 3243 4268 quoque
3274 4199 3668 4271 Aphthomus,
3691 4217 3827 4259 cum
3862 4205 3999 4276 plus

2354 4299 2527 4352 quam
2563 4283 2965 4354 quadragenta
3000 4286 3171 4340 annis
3203 4287 3380 4342 choro
3418 4289 3766 4359 praefuisset,
3800 4296 4000 4351 sedem

2353 4372 2576 4443 accepit
2607 4372 2999 4443 pontificalem
3034 4390 3049 4429 :
3082 4390 3184 4429 nec
3206 4375 3460 4432 cilicium
3478 4383 3710 4436 mutans
3726 4384 4006 4438 monasti-

2354 4477 2631 4528 cum,nec
2648 4462 2909 4518 tunicam
2926 4468 3254 4520 contextam
3287 4481 3353 4520 ex
3386 4467 3641 4537 pellibus
3665 4486 4003 4542 caprarum;

2352 4550 2562 4605 iisdem
2588 4566 2822 4622 quoque
2846 4552 2996 4607 cibis
3027 4554 3395 4626 vescebatur,
3430 4558 3649 4628 quibus
3682 4566 4001 4633 antequam

600 4649 1675 4726 aliqui’suppncamntutipsiquoque
1707 4654 1765 4709 in
1798 4671 2245 4727 eorumgregem
2281 4645 2325 4710 ι)
2358 4641 2521 4695 fieret
2551 4641 2813 4697 antistes.
2848 4641 2995 4704 Quin
3027 4644 3201 4699 etiam
3222 4648 3489 4715 quamvis
3512 4646 3661 4703 hanc
3686 4652 4011 4723 accepisset

601 4739 1073 4807 admitterentur,
1108 4750 1164 4799 et
1191 4750 1389 4799 essent
1417 4746 1546 4815 ejus
1573 4746 2037 4801 sacraadoctrinaa
2071 4746 2250 4817 parti-

602 4827 781 4898 cipes.
815 4831 1111 4886 Concessit
1132 4837 1327 4888 autem
1361 4835 1511 4905 quod
1541 4834 1939 4905 postulabant,
1968 4834 2115 4906 legis
2130 4852 2249 4890 me-

603 4933 732 4974 mor
762 4919 1065 4977 dominicae
1079 4937 1254 4994 quam
1270 4924 1490 4979 sanctis
1512 4924 1647 4979 tulit
1677 4923 1976 4995 apostolis,
2018 4924 2247 4982 dicens:

604 5011 829 5063 Euntes
852 5008 1059 5065 docere
1091 5028 1296 5066 omnes
1329 5016 1536 5083 gentes
1564 5013 2001 5083 (Matth.xxv1u).
2023 5014 2091 5068 Et
2114 5032 2247 5070 cum

595 5095 767 5163 juxta
784 5096 927 5152 illud
954 5098 1352 5154 habitaculum
1369 5101 1717 5156 aediﬁcasset
1732 5100 2247 5171 alterum,eosjus-

604 5184 1533 5259 sitillicdegere,divinoquodam
1568 5191 1786 5262 templo
1818 5193 2247 5255 constructo,in

603 5274 757 5343 quod
782 5276 965 5344 jussit
990 5281 1047 5332 et
1078 5277 1185 5333 hos
1213 5282 1268 5333 et
1290 5276 1421 5333 illos
1444 5279 1775 5347 convenire,
1809 5279 2123 5351 incipiente
2156 5282 2248 5337 die

602 5367 658 5415 et
687 5364 987 5422 desinente
1015 5385 1027 5421 :
1062 5374 1127 5423 ut
1147 5370 1513 5440 vespertinas
1555 5374 1610 5424 et
1643 5370 1963 5426 matutinos
1994 5372 2245 5443 hymnos

600 5450 717 5506 Deo
740 5454 918 5509 simul
938 5457 1299 5527 olferrent,in
1334 5459 1481 5513 duas
1506 5459 1745 5529 quidem
1771 5459 1940 5515 divisi
1967 5467 2244 5531 partes,et

598 5540 815 5611 singuli
847 5560 955 5599 sua
976 5562 1111 5601 voce
1144 5552 1469 5615 utentes,ex
1500 5548 1875 5604 successione
1897 5554 2092 5605 autem
2108 5568 2242 5607 can-

596 5629 775 5685 ticum
810 5633 1164 5691 emittentes.
1198 5635 1529 5693 Permansit
1558 5641 1753 5692 autem
1800 5637 1858 5692 in
1891 5638 2242 5697 hodiernum

595 5733 783 5791 usque
814 5720 970 5777 diem
1007 5723 1195 5780 forma
1216 5725 1342 5795 ejus
1372 5725 1657 5795 instituti,
1690 5730 1747 5783 et
1769 5742 1957 5799 neque
1987 5732 2241 5803 tempus,

2362 4730 2723 4785 curationem
2736 4730 2939 4795 ,nihilo
2953 4733 3143 4787 secius
3157 4750 3355 4789 curam
3372 4737 3607 4806 gerebat
3620 4738 3777 4794 illius
3789 4742 4009 4812 gregis,

2362 4819 2481 4874 illic
2498 4819 2716 4875 multos
2730 4819 2853 4876 dies
2866 4828 3192 4877 versanszet
3207 4840 3362 4878 nunc
3385 4825 3523 4897 quid
3535 4843 3625 4881 em
3646 4844 4010 4899 componens

2361 4909 2710 4965 eorumlites
2725 4910 2826 4980 qui
2856 4909 3009 4965 inter
3029 4927 3091 4966 se
3123 4913 3559 4983 depugnabant,
3584 4934 3740 4972 nunc
3770 4934 3905 4974 vero
3920 4922 4010 4976 eis

2360 4998 2673 5053 consulens
2687 4998 2786 5068 qui
2811 4998 3388 5070 erantaliquaaffecti
3406 5003 3625 5072 injuria
3650 5022 3662 5058 :
3683 5006 4007 5077 aliquando

2360 5096 2554 5143 autem
2588 5086 2890 5143 sodalibus
2922 5088 3179 5143 divinam
3194 5091 3499 5163 porrigens
3517 5095 4007 5154 admonitionem.

2359 5177 2629 5233 Faciebat
2658 5180 2853 5232 autem
2898 5180 3365 5252 unumquodque
3416 5182 3649 5251 horum,
3682 5184 3769 5239 vel
3802 5193 4011 5244 contu-

2357 5266 2685 5322 hernalium
2726 5266 2960 5321 interim
3012 5286 3236 5339 pannos
3288 5286 3602 5339 consuens,
3644 5275 3732 5329 vel
3786 5274 4008 5334 lentem

2357 5372 2710 5427 expurgans,
2771 5354 2861 5411 vel
2918 5356 3280 5413 frumentum
3340 5360 3608 5430 abluens,
3641 5362 3727 5418 vel
3778 5364 4009 5437 aliquid

2356 5450 2615 5501 tractans
2647 5461 2715 5499 ex
2736 5444 2809 5498 iis
2831 5461 2958 5516 qum
2984 5452 3122 5501 sunt
3144 5447 3666 5519 hujusmodi.Cum
3692 5454 3776 5508 sic
3807 5460 4011 5512 autem

2355 5540 2413 5589 et
2444 5532 2849 5605 pontificatum
2882 5539 3171 5603 ornasset,
3214 5542 3271 5591 et
3300 5538 3571 5593 virtutem
3622 5541 3902 5613 auxisset,
3936 5545 4012 5600 ad

2355 5624 2620 5680 divinum
2654 5627 2889 5694 portum
2922 5626 3185 5695 pervenit
3214 5643 3349 5681 cum
3384 5628 3512 5684 suis
3544 5630 3845 5689 oneribus.

2425 5736 2493 5789 Et
2523 5731 2666 5805 quid
2701 5736 2953 5803 opusest
2985 5732 3259 5789 dicerede
3290 5734 4009 5811 Theotecno,etquiillum
