4180 6338
115 392 185 448 49
1259 390 1737 461 PHILOTHEUB,
1778 404 1903 446 srva
1942 393 2416 451 THROPHILES.
3478 398 3551 453 50

764 512 996 569 CAPUT
1030 512 1155 569 VII.

706 618 1018 658 mansurus
1083 602 1216 674 (30).

194 696 309 765 Qui
332 700 538 751 autem
566 693 896 750 multorum
921 709 1191 749 sermone
1214 693 1542 750 celebratus
1559 699 1647 751 est
1665 694 1788 751 Pal-

125 787 320 844 ladius
350 784 679 855 (Theodon,
716 784 813 839 lib.
834 800 888 839 v1
909 785 1053 839 Hist.
1078 801 1198 855 cap.
1220 785 1336 851 26),
1359 789 1417 839 et
1454 789 1716 856 tempore
1737 786 1788 840 ei

124 877 236 933 fuit
259 875 419 931 818
454 873 727 945 aequalis,
753 878 810 929 et
845 874 1110 929 moribus
1140 874 1377 939 similis,
1408 879 1703 946 notusque
1734 879 1790 930 et

125 964 561 1021 familiaris.Ad
590 980 653 1019 se
678 963 931 1032 enim,ut
951 963 1390 1033 aiunt,invicem
1414 963 1787 1029 ventitantes,

127 1072 196 1110 ex
215 1071 280 1109 se
316 1054 579 1109 invicem
626 1052 940 1123 capiebant
961 1051 1294 1118 utilitatem,
1323 1068 1384 1107 se
1416 1056 1622 1108 mutuo
1654 1069 1787 1123 pro-

131 1147 497 1213 vocantes,et
517 1142 589 1198 ad
616 1142 807 1198 zelum
832 1142 936 1197 Dei
958 1140 1571 1197 incitantes.Inclusus
1592 1146 1787 1198 autem

130 1238 255 1289 erat
279 1235 339 1287 in
367 1232 631 1303 quadam
651 1229 1167 1302 domuncula,quae
1180 1234 1304 1285 erat
1321 1228 1789 1302 propinquavico

132 1323 398 1379 maximo
415 1326 474 1377 et
491 1320 706 1393 populo
725 1319 895 1391 longe
914 1320 1362 1391 fequentissimo
1379 1335 1391 1373 :
1407 1324 1497 1376 est
1520 1324 1716 1375 autem
1739 1319 1791 1373 ei

126 1427 346 1469 nomen
380 1411 615 1466 Iemme
668 1410 862 1482 [Long.
890 1409 1115 1479 lmme].
1164 1414 1244 1464 Ac
1274 1410 1345 1463 de
1372 1408 1630 1464 maxima
1660 1407 1788 1479 qui-

127 1503 266 1557 dem
289 1500 404 1557 viri
429 1517 463 1556 a
489 1499 619 1555 cibo
641 1498 999 1554 abstinentia
1021 1515 1123 1554 seu
1140 1498 1369 1570 jejunio
1393 1501 1450 1553 et
1470 1497 1686 1565 inedia,
1706 1496 1788 1550 vi-

128 1592 417 1664 giliaque,
438 1594 497 1643 et
519 1588 782 1645 oratione
803 1594 1108 1660 perpetua,
1139 1588 1329 1643 dicere
1351 1586 1618 1642 existimo
1663 1601 1792 1641 esse

131 1679 747 1752 supervacaneum.ln
762 1678 855 1733 his
868 1678 1023 1733 enim
1040 1678 1195 1733 idem
1214 1677 1616 1749 traxitjugum
1636 1677 1791 1748 quod

132 1769 351 1825 beatus
380 1768 641 1823 Simeon.
678 1766 1025 1823 Miraculum
1052 1772 1246 1823 autem
1281 1767 1436 1838 quod
1468 1766 1525 1821 in
1560 1766 1792 1822 hodier-

132 1877 279 1916 num
314 1875 512 1931 usque
543 1859 697 1914 diem
729 1860 1095 1924 decantatur,
1139 1858 1211 1913 ab
1242 1857 1401 1912 illius
1432 1861 1626 1913 autem
1656 1871 1795 1913 voce
1826 1885 1872 1949 B

126 1954 188 2005 et
218 1965 407 2004 manu
447 1949 670 2004 factum
703 1952 815 2016 est,
838 1946 1160 2003 existimavi
1192 1948 1240 2002 si
1274 1964 1573 2003 narrarem
1608 1948 1791 2002 factu-

136 2056 269 2094 rum
306 2054 403 2093 me
437 2055 621 2110 operae
653 2038 930 2109 pretium.

206 2129 270 2184 In
303 2127 587 2198 pmdicto
609 2127 734 2182 vico
779 2127 845 2181 ﬁt
870 2124 1287 2183 celeberrimus
1319 2131 1657 2195 conventus,
1692 2125 1793 2198 qui

140 2219 411 2289 undique
441 2216 689 2272 attrahit
709 2221 1152 2283 mercatores,et
1174 2216 1448 2285 majorem
1465 2215 1793 2271 multitudi-

135 2324 266 2363 nem
295 2323 476 2380 quam
492 2324 619 2379 quae
642 2306 829 2377 possit
854 2306 1173 2362 numerari.
1195 2306 1258 2362 In
1281 2323 1346 2363 eo
1370 2307 1611 2378 quidam
1637 2323 1793 2361 mer-

136 2397 405 2469 cator,iis
428 2396 1132 2468 quazattuleratvenditis,
1151 2399 1207 2451 et
1228 2413 1368 2451 auro
1388 2400 1791 2463 coacto,noctu

134 2487 372 2544 volebat
401 2486 695 2542 recedere.
732 2486 981 2551 Quidam
1012 2488 1202 2541 autem
1226 2484 1542 2556 homicida,
1567 2486 1665 2557 qui
1690 2503 1792 2541 au-

138 2593 274 2632 rum
297 2575 426 2631 illic
450 2575 761 2632 collectum
784 2578 1113 2646 aspexerat,
1140 2578 1315 2629 castro
1340 2575 1595 2646 quodam
1618 2578 1674 2630 et
1702 2577 1794 2629 fu-

134 2683 267 2721 rore
281 2666 571 2737 percitus,
596 2681 872 2721 somnum
919 2664 1157 2735 quidem
1187 2681 1220 2719 a
1240 2664 1392 2721 ciliis
1410 2663 1655 2736 depulit,
1687 2666 1792 2721 ob-

132 2756 413 2812 servabat
444 2759 641 2810 autem
673 2754 908 2825 quando
954 2753 1042 2809 vir
1082 2752 1178 2809 ille
1217 2758 1371 2809 esset
1403 2754 1788 2826 profecturus.

136 2850 273 2902 Post
294 2843 443 2917 galli
465 2848 659 2899 autem
683 2842 1047 2911 cantum,ille
1060 2844 1299 2914 quidem
1313 2843 1513 2899 abibat
1527 2860 1787 2900 securus:

131 2936 225 2991 hic
247 2937 456 2991 autem
476 2933 859 3005 praeveniens,
876 2949 1008 2987 cum
1033 2933 1345 3004 quemdam
1371 2931 1563 2989 locum
1587 2937 1788 3004 aptum

131 3023 371 3080 insidiis
393 3027 762 3093 occupasset,
800 3025 1036 3093 repente
1056 3022 1459 3085 adortus,eum
1483 3026 1540 3077 et
1563 3037 1790 3092 percus-

132 3115 207 3169 sit
220 3118 278 3168 et
293 3113 517 3168 caedem
540 3112 1060 3167 fecit.Exsecrando
1075 3115 1267 3166 autem
1286 3111 1526 3166 facinori
1542 3111 1789 3183 impium

131 3218 366 3273 quoque
387 3200 550 3256 aliud
571 3201 791 3255 factum
816 3200 1045 3270 adjicit;
1068 3217 1202 3255 nam
1224 3216 1358 3255 cum
1377 3216 1584 3255 aurum
1608 3200 1791 3271 cepis-

130 3296 237 3355 set,
263 3292 570 3344 mortuum
594 3286 739 3342 illud
767 3304 979 3358 corpus
994 3288 1237 3359 projecit
1257 3288 1328 3343 ad
1356 3288 1572 3343 ostium
1605 3288 1790 3344 Palla-

129 3378 231 3433 dii.
248 3378 401 3433 Cum
430 3382 629 3432 autem
653 3376 778 3432 dies
799 3376 1147 3446 venisset,et
1168 3377 1321 3433 fama
1348 3378 1788 3448 pervasisset,et

132 3474 293 3523 totus
322 3466 636 3523 hominum
674 3470 993 3522 conventus
1031 3469 1101 3522 de
1134 3483 1200 3522 eo
1238 3468 1393 3538 quod
1423 3468 1642 3522 factum
1665 3471 1789 3523 erat

132 3557 354 3629 passim
389 3556 751 3626 loqueretur,
776 3560 1200 3611 concurrerunt
1222 3571 1447 3624 omnes,
1477 3561 1535 3612 et
1555 3557 1787 3613 effracto

132 3647 311 3714 ostio,
340 3644 519 3700 caedis
541 3645 702 3700 facta:
725 3660 957 3716 pcenam
981 3645 1211 3717 exigere
1247 3644 1518 3700 volebant
1540 3663 1573 3701 a
1595 3646 1787 3701 divino

132 3734 395 3791 Palladio
423 3752 437 3789 :
468 3751 622 3789 unus
645 3740 842 3789 autem
864 3750 933 3789 ex
955 3733 1027 3789 iis
1050 3734 1149 3806 qui
1189 3734 1294 3790 hoc
1335 3734 1644 3803 faciebant,
1669 3739 1791 3791 erat

133 3828 183 3882 is
205 3828 307 3898 qui
333 3843 448 3882 sua
468 3841 648 3881 manu
670 3825 887 3881 caedem
912 3825 1144 3881 fecerat.
1178 3824 1322 3880 Cum
1358 3841 1490 3895 ergo
1527 3826 1617 3880 vir
1646 3825 1790 3882 divi-

135 3933 247 3971 nus
267 3914 794 3971 circumsideretur
810 3932 843 3969 a
859 3918 1025 3969 tanta
1043 3914 1439 3983 multitudine,
1465 3915 1675 3971 coelum
1699 3916 1787 3971 in-

134 4010 398 4073 tuens,et
417 4008 611 4060 mente
632 4003 845 4060 ccelum
869 4004 1790 4076 superans,supplicavitDomino

143 4101 209 4150 ut
225 4094 542 4151 calumniae
570 4093 943 4149 mendacium
958 4092 1331 4161 refelleret,et
1346 4095 1644 4149 veritatem
1664 4110 1791 4165 qua:

143 4185 369 4240 latebat
392 4184 744 4238 ostenderet.
772 4187 913 4237 Cum
938 4181 1021 4237 sic
1049 4186 1293 4249 orasset,
1316 4186 1374 4237 et
1397 4183 1649 4253 jacentis
1671 4199 1793 4237 ma-

146 4290 284 4329 num
323 4272 756 4345 prehendisset,
803 4272 919 4338 Dic,
960 4272 1174 4342 inquit,
1209 4289 1240 4326 ο
1275 4271 1632 4341 adolescens,
1666 4272 1794 4341 quis

141 4364 296 4419 hanc
333 4362 438 4417 tibi
471 4361 704 4434 plagam
728 4361 995 4417 intulerit
1022 4378 1034 4417 :
1064 4362 1307 4417 ostende
1334 4361 1467 4432 quis
1497 4362 1605 4417 hoc
1635 4378 1795 4417 exse-

140 4454 436 4509 crandum
459 4451 686 4507 facinus
709 4451 1033 4519 admiserit,
1054 4456 1110 4507 et
1131 4450 1314 4507 libera
1335 4451 1701 4507 innocentem
1725 4452 1797 4507 ab

139 4543 348 4597 hacim
360 4541 543 4613 proba
564 4541 1443 4612 calumnia.Sermonem:autem
1463 4556 1655 4597 sermo
1674 4540 1799 4612 qui-

1807 518 1861 581 Α
1893 518 2182 587 ratomon,
2215 520 2449 577 virtutis
2475 524 2673 577 autem
2706 520 3048 592 splendores
3071 521 3130 578 in
3158 538 3393 579 omnem
3419 540 3552 597 par-

1895 610 2014 663 tem
2039 608 2255 664 emisit.
2282 610 2466 674 Quam
2490 610 2649 666 clara
2692 616 2887 666 autem
2918 613 3093 667 fuerit
3114 612 3239 682 ejus
3259 612 3397 681 vita,
3431 617 3547 669 tes-

1896 698 2099 751 tantur
2120 714 2248 768 quae
2268 702 2399 770 post
2425 699 2553 769 ejus
2570 703 2815 754 mortem
2839 700 2987 755 ﬁunt
3006 699 3399 756 miracula.Ex
3417 702 3552 773 ejus

1897 786 2165 857 sepulcro
2190 787 2247 841 in
2268 788 2616 843 hodiernum
2631 804 2821 860 usque
2837 789 2990 844 diem
3010 791 3343 846 scaturiunt
3361 791 3553 846 omnis

1897 877 2128 946 generis
2154 878 2491 934 morborum
2518 878 3075 950 curationes.Hujus
3097 884 3288 934 autem
3313 885 3454 935 sunt
3474 879 3551 936 lo-

1898 964 2162 1035 cupletes
2186 970 2385 1035 testes,
2403 967 2503 1037 qui
2520 983 2616 1021 eas
2639 966 2872 1022 abunde
2899 967 3061 1023 illinc
3080 985 3181 1040 per
3207 969 3379 1024 ﬁdem
3404 968 3551 1025 hau-

1900 1052 2227 1109 riunt.Mihi
2254 1059 2451 1109 autem
2480 1071 2714 1126 quoque
2745 1056 2917 1111 detur
2939 1057 3220 1128 consequi
3241 1056 3548 1126 auxilium,

1899 1143 1999 1214 qui
2031 1159 2231 1199 eorum
2262 1144 2545 1200 memoria
2575 1144 2832 1213 linguam
2869 1145 3251 1201 sanctiﬁcavi.

2517 1233 2749 1288 CAPUT
2773 1233 2924 1289 VIII.

2457 1340 2779 1379 APHRAATES
2840 1324 2974 1395 (32).

1972 1412 2134 1476 Quod
2163 1427 2281 1467 una
2302 1411 2377 1467 sit
2395 1413 2661 1467 omnium
2686 1412 2992 1468 hominum
3022 1416 3253 1482 natura,
3278 1418 3336 1470 et
3357 1414 3550 1486 philo-

1902 1500 2136 1572 sophari
2178 1502 2257 1557 sit
2307 1500 2476 1557 facile
2514 1502 2866 1571 volentibus,
2900 1502 3019 1558 sive
3044 1503 3162 1559 sint
3194 1505 3395 1575 Graaci,
3433 1506 3553 1561 sive

1904 1588 2233 1660 barbari,ex
2254 1590 2458 1646 multis
2472 1607 2705 1663 quoque
2723 1590 2853 1645 aliis
2876 1591 3025 1647 scire
3044 1596 3132 1648 est
3155 1594 3212 1647 in
3244 1598 3549 1665 promptu:

1904 1680 1974 1733 ad
1998 1678 2108 1735 hoc
2128 1684 2323 1735 autem
2363 1684 2560 1751 aperte
2582 1682 3015 1736 ostendendum
3038 1680 3257 1738 sufﬁcit
3277 1683 3365 1739 vel
3388 1683 3548 1740 solus

1903 1769 2228 1840 Aphraates
2269 1770 2577 1838 (Theodor.,
2610 1771 2973 1838 lib.1v-Hist.,
3010 1788 3129 1843 cap.
3152 1772 3264 1841 24).
3300 1773 3357 1828 Is
3388 1773 3546 1829 enim

1903 1859 1961 1913 in
1982 1858 2302 1930 Persis,qui
2324 1864 2462 1914 sunt
2481 1859 2945 1931 injustissimi,et
2966 1866 3139 1917 natus
3162 1866 3219 1916 et
3238 1863 3546 1932 educatus,

1904 1952 1961 2003 et
1989 1951 2149 2003 ortus
2190 1965 2256 2003 ex
2280 1948 2493 2003 talibus
2531 1950 2893 2021 parentibus,
2917 1950 3053 2005 etin
3087 1967 3287 2007 eorum
3320 1951 3551 2023 legibus

1903 2036 2236 2105 institutus,
2272 2038 2341 2092 ad
2374 2042 2600 2094 tantam
2633 2039 2895 2110 pervenit
2916 2039 3191 2095 virtutem
3226 2045 3291 2096 ut
3319 2057 3418 2097 eos
3448 2042 3547 2112 qui

1903 2143 1970 2182 ex
1993 2127 2106 2199 piis
2143 2126 2264 2182 nati
2286 2128 2540 2193 fuerant,
2566 2133 2623 2183 et
2645 2128 2798 2199 piam
2839 2129 3165 2185 doctrinam
3206 2132 3278 2185 ab
3310 2130 3551 2187 ineunte

1902 2221 2069 2273 atate
2098 2221 2460 2288 acceperant,
2493 2218 2913 2273 obscuraverit.
2944 2218 3206 2274 Primum
3230 2220 3387 2275 enim
3411 2237 3547 2275 con-

1902 2312 2123 2378 tempto
2155 2322 2364 2379 genere
2384 2308 2530 2378 (erat
2551 2311 2746 2363 autem
2772 2308 2827 2363 id
2853 2307 3087 2363 clarum
3110 2313 3164 2364 et
3182 2308 3433 2381 illustre)
3454 2327 3549 2365 ac—

1903 2396 2085 2451 currit
2110 2394 2504 2449 adDominum
2533 2396 3177 2467 adorandum,majores
3200 2414 3339 2453 suos
3360 2398 3550 2454 imita-

1901 2489 1999 2540 tur
2020 2484 2462 2555 magos,deinde
2485 2484 2575 2539 sui
2599 2484 2830 2556 generis
2853 2484 3161 2541 hominum
3184 2486 3545 2557 impietatem

1903 2576 2440 2643 abominatusjsuae
2456 2574 2710 2647 prmtulit
2728 2574 2979 2631 alienam
2996 2575 3291 2648 regionem
3318 2578 3407 2633 .Et
3421 2594 3549 2633 cum

1898 2665 2157 2720 venisset
2176 2665 2459 2719 Edessam
2492 2667 2605 2734 (est
2637 2669 2832 2719 autem
2858 2664 3063 2721 civitas
3096 2666 3347 2722 maxima
3368 2670 3425 2721 et
3445 2683 3544 2737 po-

1900 2753 2038 2826 pulo
2062 2752 2527 2825 fequentissima,
2570 2757 2625 2808 et
2655 2770 2780 2824 quae
2805 2754 3019 2826 pietate
3041 2754 3348 2826 insigniter
3382 2770 3546 2810 exor-

1898 2844 2120 2914 natur),
2167 2858 2300 2897 cum
2325 2846 2487 2897 extra
2508 2842 2635 2912 ejus
2654 2842 2911 2898 ambitus
2950 2842 3269 2899 invenisset
3294 2845 3545 2899 domun-

1900 2932 2117 2999 culam,
2144 2934 2199 2987 et
2243 2930 2383 2986 sein
2405 2946 2472 2985 ea
2515 2930 2878 2997 inclusisset,
2908 2948 3028 2987 suae
3066 2949 3267 2987 curam
3309 2933 3550 3005 gerebat

1898 3022 2133 3087 animae,
2161 3019 2336 3076 veluti
2380 3019 2620 3091 quidam
2667 3022 2927 3092 optimus
2965 3021 3247 3093 agricola,
3272 3022 3549 3078 vitiorum

1899 3110 2103 3183 spinas
2124 3110 2473 3166 exscindens
2514 3110 2814 3173 radicitus,
2849 3114 2906 3165 et
2930 3110 3191 3166 divinam
3218 3128 3551 3183 expurgans

1900 3204 2181 3273 segetem,
2206 3204 2262 3255 et
2290 3206 2553 3254 maturos
2584 3199 2876 3269 Evangelii
2902 3200 3127 3256 fructus
3160 3201 3417 3257 otferens
3445 3206 3550 3256 Do-

1896 3290 2078 3344 mino.
2104 3288 2269 3343 Illinc
2292 3288 2451 3342 venit
2473 3287 3003 3359 Antiochiam,quze
3031 3289 3101 3344 ab
3123 3289 3396 3347 haeretica
3418 3308 3547 3362 pro-

1896 3377 2042 3434 cella
2064 3377 2316 3450 graviter
2354 3376 2911 3444 circumsidebatur,
2951 3378 3051 3433 ubi
3085 3395 3217 3434 cum
3242 3383 3376 3434 ante
3405 3378 3546 3433 civi-

1897 3468 2155 3524 tatemin
2180 3467 2476 3539 quoddam
2522 3466 2904 3538 philosophia:
2944 3468 3315 3538 gymnasium
3355 3468 3545 3524 diver-

1896 3559 2087 3625 tisset,
2142 3561 2199 3613 et
2245 3557 2451 3612 Graecae
2494 3556 2711 3627 linguas
2763 3573 2949 3628 pauca
2987 3558 3163 3613 verba
3218 3558 3544 3629 didicisset,

1899 3649 1970 3704 ad
2040 3646 2267 3702 divinos
2327 3646 2561 3715 quidem
2619 3662 2920 3702 sermones
2980 3648 3303 3703 audiendos
3368 3648 3547 3705 traxit

1899 3736 2187 3808 plurimos
2220 3751 2232 3787 :
2267 3742 2436 3789 utens
2467 3739 2661 3789 autem
2685 3734 2885 3806 lingua
2916 3736 3183 3791 barbarie
3214 3737 3547 3804 commista,

1902 3826 2054 3880 fetus
2085 3823 2416 3896 proferebat
2447 3822 2667 3894 ingenii
2693 3827 2749 3878 et
2778 3823 3202 3895 intelligentiae,
3253 3841 3323 3879 ex
3359 3825 3547 3897 gratia

1902 3914 2083 3970 divini
2112 3912 2363 3985 Spiritus
2394 3911 2687 3983 accipiens
2720 3912 2841 3966 haec
2864 3913 3103 3969 fluenta.
3129 3913 3267 3981 Quis
3299 3914 3455 3968 enim
3482 3930 3550 3967 ex

1902 4006 1974 4060 iis
2023 4004 2120 4075 qui
2174 4019 2343 4058 suam
2382 4003 2613 4073 jactant
2660 4000 3081 4073 eloquentiam,
3134 4007 3189 4058 et
3236 4002 3552 4075 supercilia

1902 4093 2313 4150 contrahentes
2346 4091 2493 4147 elate
2536 4090 2861 4162 loquuntur
2889 4096 2945 4148 et
2976 4092 3303 4165 magniﬁce,
3332 4097 3388 4149 et
3419 4110 3553 4165 pro-

1904 4188 2029 4255 pter
2059 4182 2538 4255 syllogismorum
2571 4180 2816 4252 laqueos
2850 4181 3192 4252 juveniliter
3234 4182 3551 4252 exsultant,

1905 4272 2200 4327 incrudita
2231 4271 2335 4326 illa
2366 4274 2424 4326 et
2453 4270 2704 4325 barbara
2743 4287 2879 4325 voce
2925 4271 3036 4326 fuit
3084 4289 3344 4343 unquam
3377 4289 3553 4344 supe-

1905 4361 2058 4417 rior?
2090 4359 2658 4415 Ratiocinationibus
2680 4360 2831 4414 819
2860 4360 3019 4414 enim
3058 4360 3549 4427 ratiocinationes,

1907 4454 1963 4507 et
1993 4449 2205 4505 divinis
2252 4448 2498 4520 eloquiis
2530 4448 3018 4521 philosophorum
3068 4450 3337 4506 vincebat
3376 4451 3551 4506 ratio-

1910 4555 2035 4610 nes,
2069 4556 2202 4594 cum
2236 4554 2448 4610 magno
2472 4539 2646 4594 Paulo
2665 4538 2947 4606 clamans,
2967 4541 3075 4595 etsi
3100 4540 3409 4611 imperitus
3431 4557 3552 4597 ser-

141 4637 279 4691 dem
306 4636 400 4688 est
423 4632 1050 4687 consecutus.Dextera
1072 4634 1265 4686 autem
1295 4631 1472 4687 homo
1497 4630 1673 4686 etiam
1707 4647 1795 4686 se-
1830 4635 1874 4698 Ι]
1908 4645 2097 4698 mone,
2132 4646 2248 4683 non
2300 4633 2497 4683 tamen
2530 4628 2773 4684 scientia
2807 4629 2882 4700 (II
2926 4628 3050 4683 Cor.
3077 4636 3176 4699 XI).
3210 4630 3326 4685 Hoc
3356 4634 3552 4685 autem

141 4724 314 4788 dens,
352 4719 860 4792 circumspiciebat
889 4720 1123 4791 quidem
1170 4736 1269 4776 eos
1291 4720 1391 4791 qui
1420 4720 1793 4787 accedebant,

143 4813 335 4886 digito
376 4814 571 4866 autem
618 4810 965 4865 ostendebat
1004 4810 1357 4865 homicidam
1407 4810 1538 4881 (31).
1572 4808 1802 4865 Clamor

143 4903 427 4959 sublatus
457 4904 545 4955 est
567 4900 639 4955 ab
672 4900 971 4967 omnibus,
1006 4902 1062 4955 et
1111 4899 1462 4955 miraculum
1513 4899 1800 4969 stupenti-

152 4993 293 5059 bus,
329 4995 386 5045 et
415 4988 774 5045 calumniam
833 5006 957 5059 quae
1000 4989 1189 5044 fuerat
1218 4989 1507 5043 intentata
1538 4988 1802 5043 deﬂenti-

149 5083 289 5137 bus.
325 5081 470 5136 Cum
519 5082 716 5135 autem
762 5077 930 5133 illum
978 5077 1324 5134 sceleratum
1384 5078 1706 5145 exuissent,
1747 5082 1803 5133 et

145 5170 415 5242 gladium
466 5169 810 5223 invenerunt
840 5167 1032 5223 adhuc
1062 5172 1371 5223 cruentum
1404 5167 1713 5239 sanguine,
1748 5171 1804 5221 et

151 5275 367 5316 aurum
399 5256 545 5313 illud
579 5257 737 5327 quod
773 5256 947 5311 caedis
988 5272 1225 5312 causam
1269 5258 1528 5312 dederat.
1564 5256 1801 5311 Divinus

145 5353 354 5405 autem
401 5346 702 5403 Palladius
760 5363 894 5401 cum
945 5346 1110 5418 prius
1158 5346 1367 5402 fuisset
1415 5345 1801 5411 admirabilis,

150 5439 293 5495 hinc
327 5438 538 5493 merito
572 5437 756 5493 evasit
787 5436 960 5508 longe
1003 5435 1425 5492 admirabilior.
1462 5436 1803 5491 Sufﬁciebat

144 5530 307 5585 enim
342 5526 696 5583 miraculum
730 5527 799 5582 ad
834 5526 938 5581 viri
970 5526 1393 5583 ostendendam
1427 5528 1582 5598 apud
1616 5531 1797 5581 Deum

148 5618 452 5675 ﬁduciam.

219 5708 525 5765 Exeodem
554 5709 754 5762 autem
780 5706 979 5761 ordine
1010 5706 1123 5761 fuit
1151 5705 1327 5762 etiam
1364 5705 1670 5760 Abraames
1703 5705 1800 5760 ad-

152 5796 467 5867 mirabilis,
484 5795 589 5869 qui
612 5795 915 5851 aediﬁcavit
933 5795 1169 5867 quidem
1195 5795 1251 5851 id
1271 5794 1424 5865 quod
1450 5797 1686 5851 vocatur
1701 5795 1802 5851 Pa-

1907 4720 2080 4774 modo
2129 4726 2405 4789 perpetuo
2437 4733 2505 4773 ex
2533 4717 2795 4789 Apostoli
2848 4719 3142 4774 sententia
3192 4719 3557 4791 deprimebat

1911 4809 2188 4878 rationes,
2212 4813 2269 4863 et
2308 4824 2535 4862 omnem
2572 4807 2943 4863 altitudinem
2971 4825 3099 4879 quas
3127 4808 3423 4864 extollitur
3448 4810 3553 4864 ad—

1908 4913 2113 4952 versus
2150 4896 2243 4952 Dei
2277 4896 2689 4966 cognitionem,
2722 4902 2780 4952 et
2823 4897 3153 4968 captivabat
3198 4915 3431 4953 omnem
3463 4899 3552 4953 in-

1910 4985 2298 5057 telligentiam
2332 4986 2401 5041 ad
2433 4985 2644 5041 Christi
2678 4986 3068 5042 obedientiam
3098 4987 3171 5059 (ΙΙ
3204 4987 3323 5043 Cor.
3348 4988 3427 5059 x).
3462 4987 3552 5041 Li-

1912 5075 2077 5131 cebat
2108 5079 2302 5130 autem
2350 5075 2543 5130 videre
2576 5079 2987 5130 concurrentes
3019 5093 3116 5132 eos
3148 5077 3248 5147 qui
3280 5076 3558 5148 gerebant

1915 5165 2317 5236 magistratus,
2352 5168 2407 5218 et
2450 5164 2550 5234 qui
2581 5168 2748 5220 erant
2778 5164 2942 5220 relati
2977 5166 3034 5219 in
3068 5165 3294 5237 aliquos
3338 5165 3553 5220 militiae

1915 5271 2213 5320 numeros,
2246 5270 2461 5324 eosque
2489 5254 2585 5324 qui
2621 5270 2796 5309 manu
2844 5255 2954 5309 sibi
2994 5255 3211 5310 victum
3245 5269 3553 5327 compara-

1913 5346 2084 5411 bant;
2111 5348 2166 5398 et
2193 5348 2255 5398 ut
2286 5343 2467 5398 semel
2491 5344 2705 5409 dicam,
2753 5348 2807 5399 et
2851 5345 3109 5415 privatos
3152 5348 3207 5399 et
3244 5344 3479 5413 milites,
3504 5354 3555 5399 et

1914 5435 2137 5499 doctos,
2174 5437 2228 5488 et
2251 5432 2583 5488 litterarum
2606 5434 2800 5501 rudes,
2826 5440 2882 5489 et
2904 5449 3209 5505 pauperes,
3233 5438 3288 5489 et
3305 5434 3514 5490 divites
3540 5452 3551 5488 :

1914 5528 1970 5580 et
1999 5522 2142 5579 alios
2178 5523 2417 5595 quidem
2450 5523 2684 5579 silentio
2715 5522 3069 5593 accipientes
3096 5540 3164 5579 ea
3193 5541 3321 5596 quae
3354 5525 3555 5580 offere-

1832 5614 1835 5617 ’
1913 5615 2149 5681 bantur,
2186 5612 2331 5669 alios
2363 5630 2493 5669 vero
2518 5616 2790 5684 rogantes
2822 5617 2880 5668 et
2918 5613 3310 5679 sciscitantes,
3340 5623 3398 5669 et
3428 5631 3555 5669 ora-

1914 5702 2059 5758 tioni
2112 5702 2432 5773 praebentes
2484 5702 2875 5757 occasionem.
2917 5702 3063 5758 Cum
3097 5706 3291 5758 autem
3320 5706 3553 5759 tantum

1914 5793 2173 5850 laborem
2232 5796 2479 5864 caperet,
2514 5809 2627 5848 non
2662 5808 2874 5864 passus
2926 5798 3015 5851 est
3056 5810 3315 5865 unquam
3368 5792 3553 5848 ullum
