4218 6348
486 451 551 506 51
1663 454 1759 506 ΒΕ
1796 451 1989 504 VITIS
2029 448 2331 504 PATRUM
2368 449 2583 502 LIBER
2622 448 2719 501 IX.
3835 446 3913 502 52

491 585 754 655 accipere
793 584 894 655 qui
925 599 1126 639 secum
1159 581 1487 650 habitaret;
1522 579 1844 651 quinetiam
1880 578 2135 633 malebat
2164 582 2371 646 A.rem
2403 581 2809 647 tempestatem
2835 576 3091 633 solitudo
3115 578 3719 650 gubernatorum.Eos
3741 578 3905 634 enim

493 692 661 731 suam
696 675 884 745 ipsius
906 690 1139 746 operam
1160 689 1335 742 quam
1365 670 1625 726 ofﬁcium
1657 675 1713 725 et
1743 668 2139 724 ministerium

496 764 654 835 quod
668 762 779 817 sibi
795 762 1145 818 offerebatur
1168 762 1240 815 ab
1262 760 1413 815 aliis.
1429 763 1693 831 Cumque
1717 759 1846 830 ejus
1865 773 2140 827 congres-

497 853 692 908 siones
724 857 782 907 et
802 851 1223 908 collocutiones
1262 850 1466 904 fierent
1488 849 1557 903 ad
1595 853 1819 919 portam
1839 846 1993 913 atrii,
2015 846 2141 917 ipse

495 957 626 998 eam
658 942 952 1013 aperiebat
983 939 1470 1011 ingredientibus,
1504 942 1559 992 et
1588 938 1870 993 abeuntes
1892 937 2144 991 deduce-

496 1032 596 1086 bat
626 1046 692 1086 ac
740 1030 1095 1085 dimittebat.
1130 1028 1285 1083 Nihil
1334 1034 1531 1083 autem
1594 1042 1852 1097 unquam
1902 1026 2143 1082 omnino

495 1120 720 1189 accepit
750 1120 822 1174 ab
871 1118 1089 1188 aliquo,
1125 1135 1239 1173 non
1263 1134 1493 1187 panem,
1528 1133 1642 1171 non
1666 1115 2002 1180 obsonium,
2026 1131 2141 1167 non

494 1214 736 1279 vestem,
770 1209 871 1263 sed
905 1206 1248 1271 unussolus
1270 1207 1322 1261 ei
1361 1212 1534 1261 notus
1566 1222 1776 1275 panem
1801 1203 2143 1276 suppedita-

494 1298 614 1352 bat.
648 1298 793 1353 Cum
816 1301 1013 1353 autem
1047 1312 1236 1367 usque
1268 1296 1338 1350 ad
1373 1295 1730 1366 profundum
1765 1293 2147 1364 processisset

497 1388 750 1455 senium,
784 1391 914 1457 post
940 1402 1212 1441 occasum
1245 1384 1389 1440 solis
1421 1385 1769 1440 vescebatur
1793 1383 2071 1438 oleribus.

569 1494 749 1547 Aiunt
779 1496 975 1547 autem
1007 1491 1412 1558 Anthemium,
1445 1491 1546 1561 qui
1569 1496 1769 1561 postea
1794 1491 1979 1544 fuitet
2002 1505 2146 1558 prae-

499 1583 684 1636 fectus
703 1585 759 1637 et
775 1579 1144 1646 consul,cum
1161 1580 1381 1635 electus
1399 1582 1628 1648 legatus
1655 1579 1953 1649 profectus
1968 1582 2058 1633 est
2075 1576 2146 1630 ad

501 1675 731 1739 Persas,
764 1670 835 1724 ad
855 1686 989 1724 eum
1022 1668 1289 1724 attulisse
1312 1668 1570 1722 tunicam
1594 1668 1748 1738 apud
1769 1673 1976 1721 Persas
2007 1682 2145 1720 con-

501 1764 740 1823 textam,
774 1766 825 1813 et
853 1758 1108 1812 dixisse.
1151 1757 1296 1812 Cum
1346 1757 1558 1812 scirem
1609 1756 1927 1826 unicuique
1977 1770 2145 1809 suam

502 1848 733 1903 dulcem
762 1863 889 1902 esse
913 1846 1182 1918 patriam,
1206 1853 1259 1901 et
1282 1845 1382 1917 qui
1414 1845 1530 1899 illic
1550 1850 1879 1899 nascuntur
1924 1845 2149 1898 fructus

2252 665 2598 736 imperator,
2626 667 2727 737 qui
2780 667 2838 721 in
2871 666 3057 722 solam
3104 684 3304 723 veram
3348 666 3693 739 religionem
3725 685 3902 724 suam

2249 758 2553 811 exercebat
2594 756 2924 827 audaciam,
2955 758 3144 828 coegit
3168 757 3437 813 habitare
3473 758 3531 812 in
3563 757 3791 813 exsilio.
3828 759 3904 813 Et

2251 861 2386 900 cum
2418 845 3586 918 tantaessetususiniquitate,impietatis
3616 863 3751 902 eum
3786 863 3909 904 non

2253 935 2519 1005 capiebat
2547 936 2811 1004 satietas,
2845 936 2944 991 sed
2961 935 3331 1007 dispergebat
3361 952 3427 991 ac
3446 935 3910 1007 dissipabatcm-

2258 1028 2381 1078 tum
2405 1024 2639 1096 piorum
2669 1025 2959 1093 omnium,
2993 1026 3184 1080 instar
3205 1025 3335 1079 feras
3358 1024 3641 1079 immanis
3672 1042 3910 1097 gregem

2258 1113 2615 1168 contendens
2645 1113 2996 1184 discerpere.
3030 1113 3192 1169 Eade
3224 1128 3402 1169 causa
3430 1130 3528 1170 eos
3561 1130 3676 1169 non
3711 1114 3911 1170 solum

2254 1210 2477 1281 expulit
2506 1210 2578 1265 ab
2611 1210 2769 1265 omni
2801 1209 3066 1275 ecclesia,
3102 1211 3202 1266 sed
3225 1211 3401 1266 etiam
3432 1227 3501 1266 ex
3532 1210 3712 1268 latere
3744 1229 3914 1268 mon-

2254 1299 2352 1365 tis,
2387 1303 2444 1354 et
2468 1315 2537 1354 ex
2569 1299 2692 1371 ripa
2723 1298 2904 1366 fluvii,
2942 1305 3000 1355 et
3046 1316 3114 1354 ex
3159 1299 3369 1355 bellico
3421 1302 3750 1372 gymnasio.
3776 1302 3915 1357 Haec

2255 1388 2411 1443 enim
2443 1388 2568 1443 loca
2598 1393 2875 1459 perpetuo
2899 1389 3225 1457 mutabant,
3248 1394 3311 1443 ut
3332 1390 3389 1442 in
3422 1406 3571 1459 quos
3588 1391 3779 1446 obiter
3797 1408 3913 1446 saa-

2255 1477 2399 1532 viret
2431 1483 2660 1532 armata
2678 1494 2910 1532 manus.
2936 1478 3004 1532 Et
3026 1478 3250 1549 Scythae
3277 1478 3539 1548 quidem,
3570 1485 3627 1535 et
3649 1478 3748 1534 alii
3771 1480 3916 1536 bar-

2257 1566 2404 1635 bari,
2438 1570 2621 1621 totam
2643 1566 2951 1621 Thraciam
2974 1566 3287 1623 aDanubio
3313 1584 3496 1635 usque
3519 1569 3586 1623 ad
3604 1569 3911 1640 Proponti-

2256 1656 2388 1710 dem
2402 1671 2604 1710 secure
2628 1655 3062 1727 populabantur
3084 1656 3213 1727 :,ille
3234 1664 3428 1711 autem
3442 1658 3914 1715 eorumauditio-

2257 1761 2414 1812 nem,
2450 1760 2519 1799 ne
2552 1745 2792 1800 arrectis
2823 1746 3085 1816 quidem,
3123 1749 3187 1800 ut
3235 1745 3470 1814 dicitur,
3507 1748 3775 1812 auribus,
3810 1765 3916 1820 po-

2256 1838 2405 1889 terat
2434 1834 2721 1905 accipere;
2747 1835 2848 1889 sed
2883 1834 3167 1904 ineosqui
3185 1839 3352 1890 erant
3371 1836 3635 1905 ejusdem
3650 1837 3914 1908 generis.

500 1936 1134 2006 essejucundissimos,
1158 1935 1310 1990 hanc
1336 1951 1405 1990 ex
1430 1933 1613 2004 patria
1636 1935 1703 1988 ad
1722 1939 1779 1989 te
1803 1934 1973 1988 attuli
1993 1933 2149 1988 tuni-
2181 1955 2228 2019 Β
2259 1927 2318 2019 ei
2345 1924 2474 2019 e-jue
2503 1924 2765 2019 ditionis,
2797 1923 3124 2019 pietateque
3148 1940 3215 1979 ac
3245 1923 3524 2019 religione
3537 1925 3915 2019 clari,‘armis

498 2042 649 2093 cam,
682 2041 939 2097 rogoque
962 2030 1027 2079 ut
1058 2032 1117 2078 tu
1138 2040 1268 2079 eam
1284 2023 1562 2095 accipias,
1590 2039 1724 2091 ergo
1746 2038 1877 2078 vero
1904 2024 2017 2077 sim
2040 2027 2153 2077 tum

498 2114 922 2170 benedictionis
952 2113 1270 2184 particeps.
1306 2113 1359 2167 Is
1392 2117 1589 2166 autem
1617 2128 1746 2167 eam
1771 2112 2007 2183 quidem
2035 2110 2153 2181 pri-

497 2220 657 2257 mum
676 2203 1011 2273 jussitponi
1028 2203 1085 2257 in
1106 2201 1387 2257 subsellio
1409 2201 1650 2268 ;deinde
1667 2217 1799 2255 cum
1820 2199 1988 2254 multi
2008 2201 2150 2254 fuis-

498 2298 631 2350 sent
653 2292 1284 2362 interjectifsermones,
1316 2290 1540 2345 dixitse
1566 2289 1699 2360 angi
1720 2289 2153 2359 animo,utpote

498 2383 651 2453 quod
687 2382 761 2436 sit
789 2381 848 2436 in
882 2382 1030 2435 duas
1064 2385 1258 2451 partes
1291 2381 1478 2434 divisa
1540 2379 1814 2450 cogitatio
1847 2398 1861 2447 ;
1898 2378 1997 2433 illo
2046 2396 2151 2433 au-

502 2476 619 2526 tem
656 2475 894 2541 rogante
913 2486 1150 2524 causam
1178 2486 1189 2522 :
1216 2469 1477 2539 Semper,
1501 2467 1719 2538 inquit,
1744 2467 2021 2522 constitui
2046 2467 2151 2522 ha-

506 2562 642 2615 bere
671 2576 851 2614 unum
880 2558 1070 2614 solum
1103 2559 1201 2628 qui
1258 2573 1486 2612 mecum
1547 2557 1865 2624 habitaret;
1892 2557 2151 2627 mihique

506 2647 1353 2719 ipsihanclegemimposui,ut
1385 2646 1530 2700 mihi
1561 2645 1801 2700 omnino
1832 2646 2154 2713 denegatur

510 2740 761 2793 duorum
795 2736 971 2791 simul
1004 2735 1307 2790 habitatio.
1340 2736 1484 2790 Cum
1530 2751 1666 2805 ergo
1711 2752 1864 2789 unus
1917 2750 2149 2789 mecum

500 2828 626 2897 jam
660 2826 913 2881 sedecim
947 2825 1119 2880 annis
1151 2824 1505 2891 habitasset,
1531 2828 1587 2879 et
1618 2832 1769 2879 esset
1799 2823 1942 2878 mihi
1965 2823 2149 2887 cordi,

505 2914 747 2972 accessit
777 2912 1019 2985 quidam
1053 2929 1218 2968 meus
1268 2912 1641 2977 contribulis,
1673 2913 1873 2967 volens
1918 2927 2147 2966 mecum

503 3005 801 3075 habitare,
846 3007 902 3057 et
961 3018 1173 3073 rogans
1233 3006 1297 3056 ut
1325 3002 1436 3056 hoc
1468 3001 1581 3057 sibi
1630 3001 1822 3056 liceat.
1854 3001 1970 3055 Hoc
2003 3000 2147 3054 mihi

504 3097 760 3148 mentem
786 3090 1082 3156 distrahit,
1108 3091 1256 3145 duos
1281 3090 1437 3145 enim
1463 3089 1643 3145 simul
1668 3090 1879 3144 habere
1902 3106 2013 3144 non
2044 3106 2146 3160 pa-

500 3180 1045 3237 tiar.Contribulem
1079 3180 1236 3234 enim
1270 3178 1591 3250 amplector
1622 3186 1685 3233 ut
1715 3178 2100 3234 contribulem
2130 3196 2141 3233 :

500 3271 748 3343 priorem
778 3273 995 3336 autem,
1030 3273 1095 3323 ut
1117 3268 1217 3339 qui
1248 3268 1394 3322 mihi
1419 3268 1575 3322 cordi
1609 3268 1801 3334 fuerit,
1832 3265 2139 3337 expellere,

501 3366 558 3415 et
591 3374 763 3431 grave
794 3364 851 3414 et
898 3358 1170 3428 iniquum
1223 3357 1514 3411 existimo.
1550 3357 1650 3411 llle
1700 3373 1832 3411 vero
1867 3372 1880 3411 :
1916 3356 2144 3421 Merito,

504 3449 718 3519 inquit,
753 3466 785 3502 ο
812 3451 1002 3515 Pater,
1038 3462 1224 3517 neque
1255 3446 1411 3501 enim
1446 3448 1532 3501 fas
1563 3452 1651 3500 est
1684 3451 1744 3500 ut
1774 3462 1906 3500 eum
1941 3447 2041 3515 qui
2073 3446 2147 3500 ti-

505 3539 562 3594 bi
590 3538 842 3609 plurimo
858 3542 1114 3605 tempore
1138 3535 1397 3589 inserviit
1418 3537 1720 3597 amandos,
1736 3541 2015 3605 tanquam
2034 3551 2146 3588 non

505 3633 707 3699 aptum
734 3646 747 3695 ;
774 3642 908 3681 eum
943 3631 1135 3680 autem
1172 3626 1340 3694 cujus
1385 3640 1611 3679 morum
1654 3624 1917 3679 nondum
1963 3624 2146 3679 leeisti

502 3716 847 3789 periculum,
867 3719 1100 3786 propter
1114 3713 1297 3768 solam
1325 3714 1607 3767 admittas
1631 3715 1900 3785 patriam.
1920 3715 2001 3767 Ad
2027 3713 2146 3768 hmc

500 3807 735 3861 divinus
773 3804 1136 3875 Aphraates:
1172 3803 1295 3856 Non
1338 3801 1621 3873 accipiam
1673 3818 1833 3872 ergo,
1867 3801 2079 3871 inquit,
2110 3818 2142 3856 o

496 3897 583 3950 vir
612 3894 981 3957 admirande,
1027 3892 1178 3946 hanc
1224 3891 1525 3957 tunicam;
1558 3892 1706 3944 duas
1751 3891 1965 3945 habere
2026 3908 2141 3946 non

494 3984 700 4056 patiar.
739 3983 839 4036 Est
858 3983 1018 4036 enim
1051 3996 1182 4035 mea
1213 3980 1451 4050 quidem
1485 3978 1776 4033 sententia
1800 3980 2138 4049 jucundior,

494 4079 596 4127 tua
627 4087 759 4126 vero
793 4070 997 4124 melior
1019 4085 1085 4123 ea
1116 4084 1243 4138 qua:
1277 4067 1418 4121 mihi
1453 4070 1613 4121 tanto
1650 4072 1909 4137 tempore
1958 4068 2141 4123 inser-

490 4161 590 4215 vit.
620 4160 766 4215 Cum
788 4157 999 4213 callido
1030 4173 1165 4228 ergo
1190 4161 1521 4211 commento
1556 4156 1639 4210 sic
1682 4154 1988 4211 elussisset
2018 4163 2139 4212 An-

490 4250 801 4317 themium,
833 4252 890 4302 ct
921 4246 1141 4317 ingenii
1174 4245 1424 4300 solertia:
1463 4245 1825 4300 exhibuisset
1882 4246 2136 4301 miracu-

492 4340 636 4406 lum,
673 4337 962 4410 persuasit
994 4341 1056 4390 ut
1087 4352 1257 4390 nemo
1292 4334 1566 4405 deinceps
1597 4351 1729 4389 cum
1755 4352 1819 4389 eo
1843 4346 2037 4406 ageret
2068 4339 2138 4389 de

493 4430 593 4483 illa
624 4428 841 4483 tunica.
878 4427 995 4496 Ego
1030 4429 1225 4480 autem
1260 4424 1380 4479 haec
1415 4423 1609 4492 retuli,
1663 4423 1864 4480 Volens
1891 4425 2005 4479 duo
2054 4426 2134 4479 si-

493 4517 610 4573 mul
634 4517 977 4571 ostendere:
1015 4520 1072 4568 et
1094 4513 1248 4584 quod
1279 4515 1350 4567 ab
1382 4530 1497 4568 uno
1520 4514 1643 4568 solo
1675 4514 1960 4584 acceperit
1981 4516 2133 4585 quod

489 4605 747 4661 curando
770 4602 996 4674 corpori
1029 4602 1172 4657 satis
1195 4608 1337 4671 erat,
1362 4607 1419 4657 et
1450 4602 1605 4672 quod
1640 4606 1801 4656 tanta
1829 4605 1958 4672 ejus
2005 4605 2131 4657 fue-

2267 2012 2554 2068 utebatur.
2588 2012 2833 2068 Divinus
2864 2016 3060 2068 autem
3094 2013 3311 2084 populo
3346 2013 3582 2069 illorum
3615 2014 3913 2071 malorum

2263 2102 2514 2157 deflebat
2544 2102 3069 2173 importunitatem,
3112 2101 3452 2157 Davidicum
3494 2102 3639 2159 illud
3690 2120 3916 2162 canens

2263 2189 2584 2245 canticum:
2614 2190 2801 2260 Super
2827 2189 3074 2244 ﬂumina
3111 2189 3425 2261 Babylonis
3456 2189 3573 2245 illic
3612 2192 3910 2257 sedimus;

2262 2283 2317 2333 et
2348 2278 2635 2345 tlevimus,
2662 2280 2799 2333 dum
2835 2295 2940 2334 nos
2967 2280 3409 2334 recordaremur
3434 2281 3544 2348 tui,
3564 2281 3699 2335 Sion
3732 2283 3911 2353 (Psal.

2262 2366 2503 2437 cxxxvx).
2542 2366 2787 2437 Reliqua
2818 2374 3011 2422 autem
3061 2368 3274 2424 cantici
3304 2369 3388 2423 eis
3436 2385 3552 2425 non
3607 2371 3914 2427 convenie-

2262 2457 2424 2511 bant.
2460 2457 2779 2527 Aphraates
2809 2456 2990 2524 enim,
3024 2461 3083 2512 et
3136 2455 3474 2526 Flavianus,
3506 2464 3561 2514 et
3594 2459 3911 2531 Diodorus,

2262 2562 2377 2601 non
2409 2546 2883 2616 permiseruntut
2911 2547 3416 2617 suspenderentur
3443 2547 3503 2602 in
3535 2546 3917 2605 salicibusin-

2260 2640 2591 2690 strumenta
2621 2634 2897 2690 doctrinm
2923 2655 2937 2703 ;
2975 2651 3079 2690 nec
3110 2636 3284 2707 (820
3314 2638 3472 2708 passi
3506 2643 3648 2693 sunt
3677 2639 3912 2695 dicere:

2257 2732 2558 2796 Quomodo
2589 2731 2961 2787 cantabimus
3011 2734 3307 2790 canticum
3357 2734 3589 2790 Domini
3637 2736 3698 2791 in
3747 2742 3910 2793 terra

2258 2821 2448 2877 aliena
2482 2822 2654 2892 (Ρεαι.
2715 2821 2983 2889 cxxxv1)?
3011 2822 3120 2877 Sed
3157 2827 3214 2877 et
3244 2823 3304 2877 in
3357 2824 3681 2891 montibus,
3733 2832 3791 2881 et
3841 2827 3909 2882 in

2260 2911 2508 2981 campis,
2539 2916 2596 2965 et
2617 2911 2676 2964 iu
2710 2912 2871 2979 urbe,
2906 2916 2963 2965 et
2986 2912 3045 2965 in
3076 2912 3457 2978 suburbanis,
3491 2918 3548 2968 et
3577 2914 3634 2968 in
3654 2914 3910 2981 adibus,

2256 3005 2312 3053 et
2342 2999 2400 3054 in
2434 3000 2593 3066 foris,
2627 3000 2921 3055 canticum
2960 3000 3193 3056 Domini
3242 3002 3478 3057 assidue
3509 3004 3815 3058 canebant.
3861 3011 3912 3058 Α

2256 3087 2473 3143 Davide
2503 3089 2659 3143 enim
2694 3088 3286 3155 didicerant,Domini
3320 3095 3407 3146 est
3437 3097 3621 3162 terra,
3645 3098 3701 3147 et
3731 3092 3916 3163 pleni-

2258 3178 2401 3231 tudo
2432 3178 2583 3247 ejus,
2617 3178 2776 3232 orbis
2809 3184 3069 3246 terrae,et
3101 3195 3306 3234 omnes
3336 3181 3436 3251 qui
3461 3181 3729 3236 habitant
3756 3183 3813 3236 in
3837 3198 3911 3237 eo

2256 3267 2426 3336 (Psal.
2449 3270 2628 3326 xxiii).
2664 3270 2890 3322 Rursus
2920 3274 3116 3322 autem
3149 3269 3457 3324 audierant
3477 3271 3748 3325 eumdem
3777 3275 3917 3327 Pro-

2260 3354 2495 3425 phetam
2547 3355 2898 3410 clamantem
2952 3373 2964 3409 :
3016 3356 3345 3413 Benedicita
3393 3359 3657 3428 Domino,
3717 3361 3921 3416 omnia

2258 3461 2433 3515 opera
2455 3445 2603 3514 ejus,
2629 3445 2685 3498 in
2702 3445 2860 3500 omni
2875 3444 3000 3501 loco
3026 3446 3447 3503 dominationis
3461 3450 3917 3520 ejus(Psal.cu).

2255 3534 2620 3588 Audiverunt
2650 3538 2844 3589 autem
2877 3535 3141 3590 divinum
3166 3552 3398 3607 quoque
3430 3536 3674 3592 Paulum
3709 3538 3918 3609 praeci-

2257 3623 2512 3692 pientem
2547 3638 2713 3678 orare
2741 3622 2897 3678 viros
2930 3624 2989 3678 in
3022 3625 3183 3679 omni
3215 3624 3363 3694 loco,
3396 3624 3664 3682 tollentes
3696 3643 3915 3684 manus

2255 3718 2489 3766 sanctas
2529 3712 2754 3782 absque
2814 3712 2901 3767 ira
2931 3718 2988 3768 et
3037 3713 3609 3786 disceptationibus(l
3651 3718 3782 3771 Tim.
3818 3717 3907 3788 η).

2252 3813 2427 3866 Porro
2450 3814 2646 3865 autem
2678 3811 2805 3881 ipse
2826 3827 3058 3882 quoque
3084 3812 3623 3883 Dominusloquens
3650 3831 3781 3869 cum
3801 3818 3912 3870 Sa-

2253 3899 2546 3953 maritana
2564 3899 2671 3954 hoc
2685 3901 2949 3971 praedixit
2971 3901 3230 3971 apertius
3258 3919 3270 3957 :
3294 3904 3476 3957 Amen
3501 3902 3906 3974 enim,inquit,

2252 3987 2495 4042 dicotibi
2531 3988 2929 4057 mulier,venit
2958 3990 3122 4059 hora,
3155 3998 3213 4045 et
3242 4008 3399 4046 nunc
3430 3993 3783 4063 est,quando
3802 4009 3905 4048 ne-

2250 4093 2363 4149 que
2396 4077 2453 4131 in
2485 4076 2611 4132 loco
2644 4078 2771 4144 hoc,
2811 4096 2999 4149 neque
3034 4079 3440 4151 Jerosolymis,
3476 4081 3576 4136 sed
3637 4081 3694 4135 in
3737 4084 3905 4137 omni

2248 4167 2374 4223 loco
2407 4168 2739 4223 adorabunt
2769 4169 2994 4225 Patrem
3030 4172 3306 4241 (Joan.v).
3340 4171 3467 4226 ch
3499 4172 3904 4227 cumdidicis-

2249 4262 2401 4321 sent,
2434 4263 2491 4311 et
2523 4258 2581 4311 in
2614 4258 2808 4326 domn,
2843 4263 2897 4312 et
2930 4258 2985 4311 in
3040 4260 3182 4324 l'oro,
3217 4266 3295 4327 et,
3341 4264 3404 4313 ut
3436 4260 3755 4330 apostolice
3807 4261 3898 4315 di-

2248 4361 2399 4411 cam,
2433 4346 2663 4416 publice
2692 4352 2748 4402 et
2781 4364 2879 4417 per
2910 4348 3115 4402 domos
3135 4350 3904 4419 perpetuotestilicabantur

2248 4435 2383 4503 (Act.
2409 4436 2501 4505 xx)
2525 4455 2538 4502 ;
2565 4443 2621 4489 et
2640 4435 2816 4490 veluti
2835 4438 3072 4506 quidam
3100 4438 3565 4507 praestantissimi
3593 4441 3906 4510 imperato-

2245 4539 2359 4589 res,
2392 4541 2531 4578 suos
2563 4525 2800 4594 quidem
2820 4525 3150 4590 armabant,
3168 4528 3537 4581 adversarios
3555 4534 3746 4583 autem
3763 4545 3903 4583 con-

2244 4612 2754 4682 fodiebant.Atque
2778 4629 3058 4684 magnum
3084 4614 3319 4684 quidem
3343 4614 3705 4683 Flavianum,
3727 4623 3784 4671 et
3807 4616 3903 4670 di-

489 4697 565 4749 rit
594 4692 903 4765 sapientia,
940 4696 1004 4746 ut
1031 4691 1289 4746 effecerit
1321 4696 1382 4745 ut
1407 4691 1505 4762 qui
1540 4691 1781 4761 rogabat
1813 4696 1875 4746 ut
1905 4691 2132 4763 accipe-
2166 4696 2212 4759 D
2244 4702 2445 4756 vinum
2469 4702 2861 4768 Theodorum,
2897 4703 2994 4773 qui
3022 4707 3160 4757 tunc
3193 4704 3305 4757 sub
3336 4704 3449 4759 alio
3480 4705 3817 4775 pascebant,
3843 4712 3906 4762 et

488 4789 595 4853 ret,
628 4782 976 4838 sententiam
1011 4780 1207 4835 tulerit
1245 4797 1379 4834 eum
1434 4797 1545 4835 non
1595 4781 1804 4835 debere
1852 4782 2134 4851 accipere.

488 4874 599 4928 Sed
633 4873 727 4947 his
760 4876 964 4942 etquae
998 4874 1139 4924 sunt
1196 4868 1544 4938 hujusmodi
1593 4868 1831 4937 relictis,
1881 4871 2133 4925 narrabo

492 4964 742 5032 majora.

558 5067 1099 5123 CumJulianusDeo
1132 5066 1381 5120 infestus
1403 5066 1457 5119 in
1493 5066 1872 5120 barbarorum
1902 5066 2133 5137 regione

488 5174 688 5229 poenas
702 5153 1311 5225 dedissetimpietatis,
1325 5170 1413 5209 res
1434 5154 1673 5225 quidem
1700 5155 1857 5208 fuere
1894 5171 2131 5224 parum-

486 5262 589 5317 per
614 5243 1050 5313 tranquilliores
1074 5241 1326 5297 alumnis
1352 5243 1605 5312 pietalis,
1639 5242 2131 5297 cumJovinianus

484 5333 802 5402 accepisset
815 5331 973 5387 clavu
986 5348 1040 5384 m
1062 5331 1307 5385 Romani
1322 5331 1399 5384 im
1412 5332 1552 5402 perii
1576 5349 1586 5383 ε
1608 5337 1773 5402 postq
1786 5349 1915 5385 unm
1936 5336 2128 5386 autem

483 5424 579 5478 hic
610 5438 864 5492 quoque,
896 5437 1030 5474 cum
1066 5436 1236 5490 parvo
1263 5426 1523 5490 tempore
1556 5426 1877 5490 regnasset,
1905 5422 2129 5490 accepit

483 5513 657 5565 finem
691 5509 839 5571 vitae,
870 5507 1084 5562 Valens
1118 5512 1310 5562 autem
1330 5509 2121 5579 accepitprincipatum,pro-

487 5599 641 5655 cellae
657 5604 714 5653 et
727 5602 1103 5666 tempestates
1122 5612 1325 5650 rursus
1346 5613 1503 5650 mare
1521 5602 1787 5651 nostrum
1802 5598 2029 5667 agitaba
2042 5604 2125 5651 nt.

486 5688 794 5760 gravisque
819 5686 1029 5739 ﬂuctus
1052 5686 1434 5752 excitabatur,
1452 5691 1506 5739 et
1524 5686 1690 5740 undae
1716 5685 2122 5742 maximaesca-

486 5780 662 5850 pham
689 5773 1340 5844 undiqueimpetebant.
1362 5775 1661 5829 Etliciebat
1688 5780 1878 5828 autem
1905 5776 2124 5843 gravio-

2247 4790 2507 4844 sccunda
2527 4790 2804 4845 cathedra
2827 4791 2987 4861 digni
3009 4791 3394 4860 eranthabiti,
3419 4793 3541 4847 haec
3566 4793 3751 4849 facere
3773 4810 3902 4863 qum

2245 4879 2387 4947 dixi,
2419 4885 2476 4934 et
2500 4880 2910 4934 admirandam
2932 4881 3170 4951 quidem
3203 4889 3315 4945 est,
3341 4887 3397 4937 et
3420 4882 3593 4938 laude
3622 4884 3900 4953 dignum:

2244 4979 2345 5033 sed
2378 4983 2574 5033 tamen
2600 4978 2718 5033 haec
2752 4979 3060 5047 faciebant,
3088 4995 3223 5033 cum
3258 4986 3458 5035 essent
3488 4979 3653 5036 electi
3677 4983 3901 5036 exerci-

2242 5068 2356 5121 tusi
2371 5072 2755 5137 mperatores,
2773 5072 2829 5120 et
2843 5067 3095 5135 subjecti
3114 5067 3344 5137 legibus
3360 5069 3775 5139 imperatoriis.
3794 5070 3900 5125 Sa-

2243 5156 2650 5226 pientissimus
2683 5160 2875 5209 autem
2906 5155 3231 5225 Apbraates
3266 5174 3376 5212 sua
3405 5163 3615 5229 sponte
3645 5160 3717 5213 ad
3772 5159 3899 5215 haec

2243 5243 2843 5315 prosiluitcertamina
2872 5261 2884 5310 ;
2904 5245 2959 5298 in
2990 5246 3182 5314 quiete
3197 5246 3670 5315 enimeducatus,
3687 5253 3895 5304 etcum

2241 5336 2369 5404 ejus
2404 5334 2743 5388 institutum
2777 5338 2933 5387 esset
2966 5350 3064 5403 per
3094 5352 3155 5390 se
3183 5335 3462 5401 vivere,et
3491 5344 3652 5392 extra
3680 5337 3779 5392 teli
3802 5339 3901 5408 ja~

2238 5429 2394 5477 ctum
2430 5423 2680 5488 sederet,
2716 5427 2779 5476 ut
2803 5422 3040 5491 dicitur,
3075 5440 3205 5478 cum
3234 5424 3485 5480 vidisset
3528 5425 3663 5480 belli
3718 5426 3904 5482 vehe-

2238 5513 2540 5585 mentiam,
2578 5529 2691 5565 non
2735 5510 2815 5565 illi
2846 5511 3064 5581 placuit
3091 5514 3245 5583 quod
3283 5518 3441 5568 esset
3483 5530 3749 5580 securus,
3792 5517 3900 5571 sed

2237 5601 2492 5672 quietem
2516 5601 2735 5670 jubens
2756 5599 2944 5654 valere
2972 5601 3043 5654 ad
3063 5604 3560 5673 tempus,piorum
3588 5603 3908 5675 phalangis

2238 5691 2415 5745 fuitin
2435 5706 2631 5761 pugna
2645 5689 2938 5760 princeps,
2969 5689 3180 5745 feriens
3203 5691 3443 5761 quidem
3466 5696 3523 5746 et
3542 5692 3664 5746 vita
3681 5698 3738 5747 et
3768 5710 3902 5749 ser-

2237 5797 2408 5836 mone
2438 5784 2495 5833 et
2528 5778 2991 5848 miraculis,ipse
3023 5784 3222 5834 autem
3258 5796 3555 5850 nunquam
3573 5797 3898 5851 percussus
