4180 6338
240 414 318 468 53

1390 416 1867 483 PHILOTHEUS,
1910 430 2034 472 SIVE
2070 422 2543 481 THEOPHILES.
3602 425 3674 479 5’1

240 539 582 606 Quinetiam
599 540 1071 613 cumimperator
1092 541 1252 597 omni
1276 555 1343 596 ex
1360 540 1900 613 partestultuseum
1932 544 1986 610 Α
2016 546 2232 617 Sparsa
2262 554 2351 604 est
2378 554 2572 606 autem
2606 550 2758 604 fama
2790 565 2892 621 per
2911 552 3091 604 totam
3124 549 3443 615 civitatem,
3468 548 3673 620 quales

238 630 574 700 aliquando
596 630 1157 686 vidissetexeuntem
1172 630 1230 685 in
1245 632 1619 703 gymnasium
1639 630 1913 686 bellicum

239 721 605 792 (contigerat
643 722 805 776 enim
849 727 912 775 ut
947 728 1087 777 tunc
1127 722 1245 777 illic
1286 728 1786 793 congregarentur
1817 722 1914 790 qui

238 815 417 865 erant
452 810 560 864 rite
592 811 937 866 venerandae
970 812 1277 867 Trinitatis
1309 812 1495 881 socii),
1529 812 1790 866 ostendit
1814 826 1914 866 au'

242 903 368 954 tem
390 900 529 970 quis
550 916 685 953 eum
712 901 781 954 ad
808 900 999 971 ripam
1019 900 1177 955 ﬂuvii
1201 900 1603 956 ambulantem
1625 900 1913 971 spectanti

239 990 616 1060 imperatori,
652 992 873 1060 rogavit
903 1007 1039 1045 eum
1071 1006 1329 1061 quonam
1368 992 1651 1046 tenderet.
1687 991 1828 1046 Cum
1861 990 1910 1045 is

240 1087 447 1138 autem
479 1082 732 1139 dixisset
762 1100 824 1138 se
848 1085 931 1139 ire
949 1084 1327 1155 deprecatum
1352 1101 1454 1154 pro
1468 1088 1758 1139 terrarum
1773 1084 1910 1138 orbe

240 1176 300 1227 et
323 1189 430 1243 pro
457 1172 729 1243 imperio,
755 1190 963 1229 rursus
987 1175 1293 1245 respondit
1313 1175 1659 1244 imperator:
1688 1175 1755 1228 Et
1772 1190 1911 1245 qua-

242 1278 388 1316 nam
422 1262 497 1317 de
526 1278 706 1318 causa
733 1264 913 1318 vitam
946 1265 1232 1335 proﬁtens
1264 1264 1675 1331 monasticam,
1706 1280 1910 1319 secure

240 1368 351 1423 per
382 1352 580 1407 forum
611 1352 937 1424 ingrederis
962 1354 1096 1423 (33),
1131 1353 1365 1409 silentio
1388 1358 1445 1408 et
1465 1354 1659 1425 quiete
1676 1352 1910 1407 relicta?

240 1439 353 1495 Ille
378 1445 580 1495 autem
608 1441 855 1512 (solebat
873 1442 1028 1497 enim
1051 1441 1647 1511 Dominumimitans,
1668 1441 1909 1512 parabo.

238 1528 358 1584 lice
390 1531 753 1602 ratiocinari)
783 1548 794 1585 :
821 1531 924 1587 Dic
948 1532 1114 1599 mihi,
1135 1532 1348 1603 inquit,
1380 1534 1718 1603 imperator,
1752 1532 1797 1587 si
1823 1548 1911 1587 es-

240 1636 380 1675 sem
428 1620 594 1691 virgo
637 1622 925 1676 absconsa
956 1622 1015 1675 in
1062 1620 1343 1689 thalamo,
1389 1621 1665 1676 vidissem
1711 1626 1906 1676 autem

243 1708 512 1779 aliquem
544 1710 602 1764 in
634 1711 879 1765 domum
904 1716 1085 1782 patris
1118 1711 1312 1781 ignem
1343 1710 1732 1780 injicientem,
1765 1710 1905 1780 quid

245 1798 398 1853 mihi
414 1799 823 1855 consuluisses
838 1800 1044 1855 facere.
1062 1800 1278 1855 videnti
1294 1800 1587 1854 ﬂammam
1604 1800 1905 1854 ardentem

2025 636 2225 692 infelix
2278 638 2374 692 ille
2422 638 2595 693 luerit
2643 655 2842 708 pcenas
2888 636 3255 693 contumeliae
3304 654 3434 707 quae
3479 638 3673 695 aﬂ'ecit

2021 727 2395 797 Aphraatem,
2430 742 2750 798 omnesque
2781 727 2964 781 Deum
3011 725 3325 796 Aphraatis
3368 728 3668 798 perpetuis

2022 816 2394 872 celebrabant
2412 816 2706 871 laudibus.
2732 822 2869 881 Hoc,
2894 815 3001 870 etsi
3026 816 3312 871 instarent
3328 816 3665 883 adversarii,

2022 906 2251 960 obstitit
2281 922 2396 975 quo
2445 907 2641 959 minus
2687 905 2861 960 homo
2893 905 3038 960 82]
3091 906 3192 960 Dei
3232 904 3563 960 mitteretur
3605 905 3666 960 in

2022 995 2315 1050 exsilium.
2350 996 2671 1065 Imperator
2700 995 2856 1048 enim
2903 993 3265 1063 perterritus,
3299 1009 3397 1048 eos
3427 994 3666 1065 quidem

2021 1088 2120 1155 qui
2152 1084 2272 1139 haec
2304 1084 2631 1139 suadebant
2663 1083 3060 1151 aversabatur,
3106 1083 3295 1138 virum
3338 1088 3534 1140 autem
3583 1099 3669 1139 re-

2019 1175 2342 1229 verebatur.

2090 1283 2265 1337 Porro
2281 1283 2475 1337 autem
2506 1279 2744 1335 aliunde
2760 1296 2992 1352 quoque
3005 1281 3133 1351 ejus
3146 1280 3419 1336 virtutem
3439 1279 3666 1335 didicit.

2019 1370 2220 1442 Equus
2241 1368 2481 1440 quidam
2514 1368 2665 1423 bone
2687 1383 2897 1439 genere
2920 1372 3116 1434 natus,
3138 1370 3196 1422 et
3218 1370 3450 1438 portare
3472 1367 3668 1438 appri-

2021 1475 2111 1514 me
2142 1460 2369 1523 doctus,
2402 1460 2526 1512 erat
2575 1456 2911 1527 imperatori
2945 1455 3373 1511 charissimus:
3426 1456 3666 1511 morbus

2022 1548 2257 1619 quidam
2273 1544 2918 1617 quieiaccideratmale
2946 1544 3201 1599 habebat
3229 1543 3664 1615 imperatorem,

2019 1638 2381 1692 retinebatur
2407 1640 2601 1690 autem
2632 1634 3014 1689 humidorum
3050 1637 3549 1689 excrementorum
3576 1648 3667 1688 ex-

2018 1728 2217 1793 cretio;
2234 1726 2303 1779 ad
2321 1741 2453 1780 eum
2470 1724 2794 1779 curandum
2810 1722 3365 1794 accersebanturqui
3380 1722 3438 1776 in
3459 1723 3565 1778 hac
3578 1740 3665 1777 ar-

2016 1822 2073 1873 te
2092 1818 2313 1871 fuerant
2328 1813 2621 1869 exercitati
2634 1816 2731 1867 .Cu
2743 1829 2795 1867 m
2810 1829 2876 1869 ea
2893 1816 3091 1867 autem
3105 1816 3259 1867 esset
3269 1811 3444 1867 etiam
3463 1811 3663 1866 morbo

242 1894 306 1943 εί
337 1889 584 1943 domum
614 1906 738 1959 (μιίὲ
769 1890 1157 1957 comburitur:
1189 1889 1428 1944 imusne
1460 1889 1683 1952 εθάθτθν
1711 1894 1769 1943 εδ
1803 1889 1902 1943 do‘
1938 1912 1983 1976 B
2013 1906 2275 1973 inferior,
2297 1906 2616 1976 imperator
2632 1904 2867 1975 quidem
2886 1901 3553 1969 molestiaafﬁriebatur;
3579 1900 3661 1955 la-

245 1995 416 2033 mum
454 1996 584 2050 qua
614 1984 908 2035 crematur
928 1980 1268 2052 despicere?
1290 1980 1401 2035 Sed
1433 1980 1517 2035 sic
1539 1995 1644 2051 ego
1673 1995 1905 2050 quoque

245 2067 498 2123 fuissem
515 2074 864 2139 consumpta
882 2071 952 2124 ab
968 2070 1256 2125 incendio.
1273 2070 1371 2124 Sin
1386 2073 1583 2125 autem
1602 2070 1749 2124 dicis
1767 2086 1905 2141 opo-

244 2161 373 2212 tere
401 2174 740 2229 properare,
773 2175 988 2230 aquam
1039 2160 1207 2224 ferre,
1239 2163 1297 2214 et
1326 2159 1745 2230 susquedeque
1772 2175 1906 2213 cur-

249 2264 401 2312 rere,
430 2248 833 2319 ﬂammaeque
855 2248 1226 2319 exstinguere
1251 2266 1264 2316 ;
1289 2265 1359 2304 ne
1378 2265 1470 2305 me
1493 2249 1905 2320 reprehendas,

249 2354 283 2392 ο
318 2338 660 2408 imperator,
683 2338 731 2392 si
750 2338 805 2392 id
832 2339 1028 2407 ipsum
1056 2339 1222 2394 facio.
1247 2340 1404 2403 Quod
1429 2338 1582 2393 enim
1610 2344 1672 2393 tu
1697 2355 1910 2393 consu-

249 2426 440 2482 lueris
476 2427 689 2499 virgini
724 2445 850 2499 quaa
870 2435 959 2483 est
981 2429 1041 2483 in
1063 2429 1342 2499 thalamo,
1366 2429 1475 2484 hoc
1493 2445 1597 2499 ego
1629 2444 1806 2499 cogor
1827 2428 1909 2482 fa-

253 2532 390 2571 cere
422 2517 526 2587 qui
557 2516 737 2571 vitam
763 2533 892 2571 sum
919 2518 1221 2588 professus
1243 2517 1652 2572 monasticam.
1678 2517 1839 2579 Quod
1864 2514 1912 2571 si

249 2609 315 2660 tu
342 2620 436 2661 me
463 2606 844 2676 reprehendis
862 2606 962 2677 qui
993 2607 1250 2675 quietem
1280 2606 1911 2677 reliquerim,teipsum

251 2695 626 2766 reprehende
660 2696 759 2766 qui
794 2696 941 2751 hanc
963 2696 1262 2751 ﬂammam
1289 2698 1346 2750 in
1378 2698 1617 2751 domum
1653 2696 1910 2750 divinam

253 2784 573 2855 injeceris;
607 2789 664 2840 et
694 2802 809 2840 non
842 2802 954 2851 me,
989 2786 1087 2857 qui
1121 2802 1301 2841 conor
1334 2787 1723 2856 exstinguere.
1749 2785 1911 2850 Quod

251 2875 419 2929 enim
433 2878 884 2945 oporteatopem
902 2875 1047 2930 ferre
1061 2875 1261 2930 domui
1294 2880 1545 2945 paterna:
1562 2891 1689 2945 quae
1703 2874 1913 2942 uritur,

249 2964 381 3034 ipse
398 2979 558 3034 quoq
571 2980 638 3017 ue
655 2962 1041 3018 conﬁteberis.
1058 2964 1220 3028 Quod
1240 2968 1433 3018 autem
1459 2963 1610 3018 Deus
1634 2962 1711 3017 sit
1727 2963 1917 3034 magis

257 3069 439 3108 verus
472 3058 531 3107 et
560 3068 878 3123 germanus
908 3057 1077 3108 Pater
1094 3069 1272 3123 quam
1305 3052 1342 3105 ii
1364 3053 1464 3124 qui
1488 3057 1626 3108 sunt
1650 3053 1708 3106 in
1740 3058 1915 3114 terra,

252 3148 347 3197 est
370 3141 563 3197 cuivis
595 3146 887 3213 apertum,
920 3143 1093 3197 etiam
1128 3142 1229 3213 qui
1255 3142 1430 3197 rebus
1453 3141 1667 3196 divinis
1692 3158 1803 3197 non
1828 3146 1917 3195 est

2016 1995 2393 2052 mentabatur
2414 1998 2611 2048 autem
2626 1993 2677 2047 is
2690 1992 2778 2047 cui
2794 2008 3074 2063 equorum
3091 2008 3231 2045 cura
3246 1992 3434 2046 fuerat
3448 1990 3666 2045 credita

2017 2087 2161 2141 Cum
2195 2088 2351 2139 esset
2371 2086 2561 2138 autem
2579 2083 2711 2153 pius
2725 2086 2781 2136 et
2808 2082 2921 2135 fide
2934 2080 3062 2135 firm
3074 2096 3162 2149 us,
3180 2080 3236 2133 in
3255 2070 3668 2133 meridievenit

2020 2192 2133 2230 una
2149 2190 2279 2229 cum
2295 2189 2441 2243 equo
2458 2172 2525 2226 ad
2542 2170 2858 2242 magniAph
2870 2170 3047 2225 raatis
3060 2168 3523 2223 habitaeulumet
3538 2184 3668 2223 cum

2018 2263 2288 2321 morbum
2322 2261 2583 2329 dixisset,
2605 2260 2847 2316 etﬁdem
2874 2274 3042 2315 suam
3057 2256 3669 2330 signiﬁcasset,oravit

2020 2356 2085 2407 ut
2116 2350 2364 2406 solveret
2395 2350 2664 2405 morbum
2698 2349 2823 2403 suis
2854 2347 3143 2419 precibus.
3169 2345 3275 2401 Ille
3299 2351 3494 2401 autem
3522 2344 3664 2400 nihil

2020 2444 2353 2507 cunctatus,
2388 2439 2484 2492 sed
2509 2438 2705 2491 statim
2732 2438 2916 2492 Deum
2941 2435 3431 2508 precatus,jussit
3457 2450 3670 2506 aquam

2021 2530 2244 2586 hauriri
2269 2544 2335 2582 ex
2370 2531 2542 2598 puteo
2567 2546 2580 2593 ;
2607 2530 2663 2582 et
2691 2542 2825 2580 cum
2850 2526 2901 2579 ei
2924 2524 3201 2580 salutaris
3223 2524 3415 2578 crucis
3437 2523 3669 2592 signum

2024 2617 2621 2691 imposuisset,jussit
2642 2634 2771 2672 eam
2789 2617 2857 2671 ad
2882 2632 3097 2687 equum
3134 2614 3337 2669 afferre
3363 2631 3375 2669 :
3402 2614 3450 2669 is
3474 2619 3669 2669 autem

2024 2709 2171 2765 bibit
2200 2708 2331 2781 plus
2352 2724 2523 2777 quam
2550 2710 2949 2762 consueverat.
2977 2705 3190 2760 Deinde
3212 2720 3345 2759 cum
3365 2702 3558 2759 oleum
3583 2702 3671 2757 di-

2022 2794 3253 2868 vinainvocationeimplessetbenedictione
3266 2792 3399 2865 equi
3414 2796 3672 2847 ventrem

2024 2886 2277 2958 inungit,
2302 2889 2360 2941 et
2392 2901 2598 2940 manus
2616 2884 3067 2939 contrectatione
3092 2883 3286 2938 statim
3320 2882 3562 2937 morbus
3584 2885 3675 2937 est

2026 2975 2314 3032 sublatus.
2341 2975 2531 3029 Laetus
2558 2988 2695 3045 ergo
2728 2974 2901 3028 homo
2933 2988 3083 3043 equo
3115 2974 3374 3042 accepto,
3415 2970 3677 3025 cucurrit

2026 3066 2095 3120 ad
2111 3061 2695 3133 stabulum.Vespere
2710 3060 3159 3131 autem(solebat
3173 3060 3327 3116 enim
3344 3064 3528 3115 eotem
3540 3075 3677 3131 pore

2026 3152 2221 3209 venire
2253 3153 2322 3207 ad
2351 3152 2651 3207 stabulum
2674 3150 3014 3222 imperator)
3036 3151 3194 3204 venit
3215 3153 3273 3204 et
3295 3148 3675 3221 interrogavit

246 3233 498 3288 οωηίοο
533 3231 821 3287 ίηίῖίδιυεο
856 3232 1010 3286 Nihil
1044 3248 1180 3301 ergo
1214 3233 1540 3287 absurdum
1581 3231 1850 3297 facimus:
1884 3248 1916 3286 0
1956 3308 1988 3315 _
2028 3242 2522 3315 quomodoequus
2540 3241 3143 3296 sehaberet.lsautem
3160 3244 3680 3295 cumetsanumes-

249 3325 601 3395 imperator,
635 3339 824 3393 neque
852 3328 1037 3393 empto
1072 3328 1270 3378 nostro
1301 3328 1357 3377 et
1385 3322 1656 3377 instituto
1684 3327 1913 3376 contra-

2033 3349 2093 3389 se
2110 3332 2524 3403 significasset,
2539 3336 2596 3387 et
2616 3347 2833 3402 equum
2854 3330 3168 3394 valentem,
3191 3334 3247 3385 et
3263 3329 3675 3400 exsultantem,

252 3413 437 3478 rium,
478 3412 525 3466 si
560 3428 704 3466 verte
751 3411 1055 3483 religionis
1101 3412 1374 3466 alumnos
1406 3428 1835 3484 congregamus
1866 3416 1923 3466 et

260 3502 589 3574 pascimus,
614 3505 671 3556 et
691 3501 774 3557 eis
793 3502 1036 3556 herbam
1057 3501 1313 3556 divinam
1339 3501 1704 3556 exhibemus.
1725 3501 1822 3556 His
1839 3500 1921 3554 di-

264 3593 403 3657 ctis,
438 3592 760 3662 imperator
784 3591 1019 3663 quidem
1044 3593 1215 3647 tacite
1238 3591 1689 3658 assentiebatur,
1727 3591 1920 3647 consi-

271 3682 494 3736 derans
516 3682 744 3751 justam
777 3679 1197 3736 defensionem.

349 3804 511 3860 Unus
532 3807 727 3859 autem
750 3820 819 3859 ex
847 3803 921 3859 iis
952 3803 1052 3874 qui
1076 3819 1181 3859 nec
1203 3803 1308 3858 viri
1331 3807 1644 3860 censentur
1664 3821 1769 3861 nec
1792 3821 1923 3860 mu-

268 3896 471 3962 lieres,
505 3895 604 3950 sed
639 3911 812 3966 posse
844 3911 1103 3966 unquam
1129 3898 1325 3966 patres
1358 3895 1480 3951 ﬁeri
1512 3896 1593 3951 eis
1612 3900 1702 3952 est
1724 3897 1927 3951 adem-

273 3991 472 4058 ptum,
502 3991 560 4040 et
586 3985 694 4040 hac
716 3986 788 4040 de
810 4001 989 4041 causa
1004 3990 1320 4041 censentur
1341 3987 1485 4041 bene
1512 3986 1659 4042 velle
1684 3987 1928 4058 impera-

276 4076 415 4145 tnri,
449 4078 507 4129 et
535 4074 584 4128 ei
624 4074 785 4145 loqui
826 4075 1208 4141 confidenter,
1262 4075 1313 4129 is
1344 4092 1411 4129 ex
1459 4074 1583 4130 loco
1627 4075 1927 4148 superiore

275 4164 547 4219 divinum
577 4164 768 4218 virum
801 4162 1060 4218 convicio
1091 4168 1179 4218 est
1204 4163 1546 4229 insectatus,
1588 4168 1643 4219 et
1679 4169 1925 4219 mortem

278 4252 631 4322 minitatus;
663 4253 762 4307 sed
788 4269 901 4307 non
934 4252 1018 4307 ita
1048 4252 1144 4307 diu
1179 4258 1311 4323 post
1339 4270 1537 4325 pinnas
1560 4252 1668 4308 luit
1685 4270 1802 4309 suae
1825 4270 1926 4308 au.

276 4343 486 4398 dacize.
514 4341 657 4397 Nam
690 4358 824 4396 cum
855 4340 1029 4397 vellet
1057 4341 1375 4412 imperator
1403 4358 1616 4414 corpus
1646 4342 1837 4398 lavare
1870 4344 1927 4397 in

282 4430 515 4499 balneo,
539 4429 1035 4501 accessitquidem
1059 4430 1527 4502 misertanquam
1542 4432 1755 4487 solium
1771 4433 1927 4487 visu-

282 4540 389 4578 rus
406 4539 479 4576 an
501 4522 647 4577 bene
669 4526 826 4576 esset
843 4526 1245 4594 temperatum,
1271 4526 1465 4577 mente
1484 4527 1678 4578 autem
1703 4526 1930 4594 captus,

282 4610 519 4665 insiluit
535 4611 590 4666 in
610 4610 845 4680 solium,
862 4612 1016 4682 quod
1032 4627 1243 4683 aquam
1268 4611 1515 4667 calidam
1534 4611 1929 4668 minimetem-

2031 3422 2529 3492 hinnientemque,
2548 3420 2829 3476 etcollum
2852 3420 3101 3492 superbe
3113 3419 3429 3491 erigentem
3445 3419 3511 3473 ed
3524 3419 3677 3474 uxis-

2031 3518 2138 3579 set,
2174 3513 2397 3586 rogavit
2425 3529 2559 3567 eum
2592 3528 2828 3568 causam
2862 3511 3150 3567 sanitatis.
3182 3510 3288 3566 Ubi
3322 3514 3516 3565 autem
3576 3508 3675 3564 diu

2034 3609 2341 3660 cunctatus
2357 3603 2846 3666 (verebaturenim
2863 3604 3168 3657 ostendere
3183 3599 3473 3657 medicum
3487 3600 3679 3656 sciens

2035 3710 2168 3751 eum
2191 3694 2289 3765 qui
2322 3694 2565 3764 rogabat
2594 3708 2721 3748 esse
2744 3692 2791 3747 ei
2820 3692 3163 3758 infensum),
3204 3691 3441 3745 tandem
3474 3706 3675 3745 verum

2036 3787 2274 3839 coactus
2296 3786 2386 3838 est
2407 3783 2618 3850 dicere,
2644 3786 2699 3835 et
2717 3780 2916 3835 docuit
2938 3781 3176 3835 modum
3198 3778 3538 3834 curationis.
3560 3778 3676 3834 Ob-
3714 3780 3719 3785 “

2036 3872 2263 3943 slupuit
2285 3870 2520 3943 quidem
2542 3870 2880 3943 imperator,
2904 3869 3275 3924 etconfessus
3291 3871 3381 3923 est
3400 3883 3533 3922 eum
3554 3882 3681 3921 esse

2036 3963 2224 4017 virum
2242 3959 2672 4025 admirabilem,
2694 3976 2797 4015 nec
2818 3969 3011 4013 tamen
3035 3975 3066 4013 a
3085 3958 3273 4030 priore
3291 3955 3681 4011 destititinsa-

2040 4054 2156 4117 nia,
2178 4052 2275 4106 sed
2299 4052 2547 4122 perrexit
2564 4051 2618 4104 fu
2630 4065 2752 4105 rere
2772 4048 3053 4103 adversus
3073 4045 3479 4117 Unigenitum,
3498 4045 3681 4099 donec

2039 4159 2071 4198 a
2094 4140 2395 4196 barbarico
2419 4140 2529 4194 fuit
2550 4139 2683 4210 igne
2705 4140 3116 4207 consumptus,
3141 4152 3211 4191 ne
3229 4133 3532 4207 sepultura
3551 4133 3681 4204 qui-

2041 4234 2170 4287 dem
2194 4247 2309 4301 qua
2332 4227 2534 4283 famuli
2558 4227 2645 4282 vel
2672 4226 2944 4293 mendici,
2969 4227 3265 4297 dignatus.
3296 4223 3538 4279 Divinus
3578 4239 3681 4277 au-

2040 4324 2156 4375 tem
2200 4321 2471 4390 Aprantes
2502 4321 2556 4373 et
2597 4316 2655 4370 in
2698 4315 2801 4369 illa
2834 4318 3183 4385 tempestate
3232 4329 3401 4368 suam
3434 4311 3686 4366 estendit

2040 4411 2335 4477 virtutem,
2361 4413 2417 4463 et
2434 4407 2662 4461 reddita
2690 4404 3117 4475 tranquillitate
3144 4402 3275 4457 fecit
3297 4417 3529 4474 quoque
3547 4417 3688 4455 con—

2042 4499 2332 4555 similiter.
2364 4501 2539 4551 Porro
2573 4498 2765 4551 autem
2800 4493 2913 4548 alia
2958 4508 3190 4564 quoque
3235 4488 3519 4546 miracula
3556 4489 3690 4543 fecit

2043 4586 2499 4643 innumerabilia
2514 4601 2765 4657 quorum
2788 4582 2964 4637 unius
2980 4582 3322 4637 velduorum
3343 4579 3686 4634 meminero.

282 4706 551 4773 peratam
586 4699 961 4768 continebat;
992 4705 1050 4756 et
1091 4718 1225 4756 cum
1256 4700 1455 4756 nullus
1493 4702 1727 4757 adesset
1774 4702 1933 4757 intus
1968 4684 2011 4746 Ῑ)
2114 4694 2319 4750 Mulier
2338 4694 2600 4763 quaedam
2625 4706 2835 4763 genere
2852 4686 3438 4755 nobilis,simulcum
3458 4684 3579 4741 viro
3600 4683 3690 4739 in-

285 4789 479 4862 (solus
508 4789 665 4845 enim
690 4789 992 4862 ingressus
1014 4791 1223 4857 fuerat,
1245 4792 1481 4846 visurus
1504 4808 1575 4845 an
1600 4796 1754 4846 esset
1779 4808 1937 4862 para-

286 4882 440 4950 tum)
468 4878 749 4935 remansit
770 4884 967 4935 coctus
990 4885 1045 4935 et
1071 4878 1382 4935 resolutus.
1406 4882 1549 4935 Cum
1574 4886 1769 4935 autem
1794 4885 1937 4935 tem-

290 4986 406 5042 pus
437 4968 672 5023 interim
710 4972 1016 5033 tereretur,
1055 4969 1239 5024 mittit
1265 4969 1581 5041 imperator
1613 4968 1793 5024 alium
1838 4968 1937 5041 qui

291 5074 431 5115 eum
465 5063 694 5114 vocaret
726 5077 738 5114 :
774 5059 977 5115 cumis
1000 5064 1193 5114 autem
1221 5059 1515 5115 neminem
1542 5059 1601 5114 in
1628 5058 1726 5115 illa
1766 5060 1937 5115 domo

289 5148 634 5217 invenisset,
662 5148 715 5203 id
740 5149 1037 5204 renuntiat
1064 5148 1580 5220 imperatori.Cum
1603 5148 1813 5204 deinde
1835 5166 1938 5204 au-

293 5244 412 5294 tem
435 5237 634 5310 plures
656 5237 1070 5307 accurrissent,
1093 5238 1289 5293 omnia
1311 5241 1743 5309 perscrutantes
1774 5238 1937 5307 solia,

294 5332 354 5384 et
385 5329 455 5382 ad
487 5326 634 5381 illud
670 5328 903 5383 tandem
936 5327 1257 5395 venissent,
1279 5328 1720 5397 eumjacentem
1746 5330 1801 5383 et
1824 5327 1941 5383 vita

297 5417 591 5490 privatum
626 5416 1215 5490 aspiciunt.Excitato
1230 5420 1422 5471 autem
1450 5416 1729 5481 tumultu,
1753 5421 1942 5471 ctom-

296 5506 862 5573 nibusdeﬂentibus,
893 5506 991 5562 alii
1025 5505 1261 5578 quidem
1288 5505 1673 5577 aquamillam
1693 5506 1940 5561 calidam

292 5596 717 5664 exhauserunt,
752 5596 849 5652 alii
880 5578 1013 5651 vero
1044 5582 1256 5667 corpus
1290 5595 1687 5651 miserrimum
1723 5595 1945 5651 extule-

292 5690 455 5743 runt.
492 5686 636 5741 Hinc
668 5686 883 5741 factum
911 5691 1075 5742 estut
1098 5690 1287 5741 metus
1309 5686 1606 5741 invaderet
1629 5686 1957 5756 imperato-‘-

295 5792 422 5834 rem
457 5782 515 5831 et
544 5792 750 5831 omnes
788 5777 885 5845 qui
924 5776 1309 5832 armabantur
1337 5775 1617 5831 adversus
1649 5775 1944 5847 pietatem.

2048 4788 2410 4856 temperante
2424 4782 2880 4852 trahensjugum
2898 4776 3278 4844 matrimonii,
3300 4774 3540 4832 venitad
3558 4775 3693 4829 bea-

2047 4873 2355 4930 tumillum
2383 4872 2707 4938 hominem,
2724 4870 2941 4925 deﬂens
2956 4867 3249 4941 propriam
3274 4865 3691 4921 calamitatem.

2048 4964 2289 5021 Dicebat
2302 4959 2768 5031 enim,maritum
2784 4956 3119 5014 concubina;
3135 4957 3366 5026 captum
3382 4955 3693 5008 consuetu-

2049 5055 2205 5122 dine,
2233 5051 2476 5122 magicis
2504 5048 2862 5121 quibusdam
2886 5045 3195 5118 praestigiis
3228 5043 3408 5098 fuisse
3431 5042 3691 5095 incanta-

2047 5148 2195 5208 tum,
2229 5145 2285 5196 et
2304 5142 2435 5195 odio
2453 5140 2668 5195 habere
2690 5138 2877 5209 ipsam
2896 5135 3155 5207 legitimo
3177 5130 3547 5189 matrimonio
3561 5145 3694 5185 con-

2041 5233 2333 5304 junctam.
2348 5235 2477 5284 Haec
2493 5234 2687 5283 autem
2712 5224 3337 5281 dicebatmulierstans
3359 5237 3461 5292 pro
3477 5220 3697 5276 foribus

2052 5320 2205 5388 atrii;
2239 5320 2322 5375 sic
2352 5319 2505 5375 enim
2527 5316 2749 5373 solebat
2772 5313 3024 5385 colloqui
3051 5329 3185 5368 eum
3212 5311 3449 5381 femina,
3474 5309 3696 5364 nullam

2052 5412 2207 5468 enim
2231 5426 2490 5480 unquam
2516 5405 2756 5462 admisit
2778 5404 2931 5459 intra
2953 5404 3127 5457 fores.
3152 5401 3312 5455 Tunc
3335 5416 3471 5471 ergo
3497 5398 3699 5454 mulie-

2055 5502 2133 5557 ris
2167 5500 2445 5554 misertus
2468 5495 2767 5567 ejulantis,
2794 5493 3051 5549 oratione
3076 5490 3489 5547 incantationis
3511 5487 3704 5544 abolet

2054 5588 2449 5662 operationem
2478 5604 2489 5641 :
2514 5588 2570 5641 et
2601 5600 2732 5639 cum
2767 5581 2875 5637 olei
2908 5584 3139 5653 guttum
3173 5581 3244 5635 ab
3277 5580 3407 5651 ipsa
3456 5577 3698 5633 allatum

2054 5680 2417 5739 invocatione
2440 5677 2633 5733 divina
2650 5674 3092 5742 sanctiﬁcasset,
3106 5673 3282 5742 jussit
3300 5676 3361 5727 ut
3375 5688 3440 5727 eo
3454 5681 3699 5739 ungere;

2056 5778 2171 5830 tur.
2205 5772 2333 5827 Haec
2358 5772 2644 5843 praecepta
2673 5782 2805 5823 cum
2834 5765 3139 5838 implesset
3168 5762 3397 5833 mulier,
3431 5758 3701 5829 conjugis
