4180 6338
400 431 472 485 55
1580 432 1677 486 nn
1713 428 1904 483 vms
1942 424 2237 480 PATRUM
2274 423 2489 477 LIBER
2528 419 2623 474 Ix.
3738 417 3811 471 56

403 571 665 611 amorem
695 555 755 611 in
786 571 849 612 se
870 557 1193 625 transtulit,
1225 561 1281 613 et
1306 556 1603 630 persuasit
1626 559 1693 610 ut
1716 570 1819 626 pro
1850 551 2043 624 illegi-
2077 551 2131 617 Α
2162 548 2327 619 sequi
2348 546 2603 620 potuerit
2623 545 2710 601 vel
2730 545 2957 601 semina.
2978 545 3049 600 ab
3072 560 3138 601 eo
3162 543 3508 615 dejecta,vel
3534 544 3811 601 collectos

405 645 551 701 timo
583 644 915 717 legitimum
950 646 1141 701 cubile
1171 646 1429 718 eligeret.

476 734 608 790 Jam
628 751 762 790 vero
782 735 986 790 dicunt
1006 736 1179 791 etiam
1203 737 1351 806 quod
1372 752 1505 791 cum
1526 735 1772 789 lucustse
1794 732 2055 803 aliquan-

408 824 480 879 do
502 824 801 895 regionem
817 832 1048 896 repente
1071 826 1444 893 invasissent,
1470 829 1525 879 et
1548 825 1736 879 instar
1757 822 1909 892 ignis
1932 838 2055 877 om-

411 912 510 968 nia
532 918 968 984 consumerent,
990 915 1509 986 segetes,arbores,
1537 918 1701 984 prata
1723 917 1779 967 et
1799 926 2059 977 nemora,

408 1002 567 1057 venit
587 1002 658 1056 ad
681 1018 814 1057 eum
847 1002 1089 1073 quidam
1119 1003 1207 1058 vir
1231 1004 1385 1075 pius,
1415 1018 1629 1074 rogans
1653 1006 1717 1056 ut
1737 1017 1904 1073 epem
1949 1000 2058 1053 fer-

412 1096 495 1148 ret
519 1108 701 1147 unum
724 1091 964 1163 quidam
991 1108 1198 1164 agrum
1217 1092 1477 1162 habenti,
1500 1110 1565 1147 ex
1588 1109 1653 1148 eo
1691 1096 1885 1147 autem
1922 1094 1980 1145 et
2001 1105 2062 1145 se

414 1186 472 1238 et
493 1198 733 1237 uxorem
765 1185 823 1237 et
842 1181 993 1237 filios
1013 1185 1071 1237 et
1092 1182 1375 1237 familiam
1400 1181 1599 1249 alenti,
1621 1185 1678 1237 et
1702 1197 1733 1236 a
1751 1197 1865 1251 quo
1888 1180 2061 1234 etiam

413 1270 791 1342 imperatoria
807 1270 1140 1341 exigeretur
1160 1270 1411 1327 collatio.
1434 1274 1486 1327 Is
1504 1287 1639 1342 ergo
1656 1286 1860 1325 rursus
1875 1268 2064 1324 domi-

416 1361 609 1415 nicam
634 1359 874 1414 imitans
897 1360 1619 1432 benignitatem,jussitad
1642 1376 1703 1415 se
1725 1359 1916 1414 afferri
1936 1374 2065 1413 con-

418 1450 581 1522 gium
606 1465 791 1521 aquae.
818 1454 1135 1520 Postquam
1155 1456 1351 1505 autem
1378 1467 1542 1521 aqua;
1566 1450 1837 1518 congium
1871 1446 2070 1503 attulit

419 1538 471 1593 is
497 1538 594 1609 qui
645 1538 869 1605 orabat,
893 1538 946 1594 ei
974 1540 1208 1609 quidem
1248 1556 1492 1595 manum
1536 1540 1856 1610 imposuit;
1883 1537 2065 1593 Deum

422 1632 619 1683 autem
634 1632 1029 1699 estprecatus,
1045 1630 1407 1685 utﬂuentum
1443 1628 1713 1701 impleret
1743 1627 2067 1682 divinaviro

421 1721 568 1787 tute,
587 1717 797 1772 deinde
814 1717 980 1773 finita
994 1718 1467 1789 oratione,jussit
1481 1722 1545 1773 ut
1572 1718 1630 1772 in
1645 1717 1846 1789 praedii
1865 1715 2070 1770 limiti-

423 1808 536 1862 bus
549 1810 1134 1879 aquaaspergeretur.
1151 1808 1257 1871 Qui
1271 1824 1396 1863 eam
1414 1806 1710 1868 attulerat.
1727 1805 1859 1861 fecit
1875 1805 2072 1875 utjus-

425 1912 528 1952 sus
550 1896 757 1964 fuerat,
780 1896 955 1967 idque
980 1896 1087 1952 fuit
1103 1896 1221 1952 illis
1247 1898 1404 1968 agris
1419 1914 1520 1968 pro
1534 1896 1682 1951 vallo
1700 1898 2073 1951 sacrosancto

428 1990 485 2041 et
506 1985 964 2057 inexpugnabili;
992 2002 1127 2041 nam
1146 2002 1333 2057 usque
1356 1988 1424 2040 ad
1460 1986 1591 2041 illos
1612 1986 1756 2041 fines
1782 1988 2075 2056 reptantes

428 2080 485 2129 et
510 2074 999 2130 circumvolantes
1033 2075 1272 2131 locustae
1313 2076 1499 2131 instar
1536 2076 1845 2144 exercitus,
1870 2090 2077 2129 rursus

429 2167 916 2235 retrocesserunt,
940 2165 1406 2220 benedictionem
1429 2164 1769 2236 impositam
1802 2164 2076 2219 extimes-

431 2257 650 2322 centes,
684 2256 740 2308 et
761 2252 938 2308 veluti
970 2255 1226 2324 quodam
1281 2254 1442 2309 freno
1475 2253 1792 2324 sufl‘ocatee,
1836 2256 1893 2308 et
1924 2251 2080 2307 ultra

424 2342 697 2414 progredi
734 2342 1064 2412 probibitae.

495 2432 564 2486 Et
593 2431 734 2501 quid
760 2447 908 2501 opus
939 2436 1030 2485 est
1060 2432 1252 2487 dicere
1286 2431 1485 2486 omnia
1514 2448 1642 2502 qua:
1670 2432 1820 2486 facta
1866 2436 2005 2486 sunt
2043 2446 2075 2484 a

432 2519 727 2575 beatailla
756 2520 955 2575 anima
979 2520 1005 2574 ?
1034 2518 1158 2575 haec
1188 2520 1344 2575 enim
1378 2521 1522 2575 satis
1579 2526 1719 2576 sunt
1760 2520 1833 2575 ad
1883 2527 2081 2575 osten-

425 2610 580 2663 dend
599 2625 696 2663 um
730 2607 1102 2679 splendorem
1128 2609 1327 2680 gratiae
1361 2626 1491 2681 qua
1522 2610 1580 2664 in
1614 2626 1679 2665 eo
1712 2609 2035 2665 habitabat.

494 2698 641 2751 Eum
675 2713 780 2768 ego
804 2696 1013 2763 vidi,et
1029 2702 1243 2753 sanctae
1261 2697 1419 2753 illius
1442 2699 1691 2753 dexterae
1725 2698 1957 2770 percepi
1982 2698 2083 2753 be-

429 2786 842 2852 nedictionem,
867 2802 999 2840 cum
1020 2801 1211 2842 essem
1246 2787 1481 2857 quidem
1515 2786 1706 2841 adhuc
1734 2786 2080 2842 adolescens

429 2876 604 2931 matri
622 2877 817 2929 autem
843 2889 935 2929 me
951 2874 1351 2945 adiunxissem
1375 2876 1645 2931 comitem
1664 2875 1733 2929 ad
1757 2873 1924 2929 illum
1951 2891 2083 2945 pro-

430 2964 719 3021 tectionis.
741 2965 810 3018 Et
835 2980 968 3020 cum
991 2981 1093 3036 pro
1114 2981 1276 3020 more
1298 2966 1537 3036 quidem
1555 2966 1798 3035 januam
1819 2963 2085 3035 aperuis-

430 3057 539 3120 set,
564 3052 723 3108 illam
749 3056 807 3107 et
828 3070 935 3108 suo
955 3069 1223 3108 sermone
1245 3054 1524 3124 dignatus
1544 3060 1708 3109 estet
1730 3052 2087 3108 benedictio-

432 3159 540 3198 ne:
569 3159 660 3198 me
680 3146 875 3197 autem
897 3143 1603 3215 intromissumimpertiit
1642 3143 1853 3215 opibus
1884 3144 2087 3213 depre-

432 3230 700 3287 cationis.
728 3231 804 3285 Ea
827 3248 983 3286 nunc
1011 3248 1246 3303 quoque
1279 3233 1459 3302 fruar,
1484 3237 1547 3287 ut
1568 3233 1667 3305 qui
1690 3233 1926 3287 credam
1950 3246 2082 3285 eum

2165 638 2499 709 manipulos
2520 637 2547 690 ‘I
2577 635 2718 701 Quis
2744 638 2833 690 est
2866 636 3007 690 adeo
3039 650 3253 703 magna
3274 639 3330 689 et
3350 633 3577 690 excelsa
3617 639 3813 692 mente

2166 728 2464 800 praeditus,
2492 730 2558 780 ut
2588 725 2775 797 possit
2798 725 3046 795 perfecte
3066 724 3278 779 intueri
3302 723 3609 780 facultates
3628 729 3683 780 et
3712 742 3813 781 co-

2170 817 2295 889 pias
2316 815 2586 871 collectas
2609 831 2672 870 ex
2697 814 2972 884 praeclara
2987 814 3356 869 mercatura?
3378 814 3505 869 Scio
3528 814 3817 869 rerumil-

2170 908 2285 961 lius
2316 910 2607 977 gestarum
2629 910 2887 960 vestrum
2918 903 3175 973 pelagus,
3200 908 3258 959 et
3277 904 3405 959 ideo
3423 920 3624 959 vereor
3650 920 3818 960 acce-

2171 997 2307 1051 dere
2329 996 2400 1051 ad
2425 995 2779 1051 narrandam
2820 992 3147 1059 historiam,
3192 1008 3261 1048 ne
3290 994 3574 1048 obruatur
3608 993 3812 1049 oratio.

2172 1086 2564 1152 Quamobrem
2586 1082 2901 1139 ambulabo
2917 1087 3152 1155 propter
3172 1082 3361 1151 littus,
3385 1087 3441 1138 et
3463 1083 3662 1155 quaain
3686 1099 3813 1138 con-

2173 1176 2397 1231 tinente
2410 1178 2573 1247 gesta
2588 1177 2749 1241 sunt,
2765 1177 2895 1228 ante
2908 1187 3068 1228 mare
3083 1173 3152 1226 ad
3164 1172 3422 1227 mirabor
3435 1176 3491 1227 et
3508 1173 3818 1237 enarrabo,

2176 1266 2530 1337 profundum
2556 1268 2750 1318 autem
2774 1262 3100 1332 relinquam
3124 1261 3196 1327 ei,
3216 1262 3339 1331 qui,
3362 1265 3427 1316 ut
3449 1261 3646 1317 divina
3683 1261 3825 1317 dicit

2176 1356 2817 1425 Scriptura,scrutatur
2847 1352 3159 1423 profunda,
3206 1356 3261 1405 et
3299 1350 3529 1407 occulta
3575 1367 3821 1423 cognos-

2178 1444 2257 1500 cit
2286 1446 2333 1513 (I
2372 1444 2487 1499 Cor.
2528 1461 2608 1512 11;
2642 1443 2780 1497 Dan.
2812 1442 2898 1512 ιι).

2251 1544 2353 1599 Hic
2376 1560 2511 1615 ergo
2536 1541 2724 1613 primo
2746 1545 3008 1611 tempore
3029 1540 3268 1595 certavit
3290 1540 3347 1594 in
3372 1538 3637 1607 Galatia;
3662 1538 3827 1594 illinc

2179 1633 2414 1688 videndi
2437 1631 2623 1701 gratia
2643 1629 2800 1684 venit
2820 1629 2877 1683 in
2903 1628 3295 1695 Palaestinam,
3332 1632 3395 1682 ut
3416 1645 3549 1683 cum
3585 1629 3832 1684 vidisset

2183 1723 2309 1778 loca
2342 1738 2466 1792 quae
2518 1721 2906 1790 susceperunt
2954 1717 3241 1773 salutares
3284 1717 3612 1789 passiones,
3644 1718 3703 1771 in
3735 1717 3831 1772 bis

2183 1813 2363 1868 Deum
2389 1810 2486 1881 qui
2510 1808 2756 1864 servavit
2778 1808 3080 1875 adoraret;
3108 1824 3224 1862 non
3247 1812 3313 1862 ut
3330 1806 3569 1878 quiloco
3585 1806 3833 1862 circum-

2106 1923 2151 1988 Β
2184 1900 2476 1957 scribatur
2499 1898 2743 1968 (sciebat
2764 1896 2918 1953 enim
2942 1898 3070 1966 ejus
3093 1900 3365 1952 naturam
3390 1914 3503 1951 non
3528 1913 3698 1968 posse
3721 1896 3829 1951 cir-

2184 1988 2549 2059 cumscribi),
2574 1989 2673 2043 scd
2700 1990 2764 2041 ut
2785 1986 3264 2058 pasceretoculos
3282 1986 3613 2058 spectaculo
3629 2002 3831 2042 eorum

2181 2097 2309 2150 quae
2324 2078 2758 2143 desiderantur;
2775 2091 2881 2132 nec
2894 2075 3019 2131 sola
3036 2075 3242 2130 animae
3255 2076 3340 2130 vis
3356 2092 3471 2147 qua
3484 2075 3837 2148 contempla-

2182 2173 2297 2237 tur,
2322 2170 2546 2238 absque
2566 2166 2716 2235 visu,
2741 2165 2989 2238 spiritali
3007 2163 3286 2219 alimento
3310 2181 3412 2236 per
3426 2165 3596 2220 fidem
3622 2165 3838 2221 fruere-

2185 2264 2299 2313 tur.
2325 2257 2400 2313 Iis
2423 2256 2579 2312 enim
2605 2256 2701 2327 qui
2728 2272 2925 2311 amore
2948 2253 3204 2324 aliquem
3230 2258 3671 2326 prosequuntur
3693 2260 3783 2309 est
3805 2271 3838 2309 a

2184 2352 2395 2403 natura
2416 2344 2662 2400 insitum
2696 2349 2760 2399 ut
2786 2360 2904 2399 non
2936 2360 3005 2399 ex
3031 2342 3152 2398 solo
3186 2343 3314 2413 ejus
3336 2347 3576 2415 aspectu
3602 2344 3839 2415 capiant

2183 2437 2564 2507 voluptatem,
2589 2434 2688 2489 sed
2727 2437 2783 2488 et
2806 2434 3045 2488 domum
3070 2436 3126 2487 et
3146 2437 3338 2488 vestes
3373 2436 3430 2487 et
3451 2431 3677 2487 calceos
3698 2447 3837 2488 con-

2185 2524 2679 2595 templenturcum
2696 2521 3273 2593 magnalaetitia.Tali
3290 2521 3348 2576 in
3370 2538 3654 2593 sponsum
3676 2537 3838 2578 amo-

2186 2631 2245 2669 re
2260 2614 2501 2685 preedita
2514 2628 2731 2682 sponsa
2750 2628 2876 2682 quae
2892 2611 3263 2667 desiderabat
3276 2611 3574 2666 inCantico
3590 2611 3841 2666 cantico-

2188 2720 2339 2772 rum,
2364 2702 2678 2767 clamabat,
2698 2701 2919 2756 dicens:
2946 2700 3108 2755 Sicut
3127 2699 3348 2755 malum
3374 2699 3628 2773 inlignis
3659 2700 3840 2769 silva),

2189 2795 2269 2849 ita
2292 2791 2574 2863 patruelis
2598 2807 2767 2845 meus
2788 2790 2845 2845 in
2878 2790 3065 2845 medio
3090 2788 3372 2844 filiorum.
3394 2789 3454 2843 In
3483 2790 3693 2845 umbra
3714 2790 3845 2860 ejus

2188 2882 2513 2938 desideravi
2540 2885 2597 2935 et
2618 2880 2846 2949 sedi,et
2869 2880 3091 2935 fructus
3132 2880 3260 2950 ejus
3296 2878 3566 2934 dulcisin
3607 2882 3846 2950 gutture

2192 2988 2319 3027 meo
2342 2971 2608 3040 (Cant.u).
2638 2968 2791 3024 Nihil
2814 2985 2950 3041 ergo
2973 2968 3296 3024 absurdum
3320 2971 3375 3023 et
3398 2966 3658 3022 alienum
3704 2966 3841 3022 fecit

2192 3061 2282 3115 hic
2306 3060 2480 3115 homo
2504 3057 2758 3127 divinus,
2784 3058 2884 3128 qui
2908 3057 2964 3111 in
2990 3072 3277 3128 sponsum
3300 3055 3538 3126 quidem
3562 3056 3836 3110 eumdem

2191 3148 2411 3220 accepit
2424 3164 2681 3203 amorem
2695 3192 2708 3214 ,
2722 3147 2931 3202 iisdem
2948 3151 3142 3203 autem
3158 3145 3351 3201 verbis
3367 3162 3513 3200 usus
3526 3145 3845 3216 estquibus

2192 3255 2447 3309 sponsa:
2475 3236 2828 3292 Vulneratus
2850 3254 2982 3292 sum
3007 3253 3135 3308 ego,
3177 3235 3493 3301 clamabat,
3525 3234 3597 3291 ab
3651 3251 3851 3290 arnore

430 3324 639 3389 vivere,
664 3326 719 3377 et
740 3340 853 3377 una
884 3340 1018 3378 cum
1038 3322 1264 3395 angelis
1288 3323 1496 3379 choros
1523 3324 1757 3389 ducere,
1780 3329 1835 3378 et
1859 3322 2068 3392 majori
2103 3299 2143 3364 (ἶ
2182 3330 2613 3400 (Cant.iv).Cum
2630 3333 2821 3385 autem
2837 3325 3617 3398 desiderassetcontemplari
3632 3325 3834 3397 sponsi

434 3428 611 3484 quam
644 3411 781 3467 olim
809 3413 957 3483 apud
985 3412 1167 3467 Deum
1194 3412 1276 3467 uti
1308 3412 1542 3467 fiducia.
1578 3413 1711 3467 Eam
1739 3412 1894 3467 enim
1938 3416 2079 3467 tunc

439 3500 794 3555 metiebatur
823 3516 1031 3572 corpus
1063 3500 1336 3565 mortale,
1366 3518 1435 3555 ne
1459 3502 1687 3556 occasio
1733 3501 2080 3572 arrogantia;

441 3589 730 3659 evaderet,
763 3589 812 3644 si
846 3590 1052 3645 fuisset
1085 3591 1273 3659 major
1312 3607 1487 3661 quam
1514 3607 1619 3661 par
1648 3594 1803 3645 esset
1846 3589 2079 3645 ﬁducia.

437 3679 603 3734 Nune
634 3684 828 3734 autem
861 3679 1127 3751 deposito
1159 3696 1330 3734 onere
1363 3679 1543 3734 animi
1575 3678 2081 3751 perturbationum

438 3771 502 3821 ut
530 3767 745 3823 athleta
770 3767 1011 3823 victoria
1034 3768 1281 3839 potitus,
1314 3768 1528 3824 ﬁducia
1552 3777 1603 3823 et
1632 3768 1818 3824 libera
1842 3768 2083 3839 loquen-

438 3857 493 3910 di
520 3855 792 3912 facultate
823 3858 1007 3913 utitur
1037 3859 1191 3930 apud
1224 3858 1660 3931 agonothetam.
1704 3860 1827 3923 Qua
1857 3858 1925 3912 de
1950 3874 2083 3911 cau-

439 3962 505 4002 sa
535 3962 635 4001 oro
666 3962 897 4019 qnoque
925 3951 989 4002 ut
1010 3949 1137 4019 ejus
1161 3965 1491 4019 consequar
1512 3947 2011 4003 intercessionem.

1081 4064 1307 4119 CAPUT
1356 4064 1447 4119 IX.

1074 4170 1286 4207 parans
1318 4153 1455 4223 (34).

512 4250 589 4305 De
622 4248 802 4303 Gallis
834 4247 1072 4318 quidem
1092 4248 1370 4303 audimus
1402 4248 1500 4318 qui
1525 4252 1662 4303 sunt
1685 4248 1743 4302 in
1768 4249 1997 4319 Europa
2021 4249 2090 4303 ad

441 4338 812 4396 Occidentem
835 4336 1146 4405 (Theodor.,
1172 4338 1267 4391 lib.
1301 4354 1356 4392 ιν
1386 4339 1559 4405 Ηίδιη
1580 4354 1698 4408 cap.
1719 4337 1833 4408 26).
1859 4337 2093 4392 Scimus

444 4434 639 4484 autem
665 4427 817 4482 822
841 4442 939 4481 eos
961 4442 1195 4499 quoque
1222 4428 1322 4497 qui
1355 4432 1493 4482 sunt
1516 4427 1573 4482 in
1594 4427 1731 4482 Asia
1752 4427 1822 4481 ab
1847 4426 1961 4481 illis
1986 4426 2094 4482 ori-

447 4518 587 4574 undi
612 4517 905 4589 quisedes
929 4517 1179 4571 ﬁxerunt
1221 4521 1456 4587 propter
1490 4517 1739 4571 Pontum
1780 4516 2087 4571 Euxinum.

446 4609 524 4664 Ex
556 4608 629 4664 iis
656 4604 1005 4679 germinavit
1036 4607 1245 4661 beatus
1269 4606 1492 4671 Petrus,
1518 4610 1691 4675 atque
1718 4607 1860 4661 adeo
1886 4611 2092 4677 terque

2190 3421 2394 3490 quamd
2405 3435 2496 3473 am
2510 3419 2595 3473 vel
2610 3419 2689 3472 uti
2708 3416 3144 3483 umbram,abiit
3158 3417 3394 3471 visurus
3409 3414 3531 3470 loca
3546 3430 3613 3469 ex
3632 3414 3851 3487 quibus

2191 3509 2587 3565 scaturierunt
2622 3509 2813 3563 fontes
2843 3506 3118 3562 omnibus
3149 3505 3493 3561 hominibus
3525 3505 3837 3559 salutares.

2262 3618 2405 3672 Cum
2433 3632 2571 3687 ergo
2596 3632 2723 3687 qua:
2747 3614 3116 3669 desiderabat
3136 3613 3187 3668 ei
3208 3614 3319 3668 frui
3342 3612 3632 3680 licuisset,
3657 3613 3849 3684 profe-

2195 3710 2321 3761 ctus
2335 3705 2572 3776 quidem
2588 3708 2677 3760 est
2693 3703 3056 3759 Antiochiam
3086 3720 3097 3755 :
3123 3719 3257 3758 cum
3282 3706 3479 3757 autem
3498 3701 3745 3756 vidisset
3768 3702 3850 3756 ci-

2194 3796 2390 3850 vitatis
2412 3794 2687 3866 pietatem
2711 3810 2777 3848 ac
2815 3792 3179 3863 religionem,
3214 3796 3512 3848 externam
3548 3790 3847 3862 regionem

2197 3884 2396 3957 patriae
2410 3901 2527 3939 suae
2552 3882 2829 3954 praetulit,
2846 3882 2999 3937 cives
3021 3881 3368 3936 existimans
3386 3898 3502 3936 non
3522 3880 3851 3935 crontribu-

2197 3975 2281 4030 les
2304 3978 2598 4043 cognatos,
2618 3973 2718 4027 sed
2734 3988 2832 4027 eos
2847 3971 2945 4043 qui
2965 3976 3130 4026 erant
3146 3971 3407 4039 ejusdem
3423 3986 3553 4025 cum
3577 3971 3703 4040 ipso
3723 3986 3853 4025 sen-
3912 3978 3913 3981 ‘

2198 4062 2412 4129 tentia,
2439 4068 2492 4116 et
2515 4062 2571 4115 in
2596 4061 2709 4115 {ide
2731 4061 2897 4123 socii,
2922 4064 2979 4117 et
2999 4060 3308 4116 trahebant
3330 4059 3705 4129 idemjugum
3732 4059 3852 4129 pie-

2199 4153 2337 4207 tatis
2361 4168 2425 4206 ac
2448 4149 2918 4221 religionis.Cum
2944 4149 3268 4204 illieautem
3285 4146 3851 4218 morariplacuisset,

2202 4259 2316 4297 non
2340 4240 2599 4297 extendit
2622 4238 3091 4308 tabernaculum,
3108 4255 3222 4293 non
3239 4238 3359 4294 ﬁxit
3382 4236 3710 4309 tugurium,
3733 4252 3848 4290 non

2201 4331 2476 4389 exeitavit
2500 4329 2941 4397 domunculam,
2971 4330 3070 4384 sed
3098 4332 3286 4384 totum
3310 4332 3544 4399 tempus
3566 4325 3855 4394 transegit

2202 4422 2260 4476 in
2286 4421 2474 4476 alieno
2495 4419 2780 4491 sepulcro.
2809 4422 2867 4474 1n
2892 4435 2956 4473 eo
2971 4422 3164 4473 autem
3188 4417 3646 4488 cratprojectum
3669 4415 3853 4486 quod-

2204 4510 2338 4564 dam
2372 4507 2643 4578 superius
2675 4506 3027 4573 tabulatum,
3061 4505 3155 4560 cui
3182 4505 3507 4575 conjunctae
3539 4502 3706 4559 scalae
3753 4520 3854 4559 eos

2205 4597 2569 4669 excipiebant
2591 4597 2690 4663 qui
2714 4596 2983 4650 volebant
3004 4596 3337 4650 ascendere.
3364 4595 3423 4650 In
3443 4610 3508 4649 eo
3532 4592 3856 4665 permansit

447 4702 773 4769 quaterque
795 4696 1023 4750 beatus.
1057 4696 1288 4766 Septem
1323 4700 1519 4750 autem
1572 4696 1765 4761 annis,
1810 4700 1873 4749 ut
1904 4695 2088 4763 aiunt,
2122 4687 2167 4751 D
2201 4687 2465 4743 inclusus
2493 4686 2838 4756 longissimo
2861 4688 3138 4755 tempore,
3192 4700 3341 4756 aqua
3393 4683 3631 4755 quidem
3682 4686 3851 4737 utens

447 4792 757 4860 postquam
782 4793 954 4840 natus
977 4788 1087 4851 est,
1112 4802 1145 4840 a
1170 4786 1509 4856 parentibus
1530 4786 2093 4841 educatusconsum-

448 4878 565 4950 psit
584 4881 765 4931 totam
802 4874 1084 4946 reliquam
1114 4875 1295 4929 vitam
1328 4875 1383 4929 in
1411 4875 1795 4947 philosophle
1817 4876 2089 4930 certami«

446 4966 641 5020 nibus.
667 4963 1102 5019 Diciturautem
1127 4962 1363 5032 obiisse,
1388 4979 1519 5018 cum
1543 4963 1782 5019 vixisset
1803 4963 2093 5033 nonagin-

446 5058 505 5109 ta
536 5059 591 5109 et
621 5069 825 5109 novem
859 5069 1064 5107 annos.

517 5149 659 5198 Eum
683 5159 819 5214 ergo
841 5142 939 5213 qui
965 5141 1286 5213 nonaginta
1308 5146 1364 5196 et
1386 5142 1535 5197 duos
1570 5159 1755 5197 annos
1778 5141 2093 5197 docertavit

446 5238 501 5289 et
531 5239 703 5289 noctu
729 5232 949 5303 diuque
964 5246 1196 5303 semper
1222 5233 1405 5286 victor
1420 5232 1603 5287 evasit
1624 5232 1758 5304 quis
1778 5250 1878 5304 pro
1898 5232 2091 5303 digni-

446 5328 563 5380 tate
594 5322 895 5377 laudavit?
925 5325 1201 5386 Quaenam
1223 5327 1417 5377 autem
1455 5321 1659 5394 lingua
1698 5322 1991 5378 suffecerit
2022 5323 2093 5377 ad

446 5415 575 5485 ejus
600 5412 922 5467 narrandas
948 5428 1039 5466 res
1074 5410 1344 5481 praeclare
1366 5416 1421 5465 et
1450 5428 1517 5465 ex
1546 5412 1755 5466 virtute
1788 5416 2000 5483 gestas,
2035 5411 2093 5465 in

448 5501 699 5574 pueritia
722 5506 777 5555 et
800 5500 1213 5568 adolescentia,
1240 5501 1296 5554 in
1332 5502 1477 5555 virili
1504 5507 1559 5555 et
1583 5502 1638 5555 in
1664 5501 2096 5569 ingravescente

449 5594 632 5656 aetate,
657 5589 786 5645 etin
811 5594 1070 5643 extrema
1088 5590 1424 5644 senectute?
1447 5590 1583 5655 Quis
1618 5589 1782 5643 illum
1819 5589 2093 5644 sudorem

450 5696 691 5736 mensus
714 5677 935 5734 fuerit?
953 5677 1092 5744 Quis
1117 5676 1303 5732 luctas
1327 5696 1452 5749 qua:
1474 5680 1528 5733 in
1552 5684 1715 5734 tanto
1736 5684 1994 5749 tempore
2018 5680 2095 5734 fa-

452 5778 554 5825 cta:
578 5773 715 5826 sunt
741 5768 1206 5825 enumeraverit?
1229 5770 1502 5834 Quaenam
1532 5776 1727 5825 autem
1752 5769 1933 5825 oratio
1957 5786 2093 5825 con-

2203 4779 2411 4845 calida,
2438 4779 2558 4833 solo
2580 4779 2775 4831 autem
2800 4792 2947 4846 pane
2976 4792 3229 4844 vescens,
3267 4775 3443 4844 idque
3489 4790 3604 4828 non
3655 4772 3849 4843 quoti-

2202 4870 2315 4935 die,
2349 4868 2449 4923 sed
2482 4884 2598 4921 uno
2630 4865 2868 4937 quidem
2901 4865 3424 4936 manensjejunus,
3448 4863 3728 4935 postridie
3750 4879 3854 4917 au-

2202 4962 2319 5013 tem
2353 4973 2419 5011 ea
2450 4972 2714 5011 sumens.

2275 5054 2419 5108 Cum
2444 5060 2636 5107 autem
2660 5050 2897 5122 quidam
2919 5051 3241 5121 insaniens,
3267 5055 3322 5106 et
3346 5050 3537 5105 furore
3565 5048 3857 5120 percitus,

2203 5149 2257 5198 et
2291 5142 2532 5214 maligni
2564 5140 2846 5197 daemonis
2874 5140 3080 5212 plenus
3104 5140 3461 5212 operatione,
3497 5139 3567 5194 ad
3592 5153 3727 5192 eum
3753 5153 3857 5193 ve-

2206 5234 2411 5298 nisset,
2434 5248 2563 5287 eum
2589 5231 2825 5302 quidem
2851 5231 3176 5299 mundavit,
3196 5230 3561 5301 deprecatus,
3581 5232 3637 5283 et
3659 5226 3732 5281 ab
3755 5225 3853 5282 illo

2206 5321 2492 5378 diabolica
2518 5323 2707 5375 furore
2728 5319 3016 5374 liberavit.
3038 5319 3180 5374 Cum
3200 5335 3332 5375 vero
3352 5317 3532 5373 nollet
3555 5317 3733 5382 abire,
3755 5316 3851 5371 sed

2206 5413 2571 5467 obsecrasset
2595 5414 2657 5464 ut
2684 5426 2785 5480 pro
2810 5408 2909 5463 illa
2929 5409 3229 5463 curatione
3250 5409 3298 5463 ei
3324 5424 3499 5463 suum
3525 5406 3854 5477 impertiret

2209 5501 2623 5566 ministerium,
2645 5515 2776 5553 cum
2805 5498 3044 5571 admisit
3068 5504 3131 5552 ut
3150 5514 3346 5552 secum
3373 5497 3684 5551 habitaret.
3709 5495 3851 5549 Eum

2206 5608 2307 5660 ego
2336 5594 2390 5645 et
2412 5588 2565 5657 novi,
2601 5592 2657 5643 et
2689 5586 2930 5641 memini
2956 5585 3248 5652 miraculi,
3282 5594 3333 5641 et
3366 5586 3482 5640 vidi
3532 5584 3860 5640 mercedem

2206 5679 2548 5745 curationis,
2575 5681 2630 5731 et
2654 5676 2846 5730 audivi
2875 5691 3201 5729 sermonem
3228 5691 3402 5744 quem
3428 5676 3499 5730 de
3523 5690 3615 5729 me
3639 5673 3863 5729 habue-

2209 5774 2363 5825 runt.
2400 5768 2639 5824 Dicebat
2671 5766 2827 5822 enim
2853 5762 3125 5821 Danielus
3146 5766 3289 5834 (erat
3319 5764 3476 5821 enim
3508 5763 3618 5819 hoc
3650 5762 3733 5818 illi
3760 5777 3868 5817 no-
