4180 6338
402 446 471 502 61
1544 436 2013 502 PHILOTHEUS,
2056 447 2179 489 ειη
2214 431 2684 489 THEOPHILBS.
3748 411 3819 465 62

407 577 544 631 cula
560 571 963 645 evangelicum
976 569 1205 625 vivendi
1218 568 1561 624 institutum
1577 566 1739 621 solus
1757 581 1849 619 am
1860 562 2066 635 plecte-
2098 562 2151 627 Α
2180 564 2244 615 ut
2258 560 2357 631 qui
2372 558 2809 630 navigabant,et
2823 554 2955 627 plus
2968 567 3145 625 quam
3162 547 3321 604 mille
3334 543 3541 645 stadiis
3555 543 3822 645 aberant,

406 665 549 720 batu
561 664 700 729 r,vir
711 662 999 716 oriundus
1012 659 1249 730 quidem
1266 653 1855 725 Antiochia,insignis
1871 659 2064 707 autem

407 754 674 810 claritate
700 751 932 823 generis
956 766 967 803 :
993 749 1095 804 sed
1119 754 1316 803 tamen
1336 748 1600 811 etdomo,
1625 743 2062 814 etcognatione,

408 848 471 900 et
492 842 769 898 omnibus
789 839 919 896 aliis
941 838 1179 904 relictis,
1205 835 1714 908 pretiosissimam,
1742 838 1806 888 ut
1826 846 2069 902 evange-

408 931 753 995 licedicam,
776 930 917 984 emit
940 928 1320 999 margaritam
1346 924 1556 996 (Matth.
1580 922 1727 993 xm).
1751 925 1829 976 Ac
1850 923 1918 976 de
1942 937 2067 989 ejus

412 1022 655 1094 quidem
689 1037 721 1074 a
743 1019 870 1074 cibo
892 1016 1269 1082 abstinentia,
1291 1021 1345 1069 et
1376 1014 1668 1085 quomodo
1695 1012 1857 1067 humi
1891 1011 2068 1066 cuba-

412 1115 526 1176 ret,
556 1120 609 1165 et
630 1108 818 1164 cilicio
842 1107 1206 1168 indueretur,
1242 1118 1739 1175 supervacaneum
1764 1106 1850 1155 est
1881 1099 2072 1155 dicere

409 1200 489 1255 iis
510 1198 752 1270 quiejus
773 1197 971 1251 vident
990 1193 1281 1265 dicipulos
1294 1198 1349 1248 et
1370 1192 1622 1257 sodales,
1649 1190 1789 1246 etin
1813 1191 2071 1245 eiseam-

414 1291 552 1345 dem
583 1291 833 1344 cernunt
857 1285 1085 1341 vivendi
1111 1284 1384 1339 formam.
1420 1282 1549 1337 Haec
1569 1286 1767 1336 tamen
1801 1278 1897 1334 ille
1927 1278 2072 1333 insi-

414 1380 612 1452 gniter
642 1376 1126 1449 persequebatur,
1160 1378 1225 1428 ut
1262 1373 1361 1443 qui
1409 1374 1664 1442 seipsum
1709 1368 2072 1425 certantibus

416 1470 721 1538 exemplar
744 1467 1111 1536 praponeret.
1131 1462 1237 1518 His
1261 1466 1455 1516 autem
1480 1455 1794 1530 adjiciebat
1820 1459 2069 1512 ferreum

419 1574 574 1613 onus
596 1554 741 1611 collo
760 1562 811 1609 et
832 1552 1053 1608 lumbis
1070 1557 1127 1607 et
1144 1551 1434 1606 ambabus
1459 1550 1756 1605 manibus.
1782 1548 1956 1602 Porro
1976 1564 2075 1601 au-

418 1651 541 1702 tem
579 1644 847 1716 gestabat
876 1658 1110 1714 quoque
1141 1656 1372 1696 comam
1400 1640 1723 1705 sordidam,
1752 1643 1810 1692 et
1841 1654 1967 1707 quas
2001 1637 2072 1692 ad

416 1738 581 1808 ipsos
601 1751 784 1806 usque
799 1734 975 1805 pedes
990 1732 1378 1803 pertingebat,
1393 1737 1451 1786 et
1474 1730 1721 1785 ulterius
1735 1730 1911 1785 etiam
1939 1745 2071 1799 pro-

415 1825 817 1898 grediebatur,
850 1827 907 1878 et
937 1822 1065 1877 ideo
1098 1826 1220 1876 erat
1249 1820 1469 1875 lumbis
1500 1820 1629 1891 ejus
1662 1818 1917 1889 alligata.

490 1947 914 2020 Deprecatione
945 1949 1140 2001 autem
1172 1950 1227 1999 et
1259 1943 1577 2016 hymnodia
1610 1948 1779 1998 utens
1812 1942 2071 2008 assidue,
2104 1932 2149 1996 Β

413 2038 828 2110 cupiditatem,
854 2040 911 2092 et
940 2036 1113 2103 iram,
1168 2033 1579 2103 arrogantiam,
1613 2037 1669 2087 et
1717 2032 1865 2086 alias
1897 2031 2076 2086 animi

435 2127 668 2183 belluas
699 2125 985 2197 sopiebat.
1006 2124 1253 2179 Labores
1280 2127 1477 2178 autem
1501 2137 1733 2193 semper
1753 2138 1974 2193 augens
2006 2121 2081 2176 la-

428 2218 695 2280 boribus,
713 2214 1313 2286 persequebatuream
1330 2227 1563 2284 quoque
1586 2227 1712 2282 qua
1728 2210 1880 2266 mani
1893 2213 2001 2265 bus
2017 2211 2081 2265 ﬁt

429 2306 830 2379 operationem
857 2322 869 2359 :
886 2320 1043 2358 nunc
1057 2302 1294 2374 quidem
1310 2300 1621 2373 sportellas
1635 2318 1760 2373 qua:
1775 2306 2077 2367 vocantur,

426 2405 482 2453 et
512 2395 800 2449 vimineas
829 2397 1021 2450 crates
1061 2395 1410 2457 contexens;
1464 2406 1619 2444 nunc
1653 2394 1849 2444 autem
1905 2406 2079 2461 parva

428 2485 649 2558 przedia
671 2484 729 2538 in
754 2482 905 2538 saltu
925 2482 1186 2537 efﬁciens
1210 2482 1344 2553 (36),
1371 2485 1426 2535 et
1450 2480 1677 2535 semina
1700 2478 2001 2550 dejiciens,
2024 2484 2080 2534 et

431 2575 592 2629 illinc
611 2576 903 2645 quantum
922 2573 1097 2627 victui
1115 2571 1260 2626 satis
1273 2574 1430 2626 esset
1448 2568 2076 2641 colligens.Postquam

432 2671 631 2720 autem
650 2663 1000 2734 procedente
1014 2660 1416 2731 temporeejus
1434 2660 1588 2715 fama
1608 2658 1862 2730 pervasit
1878 2657 1934 2711 in
1956 2675 2077 2713 om-

432 2771 565 2810 nem
599 2757 850 2824 partem,
884 2750 1054 2805 multi
1088 2749 1289 2805 multis
1339 2765 1408 2803 ex
1441 2748 1584 2803 locis
1631 2748 2077 2813 concurrebant,

432 2846 561 2914 ejus
587 2846 643 2897 et
667 2840 1073 2907 habitationis,
1099 2843 1155 2894 et
1171 2838 1413 2907 laboris,
1437 2842 1492 2893 et
1516 2837 1771 2893 instituti
1790 2853 1917 2893 esse
1936 2836 2077 2893 socii

430 2933 733 3004 cupientes
754 2948 766 2984 :
784 2946 933 3001 quos
951 2928 1187 2999 quidem
1204 2928 1517 2998 excipiens,
1534 2928 1601 2981 ad
1622 2928 1885 2982 eamdem
1902 2926 2078 2980 vitam

431 3021 777 3077 deducebat.
810 3019 877 3074 Et
894 3019 1087 3073 videre
1110 3017 1322 3072 licebat
1346 3016 1490 3072 alios
1511 3016 1745 3087 quidem
1769 3015 1915 3087 vela,
1935 3015 2082 3071 alios

431 3127 564 3165 vero
600 3125 810 3181 sagum
827 3124 895 3162 ex
930 3106 1181 3178 pellibus
1218 3110 1515 3174 texentes;
1558 3104 1704 3161 alios
1729 3122 1861 3160 vero
1895 3109 2083 3160 crates

434 3199 720 3255 vimineas
750 3196 835 3252 vel
859 3195 1168 3267 sportellas
1190 3198 1620 3261 connectentes,
1656 3194 1800 3249 alios
1816 3210 1950 3249 vero
1976 3200 2084 3249 ter-

435 3306 557 3346 ram
593 3287 871 3343 colentes.
897 3287 964 3341 Et
995 3284 1275 3356 quoniam
1301 3284 1464 3339 locus
1485 3288 1609 3339 erat
1632 3285 1986 3353 maritimus,
2012 3287 2080 3342 ad
2115 3298 2158 3363 ρ

434 3377 951 3436 transmittendum
977 3391 1207 3447 quoque
1226 3375 1477 3445 quadam
1493 3379 1829 3430 constructa
1856 3377 2087 3431 navicu-

435 3471 646 3541 la,quae
661 3471 838 3540 ponto
852 3465 1273 3537 appellatur,ea
1287 3464 1602 3519 utebantur
1615 3465 1683 3519 ad
1700 3481 1765 3519 ea
1779 3481 1905 3535 quae
1919 3471 2087 3520 erant

434 3558 765 3623 inferenda,
797 3561 854 3611 et
873 3558 1186 3627 exportans
1200 3571 1374 3625 opera
1394 3570 1597 3609 eorum
1612 3554 1710 3625 qui
1729 3554 1905 3609 simul
1922 3554 2085 3609 habi-

441 3650 668 3713 tabant,
695 3652 752 3702 et
782 3645 1108 3716 importans
1138 3660 1205 3699 ea
1234 3660 1361 3715 quae
1395 3648 1561 3698 erant
1592 3644 1941 3698 necessaria.
1976 3649 2088 3699 Me-

439 3755 567 3795 mor
587 3736 743 3793 enim
775 3735 930 3791 vocis
963 3733 1458 3805 apostolicae,quze
1474 3732 1645 3787 dicit:
1671 3732 1854 3788 Noctu
1870 3733 2088 3804 diuque

442 3829 774 3899 operantes,
809 3840 881 3879 ne
897 3840 1163 3879 essemus
1180 3822 1336 3878 oneri
1356 3821 1528 3876 alicui
1543 3826 1803 3876 vestrum
1819 3824 1895 3893 (11
1910 3823 2082 3878 Thess.

441 3919 551 3987 III).
586 3917 692 3971 Et:
728 3914 934 3969 Manus
950 3912 1034 3967 hee
1052 3911 1265 3967 mihiet
1287 3912 1359 3966 iis
1383 3912 1479 3982 qui
1505 3916 1668 3966 erant
1695 3928 1925 3966 mecum
1946 3930 2087 3984 sup-

443 4005 785 4079 peditarunt
816 4002 950 4075 (Act.
982 4005 1097 4071 xx).
1132 4002 1199 4056 Et
1226 4001 1349 4073 ipse
1382 4001 1704 4067 laborabat,
1728 4006 1784 4055 et
1813 4002 2085 4057 hortaba-

440 4101 691 4151 tursuos
706 4091 1172 4161 contubernales,
1190 4095 1251 4144 ut
1265 4108 1333 4145 cu
1346 4108 1397 4145 m
1414 4090 1508 4145 ani
1522 4089 1942 4146 maalaboribus
1960 4107 2086 4146 cor-

442 4185 601 4258 poris
632 4198 864 4256 quoque
880 4182 1107 4236 labores
1122 4180 1565 4250 coniungerent.
1584 4179 1849 4235 Estenim
1878 4180 2088 4235 absur-

440 4276 583 4329 dum
599 4272 713 4327 utii
730 4271 967 4343 quidem
986 4269 1081 4340 qui
1100 4268 1407 4323 alunturin
1422 4269 1541 4322 vita
1555 4268 1841 4334 saeculari,
1858 4285 1918 4323 se
1941 4268 2088 4323 affli-

440 4369 644 4435 gentes
674 4365 731 4414 et
756 4361 1086 4415 laborantes
1118 4357 1753 4427 alantﬁliosetuxores,
1782 4361 2088 4428 etprmter-

446 4472 527 4508 aea
545 4458 601 4507 et
620 4452 837 4506 tributa
850 4450 1151 4503 conferant
1170 4452 1225 4501 et
1238 4449 1307 4501 ab
1330 4447 1411 4501 eis
1434 4446 1740 4517 exigantur
1760 4446 2089 4517 vestigalia,

446 4548 502 4598 et
536 4548 644 4597 Deo
659 4536 1303 4609 offerantprimitias,et
1317 4537 1719 4591 mendicorum
1739 4552 1840 4606 pro
1866 4536 2090 4591 viribus

450 4632 797 4687 medeantur
824 4628 1034 4699 inopiae.
1062 4644 1194 4682 :nos
1209 4630 1403 4681 autem
1423 4642 1535 4680 non
1562 4642 1893 4697 quaeramus
1912 4642 1979 4679 ex
2009 4625 2090 4679 la-

449 4722 692 4777 boribus
723 4736 791 4774 ea
822 4715 1807 4789 quaesuntnecessaria,idquecum
1827 4714 1927 4768 vili
1960 4714 2091 4786 qui-

452 4812 579 4865 dem
611 4814 670 4865 et
701 4808 931 4863 modico
963 4806 1113 4872 cibo,
1146 4805 1245 4859 vili
1277 4810 1473 4860 autem
1498 4809 1655 4861 veste
1689 4808 1958 4861 utamur:
1994 4805 2093 4860 sed

449 4901 758 4955 sedeamus
772 4897 1006 4969 quidem
1020 4912 1145 4950 com
1158 4895 1373 4966 pressis
1388 4894 1893 4965 manibus,alienis
1909 4897 2095 4949 autem

454 4988 718 5043 fruamur
748 4987 1071 5041 laboribus.
1104 4985 1233 5039 Ηίρο
1264 4989 1320 5040 et
1340 4984 1477 5039 talia
1502 4984 1722 5047 dicens,
1754 4983 2099 5038 hortabatur

456 5079 524 5133 ad
553 5076 936 5148 operandum,
970 5075 1028 5129 in
1062 5072 2100 5145 temporequidemqutesuntubique

458 5166 795 5239 praescripta
812 5164 1009 5220 divina
1028 5180 1309 5236 peragens
1328 5163 1538 5230 ofﬁcia,
1558 5163 1614 5217 id
1636 5167 1827 5218 autem
1847 5162 1998 5233 quod
2018 5160 2101 5215 in-

459 5256 790 5310 tercedebat
821 5253 1123 5324 temporis,
1169 5252 1516 5322 impendens
1547 5251 1727 5323 operi.
1760 5250 1885 5305 Non
1918 5251 2098 5305 levem

456 5350 645 5401 autem
662 5344 1121 5413 curamjgerebat
1138 5341 1461 5414 hospitum,
1481 5341 1622 5395 viris
1645 5340 1884 5395 lenitate
1901 5344 1957 5394 et
1981 5356 2101 5394 mo-

457 5451 585 5489 rum
603 5432 1055 5488 mansuetudine
1068 5431 1311 5499 ornatis,
1331 5431 1458 5485 etin
1475 5430 1809 5501 proximum
1824 5428 2105 5483 charitale

458 5523 717 5596 praeditis
733 5527 818 5587 ut,
843 5522 927 5577 eis
954 5520 1324 5592 providerent
1345 5520 1722 5575 committens
1740 5544 1753 5585 ;
1770 5518 1895 5589 ipse
1909 5522 2103 5572 autem

457 5613 682 5668 visebat
696 5610 1106 5681 etinspiciebat
1125 5610 1345 5676 omnia,
1371 5613 1783 5681 persecrutaus
1797 5626 1868 5661 an
1887 5624 1955 5662 ex
1969 5606 2107 5660 latis

460 5702 688 5773 legibus
719 5701 1129 5771 unusquisque
1160 5715 1268 5753 suo
1310 5700 1649 5770 fungeretur
1699 5697 1909 5752 ofﬁcio.
1964 5695 2106 5751 Hinc

460 5788 678 5844 factum
696 5791 988 5844 estuttam
1006 5786 1323 5858 insigniset
1337 5786 1579 5843 celebris
1602 5792 1757 5843 esset
1780 5786 1908 5857 ejus
1934 5786 2106 5852 fama,

2173 630 2357 707 Deum
2383 648 2691 705 Theodosii
2726 646 3060 700 invocarent
3084 641 3143 694 in
3189 634 3483 710 periculis,
3532 639 3588 687 et
3628 630 3819 685 Theo—

2174 738 2727 810 dosiiappellatione
2740 731 3449 800 sedarenttempestatem.
3468 723 3612 777 Eum
3644 719 3819 810 auda-

2176 846 2271 885 ces
2293 808 2524 900 quoque
2546 832 2602 881 et
2620 826 2907 879 immanes
2932 821 3128 875 hostes
3145 820 3285 873 sunt
3306 811 3556 878 revcriti,
3576 808 3679 880 qui
3704 824 3820 862 ma-

2176 895 2397 973 ximam
2430 895 2681 971 Orientis
2713 917 2934 984 partem
2964 912 3103 963 sunt
3127 902 3481 992 deqopulati.
3507 895 3818 992 Quis-enim

2178 1027 2246 1065 ex
2267 1008 2337 1062 iis
2353 1007 2452 1078 qui
2469 1006 2526 1059 in
2542 1010 2739 1059 nostro
2757 998 3056 1055 habitabili
3074 997 3211 1051 orbe
3224 987 3522 1049 terrarum
3538 987 3823 1053 habitant,

2180 1116 2295 1155 non
2328 1095 2628 1152 auditione
2650 1091 2871 1161 accepit
2890 1106 2956 1143 ea
2973 1103 3098 1158 quae
3120 1084 3220 1138 illo
3240 1088 3499 1152 tempore
3519 1078 3668 1131 facta
3684 1078 3822 1130 sunt

2183 1188 2255 1243 ab
2284 1187 2356 1241 iis
2388 1185 2488 1256 qui
2520 1184 2659 1238 olim
2691 1180 2928 1251 quidem
2958 1174 3198 1242 Solymi,
3234 1186 3390 1226 nunc
3413 1172 3610 1223 autem
3634 1163 3824 1219 nomi-

2183 1253 2614 1332 nuntur—Isauri
2636 1272 2663 1326 ?
2695 1270 2780 1325 Illi
2804 1274 2999 1323 tamen
3033 1263 3134 1335 qui
3168 1278 3271 1316 nec
3304 1258 3517 1330 Oppido
3551 1270 3655 1310 nec
3699 1253 3825 1306 vico

2184 1368 2567 1438 pepercerunt
2594 1367 2651 1416 et
2681 1371 3043 1430 quaecunque
3067 1366 3271 1424 capere
3306 1350 3643 1419 potuerunt,
3676 1340 3826 1438 diri:

2182 1428 2439 1527 buerunt
2468 1458 2524 1507 et
2568 1428 3167 1523 igni—mandaverunt,
3202 1443 3343 1496 sunt
3398 1435 3557 1490 illam
3589 1428 3824 1488 reveriti

2184 1521 2614 1618 philosophiam
2632 1560 2644 1607 ;
2660 1544 2861 1593 etcum
2876 1530 3243 1591 solummodo
3269 1540 3476 1618 panem
3496 1521 3824 1618 petiissent,

2182 1607 2236 1691 et
2256 1640 2320 1689 ut
2342 1607 2440 1705 pre
2458 1649 2519 1687 se
2532 1633 2767 1686 orarent
2787 1622 3237 1696 signiﬁcassent,
3257 1616 3400 1671 illud
3420 1612 3665 1667 illaesum
3688 1607 3827 1705 reli-

2183 1740 2359 1795 quere
2383 1718 2826 1785 monasterium,
2860 1715 3039 1784 idque
3070 1726 3181 1765 non
3199 1703 3519 1770 semel,sed
3543 1702 3719 1755 etiam
3737 1696 3826 1751 bis

2184 1794 2386 1870 fecere.
2422 1809 2593 1869 Veriti
2626 1814 2823 1863 tamen
2870 1800 3146 1875 praesides
3186 1794 3589 1859 ecclesiarum,
3622 1804 3692 1842 ne
3726 1802 3826 1856 pe-

2181 1904 2365 1960 cuniae
2399 1900 2717 1971 cupiditate
2749 1894 2862 1949 illis
2894 1888 3161 1947 barbaris
3203 1902 3235 1939 a
3268 1880 3498 1971 diabolo
3536 1875 3826 1941 immissa,

2190 1968 2494 2065 captivum—
2523 1989 2912 2043 abduceretur
2956 1992 3237 2051 magnum
3282 1971 3425 2027 illud
3456 1968 3831 2065 lumen-(erat

2188 2084 2345 2139 enim
2380 2076 2693 2136 verisimile
2725 2076 2841 2130 fore
2866 2076 2928 2126 ut
2954 2083 3169 2137 magna
3199 2064 3285 2117 vis
3310 2058 3570 2133 pecuniae
3598 2056 3669 2110 ad
3695 2069 3829 2108 eum

2190 2172 2593 2229 redimendum
2608 2163 3109 2222 transmitteretur
3125 2156 3195 2209 ab
3211 2151 3484 2209 omnibus
3500 2145 3600 2217 qui
3613 2144 3834 2199 habent

2188 2266 2248 2320 in
2277 2262 2497 2318 honore
2529 2274 2619 2313 res
2649 2255 2920 2319 divinas),
2980 2248 3031 2303 ei
3075 2242 3427 2317 persuadent
3473 2237 3627 2291 826
3676 2238 3741 2288 ut
3771 2248 3833 2286 se

2190 2352 2477 2408 conferret
2506 2343 2896 2402 Antiochiam.
2926 2342 3057 2392 Jam
3082 2334 3239 2389 enim
3267 2327 3527 2400 captivos
3557 2324 3832 2394 ceperant

2189 2442 2336 2495 duos
2357 2437 2630 2510 praesides
2649 2432 3024 2487 ecclesiarum
3053 2443 3065 2490 ;
3092 2439 3190 2477 eos
3213 2418 3450 2491 quidem
3477 2412 3638 2469 omni
3656 2408 3835 2507 ofﬁcii

2196 3269 2305 3327 est,
2338 3260 2490 3331 quod
2525 3256 2725 3312 multis
2744 3251 2979 3323 quidem
3013 3247 3259 3300 fortasse
3281 3235 3571 3292 videbitur
3597 3246 3726 3287 esse
3748 3228 3835 3282 in-

2198 3327 2494 3414 credibile,
2527 3353 2582 3401 et
2631 3350 2825 3399 tamen
2868 3338 3129 3393 remanet
3172 3332 3229 3384 in
3263 3327 3609 3383 hodiernum
3649 3334 3836 3414 usque

2196 3406 2373 3507 diem,
2394 3406 2654 3494 oratione
2682 3429 3002 3487 testiﬁcans
3021 3428 3077 3478 et
3094 3419 3408 3477 ostendens
3430 3406 3833 3507 qualemapud

2198 3494 2377 3586 Deum
2409 3526 2659 3599 gratiam
2712 3526 2769 3576 et
2808 3515 3083 3573 ﬁduciam
3123 3515 3213 3565 est
3242 3506 3592 3562 consecutus
3620 3497 3717 3553 hic
3747 3494 3836 3549 vir

2196 3616 2581 3676 admirabilis.

2270 3718 2525 3785 Praeceps
2558 3710 2822 3783 quaedam
2848 3708 3008 3777 petra
3026 3697 3289 3755 imminet
3310 3685 3663 3748 monasterio
3682 3680 3837 3785 quod

2195 3808 2322 3879 ipse
2336 3802 2677 3860 aedificavit:
2705 3801 2829 3853 erat
2850 3798 3044 3849 autem
3066 3789 3251 3860 primo
3278 3784 3453 3848 sicca,
3478 3774 3714 3879 et'omni

2199 3863 2359 3952 more
2388 3908 2589 3948 vacua.
2622 3890 2684 3945 In
2718 3904 2785 3943 ea
2815 3884 2950 3939 fecit
2980 3878 3414 3949 aquaeductum,
3448 3868 3547 3939 qui
3578 3884 3611 3920 a
3631 3863 3844 3917 vertice

2199 3989 2381 4043 fertur
2412 3985 2468 4038 in
2505 3976 2949 4043 monasterium,
2984 3976 3258 4038 tanquam
3279 3962 3377 4034 qui
3415 3961 3636 4013 motum
3658 3966 3839 4043 aqua-

2199 4038 2602 4132 rumfhaberet
2632 4069 2689 4123 in
2724 4038 3028 4137 potestate.
3066 4058 3277 4112 Plenus
3308 4055 3503 4137 autem
3538 4040 3752 4137 ﬁdufia
3782 4038 3840 4135 in

2199 4166 2378 4221 Deum
2400 4169 2455 4218 et
2473 4159 2715 4215 ﬁrmiter
2731 4154 2993 4215 credens,
3012 4152 3076 4203 ut
3097 4150 3185 4202 est
3200 4135 3535 4202 verisimile,
3559 4149 3620 4188 se
3642 4128 3842 4184 Domi-

2199 4270 2339 4308 num
2374 4252 2587 4305 habere
2617 4243 2985 4305 benevolum,
3019 4246 3073 4293 et
3106 4237 3276 4289 ﬁdem
3310 4230 3533 4284 habens
3572 4223 3630 4275 in
3665 4233 3840 4289 quam

2200 4325 3264 4399 nullacadebatdubitatio,ascenditin
3280 4328 3611 4388 supremam
3624 4313 3845 4399 partem

2200 4434 2329 4502 ejus
2361 4430 2459 4500 qui
2490 4443 2646 4481 nunc
2663 4429 2751 4480 est
2769 4420 3166 4493 aquaeductus,
3192 4411 3536 4482 priusquam
3561 4395 3846 4502 surrexis-

2202 4490 2332 4577 sent
2350 4490 2582 4574 sodales
2600 4515 2669 4570 ad
2693 4490 2890 4583 preces
2907 4507 3218 4562 consuetas
3240 4518 3251 4553 :
3273 4503 3329 4553 et
3350 4497 3532 4551 Deum
3555 4490 3844 4583 precatus,

2203 4574 2386 4665 fretus
2406 4624 2471 4663 eo
2498 4605 2599 4677 qui
2622 4574 2754 4657 facit
2772 4600 3128 4654 voluntatem
3152 4586 3483 4646 timentium
3508 4593 3641 4635 eum
3668 4574 3844 4677 ςθδῖι.

2130 4674 2170 4735 D
2203 4699 2410 4767 cxuv),
2444 4696 2604 4766 virga
2633 4690 2729 4748 cui
2758 4688 2995 4743 innixus
3011 4687 3136 4738 erat
3168 4683 3388 4751 petram
3423 4666 3735 4744 percussit.
3771 4667 3848 4716 Ea

2206 4804 2338 4843 vero
2370 4761 2563 4856 rupta:
2584 4797 2738 4853 aqua
2754 4780 2938 4833 instar
2958 4770 3218 4829 fluminis
3241 4761 3510 4821 scaturiit
3535 4775 3547 4813 :
3567 4762 3623 4812 et
3645 4770 3845 4856 mena:

2207 4840 2803 4944 sterium‘ing’rediens
2834 4883 2935 4937 per
2951 4858 3447 4944 aquaeductum,et
3468 4850 3752 4944 quantum
3778 4840 3847 4893 ad

2209 4981 2444 5024 omnem
2476 4935 2653 5018 usum
2686 4952 3146 5014 sufﬁcitabunde
3164 4942 3569 5017 suppeditens,
3602 4935 3659 4987 in
3693 4944 3852 5024 mare

2212 5055 2608 5129 propinquum
2642 5047 2878 5113 inﬂuit;
2913 5049 2969 5099 et
2999 5043 3055 5095 in
3090 5037 3440 5129 hodiernum
3470 5020 3850 5129 usquediem

2212 5112 2546 5202 ostenditur
2576 5154 2827 5211 operans
2875 5131 3127 5188 Mosaica
3158 5122 3355 5195 magni
3385 5112 3690 5211 Theodosii
3721 5126 3849 5210 gra-

2213 5199 2314 5290 tia.
2340 5231 2568 5289 Sufﬁcit
2586 5199 2665 5284 vel
2685 5228 2795 5283 hoc
2816 5224 3007 5279 solum
3023 5220 3090 5276 ad
3108 5209 3529 5273 ostendendam
3546 5202 3651 5258 viri
3675 5199 3854 5269 hujus

2214 5340 2353 5394 erga
2384 5324 2496 5378 Deu
2510 5338 2564 5374 m
2598 5318 2895 5372 ﬁduciam.

2286 5424 2429 5477 Cum
2463 5423 2658 5475 autem
2697 5410 3016 5469 Antiochiae
3065 5404 3304 5459 vixisset
3353 5414 3525 5471 parvo
3576 5398 3858 5461 tempore,

2219 5509 2490 5583 migravit
2519 5508 2588 5561 ad
2622 5505 2831 5560 choros
2863 5497 3226 5570 angelorum.
3255 5492 3359 5545 Per
3385 5484 3633 5542 mediam
3662 5482 3857 5578 autem

2220 5564 2425 5656 urbjem
2444 5597 2733 5653 ferebatur
2747 5605 2979 5646 sacrum
2994 5585 3515 5655 corpus,tanquam
3532 5568 3724 5628 aureis
3738 5564 3864 5635 qui-

2220 5691 2467 5746 busdam
2496 5683 2744 5748 coronis,
2767 5682 2973 5735 feretro
2992 5675 3090 5731 illo
3124 5674 3482 5730 decoratum,
3507 5675 3639 5717 eum
3658 5669 3862 5748 omnes

2220 5782 2397 5836 duces
2413 5773 2867 5839 concurrissent,
2885 5767 3051 5839 etqui
3068 5776 3311 5835 magnos
3325 5773 3445 5812 sua:
3464 5750 3593 5807 ﬁdei
3610 5744 3861 5801 creditos
