4218 6348
244 370 318 427 63
1433 375 1525 429 DE
1562 375 1750 430 VITIS
1784 373 2086 429 PATBUM
2122 373 2339 428 LIBER
2377 372 2475 427 IX.
3579 368 3654 423 64

248 496 532 571 gerebant
564 494 965 568 magistratus.
998 496 1080 553 De
1113 496 1291 552 cubili
1320 501 1516 553 autem
1535 502 1661 554 erat
1684 513 1897 571 magna
1924 500 1980 567 Α
2008 496 2458 553 admonitiones.
2479 495 2698 551 Multos
2730 496 2927 551 autem
2951 495 3037 550 vel
3056 492 3179 550 solo
3199 494 3438 565 aspectu
3462 494 3655 550 effecit

247 587 323 644 lis
336 591 393 642 et
405 586 741 653 decertatio,
757 601 891 641 cum
908 586 967 641 id
997 604 1200 643 omnes
1218 589 1445 644 auferre
1458 590 1899 658 contenderent,

248 680 307 734 et
336 694 404 733 ex
434 692 501 732 eo
533 674 1007 732 benedictionem
1040 680 1097 731 et
1129 676 1440 733 utilitatem
1473 679 1770 751 percipere
1800 694 1901 734 cu-

249 767 474 837 perent.
510 764 604 819 Sic
625 763 837 831 elatus,
870 764 1188 836 poniturin
1220 766 1339 822 aede
1372 772 1711 822 sanctorum
1746 784 1900 822 mar-

248 858 470 926 tyrum,
498 852 866 909 cumJuliani
883 853 1457 928 victoriainsignisin
1481 857 1691 928 pietate
1711 856 1900 912 athle-

248 948 320 1000 tae
354 942 566 998 fuisset
604 947 661 997 et
709 942 1170 1011 contubernalis,
1204 947 1260 1000 et
1289 945 1491 1001 eodem
1538 950 1687 1002 tecto
1736 963 1900 1003 usus.

251 1033 412 1089 Idem
445 1036 641 1087 autem
674 1030 904 1087 loculus
927 1048 1057 1088 eum
1091 1034 1335 1105 excepit,
1355 1034 1456 1107 qui
1477 1034 1641 1091 illum
1670 1052 1903 1108 quoque

252 1120 515 1177 divinum
549 1124 605 1176 et
631 1121 868 1176 beatum
903 1121 1278 1193 Aphraatem.

332 1213 537 1284 Gregis
569 1214 768 1267 autem
802 1211 1210 1283 praefecturam
1233 1212 1777 1285 accepitHelladius
1807 1214 1903 1271 ille

252 1301 643 1369 admirabilis,
678 1300 776 1371 qui
808 1300 867 1354 in
896 1298 1018 1356 illis
1041 1300 1278 1372 quidem
1314 1301 1455 1357 locis
1478 1303 1906 1375 perpetuisfuit

250 1392 559 1466 sexaginta
571 1389 763 1457 annis,
779 1388 989 1444 deinde
1004 1389 1249 1445 Cilicum
1281 1391 1563 1447 divinitus
1582 1392 1801 1448 electus
1816 1397 1905 1449 est

253 1483 519 1550 antistes,
567 1495 701 1535 cum
749 1495 940 1551 neque
983 1478 1233 1551 priorem
1276 1480 1608 1553 reliquisset
1646 1482 1902 1554 philoso-

256 1572 478 1647 phiam,
510 1572 566 1625 et
591 1566 709 1623 illis
730 1566 1031 1623 laboribus
1049 1568 1425 1639 pontificatus
1446 1571 1689 1628 sudores
1713 1571 1903 1643 quoti-

260 1662 352 1717 die
383 1660 641 1716 adderet.

328 1750 516 1821 Hujus
547 1762 680 1803 cum
709 1745 917 1803 beatus
939 1762 1172 1819 quoque
1196 1747 1482 1805 Romulus
1508 1749 1717 1806 fuisset
1736 1750 1903 1806 audi-

259 1846 371 1911 tor,
405 1839 523 1893 dux
554 1835 792 1892 maximi
821 1835 1015 1909 gregis
1041 1836 1153 1892 fuit
1181 1843 1431 1894 creatus.

336 1925 667 1983 Permansit
697 1927 892 1979 autem
924 1924 1083 1981 illius
1114 1925 1330 1981 chorus
1361 1926 1420 1982 in
1445 1926 1795 1983 hodiernum
1817 1945 1908 1984 us-

265 2034 378 2089 que
412 2015 592 2081 diem,
614 2013 770 2069 idem
793 2030 1033 2070 servans
1059 2015 1184 2070 vitae
1210 2016 1571 2072 institutum.
1595 2020 1695 2073 Est
1716 2022 1911 2074 autem

268 2121 447 2180 prope
479 2104 904 2160 monasterium
934 2103 1123 2176 vicus,
1176 2106 1277 2176 qui
1319 2105 1551 2178 Syrisce
1582 2107 1915 2179 appellatur

268 2197 548 2254 Maratus.

343 2296 491 2366 Ergo
524 2296 718 2349 autem
752 2292 866 2348 ﬁne
896 2292 1170 2365 imposito
1208 2293 1347 2352 huic
1378 2296 1723 2366 narrationi,
1774 2313 1913 2370 rogo

281 2386 345 2440 ut
375 2384 504 2454 ejus
535 2398 768 2454 quoque
790 2398 1115 2454 consequar
1139 2383 1626 2443 benedictionem.

906 2488 1141 2545 CAPUT
1177 2490 1271 2546 XI.

868 2612 1141 2654 ROMANUS
1171 2598 1306 2671 (37).

337 2722 586 2794 Magnus
608 2736 745 2794 ergo
773 2721 1135 2777 Theodosius
1160 2723 1232 2778 ab
1252 2724 1563 2781 Antiochia
1594 2727 1907 2798 profectus,

267 2828 401 2868 cum
426 2812 485 2867 in
509 2810 809 2867 montibus
836 2810 1452 2880 Rosicisdecertasset,
1471 2818 1527 2869 et
1541 2815 1908 2873 Antiochiam

267 2917 536 2957 reversus
566 2904 741 2971 esset,
764 2899 848 2955 sic
867 2899 998 2955 vitae
1028 2899 1204 2955 ﬁnem
1227 2903 1452 2974 accepit
1474 2904 1778 2975 (Theodor.,
1808 2908 1907 2964 lib.

269 3006 325 3045 iv
359 2987 524 3056 Hist,
556 3004 674 3059 cap.
709 2988 820 3060 26).
854 2987 1095 3044 Divinus
1113 2992 1307 3046 autem
1344 2990 1663 3065 Romanus,
1698 2995 1833 3051 Rosi
1855 2999 1912 3051 et

268 3082 465 3145 natus,
512 3082 570 3133 et
618 3077 876 3150 primum
928 3077 1234 3146 educatus,
1290 3080 1612 3137 Antiochiae
1652 3084 1911 3139 ostendit

268 3168 453 3240 prima
482 3166 719 3222 virtutis
750 3166 1088 3233 certamina,
1139 3171 1298 3224 extra
1330 3170 1619 3226 ambitum
1668 3172 1904 3243 quidem

2006 603 2199 642 rerum
2218 586 2551 641 divinarum
2567 588 2881 641 amatores.
2896 583 3036 652 Quis
3052 583 3209 638 enim
3230 599 3345 639 non
3370 586 3524 639 esset
3538 582 3652 638 mi-

2004 676 2256 732 randum
2287 675 2344 730 in
2379 675 2620 730 modum
2672 674 3019 744 admiratus,
3051 690 3183 729 cum
3232 672 3459 728 videret
3518 688 3654 729 eum

2007 782 2248 837 corpore
2280 764 2585 829 afﬂictum,
2610 769 2666 820 et
2684 763 3079 836 quiprolixam
3096 762 3366 834 gestabat
3396 778 3651 831 comam,

2005 855 2159 911 827
2195 858 2252 909 et
2274 853 2598 909 maximum
2625 853 2758 908 ferri
2790 853 3021 924 pondus
3040 868 3145 906 suo
3170 856 3377 923 sponte
3410 851 3656 919 ferebat,

2005 950 2060 1000 et
2088 948 2245 1001 veste
2275 961 2343 999 ex
2374 943 2508 1015 pilis
2531 945 2799 998 contexta
2818 941 3110 1011 utebatur,
3133 943 3189 996 et
3206 943 3433 995 tantum
3463 940 3655 1011 capie-

2005 1034 2107 1090 bat
2132 1032 2397 1089 alimenti
2434 1035 2723 1104 quantum
2754 1030 2899 1087 satis
2932 1034 3057 1086 erat
3113 1030 3183 1085 ad
3217 1028 3651 1101 prohibendum

2006 1139 2078 1179 ne
2110 1123 2263 1177 fame
2299 1121 2671 1177 moreretur?

2077 1210 2465 1284 Magnitudini
2500 1213 2693 1265 autem
2718 1212 2775 1265 et
2805 1207 3172 1264 multitudini
3197 1206 3467 1263 laborum
3490 1223 3659 1263 acce-

2006 1302 2183 1358 debat
2213 1318 2339 1372 quaa
2373 1300 2430 1355 in
2463 1316 2527 1355 eo
2550 1299 2790 1354 florebat
2814 1298 3029 1370 gratia,
3051 1314 3169 1370 qua
3187 1298 3424 1369 quidem
3457 1313 3660 1353 omnes

2009 1391 2538 1464 persuadebantur,
2571 1393 2636 1445 ut
2666 1404 2800 1444 eum
2855 1387 3295 1444 admirarentur
3324 1391 3383 1442 et
3439 1386 3659 1443 honore

2008 1480 2329 1538 afﬁcerent.
2362 1479 2677 1538 Multorum
2701 1478 2857 1535 enim
2884 1494 3035 1548 saepe
3065 1478 3303 1533 morbos
3326 1476 3515 1549 exegit
3543 1475 3659 1530 dif-

2008 1570 2211 1638 ficiles,
2231 1569 2434 1625 multis
2453 1573 2646 1625 autem
2667 1567 2963 1623 sterilibus
2989 1565 3336 1622 mulieribus
3368 1565 3519 1621 filios
3549 1565 3661 1620 im-

2008 1660 2277 1732 petravit.
2312 1660 2375 1714 Et
2404 1675 2537 1715 cum
2570 1664 2793 1714 tantam
2820 1675 2853 1712 a
2874 1657 3069 1711 divino
3091 1656 3309 1729 Spiritu
3343 1654 3665 1727 accepisset

2010 1753 2384 1822 potestatem,
2417 1749 2677 1820 seipsum
2702 1746 3038 1819 appellabat
3065 1761 3315 1817 egenum
3349 1749 3406 1800 et
3435 1744 3664 1800 mendi-

1937 1877 1985 1941 B
2014 1858 2171 1896 cum.
2205 1843 2497 1910 Quotquot
2526 1840 2725 1910 itaque
2752 1838 2821 1892 ad
2864 1853 3000 1892 eum
3040 1835 3428 1905 ventitabant,
3478 1852 3576 1891 eos
3607 1839 3665 1889 et

2021 1933 2258 2002 aspectu
2290 1933 2347 1985 et
2378 1944 2665 1996 sermone,
2696 1931 2817 1983 toto
2847 1926 2973 1982 vita
3014 1942 3132 1982 suae
3164 1928 3426 1997 tempore
3455 1922 3662 1996 imple-

2021 2019 2105 2075 vit
2137 2018 2409 2074 utilitate.

2091 2113 2269 2165 Porro
2300 2112 2497 2164 autem
2528 2122 2661 2162 cum
2692 2105 2829 2161 hinc
2862 2121 3097 2177 quoque
3136 2104 3501 2173 excessisset,
3528 2101 3660 2158 etin

2022 2198 2351 2271 angelicum
2384 2198 2629 2253 chorum
2643 2194 3147 2260 essettranslatus,
3177 2192 3418 2264 reliquit
3441 2206 3663 2247 memo-

2022 2289 2168 2344 riam
2200 2304 2329 2359 quaa
2360 2304 2475 2343 non
2508 2287 2621 2342 fuit
2650 2284 2878 2357 sepulta
2899 2283 3078 2340 simul
3109 2299 3240 2338 cum
3266 2297 3529 2353 corpore,
3562 2280 3662 2335 sed

2022 2395 2148 2448 quae
2170 2378 2344 2450 viget,
2378 2378 2561 2443 floret,
2594 2380 2651 2432 et
2680 2375 2988 2447 germinat,
3011 2378 3069 2429 et
3090 2388 3220 2445 quae
3240 2370 3535 2443 exstingui
3551 2387 3666 2425 non

2022 2470 2234 2540 potest,
2258 2467 2359 2522 sed
2392 2481 2624 2539 semper
2646 2467 2969 2537 permanet,
3001 2467 3057 2519 et
3079 2478 3206 2535 quae
3224 2460 3441 2517 sufficit
3468 2459 3539 2514 ad
3570 2474 3669 2514 eos

2021 2556 2120 2629 qui
2150 2555 2354 2612 volunt
2384 2555 2766 2625 adjuvandos.
2801 2556 2947 2610 Cum
2981 2552 3118 2607 hinc
3160 2552 3359 2622 itaque
3389 2547 3672 2604 benedic-

2017 2646 2238 2701 tionem
2271 2644 2412 2700 mihi
2431 2643 2839 2710 conciliavero,
2864 2642 3112 2697 aliorum
3137 2655 3369 2714 quoque
3407 2638 3663 2695 athleta-

2020 2750 2151 2789 rum
2185 2749 2276 2789 res
2302 2741 2495 2804 gestas
2526 2732 2798 2797 narrabo,
2839 2736 2905 2786 ut
2936 2734 3158 2802 potero.

2651 2820 2888 2877 CAPUT
2910 2820 3028 2876 XII.

2686 2927 2830 2966 ΖΒΝο
2860 2910 2995 2981 (38).

2089 3004 2376 3057 Zenonem
2393 2998 2802 3056 admirabilem
2826 3015 2941 3053 non
2971 2996 3138 3053 multi
3157 2995 3395 3068 quidem
3424 3010 3667 3067 cognos-

2019 3096 2160 3148 cunt
2188 3108 2202 3158 ;
2245 3090 2343 3163 qui
2365 3093 2729 3161 cognoscunt
2749 3092 3103 3153 autem,non
3127 3081 3674 3158 possuntadmirari

2019 3197 2124 3253 pro
2158 3180 2445 3251 dignitate
2475 3177 2970 3247 (Theodor.,lib.1v
2998 3171 3669 3246 Hist.,cap.26).lsenim

267 3255 519 3313 civitatis
546 3255 797 3311 adlatus
830 3256 1046 3312 montis
1077 3257 1188 3314 ﬁxo
1211 3258 1608 3331 tabernaculo,
1642 3262 1700 3316 in
1725 3262 1914 3319 aliena
1940 3252 1983 3319 C
2021 3252 2153 3326 cum
2189 3268 2476 3325 maximas
2508 3283 2647 3339 opes
2676 3265 3016 3337 reliquisset
3048 3265 3106 3320 in
3140 3262 3328 3335 patria
3358 3263 3449 3333 (ea
3472 3264 3672 3317 autem

269 3349 469 3402 autem
493 3345 848 3402 domuncula
868 3361 1052 3419 eaque
1076 3363 1252 3418 parva
1271 3348 1604 3407 vivonstoto
1628 3356 1910 3424 tempore.

269 3436 586 3507 Nunquam
620 3437 807 3489 autem
838 3450 1026 3505 usque
1056 3435 1126 3490 ad
1167 3440 1528 3493 senectutem
1562 3455 1750 3511 neque
1779 3441 1915 3513 igne

270 3541 418 3582 usus
468 3526 580 3589 est,
626 3538 818 3595 neque
868 3522 1091 3579 lumine
1121 3524 1392 3583 lucernae.
1427 3527 1604 3584 Cibus
1634 3533 1830 3586 autem
1863 3530 1914 3586 ei

273 3616 398 3671 erat
430 3612 602 3685 panis
625 3616 683 3674 et
708 3612 793 3667 sal
822 3632 835 3681 ;
862 3617 1243 3684 potusautem
1271 3616 1578 3673 fontanum
1605 3619 1913 3678 ﬂuentum.

273 3702 408 3759 Erat
438 3706 634 3758 autem
666 3717 835 3758 coma
863 3717 1077 3775 magno
1108 3703 1432 3763 Theodosio
1455 3708 1701 3778 similis;
1734 3711 1915 3768 vestis

273 3795 470 3849 autem
501 3791 719 3847 ferrum
754 3807 989 3864 quoque
1020 3793 1311 3851 similiter.

344 3880 679 3937 Abundavit
709 3885 905 3937 autem
938 3881 1034 3939 hic
1063 3886 1119 3939 et
1167 3900 1399 3942 morum
1444 3888 1822 3961 simplicitate
1852 3909 1917 3948 ac

278 3970 737 4028 mansuetudine
765 3975 823 4027 et
840 3972 1260 4041 moderatione,
1285 3980 1341 4030 et
1367 3976 1494 4032 ideo
1518 3979 1714 4035 emisit
1731 3980 1920 4051 splen-

277 4062 477 4116 dorem
493 4059 701 4115 divinae
714 4061 933 4131 gratiae.
948 4064 1021 4115 Su
1032 4077 1341 4133 perquem,
1357 4064 1913 4139 inquit,respiciam,

278 4150 387 4205 nisi
402 4165 577 4220 super
596 4148 796 4203 mitem
820 4149 1597 4219 etquietum,et§trementem
1616 4173 1919 4215 sermones

276 4255 439 4296 tneos
468 4237 658 4309 (Isaiae
680 4238 829 4309 LXVI)
852 4238 879 4292 ‘?
908 4242 1038 4293 Jam
1077 4255 1211 4295 vero
1246 4258 1450 4297 rursus
1501 4261 1732 4318 quoque
1774 4249 1920 4306 dixit

274 4328 401 4385 suis
433 4326 785 4398 discipulis:
823 4327 1043 4383 Discite
1072 4331 1523 4401 ame,quoniam
1539 4335 1697 4392 mitis
1716 4355 1846 4394 sum
1865 4344 1920 4397 et

274 4416 518 4473 humilis
544 4416 738 4486 corde,
763 4420 819 4471 et
848 4416 1155 4474 invenietis
1187 4420 1450 4491 requiem
1481 4423 1792 4484 animabus
1825 4447 1920 4486 ve-

276 4508 417 4564 stris
459 4506 673 4578 (Matth.
708 4507 788 4577 χι)
850 4506 915 4561 Et
945 4523 1188 4563 rursus:
1223 4509 1379 4565 Beati
1415 4513 1608 4585 mites,
1642 4520 1920 4588 quoniam

279 4597 395 4669 ipsi
456 4595 885 4651 haereditabunt
942 4599 1153 4653 terram
1201 4598 1410 4671 (Matth.
1452 4604 1526 4675 v).
1590 4606 1915 4669 Quinetiam

281 4683 866 4758 Moysislegislatoris
889 4685 1132 4742 erathoc
1146 4688 1232 4743 vel
1249 4691 1762 4767 maximeinsigne.
1787 4698 1922 4756 Erat

280 4775 465 4846 enim,
496 4774 715 4848 inquit,
748 4776 973 4848 Moyses
990 4777 1559 4852 mitissimuspraater
1587 4802 1791 4843 omnes
1820 4788 1920 4845 ho-

281 4864 471 4921 mines
502 4864 602 4937 qui
633 4868 799 4920 erant
828 4882 1008 4938 super
1045 4871 1261 4924 terram
1308 4870 1491 4942 (Num.
1546 4892 1646 4930 xu.
1704 4876 1820 4934 Hoc
1853 4879 1923 4936 de

277 4954 568 5027 propheta
597 4954 813 5011 Davide
842 4958 1095 5013 testatus
1127 4974 1359 5031 quoque
1392 4966 1480 5018 est
1508 4966 1923 5026 sanctissimus

282 5044 579 5116 Spiritus:
616 5044 908 5101 Memento
940 5047 1117 5112 enim,
1142 5048 1356 5120 inquit,
1381 5052 1622 5109 Domine
1646 5055 1848 5128 David,
1870 5062 1926 5113 et

280 5133 473 5189 omnis
493 5136 964 5191 mansuetudinis
996 5137 1322 5209 ejus(Psal.
1358 5143 1567 5213 cxxxr).
1602 5144 1925 5203 Didicimus

283 5223 462 5278 etiam
494 5222 565 5278 de
596 5223 925 5293 patriarcha
939 5226 1142 5296 Jacob,
1166 5229 1320 5299 quod
1346 5246 1459 5285 non
1488 5230 1657 5288 fictus
1680 5238 1802 5290 erat
1823 5236 1924 5291 do-

287 5328 452 5367 mum
477 5311 757 5368 habitans
788 5315 937 5383 (Gen.
966 5318 1115 5389 xxv).
1155 5319 1267 5373 Has
1296 5319 1542 5378 virtutes
1574 5340 1707 5380 cum
1740 5326 1929 5383 instar

282 5401 411 5471 apis
444 5399 774 5472 collegisset
804 5417 871 5457 ex
901 5403 1115 5459 divinis
1147 5404 1265 5462 illis
1296 5408 1500 5479 pratis,
1536 5412 1646 5467 mel
1680 5416 1929 5472 confecit

284 5506 436 5546 vera:
467 5487 868 5561 philosophice.
895 5491 1610 5556 Profundebanturautem
1636 5503 1765 5574 ejus
1785 5522 1928 5576 quo-

286 5596 400 5651 que
430 5578 489 5633 in
520 5583 792 5635 externos
824 5580 1523 5653 ﬂuentajucundissima:
1556 5595 1613 5646 et
1643 5592 1715 5649 iis
1739 5594 1835 5665 qui
1857 5596 1927 5649 ad

287 5670 485 5741 ipsum
500 5668 828 5738 veniebant,
850 5670 963 5726 leni
988 5688 1053 5728 ac
1069 5673 1371 5733 dulcivoce
1406 5683 1599 5749 utens,
1632 5682 1703 5738 de
1732 5700 1930 5741 amore

287 5758 349 5814 in
385 5758 615 5828 fratres,
649 5757 719 5815 de
750 5761 1066 5818 concordia
1095 5767 1151 5819 et
1180 5779 1340 5836 pace,
1390 5766 1606 5826 multas
1656 5770 1932 5831 offerebat

2016 3363 2138 3415 erat
2157 3357 2394 3429 Pontus)
2410 3356 2608 3428 magni
2628 3355 2962 3427 quidem,ut
2977 3353 3230 3420 dicebat,
3252 3351 3454 3407 Basilii
3479 3350 3677 3405 hausit

2018 3449 2260 3515 fluenta,
2293 3447 2391 3518 qui
2424 3450 2550 3501 erat
2580 3445 2833 3514 vicinus,
2860 3447 2916 3500 et
2945 3443 3352 3514 Cappadocum
3385 3439 3673 3511 irrigabat

2018 3535 2718 3610 regionem:irrigatione
2741 3537 2935 3589 autem
2972 3533 3182 3605 dignos
3205 3531 3434 3586 fructus
3474 3528 3673 3584 reddi-

2020 3626 2125 3682 dit.
2149 3625 2295 3681 Cum
2324 3624 2579 3696 primum
2606 3623 2761 3678 enim
2785 3623 3108 3693 imperator
3134 3619 3349 3676 Valens
3369 3618 3578 3674 fuisset
3600 3618 3671 3672 de

2020 3716 2211 3772 medio
2243 3714 2535 3783 sublatus,
2569 3711 2822 3768 militare
2850 3711 3122 3783 deposuit
3169 3708 3512 3781 cingulum:
3546 3710 3675 3763 erat

2020 3813 2210 3863 autem
2247 3803 2541 3875 ascriptus
2580 3802 2638 3857 in
2689 3817 3002 3856 numerum
3049 3816 3253 3855 eorum
3286 3799 3385 3871 qui
3445 3797 3672 3853 litteras

2020 3892 2393 3966 imperatoris
2428 3892 2692 3948 ferebant
2721 3889 3007 3947 celeriter.
3041 3893 3188 3945 Cum
3218 3892 3413 3944 autem
3450 3904 3483 3942 a
3514 3886 3676 3958 regia

2020 3982 2276 4039 venisset
2299 3981 2358 4036 in
2393 3981 2689 4052 quoddam
2724 3978 3293 4051 sepulcrum(multa
3313 3982 3511 4033 autem
3537 3980 3680 4031 sunt

2021 4073 2081 4127 in
2114 4074 2331 4139 monte)
2364 4071 2518 4143 quod
2552 4072 2643 4124 est
2672 4068 2855 4124 situm
2877 4085 3056 4141 prope
3085 4066 3483 4136 Antiochiam,
3515 4065 3677 4121 solus

2022 4163 2141 4219 illic
2175 4162 2424 4234 degebat
2453 4176 2789 4233 expurgans
2821 4161 3101 4224 animam,
3136 4163 3193 4214 et
3240 4159 3372 4229 ejus
3418 4161 3678 4213 contem-

2025 4253 2224 4327 plandi
2256 4252 2589 4308 facultatem
2614 4267 2846 4323 semper
2889 4250 3242 4319 emundans,
3305 4252 3363 4303 et
3413 4246 3675 4302 divinam

2022 4341 2576 4414 contemplationem
2603 4357 2834 4414 semper
2864 4340 3087 4395 visione
3108 4337 3579 4410 apprehendens,
3620 4339 3682 4390 et

2027 4433 2125 4490 Dei
2144 4448 2427 4488 ascensus
2448 4431 2505 4486 in
2521 4432 2691 4487 corde
2716 4431 3366 4501 disponéns,etpennas
3388 4431 3679 4499 tanquam

2034 4521 2323 4578 columbae
2343 4521 2605 4592 accipere
2629 4521 2971 4576 desiderans
2994 4521 3051 4574 et
3067 4519 3124 4572 in
3140 4517 3397 4572 divinam
3418 4515 3680 4587 requiem

1954 4648 2001 4710 Β
2028 4611 2257 4669 evolare
2289 4610 2535 4679 cupiens
2568 4611 2738 4681 (Psal.
2794 4625 3048 4676 Lxxxm;
3106 4608 3254 4662 Psal.
3306 4606 3439 4677 LIV).
3476 4608 3553 4659 Ea
3606 4604 3677 4659 de

2031 4718 2211 4757 causa
2226 4716 2341 4756 non
2369 4699 2827 4766 habuitlectum,
2850 4696 3307 4763 nonlucernam,
3326 4712 3445 4750 non
3461 4695 3679 4763 focum,

2032 4809 2145 4848 non
2181 4790 2380 4857 ollam,
2412 4807 2526 4846 non
2560 4793 2813 4859 guttum,
2841 4804 2956 4843 non
2989 4785 3275 4857 arculam,
3309 4784 3680 4851 nonlibrum,

2033 4898 2147 4937 non
2182 4879 2403 4952 aliquid
2438 4879 2595 4934 aliud
2633 4898 2646 4947 ;
2683 4880 2778 4934 sed
2833 4880 2957 4933 erat
2988 4876 3225 4947 quidem
3260 4875 3474 4947 pannis
3507 4874 3679 4928 indu-

2033 4974 2130 5025 tus
2167 4968 2478 5035 veteribus,
2508 4972 2674 5023 erant
2702 4982 2937 5039 quoque
2963 4964 3141 5021 calcei
3174 4964 3468 5035 ejusmodi
3499 4967 3565 5018 ut
3593 4963 3683 5017 in-

2034 5059 2302 5130 digerent
2330 5056 2605 5125 vinculis,
2638 5061 2763 5111 erat
2788 5055 2944 5111 enim
2980 5052 3280 5109 divulsum
3320 5070 3387 5108 ac
3417 5053 3684 5123 discerp-

2034 5153 2159 5204 tum
2195 5145 2487 5203 solearum
2521 5145 2765 5202 corium.
2791 5144 2874 5200 Ab
2905 5160 3022 5200 uno
3052 5148 3249 5199 autem
3278 5160 3346 5198 ex
3381 5140 3685 5198 familiari-

2039 5237 2147 5291 bus
2182 5235 2582 5291 necessarium
2614 5233 2939 5307 accipiebat
2989 5233 3360 5288 alimentum.
3395 5232 3454 5286 Id
3490 5234 3685 5286 autem

2037 5328 2162 5381 erat
2178 5340 2333 5378 unus
2349 5325 2540 5396 panis,
2567 5323 2665 5395 qui
2689 5325 2921 5380 duobus
2936 5321 3429 5393 suppeditabatur
3442 5319 3651 5375 diebus
3670 5336 3685 5388 ;

2040 5429 2253 5485 aquam
2287 5418 2482 5469 autem
2508 5413 2713 5485 procul
2766 5413 3065 5479 hauriens,
3108 5410 3332 5466 ferebat
3360 5409 3509 5481 ipse.
3543 5409 3689 5465 Cum

2040 5504 2174 5575 quis
2205 5506 2401 5559 autem
2427 5520 2561 5559 eum
2577 5504 2895 5575 aliquando
2908 5501 3154 5559 vidisset
3167 5517 3318 5556 onus
3332 5503 3660 5573 portantem
3673 5540 3687 5566 ,

2042 5595 2284 5663 rogabat
2315 5598 2377 5648 ut
2407 5610 2537 5649 eum
2571 5594 2788 5649 levaret
2820 5593 3040 5648 labore.
3078 5590 3181 5646 Ille
3205 5593 3401 5646 autem
3427 5588 3686 5662 primum

2040 5684 2277 5755 quidem
2302 5683 2649 5751 resistebat;
2677 5685 2892 5740 docens
2924 5700 2987 5739 sc
3012 5697 3125 5738 non
3148 5680 3393 5754 possein
3420 5679 3684 5736 animum

2045 5773 2326 5830 inducere
2357 5775 2420 5829 ut
2442 5772 2667 5830 biberet
2698 5788 2911 5846 aquam
2958 5788 3086 5844 quae
3134 5773 3288 5828 esset
3334 5772 3565 5842 portata
3612 5767 3682 5823 ab
