4180 6338
486 426 559 481 65
1616 430 2088 499 PHILOTHEUS,
2130 441 2254 484 SIVI!
2290 428 2765 487 THEOPHILES.
3827 432 3899 487 66

484 551 620 608 alio.
653 554 973 625 Postquam
1004 556 1199 609 autem
1232 569 1347 608 non
1381 554 1698 625 persuasit,
1730 554 1889 610 dedit
1914 571 2093 610 urnas
2120 570 2132 607 :
2166 564 2217 628 Α
2250 554 2350 625 qui
2382 558 2563 611 totam
2594 554 2756 611 illam
2790 558 3082 611 catervam
3125 555 3513 627 expellebant,
3557 557 3668 615 Deo
3700 558 3896 615 mani-

489 642 709 697 ferebat
731 642 887 697 enim
905 643 1053 698 duas
1075 643 1363 700 ambabus
1382 644 1684 700 manibus:
1713 649 2023 716 postquam
2040 661 2139 699 au-

486 735 606 786 tem
638 730 748 785 fuit
771 732 927 786 intra
957 740 1183 803 portam
1225 733 1384 799 atrii,
1410 750 1541 788 cum
1589 750 1804 805 aquam
1836 732 2139 789 effudisset

487 826 546 876 et
574 820 972 892 dispersisset,
1022 839 1226 877 rursus
1258 823 1518 878 cucurrit
1548 824 1619 879 ad
1674 825 1916 893 fontem,
1950 822 2141 893 reipsa

486 910 849 965 conﬁrmans
885 926 1013 982 quae
1042 911 1291 966 dixerat.

558 1035 735 1091 Porro
753 1038 948 1091 autem
975 1050 1079 1107 ego
1093 1052 1344 1109 quoque,
1369 1038 1605 1108 quando
1628 1052 1761 1092 eum
1778 1038 2031 1109 primum
2048 1037 2142 1092 de-

486 1124 755 1181 siderans
777 1124 972 1180 videre
991 1125 1105 1198 (39)
1128 1127 1367 1182 ascendi
1391 1127 1449 1181 in
1475 1131 1761 1195 montem,
1786 1127 1981 1199 aspexi
2003 1143 2137 1182 eum

488 1218 785 1270 tenentem
802 1230 981 1271 urnas
996 1216 1289 1270 manibus.
1306 1215 1523 1271 Deinde
1541 1217 1733 1288 rogavi
1748 1233 1882 1272 eum
1898 1216 2139 1271 ubinam

486 1308 646 1361 esset
688 1304 1055 1361 admirabilis
1085 1304 1335 1361 Zenonis
1380 1304 1810 1361 habitaculum.
1845 1308 1898 1361 Is
1941 1310 2136 1361 autem

489 1393 639 1449 dixit
658 1409 720 1448 se
745 1392 978 1448 nullum
1006 1410 1178 1449 nosse
1197 1394 1554 1451 monachum
1578 1394 1678 1466 qui
1703 1395 1786 1451 sic
1809 1394 2140 1467 appellare-

486 1486 602 1537 tur.
637 1486 751 1554 Ego
783 1487 978 1537 autem
1012 1500 1146 1539 cum
1179 1500 1315 1539 eum
1345 1483 1541 1555 ipsum
1577 1500 1706 1540 esse
1725 1484 2135 1556 conjecissem,

487 1576 725 1627 secutus
747 1588 903 1637 sum,
936 1570 993 1626 id
1019 1571 1337 1641 conjiciens
1363 1588 1430 1626 ex
1451 1573 1579 1643 ejus
1602 1574 1889 1629 sermonis
1909 1574 2139 1629 modes-

486 1662 591 1718 tia.
624 1665 943 1732 Postquam
965 1665 1155 1716 autem
1175 1662 1481 1734 ingressus
1505 1680 1636 1717 sum
1658 1662 1874 1719 ostium
1910 1663 2026 1718 vidi
2050 1667 2143 1718 to-

485 1766 617 1805 rum
632 1766 700 1805 ex
715 1750 846 1807 feno
859 1754 1345 1818 constructum,et
1359 1753 1673 1822 quamdam
1691 1750 1867 1807 aliam
1884 1757 2134 1808 stoream

485 1840 568 1894 ita
596 1855 773 1910 super
810 1839 1033 1909 lapides
1081 1844 1346 1907 stratam,
1380 1844 1445 1895 ut
1474 1841 1570 1912 qui
1595 1841 1955 1912 superillam
1999 1843 2135 1899 sede

488 1928 655 1994 bant,
677 1927 747 1982 ab
772 1944 837 1983 ea
857 1927 1101 1983 minime
1125 1927 1489 1984 lmderenter.
1510 1928 1823 2000 Postquam
1846 1934 2039 1985 autem
2064 1931 2136 1985 de
2164 1938 2212 2003 Β

483 2015 862 2088 philosophia
889 2016 1080 2072 multa
1098 2018 1273 2073 verba
1294 2018 1538 2073 fecimus
1561 2038 1575 2087 ;
1597 2035 1702 2091 ego
1724 2020 1882 2074 enim
1906 2020 2146 2076 interro-

482 2108 851 2180 gabam,ipse
875 2126 1006 2164 vero
1030 2108 1198 2164 nobis
1215 2109 1541 2181 explicabat
1565 2126 1632 2165 ea
1653 2127 1779 2181 quae
1796 2112 2142 2181 quaereban-

484 2203 622 2252 tur:
668 2202 727 2254 et
774 2199 1078 2270 oportebat
1126 2199 1403 2271 deinceps
1453 2200 1692 2255 domum
1742 2200 1989 2269 reverli;
2039 2218 2143 2274 ego

486 2302 624 2342 eum
655 2287 935 2359 precabar
966 2292 1032 2343 ut
1065 2288 1230 2343 daret
1256 2288 1530 2345 viaticum
1554 2290 2019 2347 benedictionis:
2046 2291 2143 2347 ille

488 2380 689 2431 autem
712 2377 1093 2447 repugnabat,
1122 2377 1321 2432 dicens
1337 2394 1567 2449 aequum
1588 2395 1717 2434 esse
1734 2387 1795 2434 ut
1816 2396 1920 2435 nos
1944 2397 2142 2451 preces

488 2464 891 2536 impleremus,
906 2470 962 2520 et
975 2466 1232 2538 seipsum
1248 2466 1484 2537 quidem
1500 2468 1814 2538 privatum,
1832 2473 2141 2525 nosautem

485 2551 723 2622 milites,
753 2552 1059 2626 appellans
1083 2574 1097 2625 ;
1118 2559 1257 2610 tunc
1279 2556 1433 2611 enim
1459 2556 1855 2614 sacroslihros
1874 2557 2139 2629 legebam

481 2640 585 2698 Dei
604 2642 991 2714 populo.Cum
1010 2660 1114 2700 nos
1132 2649 1329 2700 autem
1344 2646 1715 2716 juventutem
1739 2646 2004 2703 etaetatis
2027 2647 2137 2702 im-

486 2734 889 2787 maturitatem
907 2734 1016 2787 add
1029 2750 1335 2789 uceremus
1352 2737 1514 2805 (tunc
1531 2735 1685 2790 enim
1703 2735 1959 2807 primum
1993 2754 2140 2808 pau-

491 2837 619 2876 cam
655 2822 975 2893 quamdam
1009 2823 1480 2893 producebamus
1516 2824 1882 2895 lanuginem)
1910 2826 2137 2896 etjura-

494 2926 695 2965 remus
717 2927 824 2967 nos
849 2928 964 2967 non
989 2928 1118 2967 esse
1138 2929 1342 2968 rursus
1375 2917 1673 2983 venturos,
1717 2912 1766 2969 si
1798 2930 2140 2986 cogeremur

495 2999 606 3055 hoc
640 3000 850 3070 facere,
872 3000 966 3055 vix
997 3002 1230 3056 tandem
1253 3002 1487 3072 quidem
1516 3002 1719 3058 multis
1750 3002 1935 3060 ﬂexus
1954 3005 2141 3076 preci-

492 3089 625 3157 bus,
656 3093 768 3144 Deo
799 3088 1013 3145 obtulit
1040 3090 1276 3161 quidem
1310 3090 1791 3148 intercessionem
1817 3112 1831 3161 ;
1858 3093 1958 3148 sed
1982 3094 2138 3164 quod

490 3178 548 3233 id
584 3178 840 3245 fecisset,
876 3177 1078 3234 multis
1100 3178 1292 3235 verbis
1316 3196 1377 3235 se
1408 3181 1728 3247 excusavit,
1762 3182 1963 3238 dicens
1995 3200 2057 3238 se
2080 3183 2136 3238 id

485 3266 695 3322 fecisse
709 3268 995 3323 etamoris
1010 3284 1189 3323 causa
1202 3273 1257 3323 et
1279 3267 1643 3337 obedientiae,
1660 3272 2135 3343 appropinquan-

489 3360 577 3412 tes
593 3356 753 3412 enim
776 3356 1113 3413 audivimus
1138 3366 1489 3430 precantem.
1515 3359 1675 3423 Quod
1704 3363 1899 3415 autem
1923 3360 1983 3415 in
2014 3366 2135 3417 tam

486 3447 782 3517 profunda
811 3445 1378 3517 philosOphia,tanta
1394 3452 1547 3503 esset
1563 3449 1851 3505 modestia
1867 3466 1932 3505 ac
1947 3452 2140 3507 mode-

485 3534 712 3589 ratione
735 3533 822 3589 vir
844 3534 1449 3607 senex(quadraginta
1469 3536 1625 3591 enim
1651 3537 1823 3592 annis
1838 3540 2136 3611 perpetuis

482 3630 757 3679 versatus
779 3623 971 3679 eratin
987 3624 1315 3680 monastica
1329 3626 1964 3698 exercitationne),quis
1988 3629 2135 3685 satis

489 3730 593 3784 pro
632 3713 922 3785 dignitate
952 3714 1207 3787 potuerit
1237 3714 1568 3770 admirari?
1615 3732 1908 3786 quasnam
1936 3723 2131 3773 autem

482 3801 689 3858 laudes
714 3802 794 3857 rei
827 3802 1222 3874 magnitudini
1248 3820 1413 3874 pares
1438 3804 1697 3876 potuerit
1719 3805 1923 3861 all‘erre
1943 3806 1969 3860 ?
1989 3810 2132 3863 Cum

479 3896 679 3947 autem
716 3892 954 3947 virtutis
985 3892 1132 3948 tales
1164 3886 1494 3964 possideret
1523 3910 1684 3966 Opes,
1718 3898 2002 3966 tanquam
2033 3896 2132 3968 qui

480 3986 636 4037 esset
660 3982 718 4041 in
744 3986 999 4037 extrema
1022 3981 1241 4054 inOpia,
1266 3983 1338 4037 ad
1363 3982 1464 4038 Dei
1492 3983 1801 4040 ecclesiam
1826 3985 1918 4040 die
1942 3985 2133 4041 Domi-

479 4070 613 4126 nico
628 4070 901 4126 veniebat
914 4087 1049 4126 cum
1066 4070 1302 4144 populo,
1320 4071 1552 4128 divinos
1568 4073 1815 4129 audiens
1834 4091 2133 4132 sermones

481 4165 540 4215 et
570 4176 744 4217 aures
778 4161 1234 4217 accommodans
1285 4162 1667 4226 doctoribus;
1715 4168 1772 4218 et
1818 4169 2131 4237 postquam

482 4264 747 4304 mensam
794 4249 1208 4321 participasset
1253 4251 1583 4324 mysticam,
1630 4254 2029 4309 revertebatur
2070 4255 2129 4311 in

483 4352 693 4392 novum
728 4334 875 4391 illud
897 4336 1326 4408 habitaculum,
1353 4355 1466 4394 non
1492 4338 1719 4395 habens
1743 4339 1988 4408 clavem,
2014 4358 2129 4398 non

482 4426 833 4497 claustrum,
856 4427 1475 4500 non828relinquens
1490 4431 1816 4486 custodem:
1835 4436 1957 4486 erat
1971 4432 2129 4487 enim

482 4516 773 4572 maleﬁcia
807 4516 982 4587 plane
1015 4518 1241 4575 invium
1277 4524 1334 4574 et
1364 4524 1832 4589 sacrosanctum,
1876 4525 1940 4576 ut
1976 4524 2128 4592 quod

482 4605 666 4662 solam
690 4604 858 4661 illam
882 4606 1125 4663 haberet
1150 4612 1429 4663 stoream.
1465 4608 1654 4664 Unum
1682 4615 1878 4665 autem
1910 4609 2127 4666 librum

2250 645 2395 701 feste
2416 662 2587 701 suam
2621 646 2961 701 ostendente
2994 646 3264 719 gratiam.

2320 734 2561 800 Qualem
2607 751 2742 807 ergo
2787 735 2969 791 vitam
3020 735 3205 807 egerit
3250 735 3345 791 hic
3390 736 3476 792 vir
3524 737 3783 805 divinus,
3836 742 3896 795 et

2250 823 2483 894 qualem
2500 825 2869 881 sitdivinitus
2883 826 3131 897 gratiam
3145 828 3550 897 assecutus,ad
3565 829 3893 884 docendum

2250 912 2372 968 haec
2399 913 2720 971 sufficiunt.
2743 915 2851 969 Sed
2871 915 3025 970 enim
3052 930 3287 971 necesse
3308 920 3397 970 est
3414 914 3523 972 hoc
3544 933 3778 988 quoque
3803 917 3894 973 bis

2251 1002 2523 1071 adjicere.
2548 1001 2731 1058 Valde
2751 1018 2883 1059 eum
2905 1004 3155 1073 angebat
3177 1008 3233 1059 et
3255 1002 3406 1059 male
3427 1004 3700 1075 habebat,
3731 1006 3889 1077 quod

2251 1091 2379 1162 ejus
2413 1091 2767 1147 mansissent
2798 1091 3127 1158 facultates,
3161 1097 3218 1148 et
3248 1110 3361 1149 non
3391 1109 3458 1148 ex
3480 1093 3605 1166 lege
3646 1110 3895 1166 evange-

2250 1178 2361 1233 liea
2374 1185 2430 1235 et
2449 1182 2796 1237 venundatae
2818 1185 3017 1237 essent
3036 1186 3091 1236 et
3114 1181 3440 1237 distributae
3468 1199 3480 1238 :
3498 1182 3673 1253 hujus
3695 1186 3891 1239 autem

2250 1284 2429 1324 causa
2457 1269 2570 1324 fuit
2601 1270 2846 1325 fratrum
2873 1274 3011 1326 aetas
3033 1270 3371 1327 immatura.
3410 1272 3701 1336 Quoniam
3734 1272 3892 1329 enim

2250 1362 2413 1413 erant
2450 1374 2795 1415 communes
2828 1363 2883 1415 et
2921 1360 3179 1431 pecuniae
3211 1364 3267 1416 et
3298 1363 3726 1432 possessiones,
3767 1360 3895 1434 ipse

2249 1447 2487 1518 quidem
2512 1448 2745 1504 nolebat
2767 1448 3074 1504 divisionis
3097 1466 3273 1505 causa
3294 1450 3482 1506 redire
3515 1451 3573 1506 in
3600 1451 3851 1523 patriam
3879 1468 3891 1507 :

2248 1536 2342 1591 alii
2364 1541 2559 1594 autem
2581 1538 2928 1594 verebantur
2948 1538 3194 1594 vendere
3208 1543 3433 1611 partem
3453 1556 3694 1596 suarum
3713 1539 3894 1597 facul-

2248 1630 2459 1695 tatum,
2492 1643 2563 1683 ne
2594 1632 2887 1700 emptores
2921 1629 3063 1683 moti
3097 1628 3359 1696 avaritia,
3394 1629 3603 1685 fratres
3635 1629 3893 1686 circum-

2249 1716 2593 1782 scribentes,
2613 1716 2697 1771 illi
2721 1717 3023 1771 inurerent
3060 1716 3472 1788 ignominiam.
3498 1718 3628 1774 Haec
3649 1719 3806 1791 apud
3829 1734 3892 1774 se

2249 1805 2445 1861 animo
2459 1822 2721 1873 versans,
2738 1806 2839 1861 diu
2856 1806 3090 1861 distulit
3108 1806 3539 1877 venditionem;
3562 1812 3765 1879 postea
3786 1825 3893 1865 au-

2250 1898 2363 1950 tem
2397 1911 2532 1950 cum
2564 1894 2795 1950 cuidam
2826 1911 2893 1951 ex
2923 1895 3079 1950 notis
3126 1896 3250 1951 suis
3272 1896 3630 1953 vendidisset
3675 1898 3894 1970 omnia,

2251 1983 2497 2054 plurima
2519 1984 2753 2056 quidem
2774 1984 3073 2041 distribuit
3096 1984 3360 2042 :interim
3376 1988 3573 2042 autem
3598 1986 3893 2060 malaquae

2251 2072 2460 2129 accidit
2476 2073 2761 2143 valetudo,
2784 2075 2971 2146 coegit
3000 2091 3133 2130 eum
3165 2075 3502 2131 consultare
3532 2077 3603 2132 de
3626 2076 3891 2149 reliquis.

2248 2162 2543 2218 Accersito
2566 2163 2766 2234 itaque
2793 2163 3052 2219 antistite
3069 2164 3404 2236 civitatis(is
3417 2172 3610 2221 autem
3624 2169 3746 2221 erat
3766 2183 3896 2222 ma-

2250 2266 2400 2322 gnus
2430 2252 2775 2319 Alexander,
2800 2252 3078 2325 splendor
3096 2270 3242 2309 verae
3276 2253 3598 2326 religionis,
3622 2260 3679 2312 et
3700 2270 3896 2312 exem-

2250 2340 2378 2412 plar
2389 2340 2644 2409 virtutis,
2660 2346 2923 2399 exactaet
2944 2350 3216 2398 accurata
3234 2342 3427 2416 imago
3450 2343 3889 2418 philosophias):

2248 2430 2569 2499 Adesdum,
2602 2430 2859 2502 inquit,o
2890 2431 3153 2487 divinum
3211 2440 3405 2503 caput,
3436 2432 3647 2489 harum
3679 2437 3745 2489 tu
3794 2449 3893 2504 pe-

2249 2519 2555 2574 cuniarum
2585 2520 2669 2576 sis
2700 2519 2846 2576 mihi
2877 2520 3138 2592 Optimus
3171 2536 3532 2591 oeconomus,
3566 2538 3665 2577 eas
3687 2538 3759 2577 ex
3800 2523 3890 2577 di-

2247 2606 2379 2663 vino
2407 2607 2679 2663 instituto
2698 2608 3081 2677 distribuens,
3108 2610 3589 2680 tanquamjudici
3612 2610 3698 2665 illi
3723 2612 3895 2669 ratio-

2248 2712 2381 2751 nem
2397 2697 2753 2753 redditurus.
2770 2697 2930 2753 Alias
2960 2698 3114 2753 enim
3130 2714 3236 2769 ego
3252 2715 3426 2754 manu
3444 2714 3573 2755 mea
3586 2699 3894 2771 dispensa-

2246 2785 2770 2855 vi,etdistribui,ut
2790 2786 2931 2842 mihi
2953 2788 3119 2843 visus
3140 2804 3274 2844 sum
3296 2787 3543 2859 Optime;
3561 2789 3768 2845 vellem
3794 2808 3892 2846 au-

2244 2879 2363 2930 tem
2380 2875 2851 2948 reliquaquoque
2881 2877 3224 2949 dispensare
3257 2876 3570 2934 similiter:
3602 2879 3705 2934 sed
3746 2896 3894 2951 quo-

2245 2964 2433 3034 niamj
2445 2966 2623 3020 ubeor
2638 2966 2888 3037 migrare
2905 2982 2970 3021 ex
2990 2965 3099 3021 hac
3118 2966 3317 3034 vita,te
3330 2982 3436 3039 ego
3450 2983 3650 3023 earum
3664 2967 3885 3024 consti-

2245 3059 2346 3108 tuo
2368 3054 3035 3127 dispensatorem,quies
3053 3056 3464 3127 etpontifex,et
3478 3056 3883 3127 pontificatum

2244 3140 2471 3214 legibus
2503 3148 2657 3199 recte
2689 3144 2863 3217 geris.
2913 3146 3200 3201 Pecunias
3252 3145 3450 3217 itaque
3474 3149 3757 3217 tanquam
3782 3146 3885 3203 Dei

2244 3231 2516 3301 quaestori
2550 3232 2809 3289 tradidit.
2840 3234 2967 3305 Ipse
2993 3238 3188 3289 autem
3220 3250 3354 3289 cum
3387 3251 3501 3290 non
3536 3234 3669 3307 plus
3702 3252 3882 3307 quam

2167 3307 2209 3375 C
2247 3336 2465 3375 annum
2488 3319 2727 3376 vixisset
2751 3322 2858 3393 (40)
2880 3327 3100 3393 postea,
3126 3327 3408 3393 tanquam
3432 3323 3674 3396 quidam
3698 3324 3890 3397 Olym-

2239 3409 2409 3480 picus
2434 3409 2616 3465 victor
2636 3411 2880 3467 recessit
2900 3428 2933 3465 a
2956 3411 3162 3483 septis,
3187 3429 3303 3467 non
3327 3413 3399 3468 ab
3420 3411 3763 3470 hominibus
3786 3431 3886 3469 so-

2238 3500 2364 3553 lum
2395 3498 2642 3571 gloriam
2677 3504 3003 3570 assecutus,
3037 3502 3139 3557 sed
3170 3501 3347 3557 etiam
3380 3501 3451 3556 ab
3483 3501 3728 3574 angelis.

2310 3588 2428 3659 Ego
2458 3593 2655 3643 autem
2686 3606 2819 3644 cum
2852 3605 2985 3645 eum
3019 3594 3084 3647 ut
3105 3608 3209 3662 pro
3238 3607 3329 3647 me
3352 3591 3423 3645 ad
3456 3591 3765 3649 Dominum
3791 3593 3883 3648 in-

2238 3677 2517 3745 tercedat,
2542 3693 2801 3747 oravero,
2826 3695 2917 3734 me
2939 3681 3009 3735 ad
3029 3679 3207 3736 aliam
3232 3684 3566 3737 convertam
3594 3683 3885 3737 narratio-

2239 3780 2395 3821 nem.

2839 3863 3067 3921 CAPUT
3105 3866 3262 3922 XIII.

2798 3971 3164 4010 MACEDONIUS
3213 3955 3326 4028 (41)

2307 4070 2714 4127 Macedoniam
2732 4072 3305 4144 autem,cognomine
3327 4069 3694 4150 Κριθοφάγον,
3714 4073 3772 4129 id
3800 4078 3890 4129 est

2237 4166 2562 4217 vescentem
2591 4161 2808 4217 hordeo
2833 4162 2910 4231 (is
2942 4162 3099 4217 enim
3130 4162 3299 4218 cibus
3332 4162 3439 4218 hoc
3472 4164 3522 4218 ei
3554 4179 3883 4236 cognomen

2238 4250 2566 4321 imposuit),
2589 4250 2785 4306 sciunt
2808 4251 3047 4323 quidem
3068 4269 3273 4308 omnes
3296 4252 3599 4309 Phoenices
3614 4261 3669 4308 et
3687 4253 3815 4326 Syri
3832 4256 3889 4308 et

2238 4338 2684 4411 Cyliceszsciunt
2705 4344 2900 4395 autem
2927 4340 3139 4395 horum
3163 4358 3399 4413 quoque
3420 4342 3593 4397 vicini
3626 4347 3684 4398 et
3706 4342 3889 4397 ﬁniti-

2238 4429 2340 4496 mi,
2374 4428 2474 4499 qui
2498 4428 2709 4499 partim
2733 4428 2968 4499 quidem
2992 4430 3102 4502 ipsi
3127 4430 3322 4487 videre
3346 4431 3653 4497 miracula,
3671 4432 3887 4503 partim

2234 4522 2431 4573 autem
2464 4534 2532 4573 ea
2562 4518 2775 4573 famam
2810 4517 3201 4575 celebrantem
3228 4519 3730 4591 audivere.Neque
3751 4537 3887 4576 vero

2237 4606 2433 4663 sciunt
2461 4624 2662 4663 omnes
2692 4607 2923 4677 omnia;
2949 4610 3049 4663 sed
3082 4625 3215 4665 cum
3247 4609 3343 4666 alii
3377 4610 3614 4681 quidem
3638 4609 3767 4676 hoc,
3789 4609 3889 4664 alii

481 4695 775 4767 accipiens
811 4712 844 4751 a
865 4696 1277 4768 familiaribus,
1313 4714 1445 4753 eum
1480 4703 1667 4753 totum
1700 4699 1951 4772 legebat,
1993 4705 2126 4757 eteo
2156 4678 2205 4740 D
2234 4713 2370 4753 vero
2399 4696 2544 4751 illud
2569 4697 2899 4764 didicerint,
2933 4700 3089 4769 quod
3114 4699 3309 4754 sciunt
3340 4678 3547 4755 merito
3569 4699 3760 4755 solum
3785 4700 3889 4753 ad-

481 4786 639 4854 prius
664 4787 913 4854 reddito,
938 4787 1123 4842 alium
1149 4787 1490 4858 accipiebat.
1515 4789 1624 4844 Sed
1648 4788 1783 4845 licet
1805 4806 1907 4845 nec
1932 4789 2127 4846 claus-

479 4878 570 4929 tra
592 4874 856 4945 haberet,
890 4894 996 4933 nec
1025 4878 1288 4933 vectibus
1321 4882 1604 4947 uteretur,
1640 4880 2129 4936 custodiebatura

482 4978 737 5033 superna
756 4964 970 5037 gratia;
986 4963 1164 5036 idque
1181 4965 1485 5037 peripsam
1500 4966 1916 5038 experientiam
1933 4972 2130 5039 aperte

485 5051 825 5109 didicimus.
861 5054 1105 5119 Quando
1137 5054 1291 5109 enim
1330 5056 1515 5110 Isauri
1548 5072 1652 5127 per
1684 5056 1932 5111 insidias
1957 5061 2127 5111 noctu

486 5157 679 5197 arcem
712 5158 935 5214 cepere,
970 5143 1179 5198 deinde
1213 5160 1381 5199 mane
1411 5162 1601 5216 usque
1636 5145 1705 5200 ad
1736 5144 1890 5200 latus
1914 5146 2130 5201 montis

483 5230 777 5286 faciebant
803 5231 1195 5301 incursiones,
1214 5234 1431 5289 multos
1450 5234 1689 5304 quidem
1712 5234 1886 5302 viros,
1906 5238 1963 5289 et
1984 5234 2132 5290 mul-

481 5323 571 5375 tas
622 5321 904 5377 mulieres
935 5338 1060 5392 quae
1106 5322 1286 5377 vitam
1320 5324 1667 5379 exercebant
1716 5323 2128 5390 monasticam,

483 5409 799 5465 crudeliter
830 5410 1139 5467 confodere
1166 5428 1178 5466 :
1229 5416 1371 5466 tunc
1403 5427 1540 5483 ergo
1570 5413 1657 5467 vir
1703 5411 1958 5481 divinus,
1988 5412 2135 5468 alio-

478 5513 613 5553 rum
645 5500 865 5555 caedem
896 5500 1159 5567 intuens,
1194 5501 1386 5556 ell‘ecit
1416 5502 1677 5557 oratione
1710 5506 1774 5557 ut
1794 5519 1998 5558 eorum
2033 5519 2131 5558 ca-

480 5584 736 5658 ligarent
768 5588 946 5660 oculi,
970 5593 1027 5644 et
1056 5604 1158 5661 per
1190 5588 1407 5645 ostium
1441 5589 1863 5662 ingredientes,
1899 5608 2014 5648 non
2046 5591 2132 5646 vi-

475 5677 693 5732 debant
720 5678 947 5734 aditum
974 5696 989 5734 :
1024 5683 1088 5734 ut
1103 5682 1300 5734 autem
1317 5679 1796 5746 dicebat,testem
1822 5680 2129 5753 appellans

469 5766 799 5839 veritatem,
848 5772 1042 5840 aperte
1073 5784 1309 5840 quoque
1359 5773 1478 5827 tres
1510 5769 1656 5827 vidit
1696 5770 2129 5841 adolescentes,

2240 4786 2551 4842 mirantur.
2580 4787 2694 4858 Ego
2718 4792 2915 4842 autem
2948 4804 3081 4843 cum
3106 4789 3176 4842 de
3198 4788 3307 4843 hoc
3329 4787 3522 4843 divino
3548 4789 3733 4860 capite
3756 4788 3888 4844 aliis

2240 4875 2421 4931 sciam
2454 4876 2767 4947 perfectius
2800 4876 3011 4948 (multa
3040 4877 3195 4932 enim
3230 4893 3303 4932 ne
3357 4882 3670 4934 moverunt
3700 4882 3766 4933 ut
3815 4878 3887 4933 ad

2238 4982 2372 5021 eum
2406 4965 2548 5020 irem
2599 4968 2655 5020 et
2685 4966 2962 5036 frequens
2995 4968 3149 5038 apud
3191 4982 3327 5022 eum
3365 4969 3604 5035 essem),
3636 4968 3888 5025 narrabo

2240 5053 2476 5125 singula
2499 5058 2561 5108 ut
2580 5058 2842 5126 potuero.
2870 5059 3031 5110 [tunc
3055 5060 3250 5111 autem
3275 5055 3325 5111 ei
3352 5055 3619 5111 ordinem
3643 5057 3889 5122 servavi,

2239 5148 2295 5199 et
2329 5147 2456 5213 post
2489 5142 2726 5212 multos,
2762 5144 2889 5214 ejus
2930 5144 3097 5215 posui
3128 5144 3552 5211 narrationem,
3587 5161 3703 5200 non
3735 5146 3889 5216 quod

2240 5233 2291 5289 is
2325 5231 2455 5288 aliis
2487 5232 2663 5287 fuerit
2691 5232 2909 5289 virtute
2933 5235 3229 5289 secundus
3252 5236 3399 5304 (erat
3421 5233 3579 5290 enim
3605 5235 3690 5290 vel
3724 5252 3891 5291 sum-

2242 5323 2356 5377 mis
2386 5326 2443 5377 et
2475 5320 2680 5392 primis
2712 5321 2995 5393 aequalis),
3029 5324 3128 5378 sed
3164 5324 3317 5395 quod
3351 5340 3485 5379 cum
3517 5324 3722 5380 vixerit
3751 5324 3889 5380 lon-

2241 5410 2486 5483 gissimo
2517 5414 2800 5482 tempore,
2834 5416 2968 5482 post
3000 5411 3131 5468 illos
3163 5428 3416 5484 quorum
3464 5413 3727 5480 memini,
3758 5413 3888 5469 vitae

2240 5501 2419 5556 ﬁnem
2453 5499 2696 5571 accepit.

2310 5589 2414 5645 Hic
2446 5603 2583 5660 ergo
2614 5588 3211 5661 habebatpalaestram
3229 5596 3285 5647 et
3300 5591 3558 5648 stadium
3582 5589 3889 5647 cacumina

2242 5678 2535 5735 montium
2553 5694 2566 5733 :
2584 5694 2697 5733 non
2716 5677 2775 5732 in
2791 5695 2906 5734 uno
2923 5678 3047 5736 loco
3073 5680 3322 5753 positus,
3346 5681 3447 5738 sed
3468 5697 3624 5736 nunc
3647 5678 3885 5750 quidem

2239 5769 2300 5825 in
2334 5767 2443 5824 hoc
2476 5782 2843 5839 agens,nunc
2872 5786 3005 5827 vero
3025 5770 3084 5827 in
3106 5770 3277 5827 illum
3308 5769 3625 5826 transiens.
3646 5765 3763 5823 Hoc
3784 5784 3888 5823 au-
