  <div class='ocr_page' id='page_1' title='image "/cluster/home/n/w/nwhite01/storage/ocr_20150623/74/hvd.32044054758784/039.png"; bbox 0 0 4218 6348; ppageno 0'>
   <div class='ocr_carea' id='block_1_1' title="bbox 379 390 449 443">
    <p class='ocr_par' dir='ltr' id='par_1_1' title="bbox 379 390 449 443">
     <span class='ocr_line' id='line_1_1' title="bbox 379 390 449 443; baseline 0 0"><span class='ocrx_word' id='word_1_1' title='bbox 379 390 449 443; x_wconf 83' lang='grc'>67</span> 
     </span>
    </p>
   </div>
   <div class='ocr_carea' id='block_1_2' title="bbox 1549 374 2598 431">
    <p class='ocr_par' dir='ltr' id='par_1_2' title="bbox 1549 374 2598 431">
     <span class='ocr_line' id='line_1_2' title="bbox 1549 374 2598 431; baseline -0.001 0"><span class='ocrx_word' id='word_1_2' title='bbox 1549 379 1646 431; x_wconf 80' lang='lat' dir='ltr'>DE</span> <span class='ocrx_word' id='word_1_3' title='bbox 1681 376 1875 431; x_wconf 83' lang='lat' dir='ltr'>VITIS</span> <span class='ocrx_word' id='word_1_4' title='bbox 1913 374 2213 430; x_wconf 75' lang='lat' dir='ltr'>PATRUM</span> <span class='ocrx_word' id='word_1_5' title='bbox 2249 375 2464 429; x_wconf 82' lang='lat' dir='ltr'>LIBER</span> <span class='ocrx_word' id='word_1_6' title='bbox 2500 377 2598 431; x_wconf 80' lang='lat' dir='ltr'>IX.</span> 
     </span>
    </p>
   </div>
   <div class='ocr_carea' id='block_1_3' title="bbox 3715 374 3788 430">
    <p class='ocr_par' dir='ltr' id='par_1_3' title="bbox 3715 374 3788 430">
     <span class='ocr_line' id='line_1_3' title="bbox 3715 374 3788 430; baseline 0.027 -2"><span class='ocrx_word' id='word_1_7' title='bbox 3715 374 3788 430; x_wconf 87' lang='lat'>68</span> 
     </span>
    </p>
   </div>
   <div class='ocr_carea' id='block_1_4' title="bbox 382 498 3788 583">
    <p class='ocr_par' dir='ltr' id='par_1_4' title="bbox 382 498 3788 583">
     <span class='ocr_line' id='line_1_4' title="bbox 382 498 3788 583; baseline -0.004 -13"><span class='ocrx_word' id='word_1_8' title='bbox 382 519 499 571; x_wconf 91' lang='lat' dir='ltr'>tem</span> <span class='ocrx_word' id='word_1_9' title='bbox 534 510 805 577; x_wconf 81' lang='lat' dir='ltr'>faciebat,</span> <span class='ocrx_word' id='word_1_10' title='bbox 840 524 955 563; x_wconf 91' lang='lat' dir='ltr'>non</span> <span class='ocrx_word' id='word_1_11' title='bbox 988 506 1116 562; x_wconf 89' lang='lat' dir='ltr'>loca</span> <span class='ocrx_word' id='word_1_12' title='bbox 1140 518 1290 575; x_wconf 63' lang='lat' dir='ltr'>aegre</span> <span class='ocrx_word' id='word_1_13' title='bbox 1321 503 1533 566; x_wconf 89' lang='lat' dir='ltr'>ferens,</span> <span class='ocrx_word' id='word_1_14' title='bbox 1562 501 1663 556; x_wconf 90' lang='lat' dir='ltr'>sed</span> <span class='ocrx_word' id='word_1_15' title='bbox 1696 515 1898 555; x_wconf 92' lang='lat' dir='ltr'>eorum</span> <span class='ocrx_word' id='word_1_16' title='bbox 1930 498 2029 569; x_wconf 92' lang='lat' dir='ltr'>qui</span> <span class='ocrx_word' id='word_1_17' title='bbox 2060 518 2113 583; x_wconf 74' lang='grc' dir='ltr'><strong>Α</strong></span> <span class='ocrx_word' id='word_1_18' title='bbox 2141 515 2210 555; x_wconf 91' lang='lat' dir='ltr'>ea</span> <span class='ocrx_word' id='word_1_19' title='bbox 2243 516 2418 570; x_wconf 91' lang='lat' dir='ltr'>quam</span> <span class='ocrx_word' id='word_1_20' title='bbox 2444 499 3057 556; x_wconf 85' lang='lat' dir='ltr'>desiderabatviccndi</span> <span class='ocrx_word' id='word_1_21' title='bbox 3091 500 3335 557; x_wconf 81' lang='lat' dir='ltr'>ratione.</span> <span class='ocrx_word' id='word_1_22' title='bbox 3360 502 3467 557; x_wconf 85' lang='lat' dir='ltr'>Sed</span> <span class='ocrx_word' id='word_1_23' title='bbox 3491 505 3635 558; x_wconf 87' lang='lat' dir='ltr'>tunc</span> <span class='ocrx_word' id='word_1_24' title='bbox 3653 503 3788 573; x_wconf 89' lang='lat' dir='ltr'>qui-</span> 
     </span>
    </p>
   </div>
   <div class='ocr_carea' id='block_1_5' title="bbox 385 589 2029 674">
    <p class='ocr_par' dir='ltr' id='par_1_5' title="bbox 385 589 2029 674">
     <span class='ocr_line' id='line_1_5' title="bbox 385 589 2029 674; baseline -0.011 -15"><span class='ocrx_word' id='word_1_25' title='bbox 385 606 452 659; x_wconf 88' lang='lat' dir='ltr'>ad</span> <span class='ocrx_word' id='word_1_26' title='bbox 487 604 679 674; x_wconf 89' lang='lat' dir='ltr'>ipsum</span> <span class='ocrx_word' id='word_1_27' title='bbox 712 596 1156 662; x_wconf 83' lang='lat' dir='ltr'>conveniebant,</span> <span class='ocrx_word' id='word_1_28' title='bbox 1188 601 1241 648; x_wconf 92' lang='lat' dir='ltr'>et</span> <span class='ocrx_word' id='word_1_29' title='bbox 1273 592 1530 660; x_wconf 79' lang='lat' dir='ltr'>undique</span> <span class='ocrx_word' id='word_1_30' title='bbox 1577 589 2029 653; x_wconf 86' lang='lat' dir='ltr'>concurrebant,</span> 
     </span>
    </p>
   </div>
   <div class='ocr_carea' id='block_1_6' title="bbox 383 676 2029 764">
    <p class='ocr_par' dir='ltr' id='par_1_6' title="bbox 383 676 2029 764">
     <span class='ocr_line' id='line_1_6' title="bbox 383 676 2029 764; baseline -0.012 -15"><span class='ocrx_word' id='word_1_31' title='bbox 383 693 667 764; x_wconf 70' lang='lat' dir='ltr'>effugiens</span> <span class='ocrx_word' id='word_1_32' title='bbox 684 686 1147 744; x_wconf 80' lang='lat' dir='ltr'>multitudinem.</span> <span class='ocrx_word' id='word_1_33' title='bbox 1164 681 1554 753; x_wconf 80' lang='lat' dir='ltr'>Quadraginta</span> <span class='ocrx_word' id='word_1_34' title='bbox 1570 684 1763 734; x_wconf 88' lang='lat' dir='ltr'>autem</span> <span class='ocrx_word' id='word_1_35' title='bbox 1786 683 1842 733; x_wconf 88' lang='lat' dir='ltr'>et</span> <span class='ocrx_word' id='word_1_36' title='bbox 1856 676 2029 747; x_wconf 91' lang='lat' dir='ltr'>quin-</span> 
     </span>
    </p>
   </div>
   <div class='ocr_carea' id='block_1_7' title="bbox 383 766 2029 855">
    <p class='ocr_par' dir='ltr' id='par_1_7' title="bbox 383 766 2029 855">
     <span class='ocr_line' id='line_1_7' title="bbox 383 766 2029 855; baseline -0.013 -16"><span class='ocrx_word' id='word_1_37' title='bbox 383 799 496 855; x_wconf 88' lang='lat' dir='ltr'>que</span> <span class='ocrx_word' id='word_1_38' title='bbox 515 780 684 838; x_wconf 90' lang='lat' dir='ltr'>annis</span> <span class='ocrx_word' id='word_1_39' title='bbox 706 775 1003 850; x_wconf 81' lang='lat' dir='ltr'>perpetuis</span> <span class='ocrx_word' id='word_1_40' title='bbox 1026 773 1164 827; x_wconf 84' lang='lat' dir='ltr'>vixit</span> <span class='ocrx_word' id='word_1_41' title='bbox 1180 772 1287 826; x_wconf 92' lang='lat' dir='ltr'>hoc</span> <span class='ocrx_word' id='word_1_42' title='bbox 1303 770 1624 839; x_wconf 90' lang='lat' dir='ltr'>modo,non</span> <span class='ocrx_word' id='word_1_43' title='bbox 1650 772 1822 822; x_wconf 90' lang='lat' dir='ltr'>utens</span> <span class='ocrx_word' id='word_1_44' title='bbox 1839 766 2029 820; x_wconf 87' lang='lat' dir='ltr'>taber—</span> 
     </span>
    </p>
   </div>
   <div class='ocr_carea' id='block_1_8' title="bbox 381 855 2024 937">
    <p class='ocr_par' dir='ltr' id='par_1_8' title="bbox 381 855 2024 937">
     <span class='ocr_line' id='line_1_8' title="bbox 381 855 2024 937; baseline -0.012 -10"><span class='ocrx_word' id='word_1_45' title='bbox 381 871 615 937; x_wconf 89' lang='lat' dir='ltr'>naculo,</span> <span class='ocrx_word' id='word_1_46' title='bbox 649 886 764 924; x_wconf 91' lang='lat' dir='ltr'>non</span> <span class='ocrx_word' id='word_1_47' title='bbox 799 866 1072 937; x_wconf 88' lang='lat' dir='ltr'>tugurio;</span> <span class='ocrx_word' id='word_1_48' title='bbox 1099 862 1197 917; x_wconf 87' lang='lat' dir='ltr'>sed</span> <span class='ocrx_word' id='word_1_49' title='bbox 1234 864 1395 916; x_wconf 83' lang='lat' dir='ltr'>stans</span> <span class='ocrx_word' id='word_1_50' title='bbox 1426 858 1485 913; x_wconf 90' lang='lat' dir='ltr'>in</span> <span class='ocrx_word' id='word_1_51' title='bbox 1520 859 1678 913; x_wconf 89' lang='lat' dir='ltr'>fossa</span> <span class='ocrx_word' id='word_1_52' title='bbox 1706 855 2024 928; x_wconf 81' lang='lat' dir='ltr'>profunda;</span> 
     </span>
    </p>
   </div>
   <div class='ocr_carea' id='block_1_9' title="bbox 382 946 2026 1026">
    <p class='ocr_par' dir='ltr' id='par_1_9' title="bbox 382 946 2026 1026">
     <span class='ocr_line' id='line_1_9' title="bbox 382 946 2026 1026; baseline -0.012 -10"><span class='ocrx_word' id='word_1_53' title='bbox 382 961 536 1016; x_wconf 91' lang='lat' dir='ltr'>unde</span> <span class='ocrx_word' id='word_1_54' title='bbox 550 960 725 1013; x_wconf 89' lang='lat' dir='ltr'>etiam</span> <span class='ocrx_word' id='word_1_55' title='bbox 744 956 983 1026; x_wconf 89' lang='lat' dir='ltr'>quidam</span> <span class='ocrx_word' id='word_1_56' title='bbox 1005 968 1138 1007; x_wconf 90' lang='lat' dir='ltr'>eum</span> <span class='ocrx_word' id='word_1_57' title='bbox 1153 947 1740 1007; x_wconf 88' lang='lat' dir='ltr'>vocabantGubbam.</span> <span class='ocrx_word' id='word_1_58' title='bbox 1757 946 1816 1001; x_wconf 91' lang='lat' dir='ltr'>Id</span> <span class='ocrx_word' id='word_1_59' title='bbox 1833 948 2026 999; x_wconf 89' lang='lat' dir='ltr'>autem</span> 
     </span>
    </p>
   </div>
   <div class='ocr_carea' id='block_1_10' title="bbox 380 1036 2026 1114">
    <p class='ocr_par' dir='ltr' id='par_1_10' title="bbox 380 1036 2026 1114">
     <span class='ocr_line' id='line_1_10' title="bbox 380 1036 2026 1114; baseline -0.012 -8"><span class='ocrx_word' id='word_1_60' title='bbox 380 1065 615 1114; x_wconf 85' lang='lat' dir='ltr'>nomen,</span> <span class='ocrx_word' id='word_1_61' title='bbox 633 1046 679 1101; x_wconf 91' lang='lat' dir='ltr'>si</span> <span class='ocrx_word' id='word_1_62' title='bbox 711 1061 780 1099; x_wconf 84' lang='lat' dir='ltr'>ex</span> <span class='ocrx_word' id='word_1_63' title='bbox 810 1043 1016 1114; x_wconf 84' lang='lat' dir='ltr'>lingua</span> <span class='ocrx_word' id='word_1_64' title='bbox 1037 1041 1268 1113; x_wconf 82' lang='lat' dir='ltr'>Syriaca</span> <span class='ocrx_word' id='word_1_65' title='bbox 1296 1039 1354 1092; x_wconf 86' lang='lat' dir='ltr'>in</span> <span class='ocrx_word' id='word_1_66' title='bbox 1380 1039 1632 1094; x_wconf 62' lang='lat' dir='ltr'>Graecam</span> <span class='ocrx_word' id='word_1_67' title='bbox 1649 1036 2026 1102; x_wconf 85' lang='lat' dir='ltr'>tranferatur,</span> 
     </span>
    </p>
   </div>
   <div class='ocr_carea' id='block_1_11' title="bbox 376 1126 2024 1211">
    <p class='ocr_par' dir='ltr' id='par_1_11' title="bbox 376 1126 2024 1211">
     <span class='ocr_line' id='line_1_11' title="bbox 376 1126 2024 1211; baseline -0.012 -16"><span class='ocrx_word' id='word_1_68' title='bbox 376 1138 673 1211; x_wconf 86' lang='lat' dir='ltr'>signiﬁcat</span> <span class='ocrx_word' id='word_1_69' title='bbox 690 1132 979 1198; x_wconf 76' lang='grc' dir='ltr'>λάκκον,ἱά</span> <span class='ocrx_word' id='word_1_70' title='bbox 1004 1135 1095 1186; x_wconf 90' lang='lat' dir='ltr'>est</span> <span class='ocrx_word' id='word_1_71' title='bbox 1118 1130 1333 1184; x_wconf 90' lang='lat' dir='ltr'>lacum.</span> <span class='ocrx_word' id='word_1_72' title='bbox 1367 1130 1504 1183; x_wconf 92' lang='lat' dir='ltr'>Post</span> <span class='ocrx_word' id='word_1_73' title='bbox 1533 1126 1590 1179; x_wconf 90' lang='lat' dir='ltr'>id</span> <span class='ocrx_word' id='word_1_74' title='bbox 1624 1129 1821 1180; x_wconf 92' lang='lat' dir='ltr'>autem</span> <span class='ocrx_word' id='word_1_75' title='bbox 1876 1128 2024 1177; x_wconf 86' lang='lat' dir='ltr'>tem-</span> 
     </span>
    </p>
   </div>
   <div class='ocr_carea' id='block_1_12' title="bbox 389 1211 2032 1302">
    <p class='ocr_par' dir='ltr' id='par_1_12' title="bbox 389 1211 2032 1302">
     <span class='ocr_line' id='line_1_12' title="bbox 389 1211 2032 1302; baseline -0.012 -18"><span class='ocrx_word' id='word_1_76' title='bbox 389 1227 546 1302; x_wconf 91' lang='lat' dir='ltr'>poris</span> <span class='ocrx_word' id='word_1_77' title='bbox 578 1241 711 1281; x_wconf 89' lang='lat' dir='ltr'>cum</span> <span class='ocrx_word' id='word_1_78' title='bbox 737 1222 1015 1279; x_wconf 81' lang='lat' dir='ltr'>evasisset</span> <span class='ocrx_word' id='word_1_79' title='bbox 1044 1217 1424 1283; x_wconf 88' lang='lat' dir='ltr'>senex,cessit</span> <span class='ocrx_word' id='word_1_80' title='bbox 1448 1214 1878 1287; x_wconf 86' lang='lat' dir='ltr'>rogantibus,et</span> <span class='ocrx_word' id='word_1_81' title='bbox 1908 1211 2032 1302; x_wconf 79' lang='lat' dir='ltr'>fixit</span> 
     </span>
    </p>
   </div>
   <div class='ocr_carea' id='block_1_13' title="bbox 385 1301 2028 1389">
    <p class='ocr_par' dir='ltr' id='par_1_13' title="bbox 385 1301 2028 1389">
     <span class='ocr_line' id='line_1_13' title="bbox 385 1301 2028 1389; baseline -0.012 -16"><span class='ocrx_word' id='word_1_82' title='bbox 385 1301 713 1389; x_wconf 89' lang='lat' dir='ltr'>tugurium.</span> <span class='ocrx_word' id='word_1_83' title='bbox 730 1316 935 1367; x_wconf 87' lang='lat' dir='ltr'>Postea</span> <span class='ocrx_word' id='word_1_84' title='bbox 950 1315 1144 1365; x_wconf 87' lang='lat' dir='ltr'>autem</span> <span class='ocrx_word' id='word_1_85' title='bbox 1162 1306 1467 1361; x_wconf 84' lang='lat' dir='ltr'>orantibus</span> <span class='ocrx_word' id='word_1_86' title='bbox 1492 1302 1901 1366; x_wconf 83' lang='lat' dir='ltr'>familiaribus,</span> <span class='ocrx_word' id='word_1_87' title='bbox 1925 1301 2028 1355; x_wconf 84' lang='lat' dir='ltr'>do—</span> 
     </span>
    </p>
   </div>
   <div class='ocr_carea' id='block_1_14' title="bbox 384 1392 2024 1473">
    <p class='ocr_par' dir='ltr' id='par_1_14' title="bbox 384 1392 2024 1473">
     <span class='ocr_line' id='line_1_14' title="bbox 384 1392 2024 1473; baseline -0.013 -10"><span class='ocrx_word' id='word_1_88' title='bbox 384 1403 682 1463; x_wconf 90' lang='lat' dir='ltr'>munculis</span> <span class='ocrx_word' id='word_1_89' title='bbox 704 1416 936 1473; x_wconf 90' lang='lat' dir='ltr'>quoque</span> <span class='ocrx_word' id='word_1_90' title='bbox 962 1415 1075 1454; x_wconf 91' lang='lat' dir='ltr'>non</span> <span class='ocrx_word' id='word_1_91' title='bbox 1102 1394 1375 1468; x_wconf 83' lang='lat' dir='ltr'>propriis,</span> <span class='ocrx_word' id='word_1_92' title='bbox 1394 1395 1492 1450; x_wconf 90' lang='lat' dir='ltr'>sed</span> <span class='ocrx_word' id='word_1_93' title='bbox 1519 1392 1725 1447; x_wconf 90' lang='lat' dir='ltr'>alienis</span> <span class='ocrx_word' id='word_1_94' title='bbox 1748 1396 1837 1445; x_wconf 90' lang='lat' dir='ltr'>est</span> <span class='ocrx_word' id='word_1_95' title='bbox 1858 1405 2024 1444; x_wconf 89' lang='lat' dir='ltr'>usus.</span> 
     </span>
    </p>
   </div>
   <div class='ocr_carea' id='block_1_15' title="bbox 380 1478 2026 1567">
    <p class='ocr_par' dir='ltr' id='par_1_15' title="bbox 380 1478 2026 1567">
     <span class='ocr_line' id='line_1_15' title="bbox 380 1478 2026 1567; baseline -0.011 -18"><span class='ocrx_word' id='word_1_96' title='bbox 380 1494 601 1567; x_wconf 88' lang='lat' dir='ltr'>Viginti</span> <span class='ocrx_word' id='word_1_97' title='bbox 634 1492 893 1564; x_wconf 88' lang='lat' dir='ltr'>quinque</span> <span class='ocrx_word' id='word_1_98' title='bbox 921 1493 1114 1543; x_wconf 89' lang='lat' dir='ltr'>autem</span> <span class='ocrx_word' id='word_1_99' title='bbox 1148 1484 1320 1540; x_wconf 90' lang='lat' dir='ltr'>annis</span> <span class='ocrx_word' id='word_1_100' title='bbox 1335 1486 1613 1556; x_wconf 88' lang='lat' dir='ltr'>perpetuo</span> <span class='ocrx_word' id='word_1_101' title='bbox 1631 1481 1805 1535; x_wconf 89' lang='lat' dir='ltr'>vitam</span> <span class='ocrx_word' id='word_1_102' title='bbox 1829 1479 1948 1549; x_wconf 85' lang='lat' dir='ltr'>egit</span> <span class='ocrx_word' id='word_1_103' title='bbox 1967 1478 2026 1532; x_wconf 89' lang='lat' dir='ltr'>in</span> 
     </span>
    </p>
   </div>
   <div class='ocr_carea' id='block_1_16' title="bbox 378 1567 2027 1657">
    <p class='ocr_par' dir='ltr' id='par_1_16' title="bbox 378 1567 2027 1657">
     <span class='ocr_line' id='line_1_16' title="bbox 378 1567 2027 1657; baseline -0.013 -16"><span class='ocrx_word' id='word_1_104' title='bbox 378 1583 614 1657; x_wconf 87' lang='lat' dir='ltr'>tugurio</span> <span class='ocrx_word' id='word_1_105' title='bbox 648 1586 703 1636; x_wconf 90' lang='lat' dir='ltr'>et</span> <span class='ocrx_word' id='word_1_106' title='bbox 719 1576 1119 1642; x_wconf 89' lang='lat' dir='ltr'>domunculis,</span> <span class='ocrx_word' id='word_1_107' title='bbox 1141 1572 1426 1629; x_wconf 90' lang='lat' dir='ltr'>utdeinde</span> <span class='ocrx_word' id='word_1_108' title='bbox 1443 1570 1749 1642; x_wconf 84' lang='lat' dir='ltr'>colligatur</span> <span class='ocrx_word' id='word_1_109' title='bbox 1764 1567 2027 1624; x_wconf 88' lang='lat' dir='ltr'>certami-</span> 
     </span>
    </p>
   </div>
   <div class='ocr_carea' id='block_1_17' title="bbox 380 1661 2028 1742">
    <p class='ocr_par' dir='ltr' id='par_1_17' title="bbox 380 1661 2028 1742">
     <span class='ocr_line' id='line_1_17' title="bbox 380 1661 2028 1742; baseline -0.012 -11"><span class='ocrx_word' id='word_1_110' title='bbox 380 1691 524 1731; x_wconf 87' lang='lat' dir='ltr'>num</span> <span class='ocrx_word' id='word_1_111' title='bbox 555 1677 791 1742; x_wconf 86' lang='lat' dir='ltr'>tempus</span> <span class='ocrx_word' id='word_1_112' title='bbox 809 1664 1179 1739; x_wconf 81' lang='lat' dir='ltr'>septuaginta</span> <span class='ocrx_word' id='word_1_113' title='bbox 1205 1664 1362 1717; x_wconf 89' lang='lat' dir='ltr'>anni.</span> <span class='ocrx_word' id='word_1_114' title='bbox 1388 1662 1527 1718; x_wconf 88' lang='lat' dir='ltr'>Cibo</span> <span class='ocrx_word' id='word_1_115' title='bbox 1553 1664 1749 1715; x_wconf 90' lang='lat' dir='ltr'>autem</span> <span class='ocrx_word' id='word_1_116' title='bbox 1775 1674 1920 1713; x_wconf 91' lang='lat' dir='ltr'>usus</span> <span class='ocrx_word' id='word_1_117' title='bbox 1938 1661 2028 1712; x_wconf 90' lang='lat' dir='ltr'>est</span> 
     </span>
    </p>
   </div>
   <div class='ocr_carea' id='block_1_18' title="bbox 386 1747 2028 1834">
    <p class='ocr_par' dir='ltr' id='par_1_18' title="bbox 386 1747 2028 1834">
     <span class='ocr_line' id='line_1_18' title="bbox 386 1747 2028 1834; baseline -0.013 -14"><span class='ocrx_word' id='word_1_118' title='bbox 386 1781 504 1820; x_wconf 91' lang='lat' dir='ltr'>non</span> <span class='ocrx_word' id='word_1_119' title='bbox 538 1753 1273 1834; x_wconf 85' lang='lat' dir='ltr'>pane,necleguminibus,</span> <span class='ocrx_word' id='word_1_120' title='bbox 1308 1751 1407 1807; x_wconf 91' lang='lat' dir='ltr'>sed</span> <span class='ocrx_word' id='word_1_121' title='bbox 1446 1753 1689 1821; x_wconf 90' lang='lat' dir='ltr'>purgato</span> <span class='ocrx_word' id='word_1_122' title='bbox 1708 1747 1945 1811; x_wconf 88' lang='lat' dir='ltr'>hordeo,</span> <span class='ocrx_word' id='word_1_123' title='bbox 1970 1749 2028 1800; x_wconf 91' lang='lat' dir='ltr'>et</span> 
     </span>
    </p>
   </div>
   <div class='ocr_carea' id='block_1_19' title="bbox 386 1838 2025 1925">
    <p class='ocr_par' dir='ltr' id='par_1_19' title="bbox 386 1838 2025 1925">
     <span class='ocr_line' id='line_1_19' title="bbox 386 1838 2025 1925; baseline -0.013 -16"><span class='ocrx_word' id='word_1_124' title='bbox 386 1869 541 1925; x_wconf 91' lang='lat' dir='ltr'>aqua</span> <span class='ocrx_word' id='word_1_125' title='bbox 562 1849 682 1906; x_wconf 90' lang='lat' dir='ltr'>sola</span> <span class='ocrx_word' id='word_1_126' title='bbox 705 1847 1052 1903; x_wconf 89' lang='lat' dir='ltr'>madefacto.</span> <span class='ocrx_word' id='word_1_127' title='bbox 1073 1843 1238 1897; x_wconf 87' lang='lat' dir='ltr'>Hunc</span> <span class='ocrx_word' id='word_1_128' title='bbox 1260 1844 1453 1895; x_wconf 91' lang='lat' dir='ltr'>autem</span> <span class='ocrx_word' id='word_1_129' title='bbox 1476 1838 1673 1893; x_wconf 86' lang='lat' dir='ltr'>cibum</span> <span class='ocrx_word' id='word_1_130' title='bbox 1691 1839 1878 1891; x_wconf 88' lang='lat' dir='ltr'>mater</span> <span class='ocrx_word' id='word_1_131' title='bbox 1894 1848 2025 1925; x_wconf 79' lang='lat' dir='ltr'>mea</span> 
     </span>
    </p>
   </div>
   <div class='ocr_carea' id='block_1_20' title="bbox 384 1922 2021 2014">
    <p class='ocr_par' dir='ltr' id='par_1_20' title="bbox 384 1922 2021 2014">
     <span class='ocr_line' id='line_1_20' title="bbox 384 1922 2021 2014; baseline -0.013 -17"><span class='ocrx_word' id='word_1_132' title='bbox 384 1922 513 2014; x_wconf 64' lang='lat' dir='ltr'>quas</span> <span class='ocrx_word' id='word_1_133' title='bbox 539 1940 591 1994; x_wconf 89' lang='lat' dir='ltr'>ei</span> <span class='ocrx_word' id='word_1_134' title='bbox 610 1938 721 1993; x_wconf 77' lang='lat' dir='ltr'>fuit</span> <span class='ocrx_word' id='word_1_135' title='bbox 743 1933 1070 2001; x_wconf 86' lang='lat' dir='ltr'>familiaris,</span> <span class='ocrx_word' id='word_1_136' title='bbox 1094 1930 1441 2002; x_wconf 88' lang='lat' dir='ltr'>longissimo</span> <span class='ocrx_word' id='word_1_137' title='bbox 1467 1931 1726 1997; x_wconf 90' lang='lat' dir='ltr'>tempore</span> <span class='ocrx_word' id='word_1_138' title='bbox 1744 1941 1810 1979; x_wconf 91' lang='lat' dir='ltr'>su</span> <span class='ocrx_word' id='word_1_139' title='bbox 1822 1922 2021 1996; x_wconf 89' lang='lat' dir='ltr'>ppedi-</span> 
     </span>
    </p>
   </div>
   <div class='ocr_carea' id='block_1_21' title="bbox 376 2014 2023 2095">
    <p class='ocr_par' dir='ltr' id='par_1_21' title="bbox 376 2014 2023 2095">
     <span class='ocr_line' id='line_1_21' title="bbox 376 2014 2023 2095; baseline -0.012 -9"><span class='ocrx_word' id='word_1_140' title='bbox 376 2031 541 2088; x_wconf 89' lang='lat' dir='ltr'>tavit.</span> <span class='ocrx_word' id='word_1_141' title='bbox 574 2029 717 2084; x_wconf 86' lang='lat' dir='ltr'>Cum</span> <span class='ocrx_word' id='word_1_142' title='bbox 747 2023 1064 2095; x_wconf 82' lang='lat' dir='ltr'>aliquando</span> <span class='ocrx_word' id='word_1_143' title='bbox 1097 2026 1288 2075; x_wconf 82' lang='lat' dir='ltr'>autem</span> <span class='ocrx_word' id='word_1_144' title='bbox 1322 2019 1392 2073; x_wconf 86' lang='lat' dir='ltr'>ad</span> <span class='ocrx_word' id='word_1_145' title='bbox 1419 2033 1546 2073; x_wconf 89' lang='lat' dir='ltr'>eam</span> <span class='ocrx_word' id='word_1_146' title='bbox 1569 2014 1825 2071; x_wconf 88' lang='lat' dir='ltr'>venisset</span> <span class='ocrx_word' id='word_1_147' title='bbox 1845 2028 2023 2084; x_wconf 58' lang='lat' dir='ltr'>aegro-</span> 
     </span>
    </p>
   </div>
   <div class='ocr_carea' id='block_1_22' title="bbox 376 2103 2024 2187">
    <p class='ocr_par' dir='ltr' id='par_1_22' title="bbox 376 2103 2024 2187">
     <span class='ocr_line' id='line_1_22' title="bbox 376 2103 2024 2187; baseline -0.012 -12"><span class='ocrx_word' id='word_1_148' title='bbox 376 2125 625 2187; x_wconf 82' lang='lat' dir='ltr'>tantem,</span> <span class='ocrx_word' id='word_1_149' title='bbox 657 2121 714 2172; x_wconf 90' lang='lat' dir='ltr'>et</span> <span class='ocrx_word' id='word_1_150' title='bbox 744 2112 1045 2169; x_wconf 89' lang='lat' dir='ltr'>didicisset</span> <span class='ocrx_word' id='word_1_151' title='bbox 1066 2126 1193 2165; x_wconf 88' lang='lat' dir='ltr'>eam</span> <span class='ocrx_word' id='word_1_152' title='bbox 1218 2106 1371 2163; x_wconf 89' lang='lat' dir='ltr'>nolle</span> <span class='ocrx_word' id='word_1_153' title='bbox 1390 2103 1727 2177; x_wconf 83' lang='lat' dir='ltr'>persuaderi</span> <span class='ocrx_word' id='word_1_154' title='bbox 1755 2108 2024 2157; x_wconf 85' lang='lat' dir='ltr'>utsume-</span> 
     </span>
    </p>
   </div>
   <div class='ocr_carea' id='block_1_23' title="bbox 375 2193 2025 2267">
    <p class='ocr_par' dir='ltr' id='par_1_23' title="bbox 375 2193 2025 2267">
     <span class='ocr_line' id='line_1_23' title="bbox 375 2193 2025 2267; baseline -0.013 -1"><span class='ocrx_word' id='word_1_155' title='bbox 375 2215 463 2266; x_wconf 91' lang='lat' dir='ltr'>ret</span> <span class='ocrx_word' id='word_1_156' title='bbox 493 2209 689 2264; x_wconf 89' lang='lat' dir='ltr'>cibum</span> <span class='ocrx_word' id='word_1_157' title='bbox 723 2204 927 2260; x_wconf 91' lang='lat' dir='ltr'>morbo</span> <span class='ocrx_word' id='word_1_158' title='bbox 959 2199 1395 2255; x_wconf 80' lang='lat' dir='ltr'>convenientem</span> <span class='ocrx_word' id='word_1_159' title='bbox 1426 2196 1584 2267; x_wconf 87' lang='lat' dir='ltr'>(nam</span> <span class='ocrx_word' id='word_1_160' title='bbox 1616 2193 1746 2265; x_wconf 89' lang='lat' dir='ltr'>ipsa</span> <span class='ocrx_word' id='word_1_161' title='bbox 1790 2205 2025 2264; x_wconf 90' lang='lat' dir='ltr'>quoque</span> 
     </span>
    </p>
   </div>
   <div class='ocr_carea' id='block_1_24' title="bbox 365 2282 2026 2370">
    <p class='ocr_par' dir='ltr' id='par_1_24' title="bbox 365 2282 2026 2370">
     <span class='ocr_line' id='line_1_24' title="bbox 365 2282 2026 2370; baseline -0.013 -15"><span class='ocrx_word' id='word_1_162' title='bbox 365 2301 487 2370; x_wconf 89' lang='lat' dir='ltr'>jam</span> <span class='ocrx_word' id='word_1_163' title='bbox 505 2295 976 2353; x_wconf 83' lang='lat' dir='ltr'>exercitationem</span> <span class='ocrx_word' id='word_1_164' title='bbox 994 2287 1457 2359; x_wconf 88' lang='lat' dir='ltr'>amplectebatur</span> <span class='ocrx_word' id='word_1_165' title='bbox 1471 2282 2026 2370; x_wconf 11' lang='lat' dir='ltr'>monasticamlcong-</span> 
     </span>
    </p>
   </div>
   <div class='ocr_carea' id='block_1_25' title="bbox 376 2368 2025 2444">
    <p class='ocr_par' dir='ltr' id='par_1_25' title="bbox 376 2368 2025 2444">
     <span class='ocr_line' id='line_1_25' title="bbox 376 2368 2025 2444; baseline -0.014 0"><span class='ocrx_word' id='word_1_166' title='bbox 376 2368 562 2444; x_wconf 84' lang='lat' dir='ltr'>suluit</span> <span class='ocrx_word' id='word_1_167' title='bbox 577 2389 641 2440; x_wconf 92' lang='lat' dir='ltr'>ut</span> <span class='ocrx_word' id='word_1_168' title='bbox 656 2384 886 2439; x_wconf 89' lang='lat' dir='ltr'>cederet</span> <span class='ocrx_word' id='word_1_169' title='bbox 901 2373 1382 2442; x_wconf 89' lang='lat' dir='ltr'>medicis,etillud</span> <span class='ocrx_word' id='word_1_170' title='bbox 1402 2368 2025 2428; x_wconf 79' lang='lat' dir='ltr'>nutrimentumexisti-</span> 
     </span>
    </p>
   </div>
   <div class='ocr_carea' id='block_1_26' title="bbox 374 2458 2023 2532">
    <p class='ocr_par' dir='ltr' id='par_1_26' title="bbox 374 2458 2023 2532">
     <span class='ocr_line' id='line_1_26' title="bbox 374 2458 2023 2532; baseline -0.013 0"><span class='ocrx_word' id='word_1_171' title='bbox 374 2480 562 2532; x_wconf 85' lang='lat' dir='ltr'>maret</span> <span class='ocrx_word' id='word_1_172' title='bbox 589 2488 717 2530; x_wconf 89' lang='lat' dir='ltr'>esse</span> <span class='ocrx_word' id='word_1_173' title='bbox 750 2470 1282 2526; x_wconf 87' lang='lat' dir='ltr'>medicamentum:</span> <span class='ocrx_word' id='word_1_174' title='bbox 1318 2479 1432 2518; x_wconf 93' lang='lat' dir='ltr'>non</span> <span class='ocrx_word' id='word_1_175' title='bbox 1467 2461 1623 2516; x_wconf 87' lang='lat' dir='ltr'>enim</span> <span class='ocrx_word' id='word_1_176' title='bbox 1656 2458 2023 2525; x_wconf 89' lang='lat' dir='ltr'>deliciarum,</span> 
     </span>
    </p>
   </div>
   <div class='ocr_carea' id='block_1_27' title="bbox 372 2548 2021 2629">
    <p class='ocr_par' dir='ltr' id='par_1_27' title="bbox 372 2548 2021 2629">
     <span class='ocr_line' id='line_1_27' title="bbox 372 2548 2021 2629; baseline -0.012 -6"><span class='ocrx_word' id='word_1_177' title='bbox 372 2566 473 2622; x_wconf 92' lang='lat' dir='ltr'>sed</span> <span class='ocrx_word' id='word_1_178' title='bbox 503 2559 870 2620; x_wconf 85' lang='lat' dir='ltr'>necessitatis</span> <span class='ocrx_word' id='word_1_179' title='bbox 916 2556 1103 2629; x_wconf 86' lang='lat' dir='ltr'>gratia</span> <span class='ocrx_word' id='word_1_180' title='bbox 1153 2554 1307 2609; x_wconf 51' lang='grc' dir='ltr'>δέω</span> <span class='ocrx_word' id='word_1_181' title='bbox 1338 2551 1669 2607; x_wconf 89' lang='lat' dir='ltr'>adhibetur.</span> <span class='ocrx_word' id='word_1_182' title='bbox 1716 2548 1864 2605; x_wconf 88' lang='lat' dir='ltr'>Nam</span> <span class='ocrx_word' id='word_1_183' title='bbox 1915 2562 2021 2619; x_wconf 88' lang='lat' dir='ltr'>ego</span> 
     </span>
    </p>
   </div>
   <div class='ocr_carea' id='block_1_28' title="bbox 376 2636 2022 2728">
    <p class='ocr_par' dir='ltr' id='par_1_28' title="bbox 376 2636 2022 2728">
     <span class='ocr_line' id='line_1_28' title="bbox 376 2636 2022 2728; baseline -0.013 -17"><span class='ocrx_word' id='word_1_184' title='bbox 376 2670 631 2728; x_wconf 90' lang='lat' dir='ltr'>quoque,</span> <span class='ocrx_word' id='word_1_185' title='bbox 655 2649 871 2720; x_wconf 81' lang='lat' dir='ltr'>inquit,</span> <span class='ocrx_word' id='word_1_186' title='bbox 892 2646 990 2718; x_wconf 91' lang='lat' dir='ltr'>qui</span> <span class='ocrx_word' id='word_1_187' title='bbox 1013 2642 1408 2715; x_wconf 85' lang='lat' dir='ltr'>quadraginta</span> <span class='ocrx_word' id='word_1_188' title='bbox 1425 2638 1618 2706; x_wconf 86' lang='lat' dir='ltr'>annis,</span> <span class='ocrx_word' id='word_1_189' title='bbox 1645 2641 1711 2691; x_wconf 90' lang='lat' dir='ltr'>ut</span> <span class='ocrx_word' id='word_1_190' title='bbox 1733 2636 1871 2702; x_wconf 89' lang='lat' dir='ltr'>scis,</span> <span class='ocrx_word' id='word_1_191' title='bbox 1894 2636 2022 2690; x_wconf 89' lang='lat' dir='ltr'>hor-</span> 
     </span>
    </p>
   </div>
   <div class='ocr_carea' id='block_1_29' title="bbox 370 2725 2022 2801">
    <p class='ocr_par' dir='ltr' id='par_1_29' title="bbox 370 2725 2022 2801">
     <span class='ocr_line' id='line_1_29' title="bbox 370 2725 2022 2801; baseline -0.012 -3"><span class='ocrx_word' id='word_1_192' title='bbox 370 2725 478 2800; x_wconf 87' lang='lat' dir='ltr'>deo</span> <span class='ocrx_word' id='word_1_193' title='bbox 513 2741 638 2797; x_wconf 92' lang='lat' dir='ltr'>solo</span> <span class='ocrx_word' id='word_1_194' title='bbox 670 2754 802 2794; x_wconf 92' lang='lat' dir='ltr'>sum</span> <span class='ocrx_word' id='word_1_195' title='bbox 843 2748 1165 2799; x_wconf 84' lang='lat' dir='ltr'>usus,cum</span> <span class='ocrx_word' id='word_1_196' title='bbox 1186 2730 1452 2801; x_wconf 71' lang='lat' dir='ltr'>quaedam</span> <span class='ocrx_word' id='word_1_197' title='bbox 1477 2726 1821 2793; x_wconf 87' lang='lat' dir='ltr'>mihipridie</span> <span class='ocrx_word' id='word_1_198' title='bbox 1842 2725 2022 2793; x_wconf 86' lang='lat' dir='ltr'>hujus</span> 
     </span>
    </p>
   </div>
   <div class='ocr_carea' id='block_1_30' title="bbox 370 2814 2024 2891">
    <p class='ocr_par' dir='ltr' id='par_1_30' title="bbox 370 2814 2024 2891">
     <span class='ocr_line' id='line_1_30' title="bbox 370 2814 2024 2891; baseline -0.013 -2"><span class='ocrx_word' id='word_1_199' title='bbox 370 2832 483 2889; x_wconf 90' lang='lat' dir='ltr'>diei</span> <span class='ocrx_word' id='word_1_200' title='bbox 518 2830 775 2885; x_wconf 85' lang='lat' dir='ltr'>venisset</span> <span class='ocrx_word' id='word_1_201' title='bbox 806 2823 1142 2889; x_wconf 88' lang='lat' dir='ltr'>inﬁrmitas,</span> <span class='ocrx_word' id='word_1_202' title='bbox 1169 2819 1323 2891; x_wconf 91' lang='lat' dir='ltr'>jussi</span> <span class='ocrx_word' id='word_1_203' title='bbox 1356 2834 1488 2873; x_wconf 89' lang='lat' dir='ltr'>eum</span> <span class='ocrx_word' id='word_1_204' title='bbox 1522 2816 1622 2888; x_wconf 91' lang='lat' dir='ltr'>qui</span> <span class='ocrx_word' id='word_1_205' title='bbox 1657 2832 1884 2871; x_wconf 85' lang='lat' dir='ltr'>mecum</span> <span class='ocrx_word' id='word_1_206' title='bbox 1912 2814 2024 2869; x_wconf 87' lang='lat' dir='ltr'>ha-</span> 
     </span>
    </p>
   </div>
   <div class='ocr_carea' id='block_1_31' title="bbox 371 2903 2021 2989">
    <p class='ocr_par' dir='ltr' id='par_1_31' title="bbox 371 2903 2021 2989">
     <span class='ocr_line' id='line_1_31' title="bbox 371 2903 2021 2989; baseline -0.013 -11"><span class='ocrx_word' id='word_1_207' title='bbox 371 2920 834 2989; x_wconf 89' lang='lat' dir='ltr'>bitabat,parum</span> <span class='ocrx_word' id='word_1_208' title='bbox 852 2911 994 2968; x_wconf 85' lang='lat' dir='ltr'>mihi</span> <span class='ocrx_word' id='word_1_209' title='bbox 1013 2910 1181 2983; x_wconf 90' lang='lat' dir='ltr'>panis</span> <span class='ocrx_word' id='word_1_210' title='bbox 1196 2912 1386 2980; x_wconf 92' lang='lat' dir='ltr'>petere</span> <span class='ocrx_word' id='word_1_211' title='bbox 1400 2912 1456 2961; x_wconf 88' lang='lat' dir='ltr'>et</span> <span class='ocrx_word' id='word_1_212' title='bbox 1470 2903 2021 2961; x_wconf 81' lang='lat' dir='ltr'>ail‘erre.Venitmihi</span> 
     </span>
    </p>
   </div>
   <div class='ocr_carea' id='block_1_32' title="bbox 382 2994 2021 3075">
    <p class='ocr_par' dir='ltr' id='par_1_32' title="bbox 382 2994 2021 3075">
     <span class='ocr_line' id='line_1_32' title="bbox 382 2994 2021 3075; baseline -0.013 -9"><span class='ocrx_word' id='word_1_213' title='bbox 382 3010 442 3065; x_wconf 91' lang='lat' dir='ltr'>in</span> <span class='ocrx_word' id='word_1_214' title='bbox 465 3010 746 3072; x_wconf 81' lang='lat' dir='ltr'>mentem,</span> <span class='ocrx_word' id='word_1_215' title='bbox 778 3002 930 3075; x_wconf 91' lang='lat' dir='ltr'>quod</span> <span class='ocrx_word' id='word_1_216' title='bbox 967 3000 1016 3055; x_wconf 89' lang='lat' dir='ltr'>si</span> <span class='ocrx_word' id='word_1_217' title='bbox 1049 3011 1325 3066; x_wconf 89' lang='lat' dir='ltr'>morerer,</span> <span class='ocrx_word' id='word_1_218' title='bbox 1361 2994 1566 3051; x_wconf 91' lang='lat' dir='ltr'>mortis</span> <span class='ocrx_word' id='word_1_219' title='bbox 1597 2994 1901 3048; x_wconf 88' lang='lat' dir='ltr'>redderem</span> <span class='ocrx_word' id='word_1_220' title='bbox 1929 3008 2021 3046; x_wconf 85' lang='lat' dir='ltr'>ra-</span> 
     </span>
    </p>
   </div>
   <div class='ocr_carea' id='block_1_33' title="bbox 377 3083 2023 3167">
    <p class='ocr_par' dir='ltr' id='par_1_33' title="bbox 377 3083 2023 3167">
     <span class='ocr_line' id='line_1_33' title="bbox 377 3083 2023 3167; baseline -0.013 -13"><span class='ocrx_word' id='word_1_221' title='bbox 377 3099 602 3155; x_wconf 90' lang='lat' dir='ltr'>tionem</span> <span class='ocrx_word' id='word_1_222' title='bbox 627 3094 779 3167; x_wconf 89' lang='lat' dir='ltr'>apud</span> <span class='ocrx_word' id='word_1_223' title='bbox 799 3093 1028 3163; x_wconf 88' lang='lat' dir='ltr'>justum</span> <span class='ocrx_word' id='word_1_224' title='bbox 1048 3083 1515 3158; x_wconf 89' lang='lat' dir='ltr'>judicem,utqui</span> <span class='ocrx_word' id='word_1_225' title='bbox 1533 3083 1812 3155; x_wconf 79' lang='lat' dir='ltr'>fugissem</span> <span class='ocrx_word' id='word_1_226' title='bbox 1844 3084 2023 3136; x_wconf 88' lang='lat' dir='ltr'>certa-</span> 
     </span>
    </p>
   </div>
   <div class='ocr_carea' id='block_1_34' title="bbox 386 3172 2019 3254">
    <p class='ocr_par' dir='ltr' id='par_1_34' title="bbox 386 3172 2019 3254">
     <span class='ocr_line' id='line_1_34' title="bbox 386 3172 2019 3254; baseline -0.013 -10"><span class='ocrx_word' id='word_1_227' title='bbox 386 3188 570 3254; x_wconf 89' lang='lat' dir='ltr'>mina,</span> <span class='ocrx_word' id='word_1_228' title='bbox 604 3189 659 3241; x_wconf 90' lang='lat' dir='ltr'>et</span> <span class='ocrx_word' id='word_1_229' title='bbox 675 3184 1091 3238; x_wconf 83' lang='lat' dir='ltr'>detrectassem</span> <span class='ocrx_word' id='word_1_230' title='bbox 1125 3175 1352 3231; x_wconf 88' lang='lat' dir='ltr'>labores</span> <span class='ocrx_word' id='word_1_231' title='bbox 1376 3172 1697 3229; x_wconf 89' lang='lat' dir='ltr'>servitutis.</span> <span class='ocrx_word' id='word_1_232' title='bbox 1723 3172 1866 3226; x_wconf 91' lang='lat' dir='ltr'>Nam</span> <span class='ocrx_word' id='word_1_233' title='bbox 1887 3186 2019 3224; x_wconf 90' lang='lat' dir='ltr'>cum</span> 
     </span>
    </p>
   </div>
   <div class='ocr_carea' id='block_1_35' title="bbox 2055 1893 2101 1956">
    <p class='ocr_par' dir='ltr' id='par_1_35' title="bbox 2055 1893 2101 1956">
     <span class='ocr_line' id='line_1_35' title="bbox 2055 1893 2101 1956; baseline 0 0"><span class='ocrx_word' id='word_1_234' title='bbox 2055 1893 2101 1956; x_wconf 93' lang='lat' dir='ltr'><strong>B</strong></span> 
     </span>
    </p>
   </div>
   <div class='ocr_carea' id='block_1_36' title="bbox 378 3256 2091 3350">
    <p class='ocr_par' dir='ltr' id='par_1_36' title="bbox 378 3256 2091 3350">
     <span class='ocr_line' id='line_1_36' title="bbox 378 3256 2091 3350; baseline -0.012 -17"><span class='ocrx_word' id='word_1_235' title='bbox 378 3292 562 3350; x_wconf 91' lang='lat' dir='ltr'>pauco</span> <span class='ocrx_word' id='word_1_236' title='bbox 584 3274 711 3330; x_wconf 90' lang='lat' dir='ltr'>cibo</span> <span class='ocrx_word' id='word_1_237' title='bbox 725 3274 925 3345; x_wconf 87' lang='lat' dir='ltr'>posset</span> <span class='ocrx_word' id='word_1_238' title='bbox 948 3284 1104 3323; x_wconf 91' lang='lat' dir='ltr'>mors</span> <span class='ocrx_word' id='word_1_239' title='bbox 1128 3262 1443 3336; x_wconf 85' lang='lat' dir='ltr'>prohiberi,</span> <span class='ocrx_word' id='word_1_240' title='bbox 1462 3266 1518 3317; x_wconf 90' lang='lat' dir='ltr'>et</span> <span class='ocrx_word' id='word_1_241' title='bbox 1541 3262 1597 3316; x_wconf 92' lang='lat' dir='ltr'>in</span> <span class='ocrx_word' id='word_1_242' title='bbox 1621 3261 1731 3316; x_wconf 88' lang='lat' dir='ltr'>hac</span> <span class='ocrx_word' id='word_1_243' title='bbox 1752 3261 1869 3315; x_wconf 91' lang='lat' dir='ltr'>vita</span> <span class='ocrx_word' id='word_1_244' title='bbox 1882 3275 2016 3330; x_wconf 89' lang='lat' dir='ltr'>pos-</span> <span class='ocrx_word' id='word_1_245' title='bbox 2049 3256 2091 3322; x_wconf 88' lang='lat' dir='ltr'>C</span> 
     </span>
    </p>
   </div>
   <div class='ocr_carea' id='block_1_37' title="bbox 377 3351 2017 3426">
    <p class='ocr_par' dir='ltr' id='par_1_37' title="bbox 377 3351 2017 3426">
     <span class='ocr_line' id='line_1_37' title="bbox 377 3351 2017 3426; baseline -0.012 -4"><span class='ocrx_word' id='word_1_246' title='bbox 377 3382 499 3421; x_wconf 92' lang='lat' dir='ltr'>sem</span> <span class='ocrx_word' id='word_1_247' title='bbox 533 3363 618 3419; x_wconf 85' lang='lat' dir='ltr'>sic</span> <span class='ocrx_word' id='word_1_248' title='bbox 647 3376 905 3426; x_wconf 90' lang='lat' dir='ltr'>manere,</span> <span class='ocrx_word' id='word_1_249' title='bbox 939 3357 1213 3413; x_wconf 89' lang='lat' dir='ltr'>laborans</span> <span class='ocrx_word' id='word_1_250' title='bbox 1246 3358 1301 3409; x_wconf 89' lang='lat' dir='ltr'>et</span> <span class='ocrx_word' id='word_1_251' title='bbox 1334 3369 1426 3408; x_wconf 90' lang='lat' dir='ltr'>me</span> <span class='ocrx_word' id='word_1_252' title='bbox 1467 3351 1756 3422; x_wconf 81' lang='lat' dir='ltr'>afﬂigens,</span> <span class='ocrx_word' id='word_1_253' title='bbox 1791 3356 1847 3405; x_wconf 93' lang='lat' dir='ltr'>et</span> <span class='ocrx_word' id='word_1_254' title='bbox 1877 3364 2017 3420; x_wconf 91' lang='lat' dir='ltr'>opes</span> 
     </span>
    </p>
   </div>
   <div class='ocr_carea' id='block_1_38' title="bbox 378 3440 2017 3526">
    <p class='ocr_par' dir='ltr' id='par_1_38' title="bbox 378 3440 2017 3526">
     <span class='ocr_line' id='line_1_38' title="bbox 378 3440 2017 3526; baseline -0.013 -14"><span class='ocrx_word' id='word_1_255' title='bbox 378 3472 502 3526; x_wconf 78' lang='lat' dir='ltr'>quae.</span> <span class='ocrx_word' id='word_1_256' title='bbox 533 3470 601 3510; x_wconf 86' lang='lat' dir='ltr'>ex</span> <span class='ocrx_word' id='word_1_257' title='bbox 622 3453 713 3507; x_wconf 91' lang='lat' dir='ltr'>his</span> <span class='ocrx_word' id='word_1_258' title='bbox 745 3448 1150 3522; x_wconf 88' lang='lat' dir='ltr'>percipiuntur</span> <span class='ocrx_word' id='word_1_259' title='bbox 1170 3442 1471 3514; x_wconf 87' lang='lat' dir='ltr'>colligens,</span> <span class='ocrx_word' id='word_1_260' title='bbox 1500 3440 1643 3495; x_wconf 90' lang='lat' dir='ltr'>mori</span> <span class='ocrx_word' id='word_1_261' title='bbox 1674 3441 1823 3495; x_wconf 86' lang='lat' dir='ltr'>fame</span> <span class='ocrx_word' id='word_1_262' title='bbox 1838 3454 2017 3510; x_wconf 89' lang='lat' dir='ltr'>quam</span> 
     </span>
    </p>
   </div>
   <div class='ocr_carea' id='block_1_39' title="bbox 380 3525 2019 3613">
    <p class='ocr_par' dir='ltr' id='par_1_39' title="bbox 380 3525 2019 3613">
     <span class='ocr_line' id='line_1_39' title="bbox 380 3525 2019 3613; baseline -0.012 -14"><span class='ocrx_word' id='word_1_263' title='bbox 380 3525 574 3599; x_wconf 82' lang='lat' dir='ltr'>vivere</span> <span class='ocrx_word' id='word_1_264' title='bbox 606 3542 665 3596; x_wconf 89' lang='lat' dir='ltr'>in</span> <span class='ocrx_word' id='word_1_265' title='bbox 699 3536 1065 3613; x_wconf 86' lang='lat' dir='ltr'>philosophia</span> <span class='ocrx_word' id='word_1_266' title='bbox 1097 3533 1234 3588; x_wconf 81' lang='lat' dir='ltr'>duxi</span> <span class='ocrx_word' id='word_1_267' title='bbox 1268 3530 1454 3603; x_wconf 89' lang='lat' dir='ltr'>magis</span> <span class='ocrx_word' id='word_1_268' title='bbox 1485 3529 1894 3600; x_wconf 83' lang='lat' dir='ltr'>expetendum.</span> <span class='ocrx_word' id='word_1_269' title='bbox 1918 3525 2019 3581; x_wconf 87' lang='lat' dir='ltr'>Ti-</span> 
     </span>
    </p>
   </div>
   <div class='ocr_carea' id='block_1_40' title="bbox 381 3616 2020 3702">
    <p class='ocr_par' dir='ltr' id='par_1_40' title="bbox 381 3616 2020 3702">
     <span class='ocr_line' id='line_1_40' title="bbox 381 3616 2020 3702; baseline -0.01 -12"><span class='ocrx_word' id='word_1_270' title='bbox 381 3649 543 3690; x_wconf 90' lang='lat' dir='ltr'>more</span> <span class='ocrx_word' id='word_1_271' title='bbox 576 3646 712 3702; x_wconf 89' lang='lat' dir='ltr'>ergo</span> <span class='ocrx_word' id='word_1_272' title='bbox 742 3628 879 3683; x_wconf 90' lang='lat' dir='ltr'>hinc</span> <span class='ocrx_word' id='word_1_273' title='bbox 910 3624 1190 3692; x_wconf 90' lang='lat' dir='ltr'>repletus,</span> <span class='ocrx_word' id='word_1_274' title='bbox 1223 3637 1354 3676; x_wconf 89' lang='lat' dir='ltr'>cum</span> <span class='ocrx_word' id='word_1_275' title='bbox 1388 3618 1596 3674; x_wconf 90' lang='lat' dir='ltr'>vellem</span> <span class='ocrx_word' id='word_1_276' title='bbox 1646 3616 2020 3689; x_wconf 88' lang='lat' dir='ltr'>cogitationis</span> 
     </span>
    </p>
   </div>
   <div class='ocr_carea' id='block_1_41' title="bbox 384 3704 2019 3783">
    <p class='ocr_par' dir='ltr' id='par_1_41' title="bbox 384 3704 2019 3783">
     <span class='ocr_line' id='line_1_41' title="bbox 384 3704 2019 3783; baseline -0.012 -4"><span class='ocrx_word' id='word_1_277' title='bbox 384 3722 708 3780; x_wconf 91' lang='lat' dir='ltr'>obtundere</span> <span class='ocrx_word' id='word_1_278' title='bbox 740 3715 997 3781; x_wconf 82' lang='lat' dir='ltr'>aculeos,</span> <span class='ocrx_word' id='word_1_279' title='bbox 1030 3717 1086 3769; x_wconf 85' lang='lat' dir='ltr'>et</span> <span class='ocrx_word' id='word_1_280' title='bbox 1121 3726 1328 3783; x_wconf 89' lang='lat' dir='ltr'>panem</span> <span class='ocrx_word' id='word_1_281' title='bbox 1362 3714 1558 3781; x_wconf 90' lang='lat' dir='ltr'>petere</span> <span class='ocrx_word' id='word_1_282' title='bbox 1583 3707 1762 3779; x_wconf 91' lang='lat' dir='ltr'>jussi,</span> <span class='ocrx_word' id='word_1_283' title='bbox 1796 3711 1852 3761; x_wconf 91' lang='lat' dir='ltr'>et</span> <span class='ocrx_word' id='word_1_284' title='bbox 1870 3704 2019 3760; x_wconf 83' lang='lat' dir='ltr'>alla-</span> 
     </span>
    </p>
   </div>
   <div class='ocr_carea' id='block_1_42' title="bbox 380 3793 2021 3875">
    <p class='ocr_par' dir='ltr' id='par_1_42' title="bbox 380 3793 2021 3875">
     <span class='ocr_line' id='line_1_42' title="bbox 380 3793 2021 3875; baseline -0.012 -7"><span class='ocrx_word' id='word_1_285' title='bbox 380 3816 504 3867; x_wconf 88' lang='lat' dir='ltr'>tum</span> <span class='ocrx_word' id='word_1_286' title='bbox 537 3808 760 3865; x_wconf 86' lang='lat' dir='ltr'>comedi</span> <span class='ocrx_word' id='word_1_287' title='bbox 790 3826 804 3875; x_wconf 92' lang='lat'><strong>;</strong></span> <span class='ocrx_word' id='word_1_288' title='bbox 831 3809 888 3860; x_wconf 92' lang='lat' dir='ltr'>et</span> <span class='ocrx_word' id='word_1_289' title='bbox 910 3803 1014 3858; x_wconf 90' lang='lat' dir='ltr'>tibi</span> <span class='ocrx_word' id='word_1_290' title='bbox 1042 3799 1313 3873; x_wconf 64' lang='lat' dir='ltr'>praecipio</span> <span class='ocrx_word' id='word_1_291' title='bbox 1338 3815 1405 3853; x_wconf 81' lang='lat' dir='ltr'>ne</span> <span class='ocrx_word' id='word_1_292' title='bbox 1435 3796 1579 3852; x_wconf 91' lang='lat' dir='ltr'>mihi</span> <span class='ocrx_word' id='word_1_293' title='bbox 1604 3793 1858 3867; x_wconf 90' lang='lat' dir='ltr'>amplius</span> <span class='ocrx_word' id='word_1_294' title='bbox 1881 3794 2021 3849; x_wconf 91' lang='lat' dir='ltr'>hor-</span> 
     </span>
    </p>
   </div>
   <div class='ocr_carea' id='block_1_43' title="bbox 382 3884 2021 3968">
    <p class='ocr_par' dir='ltr' id='par_1_43' title="bbox 382 3884 2021 3968">
     <span class='ocr_line' id='line_1_43' title="bbox 382 3884 2021 3968; baseline -0.013 -11"><span class='ocrx_word' id='word_1_295' title='bbox 382 3902 581 3965; x_wconf 91' lang='lat' dir='ltr'>deum,</span> <span class='ocrx_word' id='word_1_296' title='bbox 612 3898 713 3954; x_wconf 89' lang='lat' dir='ltr'>sed</span> <span class='ocrx_word' id='word_1_297' title='bbox 747 3911 953 3968; x_wconf 88' lang='lat' dir='ltr'>panem</span> <span class='ocrx_word' id='word_1_298' title='bbox 987 3891 1264 3963; x_wconf 84' lang='lat' dir='ltr'>praebeas.</span> <span class='ocrx_word' id='word_1_299' title='bbox 1298 3889 1377 3943; x_wconf 84' lang='lat' dir='ltr'>Ex</span> <span class='ocrx_word' id='word_1_300' title='bbox 1410 3886 1512 3941; x_wconf 90' lang='lat' dir='ltr'>illa</span> <span class='ocrx_word' id='word_1_301' title='bbox 1541 3901 1676 3956; x_wconf 90' lang='lat' dir='ltr'>ergo</span> <span class='ocrx_word' id='word_1_302' title='bbox 1709 3884 1912 3954; x_wconf 88' lang='lat' dir='ltr'>lingua</span> <span class='ocrx_word' id='word_1_303' title='bbox 1949 3884 2021 3938; x_wconf 88' lang='lat' dir='ltr'>ab</span> 
     </span>
    </p>
   </div>
   <div class='ocr_carea' id='block_1_44' title="bbox 378 3972 2024 4047">
    <p class='ocr_par' dir='ltr' id='par_1_44' title="bbox 378 3972 2024 4047">
     <span class='ocr_line' id='line_1_44' title="bbox 378 3972 2024 4047; baseline -0.012 -1"><span class='ocrx_word' id='word_1_304' title='bbox 378 3990 540 4046; x_wconf 86' lang='lat' dir='ltr'>omni</span> <span class='ocrx_word' id='word_1_305' title='bbox 573 3984 876 4042; x_wconf 77' lang='lat' dir='ltr'>mendacio</span> <span class='ocrx_word' id='word_1_306' title='bbox 900 3982 1089 4037; x_wconf 89' lang='lat' dir='ltr'>aliena</span> <span class='ocrx_word' id='word_1_307' title='bbox 1105 3978 1439 4033; x_wconf 88' lang='lat' dir='ltr'>audivimus</span> <span class='ocrx_word' id='word_1_308' title='bbox 1463 3975 1616 4047; x_wconf 91' lang='lat' dir='ltr'>quod</span> <span class='ocrx_word' id='word_1_309' title='bbox 1636 3972 2024 4043; x_wconf 88' lang='lat' dir='ltr'>quadraginta</span> 
     </span>
    </p>
   </div>
   <div class='ocr_carea' id='block_1_45' title="bbox 382 4060 2021 4135">
    <p class='ocr_par' dir='ltr' id='par_1_45' title="bbox 382 4060 2021 4135">
     <span class='ocr_line' id='line_1_45' title="bbox 382 4060 2021 4135; baseline -0.013 0"><span class='ocrx_word' id='word_1_310' title='bbox 382 4078 554 4135; x_wconf 86' lang='lat' dir='ltr'>annis</span> <span class='ocrx_word' id='word_1_311' title='bbox 592 4072 912 4131; x_wconf 89' lang='lat' dir='ltr'>comederit</span> <span class='ocrx_word' id='word_1_312' title='bbox 958 4068 1263 4124; x_wconf 87' lang='lat' dir='ltr'>hordeum.</span> <span class='ocrx_word' id='word_1_313' title='bbox 1296 4067 1485 4135; x_wconf 90' lang='lat' dir='ltr'>Atque</span> <span class='ocrx_word' id='word_1_314' title='bbox 1537 4062 1659 4117; x_wconf 73' lang='lat' dir='ltr'>haec</span> <span class='ocrx_word' id='word_1_315' title='bbox 1712 4061 1810 4132; x_wconf 91' lang='lat' dir='ltr'>qui</span> <span class='ocrx_word' id='word_1_316' title='bbox 1854 4060 2021 4115; x_wconf 80' lang='lat' dir='ltr'>sufﬁ-</span> 
     </span>
    </p>
   </div>
   <div class='ocr_carea' id='block_1_46' title="bbox 383 4150 2022 4231">
    <p class='ocr_par' dir='ltr' id='par_1_46' title="bbox 383 4150 2022 4231">
     <span class='ocr_line' id='line_1_46' title="bbox 383 4150 2022 4231; baseline -0.013 -7"><span class='ocrx_word' id='word_1_317' title='bbox 383 4169 546 4225; x_wconf 89' lang='lat' dir='ltr'>ciunt</span> <span class='ocrx_word' id='word_1_318' title='bbox 577 4166 648 4220; x_wconf 90' lang='lat' dir='ltr'>ad</span> <span class='ocrx_word' id='word_1_319' title='bbox 680 4158 1112 4231; x_wconf 90' lang='lat' dir='ltr'>conjiciendum</span> <span class='ocrx_word' id='word_1_320' title='bbox 1146 4170 1320 4226; x_wconf 90' lang='lat' dir='ltr'>quam</span> <span class='ocrx_word' id='word_1_321' title='bbox 1354 4156 1509 4208; x_wconf 90' lang='lat' dir='ltr'>esset</span> <span class='ocrx_word' id='word_1_322' title='bbox 1536 4151 1623 4205; x_wconf 90' lang='lat' dir='ltr'>vir</span> <span class='ocrx_word' id='word_1_323' title='bbox 1649 4150 1709 4204; x_wconf 90' lang='lat' dir='ltr'>in</span> <span class='ocrx_word' id='word_1_324' title='bbox 1742 4150 2022 4205; x_wconf 81' lang='lat' dir='ltr'>exercita—</span> 
     </span>
    </p>
   </div>
   <div class='ocr_carea' id='block_1_47' title="bbox 382 4239 1905 4312">
    <p class='ocr_par' dir='ltr' id='par_1_47' title="bbox 382 4239 1905 4312">
     <span class='ocr_line' id='line_1_47' title="bbox 382 4239 1905 4312; baseline -0.011 0"><span class='ocrx_word' id='word_1_325' title='bbox 382 4258 538 4312; x_wconf 91' lang='lat' dir='ltr'>tione</span> <span class='ocrx_word' id='word_1_326' title='bbox 571 4253 896 4308; x_wconf 85' lang='lat' dir='ltr'>monastica</span> <span class='ocrx_word' id='word_1_327' title='bbox 927 4250 1223 4310; x_wconf 84' lang='lat' dir='ltr'>strenuus,</span> <span class='ocrx_word' id='word_1_328' title='bbox 1257 4248 1313 4298; x_wconf 88' lang='lat' dir='ltr'>et</span> <span class='ocrx_word' id='word_1_329' title='bbox 1344 4257 1521 4312; x_wconf 90' lang='lat' dir='ltr'>quam</span> <span class='ocrx_word' id='word_1_330' title='bbox 1556 4239 1905 4295; x_wconf 87' lang='lat' dir='ltr'>laboriosus.</span> 
     </span>
    </p>
   </div>
   <div class='ocr_carea' id='block_1_48' title="bbox 455 4366 2029 4449">
    <p class='ocr_par' dir='ltr' id='par_1_48' title="bbox 455 4366 2029 4449">
     <span class='ocr_line' id='line_1_48' title="bbox 455 4366 2029 4449; baseline -0.011 -12"><span class='ocrx_word' id='word_1_331' title='bbox 455 4377 853 4449; x_wconf 87' lang='lat' dir='ltr'>Integritatem</span> <span class='ocrx_word' id='word_1_332' title='bbox 887 4374 1082 4428; x_wconf 89' lang='lat' dir='ltr'>autem</span> <span class='ocrx_word' id='word_1_333' title='bbox 1115 4372 1171 4424; x_wconf 89' lang='lat' dir='ltr'>et</span> <span class='ocrx_word' id='word_1_334' title='bbox 1198 4366 1636 4439; x_wconf 85' lang='lat' dir='ltr'>simplicitatem</span> <span class='ocrx_word' id='word_1_335' title='bbox 1673 4380 1902 4420; x_wconf 91' lang='lat' dir='ltr'>morum</span> <span class='ocrx_word' id='word_1_336' title='bbox 1926 4380 2029 4436; x_wconf 89' lang='lat' dir='ltr'>per</span> 
     </span>
    </p>
   </div>
   <div class='ocr_carea' id='block_1_49' title="bbox 382 4454 2028 4530">
    <p class='ocr_par' dir='ltr' id='par_1_49' title="bbox 382 4454 2028 4530">
     <span class='ocr_line' id='line_1_49' title="bbox 382 4454 2028 4530; baseline -0.013 -2"><span class='ocrx_word' id='word_1_337' title='bbox 382 4463 959 4529; x_wconf 86' lang='lat' dir='ltr'>aliadeclarabimus.</span> <span class='ocrx_word' id='word_1_338' title='bbox 976 4460 1285 4530; x_wconf 84' lang='lat' dir='ltr'>Postquam</span> <span class='ocrx_word' id='word_1_339' title='bbox 1309 4455 1463 4512; x_wconf 89' lang='lat' dir='ltr'>enim</span> <span class='ocrx_word' id='word_1_340' title='bbox 1489 4470 1739 4527; x_wconf 89' lang='lat' dir='ltr'>magnus</span> <span class='ocrx_word' id='word_1_341' title='bbox 1753 4454 2028 4509; x_wconf 88' lang='lat' dir='ltr'>fuitordi-</span> 
     </span>
    </p>
   </div>
   <div class='ocr_carea' id='block_1_50' title="bbox 384 4544 2025 4619">
    <p class='ocr_par' dir='ltr' id='par_1_50' title="bbox 384 4544 2025 4619">
     <span class='ocr_line' id='line_1_50' title="bbox 384 4544 2025 4619; baseline -0.013 -2"><span class='ocrx_word' id='word_1_342' title='bbox 384 4564 559 4617; x_wconf 90' lang='lat' dir='ltr'>natus</span> <span class='ocrx_word' id='word_1_343' title='bbox 585 4553 921 4617; x_wconf 84' lang='lat' dir='ltr'>Flavianus,</span> <span class='ocrx_word' id='word_1_344' title='bbox 953 4553 1018 4605; x_wconf 91' lang='lat' dir='ltr'>ut</span> <span class='ocrx_word' id='word_1_345' title='bbox 1041 4562 1323 4619; x_wconf 88' lang='lat' dir='ltr'>magnum</span> <span class='ocrx_word' id='word_1_346' title='bbox 1352 4544 1451 4599; x_wconf 91' lang='lat' dir='ltr'>Dei</span> <span class='ocrx_word' id='word_1_347' title='bbox 1484 4560 1716 4616; x_wconf 79' lang='lat' dir='ltr'>gregem</span> <span class='ocrx_word' id='word_1_348' title='bbox 1744 4548 2025 4615; x_wconf 82' lang='lat' dir='ltr'>pasceret,</span> 
     </span>
    </p>
   </div>
   <div class='ocr_carea' id='block_1_51' title="bbox 2136 589 3784 662">
    <p class='ocr_par' dir='ltr' id='par_1_51' title="bbox 2136 589 3784 662">
     <span class='ocr_line' id='line_1_51' title="bbox 2136 589 3784 662; baseline 0.002 -18"><span class='ocrx_word' id='word_1_349' title='bbox 2136 589 2267 645; x_wconf 91' lang='lat' dir='ltr'>dem</span> <span class='ocrx_word' id='word_1_350' title='bbox 2301 590 2392 644; x_wconf 83' lang='lat' dir='ltr'>vix</span> <span class='ocrx_word' id='word_1_351' title='bbox 2424 607 2556 645; x_wconf 91' lang='lat' dir='ltr'>eum</span> <span class='ocrx_word' id='word_1_352' title='bbox 2590 589 2937 646; x_wconf 83' lang='lat' dir='ltr'>irascentem</span> <span class='ocrx_word' id='word_1_353' title='bbox 2964 592 3314 646; x_wconf 90' lang='lat' dir='ltr'>sedaverunt</span> <span class='ocrx_word' id='word_1_354' title='bbox 3343 592 3585 662; x_wconf 92' lang='lat' dir='ltr'>quidam</span> <span class='ocrx_word' id='word_1_355' title='bbox 3611 608 3679 647; x_wconf 86' lang='lat' dir='ltr'>ex</span> <span class='ocrx_word' id='word_1_356' title='bbox 3701 595 3784 648; x_wconf 83' lang='lat' dir='ltr'>fa-</span> 
     </span>
    </p>
   </div>
   <div class='ocr_carea' id='block_1_52' title="bbox 2136 678 3784 751">
    <p class='ocr_par' dir='ltr' id='par_1_52' title="bbox 2136 678 3784 751">
     <span class='ocr_line' id='line_1_52' title="bbox 2136 678 3784 751; baseline 0.002 -19"><span class='ocrx_word' id='word_1_357' title='bbox 2136 678 2487 734; x_wconf 86' lang='lat' dir='ltr'>miliaribus.</span> <span class='ocrx_word' id='word_1_358' title='bbox 2510 684 2828 751; x_wconf 90' lang='lat' dir='ltr'>Postquam</span> <span class='ocrx_word' id='word_1_359' title='bbox 2845 684 3038 735; x_wconf 91' lang='lat' dir='ltr'>autem</span> <span class='ocrx_word' id='word_1_360' title='bbox 3063 680 3168 735; x_wconf 82' lang='lat' dir='ltr'>fuit</span> <span class='ocrx_word' id='word_1_361' title='bbox 3184 681 3383 736; x_wconf 88' lang='lat' dir='ltr'>ﬁnitus</span> <span class='ocrx_word' id='word_1_362' title='bbox 3400 681 3784 737; x_wconf 66' lang='lat' dir='ltr'>hebdomadee</span> 
     </span>
    </p>
   </div>
   <div class='ocr_carea' id='block_1_53' title="bbox 2134 766 3781 838">
    <p class='ocr_par' dir='ltr' id='par_1_53' title="bbox 2134 766 3781 838">
     <span class='ocr_line' id='line_1_53' title="bbox 2134 766 3781 838; baseline 0.004 -18"><span class='ocrx_word' id='word_1_363' title='bbox 2134 766 2414 834; x_wconf 89' lang='lat' dir='ltr'>circulus,</span> <span class='ocrx_word' id='word_1_364' title='bbox 2443 772 2499 824; x_wconf 92' lang='lat' dir='ltr'>et</span> <span class='ocrx_word' id='word_1_365' title='bbox 2530 786 2737 824; x_wconf 89' lang='lat' dir='ltr'>rursus</span> <span class='ocrx_word' id='word_1_366' title='bbox 2758 770 2914 824; x_wconf 91' lang='lat' dir='ltr'>venit</span> <span class='ocrx_word' id='word_1_367' title='bbox 2934 770 3059 825; x_wconf 89' lang='lat' dir='ltr'>dies</span> <span class='ocrx_word' id='word_1_368' title='bbox 3080 769 3209 826; x_wconf 90' lang='lat' dir='ltr'>festi</span> <span class='ocrx_word' id='word_1_369' title='bbox 3236 770 3545 838; x_wconf 87' lang='lat' dir='ltr'>Dominioi,</span> <span class='ocrx_word' id='word_1_370' title='bbox 3572 787 3781 826; x_wconf 89' lang='lat' dir='ltr'>rursus</span> 
     </span>
    </p>
   </div>
   <div class='ocr_carea' id='block_1_54' title="bbox 2136 859 3780 931">
    <p class='ocr_par' dir='ltr' id='par_1_54' title="bbox 2136 859 3780 931">
     <span class='ocr_line' id='line_1_54' title="bbox 2136 859 3780 931; baseline 0.003 -22"><span class='ocrx_word' id='word_1_371' title='bbox 2136 871 2267 911; x_wconf 90' lang='lat' dir='ltr'>eum</span> <span class='ocrx_word' id='word_1_372' title='bbox 2303 874 2551 931; x_wconf 88' lang='lat' dir='ltr'>magnus</span> <span class='ocrx_word' id='word_1_373' title='bbox 2583 859 2831 914; x_wconf 84' lang='lat' dir='ltr'>accersit</span> <span class='ocrx_word' id='word_1_374' title='bbox 2860 859 3415 931; x_wconf 82' lang='lat' dir='ltr'>Flavianus,rogans</span> <span class='ocrx_word' id='word_1_375' title='bbox 3441 864 3504 915; x_wconf 91' lang='lat' dir='ltr'>ut</span> <span class='ocrx_word' id='word_1_376' title='bbox 3528 876 3661 916; x_wconf 91' lang='lat' dir='ltr'>cum</span> <span class='ocrx_word' id='word_1_377' title='bbox 3695 860 3780 915; x_wconf 90' lang='lat' dir='ltr'>eis</span> 
     </span>
    </p>
   </div>
   <div class='ocr_carea' id='block_1_55' title="bbox 2136 948 3779 1020">
    <p class='ocr_par' dir='ltr' id='par_1_55' title="bbox 2136 948 3779 1020">
     <span class='ocr_line' id='line_1_55' title="bbox 2136 948 3779 1020; baseline 0.002 -18"><span class='ocrx_word' id='word_1_378' title='bbox 2136 952 2289 1003; x_wconf 87' lang='lat' dir='ltr'>esset</span> <span class='ocrx_word' id='word_1_379' title='bbox 2319 948 2613 1020; x_wconf 89' lang='lat' dir='ltr'>particeps</span> <span class='ocrx_word' id='word_1_380' title='bbox 2642 948 2821 1019; x_wconf 89' lang='lat' dir='ltr'>hujus</span> <span class='ocrx_word' id='word_1_381' title='bbox 2852 948 3208 1004; x_wconf 89' lang='lat' dir='ltr'>celebritatis</span> <span class='ocrx_word' id='word_1_382' title='bbox 3235 966 3247 1016; x_wconf 93' lang='lat'><strong>;</strong></span> <span class='ocrx_word' id='word_1_383' title='bbox 3282 948 3380 1005; x_wconf 88' lang='lat' dir='ltr'>ille</span> <span class='ocrx_word' id='word_1_384' title='bbox 3409 966 3542 1005; x_wconf 91' lang='lat' dir='ltr'>vero</span> <span class='ocrx_word' id='word_1_385' title='bbox 3573 950 3644 1005; x_wconf 89' lang='lat' dir='ltr'>ad</span> <span class='ocrx_word' id='word_1_386' title='bbox 3679 965 3779 1006; x_wconf 90' lang='lat' dir='ltr'>eos</span> 
     </span>
    </p>
   </div>
   <div class='ocr_carea' id='block_1_56' title="bbox 2135 1037 3778 1112">
    <p class='ocr_par' dir='ltr' id='par_1_56' title="bbox 2135 1037 3778 1112">
     <span class='ocr_line' id='line_1_56' title="bbox 2135 1037 3778 1112; baseline 0.002 -20"><span class='ocrx_word' id='word_1_387' title='bbox 2135 1038 2233 1109; x_wconf 91' lang='lat' dir='ltr'>qui</span> <span class='ocrx_word' id='word_1_388' title='bbox 2258 1042 2572 1093; x_wconf 89' lang='lat' dir='ltr'>venerant:</span> <span class='ocrx_word' id='word_1_389' title='bbox 2603 1038 2723 1093; x_wconf 88' lang='lat' dir='ltr'>Non</span> <span class='ocrx_word' id='word_1_390' title='bbox 2747 1038 3075 1105; x_wconf 85' lang='lat' dir='ltr'>sufﬁciunt,</span> <span class='ocrx_word' id='word_1_391' title='bbox 3111 1037 3324 1109; x_wconf 90' lang='lat' dir='ltr'>inquit,</span> <span class='ocrx_word' id='word_1_392' title='bbox 3345 1039 3517 1112; x_wconf 75' lang='lat' dir='ltr'>vobis</span> <span class='ocrx_word' id='word_1_393' title='bbox 3547 1055 3617 1095; x_wconf 90' lang='lat' dir='ltr'>ea</span> <span class='ocrx_word' id='word_1_394' title='bbox 3647 1056 3778 1111; x_wconf 65' lang='lat' dir='ltr'>quae</span> 
     </span>
    </p>
   </div>
   <div class='ocr_carea' id='block_1_57' title="bbox 2132 1127 3782 1201">
    <p class='ocr_par' dir='ltr' id='par_1_57' title="bbox 2132 1127 3782 1201">
     <span class='ocr_line' id='line_1_57' title="bbox 2132 1127 3782 1201; baseline 0.002 -20"><span class='ocrx_word' id='word_1_395' title='bbox 2132 1128 2287 1183; x_wconf 90' lang='lat' dir='ltr'>facta</span> <span class='ocrx_word' id='word_1_396' title='bbox 2299 1128 2566 1195; x_wconf 83' lang='lat' dir='ltr'>sunt;sed</span> <span class='ocrx_word' id='word_1_397' title='bbox 2585 1144 2673 1183; x_wconf 92' lang='lat' dir='ltr'>me</span> <span class='ocrx_word' id='word_1_398' title='bbox 2687 1145 2751 1182; x_wconf 93' lang='lat' dir='ltr'>ru</span> <span class='ocrx_word' id='word_1_399' title='bbox 2763 1127 3089 1183; x_wconf 89' lang='lat' dir='ltr'>rsusvultis</span> <span class='ocrx_word' id='word_1_400' title='bbox 3100 1127 3328 1183; x_wconf 88' lang='lat' dir='ltr'>efﬁcere</span> <span class='ocrx_word' id='word_1_401' title='bbox 3342 1129 3782 1201; x_wconf 81' lang='lat' dir='ltr'>presbyterum?</span> 
     </span>
    </p>
   </div>
   <div class='ocr_carea' id='block_1_58' title="bbox 2134 1216 3777 1288">
    <p class='ocr_par' dir='ltr' id='par_1_58' title="bbox 2134 1216 3777 1288">
     <span class='ocr_line' id='line_1_58' title="bbox 2134 1216 3777 1288; baseline 0.002 -17"><span class='ocrx_word' id='word_1_402' title='bbox 2134 1217 2276 1271; x_wconf 88' lang='lat' dir='ltr'>Cum</span> <span class='ocrx_word' id='word_1_403' title='bbox 2302 1216 2341 1270; x_wconf 88' lang='lat' dir='ltr'>ii</span> <span class='ocrx_word' id='word_1_404' title='bbox 2373 1221 2567 1272; x_wconf 90' lang='lat' dir='ltr'>autem</span> <span class='ocrx_word' id='word_1_405' title='bbox 2593 1217 2851 1273; x_wconf 90' lang='lat' dir='ltr'>dicerent</span> <span class='ocrx_word' id='word_1_406' title='bbox 2874 1217 2995 1272; x_wconf 86' lang='lat' dir='ltr'>ﬁeri</span> <span class='ocrx_word' id='word_1_407' title='bbox 3022 1232 3136 1272; x_wconf 92' lang='lat' dir='ltr'>non</span> <span class='ocrx_word' id='word_1_408' title='bbox 3166 1234 3338 1288; x_wconf 90' lang='lat' dir='ltr'>posse</span> <span class='ocrx_word' id='word_1_409' title='bbox 3364 1222 3427 1273; x_wconf 93' lang='lat' dir='ltr'>ut</span> <span class='ocrx_word' id='word_1_410' title='bbox 3449 1219 3539 1274; x_wconf 92' lang='lat' dir='ltr'>bis</span> <span class='ocrx_word' id='word_1_411' title='bbox 3571 1219 3777 1275; x_wconf 90' lang='lat' dir='ltr'>eadem</span> 
     </span>
    </p>
   </div>
   <div class='ocr_carea' id='block_1_59' title="bbox 2134 1306 3779 1380">
    <p class='ocr_par' dir='ltr' id='par_1_59' title="bbox 2134 1306 3779 1380">
     <span class='ocr_line' id='line_1_59' title="bbox 2134 1306 3779 1380; baseline 0.002 -20"><span class='ocrx_word' id='word_1_412' title='bbox 2134 1307 2297 1363; x_wconf 87' lang='lat' dir='ltr'>ﬁeret</span> <span class='ocrx_word' id='word_1_413' title='bbox 2318 1306 2627 1373; x_wconf 90' lang='lat' dir='ltr'>ordinatio,</span> <span class='ocrx_word' id='word_1_414' title='bbox 2652 1323 2768 1362; x_wconf 91' lang='lat' dir='ltr'>non</span> <span class='ocrx_word' id='word_1_415' title='bbox 2791 1306 2994 1374; x_wconf 90' lang='lat' dir='ltr'>cessit,</span> <span class='ocrx_word' id='word_1_416' title='bbox 3011 1322 3117 1363; x_wconf 90' lang='lat' dir='ltr'>nec</span> <span class='ocrx_word' id='word_1_417' title='bbox 3137 1306 3316 1373; x_wconf 89' lang='lat' dir='ltr'>venit,</span> <span class='ocrx_word' id='word_1_418' title='bbox 3337 1308 3521 1363; x_wconf 90' lang='lat' dir='ltr'>donec</span> <span class='ocrx_word' id='word_1_419' title='bbox 3543 1312 3779 1380; x_wconf 87' lang='lat' dir='ltr'>tempus</span> 
     </span>
    </p>
   </div>
   <div class='ocr_carea' id='block_1_60' title="bbox 2134 1396 3780 1469">
    <p class='ocr_par' dir='ltr' id='par_1_60' title="bbox 2134 1396 3780 1469">
     <span class='ocr_line' id='line_1_60' title="bbox 2134 1396 3780 1469; baseline 0.001 -18"><span class='ocrx_word' id='word_1_420' title='bbox 2134 1400 2189 1451; x_wconf 89' lang='lat' dir='ltr'>et</span> <span class='ocrx_word' id='word_1_421' title='bbox 2202 1397 2331 1467; x_wconf 89' lang='lat' dir='ltr'>ejus</span> <span class='ocrx_word' id='word_1_422' title='bbox 2346 1396 2661 1451; x_wconf 81' lang='lat' dir='ltr'>familiares</span> <span class='ocrx_word' id='word_1_423' title='bbox 2676 1411 2807 1452; x_wconf 91' lang='lat' dir='ltr'>eum</span> <span class='ocrx_word' id='word_1_424' title='bbox 2825 1397 2881 1451; x_wconf 90' lang='lat' dir='ltr'>id</span> <span class='ocrx_word' id='word_1_425' title='bbox 2897 1397 3240 1452; x_wconf 89' lang='lat' dir='ltr'>docuerunt.</span> <span class='ocrx_word' id='word_1_426' title='bbox 3260 1397 3390 1453; x_wconf 90' lang='lat' dir='ltr'>Scio</span> <span class='ocrx_word' id='word_1_427' title='bbox 3405 1398 3639 1469; x_wconf 89' lang='lat' dir='ltr'>quidem</span> <span class='ocrx_word' id='word_1_428' title='bbox 3659 1399 3780 1454; x_wconf 91' lang='lat' dir='ltr'>fore</span> 
     </span>
    </p>
   </div>
   <div class='ocr_carea' id='block_1_61' title="bbox 2134 1485 3776 1542">
    <p class='ocr_par' dir='ltr' id='par_1_61' title="bbox 2134 1485 3776 1542">
     <span class='ocr_line' id='line_1_61' title="bbox 2134 1485 3776 1542; baseline 0.001 -2"><span class='ocrx_word' id='word_1_429' title='bbox 2134 1486 2331 1541; x_wconf 71' lang='lat' dir='ltr'>uthaac</span> <span class='ocrx_word' id='word_1_430' title='bbox 2345 1485 2602 1541; x_wconf 91' lang='lat' dir='ltr'>narratio</span> <span class='ocrx_word' id='word_1_431' title='bbox 2614 1486 2881 1541; x_wconf 88' lang='lat' dir='ltr'>videatur</span> <span class='ocrx_word' id='word_1_432' title='bbox 2893 1485 3098 1541; x_wconf 92' lang='lat' dir='ltr'>multis</span> <span class='ocrx_word' id='word_1_433' title='bbox 3112 1503 3226 1541; x_wconf 90' lang='lat' dir='ltr'>non</span> <span class='ocrx_word' id='word_1_434' title='bbox 3246 1486 3388 1542; x_wconf 89' lang='lat' dir='ltr'>adeo</span> <span class='ocrx_word' id='word_1_435' title='bbox 3407 1486 3776 1542; x_wconf 88' lang='lat' dir='ltr'>admiranda:</span> 
     </span>
    </p>
   </div>
   <div class='ocr_carea' id='block_1_62' title="bbox 2132 1573 3777 1647">
    <p class='ocr_par' dir='ltr' id='par_1_62' title="bbox 2132 1573 3777 1647">
     <span class='ocr_line' id='line_1_62' title="bbox 2132 1573 3777 1647; baseline 0.001 -17"><span class='ocrx_word' id='word_1_436' title='bbox 2132 1591 2256 1631; x_wconf 90' lang='lat' dir='ltr'>eam</span> <span class='ocrx_word' id='word_1_437' title='bbox 2283 1578 2478 1630; x_wconf 91' lang='lat' dir='ltr'>autem</span> <span class='ocrx_word' id='word_1_438' title='bbox 2513 1574 2707 1646; x_wconf 87' lang='lat' dir='ltr'>posui,</span> <span class='ocrx_word' id='word_1_439' title='bbox 2731 1579 2796 1629; x_wconf 90' lang='lat' dir='ltr'>ut</span> <span class='ocrx_word' id='word_1_440' title='bbox 2816 1575 2917 1645; x_wconf 89' lang='lat' dir='ltr'>qui</span> <span class='ocrx_word' id='word_1_441' title='bbox 2944 1591 3070 1630; x_wconf 88' lang='lat' dir='ltr'>eam</span> <span class='ocrx_word' id='word_1_442' title='bbox 3097 1573 3336 1647; x_wconf 88' lang='lat' dir='ltr'>dignam</span> <span class='ocrx_word' id='word_1_443' title='bbox 3360 1592 3487 1646; x_wconf 67' lang='lat' dir='ltr'>quas</span> <span class='ocrx_word' id='word_1_444' title='bbox 3520 1592 3777 1632; x_wconf 85' lang='lat' dir='ltr'>comme-</span> 
     </span>
    </p>
   </div>
   <div class='ocr_carea' id='block_1_63' title="bbox 2134 1662 3782 1735">
    <p class='ocr_par' dir='ltr' id='par_1_63' title="bbox 2134 1662 3782 1735">
     <span class='ocr_line' id='line_1_63' title="bbox 2134 1662 3782 1735; baseline 0.002 -17"><span class='ocrx_word' id='word_1_445' title='bbox 2134 1668 2395 1719; x_wconf 87' lang='lat' dir='ltr'>moretur</span> <span class='ocrx_word' id='word_1_446' title='bbox 2415 1662 2765 1734; x_wconf 84' lang='lat' dir='ltr'>existimem,</span> <span class='ocrx_word' id='word_1_447' title='bbox 2790 1668 2854 1718; x_wconf 90' lang='lat' dir='ltr'>ut</span> <span class='ocrx_word' id='word_1_448' title='bbox 2874 1680 2941 1719; x_wconf 80' lang='lat' dir='ltr'>ex</span> <span class='ocrx_word' id='word_1_449' title='bbox 2965 1680 3080 1734; x_wconf 85' lang='lat' dir='ltr'>qua</span> <span class='ocrx_word' id='word_1_450' title='bbox 3104 1663 3247 1719; x_wconf 89' lang='lat' dir='ltr'>satis</span> <span class='ocrx_word' id='word_1_451' title='bbox 3273 1664 3457 1734; x_wconf 89' lang='lat' dir='ltr'>possit</span> <span class='ocrx_word' id='word_1_452' title='bbox 3486 1665 3693 1735; x_wconf 90' lang='lat' dir='ltr'>conjici</span> <span class='ocrx_word' id='word_1_453' title='bbox 3723 1670 3782 1721; x_wconf 89' lang='lat' dir='ltr'>et</span> 
     </span>
    </p>
   </div>
   <div class='ocr_carea' id='block_1_64' title="bbox 2132 1752 3777 1824">
    <p class='ocr_par' dir='ltr' id='par_1_64' title="bbox 2132 1752 3777 1824">
     <span class='ocr_line' id='line_1_64' title="bbox 2132 1752 3777 1824; baseline 0.002 -17"><span class='ocrx_word' id='word_1_454' title='bbox 2132 1753 2259 1823; x_wconf 90' lang='lat' dir='ltr'>ejus</span> <span class='ocrx_word' id='word_1_455' title='bbox 2289 1752 2470 1808; x_wconf 90' lang='lat' dir='ltr'>animi</span> <span class='ocrx_word' id='word_1_456' title='bbox 2501 1752 2851 1823; x_wconf 84' lang='lat' dir='ltr'>simplicitas</span> <span class='ocrx_word' id='word_1_457' title='bbox 2882 1757 2939 1809; x_wconf 94' lang='lat' dir='ltr'>et</span> <span class='ocrx_word' id='word_1_458' title='bbox 2968 1752 3176 1808; x_wconf 71' lang='lat' dir='ltr'>animae</span> <span class='ocrx_word' id='word_1_459' title='bbox 3209 1753 3447 1824; x_wconf 89' lang='lat' dir='ltr'>puritas.</span> <span class='ocrx_word' id='word_1_460' title='bbox 3482 1754 3558 1810; x_wconf 92' lang='lat' dir='ltr'>Iis</span> <span class='ocrx_word' id='word_1_461' title='bbox 3578 1759 3777 1810; x_wconf 89' lang='lat' dir='ltr'>autem</span> 
     </span>
    </p>
   </div>
   <div class='ocr_carea' id='block_1_65' title="bbox 2132 1842 3782 1915">
    <p class='ocr_par' dir='ltr' id='par_1_65' title="bbox 2132 1842 3782 1915">
     <span class='ocr_line' id='line_1_65' title="bbox 2132 1842 3782 1915; baseline 0.003 -19"><span class='ocrx_word' id='word_1_462' title='bbox 2132 1842 2233 1913; x_wconf 89' lang='lat' dir='ltr'>qui</span> <span class='ocrx_word' id='word_1_463' title='bbox 2256 1848 2394 1897; x_wconf 91' lang='lat' dir='ltr'>sunt</span> <span class='ocrx_word' id='word_1_464' title='bbox 2416 1842 2782 1913; x_wconf 87' lang='lat' dir='ltr'>hujusmodi,</span> <span class='ocrx_word' id='word_1_465' title='bbox 2804 1842 3089 1899; x_wconf 90' lang='lat' dir='ltr'>Dominus</span> <span class='ocrx_word' id='word_1_466' title='bbox 3118 1859 3364 1915; x_wconf 89' lang='lat' dir='ltr'>regnum</span> <span class='ocrx_word' id='word_1_467' title='bbox 3389 1843 3666 1900; x_wconf 76' lang='lat' dir='ltr'>cmlorum</span> <span class='ocrx_word' id='word_1_468' title='bbox 3691 1850 3782 1901; x_wconf 89' lang='lat' dir='ltr'>est</span> 
     </span>
    </p>
   </div>
   <div class='ocr_carea' id='block_1_66' title="bbox 2134 1930 3780 2003">
    <p class='ocr_par' dir='ltr' id='par_1_66' title="bbox 2134 1930 3780 2003">
     <span class='ocr_line' id='line_1_66' title="bbox 2134 1930 3780 2003; baseline 0.002 -18"><span class='ocrx_word' id='word_1_469' title='bbox 2134 1930 2429 2002; x_wconf 88' lang='lat' dir='ltr'>pollicitus</span> <span class='ocrx_word' id='word_1_470' title='bbox 2459 1935 2676 1987; x_wconf 86' lang='lat' dir='ltr'>:Amen</span> <span class='ocrx_word' id='word_1_471' title='bbox 2702 1931 2881 1996; x_wconf 89' lang='lat' dir='ltr'>enim,</span> <span class='ocrx_word' id='word_1_472' title='bbox 2906 1932 3122 2003; x_wconf 83' lang='lat' dir='ltr'>inquit,</span> <span class='ocrx_word' id='word_1_473' title='bbox 3144 1932 3272 1988; x_wconf 90' lang='lat' dir='ltr'>dico</span> <span class='ocrx_word' id='word_1_474' title='bbox 3291 1933 3479 2002; x_wconf 88' lang='lat' dir='ltr'>vobis,</span> <span class='ocrx_word' id='word_1_475' title='bbox 3504 1933 3617 1988; x_wconf 88' lang='lat' dir='ltr'>nisi</span> <span class='ocrx_word' id='word_1_476' title='bbox 3641 1951 3780 1989; x_wconf 88' lang='lat' dir='ltr'>con-</span> 
     </span>
    </p>
   </div>
   <div class='ocr_carea' id='block_1_67' title="bbox 2133 2020 3777 2095">
    <p class='ocr_par' dir='ltr' id='par_1_67' title="bbox 2133 2020 3777 2095">
     <span class='ocr_line' id='line_1_67' title="bbox 2133 2020 3777 2095; baseline 0.002 -20"><span class='ocrx_word' id='word_1_477' title='bbox 2133 2021 2282 2077; x_wconf 90' lang='lat' dir='ltr'>versi</span> <span class='ocrx_word' id='word_1_478' title='bbox 2311 2022 2539 2076; x_wconf 89' lang='lat' dir='ltr'>fueritis</span> <span class='ocrx_word' id='word_1_479' title='bbox 2565 2026 2629 2075; x_wconf 88' lang='lat' dir='ltr'>ut</span> <span class='ocrx_word' id='word_1_480' title='bbox 2647 2020 2820 2091; x_wconf 90' lang='lat' dir='ltr'>puelli</span> <span class='ocrx_word' id='word_1_481' title='bbox 2843 2020 2962 2087; x_wconf 90' lang='lat' dir='ltr'>isti,</span> <span class='ocrx_word' id='word_1_482' title='bbox 2987 2038 3103 2077; x_wconf 92' lang='lat' dir='ltr'>non</span> <span class='ocrx_word' id='word_1_483' title='bbox 3128 2021 3428 2077; x_wconf 85' lang='lat' dir='ltr'>intrabitis</span> <span class='ocrx_word' id='word_1_484' title='bbox 3448 2022 3505 2077; x_wconf 91' lang='lat' dir='ltr'>in</span> <span class='ocrx_word' id='word_1_485' title='bbox 3530 2039 3777 2095; x_wconf 88' lang='lat' dir='ltr'>regnum</span> 
     </span>
    </p>
   </div>
   <div class='ocr_carea' id='block_1_68' title="bbox 2132 2110 3778 2185">
    <p class='ocr_par' dir='ltr' id='par_1_68' title="bbox 2132 2110 3778 2185">
     <span class='ocr_line' id='line_1_68' title="bbox 2132 2110 3778 2185; baseline 0.004 -21"><span class='ocrx_word' id='word_1_486' title='bbox 2132 2110 2412 2167; x_wconf 80' lang='lat' dir='ltr'>cmlorum</span> <span class='ocrx_word' id='word_1_487' title='bbox 2431 2112 2616 2182; x_wconf 83' lang='lat' dir='ltr'>(Math.</span> <span class='ocrx_word' id='word_1_488' title='bbox 2642 2111 2830 2182; x_wconf 83' lang='lat' dir='ltr'>xvm).</span> <span class='ocrx_word' id='word_1_489' title='bbox 2855 2112 3140 2177; x_wconf 88' lang='lat' dir='ltr'>Quoniam</span> <span class='ocrx_word' id='word_1_490' title='bbox 3164 2129 3299 2185; x_wconf 90' lang='lat' dir='ltr'>ergo</span> <span class='ocrx_word' id='word_1_491' title='bbox 3323 2114 3664 2169; x_wconf 90' lang='lat' dir='ltr'>summatim</span> <span class='ocrx_word' id='word_1_492' title='bbox 3680 2130 3778 2170; x_wconf 81' lang='lat' dir='ltr'>os-</span> 
     </span>
    </p>
   </div>
   <div class='ocr_carea' id='block_1_69' title="bbox 2131 2200 3781 2275">
    <p class='ocr_par' dir='ltr' id='par_1_69' title="bbox 2131 2200 3781 2275">
     <span class='ocr_line' id='line_1_69' title="bbox 2131 2200 3781 2275; baseline 0.002 -20"><span class='ocrx_word' id='word_1_493' title='bbox 2131 2200 2428 2256; x_wconf 86' lang='lat' dir='ltr'>tendimus</span> <span class='ocrx_word' id='word_1_494' title='bbox 2458 2202 2588 2271; x_wconf 91' lang='lat' dir='ltr'>ejus</span> <span class='ocrx_word' id='word_1_495' title='bbox 2618 2201 2831 2256; x_wconf 71' lang='lat' dir='ltr'>animas</span> <span class='ocrx_word' id='word_1_496' title='bbox 2864 2201 3109 2257; x_wconf 88' lang='lat' dir='ltr'>formam</span> <span class='ocrx_word' id='word_1_497' title='bbox 3134 2218 3200 2256; x_wconf 91' lang='lat' dir='ltr'>ac</span> <span class='ocrx_word' id='word_1_498' title='bbox 3232 2202 3652 2271; x_wconf 87' lang='lat' dir='ltr'>characterem,</span> <span class='ocrx_word' id='word_1_499' title='bbox 3673 2220 3781 2275; x_wconf 87' lang='lat' dir='ltr'>age</span> 
     </span>
    </p>
   </div>
   <div class='ocr_carea' id='block_1_70' title="bbox 2132 2290 3587 2361">
    <p class='ocr_par' dir='ltr' id='par_1_70' title="bbox 2132 2290 3587 2361">
     <span class='ocr_line' id='line_1_70' title="bbox 2132 2290 3587 2361; baseline 0.001 -16"><span class='ocrx_word' id='word_1_500' title='bbox 2132 2291 2260 2359; x_wconf 88' lang='lat' dir='ltr'>ejus</span> <span class='ocrx_word' id='word_1_501' title='bbox 2284 2306 2518 2361; x_wconf 91' lang='lat' dir='ltr'>quoque</span> <span class='ocrx_word' id='word_1_502' title='bbox 2551 2290 2936 2346; x_wconf 88' lang='lat' dir='ltr'>ostendamus</span> <span class='ocrx_word' id='word_1_503' title='bbox 2967 2307 3035 2345; x_wconf 79' lang='lat' dir='ltr'>ex</span> <span class='ocrx_word' id='word_1_504' title='bbox 3064 2295 3259 2346; x_wconf 88' lang='lat' dir='ltr'>vrtute</span> <span class='ocrx_word' id='word_1_505' title='bbox 3287 2292 3587 2347; x_wconf 89' lang='lat' dir='ltr'>ﬁduciam.</span> 
     </span>
    </p>
   </div>
   <div class='ocr_carea' id='block_1_71' title="bbox 2203 2397 3777 2468">
    <p class='ocr_par' dir='ltr' id='par_1_71' title="bbox 2203 2397 3777 2468">
     <span class='ocr_line' id='line_1_71' title="bbox 2203 2397 3777 2468; baseline 0.003 -17"><span class='ocrx_word' id='word_1_506' title='bbox 2203 2397 2453 2460; x_wconf 88' lang='lat' dir='ltr'>Quidam</span> <span class='ocrx_word' id='word_1_507' title='bbox 2478 2397 2595 2451; x_wconf 87' lang='lat' dir='ltr'>dux</span> <span class='ocrx_word' id='word_1_508' title='bbox 2619 2397 2872 2452; x_wconf 89' lang='lat' dir='ltr'>militum</span> <span class='ocrx_word' id='word_1_509' title='bbox 2903 2398 3000 2468; x_wconf 87' lang='lat' dir='ltr'>qui</span> <span class='ocrx_word' id='word_1_510' title='bbox 3024 2398 3427 2453; x_wconf 89' lang='lat' dir='ltr'>delectabatur</span> <span class='ocrx_word' id='word_1_511' title='bbox 3445 2399 3777 2467; x_wconf 88' lang='lat' dir='ltr'>venatione,</span> 
     </span>
    </p>
   </div>
   <div class='ocr_carea' id='block_1_72' title="bbox 2131 2486 3780 2559">
    <p class='ocr_par' dir='ltr' id='par_1_72' title="bbox 2131 2486 3780 2559">
     <span class='ocr_line' id='line_1_72' title="bbox 2131 2486 3780 2559; baseline 0.002 -18"><span class='ocrx_word' id='word_1_512' title='bbox 2131 2486 2475 2541; x_wconf 88' lang='lat' dir='ltr'>ascenditin</span> <span class='ocrx_word' id='word_1_513' title='bbox 2507 2490 2766 2541; x_wconf 90' lang='lat' dir='ltr'>montem</span> <span class='ocrx_word' id='word_1_514' title='bbox 2799 2490 3139 2541; x_wconf 81' lang='lat' dir='ltr'>venaturus.</span> <span class='ocrx_word' id='word_1_515' title='bbox 3168 2488 3313 2542; x_wconf 89' lang='lat' dir='ltr'>Eum</span> <span class='ocrx_word' id='word_1_516' title='bbox 3346 2492 3541 2543; x_wconf 90' lang='lat' dir='ltr'>autem</span> <span class='ocrx_word' id='word_1_517' title='bbox 3566 2503 3780 2559; x_wconf 90' lang='lat' dir='ltr'>seque-</span> 
     </span>
    </p>
   </div>
   <div class='ocr_carea' id='block_1_73' title="bbox 2131 2572 3779 2649">
    <p class='ocr_par' dir='ltr' id='par_1_73' title="bbox 2131 2572 3779 2649">
     <span class='ocr_line' id='line_1_73' title="bbox 2131 2572 3779 2649; baseline 0.003 -20"><span class='ocrx_word' id='word_1_518' title='bbox 2131 2576 2347 2629; x_wconf 89' lang='lat' dir='ltr'>bantur</span> <span class='ocrx_word' id='word_1_519' title='bbox 2367 2580 2423 2629; x_wconf 90' lang='lat' dir='ltr'>et</span> <span class='ocrx_word' id='word_1_520' title='bbox 2446 2591 2622 2630; x_wconf 89' lang='lat' dir='ltr'>canes</span> <span class='ocrx_word' id='word_1_521' title='bbox 2656 2579 2711 2629; x_wconf 86' lang='lat' dir='ltr'>et</span> <span class='ocrx_word' id='word_1_522' title='bbox 2738 2572 2977 2639; x_wconf 86' lang='lat' dir='ltr'>milites,</span> <span class='ocrx_word' id='word_1_523' title='bbox 3002 2578 3059 2629; x_wconf 90' lang='lat' dir='ltr'>et</span> <span class='ocrx_word' id='word_1_524' title='bbox 3080 2590 3442 2647; x_wconf 86' lang='lat' dir='ltr'>quaecunque</span> <span class='ocrx_word' id='word_1_525' title='bbox 3473 2582 3613 2633; x_wconf 91' lang='lat' dir='ltr'>sunt</span> <span class='ocrx_word' id='word_1_526' title='bbox 3642 2581 3779 2649; x_wconf 89' lang='lat' dir='ltr'>apta</span> 
     </span>
    </p>
   </div>
   <div class='ocr_carea' id='block_1_74' title="bbox 2130 2663 3777 2736">
    <p class='ocr_par' dir='ltr' id='par_1_74' title="bbox 2130 2663 3777 2736">
     <span class='ocr_line' id='line_1_74' title="bbox 2130 2663 3777 2736; baseline 0.002 -18"><span class='ocrx_word' id='word_1_527' title='bbox 2130 2665 2200 2719; x_wconf 87' lang='lat' dir='ltr'>ad</span> <span class='ocrx_word' id='word_1_528' title='bbox 2223 2664 2619 2719; x_wconf 84' lang='lat' dir='ltr'>venationem.</span> <span class='ocrx_word' id='word_1_529' title='bbox 2654 2663 2971 2735; x_wconf 72' lang='lat' dir='ltr'>Postquam</span> <span class='ocrx_word' id='word_1_530' title='bbox 3006 2668 3202 2719; x_wconf 90' lang='lat' dir='ltr'>autem</span> <span class='ocrx_word' id='word_1_531' title='bbox 3238 2666 3437 2736; x_wconf 89' lang='lat' dir='ltr'>procul</span> <span class='ocrx_word' id='word_1_532' title='bbox 3481 2665 3628 2720; x_wconf 89' lang='lat' dir='ltr'>vidit</span> <span class='ocrx_word' id='word_1_533' title='bbox 3669 2666 3777 2721; x_wconf 89' lang='lat' dir='ltr'>bo-</span> 
     </span>
    </p>
   </div>
   <div class='ocr_carea' id='block_1_75' title="bbox 2130 2752 3778 2825">
    <p class='ocr_par' dir='ltr' id='par_1_75' title="bbox 2130 2752 3778 2825">
     <span class='ocr_line' id='line_1_75' title="bbox 2130 2752 3778 2825; baseline 0.002 -17"><span class='ocrx_word' id='word_1_534' title='bbox 2130 2754 2372 2822; x_wconf 88' lang='lat' dir='ltr'>minem,</span> <span class='ocrx_word' id='word_1_535' title='bbox 2401 2758 2458 2809; x_wconf 93' lang='lat' dir='ltr'>et</span> <span class='ocrx_word' id='word_1_536' title='bbox 2489 2753 2560 2807; x_wconf 89' lang='lat' dir='ltr'>ab</span> <span class='ocrx_word' id='word_1_537' title='bbox 2591 2752 2664 2807; x_wconf 91' lang='lat' dir='ltr'>iis</span> <span class='ocrx_word' id='word_1_538' title='bbox 2696 2752 2952 2823; x_wconf 90' lang='lat' dir='ltr'>quicum</span> <span class='ocrx_word' id='word_1_539' title='bbox 2986 2769 3052 2808; x_wconf 92' lang='lat' dir='ltr'>eo</span> <span class='ocrx_word' id='word_1_540' title='bbox 3083 2757 3251 2808; x_wconf 89' lang='lat' dir='ltr'>erant</span> <span class='ocrx_word' id='word_1_541' title='bbox 3281 2755 3470 2809; x_wconf 90' lang='lat' dir='ltr'>audiit</span> <span class='ocrx_word' id='word_1_542' title='bbox 3502 2757 3778 2825; x_wconf 85' lang='lat' dir='ltr'>quisnam</span> 
     </span>
    </p>
   </div>
   <div class='ocr_carea' id='block_1_76' title="bbox 2128 2842 3776 2913">
    <p class='ocr_par' dir='ltr' id='par_1_76' title="bbox 2128 2842 3776 2913">
     <span class='ocr_line' id='line_1_76' title="bbox 2128 2842 3776 2913; baseline 0 -14"><span class='ocrx_word' id='word_1_543' title='bbox 2128 2848 2305 2910; x_wconf 85' lang='lat' dir='ltr'>esset,</span> <span class='ocrx_word' id='word_1_544' title='bbox 2338 2842 2537 2897; x_wconf 86' lang='lat' dir='ltr'>statim</span> <span class='ocrx_word' id='word_1_545' title='bbox 2570 2858 2638 2896; x_wconf 85' lang='lat' dir='ltr'>ex</span> <span class='ocrx_word' id='word_1_546' title='bbox 2664 2858 2815 2913; x_wconf 90' lang='lat' dir='ltr'>equo</span> <span class='ocrx_word' id='word_1_547' title='bbox 2838 2842 3164 2911; x_wconf 89' lang='lat' dir='ltr'>dissiliens,</span> <span class='ocrx_word' id='word_1_548' title='bbox 3187 2844 3455 2913; x_wconf 87' lang='lat' dir='ltr'>accessit,</span> <span class='ocrx_word' id='word_1_549' title='bbox 3478 2849 3534 2899; x_wconf 92' lang='lat' dir='ltr'>et</span> <span class='ocrx_word' id='word_1_550' title='bbox 3557 2845 3776 2899; x_wconf 86' lang='lat' dir='ltr'>allocu-</span> 
     </span>
    </p>
   </div>
   <div class='ocr_carea' id='block_1_77' title="bbox 2127 2930 3776 3004">
    <p class='ocr_par' dir='ltr' id='par_1_77' title="bbox 2127 2930 3776 3004">
     <span class='ocr_line' id='line_1_77' title="bbox 2127 2930 3776 3004; baseline 0.001 -17"><span class='ocrx_word' id='word_1_551' title='bbox 2127 2938 2221 2987; x_wconf 90' lang='lat' dir='ltr'>tus</span> <span class='ocrx_word' id='word_1_552' title='bbox 2250 2937 2359 2997; x_wconf 90' lang='lat' dir='ltr'>est,</span> <span class='ocrx_word' id='word_1_553' title='bbox 2394 2936 2448 2987; x_wconf 89' lang='lat' dir='ltr'>et</span> <span class='ocrx_word' id='word_1_554' title='bbox 2482 2930 2709 3003; x_wconf 86' lang='lat' dir='ltr'>rogavit</span> <span class='ocrx_word' id='word_1_555' title='bbox 2739 2931 2877 3002; x_wconf 90' lang='lat' dir='ltr'>quid</span> <span class='ocrx_word' id='word_1_556' title='bbox 2913 2932 3134 2987; x_wconf 89' lang='lat' dir='ltr'>faciens</span> <span class='ocrx_word' id='word_1_557' title='bbox 3167 2932 3259 2987; x_wconf 91' lang='lat' dir='ltr'>hic</span> <span class='ocrx_word' id='word_1_558' title='bbox 3290 2933 3562 3004; x_wconf 88' lang='lat' dir='ltr'>degeret;</span> <span class='ocrx_word' id='word_1_559' title='bbox 3600 2934 3648 2989; x_wconf 91' lang='lat' dir='ltr'>is</span> <span class='ocrx_word' id='word_1_560' title='bbox 3678 2952 3776 2990; x_wconf 87' lang='lat' dir='ltr'>au-</span> 
     </span>
    </p>
   </div>
   <div class='ocr_carea' id='block_1_78' title="bbox 2125 3020 3773 3095">
    <p class='ocr_par' dir='ltr' id='par_1_78' title="bbox 2125 3020 3773 3095">
     <span class='ocr_line' id='line_1_78' title="bbox 2125 3020 3773 3095; baseline 0.002 -19"><span class='ocrx_word' id='word_1_561' title='bbox 2125 3026 2243 3077; x_wconf 90' lang='lat' dir='ltr'>tem</span> <span class='ocrx_word' id='word_1_562' title='bbox 2276 3026 2481 3078; x_wconf 89' lang='lat' dir='ltr'>contra</span> <span class='ocrx_word' id='word_1_563' title='bbox 2525 3020 2786 3076; x_wconf 79' lang='lat' dir='ltr'>vicissim</span> <span class='ocrx_word' id='word_1_564' title='bbox 2832 3020 3252 3093; x_wconf 90' lang='lat' dir='ltr'>interrogavit:</span> <span class='ocrx_word' id='word_1_565' title='bbox 3283 3023 3368 3077; x_wconf 91' lang='lat' dir='ltr'>Tu</span> <span class='ocrx_word' id='word_1_566' title='bbox 3401 3027 3595 3079; x_wconf 87' lang='lat' dir='ltr'>autem</span> <span class='ocrx_word' id='word_1_567' title='bbox 3632 3024 3773 3095; x_wconf 91' lang='lat' dir='ltr'>quid</span> 
     </span>
    </p>
   </div>
   <div class='ocr_carea' id='block_1_79' title="bbox 2126 3108 3774 3168">
    <p class='ocr_par' dir='ltr' id='par_1_79' title="bbox 2126 3108 3774 3168">
     <span class='ocr_line' id='line_1_79' title="bbox 2126 3108 3774 3168; baseline 0.002 -3"><span class='ocrx_word' id='word_1_568' title='bbox 2126 3110 2219 3165; x_wconf 89' lang='lat' dir='ltr'>hic</span> <span class='ocrx_word' id='word_1_569' title='bbox 2248 3109 2457 3165; x_wconf 89' lang='lat' dir='ltr'>venisti</span> <span class='ocrx_word' id='word_1_570' title='bbox 2494 3108 2961 3164; x_wconf 81' lang='lat' dir='ltr'>facturus?Cum</span> <span class='ocrx_word' id='word_1_571' title='bbox 2996 3109 3113 3164; x_wconf 86' lang='lat' dir='ltr'>dux</span> <span class='ocrx_word' id='word_1_572' title='bbox 3145 3114 3335 3165; x_wconf 86' lang='lat' dir='ltr'>autem</span> <span class='ocrx_word' id='word_1_573' title='bbox 3368 3111 3644 3168; x_wconf 86' lang='lat' dir='ltr'>dixisset:</span> <span class='ocrx_word' id='word_1_574' title='bbox 3670 3113 3774 3168; x_wconf 85' lang='lat' dir='ltr'>Ve-</span> 
     </span>
    </p>
   </div>
   <div class='ocr_carea' id='block_1_80' title="bbox 2131 3199 3774 3270">
    <p class='ocr_par' dir='ltr' id='par_1_80' title="bbox 2131 3199 3774 3270">
     <span class='ocr_line' id='line_1_80' title="bbox 2131 3199 3774 3270; baseline 0.002 -16"><span class='ocrx_word' id='word_1_575' title='bbox 2131 3203 2396 3254; x_wconf 88' lang='lat' dir='ltr'>naturus.</span> <span class='ocrx_word' id='word_1_576' title='bbox 2418 3200 2487 3254; x_wconf 87' lang='lat' dir='ltr'>Et</span> <span class='ocrx_word' id='word_1_577' title='bbox 2516 3199 2847 3270; x_wconf 77' lang='lat' dir='ltr'>ego,inquit</span> <span class='ocrx_word' id='word_1_578' title='bbox 2870 3214 3063 3253; x_wconf 92' lang='lat' dir='ltr'>meum</span> <span class='ocrx_word' id='word_1_579' title='bbox 3095 3214 3271 3255; x_wconf 91' lang='lat' dir='ltr'>venor</span> <span class='ocrx_word' id='word_1_580' title='bbox 3306 3205 3510 3265; x_wconf 89' lang='lat' dir='ltr'>Deum,</span> <span class='ocrx_word' id='word_1_581' title='bbox 3550 3206 3606 3257; x_wconf 91' lang='lat' dir='ltr'>et</span> <span class='ocrx_word' id='word_1_582' title='bbox 3638 3218 3774 3259; x_wconf 92' lang='lat' dir='ltr'>eum</span> 
     </span>
    </p>
   </div>
   <div class='ocr_carea' id='block_1_81' title="bbox 2132 3285 3776 3360">
    <p class='ocr_par' dir='ltr' id='par_1_81' title="bbox 2132 3285 3776 3360">
     <span class='ocr_line' id='line_1_81' title="bbox 2132 3285 3776 3360; baseline 0.002 -17"><span class='ocrx_word' id='word_1_583' title='bbox 2132 3304 2338 3360; x_wconf 89' lang='lat' dir='ltr'>capere</span> <span class='ocrx_word' id='word_1_584' title='bbox 2362 3288 2556 3359; x_wconf 89' lang='lat' dir='ltr'>cupio,</span> <span class='ocrx_word' id='word_1_585' title='bbox 2580 3292 2638 3342; x_wconf 89' lang='lat' dir='ltr'>et</span> <span class='ocrx_word' id='word_1_586' title='bbox 2668 3285 3055 3358; x_wconf 90' lang='lat' dir='ltr'>contemplari</span> <span class='ocrx_word' id='word_1_587' title='bbox 3084 3287 3351 3344; x_wconf 88' lang='lat' dir='ltr'>desidero</span> <span class='ocrx_word' id='word_1_588' title='bbox 3377 3305 3390 3344; x_wconf 91' lang='lat'>:</span> <span class='ocrx_word' id='word_1_589' title='bbox 3424 3306 3529 3345; x_wconf 92' lang='lat' dir='ltr'>nec</span> <span class='ocrx_word' id='word_1_590' title='bbox 3560 3292 3632 3345; x_wconf 91' lang='lat' dir='ltr'>ab</span> <span class='ocrx_word' id='word_1_591' title='bbox 3663 3290 3776 3347; x_wconf 86' lang='lat' dir='ltr'>hac</span> 
     </span>
    </p>
   </div>
   <div class='ocr_carea' id='block_1_82' title="bbox 2124 3376 3773 3450">
    <p class='ocr_par' dir='ltr' id='par_1_82' title="bbox 2124 3376 3773 3450">
     <span class='ocr_line' id='line_1_82' title="bbox 2124 3376 3773 3450; baseline 0.002 -17"><span class='ocrx_word' id='word_1_592' title='bbox 2124 3377 2370 3449; x_wconf 88' lang='lat' dir='ltr'>pulchra</span> <span class='ocrx_word' id='word_1_593' title='bbox 2394 3377 2633 3432; x_wconf 89' lang='lat' dir='ltr'>cessabo</span> <span class='ocrx_word' id='word_1_594' title='bbox 2661 3376 3128 3431; x_wconf 70' lang='lat' dir='ltr'>venatione.Hase</span> <span class='ocrx_word' id='word_1_595' title='bbox 3151 3393 3287 3432; x_wconf 90' lang='lat' dir='ltr'>cum</span> <span class='ocrx_word' id='word_1_596' title='bbox 3322 3379 3440 3434; x_wconf 83' lang='lat' dir='ltr'>dux</span> <span class='ocrx_word' id='word_1_597' title='bbox 3462 3380 3773 3450; x_wconf 90' lang='lat' dir='ltr'>audiisset,</span> 
     </span>
    </p>
   </div>
   <div class='ocr_carea' id='block_1_83' title="bbox 2126 3465 3346 3537">
    <p class='ocr_par' dir='ltr' id='par_1_83' title="bbox 2126 3465 3346 3537">
     <span class='ocr_line' id='line_1_83' title="bbox 2126 3465 3346 3537; baseline 0 -16"><span class='ocrx_word' id='word_1_598' title='bbox 2126 3470 2181 3521; x_wconf 90' lang='lat' dir='ltr'>et</span> <span class='ocrx_word' id='word_1_599' title='bbox 2213 3473 2277 3520; x_wconf 91' lang='lat' dir='ltr'>ut</span> <span class='ocrx_word' id='word_1_600' title='bbox 2308 3482 2413 3537; x_wconf 85' lang='lat' dir='ltr'>par</span> <span class='ocrx_word' id='word_1_601' title='bbox 2442 3470 2565 3521; x_wconf 86' lang='lat' dir='ltr'>erat</span> <span class='ocrx_word' id='word_1_602' title='bbox 2597 3465 2848 3520; x_wconf 90' lang='lat' dir='ltr'>miratus</span> <span class='ocrx_word' id='word_1_603' title='bbox 2878 3469 3054 3532; x_wconf 89' lang='lat' dir='ltr'>esset,</span> <span class='ocrx_word' id='word_1_604' title='bbox 3092 3467 3346 3522; x_wconf 89' lang='lat' dir='ltr'>recessit.</span> 
     </span>
    </p>
   </div>
   <div class='ocr_carea' id='block_1_84' title="bbox 2196 3571 3775 3647">
    <p class='ocr_par' dir='ltr' id='par_1_84' title="bbox 2196 3571 3775 3647">
     <span class='ocr_line' id='line_1_84' title="bbox 2196 3571 3775 3647; baseline 0.003 -20"><span class='ocrx_word' id='word_1_605' title='bbox 2196 3576 2337 3628; x_wconf 93' lang='lat' dir='ltr'>Cum</span> <span class='ocrx_word' id='word_1_606' title='bbox 2364 3576 2557 3628; x_wconf 87' lang='lat' dir='ltr'>autem</span> <span class='ocrx_word' id='word_1_607' title='bbox 2593 3571 2911 3644; x_wconf 88' lang='lat' dir='ltr'>aliquando</span> <span class='ocrx_word' id='word_1_608' title='bbox 2944 3571 3148 3628; x_wconf 86' lang='lat' dir='ltr'>civitas</span> <span class='ocrx_word' id='word_1_609' title='bbox 3181 3589 3213 3628; x_wconf 90' lang='lat' dir='ltr'>a</span> <span class='ocrx_word' id='word_1_610' title='bbox 3243 3572 3399 3628; x_wconf 88' lang='lat' dir='ltr'>malo</span> <span class='ocrx_word' id='word_1_611' title='bbox 3430 3574 3630 3647; x_wconf 89' lang='lat' dir='ltr'>aliquo</span> <span class='ocrx_word' id='word_1_612' title='bbox 3661 3576 3775 3632; x_wconf 75' lang='lat' dir='ltr'>daa-</span> 
     </span>
    </p>
   </div>
   <div class='ocr_carea' id='block_1_85' title="bbox 2127 3660 3776 3733">
    <p class='ocr_par' dir='ltr' id='par_1_85' title="bbox 2127 3660 3776 3733">
     <span class='ocr_line' id='line_1_85' title="bbox 2127 3660 3776 3733; baseline 0.002 -16"><span class='ocrx_word' id='word_1_613' title='bbox 2127 3663 2559 3718; x_wconf 89' lang='lat' dir='ltr'>moneincitata</span> <span class='ocrx_word' id='word_1_614' title='bbox 2579 3660 2985 3731; x_wconf 87' lang='lat' dir='ltr'>baecharetur,</span> <span class='ocrx_word' id='word_1_615' title='bbox 3000 3664 3057 3716; x_wconf 92' lang='lat' dir='ltr'>et</span> <span class='ocrx_word' id='word_1_616' title='bbox 3078 3661 3136 3715; x_wconf 93' lang='lat' dir='ltr'>in</span> <span class='ocrx_word' id='word_1_617' title='bbox 3162 3661 3534 3733; x_wconf 86' lang='lat' dir='ltr'>imperatoris</span> <span class='ocrx_word' id='word_1_618' title='bbox 3556 3664 3776 3721; x_wconf 89' lang='lat' dir='ltr'>fureret</span> 
     </span>
    </p>
   </div>
   <div class='ocr_carea' id='block_1_86' title="bbox 2125 3749 3772 3823">
    <p class='ocr_par' dir='ltr' id='par_1_86' title="bbox 2125 3749 3772 3823">
     <span class='ocr_line' id='line_1_86' title="bbox 2125 3749 3772 3823; baseline 0.001 -16"><span class='ocrx_word' id='word_1_619' title='bbox 2125 3756 2376 3819; x_wconf 90' lang='lat' dir='ltr'>statuas,</span> <span class='ocrx_word' id='word_1_620' title='bbox 2394 3755 2673 3806; x_wconf 89' lang='lat' dir='ltr'>venerant</span> <span class='ocrx_word' id='word_1_621' title='bbox 2689 3749 2929 3822; x_wconf 89' lang='lat' dir='ltr'>quidam</span> <span class='ocrx_word' id='word_1_622' title='bbox 2945 3765 3011 3805; x_wconf 86' lang='lat' dir='ltr'>ex</span> <span class='ocrx_word' id='word_1_623' title='bbox 3032 3750 3280 3807; x_wconf 89' lang='lat' dir='ltr'>ducibus</span> <span class='ocrx_word' id='word_1_624' title='bbox 3296 3753 3772 3823; x_wconf 65' lang='lat' dir='ltr'>prestantissimi</span> 
     </span>
    </p>
   </div>
   <div class='ocr_carea' id='block_1_87' title="bbox 2127 3838 3772 3914">
    <p class='ocr_par' dir='ltr' id='par_1_87' title="bbox 2127 3838 3772 3914">
     <span class='ocr_line' id='line_1_87' title="bbox 2127 3838 3772 3914; baseline 0.001 -17"><span class='ocrx_word' id='word_1_625' title='bbox 2127 3841 2226 3914; x_wconf 91' lang='lat' dir='ltr'>qui</span> <span class='ocrx_word' id='word_1_626' title='bbox 2241 3842 2309 3897; x_wconf 92' lang='lat' dir='ltr'>ad</span> <span class='ocrx_word' id='word_1_627' title='bbox 2320 3856 2483 3896; x_wconf 89' lang='lat' dir='ltr'>versu</span> <span class='ocrx_word' id='word_1_628' title='bbox 2495 3857 2519 3895; x_wconf 92' lang='lat' dir='ltr'>s</span> <span class='ocrx_word' id='word_1_629' title='bbox 2534 3839 2822 3894; x_wconf 90' lang='lat' dir='ltr'>civitatem</span> <span class='ocrx_word' id='word_1_630' title='bbox 2838 3838 2894 3893; x_wconf 91' lang='lat' dir='ltr'>in</span> <span class='ocrx_word' id='word_1_631' title='bbox 2906 3839 3252 3896; x_wconf 89' lang='lat' dir='ltr'>ternecionis</span> <span class='ocrx_word' id='word_1_632' title='bbox 3268 3840 3528 3899; x_wconf 87' lang='lat' dir='ltr'>ferebant</span> <span class='ocrx_word' id='word_1_633' title='bbox 3542 3848 3772 3899; x_wconf 86' lang='lat' dir='ltr'>senten-</span> 
     </span>
    </p>
   </div>
   <div class='ocr_carea' id='block_1_88' title="bbox 2125 3928 3775 4000">
    <p class='ocr_par' dir='ltr' id='par_1_88' title="bbox 2125 3928 3775 4000">
     <span class='ocr_line' id='line_1_88' title="bbox 2125 3928 3775 4000; baseline 0.001 -15"><span class='ocrx_word' id='word_1_634' title='bbox 2125 3931 2438 3985; x_wconf 89' lang='lat' dir='ltr'>liam.Cum</span> <span class='ocrx_word' id='word_1_635' title='bbox 2462 3928 2513 3983; x_wconf 91' lang='lat' dir='ltr'>is</span> <span class='ocrx_word' id='word_1_636' title='bbox 2538 3933 2733 3983; x_wconf 88' lang='lat' dir='ltr'>autem</span> <span class='ocrx_word' id='word_1_637' title='bbox 2757 3942 2786 3981; x_wconf 92' lang='lat' dir='ltr'>e</span> <span class='ocrx_word' id='word_1_638' title='bbox 2811 3932 3005 3984; x_wconf 90' lang='lat' dir='ltr'>monte</span> <span class='ocrx_word' id='word_1_639' title='bbox 3028 3928 3658 4000; x_wconf 89' lang='lat' dir='ltr'>descendisset,ambos</span> <span class='ocrx_word' id='word_1_640' title='bbox 3680 3949 3775 3988; x_wconf 88' lang='lat' dir='ltr'>ac-</span> 
     </span>
    </p>
   </div>
   <div class='ocr_carea' id='block_1_89' title="bbox 2129 4016 3776 4093">
    <p class='ocr_par' dir='ltr' id='par_1_89' title="bbox 2129 4016 3776 4093">
     <span class='ocr_line' id='line_1_89' title="bbox 2129 4016 3776 4093; baseline 0.002 -19"><span class='ocrx_word' id='word_1_641' title='bbox 2129 4020 2399 4075; x_wconf 79' lang='lat' dir='ltr'>cedentes</span> <span class='ocrx_word' id='word_1_642' title='bbox 2430 4018 2608 4072; x_wconf 91' lang='lat' dir='ltr'>duces</span> <span class='ocrx_word' id='word_1_643' title='bbox 2639 4016 2696 4071; x_wconf 91' lang='lat' dir='ltr'>in</span> <span class='ocrx_word' id='word_1_644' title='bbox 2733 4017 2854 4073; x_wconf 88' lang='lat' dir='ltr'>foro</span> <span class='ocrx_word' id='word_1_645' title='bbox 2888 4017 3148 4073; x_wconf 90' lang='lat' dir='ltr'>retinuit.</span> <span class='ocrx_word' id='word_1_646' title='bbox 3179 4018 3263 4073; x_wconf 90' lang='lat' dir='ltr'>llli</span> <span class='ocrx_word' id='word_1_647' title='bbox 3295 4035 3427 4076; x_wconf 91' lang='lat' dir='ltr'>vero</span> <span class='ocrx_word' id='word_1_648' title='bbox 3452 4036 3586 4075; x_wconf 91' lang='lat' dir='ltr'>cum</span> <span class='ocrx_word' id='word_1_649' title='bbox 3613 4021 3776 4093; x_wconf 90' lang='lat' dir='ltr'>quis-</span> 
     </span>
    </p>
   </div>
   <div class='ocr_carea' id='block_1_90' title="bbox 2129 4105 3776 4179">
    <p class='ocr_par' dir='ltr' id='par_1_90' title="bbox 2129 4105 3776 4179">
     <span class='ocr_line' id='line_1_90' title="bbox 2129 4105 3776 4179; baseline 0.003 -17"><span class='ocrx_word' id='word_1_650' title='bbox 2129 4124 2264 4163; x_wconf 90' lang='lat' dir='ltr'>nam</span> <span class='ocrx_word' id='word_1_651' title='bbox 2282 4108 2331 4162; x_wconf 87' lang='lat' dir='ltr'>is</span> <span class='ocrx_word' id='word_1_652' title='bbox 2356 4105 2889 4172; x_wconf 69' lang='lat' dir='ltr'>essetdidicissent,</span> <span class='ocrx_word' id='word_1_653' title='bbox 2909 4110 2966 4161; x_wconf 90' lang='lat' dir='ltr'>et</span> <span class='ocrx_word' id='word_1_654' title='bbox 2988 4123 3054 4162; x_wconf 80' lang='lat' dir='ltr'>ex</span> <span class='ocrx_word' id='word_1_655' title='bbox 3071 4107 3239 4179; x_wconf 86' lang='lat' dir='ltr'>equis</span> <span class='ocrx_word' id='word_1_656' title='bbox 3253 4109 3635 4179; x_wconf 88' lang='lat' dir='ltr'>desiluerunt,</span> <span class='ocrx_word' id='word_1_657' title='bbox 3652 4127 3776 4167; x_wconf 86' lang='lat' dir='ltr'>ma-</span> 
     </span>
    </p>
   </div>
   <div class='ocr_carea' id='block_1_91' title="bbox 2128 4195 3777 4273">
    <p class='ocr_par' dir='ltr' id='par_1_91' title="bbox 2128 4195 3777 4273">
     <span class='ocr_line' id='line_1_91' title="bbox 2128 4195 3777 4273; baseline 0.002 -21"><span class='ocrx_word' id='word_1_658' title='bbox 2128 4213 2358 4269; x_wconf 90' lang='lat' dir='ltr'>nusque</span> <span class='ocrx_word' id='word_1_659' title='bbox 2388 4201 2443 4251; x_wconf 88' lang='lat' dir='ltr'>et</span> <span class='ocrx_word' id='word_1_660' title='bbox 2469 4212 2659 4269; x_wconf 89' lang='lat' dir='ltr'>genua</span> <span class='ocrx_word' id='word_1_661' title='bbox 2689 4195 3141 4267; x_wconf 88' lang='lat' dir='ltr'>prehenderunt,</span> <span class='ocrx_word' id='word_1_662' title='bbox 3170 4201 3226 4252; x_wconf 90' lang='lat' dir='ltr'>et</span> <span class='ocrx_word' id='word_1_663' title='bbox 3245 4198 3295 4253; x_wconf 90' lang='lat' dir='ltr'>ei</span> <span class='ocrx_word' id='word_1_664' title='bbox 3318 4198 3566 4256; x_wconf 88' lang='lat' dir='ltr'>salutem</span> <span class='ocrx_word' id='word_1_665' title='bbox 3594 4200 3777 4273; x_wconf 87' lang='lat' dir='ltr'>signi-</span> 
     </span>
    </p>
   </div>
   <div class='ocr_carea' id='block_1_92' title="bbox 2130 4284 3776 4361">
    <p class='ocr_par' dir='ltr' id='par_1_92' title="bbox 2130 4284 3776 4361">
     <span class='ocr_line' id='line_1_92' title="bbox 2130 4284 3776 4361; baseline 0.001 -19"><span class='ocrx_word' id='word_1_666' title='bbox 2130 4288 2399 4343; x_wconf 86' lang='lat' dir='ltr'>ﬁcarunt.</span> <span class='ocrx_word' id='word_1_667' title='bbox 2418 4284 3776 4361; x_wconf 81' lang='lat' dir='ltr'>Illeautemjussitutdicerentimperatoriquod</span> 
     </span>
    </p>
   </div>
   <div class='ocr_carea' id='block_1_93' title="bbox 2129 4374 3779 4450">
    <p class='ocr_par' dir='ltr' id='par_1_93' title="bbox 2129 4374 3779 4450">
     <span class='ocr_line' id='line_1_93' title="bbox 2129 4374 3779 4450; baseline 0.001 -18"><span class='ocrx_word' id='word_1_668' title='bbox 2129 4377 2307 4432; x_wconf 90' lang='lat' dir='ltr'>homo</span> <span class='ocrx_word' id='word_1_669' title='bbox 2330 4381 2505 4443; x_wconf 86' lang='lat' dir='ltr'>esset,</span> <span class='ocrx_word' id='word_1_670' title='bbox 2527 4374 2862 4430; x_wconf 83' lang='lat' dir='ltr'>eteamdem</span> <span class='ocrx_word' id='word_1_671' title='bbox 2881 4374 3406 4432; x_wconf 89' lang='lat' dir='ltr'>haberetnaturam</span> <span class='ocrx_word' id='word_1_672' title='bbox 3424 4395 3597 4449; x_wconf 88' lang='lat' dir='ltr'>quam</span> <span class='ocrx_word' id='word_1_673' title='bbox 3624 4379 3660 4432; x_wconf 91' lang='lat' dir='ltr'>ii</span> <span class='ocrx_word' id='word_1_674' title='bbox 3676 4378 3779 4450; x_wconf 90' lang='lat' dir='ltr'>qui</span> 
     </span>
    </p>
   </div>
   <div class='ocr_carea' id='block_1_94' title="bbox 2132 4462 3778 4531">
    <p class='ocr_par' dir='ltr' id='par_1_94' title="bbox 2132 4462 3778 4531">
     <span class='ocr_line' id='line_1_94' title="bbox 2132 4462 3778 4531; baseline 0.001 -10"><span class='ocrx_word' id='word_1_675' title='bbox 2132 4482 2264 4521; x_wconf 89' lang='lat' dir='ltr'>eum</span> <span class='ocrx_word' id='word_1_676' title='bbox 2291 4462 3061 4531; x_wconf 82' lang='lat' dir='ltr'>aifecerantcontumelia;et</span> <span class='ocrx_word' id='word_1_677' title='bbox 3083 4480 3215 4519; x_wconf 91' lang='lat' dir='ltr'>cum</span> <span class='ocrx_word' id='word_1_678' title='bbox 3242 4471 3448 4521; x_wconf 90' lang='lat' dir='ltr'>natura</span> <span class='ocrx_word' id='word_1_679' title='bbox 3478 4467 3624 4523; x_wconf 89' lang='lat' dir='ltr'>iram</span> <span class='ocrx_word' id='word_1_680' title='bbox 3660 4484 3778 4523; x_wconf 88' lang='lat' dir='ltr'>me-</span> 
     </span>
    </p>
   </div>
   <div class='ocr_carea' id='block_1_95' title="bbox 2132 4551 3780 4628">
    <p class='ocr_par' dir='ltr' id='par_1_95' title="bbox 2132 4551 3780 4628">
     <span class='ocr_line' id='line_1_95' title="bbox 2132 4551 3780 4628; baseline 0.001 -18"><span class='ocrx_word' id='word_1_681' title='bbox 2132 4554 2227 4610; x_wconf 87' lang='lat' dir='ltr'>tiri</span> <span class='ocrx_word' id='word_1_682' title='bbox 2252 4556 2535 4625; x_wconf 89' lang='lat' dir='ltr'>oporteat,</span> <span class='ocrx_word' id='word_1_683' title='bbox 2575 4552 2662 4607; x_wconf 87' lang='lat' dir='ltr'>ira</span> <span class='ocrx_word' id='word_1_684' title='bbox 2701 4551 2779 4608; x_wconf 92' lang='lat' dir='ltr'>sit</span> <span class='ocrx_word' id='word_1_685' title='bbox 2820 4569 2964 4608; x_wconf 91' lang='lat' dir='ltr'>usus</span> <span class='ocrx_word' id='word_1_686' title='bbox 2994 4552 3404 4623; x_wconf 89' lang='lat' dir='ltr'>immoderata,</span> <span class='ocrx_word' id='word_1_687' title='bbox 3431 4560 3487 4611; x_wconf 91' lang='lat' dir='ltr'>et</span> <span class='ocrx_word' id='word_1_688' title='bbox 3519 4574 3622 4628; x_wconf 89' lang='lat' dir='ltr'>pro</span> <span class='ocrx_word' id='word_1_689' title='bbox 3654 4557 3780 4612; x_wconf 89' lang='lat' dir='ltr'>suis</span> 
     </span>
    </p>
   </div>
   <div class='ocr_carea' id='block_1_96' title="bbox 382 4628 3784 4715">
    <p class='ocr_par' dir='ltr' id='par_1_96' title="bbox 382 4628 3784 4715">
     <span class='ocr_line' id='line_1_96' title="bbox 382 4628 3784 4715; baseline -0.005 -10"><span class='ocrx_word' id='word_1_690' title='bbox 382 4649 493 4705; x_wconf 91' lang='lat' dir='ltr'>viri</span> <span class='ocrx_word' id='word_1_691' title='bbox 525 4651 721 4703; x_wconf 89' lang='lat' dir='ltr'>autem</span> <span class='ocrx_word' id='word_1_692' title='bbox 762 4641 1032 4696; x_wconf 82' lang='lat' dir='ltr'>virtutem</span> <span class='ocrx_word' id='word_1_693' title='bbox 1067 4635 1269 4693; x_wconf 90' lang='lat' dir='ltr'>didicit</span> <span class='ocrx_word' id='word_1_694' title='bbox 1292 4633 1742 4706; x_wconf 71' lang='lat' dir='ltr'>(praedicabatur</span> <span class='ocrx_word' id='word_1_695' title='bbox 1762 4632 1917 4687; x_wconf 89' lang='lat' dir='ltr'>enim</span> <span class='ocrx_word' id='word_1_696' title='bbox 1968 4637 2025 4687; x_wconf 89' lang='lat' dir='ltr'>et</span> <span class='ocrx_word' id='word_1_697' title='bbox 2053 4628 2100 4692; x_wconf 91' lang='lat' dir='ltr'>D</span> <span class='ocrx_word' id='word_1_698' title='bbox 2133 4642 2491 4715; x_wconf 84' lang='lat' dir='ltr'>imaginibus</span> <span class='ocrx_word' id='word_1_699' title='bbox 2517 4641 2612 4697; x_wconf 90' lang='lat' dir='ltr'>Dei</span> <span class='ocrx_word' id='word_1_700' title='bbox 2635 4640 2920 4711; x_wconf 86' lang='lat' dir='ltr'>imagines</span> <span class='ocrx_word' id='word_1_701' title='bbox 2952 4643 3262 4711; x_wconf 84' lang='lat' dir='ltr'>occidat,et</span> <span class='ocrx_word' id='word_1_702' title='bbox 3291 4661 3395 4715; x_wconf 92' lang='lat' dir='ltr'>pro</span> <span class='ocrx_word' id='word_1_703' title='bbox 3424 4662 3535 4702; x_wconf 63' lang='lat' dir='ltr'>mre</span> <span class='ocrx_word' id='word_1_704' title='bbox 3554 4651 3784 4703; x_wconf 64' lang='lat' dir='ltr'>statua-</span> 
     </span>
    </p>
   </div>
   <div class='ocr_carea' id='block_1_97' title="bbox 384 4722 2021 4798">
    <p class='ocr_par' dir='ltr' id='par_1_97' title="bbox 384 4722 2021 4798">
     <span class='ocr_line' id='line_1_97' title="bbox 384 4722 2021 4798; baseline -0.011 -3"><span class='ocrx_word' id='word_1_705' title='bbox 384 4742 507 4796; x_wconf 89' lang='lat' dir='ltr'>erat</span> <span class='ocrx_word' id='word_1_706' title='bbox 536 4736 596 4791; x_wconf 91' lang='lat' dir='ltr'>in</span> <span class='ocrx_word' id='word_1_707' title='bbox 618 4749 716 4790; x_wconf 90' lang='lat' dir='ltr'>ore</span> <span class='ocrx_word' id='word_1_708' title='bbox 742 4729 1051 4798; x_wconf 88' lang='lat' dir='ltr'>omnium),</span> <span class='ocrx_word' id='word_1_709' title='bbox 1075 4742 1205 4781; x_wconf 86' lang='lat' dir='ltr'>eum</span> <span class='ocrx_word' id='word_1_710' title='bbox 1236 4724 1470 4795; x_wconf 88' lang='lat' dir='ltr'>quidem</span> <span class='ocrx_word' id='word_1_711' title='bbox 1488 4722 1727 4777; x_wconf 89' lang='lat' dir='ltr'>abducit</span> <span class='ocrx_word' id='word_1_712' title='bbox 1757 4738 1789 4776; x_wconf 95' lang='lat' dir='ltr'>a</span> <span class='ocrx_word' id='word_1_713' title='bbox 1809 4722 2021 4778; x_wconf 89' lang='lat' dir='ltr'>vertice</span> 
     </span>
    </p>
   </div>
   <div class='ocr_carea' id='block_1_98' title="bbox 385 4811 2021 4894">
    <p class='ocr_par' dir='ltr' id='par_1_98' title="bbox 385 4811 2021 4894">
     <span class='ocr_line' id='line_1_98' title="bbox 385 4811 2021 4894; baseline -0.012 -10"><span class='ocrx_word' id='word_1_714' title='bbox 385 4826 920 4894; x_wconf 90' lang='lat' dir='ltr'>montis,tanquam</span> <span class='ocrx_word' id='word_1_715' title='bbox 946 4818 1002 4872; x_wconf 91' lang='lat' dir='ltr'>in</span> <span class='ocrx_word' id='word_1_716' title='bbox 1026 4831 1156 4871; x_wconf 90' lang='lat' dir='ltr'>eum</span> <span class='ocrx_word' id='word_1_717' title='bbox 1180 4815 1247 4869; x_wconf 90' lang='lat' dir='ltr'>ad</span> <span class='ocrx_word' id='word_1_718' title='bbox 1266 4829 1326 4870; x_wconf 91' lang='lat' dir='ltr'>se</span> <span class='ocrx_word' id='word_1_719' title='bbox 1348 4812 1540 4868; x_wconf 88' lang='lat' dir='ltr'>delata</span> <span class='ocrx_word' id='word_1_720' title='bbox 1562 4811 1771 4867; x_wconf 90' lang='lat' dir='ltr'>fuisset</span> <span class='ocrx_word' id='word_1_721' title='bbox 1790 4827 2021 4866; x_wconf 89' lang='lat' dir='ltr'>accusa-</span> 
     </span>
    </p>
   </div>
   <div class='ocr_carea' id='block_1_99' title="bbox 383 4900 2023 4979">
    <p class='ocr_par' dir='ltr' id='par_1_99' title="bbox 383 4900 2023 4979">
     <span class='ocr_line' id='line_1_99' title="bbox 383 4900 2023 4979; baseline -0.012 -5"><span class='ocrx_word' id='word_1_722' title='bbox 383 4918 485 4974; x_wconf 86' lang='lat' dir='ltr'>tio.</span> <span class='ocrx_word' id='word_1_723' title='bbox 519 4918 661 4972; x_wconf 89' lang='lat' dir='ltr'>Cum</span> <span class='ocrx_word' id='word_1_724' title='bbox 688 4915 881 4967; x_wconf 86' lang='lat' dir='ltr'>autem</span> <span class='ocrx_word' id='word_1_725' title='bbox 908 4904 1215 4979; x_wconf 85' lang='lat' dir='ltr'>mysticum</span> <span class='ocrx_word' id='word_1_726' title='bbox 1240 4906 1396 4959; x_wconf 88' lang='lat' dir='ltr'>esset</span> <span class='ocrx_word' id='word_1_727' title='bbox 1420 4900 1779 4973; x_wconf 89' lang='lat' dir='ltr'>propositum</span> <span class='ocrx_word' id='word_1_728' title='bbox 1806 4900 2023 4956; x_wconf 84' lang='lat' dir='ltr'>sacriﬁ-</span> 
     </span>
    </p>
   </div>
   <div class='ocr_carea' id='block_1_100' title="bbox 384 4987 2019 5072">
    <p class='ocr_par' dir='ltr' id='par_1_100' title="bbox 384 4987 2019 5072">
     <span class='ocr_line' id='line_1_100' title="bbox 384 4987 2019 5072; baseline -0.009 -12"><span class='ocrx_word' id='word_1_729' title='bbox 384 5006 564 5072; x_wconf 89' lang='lat' dir='ltr'>cium,</span> <span class='ocrx_word' id='word_1_730' title='bbox 589 4998 827 5057; x_wconf 90' lang='lat' dir='ltr'>adducit</span> <span class='ocrx_word' id='word_1_731' title='bbox 849 4996 919 5052; x_wconf 90' lang='lat' dir='ltr'>ad</span> <span class='ocrx_word' id='word_1_732' title='bbox 937 4994 1138 5058; x_wconf 87' lang='lat' dir='ltr'>altare,</span> <span class='ocrx_word' id='word_1_733' title='bbox 1161 4987 1678 5061; x_wconf 88' lang='lat' dir='ltr'>eteumcooptatin</span> <span class='ocrx_word' id='word_1_734' title='bbox 1703 5005 2019 5045; x_wconf 90' lang='lat' dir='ltr'>numerum</span> 
     </span>
    </p>
   </div>
   <div class='ocr_carea' id='block_1_101' title="bbox 383 5078 2017 5155">
    <p class='ocr_par' dir='ltr' id='par_1_101' title="bbox 383 5078 2017 5155">
     <span class='ocr_line' id='line_1_101' title="bbox 383 5078 2017 5155; baseline -0.011 -5"><span class='ocrx_word' id='word_1_735' title='bbox 383 5092 772 5149; x_wconf 84' lang='lat' dir='ltr'>sacerdotum.</span> <span class='ocrx_word' id='word_1_736' title='bbox 804 5089 1119 5155; x_wconf 89' lang='lat' dir='ltr'>Postquam</span> <span class='ocrx_word' id='word_1_737' title='bbox 1156 5085 1347 5136; x_wconf 87' lang='lat' dir='ltr'>autem</span> <span class='ocrx_word' id='word_1_738' title='bbox 1380 5078 1489 5133; x_wconf 84' lang='lat' dir='ltr'>fuit</span> <span class='ocrx_word' id='word_1_739' title='bbox 1518 5095 1751 5134; x_wconf 88' lang='lat' dir='ltr'>sacrum</span> <span class='ocrx_word' id='word_1_740' title='bbox 1788 5079 2017 5133; x_wconf 85' lang='lat' dir='ltr'>ﬁnitum</span> 
     </span>
    </p>
   </div>
   <div class='ocr_carea' id='block_1_102' title="bbox 382 5167 2021 5250">
    <p class='ocr_par' dir='ltr' id='par_1_102' title="bbox 382 5167 2021 5250">
     <span class='ocr_line' id='line_1_102' title="bbox 382 5167 2021 5250; baseline -0.01 -11"><span class='ocrx_word' id='word_1_741' title='bbox 382 5181 669 5250; x_wconf 84' lang='lat' dir='ltr'>ofﬁcium,</span> <span class='ocrx_word' id='word_1_742' title='bbox 703 5176 881 5233; x_wconf 89' lang='lat' dir='ltr'>ethoc</span> <span class='ocrx_word' id='word_1_743' title='bbox 894 5173 944 5229; x_wconf 91' lang='lat' dir='ltr'>ei</span> <span class='ocrx_word' id='word_1_744' title='bbox 964 5169 1316 5243; x_wconf 86' lang='lat' dir='ltr'>signiﬁcavit</span> <span class='ocrx_word' id='word_1_745' title='bbox 1336 5167 1547 5239; x_wconf 89' lang='lat' dir='ltr'>aliquis</span> <span class='ocrx_word' id='word_1_746' title='bbox 1571 5169 1742 5240; x_wconf 93' lang='lat' dir='ltr'>(quod</span> <span class='ocrx_word' id='word_1_747' title='bbox 1762 5169 1915 5223; x_wconf 90' lang='lat' dir='ltr'>enim</span> <span class='ocrx_word' id='word_1_748' title='bbox 1937 5170 2021 5223; x_wconf 87' lang='lat' dir='ltr'>fa-</span> 
     </span>
    </p>
   </div>
   <div class='ocr_carea' id='block_1_103' title="bbox 382 5256 2017 5337">
    <p class='ocr_par' dir='ltr' id='par_1_103' title="bbox 382 5256 2017 5337">
     <span class='ocr_line' id='line_1_103' title="bbox 382 5256 2017 5337; baseline -0.01 -9"><span class='ocrx_word' id='word_1_749' title='bbox 382 5278 542 5329; x_wconf 88' lang='lat' dir='ltr'>ctum</span> <span class='ocrx_word' id='word_1_750' title='bbox 577 5270 765 5324; x_wconf 87' lang='lat' dir='ltr'>fuerat</span> <span class='ocrx_word' id='word_1_751' title='bbox 794 5259 1377 5337; x_wconf 89' lang='lat' dir='ltr'>ignorabatomnino)</span> <span class='ocrx_word' id='word_1_752' title='bbox 1398 5257 1651 5329; x_wconf 88' lang='lat' dir='ltr'>primum</span> <span class='ocrx_word' id='word_1_753' title='bbox 1675 5256 1905 5328; x_wconf 88' lang='lat' dir='ltr'>quidem</span> <span class='ocrx_word' id='word_1_754' title='bbox 1926 5259 2017 5313; x_wconf 86' lang='lat' dir='ltr'>in-</span> 
     </span>
    </p>
   </div>
   <div class='ocr_carea' id='block_1_104' title="bbox 382 5347 2019 5417">
    <p class='ocr_par' dir='ltr' id='par_1_104' title="bbox 382 5347 2019 5417">
     <span class='ocr_line' id='line_1_104' title="bbox 382 5347 2019 5417; baseline -0.01 1"><span class='ocrx_word' id='word_1_755' title='bbox 382 5360 648 5417; x_wconf 89' lang='lat' dir='ltr'>cessebat</span> <span class='ocrx_word' id='word_1_756' title='bbox 661 5372 862 5412; x_wconf 87' lang='lat' dir='ltr'>omnes</span> <span class='ocrx_word' id='word_1_757' title='bbox 879 5350 1208 5407; x_wconf 87' lang='lat' dir='ltr'>maledictis</span> <span class='ocrx_word' id='word_1_758' title='bbox 1222 5347 1566 5403; x_wconf 89' lang='lat' dir='ltr'>etconviciis</span> <span class='ocrx_word' id='word_1_759' title='bbox 1582 5363 1595 5414; x_wconf 89' lang='lat'><strong>;</strong></span> <span class='ocrx_word' id='word_1_760' title='bbox 1614 5351 1813 5416; x_wconf 88' lang='lat' dir='ltr'>postea</span> <span class='ocrx_word' id='word_1_761' title='bbox 1825 5364 1893 5401; x_wconf 89' lang='lat' dir='ltr'>au</span> <span class='ocrx_word' id='word_1_762' title='bbox 1906 5352 2019 5402; x_wconf 90' lang='lat' dir='ltr'>tem</span> 
     </span>
    </p>
   </div>
   <div class='ocr_carea' id='block_1_105' title="bbox 385 5435 2019 5521">
    <p class='ocr_par' dir='ltr' id='par_1_105' title="bbox 385 5435 2019 5521">
     <span class='ocr_line' id='line_1_105' title="bbox 385 5435 2019 5521; baseline -0.009 -15"><span class='ocrx_word' id='word_1_763' title='bbox 385 5452 622 5521; x_wconf 90' lang='lat' dir='ltr'>accepto</span> <span class='ocrx_word' id='word_1_764' title='bbox 671 5443 877 5501; x_wconf 89' lang='lat' dir='ltr'>baculo</span> <span class='ocrx_word' id='word_1_765' title='bbox 912 5440 1154 5509; x_wconf 77' lang='lat' dir='ltr'>(solebat</span> <span class='ocrx_word' id='word_1_766' title='bbox 1184 5437 1337 5494; x_wconf 89' lang='lat' dir='ltr'>enim</span> <span class='ocrx_word' id='word_1_767' title='bbox 1390 5452 1455 5491; x_wconf 91' lang='lat' dir='ltr'>eo</span> <span class='ocrx_word' id='word_1_768' title='bbox 1486 5435 1748 5490; x_wconf 87' lang='lat' dir='ltr'>innitens</span> <span class='ocrx_word' id='word_1_769' title='bbox 1793 5435 2019 5508; x_wconf 91' lang='lat' dir='ltr'>ingredi</span> 
     </span>
    </p>
   </div>
   <div class='ocr_carea' id='block_1_106' title="bbox 383 5524 2019 5612">
    <p class='ocr_par' dir='ltr' id='par_1_106' title="bbox 383 5524 2019 5612">
     <span class='ocr_line' id='line_1_106' title="bbox 383 5524 2019 5612; baseline -0.008 -17"><span class='ocrx_word' id='word_1_770' title='bbox 383 5542 619 5612; x_wconf 90' lang='lat' dir='ltr'>propter</span> <span class='ocrx_word' id='word_1_771' title='bbox 631 5533 882 5599; x_wconf 90' lang='lat' dir='ltr'>senium)</span> <span class='ocrx_word' id='word_1_772' title='bbox 914 5529 1174 5600; x_wconf 89' lang='lat' dir='ltr'>etipsum</span> <span class='ocrx_word' id='word_1_773' title='bbox 1193 5525 1652 5599; x_wconf 91' lang='lat' dir='ltr'>persequebatur</span> <span class='ocrx_word' id='word_1_774' title='bbox 1665 5524 2019 5599; x_wconf 87' lang='lat' dir='ltr'>pontiﬁcem,</span> 
     </span>
    </p>
   </div>
   <div class='ocr_carea' id='block_1_107' title="bbox 380 5614 2020 5697">
    <p class='ocr_par' dir='ltr' id='par_1_107' title="bbox 380 5614 2020 5697">
     <span class='ocr_line' id='line_1_107' title="bbox 380 5614 2020 5697; baseline -0.008 -13"><span class='ocrx_word' id='word_1_775' title='bbox 380 5627 593 5685; x_wconf 84' lang='lat' dir='ltr'>etalios</span> <span class='ocrx_word' id='word_1_776' title='bbox 613 5623 900 5697; x_wconf 88' lang='lat' dir='ltr'>quotquot</span> <span class='ocrx_word' id='word_1_777' title='bbox 922 5619 1182 5674; x_wconf 89' lang='lat' dir='ltr'>aderant.</span> <span class='ocrx_word' id='word_1_778' title='bbox 1208 5614 1590 5673; x_wconf 69' lang='lat' dir='ltr'>Existimabet</span> <span class='ocrx_word' id='word_1_779' title='bbox 1613 5614 1768 5670; x_wconf 86' lang='lat' dir='ltr'>enim</span> <span class='ocrx_word' id='word_1_780' title='bbox 1793 5616 2020 5671; x_wconf 89' lang='lat' dir='ltr'>ordina-</span> 
     </span>
    </p>
   </div>
   <div class='ocr_carea' id='block_1_108' title="bbox 379 5703 2021 5781">
    <p class='ocr_par' dir='ltr' id='par_1_108' title="bbox 379 5703 2021 5781">
     <span class='ocr_line' id='line_1_108' title="bbox 379 5703 2021 5781; baseline -0.005 -6"><span class='ocrx_word' id='word_1_781' title='bbox 379 5719 598 5776; x_wconf 85' lang='lat' dir='ltr'>tionem</span> <span class='ocrx_word' id='word_1_782' title='bbox 620 5728 755 5773; x_wconf 88' lang='lat' dir='ltr'>eum</span> <span class='ocrx_word' id='word_1_783' title='bbox 771 5725 900 5768; x_wconf 90' lang='lat' dir='ltr'>esse</span> <span class='ocrx_word' id='word_1_784' title='bbox 921 5706 1279 5781; x_wconf 87' lang='lat' dir='ltr'>privaturam</span> <span class='ocrx_word' id='word_1_785' title='bbox 1302 5710 1357 5763; x_wconf 89' lang='lat' dir='ltr'>et</span> <span class='ocrx_word' id='word_1_786' title='bbox 1377 5703 1681 5763; x_wconf 89' lang='lat' dir='ltr'>cacumine</span> <span class='ocrx_word' id='word_1_787' title='bbox 1702 5707 1941 5778; x_wconf 89' lang='lat' dir='ltr'>montis,</span> <span class='ocrx_word' id='word_1_788' title='bbox 1964 5715 2021 5770; x_wconf 90' lang='lat' dir='ltr'>et</span> 
     </span>
    </p>
   </div>
   <div class='ocr_carea' id='block_1_109' title="bbox 2131 4730 3783 4805">
    <p class='ocr_par' dir='ltr' id='par_1_109' title="bbox 2131 4730 3783 4805">
     <span class='ocr_line' id='line_1_109' title="bbox 2131 4730 3783 4805; baseline 0.002 -17"><span class='ocrx_word' id='word_1_789' title='bbox 2131 4750 2283 4801; x_wconf 88' lang='lat' dir='ltr'>rum,</span> <span class='ocrx_word' id='word_1_790' title='bbox 2310 4748 2555 4803; x_wconf 88' lang='lat' dir='ltr'>corpora</span> <span class='ocrx_word' id='word_1_791' title='bbox 2581 4730 2751 4785; x_wconf 90' lang='lat' dir='ltr'>morti</span> <span class='ocrx_word' id='word_1_792' title='bbox 2775 4730 2966 4786; x_wconf 89' lang='lat' dir='ltr'>tradat</span> <span class='ocrx_word' id='word_1_793' title='bbox 2993 4749 3007 4800; x_wconf 92' lang='lat'><strong>;</strong></span> <span class='ocrx_word' id='word_1_794' title='bbox 3032 4748 3098 4787; x_wconf 93' lang='lat' dir='ltr'>ac</span> <span class='ocrx_word' id='word_1_795' title='bbox 3124 4732 3295 4788; x_wconf 92' lang='lat' dir='ltr'>nobis</span> <span class='ocrx_word' id='word_1_796' title='bbox 3318 4734 3555 4805; x_wconf 91' lang='lat' dir='ltr'>quidem</span> <span class='ocrx_word' id='word_1_797' title='bbox 3589 4752 3783 4792; x_wconf 74' lang='lat' dir='ltr'>aeneas</span> 
     </span>
    </p>
   </div>
   <div class='ocr_carea' id='block_1_110' title="bbox 2131 4810 3788 4895">
    <p class='ocr_par' dir='ltr' id='par_1_110' title="bbox 2131 4810 3788 4895">
     <span class='ocr_line' id='line_1_110' title="bbox 2131 4810 3788 4895; baseline 0.002 -19"><span class='ocrx_word' id='word_1_798' title='bbox 2131 4822 2407 4893; x_wconf 85' lang='lat' dir='ltr'>efﬁngere</span> <span class='ocrx_word' id='word_1_799' title='bbox 2432 4823 2487 4875; x_wconf 88' lang='lat' dir='ltr'>et</span> <span class='ocrx_word' id='word_1_800' title='bbox 2511 4835 2717 4874; x_wconf 91' lang='lat' dir='ltr'>rursus</span> <span class='ocrx_word' id='word_1_801' title='bbox 2742 4818 3016 4883; x_wconf 88' lang='lat' dir='ltr'>formare,</span> <span class='ocrx_word' id='word_1_802' title='bbox 3041 4824 3130 4875; x_wconf 90' lang='lat' dir='ltr'>est</span> <span class='ocrx_word' id='word_1_803' title='bbox 3151 4810 3206 4875; x_wconf 86' lang='lat' dir='ltr'>in</span> <span class='ocrx_word' id='word_1_804' title='bbox 3234 4827 3509 4895; x_wconf 89' lang='lat' dir='ltr'>promptu</span> <span class='ocrx_word' id='word_1_805' title='bbox 3535 4830 3593 4879; x_wconf 91' lang='lat' dir='ltr'>et</span> <span class='ocrx_word' id='word_1_806' title='bbox 3616 4824 3788 4880; x_wconf 91' lang='lat' dir='ltr'>facile</span> 
     </span>
    </p>
   </div>
   <div class='ocr_carea' id='block_1_111' title="bbox 2130 4907 3788 4986">
    <p class='ocr_par' dir='ltr' id='par_1_111' title="bbox 2130 4907 3788 4986">
     <span class='ocr_line' id='line_1_111' title="bbox 2130 4907 3788 4986; baseline 0.002 -21"><span class='ocrx_word' id='word_1_807' title='bbox 2130 4914 2192 4965; x_wconf 90' lang='lat' dir='ltr'>tu</span> <span class='ocrx_word' id='word_1_808' title='bbox 2212 4915 2430 4980; x_wconf 89' lang='lat' dir='ltr'>autem,</span> <span class='ocrx_word' id='word_1_809' title='bbox 2447 4908 2554 4964; x_wconf 89' lang='lat' dir='ltr'>etsi</span> <span class='ocrx_word' id='word_1_810' title='bbox 2572 4909 2653 4963; x_wconf 91' lang='lat' dir='ltr'>sis</span> <span class='ocrx_word' id='word_1_811' title='bbox 2672 4907 3013 4979; x_wconf 89' lang='lat' dir='ltr'>imperator,</span> <span class='ocrx_word' id='word_1_812' title='bbox 3030 4926 3145 4964; x_wconf 91' lang='lat' dir='ltr'>non</span> <span class='ocrx_word' id='word_1_813' title='bbox 3162 4915 3328 4981; x_wconf 89' lang='lat' dir='ltr'>potes</span> <span class='ocrx_word' id='word_1_814' title='bbox 3340 4913 3529 4968; x_wconf 91' lang='lat' dir='ltr'>occisa</span> <span class='ocrx_word' id='word_1_815' title='bbox 3542 4930 3788 4986; x_wconf 86' lang='lat' dir='ltr'>corpora</span> 
     </span>
    </p>
   </div>
   <div class='ocr_carea' id='block_1_112' title="bbox 2134 4997 3784 5073">
    <p class='ocr_par' dir='ltr' id='par_1_112' title="bbox 2134 4997 3784 5073">
     <span class='ocr_line' id='line_1_112' title="bbox 2134 4997 3784 5073; baseline 0.002 -18"><span class='ocrx_word' id='word_1_816' title='bbox 2134 5000 2203 5055; x_wconf 90' lang='lat' dir='ltr'>ad</span> <span class='ocrx_word' id='word_1_817' title='bbox 2218 4999 2392 5054; x_wconf 84' lang='lat' dir='ltr'>vitam</span> <span class='ocrx_word' id='word_1_818' title='bbox 2412 4999 2710 5053; x_wconf 88' lang='lat' dir='ltr'>reducere.</span> <span class='ocrx_word' id='word_1_819' title='bbox 2735 4997 2950 5067; x_wconf 87' lang='lat' dir='ltr'>thuid</span> <span class='ocrx_word' id='word_1_820' title='bbox 2969 4998 3098 5054; x_wconf 90' lang='lat' dir='ltr'>dico</span> <span class='ocrx_word' id='word_1_821' title='bbox 3121 4999 3397 5071; x_wconf 82' lang='lat' dir='ltr'>corpora?</span> <span class='ocrx_word' id='word_1_822' title='bbox 3418 5018 3609 5073; x_wconf 91' lang='lat' dir='ltr'>neque</span> <span class='ocrx_word' id='word_1_823' title='bbox 3625 5003 3784 5059; x_wconf 90' lang='lat' dir='ltr'>enim</span> 
     </span>
    </p>
   </div>
   <div class='ocr_carea' id='block_1_113' title="bbox 2134 5085 3786 5164">
    <p class='ocr_par' dir='ltr' id='par_1_113' title="bbox 2134 5085 3786 5164">
     <span class='ocr_line' id='line_1_113' title="bbox 2134 5085 3786 5164; baseline 0.003 -23"><span class='ocrx_word' id='word_1_824' title='bbox 2134 5089 2317 5161; x_wconf 89' lang='lat' dir='ltr'>pilum</span> <span class='ocrx_word' id='word_1_825' title='bbox 2334 5102 2517 5142; x_wconf 91' lang='lat' dir='ltr'>unum</span> <span class='ocrx_word' id='word_1_826' title='bbox 2544 5089 2705 5157; x_wconf 87' lang='lat' dir='ltr'>potes</span> <span class='ocrx_word' id='word_1_827' title='bbox 2730 5085 3028 5159; x_wconf 83' lang='lat' dir='ltr'>efﬁngere.</span> <span class='ocrx_word' id='word_1_828' title='bbox 3056 5092 3187 5143; x_wconf 70' lang='lat' dir='ltr'>Haec</span> <span class='ocrx_word' id='word_1_829' title='bbox 3204 5088 3349 5144; x_wconf 87' lang='lat' dir='ltr'>dixit</span> <span class='ocrx_word' id='word_1_830' title='bbox 3368 5106 3504 5146; x_wconf 89' lang='lat' dir='ltr'>voce</span> <span class='ocrx_word' id='word_1_831' title='bbox 3523 5108 3667 5148; x_wconf 88' lang='lat' dir='ltr'>usus</span> <span class='ocrx_word' id='word_1_832' title='bbox 3687 5096 3786 5164; x_wconf 85' lang='lat' dir='ltr'>Sy-</span> 
     </span>
    </p>
   </div>
   <div class='ocr_carea' id='block_1_114' title="bbox 2133 5176 3787 5250">
    <p class='ocr_par' dir='ltr' id='par_1_114' title="bbox 2133 5176 3787 5250">
     <span class='ocr_line' id='line_1_114' title="bbox 2133 5176 3787 5250; baseline 0.002 -15"><span class='ocrx_word' id='word_1_833' title='bbox 2133 5177 2405 5247; x_wconf 89' lang='lat' dir='ltr'>riaca,Illi</span> <span class='ocrx_word' id='word_1_834' title='bbox 2421 5176 3033 5248; x_wconf 83' lang='lat' dir='ltr'>autem.interpretein</span> <span class='ocrx_word' id='word_1_835' title='bbox 3050 5179 3310 5250; x_wconf 90' lang='lat' dir='ltr'>linguam</span> <span class='ocrx_word' id='word_1_836' title='bbox 3328 5180 3584 5238; x_wconf 71' lang='lat' dir='ltr'>Graecam</span> <span class='ocrx_word' id='word_1_837' title='bbox 3603 5190 3787 5239; x_wconf 88' lang='lat' dir='ltr'>lrans-</span> 
     </span>
    </p>
   </div>
   <div class='ocr_carea' id='block_1_115' title="bbox 2134 5266 3784 5343">
    <p class='ocr_par' dir='ltr' id='par_1_115' title="bbox 2134 5266 3784 5343">
     <span class='ocr_line' id='line_1_115' title="bbox 2134 5266 3784 5343; baseline 0.003 -20"><span class='ocrx_word' id='word_1_838' title='bbox 2134 5271 2352 5326; x_wconf 88' lang='lat' dir='ltr'>ferente</span> <span class='ocrx_word' id='word_1_839' title='bbox 2376 5266 2706 5337; x_wconf 88' lang='lat' dir='ltr'>audientes,</span> <span class='ocrx_word' id='word_1_840' title='bbox 2738 5270 2795 5323; x_wconf 93' lang='lat' dir='ltr'>ct</span> <span class='ocrx_word' id='word_1_841' title='bbox 2817 5267 3267 5339; x_wconf 85' lang='lat' dir='ltr'>exhorruerunt,</span> <span class='ocrx_word' id='word_1_842' title='bbox 3292 5274 3348 5325; x_wconf 92' lang='lat' dir='ltr'>et</span> <span class='ocrx_word' id='word_1_843' title='bbox 3368 5271 3440 5326; x_wconf 91' lang='lat' dir='ltr'>ad</span> <span class='ocrx_word' id='word_1_844' title='bbox 3465 5271 3784 5343; x_wconf 87' lang='lat' dir='ltr'>imperato-</span> 
     </span>
    </p>
   </div>
   <div class='ocr_carea' id='block_1_116' title="bbox 2132 5354 3785 5431">
    <p class='ocr_par' dir='ltr' id='par_1_116' title="bbox 2132 5354 3785 5431">
     <span class='ocr_line' id='line_1_116' title="bbox 2132 5354 3785 5431; baseline 0.001 -18"><span class='ocrx_word' id='word_1_845' title='bbox 2132 5375 2252 5413; x_wconf 89' lang='lat' dir='ltr'>rem</span> <span class='ocrx_word' id='word_1_846' title='bbox 2269 5361 2491 5412; x_wconf 89' lang='lat' dir='ltr'>transm</span> <span class='ocrx_word' id='word_1_847' title='bbox 2504 5354 3166 5427; x_wconf 86' lang='lat' dir='ltr'>issurossigniﬁcarunt.</span> <span class='ocrx_word' id='word_1_848' title='bbox 3183 5358 3501 5431; x_wconf 88' lang='lat' dir='ltr'>Egoautem</span> <span class='ocrx_word' id='word_1_849' title='bbox 3517 5360 3785 5416; x_wconf 82' lang='lat' dir='ltr'>existimo</span> 
     </span>
    </p>
   </div>
   <div class='ocr_carea' id='block_1_117' title="bbox 2131 5442 3790 5522">
    <p class='ocr_par' dir='ltr' id='par_1_117' title="bbox 2131 5442 3790 5522">
     <span class='ocr_line' id='line_1_117' title="bbox 2131 5442 3790 5522; baseline 0 -19"><span class='ocrx_word' id='word_1_850' title='bbox 2131 5462 2335 5503; x_wconf 89' lang='lat' dir='ltr'>omnes</span> <span class='ocrx_word' id='word_1_851' title='bbox 2358 5444 2731 5500; x_wconf 88' lang='lat' dir='ltr'>eonfessuros</span> <span class='ocrx_word' id='word_1_852' title='bbox 2754 5442 2875 5499; x_wconf 69' lang='lat' dir='ltr'>haec</span> <span class='ocrx_word' id='word_1_853' title='bbox 2899 5448 3209 5503; x_wconf 82' lang='lat' dir='ltr'>verbaesse</span> <span class='ocrx_word' id='word_1_854' title='bbox 3230 5448 3428 5521; x_wconf 72' lang='lat' dir='ltr'>gratiae</span> <span class='ocrx_word' id='word_1_855' title='bbox 3451 5449 3629 5504; x_wconf 89' lang='lat' dir='ltr'>divini</span> <span class='ocrx_word' id='word_1_856' title='bbox 3654 5449 3790 5522; x_wconf 90' lang='lat' dir='ltr'>Spi-</span> 
     </span>
    </p>
   </div>
   <div class='ocr_carea' id='block_1_118' title="bbox 2131 5532 3793 5606">
    <p class='ocr_par' dir='ltr' id='par_1_118' title="bbox 2131 5532 3793 5606">
     <span class='ocr_line' id='line_1_118' title="bbox 2131 5532 3793 5606; baseline 0.001 -15"><span class='ocrx_word' id='word_1_857' title='bbox 2131 5536 2302 5592; x_wconf 89' lang='lat' dir='ltr'>ritus.</span> <span class='ocrx_word' id='word_1_858' title='bbox 2330 5533 2637 5599; x_wconf 88' lang='lat' dir='ltr'>Quomodo</span> <span class='ocrx_word' id='word_1_859' title='bbox 2671 5533 2826 5587; x_wconf 89' lang='lat' dir='ltr'>enim</span> <span class='ocrx_word' id='word_1_860' title='bbox 2867 5532 3039 5590; x_wconf 89' lang='lat' dir='ltr'>aliter</span> <span class='ocrx_word' id='word_1_861' title='bbox 3069 5536 3189 5592; x_wconf 81' lang='lat' dir='ltr'>haec</span> <span class='ocrx_word' id='word_1_862' title='bbox 3221 5542 3379 5593; x_wconf 90' lang='lat' dir='ltr'>esset</span> <span class='ocrx_word' id='word_1_863' title='bbox 3415 5536 3672 5606; x_wconf 89' lang='lat' dir='ltr'>locutus,</span> <span class='ocrx_word' id='word_1_864' title='bbox 3699 5539 3793 5593; x_wconf 87' lang='lat' dir='ltr'>vir</span> 
     </span>
    </p>
   </div>
   <div class='ocr_carea' id='block_1_119' title="bbox 2132 5623 3788 5701">
    <p class='ocr_par' dir='ltr' id='par_1_119' title="bbox 2132 5623 3788 5701">
     <span class='ocr_line' id='line_1_119' title="bbox 2132 5623 3788 5701; baseline 0.002 -21"><span class='ocrx_word' id='word_1_865' title='bbox 2132 5625 2369 5699; x_wconf 90' lang='lat' dir='ltr'>quidem</span> <span class='ocrx_word' id='word_1_866' title='bbox 2403 5638 2610 5695; x_wconf 87' lang='lat' dir='ltr'>expers</span> <span class='ocrx_word' id='word_1_867' title='bbox 2662 5623 2855 5677; x_wconf 90' lang='lat' dir='ltr'>omnis</span> <span class='ocrx_word' id='word_1_868' title='bbox 2889 5625 3261 5697; x_wconf 89' lang='lat' dir='ltr'>eruditionis,</span> <span class='ocrx_word' id='word_1_869' title='bbox 3308 5628 3365 5683; x_wconf 93' lang='lat' dir='ltr'>in</span> <span class='ocrx_word' id='word_1_870' title='bbox 3400 5628 3559 5701; x_wconf 89' lang='lat' dir='ltr'>agris</span> <span class='ocrx_word' id='word_1_871' title='bbox 3590 5632 3788 5683; x_wconf 86' lang='lat' dir='ltr'>autem</span> 
     </span>
    </p>
   </div>
   <div class='ocr_carea' id='block_1_120' title="bbox 2131 5712 3788 5786">
    <p class='ocr_par' dir='ltr' id='par_1_120' title="bbox 2131 5712 3788 5786">
     <span class='ocr_line' id='line_1_120' title="bbox 2131 5712 3788 5786; baseline 0 -13"><span class='ocrx_word' id='word_1_872' title='bbox 2131 5716 2436 5783; x_wconf 89' lang='lat' dir='ltr'>educatus,</span> <span class='ocrx_word' id='word_1_873' title='bbox 2470 5712 2648 5767; x_wconf 88' lang='lat' dir='ltr'>vitam</span> <span class='ocrx_word' id='word_1_874' title='bbox 2681 5716 2878 5770; x_wconf 89' lang='lat' dir='ltr'>autem</span> <span class='ocrx_word' id='word_1_875' title='bbox 2912 5728 3093 5786; x_wconf 87' lang='lat' dir='ltr'>agens</span> <span class='ocrx_word' id='word_1_876' title='bbox 3113 5714 3172 5772; x_wconf 91' lang='lat' dir='ltr'>in</span> <span class='ocrx_word' id='word_1_877' title='bbox 3191 5718 3599 5775; x_wconf 89' lang='lat' dir='ltr'>cacuminibus</span> <span class='ocrx_word' id='word_1_878' title='bbox 3616 5733 3788 5774; x_wconf 88' lang='lat' dir='ltr'>mon-</span> 
     </span>
    </p>
   </div>
  </div>
