4218 6348
423 353 496 407 69
1557 349 2032 416 PHILOTHEUS,
2076 361 2202 402 srva
2240 347 2714 405 rumpamus.
3776 356 3848 410 το

423 477 839 544 tium,omnem
856 473 2090 544 autemomninocircumferenssimplicita-
2121 481 2172 547 Α
2207 471 2371 526 illum
2407 489 2638 543 quoque
2690 471 2967 527 miserum
3003 473 3217 544 eripuit
3245 475 3317 530 ab
3368 479 3758 547 accusatione,
3792 485 3852 537 et

419 571 561 631 tem,
585 567 739 622 830
759 567 930 638 etqui
958 582 1060 622 nec
1102 568 1316 621 divinis
1355 567 1592 639 quidem
1629 568 1934 621 vacaverat
1969 562 2089 617 elo—

425 657 579 726 quiis
602 656 628 709 ?
649 659 792 710 Cum
821 657 1016 727 itaque
1047 658 1174 725 ejus
1198 663 1252 711 et.
1276 656 1645 727 spiritualem
1673 652 2087 708 declaraverim

424 741 779 813 sapientiam
817 747 872 798 et
909 760 1036 813 qua!
1063 743 1240 810 justis
1273 743 1542 797 convenit
1566 741 1843 796 ﬁduciam
1869 741 2088 809 (justus

420 833 576 886 enim
610 833 856 886 conﬁdit
888 837 951 886 ut
983 831 1067 886 leo
1101 833 1548 903 [l’rov.xxv1u]),
1571 831 1836 887 transibo
1867 830 1937 883 ad
1972 827 2085 882 mi-

419 921 644 977 recula.

495 1055 648 1111 Uxor
669 1056 936 1126 quaedam
963 1057 1272 1126 cujusdam
1300 1055 1605 1126 locupletis
1626 1053 1836 1108 nobilis
1858 1052 2081 1107 incide-

424 1145 584 1199 ratin
606 1146 874 1200 morbum
893 1144 1622 1216 ingluviei;etaliiquidem
1650 1159 1782 1198 eum
1809 1143 2078 1196 morbum

424 1234 804 1306 appellabant
835 1234 1232 1305 operationem
1256 1251 1354 1288 seu
1385 1233 1745 1288 vexationem
1774 1231 2077 1296 daemonis,

424 1323 522 1379 alii
539 1328 731 1378 autem
750 1340 882 1377 eum
899 1321 1776 1378 existimabantimbecillitatem
1795 1319 2074 1390 corporis.

422 1413 555 1468 Sive
587 1418 778 1467 autem
816 1411 946 1477 hoc,
981 1411 1100 1466 sive
1147 1411 1293 1465 illud
1349 1417 1520 1480 esset,
1555 1415 1678 1465 erat
1708 1407 2075 1480 hujusmodi.

423 1503 709 1558 Dicebant
741 1518 866 1556 eam
902 1503 1303 1556 comedentem
1339 1501 1392 1554 in
1429 1501 1520 1555 die
1543 1501 1783 1571 triginta
1805 1498 2074 1570 gallinas,

425 1609 538 1646 non
578 1607 746 1662 posse
781 1590 1204 1661 appetitionem
1238 1590 1610 1661 exstinguere
1650 1590 1936 1656 satietate,
1974 1587 2073 1640 sed

421 1681 615 1735 adhuc
654 1680 796 1735 alias
826 1683 1118 1750 appetere.
1143 1680 1284 1734 Cum
1309 1679 1393 1734 sic
1424 1696 1559 1750 ergo
1580 1679 1634 1732 in
1667 1695 1734 1733 ea
1763 1693 2068 1732 consume-

420 1775 624 1824 rentur
642 1769 974 1838 facultates,
991 1771 1120 1840 ejus
1137 1771 1359 1824 miserti
1378 1769 1475 1839 qui
1492 1770 1559 1823 ad
1577 1786 1702 1823 eam
1725 1768 2072 1834 attinebant,

418 1859 682 1913 divinum
705 1857 874 1912 illum
913 1857 1209 1912 hominem
1239 1858 1566 1912 obsecrant.
1589 1857 1686 1912 Ille
1703 1862 1899 1912 autem
1923 1856 2076 1911 venit
2110 1852 2153 1915 Β

421 1947 660 2018 quidem
697 1952 751 2002 et
776 1951 1049 2017 precatus
1071 1952 1161 2001 est
1191 1964 1202 2000 :
1229 1951 1432 2001 etcum
1459 1964 1621 2017 aqua:
1640 1947 1938 2001 dexteram
1963 1945 2070 1998 im-

424 2035 746 2107 posuisset,
762 2042 816 2090 et
831 2036 1085 2092 salutare
1099 2037 1458 2090 etformasset
1474 2035 1840 2106 signaculum
1855 2078 1866 2102 ,
1882 2035 1963 2104 etj
1978 2052 2076 2088 us-

425 2126 603 2181 sisset
620 2126 836 2189 bibere,
853 2125 1073 2180 curavit
1092 2125 1384 2192 morbum,
1401 2130 1457 2179 et
1472 2127 1614 2179 adeo
1629 2125 1847 2180 retudit
1864 2124 2074 2178 immo-

424 2216 686 2270 deratam
705 2215 865 2269 illam
884 2214 1864 2286 appetitionem,utdeincepsparva
1881 2213 2078 2282 aliqua

422 2303 653 2375 gallina:
681 2303 972 2375 particula
996 2302 1257 2374 quotidie
1273 2303 1400 2371 ejus
1426 2301 1642 2356 alenda:
1666 2318 1840 2356 usum
1865 2300 2076 2372 imple-

423 2398 533 2447 ret.
564 2392 668 2447 Hic
692 2391 930 2462 quidem
965 2392 1202 2446 morbus
1230 2389 1338 2446 hoc
1378 2391 1551 2445 modo
1583 2395 1671 2445 est
1700 2394 1955 2444 curatus.

497 2530 642 2581 Cum
667 2529 863 2580 autem
889 2525 1150 2595 quzedam
1174 2526 1365 2595 puella
1399 2525 1658 2580 thalamo
1677 2524 1866 2579 adhuc
1892 2524 2079 2579 conti.

425 2619 685 2684 neretur,
719 2619 775 2670 et
799 2619 1034 2685 repente
1058 2614 1331 2684 cmpisset
1353 2614 1544 2669 vexari
1565 2632 1596 2668 a
1615 2614 1766 2669 malo
1795 2615 2078 2681 daemone,

426 2704 681 2759 accurrit
708 2711 870 2774 pater
900 2705 964 2757 ad
1001 2704 1262 2757 divinum
1299 2702 1817 2769 hominem,orans,
1849 2707 1903 2758 et
1934 2704 2082 2758 voci-

426 2795 645 2860 ferans,
672 2799 727 2847 et
752 2791 1057 2862 postulans
1083 2797 1469 2847 utcuraretur
1493 2792 1629 2847 ﬁlia.
1661 2793 1713 2846 ls
1734 2796 1926 2846 autem
1952 2809 2081 2862 pre-

432 2888 623 2951 catus,
660 2882 831 2950 jussit
858 2885 923 2936 ut
954 2883 1176 2936 daemon
1201 2882 1401 2935 statim
1417 2881 1604 2935 abiret
1627 2881 1884 2950 apuell—a.
1912 2883 1964 2935 Is
1981 2898 2082 2935 au-

431 2977 552 3026 tem
587 2972 818 3026 dicebat
849 2988 909 3026 se
940 2987 1068 3026 eam
1103 2988 1215 3025 non
1239 2961 2080 3041 suasponteesse'ingressum,

427 3063 530 3116 sed
557 3060 803 3131 magicis
829 3065 1094 3114 coactum
1121 3059 1454 3130 praestigiis.
1476 3058 1712 3113 Dicebat
1736 3064 1932 3114 autem
1957 3059 2085 3128 ejus

428 3165 660 3220 quoque
677 3165 884 3204 nomen
903 3147 1003 3219 qui
1032 3153 1321 3219 coegerat,
1339 3154 1394 3202 et
1411 3164 1666 3204 amorem
1693 3165 1819 3203 esse
1843 3165 2082 3203 causam

2195 561 2423 616 obstitit
2452 562 2773 633 quominus
2814 562 2996 631 judex
3032 563 3089 617 in
3123 581 3256 618 eum
3291 566 3464 621 ferret
3495 570 3848 628 sententiam

2194 650 2427 719 capitis,
2462 669 2574 706 non
2609 667 2737 706 esse
2769 652 2855 706 fas
2889 653 3090 706 dicens
3122 658 3185 706 ut
3218 659 3454 725 propter
3483 673 3550 712 ea
3583 675 3710 729 qua;
3746 677 3848 731 per

2193 739 2386 808 ipsum
2422 745 2558 792 sunt
2593 741 2875 808 convicta,
2905 741 3257 812 supplicium
3284 745 3847 815 capitisdecernere-

2191 835 2288 881 tur
2306 830 2404 883 sed
2431 831 2624 899 potius
2653 847 2752 900 per
2775 831 3174 901 pmnitentiam
3203 835 3250 888 ei
3288 835 3528 891 daretur
3548 839 3729 894 salus.
3753 845 3847 894 At-

2191 933 2303 989 que
2328 918 2444 972 hzec
2467 919 2700 989 quidem
2735 922 2880 974 satis
2913 926 3051 975 sunt
3082 923 3151 978 ad
3185 928 3603 982 ostendendam
3636 929 3844 984 divina

2192 1008 2463 1077 potentia:
2496 1009 2719 1077 copiam
2742 1026 2870 1080 quae
2903 1010 2949 1063 ei
2984 1012 3118 1067 data
3142 1013 3348 1082 fuerat,
3384 1031 3488 1087 ego
3510 1020 3704 1073 tamen
3730 1019 3845 1074 alia

2191 1111 2424 1166 quoque
2460 1098 2730 1152 narrabo.

2263 1186 2472 1241 Mulier
2503 1190 2767 1258 quaedam
2787 1191 2965 1245 nobili
2981 1190 3104 1246 loco
3122 1197 3276 1262 nata,
3294 1195 3531 1267 etlonge
3546 1197 3844 1253 ditissima

2191 1274 2278 1345 (ea
2311 1281 2504 1330 autem
2538 1280 2851 1354 vocabatur
2904 1281 3160 1352 Assyria)
3194 1287 3313 1337 erat
3367 1284 3603 1354 quidem
3637 1293 3841 1342 emotae

2191 1364 2424 1434 mentis,
2458 1382 2522 1420 ex
2553 1367 2894 1424 domesticis
2926 1374 3119 1424 autem
3155 1373 3510 1441 agnoscebat
3541 1374 3839 1430 neminem

2187 1457 2251 1506 ut
2281 1454 2476 1510 cibum
2495 1460 2688 1510 autem
2704 1461 2758 1510 et
2787 1463 2987 1528 potum
3007 1476 3070 1512 su
3084 1462 3442 1529 meret,ferre
3459 1479 3572 1516 non
3591 1468 3838 1534 poterat.

2187 1543 2445 1598 Plurimo
2460 1551 2653 1599 autem
2669 1551 2925 1617 tempore
2941 1548 3178 1603 assidue
3194 1550 3501 1617 delirabat,
3526 1556 3582 1606 et
3604 1552 3712 1607 hoc
3737 1554 3839 1608 alii

2185 1632 2419 1702 quidem
2457 1633 2727 1689 dicebant
2761 1652 2888 1691 esse
2920 1639 3278 1692 vexationem
3332 1644 3387 1692 et
3434 1641 3834 1711 operationem

2184 1723 2486 1790 daemonis;
2513 1724 2719 1778 medici
2743 1727 3222 1797 autemfdicebant
3244 1743 3370 1782 esse
3391 1730 3660 1784 morbum
3686 1747 3842 1785 cere-

2185 1811 2294 1865 bri.
2334 1812 2474 1866 Cum
2511 1815 2704 1868 omnis
2738 1831 2873 1885 ergo
2907 1833 3000 1869 ars
3021 1821 3176 1870 esset
3208 1823 3576 1889 consumpta,
3604 1823 3659 1874 et
3689 1836 3754 1874 ex
3771 1836 3838 1875 ea

2186 1899 2415 1953 nullum
2450 1901 2689 1956 daretur
2712 1903 3016 1971 auxilium,
3043 1905 3170 1973 ejus
3199 1905 3611 1976 maritus(erat
3641 1911 3836 1962 autem

2183 1987 2234 2040 is
2281 1989 2674 2059 Abrodianus)
2716 1991 2801 2045 vir
2834 1993 2930 2062 qui
2965 1997 3088 2047 erat
3130 2009 3196 2046 ex
3251 1994 3722 2063 magistratibus,
3778 2002 3836 2052 et

2186 2092 2396 2146 magna
2429 2079 2714 2149 dignitate
2746 2081 3046 2150 praeditus,
3082 2082 3150 2136 ad
3189 2082 3449 2137 divinum
3485 2084 3625 2138 illud
3660 2091 3839 2155 caput

2187 2182 2520 2236 accurrens,
2537 2171 2791 2223 narravit
2807 2171 3074 2224 morbum
3109 2171 3394 2244 conjugis,
3410 2173 3664 2228 etoravit
3680 2179 3742 2229 ut
3772 2189 3840 2230 ea

2187 2260 2602 2326 assequeretur
2631 2259 3009 2315 curationem.
3045 2260 3233 2316 Cessit
3262 2262 3349 2314 vir
3376 2262 3634 2332 divinus,
3661 2267 3717 2318 et
3740 2265 3836 2318 do-

2189 2360 2350 2397 mum
2387 2344 2622 2414 quidem
2656 2348 2834 2417 venit,
2868 2352 2923 2402 et
2955 2365 3164 2418 magno
3198 2366 3262 2403 ac
3282 2351 3614 2405 vehementi
3641 2352 3836 2407 studio

2189 2432 2304 2487 Deo
2323 2433 2536 2487 obtulit
2557 2435 2897 2490 orationem.
2926 2438 3180 2492 Perfecta
3201 2441 3394 2493 autem
3415 2439 3678 2495 oratione
3700 2457 3834 2495 cum

2185 2520 2462 2588 jussisset
2485 2539 2695 2593 aquam
2722 2525 2998 2588 atl'erri,et
3029 2525 3259 2580 fecisset
3283 2526 3528 2597 ﬁguram
3558 2527 3838 2583 salutaris

2191 2609 2501 2680 signaculi,
2531 2612 2710 2681 jussit
2733 2611 2894 2667 illam
2921 2613 3136 2669 hibere.
3162 2613 3303 2668 Cum
3341 2619 3536 2669 autem
3562 2616 3836 2688 prohibe-

2193 2703 2320 2752 rent
2353 2700 2581 2765 medici,
2643 2705 2842 2771 utpote
2899 2703 3054 2772 quod
3110 2719 3270 2773 aquae
3318 2702 3543 2775 frigidae
3594 2705 3837 2762 morbus

2194 2794 2494 2857 cresceret,
2546 2789 2789 2860 expulsa
2853 2794 2973 2846 tota
3029 2791 3264 2846 illorum
3327 2796 3574 2860 caterva,
3626 2793 3841 2850 obtulit

2194 2877 2425 2932 mulieri
2461 2880 2773 2948 potionem.
2802 2879 2903 2934 Illa
2938 2885 3131 2935 autem
3166 2881 3342 2936 simul
3375 2899 3439 2936 ac
3473 2882 3644 2948 bibit,
3676 2885 3744 2938 ad
3781 2899 3843 2938 se

2197 2968 2387 3032 rediit,
2418 2972 2473 3022 et
2496 2986 2526 3021 a
2551 2968 2751 3024 morbo
2774 2970 3011 3023 omnino
3054 2968 3299 3024 liberata
3339 2971 3602 3026 divinum
3645 2973 3839 3026 virum

2198 3058 2452 3128 agnovit,
2476 3062 2533 3110 et
2557 3062 2620 3111 ut
2643 3058 2903 3112 dextram
2940 3058 3230 3129 acciperet
3261 3060 3503 3130 rogavit,
3539 3061 3843 3132 oculisque

2197 3161 2324 3200 eam
2356 3145 2658 3216 imposuit,
2693 3150 2747 3202 et
2778 3147 2861 3201 ori
2896 3147 3174 3214 admovit,
3206 3152 3263 3203 et
3295 3148 3568 3221 deinceps
3612 3167 3846 3223 semper

429 3237 996 3295 incantationis.Sed
1018 3237 1285 3292 cumhzec
1301 3236 1602 3302 audiisset,
1631 3237 1895 3292 nontulit
1919 3243 2081 3308 pater
2112 3223 2153 3288 C
2195 3234 2304 3288 fuit
2336 3234 2551 3289 mentis
2583 3251 2841 3304 compos.

433 3328 533 3382 ira:
559 3328 871 3398 impetum,
893 3342 999 3380 nec
1022 3326 1377 3397 exspectavit
1407 3331 1471 3380 ut
1499 3332 1802 3380 curaretur
1854 3325 2083 3397 puella;

436 3418 535 3472 sed
554 3417 815 3472 omnium
840 3415 1286 3485 magistratuum
1307 3431 1604 3470 summurn
1619 3416 1760 3482 adit,
1779 3415 2086 3486 praesidem

436 3507 661 3562 scilicet
676 3506 773 3576 qui
791 3505 1060 3576 pluribus
1085 3508 1329 3574 praeerat
1345 3505 1640 3573 gentibus,
1659 3509 1892 3559 accusat
1907 3504 2089 3559 homi-

435 3613 592 3660 nem,
628 3601 684 3650 et
703 3611 820 3649 rem
841 3597 1056 3648 narrat.
1080 3594 1129 3648 ls
1152 3597 1346 3648 autem
1368 3611 1500 3647 reus
1525 3593 1884 3662 injudicium
1907 3594 2089 3648 addu-

434 3691 588 3752 ctus,
622 3699 743 3738 rem
774 3683 1044 3753 negabat,
1079 3686 1135 3737 et
1165 3682 1597 3736 accusationem
1634 3681 1973 3736 nominabat
1998 3699 2088 3736 ca-

439 3773 864 3828 lumniam.Hic
880 3776 1074 3826 autem
1093 3787 1205 3826 non
1223 3771 1400 3826 alium
1427 3771 1640 3825 citabat
1671 3775 1876 3826 testem
1913 3787 2089 3842 quam

443 3864 641 3934 ipsum
672 3863 999 3917 daemonem
1029 3862 1126 3931 qui
1153 3859 1420 3915 minister
1442 3861 1630 3914 fuerat
1653 3858 2086 3914 incantationis:

445 3959 503 4008 et
535 3950 1016 4021 orabatjudicem
1050 3954 1114 4004 ut
1144 3953 1404 4005 curreret
1435 3949 1504 4004 ad
1537 3948 1705 4003 illum
1739 3948 1926 4004 virum
1949 3949 2092 4003 divi-

432 4059 601 4110 num,
636 4047 692 4096 et
723 4041 1015 4110 acciperet
1042 4041 1166 4108 ejus
1191 4038 1620 4094 testimonium.
1655 4039 1799 4093 Cum
1821 4039 1867 4093 is
1891 4043 2089 4094 autem

431 4131 652 4186 diceret
675 4148 790 4185 non
814 4145 941 4184 esse
966 4129 1051 4184 fas
1076 4143 1179 4183 nec
1199 4129 1431 4198 justum
1454 4137 1512 4182 ut
1539 4128 1594 4182 in
1617 4127 1738 4182 loco
1759 4128 2089 4183 monasticae

435 4221 868 4275 exercitationis
900 4218 1212 4272 haberetur
1233 4217 1498 4287 quaestio,
1533 4216 1679 4271 dixit
1703 4221 1862 4287 pater
1883 4216 2088 4287 puella:

441 4327 502 4364 se
534 4310 590 4363 in
616 4309 912 4378 judicium
947 4307 1260 4361 ducturum
1296 4306 1740 4372 Macedonium;
1775 4311 2091 4360 etcurrens

441 4398 733 4468 persuasit
763 4402 821 4451 et
852 4395 1032 4451 duxit.
1064 4395 1285 4450 Sedens
1301 4400 1492 4449 autem
1517 4394 2088 4464 extrajudiciumju-

442 4489 569 4554 dex,
592 4504 705 4542 non
741 4487 850 4541 fuit
871 4485 1179 4556 judex,sed
1205 4489 1776 4554 spectator.Magnus
1791 4483 1943 4539 enim
1969 4485 2090 4540 Ma-

441 4576 728 4632 cedonius
767 4576 1122 4646 fungebatur
1153 4574 1346 4628 ofﬁcio
1375 4573 1612 4642 judicis,
1647 4578 1818 4628 utens
1867 4591 1933 4628 ea
1964 4591 2090 4644 qua:

436 4667 594 4721 intus
617 4665 916 4720 habitabat
939 4669 1242 4736 potestate.
1271 4664 1337 4718 Et
1360 4679 1491 4717 cum
1511 4664 1745 4732 juberet
1763 4664 2010 4718 daemoni
2035 4668 2092 4719 et

439 4760 860 4810 utconsuetum
880 4754 1137 4808 mitteret
1173 4752 1853 4817 mendacium,cumtota
1888 4760 2085 4808 autem

437 4845 678 4899 veritate
711 4841 1556 4914 reinararrettragmdiam,ille
1587 4842 1888 4896 amaxima
1910 4844 2085 4897 adac-

438 4942 529 4988 tus
563 4932 932 4992 necessitate.
966 4937 1024 4986 et
1053 4931 1243 4985 virum
1303 4931 1562 4986 ostendit
1595 4930 1695 5000 qui
1742 4931 1792 4984 ei
1841 4932 2085 5002 magicis

439 5020 801 5076 carminibus
829 5019 946 5074 vim
978 5020 1271 5087 attulerat,
1299 5024 1355 5073 et
1377 5017 1649 5073 ancillam
1669 5035 1963 5090 perquam
1988 5020 2088 5075 illa

441 5110 597 5181 potio
632 5108 835 5180 puellae
869 5108 1004 5163 data
1039 5109 1246 5162 luerat.
1289 5109 1434 5162 Cum
1468 5113 1662 5162 autem
1697 5107 1809 5162 alia
1855 5125 2086 5180 quoque

437 5203 669 5269 pararet
699 5199 890 5253 dicere
939 5214 1064 5269 quae
1097 5197 1306 5252 fecerat
1336 5201 1568 5251 coactus
1603 5198 1673 5251 ab
1708 5196 1859 5266 aliis,
1909 5201 2086 5253 unius

439 5288 680 5358 quidem
713 5289 861 5342 aedes
892 5304 1164 5354 exurens,
1217 5285 1458 5340 alterius
1491 5303 1624 5341 vero
1653 5287 1920 5355 jumenta
1943 5287 2087 5342 inte-

440 5378 684 5443 rimens,
711 5377 890 5432 alium
914 5393 1045 5431 vero
1069 5375 1263 5444 aliquo
1287 5376 1398 5431 alio
1423 5377 1636 5430 damno
1663 5375 2086 5446 afﬁciens,jus-

441 5467 517 5522 sit
548 5467 721 5521 homo
752 5467 850 5522 Dei
884 5482 1017 5521 eum
1053 5465 1245 5531 silere,
1271 5470 1326 5519 et
1357 5465 1551 5520 statim
1589 5467 1786 5536 procul
1822 5468 2088 5522 recedere

441 5556 693 5627 apuella
717 5561 774 5610 et
825 5555 895 5611 ab
929 5556 1091 5610 urbe.
1128 5554 1228 5609 Ille
1277 5560 1471 5610 autem
1522 5560 1806 5626 tanquam
1857 5555 2088 5611 Domini

441 5645 554 5717 legi
591 5662 824 5716 parens,
859 5645 992 5700 fecit
1023 5645 1174 5716 quod
1201 5644 1408 5712 jussus
1441 5650 1583 5712 erat,
1620 5649 1674 5700 et
1707 5646 1976 5715 protinus
2007 5645 2089 5700 ef-

442 5736 615 5807 fugit.
639 5735 737 5792 Sic
763 5751 894 5791 cum
925 5734 1074 5791 hanc
1105 5734 1192 5789 vir
1223 5733 1455 5790 divinus
1480 5733 1793 5792 liberasset
1815 5752 1847 5791 a
1869 5735 2089 5806 furore,

2263 3325 2406 3378 Cum
2441 3329 2634 3379 autem
2667 3323 2810 3378 illud
2862 3324 2992 3379 vitae
3039 3341 3223 3394 genus
3277 3327 3732 3398 amplecteretur
3782 3330 3838 3385 in

2197 3414 2515 3479 montibus,
2552 3421 2747 3484 pastor
2779 3414 3018 3484 quidam
3053 3431 3318 3485 quaerens
3370 3433 3524 3486 oves,
3557 3426 3844 3488 errantes,

2197 3503 2354 3558 venit
2385 3503 2455 3557 ad
2487 3502 2653 3557 illum
2688 3503 2878 3558 locum
2917 3503 3015 3558 ubi
3069 3510 3194 3559 erat
3225 3504 3399 3560 homo
3432 3505 3529 3560 Dei
3565 3509 3712 3574 (erat
3746 3526 3848 3562 au-

2196 3597 2312 3646 tem
2348 3609 2461 3646 nox
2501 3593 2812 3662 profunda,
2841 3597 2897 3647 et
2955 3592 3143 3648 multa
3205 3594 3301 3648 nix
3362 3596 3767 3662 descenderat)
3797 3603 3854 3652 ct

2197 3681 2363 3746 vidit,
2396 3684 2460 3734 ut
2492 3680 2617 3751 ipse
2649 3681 2813 3748 dixit,
2849 3698 3051 3752 pyram
3086 3682 3238 3738 circa
3268 3683 3466 3755 ipsum
3515 3701 3846 3754 accensam,

2200 3774 2254 3823 et
2283 3769 2570 3839 quosdam
2601 3770 2748 3824 duos
2781 3770 3028 3826 candida
3059 3776 3218 3826 veste
3252 3772 3514 3843 indutos,
3549 3774 3667 3845 igni
3701 3792 3844 3845 pra)-

2198 3859 2401 3913 bentes
2434 3859 2759 3914 materiam.
2784 3860 2973 3914 Animi
2999 3861 3154 3914 enim
3181 3860 3540 3917 alacritatem
3574 3863 3842 3931 atterens,

2201 3946 2397 4003 divino
2459 3947 2757 4002 fruebatur
2789 3947 3025 4004 auxilio.

2271 4037 2418 4100 Quin
2454 4038 2625 4091 etiam
2662 4037 2798 4092 doni
2830 4042 2955 4092 erat
2986 4037 3306 4109 prophetici
3353 4041 3665 4112 particeps.
3697 4042 3836 4097 831

2201 4127 2430 4181 Etcum
2465 4127 2534 4181 ad
2567 4143 2700 4181 eum
2751 4126 3071 4197 aliquando
3122 4128 3367 4184 vinisset
3430 4130 3670 4200 quidam
3705 4131 3848 4196 dux,

2201 4216 2414 4285 pietate
2445 4219 2500 4269 et
2525 4232 2658 4269 vera
2689 4215 2962 4285 religione
2994 4215 3363 4288 clarus(quis
3387 4223 3580 4272 autem
3617 4219 3852 4290 ignorat

2199 4306 2473 4359 virtutem
2509 4303 2811 4375 Lupiciani
2834 4304 2860 4357 ‘2
2883 4310 2919 4372 ),
2946 4305 3088 4358 dixit
3120 4321 3180 4360 se
3213 4323 3340 4362 esse
3372 4309 3440 4361 de
3491 4308 3850 4378 quibusdam

2201 4393 2542 4463 sollicitum,
2577 4392 2677 4463 qui
2710 4393 2780 4447 ab
2815 4393 2956 4448 urbe
2987 4393 3145 4464 regia
3175 4412 3274 4466 per
3320 4412 3479 4450 mare
3539 4398 3609 4452 ad
3652 4397 3848 4469 ipsum

2202 4484 2464 4537 ferebant
2495 4482 2842 4537 necessaria.
2876 4482 3110 4537 Dicebat
3162 4484 3508 4553 praeteriisse
3558 4487 3847 4558 quinqua~

2201 4572 2361 4643 ginta
2391 4571 2539 4637 dies,
2571 4587 2638 4625 ex
2669 4587 2784 4642 quo
2835 4576 3004 4642 portu
3065 4570 3376 4640 solverant,
3407 4575 3475 4628 de
3527 4575 3610 4629 eis
3652 4581 3847 4631 autem

2202 4661 2347 4716 nihil
2381 4661 2738 4715 audiverant.
2765 4659 2860 4714 Ille
2895 4665 3089 4715 autem
3125 4661 3270 4716 nihil
3321 4667 3630 4718 cunctatus
3661 4681 3672 4719 :
3700 4664 3849 4729 Una,

2196 4751 2607 4821 inquit,navis,
2635 4750 2843 4817 amice,
2871 4750 3080 4820 periit;
3106 4750 3288 4805 altera
3336 4756 3532 4806 autem
3569 4754 3856 4824 postridie

2198 4847 2430 4912 portum
2463 4838 2772 4910 occupabit
2802 4839 3095 4894 Seleuciae.
3125 4840 3194 4894 Et
3226 4840 3334 4896 hoc
3366 4842 3602 4911 quidem
3629 4843 3857 4899 audivit

2197 4929 2455 4984 divinam
2490 4928 2650 4982 illam
2682 4944 2880 4983 vocem
2934 4929 3226 4984 locutam:
3262 4929 3467 4985 didicit
3528 4936 3723 4987 autem
3759 4949 3854 4988 ex-

2200 5018 2480 5090 perientia
2511 5033 2710 5071 eorum
2745 5033 2872 5088 qua:
2904 5017 3128 5072 dixerat
3158 5019 3485 5076 veritatem.

2269 5111 2342 5161 Ut
2370 5112 2563 5162 autem
2597 5105 2706 5159 alia
2740 5108 3204 5177 przetermittam,
3230 5124 3296 5162 ea
3330 5109 3581 5174 narrabo
3615 5125 3742 5180 quae
3777 5111 3848 5165 ad

2201 5214 2304 5252 nos
2339 5197 2494 5267 ipsos
2517 5194 2829 5266 pertinent.
2855 5200 2994 5251 Cum
3018 5203 3204 5252 mater
3224 5214 3353 5253 mea
3394 5215 3511 5252 una
3539 5215 3668 5254 cum
3692 5209 3854 5272 patre

2199 5303 2326 5341 meo
2359 5285 2682 5340 habitasset
2715 5285 2986 5340 tredecim
3013 5286 3292 5351 annis,ea
3322 5305 3434 5343 non
3475 5289 3664 5344 fuerat
3704 5289 3856 5345 facta

2201 5381 2386 5430 mater
2411 5375 2698 5439 ﬁliorum;
2724 5380 2848 5428 erat
2874 5373 3028 5428 enim
3070 5374 3308 5445 sterilis,
3331 5382 3393 5430 ut
3425 5394 3552 5448 quae
3591 5378 3846 5434 fructum

2199 5466 2347 5520 ferre
2377 5483 2409 5519 a
2433 5471 2640 5518 natura
2674 5462 3096 5533 prohiberetur.
3122 5464 3189 5518 Et
3226 5464 3353 5535 ipsa
3379 5468 3614 5537 quidem
3643 5468 3695 5521 id
3732 5484 3849 5523 non

2199 5554 2366 5610 valde
2397 5568 2545 5624 aegre
2579 5553 2830 5618 ferebat;
2857 5569 2981 5622 quae
3006 5554 3161 5608 enim
3193 5559 3317 5609 erat
3349 5555 3406 5608 in
3434 5557 3608 5611 rebus
3632 5555 3847 5612 divinis

2203 5644 2452 5707 erudita,
2488 5642 2761 5695 credebat
2791 5640 2897 5695 hoc
2931 5657 3056 5697 esse
3107 5642 3280 5697 utile:
3320 5661 3594 5715 magnam
3647 5647 3846 5701 autem

2201 5731 2531 5790 molestiam
2547 5728 3046 5802 accipiebatpater
3069 5732 3220 5803 quod
3245 5739 3472 5790 careret
3490 5731 3643 5798 ﬁliis,
3667 5734 3722 5785 ct
3738 5731 3855 5788 cir-
