4180 6338
477 395 545 447 71
1654 379 1751 432 DB
1789 372 1978 429 VITIB
2016 368 2125 424 PA'.

2236 368 2319 424 3M
2355 368 2573 424 LIBER
2613 370 2711 424 IX.
3822 374 3897 427 72

475 526 851 587 cumquaque
874 510 1191 576 cursitans,
1226 504 1469 576 rogabat
1498 501 1597 557 Dei
1628 514 1826 556 servos
1855 500 1921 552 ut
1949 513 1981 550 a
2010 493 2127 549 Deo
2158 493 2212 558 Α
2241 493 2409 587 rit,et
2430 492 2647 587 quibus
2667 509 2811 549 usus
2832 492 3134 587 laboribus
3157 495 3418 587 divinam
3434 495 3743 587 attraxerit
3768 511 3899 568 gra-

474 607 525 662 ei
578 610 835 677 peterent
894 599 1068 655 filios.
1115 595 1226 652 Alii
1283 610 1419 665 ergo
1476 592 1900 677 pollicebantur
1958 600 2020 677 se
2072 587 2132 638 et

478 671 662 750 Deum
685 693 1120 763 deprecaturus,
1135 690 1190 740 et
1212 683 1503 754 jubebant
1531 685 1592 735 ut
1617 682 1773 734 esset
1801 674 1897 731 Dei
1921 671 2129 729 volun-

473 787 593 838 tate
628 786 958 837 contenlus.
982 776 1086 831 Hic
1122 778 1315 829 autem
1350 771 1521 825 homo
1552 768 1783 823 divinus
1814 768 1903 820 est
1933 764 2131 831 aperte

479 871 781 943 professus
824 883 884 922 se
918 880 1103 919 unum
1145 860 1465 934 petiturum
1508 858 1580 914 ah
1614 854 1867 943 universi
1901 850 2127 922 opiﬁce,

477 942 535 1015 et
555 976 617 1014 se
640 957 977 1030 petitionem
1005 956 1379 1023 accepturum
1400 954 1489 1004 est
1507 946 1816 1019 pollicitus.
1845 942 1988 997 Cum
2013 945 2130 993 tres

478 1052 675 1121 itaque
696 1049 834 1103 anni
857 1045 1273 1119 praeteriissent
1291 1047 1347 1097 et
1372 1038 1684 1113 promissio
1708 1037 1883 1090 ﬁnem
1903 1050 2016 1087 non
2041 1047 2131 1086 ac-

476 1140 749 1211 cepisset,
774 1153 981 1192 rursus
1015 1132 1264 1189 accessit
1300 1136 1465 1202 pater
1486 1126 1846 1200 promissum
1870 1123 2127 1211 exigens.

479 1227 580 1283 Ille
613 1234 804 1283 autem
833 1225 1016 1295 jussit
1049 1228 1113 1277 ut
1144 1221 1213 1276 ad
1256 1237 1318 1275 se
1358 1218 1688 1273 mitteretur
1720 1215 1953 1284 conjux.
1985 1210 2129 1264 Cum

478 1326 673 1375 autem
706 1316 965 1373 venisset
1005 1318 1215 1379 mater,
1250 1311 1396 1365 dixit
1436 1309 1532 1364 ille
1574 1307 1661 1363 vir
1691 1306 1947 1369 divinus,
1981 1317 2043 1357 se
2073 1304 2131 1355 et

478 1408 824 1480 petiturum,
848 1410 905 1461 et
928 1420 1055 1459 eam
1082 1401 1266 1457 ﬁlium
1293 1404 1687 1468 accepturam,
1711 1400 1766 1450 et
1788 1392 1943 1465 quod
1966 1406 2131 1462 opor-

476 1502 558 1553 tet
588 1514 722 1553 eum
753 1495 803 1551 ei
837 1495 935 1567 qui
968 1492 1209 1548 dederat
1239 1486 1683 1544 dedicari.Cum
1719 1488 1914 1540 autem
1950 1483 2133 1536 mater

480 1586 672 1641 solum
714 1588 947 1655 rogaret
986 1586 1051 1636 ut
1092 1580 1299 1636 animae
1340 1576 1591 1632 salutem
1634 1573 1940 1645 acciperet,
1973 1574 2029 1625 et
2066 1572 2133 1624 ut

472 1674 825 1731 liberaretur
854 1690 887 1727 a
910 1671 1177 1744 gebenna
1202 1688 1218 1723 :
1248 1673 1460 1723 Praeter
1483 1666 1613 1733 hoc,
1634 1663 1846 1735 inquit,
1869 1658 2131 1715 liberalis

473 1768 530 1820 et
572 1763 890 1819 muniﬁcus
936 1762 1085 1815 Deus
1127 1758 1233 1813 tibi
1275 1758 1437 1812 dabit
1476 1755 1684 1809 ﬁlium.
1722 1752 1794 1806 Iis
1830 1750 1985 1805 enim
2028 1746 2131 1819 qui

2239 581 2407 649 tiam,
2442 582 2562 637 haec
2595 598 2824 653 quoque
2851 584 2923 638 ad
2956 584 3285 640 docendum
3320 585 3648 642 sufﬁciunt.

2309 672 2542 742 Accepit
2571 678 2768 728 autem
2800 674 2975 729 etiam
3012 674 3071 729 in
3104 675 3213 731 hoc
3262 676 3486 731 mundo
3539 677 3666 747 ejus
3696 676 3899 732 obitus

2236 760 2483 831 dignum
2517 762 2796 818 honorem
2822 762 3142 820 laboribus.
3170 765 3385 821 Omnes
3410 767 3564 821 enim
3590 770 3647 821 et
3668 765 3822 821 cives
3844 770 3903 822 et

2236 850 2774 920 externi,etquibns
2788 852 3008 907 credita
3027 852 3215 907 fuerat
3228 869 3575 925 magnorum
3594 853 3904 925 magistra-

2238 942 2407 993 tuum
2433 940 2808 1011 dispensatio,
2835 942 3085 997 ferentes
3109 941 3273 997 illum
3297 959 3531 998 sacrum
3556 942 3771 998 lectum
3797 958 3899 997 su-

2237 1045 2339 1098 per
2356 1027 3041 1101 humeros,deportarunt
3054 1030 3110 1085 in
3128 1032 3309 1087 aedem
3326 1036 3645 1104 martyrum
3660 1031 3904 1087 victoria

2238 1117 2576 1189 insignium;
2595 1123 2651 1173 et
2673 1134 2803 1174 cum
2828 1120 3043 1176 divinis
3064 1120 3205 1176 viris
3229 1120 3523 1193 Aphraate
3546 1125 3604 1177 et
3632 1120 3905 1176 Theodo-

2237 1206 2616 1269 sio,sanctum
2634 1207 2777 1263 illud
2794 1214 2849 1264 et
2863 1209 2977 1265 Deo
2993 1215 3224 1281 gratum
3244 1228 3456 1281 corpus
3472 1212 3899 1281 deposuerunt:

2239 1296 2454 1351 mansit
2469 1301 2661 1352 autem
2676 1297 2862 1370 gloria
2875 1299 3166 1369 ejusmodi
3181 1300 3544 1373 utjexstingui
3561 1317 3673 1355 non
3691 1300 3897 1373 possit.

2236 1388 2353 1440 Nos
2376 1391 2573 1441 autem
2600 1386 2874 1458 imposito
2897 1389 3012 1443 ﬁne
3033 1390 3525 1455 narrationi,eum
3547 1388 3646 1461 qui
3675 1388 3899 1461 percipi

2238 1478 2430 1546 potest
2456 1492 2524 1531 ex
2556 1476 2859 1533 naratione
2884 1478 3100 1533 bonum
3133 1479 3370 1535 odorem
3405 1479 3782 1551 percipimus.

2849 1648 3082 1705 CAPUT
3123 1649 3269 1705 XIV.

2832 1774 3116 1813 MESYMAS
3155 1758 3288 1828 (42).

482 1870 628 1946 PE“?
658 1858 715 1908 et
744 1852 1227 1946 δίηοθτθῄρθίίξηίν
1250 1848 1326 1946 ‘1“
1338 1842 1778 1946 ρῙίθθδιθτὲξίυξξ
1796 1838 2125 1946 petit)???
2158 1856 2208 1923 Β
2308 1870 2539 1927 Scimus
2553 1873 2789 1943 quidem
2807 1873 2921 1930 alia
2939 1891 3174 1946 quoque
3192 1874 3451 1946 plurima
3469 1874 3526 1930 in
3545 1875 3688 1930 urbe
3700 1873 3890 1931 Antio-

473 1924 642 1998 Illinc
664 1956 893 1996 reversa
910 1944 998 1995 est
1013 1942 1201 1993 mater
1214 1937 1459 1991 alferens
1478 1931 1752 2005 promissi
1766 1924 2123 1983 benedictio-

479 2048 636 2087 nem.
674 2031 744 2086 Et
774 2034 981 2101 quarto
997 2024 1599 2098 annoapromissione
1622 2018 1958 2090 concipit,et
1982 2013 2135 2088 gerit

476 2125 745 2187 uterum;
771 2124 828 2174 et
861 2117 1084 2173 accedit
1116 2117 1186 2171 ad
1211 2115 1473 2169 divinum
1508 2112 1833 2176 hominem,
1854 2103 2128 2162 benedic-

472 2208 659 2264 tionis
692 2207 1013 2264 ostendens
1046 2203 1405 2276 manipulos.
1442 2200 1657 2267 Quinto
1696 2202 1894 2254 autem
1932 2208 2134 2249 mense

476 2315 509 2352 a
529 2296 933 2368 conceptione,
961 2295 1072 2350 fuit
1105 2294 1428 2366 periculum
1454 2284 1915 2347 abortionisllla
1935 2288 2131 2339 autem

476 2403 685 2442 rursus
714 2385 879 2441 misit
898 2385 967 2439 ad
984 2400 1197 2439 novum
1214 2398 1388 2437 suum
1415 2380 1684 2435 Elisaaum
1708 2374 1956 2449 (vetebat
1975 2371 2130 2428 enim

475 2475 717 2531 morbus
750 2490 820 2528 ne
858 2472 929 2527 ad
959 2471 1154 2543 ipsum
1187 2471 1431 2540 veniret)
1451 2473 1509 2525 et
1530 2468 1581 2523 ei
1608 2462 1897 2522 revocavit
1924 2462 1985 2515 in
2008 2475 2128 2514 me-

473 2566 720 2620 moriam
758 2562 913 2635 quod
947 2560 1183 2615 nolebat
1217 2558 1340 2614 ﬁeri
1374 2563 1562 2613 mater
1606 2554 1883 2618 ﬁliorum,
1914 2554 1970 2606 et
2001 2549 2129 2618 ejus

473 2652 770 2725 promissa
800 2649 1045 2706 adduxit
1077 2649 1134 2703 in
1169 2648 1451 2702 medium.
1478 2645 1576 2700 Ille
1608 2648 1801 2700 autem
1826 2656 1957 2697 cum
1993 2653 2129 2709 pro-

472 2741 569 2797 cul
600 2740 848 2795 vidisset
869 2739 1221 2800 venientem,
1242 2740 1298 2791 et
1327 2734 1581 2807 agnovit,
1606 2738 1661 2788 et
1684 2746 1920 2787 causam
1946 2726 2129 2796 signi-

474 2829 672 2885 ficavit
690 2847 701 2885 :
720 2831 893 2883 noctu
918 2828 1073 2883 enim
1091 2825 1431 2881 ctmorbum
1447 2828 1504 2879 et
1525 2824 1773 2879 salutem
1790 2819 1839 2874 ei
1858 2816 2127 2873 ostende-

480 2923 568 2974 rat
586 2917 893 2973 Dominus.
912 2920 1164 2987 Accepto
1178 2929 1313 2986 ergo
1336 2910 1757 2979 baculo,vcnit,
1773 2908 2124 2973 eiinnitens;

474 3011 533 3063 et
564 3023 699 3061 cum
735 3006 942 3061 fuisset
963 3005 1118 3059 intra
1149 3004 1387 3073 aedes,et
1412 3002 1573 3074 pacis
1600 3001 1847 3057 salutem
1872 2998 2129 3055 dedisset

472 3100 540 3152 ut
562 3098 965 3151 consueverat.
992 3099 1170 3163 Bono,
1195 3092 1408 3164 inquit,
1434 3092 1516 3147 sis
1543 3090 1761 3157 animo,
1785 3105 1889 3144 nec
1910 3089 2126 3144 timueo

474 3186 591 3241 ris:
637 3201 825 3256 neque
868 3183 1022 3239 enim
1058 3185 1276 3239 donum
1310 3182 1531 3237 auferet
1562 3181 1612 3236 is
1658 3180 1758 3252 qui
1798 3178 1976 3244 dedit,
2010 3177 2121 3232 nisi

470 3279 533 3331 tu
552 3279 722 3347 pacta
733 3279 1015 3330 conventa
1030 3272 1397 3328 transilieris.
1422 3270 1685 3327 Pollicita
1709 3287 1770 3325 es
1786 3273 1983 3325 autem
2002 3272 2057 3324 te
2072 3268 2123 3323 ei

471 3363 839 3419 redditurum
860 3380 993 3419 eum
1011 3362 1109 3434 qui
1123 3362 1295 3417 datus
1314 3359 1633 3426 fuerit,etei
1651 3361 2130 3415 consecraturum

475 3453 547 3509 ad
578 3453 846 3508 divinum
883 3450 1413 3507 ministerium.Sic
1452 3453 1671 3517 autem,
1693 3447 1889 3518 inquit
1921 3450 2127 3517 mater,

473 3558 579 3614 ego
598 3546 656 3598 et
677 3546 811 3613 Opto
834 3546 889 3596 et
910 3540 1057 3595 volo.
1078 3539 1358 3594 Existimo
1380 3538 1533 3593 enim
1558 3538 1644 3591 vel
1682 3534 2128 3608 imperfectissi-

480 3648 644 3687 mum
678 3632 879 3687 fretum
912 3646 1041 3687 esse
1073 3628 1260 3701 magis
1293 3628 1702 3700 expetendum,
1736 3642 1911 3698 quam
1948 3642 1981 3680 a
2011 3625 2127 3681 Deo

470 3720 723 3776 alienam
756 3719 861 3775 ﬁlii
893 3718 1321 3776 educationem.
1354 3718 1498 3773 Cum
1535 3717 1733 3788 itaque
1781 3731 1994 3787 aquam
2028 3731 2127 3770 ac-

466 3809 723 3883 cepisset
753 3814 810 3867 et
840 3808 1239 3865 benedixisset
1267 3826 1278 3862 :
1310 3807 1448 3863 Bibe
1479 3823 1637 3879 ergo,
1673 3805 1869 3877 inquit
1899 3805 1989 3860 vir
2044 3803 2126 3859 di-

470 3898 665 3965 vinus,
694 3900 845 3955 hanc
877 3916 1120 3971 aquam,
1152 3903 1209 3953 et
1239 3897 1454 3954 senties
1503 3895 1767 3953 divinum
1815 3893 2123 3958 auxilium.

466 3989 623 4044 Bibit
656 3989 852 4060 itaque
887 3993 951 4042 ut
975 3989 1265 4059 jusserat,
1296 3992 1352 4041 et
1382 3984 1703 4041 abortionis
1736 3983 1939 4056 effugit
1970 3982 2125 4053 peri-

467 4077 651 4133 culm.
684 4081 819 4134 Haec
849 4080 988 4131 sunt
1019 4076 1205 4132 nostri
1230 4075 1421 4131 ΕΠεωὶ
1452 4072 1754 4129 miracula.

538 4270 657 4341 Ego
682 4269 810 4339 ejus
836 4268 1302 4325 benedictionem
1327 4272 1383 4324 et
1405 4267 1730 4325 doctrinam
1753 4284 1904 4340 saepe
1926 4284 2119 4340 perce-

468 4359 550 4432 pi.
584 4364 674 4415 Me
698 4358 854 4413 enim
891 4358 1235 4427 adhortans,
1266 4376 1421 4431 scepe
1452 4360 1713 4415 dicebat:
1746 4359 1930 4415 Natus
1977 4376 2058 4428 es,
2090 4377 2121 4414 ο

464 4448 572 4515 ﬁli,
615 4464 749 4503 cum
786 4447 1332 4517 multislaboribus;
1362 4447 1579 4503 multas
1597 4452 1989 4504 noctesDeum
2014 4448 2121 4504 hoc

464 4536 660 4593 solum
694 4541 975 4609 perpetuo
1010 4538 1229 4610 rogavi,
1279 4543 1342 4593 ut
1370 4538 1454 4592 tui
1486 4542 1755 4610 parentes
1779 4536 1887 4593 hoc
1916 4538 2121 4593 ﬁerent

468 4627 625 4699 quod
650 4631 707 4683 te
731 4632 864 4682 nato
885 4634 1022 4683 sunt
1044 4628 1352 4684 nominati.
1375 4628 1512 4684 Vide
1533 4642 1672 4700 ergo
1690 4633 1754 4683 ut
1774 4627 1952 4683 vitam
1978 4644 2118 4700 agas

467 4717 704 4790 dignam
725 4717 1617 4790 laboribus,utquia,antequam
1636 4720 2117 4790 nascereris,pro-

483 4805 689 4862 missis
725 4806 909 4863 fueris
934 4808 1254 4863 dedicatus.
1275 4810 1407 4873 Qum
1430 4812 1570 4863 sunt
1590 4813 1785 4863 autem
1816 4813 1928 4864 Deo
1954 4807 2121 4863 dedi-

473 4901 623 4965 cata,
650 4900 790 4952 sunt
810 4896 1091 4953 omnibus
1121 4898 1473 4963 veneranda,
1496 4902 1553 4953 et
1575 4914 1701 4969 qum
1739 4897 1911 4970 vulgo
1945 4897 2119 4953 mini-

467 5001 560 5041 me
593 4989 732 5042 sunt
757 4987 1206 5042 contrectanda.
1232 4986 1508 5043 Convenit
1538 5002 1672 5057 ergo
1706 4994 1766 5041 ut
1798 4996 1853 5041 tu
1886 5004 2121 5058 quoque

467 5074 652 5131 malos
686 5074 868 5131 animi
894 5080 1089 5130 mutus
1112 5092 1224 5130 non
1249 5075 1525 5131 admittas
1551 5075 1681 5142 ;illa
1702 5081 1894 5132 autem
1920 5076 2045 5133 sola
2066 5084 2121 5133 et

467 5164 650 5220 facias
672 5169 728 5219 et
749 5164 967 5237 cogites
989 5181 1113 5236 qua:
1136 5164 1319 5219 Deum
1350 5164 1582 5236 placant
1614 5166 1847 5220 virtutis
1887 5165 2118 5237 legisla-

467 5254 819 5309 toremJlrec
844 5254 983 5309 mihi
1012 5258 1290 5326 perpetuo
1314 5254 1599 5309 suadebat
1619 5254 1705 5309 vir
1726 5254 1989 5322 divinus;
2013 5270 2118 5326 ego

468 5346 667 5397 autem
696 5346 754 5398 et
784 5358 981 5399 eorum
1015 5360 1141 5415 quae
1167 5342 1311 5398 mihi
1343 5342 1486 5397 dixit
1510 5344 1770 5412 memini,
1804 5351 1858 5399 et
1898 5345 2115 5400 donum

468 5430 733 5487 divinum
766 5448 898 5487 sum
930 5432 1192 5489 edoctus.
1228 5432 1371 5488 Cum
1405 5436 1597 5488 autem
1648 5450 1762 5488 non
1812 5436 2115 5490 ostendam

468 5519 640 5576 factis
671 5536 737 5576 ea
767 5537 893 5591 quae
928 5520 1073 5575 mihi
1105 5520 1313 5589 suasit,
1339 5536 1477 5593 rogo
1508 5524 1573 5575 ut
1599 5538 1699 5593 per
1727 5521 1884 5577 illius
1917 5539 2117 5594 preces

465 5610 730 5666 divinum
765 5626 1096 5683 consequar
1125 5612 1495 5681 auxilium,et
1526 5614 1682 5685 quod
1716 5618 1805 5670 est
1834 5614 1962 5670 vitae
1990 5616 2119 5671 reli~

469 5720 677 5777 quum,
694 5720 861 5777 agam
884 5719 955 5762 ex
972 5702 1133 5761 illius
1151 5705 1690 5777 praeceptisQualis
1713 5722 1850 5780 ergo
1872 5708 1969 5766 ille
1992 5711 2114 5769 fue-

2242 1960 2429 2017 chena
2444 1962 2881 2034 resplenduisse
2894 1965 3153 2035 plielatis
3168 1968 3221 2020 et
3235 1981 3380 2019 vera:
3400 1964 3697 2035 religionis
3712 1963 3890 2019 lumi-

2242 2066 2316 2103 na
2346 2066 2627 2123 magnum
2661 2052 2963 2118 Severum,
2985 2058 3041 2108 et
3070 2057 3305 2109 Petrum
3328 2054 3688 2125 Egyptium,
3722 2054 3892 2125 Euty-

2239 2139 2410 2207 chen,
2442 2146 2499 2196 et
2529 2140 2829 2213 Cyrillum,
2863 2148 2919 2196 et
2948 2143 3229 2215 Moysem,
3262 2148 3320 2199 et
3348 2142 3639 2198 Malchum
3672 2142 3809 2214 (43),
3834 2147 3894 2198 et

2240 2227 2385 2284 alios
2418 2245 2652 2301 quoque
2682 2229 2968 2303 plurimos
2998 2232 3202 2287 eadem
3225 2232 3318 2288 via
3348 2248 3473 2288 esse
3493 2230 3892 2302 8821118168-

2239 2335 2352 2374 sos.
2377 2320 2482 2374 Sed
2508 2320 2557 2374 si
2584 2336 2677 2375 res
2700 2320 2771 2375 ab
2795 2320 3073 2376 omnibus
3097 2321 3155 2376 in
3178 2320 3292 2376 vita
3314 2326 3511 2393 gestas
3544 2337 3894 2377 conaremur

2238 2408 2513 2478 scribere,
2546 2414 2732 2464 totum
2758 2416 2991 2481 tempus
3013 2410 3181 2466 nobis
3203 2426 3317 2465 non
3345 2410 3638 2466 suffecerit
3663 2428 3675 2465 :
3704 2411 3893 2466 maxi-

2239 2514 2331 2552 me
2361 2514 2495 2552 cum
2518 2498 2691 2553 etiam
2718 2498 2921 2553 multis
2944 2498 3368 2571 permultorum
3387 2499 3556 2555 lectio
3575 2500 3776 2556 afferat
3792 2517 3892 2556 sa-

2236 2587 2520 2642 tietatem.
2543 2588 2624 2642 Ex
2644 2587 2717 2644 iis
2738 2604 2873 2661 ergo
2898 2589 2997 2659 qui
3021 2588 3221 2660 scripti
3246 2593 3404 2655 sunt,
3423 2589 3494 2644 de
3514 2605 3713 2645 eorum
3740 2605 3890 2659 quo-

2238 2676 2463 2746 quequi
2488 2682 2626 2731 sunt
2644 2678 3020 2749 prastermissi
3044 2679 3567 2749 vitaconjecturam
3584 2678 3888 2745 facientes,

2237 2770 2669 2837 prosequantur
2697 2766 2971 2823 laudibus
3000 2772 3058 2822 et
3106 2766 3431 2835 imitentur,
3464 2772 3522 2822 et
3565 2766 3881 2822 utilitatem

2237 2854 2709 2927 percipiant.Ego
2742 2861 2936 2911 autem
2969 2857 3231 2913 transibo
3256 2858 3325 2913 ad
3350 2860 3519 2929 prata
3539 2856 3757 2928 Cyri,et
3787 2872 3883 2912 eo-

2235 2960 2365 2998 rum
2392 2945 2491 3015 qui
2514 2943 2572 2998 in
2598 2944 2682 3000 eis
2705 2945 3341 3017 fueruntfragrantium
3366 2947 3885 3018 speciosorumque

2236 3032 2466 3101 ﬂorum,
2501 3050 2675 3106 quam
2709 3034 2963 3090 maxime
3006 3039 3232 3107 potero,
3263 3035 3571 3091 ostendam
3623 3034 3883 3104 pulchri-

2232 3122 2519 3183 tudinem.

2156 3222 2197 3289 α
2307 3211 2438 3265 Fuit
2469 3210 2709 3284 quidam
2732 3218 3058 3285 Maasymas,
3083 3212 3142 3267 in
3173 3212 3246 3268 iis
3278 3228 3404 3283 qua
3436 3228 3545 3267 nos
3572 3226 3890 3283 praecesse-

2240 3305 2379 3355 runt
2400 3300 2786 3372 temporibus,
2809 3317 2946 3357 voce
2969 3302 3202 3373 quidem
3226 3302 3426 3373 Syrus,
3445 3304 3499 3356 et
3523 3300 3644 3354 ruri
3671 3300 3889 3355 educa-

2238 3393 2355 3457 tus,
2388 3395 2444 3444 et
2476 3390 2575 3461 qui
2606 3390 2837 3446 virtutis
2869 3406 3039 3446 omne
3084 3406 3269 3464 genus
3298 3390 3573 3446 ostendit.
3608 3390 3749 3445 Cum
3784 3406 3888 3445 au-

2237 3484 2355 3535 tem
2379 3478 2689 3537 claruisset
2715 3483 2772 3535 in
2797 3498 2863 3537 ea
2885 3498 3011 3553 quae
3036 3490 3122 3537 est
3144 3497 3247 3554 per
3260 3497 3321 3537 se
3344 3481 3481 3551 vita,
3501 3480 3551 3536 ei
3576 3480 3886 3552 cujusdam

2236 3568 2345 3625 vici
2396 3586 2536 3625 cura
2587 3572 2700 3625 fuit
2741 3571 2978 3627 credita.
3026 3571 3373 3627 Sacriﬁcans
3428 3575 3645 3639 autem,
3681 3575 3737 3626 et
3785 3569 3887 3624 Dei

2234 3674 2368 3715 oves
2402 3676 2669 3731 pascens,
2702 3660 2805 3715 illa
2852 3665 2907 3716 et
2954 3660 3183 3717 dicebat
3231 3665 3288 3717 et
3330 3660 3583 3716 faciebat
3636 3676 3763 3731 quae
3795 3658 3887 3714 lex

2226 3748 2411 3817 jussit
2442 3748 2655 3803 divina.
2679 3749 2860 3805 Aiunt
2885 3754 3081 3806 autem
3104 3766 3240 3805 eum
3262 3766 3451 3821 neque
3473 3750 3757 3816 tunicam,
3781 3765 3884 3804 ne-

2234 3853 2345 3908 que
2360 3837 2612 3893 cilicium
2631 3855 2782 3911 saepe
2798 3844 3086 3908 mutasse,
3103 3840 3202 3896 sed
3219 3839 3433 3912 iisquae
3458 3839 3516 3894 in
3540 3839 3623 3894 eis
3664 3837 3885 3899 ﬁebant

2232 3926 2496 3997 rupturis
2540 3925 2765 3997 aliquot
2786 3944 3010 3998 pannos
3060 3928 3419 3998 consuendo,
3442 3928 3725 3983 senectuti
3772 3925 3882 3981 hoc

2232 4014 2403 4069 modo
2430 4016 2753 4072 remedium
2790 4017 3083 4075 attulisse.
3105 4017 3421 4090 Hospitum
3445 4021 3641 4071 autem
3666 4020 3723 4071 et
3744 4030 3882 4087 pau-

2230 4118 2436 4173 perum
2458 4108 2576 4159 tam
2605 4105 2781 4161 alacri
2809 4107 3007 4163 animo
3032 4124 3233 4163 curam
3250 4106 3883 4179 gerebat,utpateface-

2230 4194 2314 4245 ret
2330 4195 2525 4262 portas
2538 4192 2815 4250 omnibus
2830 4194 2930 4267 qui
2950 4196 3209 4251 aderant.
3232 4194 3452 4249 Dicitur
3468 4193 3624 4249 enim
3645 4192 3881 4249 habuis-

2229 4296 2291 4335 se
2323 4284 2439 4338 duo
2472 4282 2649 4351 dolia,
2674 4301 2858 4339 unum
2884 4286 3123 4356 quidem
3150 4283 3450 4353 frumenti,
3474 4282 3727 4339 alterum
3748 4299 3885 4339 vero

2227 4369 2338 4425 olei
2365 4387 2378 4425 :
2413 4387 2479 4426 ex
2511 4371 2603 4428 his
2632 4389 2864 4445 semper
2893 4374 3128 4445 quidem
3162 4372 3577 4446 suppeditabat
3610 4372 3885 4428 omnibus

2226 4462 2558 4532 egentibus;
2593 4462 2846 4519 habebat
2879 4468 3071 4519 autem
3119 4481 3186 4520 ea
3232 4479 3466 4536 semper
3508 4461 3681 4535 plena
3710 4464 3885 4519 bene-

2227 4549 2480 4607 dictione
2511 4568 2641 4623 que:
2664 4553 2802 4609 data
2816 4557 2904 4608 est
2921 4554 3102 4608 viduas
3124 4553 3593 4623 Sarephtanaz,et
3614 4552 3887 4608 immissa

2229 4638 2419 4695 fuerat
2446 4640 2504 4695 in
2532 4640 2655 4697 haec
2679 4640 2852 4697 dolia.
2871 4641 3001 4713 Ipse
3023 4642 3179 4697 enim
3206 4641 3488 4697 Dominus
3514 4656 3718 4696 omnes
3743 4656 3881 4711 opes

2228 4728 2473 4784 effundit
2504 4730 2561 4785 in
2595 4747 2800 4787 omnes
2831 4747 2929 4788 eos
2960 4732 3060 4802 qui
3089 4732 3288 4803 ipsum
3320 4731 3611 4797 invocant,
3644 4733 3700 4785 et
3730 4730 3883 4785 sicut

2228 4816 2389 4872 illius
2423 4818 2688 4890 hydriam
2721 4823 2777 4874 et
2806 4822 3036 4890 guttum
3062 4818 3248 4889 jussit
3277 4818 3581 4885 scaturire,
3616 4816 3880 4890 praebens

2229 4906 2563 4978 manipulos
2605 4908 2900 4963 seminum
2946 4907 3405 4979 hospitalitatis;
3437 4908 3519 4962 ita
3545 4907 3719 4963 etiam
3746 4905 3880 4961 huic

2226 4995 2349 5049 viro
2381 4996 2716 5052 admirabili
2750 4996 3020 5052 exhibuit
3068 4996 3628 5069 suppeditationem,
3657 5012 3785 5067 qua
3811 5010 3878 5050 ex

2228 5100 2393 5155 aequo
2427 5086 2818 5156 respondebat
2846 5086 2975 5157 ejus
3007 5086 3189 5141 animi
3215 5085 3527 5143 alacritati.

2299 5174 2429 5229 Jam
2472 5190 2607 5230 vero
2636 5175 2705 5229 ad
2770 5174 3031 5230 facienda
3076 5190 3310 5247 quoque
3360 5173 3643 5231 miracula
3672 5190 3706 5229 a
3759 5178 3878 5229 Deo

2230 5263 2638 5319 universorum
2676 5280 2949 5336 magnam
2979 5264 3203 5336 accepit
3219 5266 3487 5337 gratiam.
3514 5264 3744 5320 Faciam
3772 5279 3877 5318 au-

2226 5365 2345 5415 tem
2380 5357 2735 5413 mentionem
2772 5358 2949 5414 unius
2982 5363 3085 5413 aut
3114 5359 3366 5414 duorum
3417 5356 3876 5424 miraculorum;

2228 5449 2455 5521 reliqua
2488 5452 2683 5503 autem
2717 5449 3180 5520 praetermittam,
3214 5454 3277 5505 ut
3308 5452 3411 5521 qui
3442 5464 3747 5521 properem
3779 5463 3879 5503 ve-

2226 5541 2352 5595 nire
2382 5538 2453 5594 ad
2486 5536 2652 5592 alios.

2296 5625 2505 5682 Mulier
2531 5627 2799 5698 quaedam
2821 5630 2877 5683 et
2900 5632 3182 5699 genereet
3205 5626 3757 5697 fideornata,filium
3774 5625 3877 5697 qui

2225 5715 2513 5775 ceciderat
2533 5715 2593 5771 in
2616 5716 2834 5775 malam
2856 5716 3250 5774 valetudinem
3278 5718 3428 5789 (erat
3449 5720 3644 5774 autem
3668 5716 3874 5774 admo-
