4180 6338
272 375 344 430 73
1420 375 1539 428 ΡΗῙ
1548 373 1893 439 LOTHEUS,
1935 389 1950 428 ε

2098 376 2195 427 ΤΗ
2206 377 2569 436 EOPHILES.
3631 378 3704 433 74

274 504 639 557 dumtenera
668 498 1057 555 aatatemultis
1084 497 1940 555 obtulitmedicis.Arteautem
1969 500 2024 567 Α
2057 516 2296 557 manum
2332 505 2662 578 porrigens,
2698 505 3021 579 accipiebat
3064 506 3119 561 id
3174 506 3323 578 quod
3360 503 3710 561 atterebatur

275 594 577 663 superata,
612 606 750 644 cum
783 593 841 645 et
873 588 1087 643 medici
1122 590 1558 659 desperassent,
1588 592 1646 643 et
1695 604 1945 660 puerum

276 698 412 740 eese
441 681 799 736 moriturum
831 683 1031 750 aperte
1053 678 1487 745 dixissent,non
1504 678 1946 749 abjeeitmulier

278 787 447 842 spem
464 770 791 833 meliorem,
827 769 928 824 sed
946 768 1107 823 illam
1127 767 1947 835 imitataSunamitidem,mu-

281 860 359 915 lis
392 860 647 931 imponit
668 873 987 913 cameram.
1030 858 1175 913 Cum
1208 857 1267 911 in
1300 872 1367 912 ea
1399 862 1596 912 autem
1629 874 1690 913 se
1722 863 1778 913 et
1801 874 1945 929 pue-

284 969 418 1007 rum
463 950 873 1023 imposuisset,
908 949 1175 1020 pervenit
1229 950 1298 1004 ad
1335 949 1527 1003 virum
1574 949 1743 1004 illum
1796 948 1945 1003 divi-

283 1058 431 1096 num
468 1058 481 1095 :
514 1040 851 1095 lamentans
882 1043 1170 1103 autem,et
1201 1043 1423 1093 naturas
1448 1039 1761 1093 ostendens
1788 1038 1949 1093 affec-

279 1128 762 1197 tionem,rogavit
776 1136 835 1182 ut
853 1128 1029 1181 ferret
1050 1126 1418 1182 auxiliusz
1433 1131 1625 1181 autem
1648 1143 1783 1180 cum
1806 1142 1949 1196 pue-

288 1235 430 1274 rum
459 1218 739 1272 manibus
768 1215 1111 1286 accepisset,
1144 1221 1202 1269 et
1240 1232 1351 1269 arae
1410 1214 1537 1271 basi
1569 1216 1945 1281 admovisset,

282 1308 526 1379 jacebat
556 1322 801 1378 pronus,
835 1304 1167 1359 animarum
1192 1309 1247 1359 et
1277 1321 1551 1375 coporum
1577 1320 1788 1375 rogans
1822 1319 1946 1358 me-

283 1398 491 1453 dicum
521 1414 537 1462 ;
568 1400 623 1449 et
655 1398 890 1465 accepta
921 1392 1200 1463 petitione
1230 1394 1485 1449 reddidit
1504 1393 1786 1448 valentem
1825 1410 1949 1447 ma-

288 1488 364 1543 tri
398 1486 616 1541 tilium.
653 1486 767 1556 Ego
800 1489 996 1539 autem
1039 1484 1096 1537 id
1129 1483 1324 1539 audivi
1357 1486 1427 1539 ab
1455 1502 1522 1539 ea
1553 1501 1682 1555 quas
1715 1484 1824 1538 hoc
1853 1484 1946 1537 vi-

283 1578 373 1632 dit
406 1575 787 1644 miraculum,
819 1580 877 1629 et
906 1574 1074 1645 pueri
1107 1575 1331 1646 accepit
1364 1574 1633 1629 salutem.

356 1666 537 1719 Aiunt
565 1669 761 1719 autem
796 1663 957 1717 illius
1012 1678 1247 1733 quoque
1307 1662 1417 1717 vici
1451 1662 1759 1717 dominum
1814 1678 1947 1716 cum

284 1755 548 1811 venisset
577 1754 655 1824 (is
687 1758 883 1808 autem
914 1760 1040 1807 erat
1076 1751 1790 1822 Latoius,quiAntiocheni
1823 1754 1948 1821 qui-

288 1846 423 1900 dem
456 1848 702 1898 senatus
734 1842 956 1912 primas
991 1845 1184 1911 partes
1207 1842 1460 1906 tenebat,
1488 1840 1807 1912 impietatis
1840 1860 1947 1897 au-
1980 1877 2026 1941 B

280 1940 401 1988 tem
450 1933 764 1989 tenebatur
820 1930 1115 2001 caligine),
1152 1935 1209 1985 et
1253 1931 1480 1985 fructus
1526 1931 1720 1985 acrius
1769 1948 1947 2001 quam

282 2023 596 2095 oportebat
625 2021 879 2091 exigeret
911 2020 981 2073 ab
1016 2019 1314 2090 agricolis,
1349 2018 1612 2073 divinum
1645 2020 1811 2075 illum
1844 2021 1949 2073 ho-

283 2114 508 2168 minem
544 2110 921 2167 clemeutiam
957 2108 1040 2163 illi
1086 2109 1479 2173 consuluisse,
1514 2115 1570 2164 et
1599 2110 1669 2165 de
1708 2112 1944 2165 miseri-

278 2204 485 2259 cordia
542 2202 697 2271 apud
734 2216 867 2255 eum
922 2200 1100 2254 verba
1158 2199 1724 2255 fecissezmansisse
1747 2207 1945 2257 autem

282 2293 342 2346 ill
355 2308 451 2346 um
478 2288 1487 2358 inexorahilem,experientiaautem
1504 2290 1843 2360 cognovisse
1857 2307 1919 2344 se
1933 2320 1949 2331 -

282 2385 493 2434 cutum
527 2380 771 2433 damum
804 2394 871 2431 ex
901 2392 967 2431 eo
1002 2376 1155 2447 quod
1191 2392 1303 2431 non
1329 2377 1756 2448 paruerit.Cum
1790 2379 1946 2433 enim

281 2484 421 2522 eum
463 2467 626 2523 abire
660 2470 973 2537 oporteret,
1006 2469 1061 2519 et
1084 2481 1292 2519 currus
1314 2470 1469 2520 esset
1488 2471 1747 2537 paratus,
1777 2472 1831 2522 et
1857 2484 1945 2523 se-

284 2558 436 2612 dens
468 2556 688 2625 aurigas
717 2554 1001 2624 jussisset
1031 2558 1094 2607 ut
1127 2553 1320 2608 mulas
1341 2554 1612 2609 incitaret
1639 2573 1651 2621 ;
1686 2555 1799 2609 llltB
1819 2557 1948 2627 qui-

277 2648 419 2701 dem
434 2632 897 2699 trahebanttotis
917 2642 1445 2714 viribus,urgentes
1465 2651 1521 2699 et
1540 2650 1831 2701 temonem
1852 2663 1945 2700 as—

280 2740 521 2807 portare
556 2734 906 2788 molientes:
944 2731 1081 2786 visaa
1110 2739 1251 2787 sunt
1295 2739 1491 2788 autem
1539 2738 1674 2789 τοίω
1710 2738 1858 2791 ferro
1890 2741 1948 2790 et

280 2822 533 2894 plumbo
584 2820 854 2891 alligatae.
901 2822 1043 2875 Cum
1096 2826 1288 2874 autem
1333 2823 1663 2892 agrestium
1711 2839 1946 2894 quoque

294 2910 621 2965 multitudo
654 2915 813 2963 rotas
848 2924 1083 2962 movens
1125 2910 1390 2964 vectibus
1434 2911 1576 2964 nihil
1617 2914 1943 2981 proficeret,

295 3000 547 3073 quidam
576 3016 647 3052 ex
678 2998 882 3053 amicis
913 2998 1013 3068 qui
1048 2998 1246 3054 Latoio
1278 2998 1596 3070 assidebat,
1620 3002 1671 3056 ei
1704 3018 1943 3057 causam

280 3089 610 3160 signiﬁcat,
643 3088 844 3142 dicens
892 3088 1255 3142 sacerdotem
1290 3104 1489 3143 senem
1520 3106 1653 3145 eum
1686 3107 1813 3146 esse
1845 3109 1943 3147 ex-

280 3182 613 3243 secratum,
650 3183 706 3231 et
737 3176 892 3247 quod
926 3181 1151 3247 oportet
1182 3193 1316 3231 eum
1348 3176 1580 3247 placare
1610 3185 1666 3233 et
1698 3180 1944 3235 reddere

2053 592 2827 651 nutrimentum:833lossa
2845 600 3039 650 autem
3056 612 3171 650 non
3190 595 3271 650 ita
3293 595 3709 652 effossat‘uerat

2055 684 2118 734 ut
2147 682 2387 737 omnino
2420 685 2688 739 tenderet
2719 684 2774 739 in
2810 685 3208 751 directum,ne
3240 688 3477 739 essetex
3502 685 3704 739 adver-

2053 786 2115 824 so
2148 787 2349 827 eorum
2382 773 2924 844 quivellentipsum
2948 774 3145 829 videre
3186 774 3283 828 sed
3306 774 3701 845 eratobliqua,

2053 864 2109 913 et
2142 861 2223 914 ita
2253 867 2612 929 constructa,
2648 867 2711 917 ut
2744 869 2899 918 esset
2931 863 3120 917 instar
3149 863 3402 917 incurvae
3436 862 3700 918 linereEi

2054 954 2252 1005 autem
2294 952 2646 1007 efferebatur
2661 953 2982 1019 eihus,lens
2998 969 3149 1023 aqua
3168 952 3699 1008 madef'actazsemel

2055 1044 2247 1095 autem
2278 1042 2334 1095 in
2372 1041 2733 1096 hebdomada
2766 1046 2937 1096 noctu
2963 1041 3290 1111 egrediens,
3317 1041 3701 1097 hauriebatex

2054 1131 2211 1185 fonte
2244 1130 2572 1202 propinquo
2606 1135 2888 1202 quantum
2924 1130 3071 1185 satis
3104 1135 3225 1185 erat
3258 1147 3441 1202 aquis.
3469 1132 3699 1186 Etcum

2057 1218 2374 1290 aliquando
2396 1220 2635 1292 quidam
2654 1225 2854 1291 pastor
2876 1218 3076 1290 procul
3109 1234 3244 1274 oves
3268 1236 3513 1291 pascens
3542 1220 3601 1277 in
3618 1226 3702 1274 te-

2056 1306 2238 1361 tebris
2269 1306 2515 1361 vidisset
2542 1323 2675 1361 eum
2713 1306 2946 1375 moveri,
2981 1311 3035 1361 et
3066 1323 3197 1361 eum
3216 1306 3704 1375 conjecissetesse

2059 1396 2285 1465 lupum,
2321 1397 2443 1451 ibat
2474 1396 2627 1451 enim
2663 1396 3151 1464 incurvus,utqui
3180 1396 3532 1451 multoesset
3556 1398 3705 1452 ferro

2055 1485 2548 1553 gravatus,movit
2583 1486 2824 1540 fundam
2866 1485 3705 1557 tanquamjaculaturuslapi-

2057 1576 2210 1628 dem.
2228 1576 2370 1629 Cum
2397 1580 2592 1629 autem
2609 1576 2735 1643 eius
2752 1574 3148 1645 manuslongo
3164 1578 3425 1645 tempore
3442 1579 3706 1629 maneret

2058 1662 2735 1734 immobilis,ettapidem
2753 1680 2867 1718 non
2901 1667 3099 1733 posset
3125 1663 3391 1725 emittere
3423 1663 3707 1719 donecvir

2056 1752 2156 1806 ille
2185 1752 2417 1807 divinus
2446 1753 2659 1807 hausta
2690 1768 2841 1822 aqua
2874 1769 3142 1808 reversus
3195 1758 3285 1808 est
3310 1754 3492 1808 sensit
3532 1753 3704 1824 igno-

2058 1843 2333 1907 rantiam,
2369 1847 2424 1898 et
2457 1848 2589 1914 post
2612 1859 2880 1897 auroram
2909 1842 3067 1897 venit
3099 1843 3168 1896 ad
3192 1842 3427 1897 virtutis
3455 1859 3696 1914 gymnas

2058 1931 2236 1997 sium,
2272 1936 2327 1985 et
2358 1936 2560 1985 narrat
2590 1932 2744 2002 quod
2784 1931 3097 2001 acciderat,
3126 1936 3183 1986 et
3215 1932 3359 2001 petit
3389 1932 3705 1999 veniam,et

2057 2020 2271 2091 accipit
2288 2020 2495 2075 delecti
2514 2021 2948 2089 remissionem;
2967 2038 3077 2076 non
3096 2021 3297 2077 audita
3310 2037 3448 2076 voce
3463 2021 3704 2092 loquen-

2059 2114 2134 2176 te,
2162 2111 2259 2164 sed
2295 2127 2396 2180 per
2427 2127 2639 2164 manus
2686 2110 2975 2165 motiones
3008 2109 3304 2165 intellecta
3356 2109 3702 2182 placatione.

2128 2199 2375 2261 Quidam
2412 2204 2608 2253 autem
2642 2198 2815 2264 alius,
2852 2215 2997 2253 usus
3032 2199 3290 2269 quodam
3324 2199 3583 2270 maligno
3615 2200 3705 2254 in-

2057 2287 2316 2357 stigandi
2352 2287 2569 2352 studio,
2602 2290 2658 2340 et
2689 2287 2838 2340 scire
2870 2286 3208 2341 desiderans
3242 2286 3381 2357 quid
3402 2291 3525 2341 toto
3557 2290 3705 2341 tem-

2059 2393 2195 2446 pore
2236 2381 2432 2446 ageret
2462 2381 2761 2446 perpetuo,
2795 2392 2977 2429 ausus
3009 2380 3097 2429 est
3138 2376 3528 2430 conscendere
3579 2377 3705 2445 pla-

2057 2472 2287 2528 tanum,
2320 2482 2448 2535 quae
2479 2464 2591 2518 sita
2622 2469 2745 2519 erat
2796 2464 2961 2533 juxta
2994 2464 3257 2530 fossam;
3293 2464 3393 2517 sed
3444 2464 3706 2535 percepit

2061 2553 2221 2609 illico
2264 2556 2491 2608 fructus
2524 2569 2641 2607 suae
2674 2552 2953 2607 audaciae.
2979 2552 3172 2607 Media
3202 2552 3354 2607 enim
3377 2557 3540 2623 parte
3573 2569 3700 2607 cor-

2056 2641 2215 2710 poris
2238 2655 2422 2709 usque
2444 2641 2514 2693 ad
2551 2640 2727 2709 pedes
2758 2640 3361 2711 exsiccatus,supplex
3377 2644 3700 2706 erat,suum

2056 2734 2357 2800 peccatum
2392 2728 2811 2783 accusansl’le
2856 2744 3012 2795 vero,
3042 2734 3202 2783 secta
3250 2728 3504 2799 platano,
3539 2728 3703 2800 prius

2054 2817 2407 2888 significavit
2436 2819 2694 2872 futuram
2722 2817 3149 2873 sanitatem.Ne
3184 2818 3339 2872 enim
3375 2818 3528 2873 alius
3554 2834 3705 2889 quo-

2055 2924 2169 2979 que
2195 2924 2330 2961 cum
2363 2906 2579 2961 similia
2602 2906 2853 2970 fecisset,
2889 2924 3088 2977 pcnnas
3111 2907 3298 2962 lueret
3328 2906 3576 2975 similes,
3611 2924 3702 2962 ar-

2056 2998 2255 3051 borem
2286 2996 2470 3065 jussit
2502 2996 2785 3063 exscindi;
2811 2996 3243 3051 arborisautem
3269 2997 3585 3051 sectionem
3606 3013 3702 3051 se-

2052 3092 2188 3141 cuta
2217 3090 2307 3140 est
2338 3086 2516 3139 etiam
2550 3084 2767 3139 ablatio
2797 3084 3094 3156 supplicii.
3125 3087 3313 3140 Tanta
3336 3085 3572 3156 quidem
3594 3087 3708 3140 for-

2050 3174 2303 3229 titudine
2334 3179 2390 3229 et
2420 3173 2733 3228 tolerantia
2780 3190 2921 3228 usus
2952 3178 3041 3228 est
3081 3174 3175 3229 hic
3206 3175 3292 3228 vir
3322 3175 3599 3229 divinus:
3634 3176 3706 3230 ab

290 3265 666 3322 benevolum.
704 3264 781 3319 De
813 3280 987 3319 curru
1014 3265 1207 3335 itaque
1239 3264 1537 3332 exsiliens,
1570 3267 1621 3321 ei
1656 3268 1763 3323 fuit
1794 3286 1939 3339 sup-
1971 3249 2013 3315 (ἶ
2054 3264 2405 3333 agonothela
2436 3268 2629 3317 autem
2659 3266 2886 3317 tantam
2917 3264 3141 3334 accepit
3179 3264 3451 3333 gratiam.

285 3360 423 3429 plex
458 3372 629 3427 quem
666 3354 829 3425 prius
863 3360 1199 3426 respueret;
1233 3359 1290 3410 et
1319 3357 1389 3409 ad
1433 3358 1561 3427 ejus
1593 3360 1768 3429 pedes
1812 3377 1937 3430 pro-

286 3446 555 3513 volutus,
590 3450 648 3498 et
678 3444 948 3499 sordidos
996 3460 1223 3515 pannos
1283 3446 1665 3516 amplectens,
1700 3451 1941 3521 rogabat

282 3540 350 3589 ut
384 3535 537 3589 iram
582 3538 998 3604 compesceret.
1034 3533 1088 3587 Is
1119 3538 1317 3589 autem
1362 3551 1494 3590 cum
1530 3553 1729 3607 preces
1774 3556 1939 3594 acce-

281 3624 497 3695 pisset,
531 3627 589 3677 et
618 3638 716 3677 eas
752 3621 995 3677 Domino
1027 3622 1360 3691 obtulisset,
1393 3626 1567 3680 solvit
1592 3628 1824 3681 vincula
1857 3645 1945 3682 ro-

278 3719 483 3767 tarum
515 3728 644 3782 qua:
676 3711 786 3765 sub
817 3711 1007 3766 visum
1042 3727 1155 3765 non
1198 3713 1507 3781 cadebant,
1539 3720 1595 3769 et
1638 3716 1831 3771 effecit
1880 3702 1944 3769 ut

287 3801 448 3858 sicut
480 3800 707 3855 solebat
740 3801 1047 3855 veheretur
1078 3800 1433 3856 vehiculum.

367 3892 541 3946 Porro
575 3895 769 3945 autem
804 3889 992 3945 multa
1044 3907 1277 3961 quoque
1300 3890 1415 3947 alia
1436 3892 1777 3964 hujusmodi
1810 3914 1943 3951 nar-

290 3986 429 4036 rant
475 3981 547 4035 de
604 3979 800 4034 divino
833 3978 933 4034 illo
976 3982 1183 4049 capite.
1238 3986 1437 4036 Potest
1486 3990 1679 4039 autem
1734 4002 1805 4041 ex
1855 3987 1945 4042 his

292 4085 533 4141 quoque
566 4067 835 4139 intelligi,
870 4068 1024 4139 quod
1057 4068 1127 4123 iis
1159 4067 1261 4140 qui
1291 4068 1494 4125 volunt
1524 4072 1945 4146 philosophari.

292 4158 447 4213 nihil
481 4156 819 4211 detrimenti
875 4157 1077 4211 afferat
1110 4174 1272 4212 mora
1302 4174 1428 4228 qua:
1462 4160 1715 4216 trahitur
1755 4164 1813 4217 in
1848 4181 1950 4234 op-

293 4246 456 4319 pidis
488 4251 547 4300 et
575 4244 740 4300 vicis.
767 4244 1037 4300 Ostendit
1066 4245 1221 4300 enim
1254 4245 1368 4314 hic,
1404 4252 1459 4302 et
1484 4248 1585 4319 qui
1623 4250 1758 4305 huic
1782 4253 1951 4306 simi-

292 4337 380 4389 les
414 4333 512 4388 Dei
547 4332 789 4387 culturas
822 4349 1021 4387 curam
1052 4340 1282 4404 gerunt,
1317 4336 1470 4404 quod
1496 4340 1671 4392 etiam
1695 4341 1792 4409 qui
1828 4357 1951 4395 ver-

293 4429 509 4480 santur
539 4423 600 4477 in
636 4422 827 4478 medio
869 4422 1176 4478 hominum
1218 4424 1619 4494 multitudiue,
1654 4430 1955 4499 pervenire

299 4512 626 4586 possintad
660 4512 855 4582 ipsum
884 4512 1170 4567 virtutum
1206 4513 1528 4585 fastigium.

2120 3356 2264 3408 Cum
2299 3358 2496 3406 autem
2531 3368 2593 3405 se
2623 3351 2837 3407 abhinc
2866 3352 3242 3423 migrandum
3280 3358 3531 3425 pararet,
3554 3370 3701 3424 prte-

2050 3442 2195 3497 dixit
2227 3442 2380 3512 quod
2410 3446 2541 3512 post
2572 3441 3003 3511 quinquaginta
3023 3443 3149 3498 dies
3180 3444 3304 3497 vitae
3338 3444 3513 3497 finem
3545 3448 3703 3499 esset

2050 3537 2402 3601 accepturus
2437 3550 2451 3597 ;
2486 3530 2711 3601 excepit
2744 3535 2935 3584 autem
2967 3546 3169 3586 omnes
3202 3531 3292 3601 qvi
3323 3530 3539 3586 vellent
3559 3547 3694 3587 eum

2050 3620 2434 3675 videre.Cum
2469 3623 2665 3673 autem
2698 3618 2957 3674 ecclesia:
2990 3636 3224 3691 quoque
3256 3621 3507 3675 venisset
3538 3622 3695 3675 anti-

2054 3713 2194 3775 stes,
2228 3724 2361 3762 eum
2377 3708 2615 3778 quidem
2639 3708 2962 3777 urgebatut
2982 3712 3194 3779 jugum
3221 3710 3505 3780 acciperet
3537 3726 3695 3780 pres-

2055 3797 2261 3869 byterii
2290 3813 2302 3851 :
2337 3795 2499 3863 Novi,
2534 3795 2755 3861 dicens,
2788 3813 2819 3851 ο
2852 3803 3037 3867 pater,
3072 3802 3129 3852 et
3162 3804 3271 3852 tute
3306 3799 3693 3869 philosophiae

2054 3886 2754 3955 altitudinem,etquanta
2783 3885 2859 3939 sit
2884 3901 3011 3940 mea
3043 3891 3355 3957 paupertas
3388 3906 3402 3954 ;
3436 3888 3535 3941 sed
3560 3903 3695 3942 cum

2058 3974 2181 4030 nihi
2216 3974 2294 4029 sit
2324 3973 2541 4029 credita
2593 3974 2971 4043 pontificatus
3002 3976 3462 4042 administratio,
3494 3993 3562 4031 ex
3592 3976 3702 4029 hac

2058 4082 2172 4120 non
2206 4080 2273 4118 ex
2304 4061 2403 4117 illa
2433 4062 2638 4117 ordino
2669 4079 2881 4118 manus
2922 4064 3249 4135 imponens.
3285 4066 3496 4135 Accipe
3544 4080 3703 4135 ergo,

2058 4152 2497 4223 inquit,donum
2515 4152 2983 4220 sacerdotii,mea
3002 4154 3235 4224 quidem
3268 4155 3505 4209 dextera
3536 4154 3711 4209 mini-

2063 4248 2305 4309 strante,
2331 4241 2695 4297 sanctissimi
2728 4248 2923 4297 autem
2948 4244 3199 4314 Spiritus
3221 4246 3410 4317 gratia
3434 4245 3711 4316 suppedi-

2064 4334 2241 4387 tante.
2275 4329 2357 4383 Ad
2392 4329 2511 4383 haec
2532 4329 2717 4383 fertur
2738 4329 2955 4385 dixisse
2977 4333 3181 4402 paucis
3200 4338 3329 4405 post
3350 4333 3557 4388 diebus
3578 4333 3715 4387 hinc

2067 4420 2428 4491 migraturus
2466 4434 2478 4473 :
2514 4418 2594 4473 De
2625 4418 2739 4489 bis,
2771 4419 2985 4490 inquit,
3022 4421 3266 4476 minime
3294 4422 3636 4489 decertabo;
3665 4421 3716 4475 si

2067 4510 2222 4564 enim
2249 4524 2439 4563 essem
2466 4507 2689 4561 diutius
2719 4509 3004 4574 victurus,
3030 4511 3269 4567 omnino
3301 4512 3580 4582 fugissem
3607 4511 3715 4567 hoc

374 4602 563 4673 Cujus
627 4616 733 4671 ego
767 4600 990 4655 utinam
1051 4601 1121 4655 ad
1175 4601 1429 4674 aliquam
1479 4603 1688 4661 saltem
1739 4614 1961 4678 partem
1995 4619 2040 4684 D
2075 4614 2248 4671 grave
2279 4601 2335 4651 et
2357 4595 3129 4666 terribileonussacerdotii,
3153 4600 3572 4670 pertimescens
3596 4602 3720 4655 red-

302 4692 581 4764 exiguam
616 4688 915 4760 sustollar,
949 4707 1153 4745 eorum
1186 4693 1425 4762 adjutus
1458 4695 1750 4765 precibus.

939 4815 1173 4871 CAPUT
1204 4820 1328 4872 XV.

878 4930 1225 4971 ACCEPSIMLS
1254 4917 1392 4988 (44).

381 5031 728 5102 Aeepsimas
761 5029 871 5085 fuit
899 5030 1103 5085 eodem
1135 5036 1420 5104 tempore,
1463 5035 1633 5106 cujus
1667 5037 1822 5094 fama
1851 5038 1966 5096 late

310 5138 525 5192 sparsa
540 5124 631 5175 est
664 5136 765 5190 per
789 5119 1082 5175 Orientem
1104 5121 1407 5193 (Theodor.,
1434 5124 1602 5180 liva
1644 5128 1810 5196 Ih'st.,
1845 5147 1961 5201 cap.

324 5210 504 5281 26).]s
520 5226 655 5265 cum
672 5209 731 5263 in
748 5208 1105 5264 domuncula
1120 5211 1380 5283 seipsum
1419 5212 1783 5287 inclusisset,
1800 5234 1969 5274 sexa—

314 5301 687 5371 gintaannos
702 5299 1203 5370 transegit,neque
1218 5302 1442 5368 videns,
1471 5319 1658 5375 neque
1690 5305 1967 5379 loquens:

315 5391 420 5444 sed
444 5389 501 5444 in
519 5390 783 5461 seipsum
800 5406 1139 5457 conversus,
1155 5396 1209 5446 et
1224 5392 1404 5448 Deum
1421 5394 1639 5450 visione
1655 5399 1975 5469 apprehen-

321 5480 491 5548 dens,
514 5478 928 5535 illincomnem
944 5479 1971 5551 accipiebatconsolationem,conve—

320 5568 560 5624 nienter
590 5568 914 5640 prophetia“:
946 5569 1267 5640 quzedicit:
1304 5572 1593 5629 Delectare
1625 5575 1681 5630 in
1704 5579 1973 5648 Domino,

321 5662 381 5713 et
410 5674 513 5714 ora
546 5672 703 5727 eum,
736 5662 791 5713 et
825 5659 949 5728 ipse
979 5658 1145 5714 dabit
1178 5660 1283 5717 tibi
1318 5662 1624 5734 petitiones
1658 5667 1848 5723 cordis
1890 5669 1975 5724 tui

322 5747 734 5819 (Psal.xxxv1).
753 5748 860 5804 Per
889 5747 1160 5821 exiguam
1184 5756 1379 5808 autem
1412 5756 1730 5825 quamdam
1756 5757 1973 5815 fossam

676 5868 937 5930 PATBOL.
973 5866 1230 5932 LXXIV.

2074 4687 2322 4743 dandam
2348 4685 2597 4756 depositi
2616 4685 2923 4742 rationem.
2958 4688 3243 4751 Quoniam
3276 4694 3468 4746 autem
3503 4690 3721 4745 nonila

2074 4777 2172 4832 diu
2197 4775 2409 4831 abhinc
2443 4775 2817 4845 recedam,iis
2848 4793 2971 4848 quae
2992 4778 3086 4834 hic
3108 4784 3247 4833 sunt
3278 4780 3723 4851 relictis,jussis

2074 4883 2189 4922 non
2224 4866 2443 4920 invitus
2478 4881 2676 4937 pareo.
2708 4866 2915 4922 Statim
2948 4884 3085 4939 ergo
3126 4868 3287 4924 nullo
3319 4870 3590 4940 ducente,
3631 4868 3726 4923 hic

2076 4954 2315 5027 quidem
2348 4953 2586 5008 ﬂectens
2620 4970 2843 5025 genua,
2892 4958 3268 5028 exspectabat
3297 4959 3582 5030 gratiam:
3626 4957 3727 5013 ille

2075 5061 2212 5100 vero
2248 5058 2489 5098 manum
2542 5042 2872 5114 imponens,
2904 5052 3033 5101 erat
3078 5048 3422 5103 administer
3451 5049 3727 5121 Spiritus.

2079 5134 2221 5188 Cum
2256 5138 2477 5199 autem,
2535 5140 2774 5205 accepto
2824 5136 3173 5208 sacerdotio,
3222 5137 3462 5194 vixisset
3512 5156 3731 5211 paucos

2080 5225 2226 5293 dies,
2250 5222 2369 5277 vita
2403 5222 2581 5277 vitam
2616 5224 2885 5296 mutavit,
2930 5226 3198 5297 seniique
3230 5231 3288 5283 et
3332 5244 3483 5284 cura:
3530 5246 3731 5301 exper-

2082 5318 2219 5379 tem,
2243 5329 2345 5383 pro
2370 5312 2487 5366 haec
2515 5329 2640 5383 quae
2667 5313 2869 5369 multis
2898 5316 3056 5371 curis
3080 5320 3170 5370 est
3188 5317 3455 5389 obnoxia,
3490 5321 3735 5391 accepit.

2153 5403 2290 5457 Cum
2322 5401 2539 5457 vellent
2583 5407 2779 5457 autem
2819 5420 3022 5460 omnes
3076 5421 3289 5476 corpus
3324 5424 3547 5479 rapere,
3580 5416 3637 5465 et
3680 5410 3739 5465 in

2086 5493 2282 5549 animo
2316 5492 2597 5547 haberent
2623 5494 3032 5566 unusquisque
3059 5497 3110 5551 in
3133 5497 3320 5555 vicum
3352 5518 3525 5556 suum
3549 5507 3746 5557 trans-

2088 5583 2256 5649 ferre,
2279 5582 2519 5651 quidam
2537 5599 2669 5637 eum
2690 5585 3313 5657 sanetijusjuraudum
3330 5590 3747 5662 significasset.

2088 5672 2331 5729 sustulit
2356 5672 2808 5727 contentionem.
2846 5674 3168 5733 Dixiteuim
3198 5684 3467 5735 sanctum
3501 5679 3750 5745 cumju-

2121 5763 2406 5833 ejurando
2439 5759 2705 5833 adegisse
2738 5766 2802 5819 ut
2835 5780 2967 5820 cum
3004 5766 3059 5822 in
3088 5766 3195 5823 hoc
3219 5766 3344 5824 loco
3378 5769 3631 5823 traderet
3660 5783 3748 5822 se-

3394 5885 3429 5946 3
