4180 6338
416 361 489 416 ’75
1606 353 1702 407 DE
1741 350 1929 403 VITIS
1966 347 2263 400 PATRUM
2302 346 2516 400 LIBER
2555 347 2649 400 1X.
3755 344 3826 402 76

418 485 692 560 pulturze.
723 484 809 541 Ila
837 481 1016 539 etiam
1034 478 1169 549 post
1190 473 1830 549 mortem,frugalitatis
1846 475 1904 529 et
1920 470 2061 528 sim-
2090 471 2147 539 Α
2176 469 2666 544 multiplicabitur
2694 470 2866 560 (Psal.
2898 472 3012 540 XCI)
3037 487 3058 560 :7
3084 473 3141 526 et
3196 469 3376 527 etiam
3433 471 3533 529 alii
3592 488 3823 544 omnes,

419 573 698 647 plicitatis
731 587 931 630 curam
965 565 1417 641 gerebantcives
1449 563 1767 631 caelorum;
1801 567 1857 618 et
1878 576 2069 633 neque

423 680 556 720 cum
573 663 860 731 vivebant,
886 661 941 715 in
970 658 1231 715 animum
1254 671 1513 727 unquam
1535 654 1966 709 induxeruntut
1986 650 2070 706 eis

420 770 515 810 res
564 752 685 808 ulla
732 766 978 822 magnos
1017 746 1259 818 spiritus
1310 746 1550 810 faceret,
1583 752 1635 800 el
1686 741 1903 799 mortui
1955 756 2071 795 non

424 846 566 897 sunt
597 839 847 911 amplexi
882 838 1162 893 honorem
1188 833 1495 890 hominum
1535 833 1671 900 ;sed
1698 836 1880 887 totum
1912 846 2072 884 amo-

424 947 547 986 rem
579 928 1008 987 transtulerunt
1040 926 1097 979 in
1132 940 1449 997 sponsum;
1481 940 1594 978 non
1628 937 1797 978 secus
1816 936 1881 974 ac
1904 917 2073 991 pudi-

426 1038 506 1077 cae
558 1019 855 1083 mulieres,
890 1031 1016 1088 qum
1070 1013 1274 1069 asolis
1324 1012 1677 1084 conjugibus
1735 1010 1977 1065 student
2020 1011 2077 1062 et

419 1108 600 1165 amari
634 1105 964 1173 etlaudari,
998 1103 1204 1159 laudes
1228 1102 1479 1157 aliorum
1513 1102 1975 1156 contemnentes.
2000 1097 2078 1151 Ea

418 1201 491 1255 de
522 1214 698 1254 causa
730 1210 986 1269 sponsus
1010 1209 1109 1249 eos
1132 1191 1305 1247 etiam
1334 1191 1381 1246 si
1416 1189 1622 1257 nolint,
1658 1189 1851 1245 reddit
1890 1186 2078 1242 claros

419 1293 478 1344 et
504 1286 793 1359 insignes,
825 1288 881 1340 et
915 1282 1218 1338 hominum
1252 1279 1438 1353 gloria
1468 1296 1537 1334 ex
1558 1276 1912 1334 redundanti
1936 1292 2078 1348 qua-

420 1378 557 1433 dam
588 1375 757 1448 cepia
794 1371 1076 1445 impertit.
1127 1374 1271 1426 Cum
1332 1368 1489 1423 enim
1542 1367 1675 1438 quis
1733 1366 1931 1421 divina
1962 1381 2084 1436 per.

420 1463 852 1538 sequens,petit
875 1459 1151 1529 ccelestia,
1186 1475 1305 1513 una
1335 1473 1466 1513 cum
1501 1456 1621 1511 illis
1638 1455 1823 1511 multa
1846 1469 2079 1526 quoque

425 1554 543 1610 alia
588 1553 812 1623 adjicit,
867 1548 1283 1620 multiplicatae
1316 1546 1569 1618 largiens
1598 1544 1929 1617 petitiones.
1964 1544 2080 1599 Hoc

428 1643 605 1700 etiam
630 1640 855 1697 dixitin
882 1636 1388 1709 ferendislegibus
1424 1635 1643 1691 :Petite
1676 1649 1919 1705 regnum
1954 1632 2078 1697 Dei,

431 1738 487 1789 et
529 1730 850 1804 justitiam,
886 1732 944 1783 et
996 1732 1204 1782 caetera
1250 1725 1451 1781 omnia
1510 1723 1861 1794 arljicientur
1916 1722 2081 1778 vobis

2175 561 2347 631 cujus
2376 576 2666 625 seorsum,
2700 559 2749 614 si
2778 559 2934 615 Deus
2981 559 3139 630 velit,
3173 560 3385 616 faciam
3431 561 3813 619 mentionem.

2251 658 2309 713 Si
2343 662 2539 714 autem
2572 658 2940 729 agriculturae
2988 657 3199 714 divinae
3246 674 3448 715 curam
3507 675 3737 732 gerens,
3770 665 3827 717 et

2182 747 2413 803 animas
2445 748 2623 803 simul
2677 764 2892 803 curans
2922 751 2979 803 et
3035 764 3299 820 corpora,
3333 765 3570 819 parvam
3622 767 3833 821 passus

2182 836 2695 908 mgritudinem,ut
2724 841 2779 892 et
2810 841 3031 892 naturae
3065 831 3606 895 imbecilitatem'et
3650 840 3835 895 animi

2186 926 2487 981 discamus
2510 925 2941 993 fortitudinem,
2963 925 3088 996 ipse
3113 926 3350 997 quidem
3365 926 3614 983 excessit
3642 943 3674 983 e
3694 927 3833 983 vita.

2254 1015 2395 1070 Acre
2425 1018 2620 1070 autem
2656 1012 2874 1069 bellum
2907 1014 3059 1069 inter
3091 1014 3314 1071 vicinos
3348 1019 3615 1071 exortum
3647 1020 3735 1072 est
3762 1017 3835 1072 de

2188 1120 2451 1175 corpore.
2485 1104 2564 1158 Ex
2594 1102 2863 1159 finitimis
2886 1108 3086 1159 autem
3118 1104 3361 1176 quidam
3396 1105 3691 1177 vicus(46)
3724 1122 3828 1177 po-

2188 1194 2325 1266 pulo
2356 1193 2897 1266 frequentissimus,
2927 1210 3061 1249 eum
3090 1197 3208 1249 toto
3239 1194 3418 1250 simul
3441 1199 3638 1251 coacto
3658 1212 3836 1267 pepu-

2188 1283 2244 1339 lo
2276 1284 2632 1350 advenisset,
2664 1283 2807 1338 alios
2843 1283 3080 1355 quidem
3112 1283 3263 1339 fudit
3284 1299 3349 1339 ac
3373 1284 3617 1355 fugavit,
3650 1285 3836 1340 maxi-

2191 1388 2282 1428 me
2336 1380 2530 1428 autem
2571 1372 2963 1444 expetendum
2995 1372 3166 1427 illum
3198 1373 3396 1446 rapuit
3436 1373 3783 1430 thesaurum
3820 1391 3835 1442 ;

2191 1466 2248 1517 et
2278 1461 2535 1517 maxima
2565 1462 3031 1531 sedejexstructa,
3064 1479 3132 1517 ea
3162 1478 3288 1534 quae
3319 1479 3388 1518 ex
3417 1479 3482 1518 eo
3515 1463 3840 1535 percipitur

2192 1549 2445 1606 utilitate
2499 1550 2776 1605 fruuntur
2804 1550 2862 1605 in
2896 1550 3242 1607 hodiernum
3277 1552 3457 1617 diem,
3489 1551 3724 1624 publico
3772 1568 3839 1607 ac

2193 1640 2406 1696 celebri
2437 1640 2580 1696 festo
2602 1639 2772 1695 illum
2806 1639 3098 1713 insignem
3132 1640 3410 1696 victorem
3460 1641 3837 1705 honorantes,

2264 1734 2382 1785 Nos
2414 1734 2610 1785 autem
2644 1729 2821 1784 etiam
2856 1730 3129 1785 absentes
3178 1730 3436 1786 fruimur
3482 1729 3838 1787 benedictio-

430 1824 579 1893 (Luc.
612 1820 736 1891 XII).
772 1813 843 1874 Et
870 1834 1080 1873 rursus
1107 1834 1118 1871 ε
1143 1816 1250 1879 Olli
1282 1813 1586 1885 reliquerit
1615 1817 1838 1885 patrem
1871 1816 1927 1867 et
1954 1828 2080 1866 ωει-
2115 1834 2163 1898 B
2196 1834 2266 1875 ne
2298 1819 2467 1875 nobis
2514 1817 2668 1874 enim
2719 1835 2823 1890 pro
2872 1819 3235 1875 monimento
3281 1819 3501 1875 sufficit
3530 1819 3835 1876 memoria.

425 1917 600 1979 trem,
632 1914 690 1965 et
744 1910 976 1963 fratrem
1022 1909 1081 1961 et
1132 1904 1283 1959 filios
1336 1906 1571 1976 propter
1602 1918 1799 1958 meum
1830 1903 2087 1974 Evange-

430 2000 601 2069 lium,
634 1998 808 2054 etiam
841 1997 899 2052 in
932 1996 1041 2051 hoc
1076 1993 1286 2050 saeculo
1320 1991 1663 2064 centuplum
1721 1990 1988 2062 accipiet,
2030 1994 2088 2046 et

437 2090 495 2145 in
533 2085 868 2159 futuroierit
896 2085 1083 2141 haeres
1114 2083 1241 2139 vitaz
1272 2088 1519 2138 aeternas.
1568 2082 1695 2136 llaec
1728 2084 1783 2136 et
1836 2080 1982 2135 dixit
2030 2083 2087 2135 et

432 2178 569 2234 fecit
603 2176 819 2248 (Matth.
852 2174 994 2246 XIX).

502 2266 680 2324 Nobis
713 2281 946 2338 quoque
977 2262 1132 2319 adsit
1154 2266 1211 2318 et
1244 2275 1515 2317 sermone
1545 2264 1603 2315 et
1623 2273 1795 2332 opere
1817 2257 2082 2324 eruditis,

434 2362 492 2414 et
521 2372 718 2413 eorum
743 2354 1017 2427 precibus
1040 2351 1278 2420 innixis,
1302 2354 1584 2421 tanquam
1602 2365 1870 2420 scopum,
1902 2349 2083 2404 attin-

434 2462 569 2519 gere
618 2444 927 2516 praemium
980 2457 1248 2512 superum
1297 2438 1642 2504 vocationis,
1701 2454 1828 2508 quae
1877 2442 1967 2492 est
2021 2436 2080 2491 in

433 2534 665 2591 Christo
695 2532 831 2589 Jesu
865 2530 1114 2592 Domino
1142 2532 1363 2584 nostro.

1038 2644 1272 2703 CAPUT
1301 2644 1455 2700 XVI.

1108 2749 1268 2788 anno
1299 2733 1436 2805 (45).

509 2834 770 2894 Maronis
786 2838 920 2906 post
950 2832 1108 2887 hunc
1128 2830 1450 2887 meminero
1476 2845 1643 2897 ;nam
1672 2828 1722 2884 is
1738 2844 1973 2900 quoque
1996 2828 2081 2882 di-

436 2928 639 2983 vinum
657 2929 992 2981 sanctorum
1020 2921 1261 2975 chorum
1276 2918 1594 2974 exornavit.
1615 2919 1755 2972 Eam
1778 2917 1931 2973 enim
1952 2934 2080 2988 quae

437 3017 549 3073 sub
580 3015 675 3070 dio
709 3014 773 3068 fit
793 3012 972 3067 vitam
997 3009 1323 3082 amplexus,
1346 3006 1653 3078 occupavit
1672 3007 1967 3077 quoddam
1983 3024 2081 3062 ca-

439 3121 674 3170 cumen,
700 3101 852 3174 quod
885 3101 945 3155 in
979 3100 1196 3154 honore
1227 3096 1554 3152 habebatur
1584 3095 1654 3150 ab
1681 3097 1754 3151 iis
1786 3096 1885 3168 qui
1917 3100 2083 3151 erant

2811 1935 3043 1991 CAPUT
3068 1934 3237 2007 xvn,

2908 2042 3232 2082 ABRAAMES.

2262 2122 2375 2179 Nec
2394 2122 2764 2178 admirabilis
2788 2122 3110 2193 Abraamis,
3128 2122 3471 2179 memoriam
3498 2123 3583 2179 fas
3596 2126 3686 2179 est
3708 2140 3842 2196 prs:-

2191 2212 2535 2278 termittere,
2559 2212 2667 2267 hoc
2700 2216 3002 2283 praetextu,
3038 2212 3191 2283 quod
3229 2217 3361 2285 post
3390 2212 3566 2269 vitam
3601 2229 3839 2268 monas-

2192 2301 2362 2356 ticam
2399 2300 2711 2373 pontificiae
2760 2301 2884 2355 sedi
2935 2301 3109 2357 fuerit
3158 2306 3501 2357 ornamento
3535 2302 3840 2375 (Theodor).

2192 2390 2290 2445 ιιι).
2324 2407 2378 2445 ιν
2409 2390 2573 2446 Ηίδί..
2605 2407 2725 2461 cap.
2747 2390 2862 2461 26).
2894 2389 3037 2445 Nam
3065 2390 3174 2446 hoc
3204 2390 3440 2462 quidem
3472 2395 3626 2447 certe
3648 2392 3839 2447 nomi-

2193 2481 2415 2549 nejure
2470 2480 2645 2533 fuerit
2693 2478 2926 2550 dignior
2983 2480 3084 2551 qui
3139 2485 3653 2547 commemoretur,
3683 2481 3836 2552 quod

2193 2569 2533 2624 institutum
2564 2569 2695 2623 vita:
2720 2572 2947 2624 mutare
2986 2574 3245 2638 coactus,
3276 2569 3453 2624 vitam
3490 2586 3601 2624 non
3649 2576 3843 2624 muta-

2190 2659 2344 2712 verit
2374 2674 2387 2723 ;
2421 2658 2522 2711 sed
2556 2673 2690 2712 cum
2723 2658 3061 2713 monasticae
3088 2657 3520 2714 exercitationis
3541 2658 3843 2715 transierit

2194 2745 2529 2815 afﬂictione,
2562 2750 2619 2801 et
2648 2745 2824 2801 simul
2863 2748 3206 2802 monasticis
3238 2746 3541 2804 laboribus
3581 2752 3638 2804 et
3684 2749 3843 2805 curis

2196 2834 2634 2908 pontiﬁcalibus
2681 2836 3131 2904 circumsessus,
3158 2837 3287 2891 vitae
3334 2854 3571 2893 cursum
3603 2855 3843 2910 perege-

2186 2925 2282 2979 rit.
2316 2927 2492 2979 Porro
2523 2928 2713 2979 autem
2747 2928 2835 2979 est
2868 2926 2958 2980 hic
2992 2941 3228 2996 quoque
3260 2926 3487 2983 fructus
3507 2928 3633 2999 Cyri
3655 2929 3847 3000 regio-

2190 3014 2414 3069 nis.llic
2448 3012 2604 3068 enim
2631 3018 2683 3068 et
2710 3018 2882 3070 natus
2908 3018 2965 3069 et
2996 3015 3585 3088 educatus,collegito
3607 3033 3707 3090 pes
3726 3018 3843 3072 vir-

2194 3106 2341 3159 tutis
2397 3102 2753 3158 monasticae.
2792 3104 2898 3167 Qui
2934 3104 3091 3158 enim
3134 3104 3309 3159 simul
3343 3122 3476 3160 cum
3518 3121 3583 3161 eo
3631 3106 3844 3162 versati

438 3195 576 3252 olim
603 3192 802 3264 impii;
836 3195 1051 3247 etcum
1085 3188 1239 3260 quod
1266 3186 1403 3242 ineo
1424 3191 1548 3241 erat
1566 3182 1849 3257 templum
1872 3186 2086 3241 deemo-
2121 3194 2163 3262 ρ
2203 3195 2363 3259 sunt,
2392 3191 2596 3247 dicunt
2626 3208 2757 3247 eum
2791 3196 2848 3247 et
2874 3192 3164 3263 vigilando
3196 3198 3251 3248 et
3274 3195 3482 3249 stando
3505 3196 3851 3266 etjejunan-

442 3301 607 3340 num.
669 3282 784 3337 Deo
858 3280 1279 3342 consecrasset,
1332 3276 1392 3330 in
1445 3291 1510 3329 eo
1554 3278 1843 3340 versatus,
1916 3293 2091 3347 parvo

447 3372 703 3444 quodam
734 3369 792 3423 in
825 3384 891 3423 eo
925 3368 1036 3421 fixo
1065 3364 1463 3431 tabernaculo,
1488 3379 1603 3434 quo
1624 3367 1822 3418 tamen
1854 3381 1985 3421 raro
2004 3371 2095 3422 est

446 3459 743 3517 usus.Non
762 3456 950 3513 solum
977 3458 1171 3509 autem
1198 3452 1494 3509 consuetis
1512 3468 1653 3506 usus
1668 3452 2091 3521 estlaboribus,

444 3551 544 3607 sed
578 3547 757 3604 etiam
780 3545 925 3602 alios
951 3541 1317 3615 excogitavit,
1336 3539 1715 3596 accumulans
1736 3558 1874 3613 epes
1900 3542 2094 3614 philo-

442 3637 659 3710 sophiae
685 3681 699 3708 ,
733 3638 1007 3707 agnoteta
1037 3637 1234 3687 autem
1268 3646 1511 3687 mensus
1544 3634 1634 3685 est
1674 3630 1924 3701 gratiam
1969 3634 2095 3703 ejus

442 3727 765 3786 laboribus.
792 3722 1077 3780 Liberalis
1110 3721 1340 3777 enimet
1372 3719 1690 3775 munificus
1722 3724 1869 3776 Deus
1897 3721 1948 3777 ei
1971 3726 2091 3778 tam

440 3817 675 3890 copiose
705 3813 866 3871 dedit
895 3813 1114 3868 donum
1148 3808 1543 3876 curationum,
1568 3812 1633 3864 ut
1660 3808 1720 3863 in
1744 3825 1946 3865 omnes
1966 3810 2093 3880 qui-

441 3910 573 3965 dem
607 3911 803 3969 nartes
851 3906 979 3975 ejus
1020 3902 1204 3976 gloria
1254 3900 1593 3973 pervaserit,
1641 3917 1845 3956 omnes
1897 3907 2091 3955 autem

444 3998 707 4069 undique
765 3992 1092 4060 attraxerit,
1126 3993 1281 4048 834
1322 3996 1381 4045 et
1427 3989 1784 4061 experientia
1833 3989 2096 4045 docuerit

444 4109 573 4148 eam
608 4091 823 4144 famam
859 4103 986 4142 esse
1010 4102 1227 4140 veram.
1270 4083 1479 4138 Videre
1496 4081 1650 4137 enim
1676 4086 1800 4136 erat
1820 4085 1877 4137 et
1906 4082 2092 4138 febres

444 4176 736 4249 exstingui
766 4192 893 4230 rore
926 4171 1371 4239 benedictionis,
1406 4173 1463 4225 et
1498 4169 1797 4225 horrorem
1841 4187 2090 4239 cessare,

445 4271 504 4323 et
548 4267 843 4322 daemones
896 4267 1116 4332 fugere,
1147 4264 1205 4315 et
1253 4258 1447 4313 varios
1495 4258 1807 4329 omnisque
1863 4259 2093 4330 generis

445 4357 685 4412 morbos
699 4370 815 4409 uno
838 4351 1029 4408 curari
1055 4348 1502 4404 medicamento.
1528 4347 1765 4403 Merdici
1788 4349 1942 4404 enim
1967 4348 2093 4404 uni-

443 4444 655 4516 cuique
715 4443 915 4497 morbo
965 4438 1242 4495 exhibent
1296 4437 1649 4493 conveniens
1698 4438 2092 4494 medicamen-

442 4538 590 4601 tum,
638 4537 974 4589 sanctorum
1024 4532 1218 4583 autem
1278 4527 1608 4595 deprecatio
1659 4532 1747 4581 est
1779 4544 2091 4584 commune
2122 4563 2168 4629 D

441 4616 703 4679 omnium
732 4620 1001 4674 morboru
1015 4634 1069 4672 m
1104 4616 1449 4673 remedium.

511 4712 636 4767 Non
668 4709 860 4767 solum
894 4711 1087 4762 autem
1126 4705 1473 4761 medebatur
1502 4703 1937 4776 egritudinibus
1966 4721 2094 4760 cor-

442 4801 624 4873 poris.
657 4799 758 4855 sed
812 4798 991 4853 etiam
1024 4796 1239 4850 animis
1294 4794 1733 4849 convenientem
1780 4793 2092 4851 exhibebat

439 4890 807 4946 curationem
837 4903 848 4952 ;
885 4885 1066 4955 hujus
1097 4884 1334 4955 quidem
1384 4882 1711 4951 avaritiam,
1746 4880 1906 4937 illius
1955 4900 2088 4940 vero

435 4996 651 5035 curans
680 4974 1087 5041 iracundiam;
1122 4977 1177 5028 et
1210 4971 1310 5027 uni
1366 4971 1603 5042 quidem
1636 4970 1919 5027 exhibens
1950 4974 2090 5028 doe-

436 5068 654 5123 trinam
689 5062 1133 5129 moderationis,
1168 5060 1333 5116 alteri
1362 5077 1493 5115 vero
1516 5060 2088 5132 diseiplinamjusti-

438 5157 553 5225 tim,
587 5161 646 5211 et
687 5154 851 5209 illius
906 5151 1145 5223 quidem
1203 5148 1497 5219 castigans
1548 5147 2087 5218 intemperantiam,

436 5247 595 5302 illius
623 5263 756 5301 vero
786 5246 1049 5300 excitans
1082 5240 1522 5296 hebetudinem.
1561 5240 1676 5293 Hac
1712 5244 1881 5295 utens
1930 5242 2088 5312 agri-

436 5334 689 5402 cultura,
717 5333 905 5388 etfecit
924 5330 1139 5387 multas
1165 5328 1397 5399 plantas
1421 5326 1805 5398 philosophia:
1837 5332 1926 5394 ;et
1951 5328 2087 5383 bore

437 5431 562 5479 tum
597 5423 695 5493 qui
737 5438 893 5476 nunc
924 5420 1214 5492 germinat
1240 5417 1298 5471 in
1337 5417 1569 5488 regione
1600 5416 1750 5488 Cyri,
1803 5417 1930 5487 ipse
1971 5418 2085 5473 Deo

438 5513 745 5587 plantaxit.
774 5511 965 5581 Hujus
996 5505 1378 5579 plantationis
1407 5522 1554 5576 opus
1587 5510 1675 5560 est
1708 5522 1959 5576 magnus
1988 5507 2085 5563 Ja-

437 5602 643 5672 cobus,
676 5601 747 5655 ad
778 5615 950 5670 quem
976 5597 1274 5668 quispiam
1296 5612 1495 5651 vocem
1519 5594 1676 5649 illam
1694 5595 1934 5649 traxerit
1957 5613 2086 5665 pro-

438 5691 759 5765 pheticam;
820 5690 1125 5758 Tanquam
1185 5687 1394 5741 cedrus
1455 5701 1581 5756 quae
1632 5687 1723 5738 est
1773 5683 1828 5738 in
1864 5684 2085 5741 Libano

2199 3281 2271 3335 do
2313 3281 2393 3334 ita
2424 3296 2636 3351 corpus
2673 3280 3028 3347 edomuisse,
3075 3284 3141 3334 ut
3192 3280 3538 3352 longissimo
3589 3286 3848 3354 tempore

2200 3368 2589 3441 permanserit
2633 3368 2980 3436 immobilis,
3047 3368 3289 3425 minime
3338 3370 3537 3425 valens
3592 3369 3843 3442 ingredi.

2201 3458 2408 3514 Divina
2438 3463 2629 3513 autem
2662 3456 3025 3529 providentia
3058 3457 3337 3514 liberatus
3369 3460 3438 3514 ab
3475 3459 3852 3515 illaimbecil-

2200 3546 2383 3613 litate,
2415 3546 2602 3602 voluit
2623 3547 2823 3617 gravia
2850 3546 2964 3616 pati
2986 3546 3245 3619 pericula
3275 3565 3377 3619 pro
3413 3548 3609 3603 divina
3638 3550 3848 3619 gratia.

2270 3635 2444 3692 Venit
2467 3640 2663 3692 autem
2696 3635 2756 3691 in
2787 3636 3089 3699 Libanum,
3123 3652 3255 3691 eum
3299 3637 3604 3693 didicisset
3651 3637 3846 3693 vicum

2202 3725 2518 3797 quemdam
2535 3725 2718 3781 teneri
2750 3740 2962 3796 magna
2984 3724 3303 3795 impietatis
3332 3724 3581 3797 caligine
3604 3746 3617 3796 ;
3642 3732 3699 3782 et
3720 3744 3848 3799 pcr-

2202 3833 2346 3871 sona
2361 3814 2703 3871 mercatoris
2733 3813 2899 3869 vultu
2932 3814 3117 3869 celato
3139 3815 3484 3881 monastico,
3504 3833 3636 3870 cum
3657 3816 3729 3872 iis
3748 3816 3849 3887 qui

2203 3903 2381 3959 simul
2401 3905 2786 3959 versabantur
2813 3904 3005 3959 ferens
3036 3904 3327 3960 canistros
3360 3910 3639 3977 tanquam
3667 3923 3849 3963 nuces

2202 3998 2509 4065 empturus
2535 3993 2715 4065 (hunc
2738 3994 2894 4049 enim
2930 3994 3186 4048 fructum
3210 3994 3498 4066 praecipue
3525 3996 3744 4051 ferebat
3762 3998 3850 4050 vi-

2203 4084 2349 4155 cus),
2375 4099 2508 4137 eum
2532 4084 2770 4137 domum
2796 4083 3196 4152 conduxisset,
3216 4088 3273 4137 et
3291 4082 3658 4156 aliquantum
3679 4102 3851 4157 pecu-

2203 4172 2311 4226 nia:
2342 4177 2726 4243 praerogasse’.
2756 4170 3459 4243 possessoribus,quievit
3479 4172 3715 4243 quidem
3731 4178 3849 4228 tres

2201 4266 2257 4316 et
2279 4265 2529 4333 quatuor
2550 4261 2694 4316 dies.
2710 4259 3226 4333 Deindepaulatim
3252 4260 3511 4315 divinum
3533 4277 3847 4333 aggressus

2200 4356 2290 4407 est
2317 4350 2599 4419 officium,
2625 4356 2794 4406 utens
2814 4366 2948 4405 voce
2971 4349 3292 4404 moderata.
3310 4353 3627 4421 Postquam
3648 4355 3844 4406 autem

2202 4444 2513 4495 senserunt
2544 4438 2926 4510 psalmodias,
2970 4454 3156 4509 praeco
3189 4438 3427 4508 quidem
3472 4438 3767 4505 clamavit,
3794 4445 3851 4495 et

2200 4543 2405 4584 omnes
2435 4526 2790 4583 convocavit.
2818 4528 2994 4582 Erant
3013 4532 3209 4582 autem
3237 4526 3413 4582 simul
3441 4529 3771 4599 congregati
3796 4534 3852 4584 et

2199 4616 2303 4672 viri
2329 4622 2386 4672 et
2416 4617 2579 4689 pueri
2613 4621 2670 4672 et
2701 4616 3011 4684 mulieres;
3047 4620 3105 4671 et
3143 4616 3458 4671 confractis
3486 4616 3850 4673 extrinsecus

2201 4707 2443 4775 foribus,
2479 4707 2731 4777 desuper
2762 4723 2830 4761 ex
2858 4709 3007 4761 tecto
3041 4703 3291 4759 multum
3320 4704 3613 4777 pulverem
3638 4722 3852 4779 conge-

2199 4800 2394 4851 rentes
2427 4795 2799 4865 dejiciebant.
2830 4799 3151 4866 Postquam
3184 4799 3380 4849 autem
3430 4812 3530 4851 eos
3569 4796 3854 4851 viderunt

2199 4884 2471 4940 suffocari
2503 4891 2556 4939 et
2587 4882 2782 4952 obrui,
2816 4887 2873 4937 et
2904 4899 3007 4937 nec
3041 4881 3264 4954 aliquid
3295 4882 3452 4939 aliud
3484 4883 3631 4940 velle
3662 4885 3850 4940 facere

2198 4990 2301 5028 nec
2333 4973 2547 5043 dicere,
2574 4973 2675 5027 sed
2709 4971 2900 5027 solum
2919 4971 3034 5026 Deo
3066 4987 3267 5043 preces
3290 4973 3516 5043 offerre,
3544 4973 3845 5029 seniorum

2198 5062 2425 5117 monitu
2458 5062 2816 5117 destiterunt
2849 5061 2921 5115 ab
2954 5060 3207 5116 insania.
3238 5061 3473 5130 Deinde,
3500 5062 3691 5134 aperis
3721 5062 3855 5117 fori-

2196 5153 2328 5219 bus,
2362 5168 2495 5206 cum
2530 5167 2630 5207 eos
2661 5150 2993 5206 evusissent
3024 5150 3094 5204 ab
3144 5164 3374 5221 aggere,
3402 5151 3710 5220 jusserunt
3752 5168 3854 5207 eos

2196 5241 2397 5296 statim
2419 5240 2715 5296 abire.Sed
2732 5240 2935 5294 eodem
2956 5243 3218 5310 tempore
3230 5244 3513 5294 veneruut
3530 5243 3849 5309 exactores,

2196 5330 2294 5402 qui
2329 5346 2427 5385 eos
2459 5327 2764 5400 vectigalia
2796 5328 3082 5399 cogebant
3113 5326 3429 5397 exsolvere,
3462 5332 3518 5383 et
3549 5328 3693 5383 alios
3727 5328 3854 5401 qui-

2195 5421 2326 5474 dem
2360 5436 2426 5473 ex
2456 5418 2528 5471 iis
2562 5418 2915 5487 vinciebant,
2950 5416 3096 5471 alios
3127 5432 3260 5471 vero
3293 5433 3394 5487 per
3426 5417 3849 5473 contumeliam

2195 5508 2533 5565 efficiebant
2562 5506 2943 5561 verberibus:
2979 5506 3080 5560 sed
3111 5504 3200 5559 vir
3230 5504 3328 5561 ille
3347 5505 3601 5574 divinus,
3623 5507 3847 5563 nullius

2194 5615 2262 5653 ex
2292 5596 2363 5651 iis
2398 5595 2597 5666 qumin
2624 5595 2783 5667 ipsos
2802 5596 2948 5650 facta
2972 5595 3846 5665 erantrecordatus,Dominum

2195 5686 2458 5753 imitans,
2495 5685 2594 5756 qui
2630 5684 2786 5740 cruci
2821 5685 3053 5750 affixus,
3087 5699 3287 5739 eorum
3324 5685 3422 5755 qui
3448 5685 3557 5741 hoc
3590 5685 3851 5763 fecerant
