4180 6338
358 420 439 472 85

1507 424 1983 484 I'illLOTHEUS,
2027 436 2153 474 SIVE
2193 422 2664 476 THEOI’HILES.
3726 419 3795 475 86

362 544 731 615 loquentem,
766 560 954 616 neque
983 545 1169 600 ullum
1202 562 1270 601 ex
1300 546 1371 601 iis
1402 546 1502 617 qui
1531 546 1771 602 aderant
1810 548 2017 615 poten-
2048 545 2102 612 Α
2134 543 2533 600 insectabatur
2554 545 2864 602 uthostem
2892 565 2905 613 ;
2943 550 2999 600 et
3022 548 3340 602 ostendens
3362 560 3557 600 senon
3580 548 3790 600 vereri~

363 639 483 688 tem
508 650 850 705 agnoscere.
876 639 1193 707 Postquam
1219 640 1414 692 autem
1430 651 1561 691 eum
1588 652 1718 691 sum
1735 633 2025 690 allocutus

359 728 423 779 et
446 723 687 779 nomine
713 724 912 797 magni
952 725 1134 780 Acacii
1169 726 1219 781 ei
1266 724 1383 779 dixi
1426 725 1700 792 salutem,
1744 724 1944 779 statim
1969 727 2025 777 et

360 813 595 885 aperuit
620 812 841 882 oculos,
865 817 922 869 et
966 815 1187 884 rogavit
1230 816 1522 885 quomodo
1559 832 1619 870 se
1665 813 1925 882 haberet,
1967 816 2023 867 et

357 903 599 975 quando
621 904 913 958 venissem
938 909 1026 958 est;
1072 908 1468 974 percontatus.
1519 906 1662 960 Cum
1708 907 1903 959 autem
1949 902 2020 957 ad

359 991 485 1047 hmo
520 991 983 1063 respondissem,
1009 1008 1216 1047 rursus
1248 992 1459 1048 clausit
1489 992 1710 1049 oculos.

432 1090 577 1145 Cum
605 1105 739 1145 vero
770 1093 890 1145 tres
922 1089 1047 1145 dies
1079 1089 1769 1162 praeteriissentyespere
1800 1088 2021 1158 rogavit

353 1178 608 1234 ubinam
639 1182 830 1246 esset;
865 1194 1000 1234 cum
1032 1184 1226 1234 autem
1279 1179 1635 1247 rescivisset,
1667 1195 1815 1251 aegre
1864 1178 2017 1245 tulit,

353 1271 414 1323 et
441 1268 670 1340 rogavit
698 1272 761 1323 ut
799 1268 999 1323 statim
1032 1284 1239 1324 rursus
1278 1269 1592 1324 referretur
1630 1270 1688 1325 in
1730 1274 2016 1324 montem.

352 1357 503 1412 Cum
520 1362 718 1413 autem
732 1356 936 1413 vellem
960 1373 1093 1412 eum
1118 1362 1397 1429 perpetuo
1435 1358 1815 1413 observareet
1842 1357 1910 1424 ei;
1928 1358 2016 1411 in-

353 1446 602 1515 servire,
626 1445 784 1517 jussi
806 1462 939 1501 mox
959 1446 1093 1502 ferri
1120 1446 1361 1517 lectum,
1386 1452 1441 1503 et
1475 1448 1687 1503 deferri
1724 1447 1782 1503 in
1820 1447 2015 1503 locum

352 1552 530 1606 quem
562 1535 857 1607 cupiebat.
880 1535 1042 1591 Tunc
1065 1535 1183 1591 vidi
1206 1540 1565 1609 quantopere
1581 1537 1651 1592 ab
1675 1537 2015 1592 'ambitione

349 1630 411 1679 et
430 1624 625 1695 gloriae
653 1624 974 1697 cupiditate
1000 1630 1156 1681 esset
1180 1623 1436 1681 alienum
1461 1631 1638 1698 caput
1668 1625 1813 1680 mihi
1838 1642 2011 1681 vene-

349 1714 631 1768 randum.
652 1714 937 1770 Postridie
959 1713 1114 1769 enim
1136 1715 1188 1769 ei
1210 1714 1393 1770 obtuli
1414 1717 1508 1785 jus
1532 1714 1775 1787 ptisanae
1797 1732 1930 1771 cum
1955 1715 2010 1770 id

349 1804 791 1875 refrigerassem
813 1821 828 1873 ;
849 1803 996 1859 nihil
1019 1804 1173 1859 enim
1199 1804 1439 1860 omnino
1458 1804 1631 1860 calidi
1656 1821 1885 1861 sumere
1906 1822 2009 1877 pa-

2140 634 2376 691 interim
2409 636 2494 691 ori
2545 635 2760 692 lentem
2792 637 3070 691 admovit.
3104 636 3465 692 Obsecrabat
3516 639 3708 691 autem
3742 634 3792 691 is

2139 725 2239 796 qui
2272 726 2676 781 incessebatur
2708 724 3034 781 maledictis
3062 742 3075 782 :
3111 726 3341 781 dicebat
3372 741 3434 780 se
3455 740 3582 780 esse
3605 724 3789 779 homi-

2138 831 2269 871 nem
2298 833 2311 883 ;
2335 819 2391 869 et
2413 816 2566 886 quod
2594 816 2756 887 prius
2780 816 3035 887 quodam
3060 814 3704 886 adactusjurejurando
3726 830 3790 868 se

2139 909 2272 960 ante
2303 921 2602 976 vesperam
2638 906 2709 960 ab
2743 906 2885 961 urbe
2916 921 3044 962 esse
3079 905 3500 976 profecturum,
3526 903 3791 960 venisset

2137 992 2246 1049 hoc
2268 998 2548 1065 tempore.
2576 992 2713 1049 Ille:
2748 994 2929 1061 Bono,
2961 994 3173 1066 inquit,
3206 994 3405 1049 animo
3436 996 3584 1059 esto,
3617 996 3673 1048 et
3715 1008 3788 1047 ne

2137 1083 2535 1146 extimescito:
2570 1084 2669 1139 sed
2698 1100 2831 1139 cum
2864 1088 3133 1156 precatus
3159 1082 3674 1151 fueris,recedito:
3708 1083 3792 1138 sia

2136 1177 2329 1227 autem
2354 1172 2495 1228 mihi
2521 1173 2780 1243 conviva,
2805 1177 2860 1228 et
2884 1174 2997 1228 mei
3022 1173 3131 1227 cibi
3159 1172 3471 1245 particeps.
3491 1171 3673 1228 Simul
3693 1189 3789 1228 au-

2132 1267 2247 1317 tem
2273 1261 2396 1317 haec
2415 1262 2616 1318 dicens
2639 1262 2903 1334 implevit
2924 1263 3241 1332 dexteram,
3266 1267 3323 1318 et
3342 1262 3497 1318 lente
3525 1278 3658 1317 eum
3679 1262 3791 1318 im-

2134 1351 2351 1423 pertiit.
2372 1351 2467 1408 Sic
2491 1369 2653 1408 vanae
2693 1351 2891 1424 gloria)
2934 1352 3208 1409 morbum
3233 1368 3365 1408 cum
3389 1352 3521 1408 aliis
3568 1351 3793 1424 expulit

2132 1456 2201 1496 CX
2231 1459 2450 1497 animo.

2202 1540 2283 1596 De
2318 1539 2627 1597 tolerantia
2683 1544 2877 1597 autem
2912 1556 3410 1611 supervacaneum
3453 1545 3541 1596 est
3572 1540 3784 1608 dicere,

2131 1646 2264 1685 cum
2288 1630 2450 1686 visus
2476 1631 2600 1703 ipse
2622 1634 2889 1686 testetur.
2913 1633 3053 1687 Tres
3073 1630 3225 1686 enim
3253 1647 3404 1702 saepe
3423 1630 3545 1687 dies
3567 1634 3623 1686 et
3645 1631 3785 1687 toti-

2129 1720 2260 1775 dem
2281 1724 2479 1776 noctes
2497 1720 2625 1775 nive
2642 1719 2882 1792 delapsa
2912 1720 2994 1776 ita
3017 1721 3126 1775 fuit
3157 1720 3423 1787 obrutus,
3455 1721 3781 1791 pronusja-

2126 1824 2284 1878 cens,
2310 1814 2366 1864 et
2385 1814 2566 1867 Deum
2588 1826 2783 1880 orans,
2813 1814 2876 1864 ut
2899 1824 2969 1865 ne
2993 1825 3197 1881 parum
3227 1807 3464 1881 quidem
3488 1808 3782 1867 videretur

345 1893 784 1960 tiebatur,cum
804 1909 980 1948 usum
1002 1892 1154 1965 ignis
1169 1892 1280 1949 sibi
1300 1892 1715 1950 interdixisset.
1741 1894 1885 1950 Cum
1902 1912 2008 1950 au-
2041 1911 2092 1976 Β
2123 1914 2191 1954 ex
2213 1899 2422 1969 pannis
2447 1898 2663 1970 quibus
2696 1898 2884 1954 fuerat
2908 1899 3187 1967 indutus;
3223 1914 3376 1971 saepe
3399 1902 3596 1953 autem
3620 1914 3775 1953 mar-

344 1988 471 2039 tem
486 1982 665 2039 nollet
680 1999 937 2039 sumere:
964 1982 1145 2039 Nobis
1169 1984 1460 2055 omnibus,
1485 1985 1748 2056 inquam,
1767 2001 1798 2040 ο
1816 1986 2002 2053 Pater,

347 2072 459 2129 hoc
483 2073 762 2142 concede,
782 2088 1156 2128 communem
1179 2073 1334 2129 enim
1363 2072 1609 2129 salutem
1636 2078 1798 2130 tuam
1839 2074 2006 2130 duci-

348 2179 487 2217 mus
514 2162 848 2217 sanitatem.
874 2160 999 2219 Non
1025 2161 1213 2217 solum
1237 2162 1392 2217 enim
1418 2180 1478 2218 es
1502 2162 1775 2219 utilitatis
1815 2179 2005 2220 exem-

346 2251 481 2323 plar
504 2250 892 2323 propositum,
908 2252 1009 2307 sed
1032 2266 1206 2306 orans
1230 2251 1344 2307 fers
1362 2251 1666 2323 auxilium,
1685 2257 1738 2309 et
1755 2252 1851 2308 Dei
1871 2269 2007 2309 con-

343 2340 515 2396 cilias
539 2340 712 2396 nobis
746 2339 1233 2396 benevolentiam.
1261 2340 1423 2404 Quod
1447 2341 1575 2398 site
1597 2341 1705 2397 hoc
1728 2342 1872 2397 male
1897 2343 2001 2397 ha-

346 2430 450 2485 bet
473 2431 632 2502 quod
659 2446 772 2485 non
805 2428 887 2485 sis
921 2433 1221 2499 assuetus,
1251 2430 1359 2486 hoc
1395 2448 1646 2502 quoque,
1680 2431 1947 2503 inquam,
1972 2449 2002 2487 o

344 2518 536 2586 Pater,
564 2522 902 2575 constanter
924 2519 1108 2575 tolera
1132 2537 1146 2587 ;
1174 2528 1258 2576 est
1290 2520 1443 2575 enim
1483 2520 1588 2577 hoc
1620 2537 1868 2593 quoque,
1902 2537 2002 2593 ge-

341 2624 460 2662 nus
483 2606 891 2680 philosophia.
918 2609 1221 2674 Quomodo
1258 2608 1412 2664 enim
1442 2625 1576 2666 cum
1631 2625 1791 2667 esses
1822 2627 2004 2667 sanus

338 2699 545 2754 cibum
570 2704 872 2770 appetens,
897 2698 1208 2755 tolerantia
1240 2700 1428 2755 vicisti
1457 2701 1897 2772 appetitionem,
1924 2702 2004 2756 ita

334 2786 519 2842 etiam
546 2803 701 2841 nunc
722 2788 964 2843 minime
978 2792 1257 2859 appetens
1278 2788 1338 2843 in
1356 2791 1641 2846 vescendo
1656 2792 1896 2846 ostende
1915 2794 2001 2845 to-

336 2876 675 2933 lerantiam.
703 2877 831 2933 Haec
855 2894 987 2933 cum
1013 2878 1284 2947 dicerem,
1311 2880 1512 2935 aderat
1552 2880 1725 2936 homo
1754 2880 1854 2935 Dei
1895 2885 2001 2935 Po-

332 2965 685 3039 lychronius
706 2967 839 3037 (54),
865 2968 964 3038 qui
993 2968 1048 3022 id
1074 2968 1227 3039 quod
1254 2969 1523 3025 dicebam
1549 2970 1891 3037 defendens,
1915 2969 2001 3024 di-

334 3056 425 3110 xit
448 3072 509 3110 se
532 3055 589 3110 id
616 3055 874 3127 primum
892 3055 1038 3112 velle
1062 3074 1317 3127 sumere,
1335 3056 1513 3130 idque
1536 3075 1668 3113 cum
1693 3064 1849 3115 esset
1872 3075 2000 3114 ma-

336 3161 437 3212 ne,
465 3161 602 3200 cum
630 3161 781 3216 saepe
806 3151 935 3217 post
962 3146 1337 3217 interjectum
1361 3152 1585 3219 septem
1612 3147 1839 3204 dierum
1866 3165 2001 3219 spa-

330 3234 419 3289 tiu
434 3250 485 3288 m
509 3249 721 3304 corpus
742 3233 938 3291 aleret.
956 3235 1161 3291 Victus
1180 3251 1316 3308 ergo
1335 3237 1614 3304 oratione,
1641 3237 1991 3307 unumjuris

328 3322 613 3395 poculum
638 3323 860 3380 clausis
882 3324 1123 3380 demisit
1146 3326 1353 3395 oculis,
1396 3327 1550 3397 quod
1576 3326 1814 3398 quidem
1838 3326 1989 3383 sole-

329 3430 471 3469 mus
494 3413 684 3467 facere
712 3429 847 3469 cum
871 3430 1103 3470 amaras
1126 3414 1386 3470 bibimus
1421 3415 1713 3487 potiones.

406 3520 564 3575 840
596 3519 882 3587 Quoniam
916 3524 1109 3576 autem
1137 3522 1310 3593 pedes
1332 3539 1584 3594 quoque,
1609 3522 1711 3594 qui
1755 3527 1991 3595 propter

331 3608 810 3665 imbecillitatem
834 3608 1166 3682 ingressum
1192 3610 1534 3677 amiserant,
1560 3613 1606 3666 ei
1646 3612 1838 3667 lavare
1860 3629 1989 3685 per.

332 3700 861 3771 suasimusmperae
880 3699 1130 3770 pretium
1151 3700 1420 3756 existimo
1438 3699 1590 3755 hanc
1612 3716 1845 3772 quoque
1863 3701 1993 3772 ejus

325 3788 539 3844 animae
563 3787 792 3860 aperire
848 3787 1282 3860 philosophiam
1306 3805 1327 3850 ,ο
1377 3805 1557 3861 prope
1580 3790 1736 3845 enim
1789 3791 1991 3845 aderat

320 3876 815 3950 scyphusNoluit
842 3882 1041 3932 autem
1076 3878 1318 3948 quidam
1354 3895 1421 3935 ex
1452 3878 1526 3934 iis
1557 3878 1657 3950 qui
1691 3879 1988 3936 ministra-

319 3968 470 4022 bant
492 3982 627 4020 eum
651 3964 906 4020 canistro
928 3970 1139 4036 tegere,
1161 3972 1225 4021 ut
1246 3984 1361 4022 non
1380 3968 1679 4023 videretur
1701 3968 1868 4024 abiis
1887 3969 1987 4040 qui

322 4057 393 4113 ad
429 4055 629 4127 ipsum
661 4055 993 4112 veniebant.
1032 4056 1138 4111 Ille
1170 4060 1363 4112 autem
1392 4074 1404 4114 :
1440 4060 1573 4125 Cur,
1610 4057 1825 4129 inquit,
1858 4075 1987 4130 scy-

320 4144 512 4216 phum
540 4142 728 4213 tegis?
751 4143 895 4199 Cum
919 4144 969 4199 is
996 4148 1191 4200 autem
1217 4146 1498 4201 dixisset:
1528 4145 1605 4203 Ne
1626 4146 1895 4201 videatur
1915 4148 1985 4202 ab

316 4234 395 4290 iis
426 4231 790 4304 quiveniunt
812 4233 881 4287 ad
910 4234 1428 4304 contemplandum
1456 4251 1467 4288 :
1496 4235 1682 4305 Absit,
1707 4236 1918 4306 inquit,
1953 4253 1985 4292 o

320 4322 430 4391 fili,
464 4338 533 4377 ne
565 4321 718 4377 celes
753 4322 1019 4379 homines
1051 4324 1164 4394 (55)
1196 4341 1263 4379 ea
1294 4341 1420 4397 quae
1449 4329 1589 4379 sunt
1620 4329 1824 4396 aperta
1859 4324 1977 4381 Deo

322 4410 777 4478 universorum;
810 4410 893 4465 illi
922 4411 1078 4466 enim
1112 4410 1219 4468 soli
1243 4411 1443 4467 volens
1491 4411 1705 4477 vivere,
1756 4411 1980 4468 nullam

320 4500 600 4555 humanae
629 4498 825 4571 gloriae
849 4516 1049 4555 curam
1083 4518 1234 4571 gero.
1272 4500 1422 4565 Quid
1456 4501 1611 4556 enim
1645 4517 1736 4556 me
1759 4502 1981 4572 juverit

315 4588 369 4644 si
393 4588 454 4643 hi
481 4587 721 4658 quidem
746 4604 838 4643 me
864 4589 1055 4661 magis
1080 4590 1379 4646 laborasse
1392 4594 1450 4646 et
1470 4590 1680 4661 majori
1703 4592 1974 4647 exercita-

2114 1987 2196 2043 ris
2216 1991 2272 2043 et
2292 1986 2586 2059 ligonibus
2613 1986 2787 2043 vicini
2812 1986 2863 2042 ei
2897 1987 3085 2043 nivem
3112 1986 3447 2059 impositam
3467 1985 3776 2043 detrahen-

2106 2080 2358 2141 tes,eum
2381 2077 2671 2148 jacentem
2704 2076 2959 2133 evellunt
2979 2082 3035 2133 et
3065 2076 3435 2133 excitant.Ex
3461 2076 3533 2133 iis
3557 2075 3777 2133 labori-

2109 2167 2221 2223 bus
2245 2166 2479 2239 collegit
2499 2167 2650 2223 dona
2676 2167 2884 2223 divina:
2907 2166 3127 2237 gratiae,
3150 2183 3397 2238 quorum
3425 2166 3631 2223 volunt
3652 2182 3771 2222 om-

2112 2272 2216 2311 nes
2247 2272 2376 2312 esse
2421 2256 2756 2329 participes.
2783 2255 2948 2312 Illius
2967 2255 3120 2312 enim
3146 2255 3551 2312 benedictione
3574 2254 3772 2311 multa)

2113 2346 2350 2417 quidem
2385 2345 2684 2401 exstinctae
2716 2349 2855 2401 sunt
2884 2349 2942 2401 et
2972 2344 3427 2416 exstinguuntur
3474 2344 3685 2415 febres,
3716 2350 3773 2400 et

2112 2434 2307 2490 multa:
2339 2435 2716 2507 aegritudines
2748 2439 3056 2491 cessarunt
3092 2439 3148 2489 et
3186 2434 3427 2490 omnino
3474 2434 3765 2504 abierunt,

2111 2523 2278 2578 multi
2313 2528 2507 2579 autem
2541 2524 2836 2578 daemones
2865 2522 3047 2579 coacti
3074 2526 3212 2578 sunt
3236 2522 3471 2594 fugere;
3515 2525 3572 2578 et
3611 2539 3763 2593 aqua

2108 2629 2235 2684 qua:
2268 2612 2339 2668 ab
2369 2611 2530 2669 illius
2560 2612 2792 2668 dextera
2826 2611 3192 2669 benedicitur
3214 2610 3553 2667 titsalutare
3580 2610 3759 2683 phar-

2109 2718 2364 2758 mecum.

2178 2800 2318 2865 Quis
2350 2799 2539 2856 nescit
2570 2816 2816 2872 puerum
2838 2802 3135 2856 mortuum
3159 2814 3260 2871 per
3281 2798 3407 2871 ejus
3433 2798 3757 2855 orationem

2107 2889 2288 2946 fuisse
2303 2890 2653 2945 excitatum?
2677 2890 2733 2944 in
2760 2889 3120 2946 suburbanis
3139 2889 3295 2944 enim
3323 2888 3577 2945 civitatis
3593 2896 3761 2947 erant

2106 2980 2235 3050 ejus
2262 2984 2554 3050 parentes,
2579 2979 2676 3050 qui
2703 2978 2922 3034 multos
2946 2978 3181 3051 quidem
3208 2977 3361 3033 filios
3404 2986 3758 3049 genuerunt,

2105 3073 2518 3124 omnesantem
2552 3069 2905 3123 immaturos
2930 3068 3000 3123 ad
3038 3066 3372 3140 sepulcrum
3408 3068 3761 3124 transmise-

2104 3158 2511 3221 runt.Quando
2527 3174 2662 3229 ergo
2678 3157 2770 3212 hic
2788 3157 3032 3213 ultimus
3049 3162 3222 3213 natus
3237 3157 3345 3212 fuit
3363 3155 3538 3224 illius,
3556 3174 3759 3213 cucur-

2105 3246 2180 3301 rit
2194 3250 2357 3319 pater
2370 3247 2440 3302 ad
2458 3246 2755 3302 hominem
2770 3246 2892 3313 Dei,
2909 3262 3123 3318 rogans
3140 3249 3203 3301 ut
3216 3244 3261 3301 is
3274 3245 3506 3317 longam
3522 3245 3763 3303 haberet

2101 3335 2305 3405 vitam,
2329 3339 2385 3391 et
2408 3334 2694 3408 pollicens
2714 3350 2775 3390 se
2796 3352 2927 3391 eum
2950 3351 3079 3391 esse
3100 3334 3216 3391 Deo
3236 3336 3567 3390 dicaturum
3606 3336 3652 3392 si
3678 3336 3760 3391 vi-

2094 3429 2270 3480 veret.
2295 3425 2437 3481 Cum
2463 3424 2659 3496 itaque
2680 3424 2917 3480 vixisset
2949 3428 3201 3496 quatuor
3222 3423 3548 3494 annis,vita3
3572 3424 3748 3481 finem

2093 3515 2337 3587 accepit;
2366 3518 2530 3587 pater
2551 3518 2743 3570 autem
2769 3515 2972 3570 aberat
2997 3531 3010 3571 :
3032 3513 3348 3570 adveniens
3371 3517 3564 3570 autem
3587 3514 3748 3571 videt

2095 3619 2227 3659 eum
2254 3607 2489 3675 repente
2513 3602 2724 3659 eti'erri.
2749 3602 2893 3658 Cum
2918 3620 3053 3658 eum
3079 3602 3279 3674 itaque
3301 3617 3330 3657 e
3353 3601 3498 3657 lecto
3517 3603 3743 3674 rapuis-

2094 3698 2217 3748 set:
2252 3692 2511 3763 Oportet,
2533 3692 2745 3764 inquit,
2768 3708 2859 3747 me
2883 3691 3125 3762 implere
3158 3690 3540 3763 promissum,
3566 3697 3622 3746 et
3643 3692 3745 3747 Dei

2094 3781 2322 3838 homini
2356 3782 2600 3837 reddere
2630 3780 2718 3836 vel
2752 3784 3071 3836 mortuum.
3116 3778 3450 3850 Detulitque
3484 3784 3547 3833 ut
3578 3780 3743 3851 prius

2094 3871 2261 3941 dixit,
2286 3875 2341 3926 et
2360 3874 2492 3926 ante
2513 3871 2687 3943 pedes
2713 3875 2945 3925 sanctos
2968 3868 3135 3924 illum
3164 3868 3375 3940 posuit,
3410 3868 3610 3924 dicens
3646 3868 3748 3924 illa

2095 3978 2220 4032 quae
2243 3960 2367 4016 suis
2384 3976 2615 4031 quoque
2630 3956 3224 4015 dixeratdomesticis.
3250 3962 3437 4011 Homo
3451 3960 3645 4012 autem
3664 3958 3750 4012 di-

2091 4049 2262 4105 vinus
2295 4066 2426 4104 cum
2453 4054 2585 4104 ante
2612 4064 2673 4104 se
2696 4047 2991 4121 posuisset
3016 4061 3285 4118 puerum,
3312 4043 3472 4100 ﬂexis
3495 4046 3747 4117 genibus

2094 4139 2298 4194 orabat
2324 4155 2547 4210 pronus
2569 4138 2699 4194 vitae
2726 4142 2783 4193 et
2810 4137 3017 4192 mortis
3040 4151 3255 4208 rogans
3279 4134 3611 4191 Dominum.
3634 4134 3749 4191 Ve-

2089 4243 2257 4298 spere
2281 4232 2471 4282 autem
2510 4244 2655 4298 puer
2689 4226 2873 4282 edidit
2909 4240 3131 4295 vocem,
3158 4228 3214 4280 et
3236 4228 3459 4296 patrem
3499 4224 3746 4292 vocavit,

2088 4315 2233 4371 Cum
2267 4316 2349 4371 sic
2372 4317 2657 4371 sensisset
2684 4316 2772 4371 vir
2801 4314 2897 4371 ille
2922 4314 3155 4369 divinus
3186 4313 3341 4385 quod
3374 4329 3512 4368 suas
3545 4330 3743 4385 preces

2087 4404 2837 4476 suscepissetDominus,et
2863 4405 3040 4459 vitam
3077 4418 3257 4474 puero
3282 4402 3739 4474 suppeditasset,

2087 4494 2362 4563 surrexit,
2396 4497 2453 4550 et
2482 4511 2546 4550 eo
2580 4495 2820 4551 adorato
2853 4493 2953 4565 qui
2988 4491 3125 4547 facit
3147 4489 3507 4546 voluntatem
3530 4492 3743 4548 timen-

2085 4583 2231 4639 tium
2263 4600 2421 4654 eum,
2450 4587 2507 4639 et
2528 4583 2694 4638 audit
2723 4599 2925 4638 eorum
2952 4596 3153 4653 preces
3175 4580 3354 4652 (Psal.
3383 4581 3589 4651 cxuv),
3615 4581 3745 4636 finit

316 4640 453 4644 μήθ
490 4640 834 4658 γηίρκηη
866 4640 1952 4661 -Ὃη,ημηηη-Ἷ-----η----τ
2407 4640 2421 4654 ,
2953 4640 2970 4653 .
3179 4640 3190 4652 .
3550 4640 3587 4651 ..

316 4677 483 4732 tione
514 4692 687 4732 usum
712 4693 842 4733 esse
865 4678 1160 4746 sciverint,
1184 4679 1337 4735 Deus
1359 4695 1493 4735 vero
1547 4679 1759 4735 minori
1780 4678 1807 4734 ?
1856 4697 1970 4735 non
2006 4640 2049 4704 Ι)
2081 4674 2426 4743 orationem,
2462 4676 2518 4727 et
2548 4672 2735 4727 ﬁlium
2770 4670 3025 4727 reddidit
3054 4668 3230 4742 patri.
3266 4669 3385 4724 Hoc
3418 4673 3474 4725 et
3496 4685 3600 4741 ego
3625 4670 3741 4725 vidi

316 4768 462 4821 sunt
492 4766 652 4821 enim
686 4765 748 4820 hi
778 4767 1011 4823 datores
1044 4768 1331 4825 mercedis
1363 4785 1466 4840 pro
1497 4768 1822 4837 laboribus,
1869 4769 1970 4824 sed

318 4855 480 4911 Deus
502 4859 593 4911 est
614 4858 1044 4929 suppeditator.
1067 4858 1207 4923 Quis
1228 4875 1365 4931 ergo
1389 4874 1503 4913 non
1527 4857 1693 4913 valde
1725 4858 1971 4914 admire-

316 4952 417 5000 tnr
438 4948 493 5001 et
515 4961 842 5016 sermones,
875 4951 932 5003 et
968 4954 1223 5003 mentem
1253 4964 1379 5019 quae
1413 4963 1715 5003 sermones
1746 4947 1970 5019 genuit,

318 5050 453 5106 qua:
480 5034 642 5089 omni
663 5034 922 5091 humana
947 5035 1134 5109 gloria
1173 5037 1316 5092 adeo
1341 5035 1451 5091 fuit
1468 5034 1739 5107 superior
1759 5035 1787 5091 ?

387 5132 531 5188 Tale
552 5132 693 5204 quid
716 5133 890 5191 etiam
918 5133 1067 5191 alias
1100 5133 1343 5190 memini
1375 5134 1680 5189 accidisse.
1717 5136 1849 5190 Erat
1879 5152 1971 5191 ve-

315 5238 456 5294 sper
476 5227 529 5278 et
556 5222 742 5279 altum
767 5240 976 5296 vesper
992 5228 1048 5280 et
1080 5229 1310 5295 tempus
1338 5223 1702 5280 comedendi:
1736 5229 1972 5297 accepta

314 5328 457 5383 ergo
478 5316 632 5368 testa
653 5314 922 5385 apposita
945 5313 1278 5370 madefacta:
1304 5314 1476 5369 lentis
1499 5312 1693 5368 cibum
1718 5315 1974 5386 sumpsit

314 5401 375 5456 id
404 5402 556 5457 enim
582 5407 708 5458 erat
723 5402 772 5458 ei
797 5402 1342 5459 alimentum.Venit
1363 5407 1556 5458 autem
1581 5403 1820 5474 quidam
1846 5421 1877 5459 a
1900 5404 1974 5459 ci-

310 5491 511 5559 vitate,
528 5490 625 5546 cui
651 5497 773 5548 erat
793 5493 1114 5549 commissa
1138 5492 1404 5564 quaedam
1432 5490 1701 5549 militaris
1725 5494 1969 5550 exactio.

315 5580 371 5637 Is
396 5583 593 5635 autem
618 5597 752 5637 cum
773 5599 906 5638 eum
932 5581 1132 5654 procul
1155 5580 1643 5647 vidisset,1entem
1667 5600 1781 5639 non
1805 5585 1975 5656 depo-

311 5668 569 5738 suit,sed
593 5670 789 5727 cibum
815 5672 1052 5728 demisit
1076 5674 1139 5726 ut
1156 5674 1565 5740 consueverat;
1582 5674 1783 5728 etcum
1798 5672 1976 5729 visio-

314 5772 389 5816 ne
422 5754 912 5831 apprehendisset
942 5776 1077 5817 eum
1111 5764 1242 5816 esse
1271 5757 1974 5830 daemonem,eumverbis

2084 4764 2141 4815 et
2170 4765 2395 4831 patrem
2430 4759 2626 4815 audivi
2658 4762 3017 4827 narrantem,
3045 4760 3103 4813 et
3134 4754 3337 4811 multis
3371 4755 3503 4812 aliis
3537 4773 3738 4813 narra-

2083 4848 2163 4903 vit
2196 4847 2545 4903 miraculum
2574 4845 2983 4921 apostolicum,
3017 4861 3153 4901 cum
3187 4845 3366 4901 sciret
3398 4845 3599 4903 multis
3635 4863 3741 4902 au-

2081 4937 2295 4993 dituris
2331 4938 2596 4994 futurum
2626 4938 2683 4992 id
2717 4935 3110 4993 conducibile.

2155 5046 2329 5101 Porro
2344 5048 2539 5101 autem
2556 5044 2681 5115 ejus
2696 5060 2930 5116 quoque
2944 5060 3076 5099 sum
3093 5044 3441 5098 consecutus
3456 5043 3737 5103 auxilium

2085 5135 2262 5190 unius
2286 5140 2481 5191 autem
2505 5139 2606 5190 aut
2629 5136 2880 5191 duorum
2905 5132 3114 5188 faciam
3142 5131 3522 5203 mentionem,
3550 5135 3741 5193 existi-

2086 5223 2485 5296 mansingrati
2503 5240 2631 5279 csse
2654 5222 2836 5280 animi
2855 5238 2922 5278 ea
2948 5220 3179 5277 silentio
3206 5220 3521 5292 praeterire,
3546 5229 3603 5280 et
3624 5242 3738 5283 non

2083 5315 2288 5370 docere
2305 5328 2517 5384 genera
2531 5310 3229 5369 beneficiiExsecrandus
3247 5308 3507 5369 Marcion
3524 5315 3741 5373 multas

2083 5403 2287 5475 apinas
2320 5402 2644 5474 impietatis
2675 5401 2989 5458 seminavit
3021 5399 3078 5453 in
3115 5398 3350 5475 regione
3379 5402 3538 5459 urbis
3570 5404 3739 5476 Cyri;

2083 5509 2181 5548 eas
2204 5508 2338 5546 cum
2361 5507 2604 5547 conarer
2625 5492 2870 5547 evellere
2894 5489 3197 5557 radicitus,
3224 5505 3457 5546 omnem
3481 5491 3739 5549 laborem

2084 5581 2381 5649 subibam,
2417 5588 2473 5636 et
2502 5582 2780 5637 omnibus
2805 5578 3094 5635 machinis
3122 5578 3359 5635 assidue
3383 5583 3606 5637 utebar.
3631 5584 3738 5647 Qui

2085 5673 2281 5728 autem
2298 5686 2429 5726 mea
2445 5671 2790 5726 fruebantur
2805 5668 3195 5736 cultura,cum
3212 5683 3303 5724 me
3316 5684 3381 5725 eo
3396 5669 3631 5726 nomine
3645 5672 3740 5727 de-

2084 5760 2293 5816 berent
2315 5758 2577 5832 diligere,
2601 5776 2705 5831 pro
2729 5774 2813 5827 ea,
2842 5761 2905 5813 ut
2925 5756 3262 5831 prophetica
3310 5756 3526 5825 dicam,
3550 5760 3737 5816 detra-
