4180 6338
462 412 534 466 87
1654 417 1752 469 DE
1788 414 1984 467 VITIS
2020 413 2320 468 PATRUM
2358 414 2572 469 LIBER
2613 415 2708 470 IX.
3814 409 3881 465 88

458 534 679 590 hebant
698 534 873 603 mihi;
897 551 1004 607 ego
1026 540 1221 593 autem
1244 537 1507 607 orabam,
1532 540 1588 591 et
1608 535 1934 591 reddebant
1956 532 2111 589 mala
2137 535 2194 602 Α
2224 550 2340 591 non
2366 534 2480 590 ulla
2503 535 2698 607 gloriae
2724 535 3002 591 inductus
3019 535 3342 608 cupiditate
3359 535 3494 608 (fuit
3509 536 3667 591 enim
3690 534 3889 590 divina

460 639 565 693 pro
588 623 760 680 bonis
789 628 845 680 et
874 625 1076 680 odium
1097 642 1201 696 pro
1234 625 1544 681 dilectione
1577 640 1707 679 mea
1748 624 1924 696 (Psal.
1959 638 2121 690 cvm,

459 712 744 783 xxxiv);et
765 714 1009 785 magicis
1034 718 1263 770 utentes
1290 713 1628 786 praestigiis,
1644 718 1700 769 et
1722 711 2119 783 malignorum

464 803 595 856 freti
621 818 727 873 0pc
751 803 1105 870 daemonum,
1124 805 1489 860 conabantur
1508 802 1726 858 bellum
1748 817 1947 872 gerere
1966 800 2119 871 quod

468 892 579 945 sub
614 892 805 946 visum
830 908 944 946 non
978 893 1209 947 caderet
1233 910 1246 960 ;
1270 898 1329 947 et
1361 897 1535 947 noctu
1558 891 1715 947 venit
1745 891 1985 961 quidam
2008 888 2122 944 daa-

462 996 595 1034 mon
637 978 891 1035 exitialis
914 979 1269 1050 clamans,et
1292 980 1495 1052 lingua
1519 988 1691 1036 utens
1716 980 1984 1052 Syriaca:
2011 977 2124 1032 Cur

458 1074 518 1123 tu
541 1067 761 1123 bellum
786 1074 942 1140 geris
958 1070 1399 1126 cumMarcione
1414 1071 1441 1125 ?
1456 1088 1560 1125 cur
1576 1070 1725 1125 hanc
1742 1085 1997 1140 pugnam
2018 1068 2120 1122 ad-

468 1173 673 1213 versus
705 1174 842 1213 eum
877 1156 1171 1231 suscipis?
1202 1161 1466 1224 Quanam
1491 1159 1539 1215 is
1563 1163 1617 1215 te
1642 1174 1904 1230 unquam
1935 1155 2125 1212 atl‘eeit

465 1246 775 1302 molestia?
798 1247 1002 1303 desine
1020 1248 1373 1320 belligerari,
1395 1248 1612 1304 desiste
1634 1265 1668 1303 a
1693 1244 2121 1311 malevolentia,

463 1339 565 1389 aut
589 1334 1148 1407 discesexperientia
1163 1341 1444 1408 quantum
1462 1338 1667 1392 bonum
1680 1334 2125 1407 sitquies.Scias

464 1425 621 1495 quod
648 1432 698 1479 te
720 1425 843 1495 jam
872 1426 1102 1496 pridem
1128 1427 1546 1496 contodissem,
1571 1426 1685 1481 nisi
1703 1425 1948 1480 chorum
1969 1441 2122 1479 mar-

464 1518 661 1583 tyrum
680 1519 733 1568 te
746 1514 1177 1570 custodientem
1193 1515 1471 1571 vidissem
1488 1514 2003 1570 cumJacobo.Haec
2019 1529 2123 1584 ego

465 1602 746 1671 audivi,et
765 1602 880 1656 dixi
907 1603 1141 1658 cuidam
1159 1605 1306 1658 841
1330 1621 1398 1658 ex
1418 1604 1809 1659 familiaribus
1829 1603 1927 1674 qui
1948 1618 2126 1673 prope

430 1752 437 1758 λ
467 1707 560 1745 me
590 1690 952 1746 dormiebat:
988 1693 1192 1760 Audis,
1222 1692 1491 1763 inquam,
1518 1710 1645 1765 qua:
1678 1693 1954 1747 dicuntur
1977 1690 2003 1746 ‘I
2023 1689 2126 1744 Ille

463 1796 596 1835 vero
620 1798 632 1834 :
652 1780 883 1847 Omnia,
905 1780 1117 1852 inquit,
1144 1781 1375 1852 audivi;
1402 1787 1609 1837 etcum
1630 1782 1836 1838 vellem
1862 1795 2122 1853 surgere,

2229 623 2428 679 anima
2450 625 2520 680 ab
2554 640 2619 680 eo
2652 623 2790 680 vitio
2809 625 3251 693 remotissima),
3277 624 3378 681 sed
3406 642 3538 681 cum
3565 623 3732 679 illum
3757 624 3887 695 qui-

2228 711 2363 766 dam
2379 729 2523 768 usus
2542 729 2609 768 ea
2622 712 3114 786 coegissetdicere
3130 729 3259 784 quae
3273 712 3725 769 volebatcelare.
3743 713 3891 782 Sup-

2227 799 2359 873 plex
2379 802 2450 857 ab
2475 817 2540 857 eo
2593 802 3018 857 contendebam
3043 807 3104 858 ut
3130 806 3323 858 oraret
3363 802 3545 858 Deum
3576 801 3887 857 universo-

2228 906 2382 957 rum,
2400 892 2743 948 utredderet
2762 891 2907 946 mihi
2934 896 3188 964 segetem
3210 892 3494 947 mundam
3518 891 3810 947 azizaniis
3832 894 3892 945 et

2228 996 2261 1034 a
2275 979 2598 1035 seminibus
2612 979 2898 1037 haereticis
2914 996 3041 1036 eam
3056 980 3296 1035 omnino
3311 979 3605 1047 liberaret;
3626 995 3717 1034 me
3732 978 3890 1034 enim

2227 1066 2393 1123 valde
2416 1069 2670 1139 angebat
2694 1068 3072 1125 abominandi
3096 1068 3407 1124 Marcionis
3431 1085 3593 1124 error
3623 1069 3724 1139 qui
3752 1068 3886 1139 plu-

2231 1158 2447 1213 rimum
2465 1157 2967 1214 invalueral.Dixit
2985 1158 3185 1229 itaque
3207 1175 3239 1214 a
3262 1174 3353 1213 me
3375 1164 3579 1214 oratus
3606 1157 3753 1213 :Nec
3776 1173 3892 1223 me,

2231 1263 2336 1303 nec
2367 1247 2483 1304 ullo
2517 1247 2628 1304 alio
2662 1248 2766 1303 tibi
2797 1265 2943 1319 opus
2987 1251 3077 1303 est
3106 1248 3179 1304 ad
3230 1248 3413 1304 Deum
3464 1248 3893 1315 intercessore;

2232 1346 2413 1402 habes
2441 1346 2597 1401 enim
2620 1345 2907 1402 Joannem
2940 1346 3107 1401 illum
3140 1345 3456 1416 insignem,
3487 1344 3661 1401 Verbi
3683 1361 3885 1401 vocem

2232 1435 2466 1490 Domini
2492 1451 2935 1506 pracursurem,
2959 1434 3067 1490 has
3090 1451 3192 1506 pro
3216 1438 3270 1489 te
3289 1451 3489 1506 preces
3504 1433 3739 1490 assidue
3759 1434 3898 1489 otl‘e-

2233 1529 2479 1579 rentem.
2514 1523 2658 1579 Cum
2684 1529 2881 1579 autem
2914 1539 3021 1595 ego
3045 1523 3297 1579 dicerem
3319 1539 3411 1579 me
3433 1528 3490 1578 et
3510 1524 3636 1593 ejus
3659 1523 3898 1578 credere

2234 1611 2623 1680 orationibus,
2658 1617 2714 1667 et
2745 1611 2996 1667 aliorum
3028 1616 3368 1667 sanctorum
3403 1610 3807 1684 apostolorum
3837 1614 3896 1665 et

2234 1700 2676 1772 prophetarum,
2702 1716 2950 1771 quorum
2980 1700 3050 1755 ad
3072 1716 3178 1756 nos
3198 1716 3384 1772 nuper
3406 1699 3609 1756 delatae
3633 1703 3774 1754 sunt
3805 1715 3897 1753 re-

2233 1788 2428 1860 liquiae
2459 1805 2473 1845 :
2507 1790 2667 1855 Esto,
2695 1789 2909 1861 inquit,
2942 1790 3094 1845 bono
3118 1790 3315 1844 animo
3341 1806 3357 1859 ;
3381 1788 3560 1845 habes
3604 1789 3896 1845 Joannem

464 1875 518 1923 et
542 1869 853 1941 respicere,
879 1873 935 1924 et
957 1869 1104 1925 scire
1120 1871 1253 1942 quis
1272 1870 1632 1941 loqueretur,
1654 1875 1755 1925 tua
1773 1887 1946 1925 causa
1969 1869 2127 1941 quie-
2157 1896 2203 1961 B
2236 1877 2584 1948 Βαριίειαω,
2609 1878 2721 1934 Sed
2745 1894 2848 1933 nec
2870 1877 2953 1934 sic
2976 1895 3110 1933 eum
3134 1895 3346 1950 passus
3378 1895 3511 1933 sum
3554 1877 3749 1943 silere,
3793 1876 3899 1932 sed

460 1958 538 2023 vi,
562 1976 696 2014 cum
723 1962 775 2014 te
807 1962 1069 2031 putarem
1094 1958 1416 2031 quiescere.
1440 1960 1629 2016 Ambo
1661 1961 1855 2032 itaque
1880 1975 2125 2030 surgen-

465 2052 553 2103 tes
568 2048 959 2120 respeximus,
976 2065 1165 2120 neque
1180 2049 1368 2104 ullum
1385 2049 1487 2120 qui
1506 2055 1832 2105 moveretur
1845 2047 2124 2117 vidimus,

461 2154 569 2193 nec
601 2137 1058 2208 quiloqueretur
1078 2138 1435 2193 audivimus.
1456 2138 1558 2193 Illa
1581 2139 1755 2194 verba
1773 2137 1869 2193 alii
1893 2152 2126 2209 quoque

459 2226 558 2297 qui
577 2226 878 2282 nobiscum
900 2226 1622 2283 habitabantaudiverunt.
1641 2226 2127 2298 Intellexitigitur

460 2315 618 2385 quod
654 2320 979 2388 martyrum
1014 2315 1251 2387 quidem
1283 2316 1525 2372 chorum
1554 2316 1783 2371 dicebat
1806 2314 2125 2386 Lecythum

460 2404 571 2461 olei
585 2408 906 2476 martyrum
924 2404 1169 2476 quicum
1186 2423 1217 2461 a
1233 2405 1437 2461 multis
1450 2405 1805 2477 martyribus
1825 2404 2120 2460 collectam

459 2493 701 2549 haberet
731 2494 1220 2561 benedictionem,
1249 2496 1540 2567 pendebat
1569 2512 1602 2549 a
1637 2511 1764 2549 meo
1792 2493 1939 2548 lecto
1967 2510 1979 2547 :
2003 2493 2113 2548 sub

463 2600 589 2640 meo
614 2587 809 2639 autem
832 2584 1019 2655 capite
1048 2588 1173 2640 erat
1196 2584 1394 2656 magni
1425 2583 1627 2640 Jacobi
1650 2588 1817 2639 vetus
1848 2583 2122 2653 amictus,

462 2673 564 2744 qui
599 2672 802 2744 quovis
833 2672 1087 2728 claustro
1121 2674 1501 2729 adamantino
1532 2672 1641 2727 fuit
1676 2671 1819 2726 mihi
1854 2671 2120 2740 validior,

463 2762 611 2828 Quin
638 2761 813 2818 etiam
843 2778 979 2817 cum
1011 2779 1213 2817 eorum
1246 2762 1567 2817 maximum
1602 2762 1797 2815 vicum
1829 2777 2019 2815 essem
2041 2760 2123 2813 in-

460 2868 795 2923 gressurus,
821 2850 1030 2906 deinde
1047 2850 1228 2906 multa
1246 2850 1803 2907 essentintermedia
1826 2866 1953 2921 quae
1974 2848 2121 2903 mihi

462 2938 856 3012 prohibebant
870 2940 1110 3011 exitum,
1128 2940 1261 2996 misi
1276 2940 1347 2996 ad
1364 2957 1554 2995 meum
1574 2938 1805 3004 Isaiam,
1820 2954 2035 3009 rogans
2059 2941 2123 2992 ut

461 3028 727 3084 divinum
764 3044 1156 3100 consequerer
1183 3028 1492 3084 auxilium.
1527 3027 1625 3083 llle
1656 3044 1811 3093 vero,
1835 3027 1997 3093 Esto,
2031 3025 2120 3080 in-

463 3105 767 3190 quit,bono
785 3117 1001 3187 animo;
1018 3117 1209 3173 soluta
1226 3117 1574 3175 suntomnia
1591 3116 1917 3188 illaimpedi
1934 3123 2121 3170 menta

466 3207 655 3263 instar
678 3206 803 3262 telae
831 3224 1199 3276 aranearum;
1218 3208 1393 3279 idque
1416 3211 1589 3262 noctu
1610 3204 2117 3261 medocuitDomi-

467 3313 725 3366 nus,non
741 3296 796 3351 in
814 3297 1549 3369 somnisadumbrans,sed
1568 3313 1763 3351 revera
1777 3296 2115 3350 ostendens.

467 3385 592 3442 Vidi
625 3385 805 3454 enim,
839 3386 1051 3453 aiebat,
1084 3404 1219 3442 cum
1248 3386 1601 3455 incepissem
1635 3383 2037 3457 hymnodiam,
2065 3383 2124 3438 in

467 3474 568 3530 illa
592 3480 752 3546 parte
774 3475 833 3530 in
857 3492 970 3546 qua
990 3475 1090 3532 illa
1112 3475 1237 3532 loca
1255 3475 1367 3531 sita
1391 3480 1891 3546 sunt,serpentem
1918 3490 2124 3545 quem-

470 3565 605 3619 dam
632 3564 778 3636 ignis
793 3564 1045 3636 speciem
1072 3582 1186 3636 prae
1203 3582 1263 3621 se
1279 3566 1581 3632 ferentem,
1607 3564 1706 3635 qui
1724 3564 1794 3619 ab
1817 3562 2127 3618 Occidente

471 3654 742 3725 reptabat
757 3654 813 3707 in
831 3652 1124 3709 Orientem
1141 3659 1197 3710 et
1214 3654 1470 3710 ferebatu
1483 3672 1505 3708 r
1520 3670 1622 3726 per
1635 3652 1827 3708 mediu
1840 3669 1892 3707 m
1909 3668 2121 3707 aerem.

469 3744 613 3799 Cum
648 3741 940 3799 orationes
965 3747 1161 3799 autem
1197 3748 1312 3799 tres
1346 3744 1728 3815 peregissem,
1765 3759 1972 3797 rursus
2011 3740 2125 3795 vidi

466 3831 833 3902 inﬂexum,et
847 3832 1232 3889 orbiculatam
1254 3834 1651 3889 ostendentem
1674 3834 1917 3904 figuram
1933 3830 2127 3899 etejus

469 3922 718 3979 caudam
745 3921 919 3994 capiti
954 3924 1347 3993 conjunctam.
1375 3923 1517 3978 Cum
1542 3939 1748 3977 rursus
1781 3925 1975 3976 autem
1999 3924 2125 3974 octo

470 4011 767 4067 orationes
822 4009 1231 4081 absolvissem,
1264 4011 1459 4083 aspexi
1495 4026 1625 4065 eum
1659 4010 1715 4062 in
1752 4010 1899 4064 duas
1930 4013 2125 4080 partes

471 4101 791 4157 dissectum
812 4099 940 4156 etin
964 4099 1189 4155 fumum
1216 4098 1561 4154 resolutum.
1591 4099 1718 4152 llaec
1743 4096 1865 4168 ipse
1888 4096 2125 4167 quidem

473 4188 557 4244 sic
580 4188 865 4260 praevidit,
884 4205 988 4243 nos
1004 4192 1197 4243 autem
1214 4188 1700 4242 vidimusexitum
1720 4186 1813 4257 qui
1832 4185 2128 4241 consensit

472 4277 600 4348 ejus
631 4276 1015 4349 prmdictioni.
1040 4280 1205 4332 Mane
1235 4276 1391 4332 enim
1414 4275 1819 4331 maliauctoris
1844 4274 2125 4329 daemonis

469 4366 718 4437 imperio
749 4370 1044 4436 parentes,
1072 4365 1169 4437 qui
1198 4364 1333 4419 olim
1352 4365 1587 4435 quidem
1605 4368 1955 4419 erantsectae
1978 4366 2123 4417 Mar-

471 4454 678 4526 cionis,
704 4471 860 4509 nunc
885 4458 1079 4509 autem
1103 4458 1239 4509 sunt
1264 4454 1472 4509 classis
1495 4454 1847 4525 apostolica),
1872 4453 1943 4508 ab
1966 4453 2123 4508 Occi-

471 4544 644 4600 dente
665 4543 929 4615 prol'ecti,
952 4544 1141 4599 nudos
1167 4543 1335 4599 nobis
1367 4559 1535 4598 enses
1551 4543 1954 4610 ostendebant;
1981 4541 2123 4596 hora

2234 1967 2417 2023 multo
2434 1967 2617 2039 magis
2633 1969 2909 2038 urgebam
2927 1968 3539 2039 interrogans,etscire
3554 1966 3905 2023 desiderans

2232 2074 2335 2112 cur
2357 2058 2485 2128 ejus
2508 2056 2704 2128 potius
2734 2056 3121 2113 meminisset.
3145 2057 3247 2113 Ille
3264 2062 3482 2113 autem:
3518 2056 3764 2123 Vellem,
3799 2056 3891 2110 in-

2233 2146 2381 2217 quit,
2408 2145 2682 2218 amplecti
2701 2152 2757 2201 et
2778 2146 3106 2202 deosculari
3130 2148 3257 2217 ejus
3282 2144 3566 2202 amabiles
3582 2145 3887 2214 reliquias.

2231 2238 2373 2290 Cum
2407 2239 2603 2289 autem
2637 2234 2940 2290 dixissem:
2964 2235 3087 2289 Non
3115 2234 3353 2289 all'eram
3377 2251 3495 2301 eas,
3522 2234 3635 2289 nisi
3659 2232 3889 2305 pollici-

2230 2328 2326 2378 tus
2354 2323 2529 2378 fueris
2556 2330 2608 2378 te
2629 2339 2696 2378 ea
2717 2323 3013 2378 dicturum
3030 2341 3153 2394 quae
3170 2323 3739 2395 videris.Atqueipse
3762 2323 3893 2392 qui-

2231 2413 2361 2468 dem
2384 2417 2474 2467 est
2497 2411 2814 2482 pollicitus,
2839 2429 2942 2483 ego
2966 2429 3098 2468 vero
3143 2412 3423 2485 postridie
3448 2411 3620 2467 attuli
3663 2428 3729 2467 ea
3760 2428 3890 2483 qua:

2231 2502 2627 2568 desiderabat;
2648 2506 2859 2556 etcum
2884 2518 3092 2557 omnes
3111 2501 3386 2573 jussisset
3415 2502 3749 2567 abscedere,
3770 2500 3894 2555 haec

2233 2591 2374 2646 mihi
2402 2590 2511 2647 soli
2534 2591 2809 2646 narravit.
2840 2591 3084 2656 Quando
3111 2591 3241 2657 hos,
3264 2590 3476 2662 inquit,
3501 2590 3754 2646 civitatis
3780 2607 3887 2660 pa-

2228 2687 2449 2748 tronos,
2485 2680 2584 2750 qui
2618 2697 2652 2736 a
2681 2679 2978 2735 Phoenicia
3007 2686 3291 2736 venerant
3321 2684 3375 2734 et
3399 2679 3727 2746 Palaestina,
3752 2696 3890 2735 cum

2227 2768 2502 2824 Davidica
2522 2768 2799 2840 excepisti
2825 2768 3055 2838 chorea,
3079 2769 3235 2823 venit
3254 2768 3396 2825 mihi
3423 2769 3481 2823 in
3506 2774 3759 2825 mentem
3788 2785 3890 2823 co-

2228 2857 2411 2929 gitare
2435 2875 2576 2912 num
2600 2857 2686 2913 hae
2702 2856 3337 2930 essentilliusinsignis
3356 2857 3601 2913 Joannis
3624 2856 3888 2929 reliquiae

2227 2953 2285 3003 et
2313 2965 2425 3003 non
2452 2948 2694 3003 alterius
2717 2947 2991 3018 martyris
3012 2948 3113 3018 qui
3136 2952 3289 3002 esset
3313 2947 3575 3018 ejusdem
3598 2947 3883 3003 nominis.

2226 3049 2366 3101 Post
2384 3063 2567 3100 unum
2592 3061 2729 3116 ergo
2752 3044 2905 3100 diem
2927 3061 3032 3116 ego
3051 3046 3279 3100 stabam
3304 3045 3374 3099 ad
3401 3044 3653 3117 hymnos
3676 3046 3887 3100 decan—

2227 3135 2469 3203 tandos;
2497 3135 2663 3189 video
2686 3138 2881 3189 autem
2910 3136 3229 3205 quemdam
3252 3134 3501 3189 candida
3524 3140 3681 3189 veste
3705 3135 3886 3189 indu-

2232 3229 2381 3291 tum,
2416 3230 2471 3279 et
2500 3223 2814 3289 dicentem;
2849 3224 3051 3278 Frater
3078 3224 3313 3293 Jacobe,
3374 3240 3478 3278 cur
3510 3223 3680 3279 nobis
3710 3224 3889 3278 adve-

2233 3314 2533 3370 nientibus
2558 3330 2671 3368 non
2690 3312 2898 3368 venisti
2922 3311 3180 3367 obviam?
3203 3312 3348 3367 Cum
3373 3328 3478 3383 ego
3501 3317 3693 3368 autem
3719 3328 3888 3381 roga-

2232 3419 2353 3458 rem
2380 3402 2619 3473 quinam
2646 3406 2865 3471 essent,
2884 3401 3208 3473 respondit,
3232 3401 3451 3457 dicens:
3473 3401 3581 3465 Qui
3604 3418 3637 3457 a
3657 3400 3890 3457 Phoeni-

2233 3494 2320 3547 cia
2345 3496 2399 3547 et
2423 3490 2729 3546 Palaestina
2753 3507 2940 3561 nuper
2962 3490 3249 3557 venimus;
3285 3495 3344 3545 et
3373 3505 3506 3545 cum
3539 3494 3808 3562 prompto
3832 3496 3891 3546 et

2232 3580 2411 3638 alacri
2443 3580 2640 3636 animo
2674 3596 2778 3635 nos
2813 3596 3015 3635 omnes
3075 3580 3459 3650 excepissent,
3512 3584 3570 3634 et
3602 3584 3803 3651 pastor
3831 3586 3891 3635 et

2233 3670 2508 3743 populus,
2534 3675 2589 3725 et
2612 3669 2787 3733 cives,
2812 3674 2869 3724 et
2892 3667 3122 3735 rustici,
3149 3673 3207 3723 tu
3233 3667 3393 3723 solus
3416 3685 3618 3724 eorum
3646 3667 3888 3723 honoris

2235 3776 2348 3815 non
2375 3758 2535 3815 fuisti
2561 3758 2885 3830 particeps:
2911 3758 3189 3812 innuebat
3202 3761 3398 3812 autem
3414 3774 3539 3812 eam
3558 3774 3683 3828 qua:
3700 3758 3891 3813 fuerat

2234 3848 2683 3903 dubitationem.
2709 3848 2791 3902 Ad
2818 3847 3088 3918 beenergo
3112 3846 3254 3901 dicit
3276 3863 3337 3902 se
3352 3846 3590 3902 dixisse:
3618 3846 3889 3902 Absenti-

2231 3938 2343 3992 bus
2375 3943 2431 3992 et
2458 3935 2623 3992 vobis
2654 3940 2711 3991 et
2736 3935 2867 3991 aliis
2893 3940 2949 3990 et
2977 3952 3077 3991 vos
3128 3935 3371 4002 honoro,
3405 3942 3462 3990 et
3493 3936 3667 3991 adoro
3699 3940 3887 3991 Deum

2235 4045 2267 4082 υ
2280 4026 2577 4081 niversoru
2590 4042 2667 4081 m.
2684 4024 2909 4080 Rursus
2924 4030 3118 4081 autem
3136 4025 3228 4081 die
3244 4026 3510 4096 sequenti
3524 4026 3727 4081 eodem
3741 4030 3887 4080 tem-

2234 4131 2372 4188 pore
2398 4132 2529 4170 cum
2552 4114 2650 4170 ille
2674 4113 2798 4185 ipse
2822 4115 3215 4186 apparuisset:
3248 4115 3446 4185 Vides,
3471 4114 3685 4185 inquit,
3712 4115 3888 4171 frater

2230 4213 2463 4282 Jacobe,
2478 4230 2606 4268 eum
2621 4212 2741 4267 illic
2762 4215 3012 4267 stantem
3028 4254 3041 4278 ,
3057 4212 3227 4283 cujus
3242 4213 3479 4283 quidem
3493 4212 3671 4269 vestis
3684 4221 3771 4269 est
3791 4230 3885 4269 co-

2231 4303 2351 4359 lore
2376 4303 2489 4358 nivi
2511 4301 2744 4371 similis,
2773 4306 2863 4358 est
2884 4305 3078 4357 autem
3102 4318 3280 4373 prope
3303 4301 3465 4357 illum
3483 4302 3709 4373 positus
3730 4302 3885 4379 ignis

2232 4392 2521 4448 clibanus.
2545 4395 2690 4450 Cum
2714 4395 2907 4447 autem
2930 4407 3035 4463 ego
3060 4391 3197 4447 illuc
3223 4389 3424 4447 oculos
3442 4391 3882 4462 convertissem,

2231 4486 2287 4538 et
2307 4481 2476 4536 illum
2502 4497 2629 4537 esse
2650 4480 2935 4536 Joannem
2958 4480 3281 4552 Baptistam
3316 4481 3698 4549 conjecissem
3724 4482 3883 4553 (nam

2232 4576 2289 4627 et
2318 4570 2529 4626 vestitu
2559 4569 3030 4637 eratindutus,et
3052 4587 3293 4625 manum
3324 4569 3579 4626 habebat
3606 4575 3669 4627 ut
3690 4572 3881 4643 bapti-

470 4638 664 4730 au‘tem
691 4632 806 4688 diei
840 4632 1210 4730 tertia-simul
1238 4632 1443 4697 coacti,
1468 4632 1977 4730 cursurgerebant
2000 4648 2116 4686 sua)
2149 4636 2195 4700 Ι)
2226 4662 2407 4729 mus):
2436 4663 2489 4715 IS
2521 4664 2629 4728 est,
2656 4658 2869 4729 inquit,
2898 4632 3071 4730 qﬁem
3096 4662 3161 4714 tu
3190 4658 3514 4730 coniecisti.
3540 4659 3687 4726 Quin
3706 4632 3882 4715 etiam

470 4721 657 4778 solum
675 4720 973 4792 custodiae,
993 4722 1140 4776 sicut
1164 4738 1405 4792 serpens
1425 4722 1521 4793 qui
1544 4722 1728 4775 cauda
1750 4724 1927 4791 caput
1949 4737 2121 4776 suum

470 4811 740 4867 contexit:
768 4814 969 4866 octava
1001 4814 1195 4866 autem
1230 4811 1501 4882 dispersi,
1538 4811 1821 4865 dederunt
1843 4809 2011 4864 dobis
2035 4809 2122 4865 lo—

469 4917 602 4957 cum
628 4899 993 4973 ingrediendi
1018 4899 1074 4953 in
1098 4900 1310 4954 vicum.
1335 4900 1542 4955 Statim
1568 4903 1761 4955 autem
1788 4898 2121 4955 invenimus

471 4994 803 5062 serpentem
824 4989 1039 5044 factum
1059 5006 1127 5043 ex
1148 4988 1278 5044 aeris
1299 4990 1543 5045 materia
1575 4989 1671 5059 qui
1706 4988 1777 5043 ab
1807 4988 1890 5043 eis
1921 4989 2121 5045 adera-

469 5078 661 5134 batur.
688 5080 830 5134 Cum
856 5078 1010 5133 enim
1036 5079 1316 5133 adversus
1342 5078 1608 5148 Opificem
1633 5082 1686 5132 et
1712 5076 2117 5133 universorum

470 5172 789 5224 creatorem
804 5168 1018 5223 bellum
1036 5173 1234 5240 aperte
1265 5169 1683 5239 suscepissent,
1702 5170 2119 5223 exsecrandum

467 5262 1120 5330 serpentem,tanquam
1146 5256 1304 5313 illius
1325 5258 1779 5325 bostem,colere
1813 5258 2121 5313 contende-

465 5353 629 5405 bant.
658 5349 818 5404 Talia
850 5366 954 5421 ego
1002 5349 1284 5406 beneficia
1311 5367 1344 5406 a
1378 5349 1520 5405 mihi
1553 5350 1881 5406 venerando
1930 5349 2118 5420 capite

471 5456 603 5495 sum
631 5444 1000 5495 consecutus.

540 5564 825 5630 Quoniam
840 5568 1035 5620 autem
1051 5563 1380 5622 divinarum
1397 5566 1817 5623 revelationum
1838 5564 2117 5620 narratio-

469 5671 604 5712 nem
636 5655 899 5725 ingressa
918 5658 1007 5709 est
1037 5654 1241 5722 oratio,
1270 5672 1376 5728 age
1402 5657 1652 5712 narrabo
1677 5672 1803 5727 quae
1828 5653 2023 5710 audivi
2044 5654 2115 5709 ab

469 5746 569 5802 illa
593 5743 796 5815 lingua
818 5742 889 5799 ab
912 5742 1071 5799 omni
1094 5744 1622 5802 mendacioaliena.
1642 5745 1905 5803 Narravit
1922 5746 2115 5800 autem

2230 4749 2444 4821 inquit,
2470 4766 2603 4804 cum
2622 4753 2681 4804 tu
2706 4747 3023 4819 aliquando
3039 4753 3212 4804 noctu
3229 4750 3295 4804 ad
3316 4750 3574 4821 primum
3590 4750 3786 4805 vicum
3811 4752 3881 4807 ad

2232 4839 2541 4895 seditiosos
2566 4854 2663 4893 eos
2701 4838 2981 4893 docturus
3014 4838 3226 4905 abires,
3260 4842 3316 4894 et
3348 4843 3409 4893 ut
3439 4855 3544 4911 ego
3575 4839 3781 4909 majori
3816 4856 3881 4895 ac

2231 4928 2651 4984 vehementiori
2685 4927 2837 4983 842
2863 4927 3058 4983 studio
3090 4926 3203 4982 Deo
3235 4928 3502 4983 offerrem
3535 4930 3880 4996 orationem,

2231 5018 2595 5085 mandasses,
2627 5020 2748 5073 tota
2780 5022 2947 5073 nocte
2998 5015 3235 5088 vigilavi
3293 5034 3508 5091 rogans
3538 5018 3879 5073 Dominum.

2230 5115 2450 5171 Deinde
2472 5113 2664 5170 audivi
2688 5130 2883 5169 vocem
2913 5114 3241 5170 dicentem:
3276 5114 3357 5170 Ne
3386 5115 3617 5184 timeas,
3648 5132 3680 5172 ο
3708 5120 3883 5171 Jaco-

2230 5205 2322 5271 be;
2357 5221 2604 5274 magnus
2636 5202 2793 5259 enim
2824 5203 3081 5258 Joannes
3112 5203 3375 5275 Baptista
3406 5208 3527 5259 tota
3558 5210 3724 5261 nocte
3754 5210 3884 5260 orat

2231 5298 2413 5349 Deum
2429 5293 2834 5349 universorum
2847 5291 3043 5347 .Facta
3057 5292 3209 5347 enim
3225 5292 3436 5348 fuisset
3450 5310 3661 5366 magna
3674 5294 3882 5359 cades,

2230 5382 2342 5437 nisi
2374 5381 2533 5437 illius
2564 5379 3084 5437 intercessionibus
3116 5381 3325 5437 fuisset
3347 5382 3634 5438 exstincta
3664 5382 3882 5439 diaboli

2228 5470 2493 5527 audacia.
2526 5475 2657 5525 Haec
2686 5485 2820 5525 cum
2851 5468 2997 5524 mihi
3032 5474 3350 5539 narrasset,
3378 5471 3651 5544 praecepit
3679 5476 3741 5527 ut
3772 5488 3877 5543 ego

2229 5564 2389 5621 solus
2423 5563 2656 5632 scirem,
2686 5567 2742 5618 et
2774 5578 2843 5617 ne
2875 5562 3020 5618 alios
3053 5578 3417 5619 assumerem
3449 5563 3734 5621 conscios.
3760 5568 3877 5636 Ego

2228 5658 2423 5709 autem
2454 5651 2729 5708 utilitatis
2757 5652 2950 5723 gratia
2973 5668 3089 5707 non
3112 5650 3305 5708 solum
3358 5652 3562 5709 multis
3619 5653 3872 5723 narravi,

2228 5742 2329 5799 sed
2359 5741 2536 5797 etiam
2568 5740 2782 5797 mando
2813 5739 3070 5811 scriptis.
