  <div class='ocr_page' id='page_1' title='image "/cluster/home/n/w/nwhite01/storage/ocr_20150623/74/hvd.32044054758784/050.png"; bbox 0 0 4180 6338; ppageno 0'>
   <div class='ocr_carea' id='block_1_1' title="bbox 309 440 386 494">
    <p class='ocr_par' dir='ltr' id='par_1_1' title="bbox 309 440 386 494">
     <span class='ocr_line' id='line_1_1' title="bbox 309 440 386 494; baseline 0 0"><span class='ocrx_word' id='word_1_1' title='bbox 309 440 386 494; x_wconf 80' lang='lat'>89</span> 
     </span>
    </p>
   </div>
   <div class='ocr_carea' id='block_1_2' title="bbox 1456 447 2611 515">
    <p class='ocr_par' dir='ltr' id='par_1_2' title="bbox 1456 447 2611 515">
     <span class='ocr_line' id='line_1_2' title="bbox 1456 447 2611 515; baseline 0 -14"><span class='ocrx_word' id='word_1_2' title='bbox 1456 447 1933 515; x_wconf 79' lang='lat' dir='ltr'>PHILOTHEUS,</span> <span class='ocrx_word' id='word_1_3' title='bbox 1976 460 2100 500; x_wconf 80' lang='lat' dir='ltr'>SIVE</span> <span class='ocrx_word' id='word_1_4' title='bbox 2140 448 2611 503; x_wconf 79' lang='lat' dir='ltr'>THEOPHILES.</span> 
     </span>
    </p>
   </div>
   <div class='ocr_carea' id='block_1_3' title="bbox 3661 446 3733 499">
    <p class='ocr_par' dir='ltr' id='par_1_3' title="bbox 3661 446 3733 499">
     <span class='ocr_line' id='line_1_3' title="bbox 3661 446 3733 499; baseline 0 0"><span class='ocrx_word' id='word_1_5' title='bbox 3661 446 3733 499; x_wconf 81' lang='lat'>90</span> 
     </span>
    </p>
   </div>
   <div class='ocr_carea' id='block_1_4' title="bbox 389 569 3742 646">
    <p class='ocr_par' dir='ltr' id='par_1_4' title="bbox 389 569 3742 646">
     <span class='ocr_line' id='line_1_4' title="bbox 389 569 3742 646; baseline 0.001 -23"><span class='ocrx_word' id='word_1_6' title='bbox 389 569 521 623; x_wconf 86' lang='lat' dir='ltr'>Jam</span> <span class='ocrx_word' id='word_1_7' title='bbox 553 583 693 623; x_wconf 88' lang='lat' dir='ltr'>vero</span> <span class='ocrx_word' id='word_1_8' title='bbox 726 585 759 623; x_wconf 90' lang='lat' dir='ltr'>a</span> <span class='ocrx_word' id='word_1_9' title='bbox 781 585 843 624; x_wconf 88' lang='lat' dir='ltr'>se</span> <span class='ocrx_word' id='word_1_10' title='bbox 873 585 1102 641; x_wconf 91' lang='lat' dir='ltr'>quoque</span> <span class='ocrx_word' id='word_1_11' title='bbox 1136 572 1365 627; x_wconf 88' lang='lat' dir='ltr'>dicebat</span> <span class='ocrx_word' id='word_1_12' title='bbox 1395 589 1523 628; x_wconf 88' lang='lat' dir='ltr'>esse</span> <span class='ocrx_word' id='word_1_13' title='bbox 1543 575 1729 629; x_wconf 91' lang='lat' dir='ltr'>visum</span> <span class='ocrx_word' id='word_1_14' title='bbox 1762 573 1979 644; x_wconf 85' lang='lat' dir='ltr'>Joseph</span> <span class='ocrx_word' id='word_1_15' title='bbox 2010 573 2065 639; x_wconf 84' lang='grc' dir='ltr'><strong>Α</strong></span> <span class='ocrx_word' id='word_1_16' title='bbox 2096 572 2310 645; x_wconf 71' lang='lat' dir='ltr'>aurigae</span> <span class='ocrx_word' id='word_1_17' title='bbox 2342 578 2399 629; x_wconf 90' lang='lat' dir='ltr'>et</span> <span class='ocrx_word' id='word_1_18' title='bbox 2420 590 2703 646; x_wconf 90' lang='lat' dir='ltr'>equorum</span> <span class='ocrx_word' id='word_1_19' title='bbox 2728 574 3148 630; x_wconf 86' lang='lat' dir='ltr'>binnientium.</span> <span class='ocrx_word' id='word_1_20' title='bbox 3172 580 3261 630; x_wconf 83' lang='lat' dir='ltr'>Me</span> <span class='ocrx_word' id='word_1_21' title='bbox 3284 579 3478 629; x_wconf 88' lang='lat' dir='ltr'>autem</span> <span class='ocrx_word' id='word_1_22' title='bbox 3500 578 3742 629; x_wconf 86' lang='lat' dir='ltr'>contur-</span> 
     </span>
    </p>
   </div>
   <div class='ocr_carea' id='block_1_5' title="bbox 320 658 1975 729">
    <p class='ocr_par' dir='ltr' id='par_1_5' title="bbox 320 658 1975 729">
     <span class='ocr_line' id='line_1_5' title="bbox 320 658 1975 729; baseline 0.005 -19"><span class='ocrx_word' id='word_1_23' title='bbox 320 658 757 727; x_wconf 87' lang='lat' dir='ltr'>patriarcham,</span> <span class='ocrx_word' id='word_1_24' title='bbox 798 658 989 729; x_wconf 80' lang='lat' dir='ltr'>capite</span> <span class='ocrx_word' id='word_1_25' title='bbox 1019 664 1076 715; x_wconf 90' lang='lat' dir='ltr'>et</span> <span class='ocrx_word' id='word_1_26' title='bbox 1108 660 1289 717; x_wconf 80' lang='lat' dir='ltr'>barba</span> <span class='ocrx_word' id='word_1_27' title='bbox 1338 678 1573 729; x_wconf 88' lang='lat' dir='ltr'>canum,</span> <span class='ocrx_word' id='word_1_28' title='bbox 1607 667 1664 718; x_wconf 90' lang='lat' dir='ltr'>et</span> <span class='ocrx_word' id='word_1_29' title='bbox 1712 662 1770 718; x_wconf 91' lang='lat' dir='ltr'>in</span> <span class='ocrx_word' id='word_1_30' title='bbox 1811 664 1975 718; x_wconf 88' lang='lat' dir='ltr'>senio</span> 
     </span>
    </p>
   </div>
   <div class='ocr_carea' id='block_1_6' title="bbox 315 746 1975 821">
    <p class='ocr_par' dir='ltr' id='par_1_6' title="bbox 315 746 1975 821">
     <span class='ocr_line' id='line_1_6' title="bbox 315 746 1975 821; baseline 0.005 -20"><span class='ocrx_word' id='word_1_31' title='bbox 315 747 524 801; x_wconf 71' lang='lat' dir='ltr'>forma:</span> <span class='ocrx_word' id='word_1_32' title='bbox 558 746 926 803; x_wconf 87' lang='lat' dir='ltr'>emittentem</span> <span class='ocrx_word' id='word_1_33' title='bbox 960 750 1419 821; x_wconf 88' lang='lat' dir='ltr'>splendorem,et</span> <span class='ocrx_word' id='word_1_34' title='bbox 1449 752 1509 807; x_wconf 92' lang='lat' dir='ltr'>in</span> <span class='ocrx_word' id='word_1_35' title='bbox 1541 752 1775 808; x_wconf 90' lang='lat' dir='ltr'>virtutis</span> <span class='ocrx_word' id='word_1_36' title='bbox 1814 754 1975 809; x_wconf 89' lang='lat' dir='ltr'>fasti-</span> 
     </span>
    </p>
   </div>
   <div class='ocr_carea' id='block_1_7' title="bbox 315 836 1974 908">
    <p class='ocr_par' dir='ltr' id='par_1_7' title="bbox 315 836 1974 908">
     <span class='ocr_line' id='line_1_7' title="bbox 315 836 1974 908; baseline 0.005 -19"><span class='ocrx_word' id='word_1_37' title='bbox 315 836 415 904; x_wconf 84' lang='lat' dir='ltr'>gio</span> <span class='ocrx_word' id='word_1_38' title='bbox 462 837 729 908; x_wconf 89' lang='lat' dir='ltr'>seipsum</span> <span class='ocrx_word' id='word_1_39' title='bbox 782 843 1125 895; x_wconf 88' lang='lat' dir='ltr'>sanctorum</span> <span class='ocrx_word' id='word_1_40' title='bbox 1175 846 1496 897; x_wconf 83' lang='lat' dir='ltr'>extremum</span> <span class='ocrx_word' id='word_1_41' title='bbox 1548 842 1974 898; x_wconf 89' lang='lat' dir='ltr'>nominantem.</span> 
     </span>
    </p>
   </div>
   <div class='ocr_carea' id='block_1_8' title="bbox 316 924 1978 1003">
    <p class='ocr_par' dir='ltr' id='par_1_8' title="bbox 316 924 1978 1003">
     <span class='ocr_line' id='line_1_8' title="bbox 316 924 1978 1003; baseline 0.006 -24"><span class='ocrx_word' id='word_1_42' title='bbox 316 924 464 980; x_wconf 73' lang='lat' dir='ltr'>Nam</span> <span class='ocrx_word' id='word_1_43' title='bbox 499 942 636 981; x_wconf 90' lang='lat' dir='ltr'>cum</span> <span class='ocrx_word' id='word_1_44' title='bbox 666 943 793 999; x_wconf 86' lang='lat' dir='ltr'>ego,</span> <span class='ocrx_word' id='word_1_45' title='bbox 827 928 1037 999; x_wconf 89' lang='lat' dir='ltr'>inquit,</span> <span class='ocrx_word' id='word_1_46' title='bbox 1072 945 1204 985; x_wconf 91' lang='lat' dir='ltr'>eum</span> <span class='ocrx_word' id='word_1_47' title='bbox 1241 932 1497 1003; x_wconf 90' lang='lat' dir='ltr'>primum</span> <span class='ocrx_word' id='word_1_48' title='bbox 1531 934 1783 989; x_wconf 82' lang='lat' dir='ltr'>dicerem</span> <span class='ocrx_word' id='word_1_49' title='bbox 1816 949 1882 988; x_wconf 86' lang='lat' dir='ltr'>ex</span> <span class='ocrx_word' id='word_1_50' title='bbox 1906 933 1978 989; x_wconf 89' lang='lat' dir='ltr'>iis</span> 
     </span>
    </p>
   </div>
   <div class='ocr_carea' id='block_1_9' title="bbox 319 1014 1978 1095">
    <p class='ocr_par' dir='ltr' id='par_1_9' title="bbox 319 1014 1978 1095">
     <span class='ocr_line' id='line_1_9' title="bbox 319 1014 1978 1095; baseline 0.005 -27"><span class='ocrx_word' id='word_1_51' title='bbox 319 1014 427 1085; x_wconf 92' lang='lat' dir='ltr'>qui</span> <span class='ocrx_word' id='word_1_52' title='bbox 459 1019 604 1069; x_wconf 88' lang='lat' dir='ltr'>sunt</span> <span class='ocrx_word' id='word_1_53' title='bbox 634 1017 902 1085; x_wconf 85' lang='lat' dir='ltr'>ejusdem</span> <span class='ocrx_word' id='word_1_54' title='bbox 936 1035 1069 1074; x_wconf 90' lang='lat' dir='ltr'>cum</span> <span class='ocrx_word' id='word_1_55' title='bbox 1102 1020 1231 1091; x_wconf 92' lang='lat' dir='ltr'>ipso</span> <span class='ocrx_word' id='word_1_56' title='bbox 1264 1021 1455 1077; x_wconf 85' lang='lat' dir='ltr'>feretri</span> <span class='ocrx_word' id='word_1_57' title='bbox 1490 1022 1822 1095; x_wconf 78' lang='lat' dir='ltr'>participes,</span> <span class='ocrx_word' id='word_1_58' title='bbox 1853 1024 1978 1095; x_wconf 86' lang='lat' dir='ltr'>ipse</span> 
     </span>
    </p>
   </div>
   <div class='ocr_carea' id='block_1_10' title="bbox 318 1104 1283 1173">
    <p class='ocr_par' dir='ltr' id='par_1_10' title="bbox 318 1104 1283 1173">
     <span class='ocr_line' id='line_1_10' title="bbox 318 1104 1283 1173; baseline 0.01 -17"><span class='ocrx_word' id='word_1_59' title='bbox 318 1104 587 1173; x_wconf 87' lang='lat' dir='ltr'>seipsum</span> <span class='ocrx_word' id='word_1_60' title='bbox 621 1106 965 1163; x_wconf 84' lang='lat' dir='ltr'>nominabat</span> <span class='ocrx_word' id='word_1_61' title='bbox 988 1109 1283 1167; x_wconf 92' lang='lat' dir='ltr'>ultimum.</span> 
     </span>
    </p>
   </div>
   <div class='ocr_carea' id='block_1_11' title="bbox 393 1193 1978 1275">
    <p class='ocr_par' dir='ltr' id='par_1_11' title="bbox 393 1193 1978 1275">
     <span class='ocr_line' id='line_1_11' title="bbox 393 1193 1978 1275; baseline 0.007 -29"><span class='ocrx_word' id='word_1_62' title='bbox 393 1193 537 1247; x_wconf 70' lang='lat' dir='ltr'>Mihi</span> <span class='ocrx_word' id='word_1_63' title='bbox 572 1199 769 1249; x_wconf 89' lang='lat' dir='ltr'>autem</span> <span class='ocrx_word' id='word_1_64' title='bbox 799 1197 1059 1252; x_wconf 89' lang='lat' dir='ltr'>narravit</span> <span class='ocrx_word' id='word_1_65' title='bbox 1088 1199 1265 1254; x_wconf 90' lang='lat' dir='ltr'>etiam</span> <span class='ocrx_word' id='word_1_66' title='bbox 1316 1201 1510 1258; x_wconf 87' lang='lat' dir='ltr'>varios</span> <span class='ocrx_word' id='word_1_67' title='bbox 1536 1206 1592 1257; x_wconf 92' lang='lat' dir='ltr'>et</span> <span class='ocrx_word' id='word_1_68' title='bbox 1625 1202 1978 1275; x_wconf 80' lang='lat' dir='ltr'>multiplices</span> 
     </span>
    </p>
   </div>
   <div class='ocr_carea' id='block_1_12' title="bbox 318 1283 1978 1361">
    <p class='ocr_par' dir='ltr' id='par_1_12' title="bbox 318 1283 1978 1361">
     <span class='ocr_line' id='line_1_12' title="bbox 318 1283 1978 1361; baseline 0.008 -26"><span class='ocrx_word' id='word_1_69' title='bbox 318 1283 669 1338; x_wconf 66' lang='lat' dir='ltr'>daemonum</span> <span class='ocrx_word' id='word_1_70' title='bbox 699 1284 982 1354; x_wconf 89' lang='lat' dir='ltr'>insultus,</span> <span class='ocrx_word' id='word_1_71' title='bbox 1016 1288 1114 1359; x_wconf 88' lang='lat' dir='ltr'>qui</span> <span class='ocrx_word' id='word_1_72' title='bbox 1146 1289 1207 1343; x_wconf 89' lang='lat' dir='ltr'>in</span> <span class='ocrx_word' id='word_1_73' title='bbox 1251 1291 1445 1361; x_wconf 91' lang='lat' dir='ltr'>ipsum</span> <span class='ocrx_word' id='word_1_74' title='bbox 1481 1292 1611 1347; x_wconf 91' lang='lat' dir='ltr'>facti</span> <span class='ocrx_word' id='word_1_75' title='bbox 1644 1299 1802 1348; x_wconf 89' lang='lat' dir='ltr'>sunt.</span> <span class='ocrx_word' id='word_1_76' title='bbox 1834 1298 1978 1350; x_wconf 90' lang='lat' dir='ltr'>Cum</span> 
     </span>
    </p>
   </div>
   <div class='ocr_carea' id='block_1_13' title="bbox 317 1372 1979 1453">
    <p class='ocr_par' dir='ltr' id='par_1_13' title="bbox 317 1372 1979 1453">
     <span class='ocr_line' id='line_1_13' title="bbox 317 1372 1979 1453; baseline 0.008 -29"><span class='ocrx_word' id='word_1_77' title='bbox 317 1372 587 1443; x_wconf 91' lang='lat' dir='ltr'>primum</span> <span class='ocrx_word' id='word_1_78' title='bbox 624 1373 806 1441; x_wconf 90' lang='lat' dir='ltr'>enim,</span> <span class='ocrx_word' id='word_1_79' title='bbox 836 1376 1047 1445; x_wconf 79' lang='lat' dir='ltr'>aiebat,</span> <span class='ocrx_word' id='word_1_80' title='bbox 1081 1377 1191 1433; x_wconf 91' lang='lat' dir='ltr'>hoc</span> <span class='ocrx_word' id='word_1_81' title='bbox 1220 1380 1351 1435; x_wconf 75' lang='lat' dir='ltr'>vitae</span> <span class='ocrx_word' id='word_1_82' title='bbox 1375 1396 1559 1451; x_wconf 79' lang='lat' dir='ltr'>genus</span> <span class='ocrx_word' id='word_1_83' title='bbox 1586 1399 1716 1438; x_wconf 92' lang='lat' dir='ltr'>sum</span> <span class='ocrx_word' id='word_1_84' title='bbox 1751 1382 1979 1453; x_wconf 87' lang='lat' dir='ltr'>ingres-</span> 
     </span>
    </p>
   </div>
   <div class='ocr_carea' id='block_1_14' title="bbox 320 1462 1980 1545">
    <p class='ocr_par' dir='ltr' id='par_1_14' title="bbox 320 1462 1980 1545">
     <span class='ocr_line' id='line_1_14' title="bbox 320 1462 1980 1545; baseline 0.007 -29"><span class='ocrx_word' id='word_1_85' title='bbox 320 1478 452 1531; x_wconf 90' lang='lat' dir='ltr'>sus,</span> <span class='ocrx_word' id='word_1_86' title='bbox 485 1462 652 1518; x_wconf 89' lang='lat' dir='ltr'>visus</span> <span class='ocrx_word' id='word_1_87' title='bbox 681 1469 772 1519; x_wconf 87' lang='lat' dir='ltr'>est</span> <span class='ocrx_word' id='word_1_88' title='bbox 801 1465 947 1520; x_wconf 90' lang='lat' dir='ltr'>mihi</span> <span class='ocrx_word' id='word_1_89' title='bbox 980 1467 1221 1536; x_wconf 88' lang='lat' dir='ltr'>quidam</span> <span class='ocrx_word' id='word_1_90' title='bbox 1258 1471 1456 1526; x_wconf 90' lang='lat' dir='ltr'>nudus</span> <span class='ocrx_word' id='word_1_91' title='bbox 1500 1471 1685 1527; x_wconf 90' lang='lat' dir='ltr'>forma</span> <span class='ocrx_word' id='word_1_92' title='bbox 1718 1472 1980 1545; x_wconf 61' lang='lat' dir='ltr'>Ethiops</span> 
     </span>
    </p>
   </div>
   <div class='ocr_carea' id='block_1_15' title="bbox 321 1552 1980 1628">
    <p class='ocr_par' dir='ltr' id='par_1_15' title="bbox 321 1552 1980 1628">
     <span class='ocr_line' id='line_1_15' title="bbox 321 1552 1980 1628; baseline 0.007 -24"><span class='ocrx_word' id='word_1_93' title='bbox 321 1552 525 1621; x_wconf 85' lang='lat' dir='ltr'>ignem</span> <span class='ocrx_word' id='word_1_94' title='bbox 558 1567 629 1606; x_wconf 83' lang='lat' dir='ltr'>ex</span> <span class='ocrx_word' id='word_1_95' title='bbox 660 1552 848 1609; x_wconf 90' lang='lat' dir='ltr'>oculis</span> <span class='ocrx_word' id='word_1_96' title='bbox 876 1555 1154 1612; x_wconf 90' lang='lat' dir='ltr'>emittens</span> <span class='ocrx_word' id='word_1_97' title='bbox 1181 1573 1193 1623; x_wconf 93' lang='lat'><strong>;</strong></span> <span class='ocrx_word' id='word_1_98' title='bbox 1228 1574 1329 1628; x_wconf 83' lang='lat' dir='ltr'>ego</span> <span class='ocrx_word' id='word_1_99' title='bbox 1362 1564 1553 1615; x_wconf 85' lang='lat' dir='ltr'>autem</span> <span class='ocrx_word' id='word_1_100' title='bbox 1586 1577 1719 1616; x_wconf 90' lang='lat' dir='ltr'>cum</span> <span class='ocrx_word' id='word_1_101' title='bbox 1740 1578 1873 1616; x_wconf 92' lang='lat' dir='ltr'>eum</span> <span class='ocrx_word' id='word_1_102' title='bbox 1894 1561 1980 1615; x_wconf 88' lang='lat' dir='ltr'>vi-</span> 
     </span>
    </p>
   </div>
   <div class='ocr_carea' id='block_1_16' title="bbox 322 1640 1981 1720">
    <p class='ocr_par' dir='ltr' id='par_1_16' title="bbox 322 1640 1981 1720">
     <span class='ocr_line' id='line_1_16' title="bbox 322 1640 1981 1720; baseline 0.007 -26"><span class='ocrx_word' id='word_1_103' title='bbox 322 1640 550 1705; x_wconf 88' lang='lat' dir='ltr'>derem,</span> <span class='ocrx_word' id='word_1_104' title='bbox 584 1645 645 1695; x_wconf 88' lang='lat' dir='ltr'>et</span> <span class='ocrx_word' id='word_1_105' title='bbox 665 1644 875 1697; x_wconf 82' lang='lat' dir='ltr'>timore</span> <span class='ocrx_word' id='word_1_106' title='bbox 897 1659 1031 1699; x_wconf 90' lang='lat' dir='ltr'>sum</span> <span class='ocrx_word' id='word_1_107' title='bbox 1056 1644 1319 1715; x_wconf 80' lang='lat' dir='ltr'>affectus,</span> <span class='ocrx_word' id='word_1_108' title='bbox 1347 1652 1402 1701; x_wconf 90' lang='lat' dir='ltr'>et</span> <span class='ocrx_word' id='word_1_109' title='bbox 1421 1649 1489 1703; x_wconf 90' lang='lat' dir='ltr'>ad</span> <span class='ocrx_word' id='word_1_110' title='bbox 1521 1666 1721 1720; x_wconf 82' lang='lat' dir='ltr'>preces</span> <span class='ocrx_word' id='word_1_111' title='bbox 1743 1666 1981 1705; x_wconf 86' lang='lat' dir='ltr'>conver-</span> 
     </span>
    </p>
   </div>
   <div class='ocr_carea' id='block_1_17' title="bbox 319 1729 1981 1808">
    <p class='ocr_par' dir='ltr' id='par_1_17' title="bbox 319 1729 1981 1808">
     <span class='ocr_line' id='line_1_17' title="bbox 319 1729 1981 1808; baseline 0.008 -26"><span class='ocrx_word' id='word_1_112' title='bbox 319 1745 453 1795; x_wconf 90' lang='lat' dir='ltr'>sus,</span> <span class='ocrx_word' id='word_1_113' title='bbox 486 1745 596 1784; x_wconf 90' lang='lat' dir='ltr'>nec</span> <span class='ocrx_word' id='word_1_114' title='bbox 628 1729 686 1784; x_wconf 92' lang='lat' dir='ltr'>in</span> <span class='ocrx_word' id='word_1_115' title='bbox 710 1732 975 1787; x_wconf 89' lang='lat' dir='ltr'>animum</span> <span class='ocrx_word' id='word_1_116' title='bbox 1002 1734 1277 1791; x_wconf 88' lang='lat' dir='ltr'>inducere</span> <span class='ocrx_word' id='word_1_117' title='bbox 1302 1736 1462 1808; x_wconf 91' lang='lat' dir='ltr'>potui</span> <span class='ocrx_word' id='word_1_118' title='bbox 1487 1739 1760 1794; x_wconf 90' lang='lat' dir='ltr'>utcibum</span> <span class='ocrx_word' id='word_1_119' title='bbox 1787 1756 1981 1795; x_wconf 88' lang='lat' dir='ltr'>sumc-</span> 
     </span>
    </p>
   </div>
   <div class='ocr_carea' id='block_1_18' title="bbox 321 1817 1979 1897">
    <p class='ocr_par' dir='ltr' id='par_1_18' title="bbox 321 1817 1979 1897">
     <span class='ocr_line' id='line_1_18' title="bbox 321 1817 1979 1897; baseline 0.007 -24"><span class='ocrx_word' id='word_1_120' title='bbox 321 1833 472 1884; x_wconf 89' lang='lat' dir='ltr'>rem,</span> <span class='ocrx_word' id='word_1_121' title='bbox 506 1817 607 1873; x_wconf 93' lang='lat' dir='ltr'>illo</span> <span class='ocrx_word' id='word_1_122' title='bbox 627 1820 783 1875; x_wconf 90' lang='lat' dir='ltr'>enim</span> <span class='ocrx_word' id='word_1_123' title='bbox 807 1826 1071 1893; x_wconf 89' lang='lat' dir='ltr'>tempore</span> <span class='ocrx_word' id='word_1_124' title='bbox 1093 1824 1238 1879; x_wconf 91' lang='lat' dir='ltr'>mihi</span> <span class='ocrx_word' id='word_1_125' title='bbox 1262 1828 1600 1897; x_wconf 82' lang='lat' dir='ltr'>apparebat.</span> <span class='ocrx_word' id='word_1_126' title='bbox 1626 1832 1764 1884; x_wconf 91' lang='lat' dir='ltr'>Cum</span> <span class='ocrx_word' id='word_1_127' title='bbox 1786 1834 1979 1884; x_wconf 90' lang='lat' dir='ltr'>autem</span> 
     </span>
    </p>
   </div>
   <div class='ocr_carea' id='block_1_19' title="bbox 317 1912 1984 1990">
    <p class='ocr_par' dir='ltr' id='par_1_19' title="bbox 317 1912 1984 1990">
     <span class='ocr_line' id='line_1_19' title="bbox 317 1912 1984 1990; baseline 0.008 -29"><span class='ocrx_word' id='word_1_128' title='bbox 317 1912 552 1977; x_wconf 81' lang='lat' dir='ltr'>septem</span> <span class='ocrx_word' id='word_1_129' title='bbox 589 1912 647 1963; x_wconf 91' lang='lat' dir='ltr'>et</span> <span class='ocrx_word' id='word_1_130' title='bbox 676 1913 806 1965; x_wconf 91' lang='lat' dir='ltr'>octo</span> <span class='ocrx_word' id='word_1_131' title='bbox 828 1915 887 1966; x_wconf 91' lang='lat' dir='ltr'>et</span> <span class='ocrx_word' id='word_1_132' title='bbox 915 1912 1115 1968; x_wconf 89' lang='lat' dir='ltr'>decem</span> <span class='ocrx_word' id='word_1_133' title='bbox 1147 1914 1271 1971; x_wconf 83' lang='lat' dir='ltr'>dies</span> <span class='ocrx_word' id='word_1_134' title='bbox 1319 1918 1714 1985; x_wconf 87' lang='lat' dir='ltr'>transiissent,</span> <span class='ocrx_word' id='word_1_135' title='bbox 1749 1924 1802 1973; x_wconf 93' lang='lat' dir='ltr'>et</span> <span class='ocrx_word' id='word_1_136' title='bbox 1824 1920 1984 1990; x_wconf 85' lang='lat' dir='ltr'>jeju-</span> 
     </span>
    </p>
   </div>
   <div class='ocr_carea' id='block_1_20' title="bbox 324 2003 1985 2076">
    <p class='ocr_par' dir='ltr' id='par_1_20' title="bbox 324 2003 1985 2076">
     <span class='ocr_line' id='line_1_20' title="bbox 324 2003 1985 2076; baseline 0.008 -27"><span class='ocrx_word' id='word_1_137' title='bbox 324 2012 445 2050; x_wconf 87' lang='lat' dir='ltr'>nus</span> <span class='ocrx_word' id='word_1_138' title='bbox 477 2012 910 2069; x_wconf 82' lang='lat' dir='ltr'>permanerem,</span> <span class='ocrx_word' id='word_1_139' title='bbox 940 2003 1177 2058; x_wconf 86' lang='lat' dir='ltr'>tandem</span> <span class='ocrx_word' id='word_1_140' title='bbox 1230 2004 1563 2076; x_wconf 87' lang='lat' dir='ltr'>improbum</span> <span class='ocrx_word' id='word_1_141' title='bbox 1598 2006 1762 2062; x_wconf 92' lang='lat' dir='ltr'>illum</span> <span class='ocrx_word' id='word_1_142' title='bbox 1796 2008 1985 2063; x_wconf 88' lang='lat' dir='ltr'>insul-</span> 
     </span>
    </p>
   </div>
   <div class='ocr_carea' id='block_1_21' title="bbox 328 2089 1982 2166">
    <p class='ocr_par' dir='ltr' id='par_1_21' title="bbox 328 2089 1982 2166">
     <span class='ocr_line' id='line_1_21' title="bbox 328 2089 1982 2166; baseline 0.01 -28"><span class='ocrx_word' id='word_1_143' title='bbox 328 2089 463 2139; x_wconf 86' lang='lat' dir='ltr'>tum</span> <span class='ocrx_word' id='word_1_144' title='bbox 495 2090 906 2155; x_wconf 84' lang='lat' dir='ltr'>contemnens,</span> <span class='ocrx_word' id='word_1_145' title='bbox 940 2091 1063 2145; x_wconf 91' lang='lat' dir='ltr'>sedi</span> <span class='ocrx_word' id='word_1_146' title='bbox 1087 2097 1144 2147; x_wconf 89' lang='lat' dir='ltr'>et</span> <span class='ocrx_word' id='word_1_147' title='bbox 1165 2093 1359 2149; x_wconf 89' lang='lat' dir='ltr'>cibum</span> <span class='ocrx_word' id='word_1_148' title='bbox 1384 2097 1633 2166; x_wconf 86' lang='lat' dir='ltr'>sumpsi.</span> <span class='ocrx_word' id='word_1_149' title='bbox 1655 2096 1754 2151; x_wconf 89' lang='lat' dir='ltr'>Ille</span> <span class='ocrx_word' id='word_1_150' title='bbox 1787 2104 1982 2153; x_wconf 86' lang='lat' dir='ltr'>autem</span> 
     </span>
    </p>
   </div>
   <div class='ocr_carea' id='block_1_22' title="bbox 331 2175 1984 2255">
    <p class='ocr_par' dir='ltr' id='par_1_22' title="bbox 331 2175 1984 2255">
     <span class='ocr_line' id='line_1_22' title="bbox 331 2175 1984 2255; baseline 0.009 -29"><span class='ocrx_word' id='word_1_151' title='bbox 331 2190 471 2227; x_wconf 91' lang='lat' dir='ltr'>cum</span> <span class='ocrx_word' id='word_1_152' title='bbox 509 2175 661 2230; x_wconf 90' lang='lat' dir='ltr'>hanc</span> <span class='ocrx_word' id='word_1_153' title='bbox 686 2192 877 2231; x_wconf 88' lang='lat' dir='ltr'>meam</span> <span class='ocrx_word' id='word_1_154' title='bbox 903 2195 1018 2234; x_wconf 91' lang='lat' dir='ltr'>non</span> <span class='ocrx_word' id='word_1_155' title='bbox 1040 2180 1271 2237; x_wconf 83' lang='lat' dir='ltr'>tulisset</span> <span class='ocrx_word' id='word_1_156' title='bbox 1292 2184 1469 2237; x_wconf 90' lang='lat' dir='ltr'>animi</span> <span class='ocrx_word' id='word_1_157' title='bbox 1495 2186 1984 2255; x_wconf 83' lang='lat' dir='ltr'>magnitudinem,</span> 
     </span>
    </p>
   </div>
   <div class='ocr_carea' id='block_1_23' title="bbox 332 2264 1987 2345">
    <p class='ocr_par' dir='ltr' id='par_1_23' title="bbox 332 2264 1987 2345">
     <span class='ocr_line' id='line_1_23' title="bbox 332 2264 1987 2345; baseline 0.008 -27"><span class='ocrx_word' id='word_1_158' title='bbox 332 2264 602 2318; x_wconf 89' lang='lat' dir='ltr'>minatus</span> <span class='ocrx_word' id='word_1_159' title='bbox 632 2269 724 2319; x_wconf 91' lang='lat' dir='ltr'>est</span> <span class='ocrx_word' id='word_1_160' title='bbox 751 2282 813 2321; x_wconf 87' lang='lat' dir='ltr'>se</span> <span class='ocrx_word' id='word_1_161' title='bbox 843 2267 1005 2339; x_wconf 87' lang='lat' dir='ltr'>virga</span> <span class='ocrx_word' id='word_1_162' title='bbox 1037 2284 1477 2339; x_wconf 90' lang='lat' dir='ltr'>percussurum.</span> <span class='ocrx_word' id='word_1_163' title='bbox 1512 2274 1629 2345; x_wconf 87' lang='lat' dir='ltr'>Ego</span> <span class='ocrx_word' id='word_1_164' title='bbox 1653 2279 1870 2341; x_wconf 90' lang='lat' dir='ltr'>autem,</span> <span class='ocrx_word' id='word_1_165' title='bbox 1902 2277 1987 2330; x_wconf 88' lang='lat' dir='ltr'>in-</span> 
     </span>
    </p>
   </div>
   <div class='ocr_carea' id='block_1_24' title="bbox 331 2353 1986 2432">
    <p class='ocr_par' dir='ltr' id='par_1_24' title="bbox 331 2353 1986 2432">
     <span class='ocr_line' id='line_1_24' title="bbox 331 2353 1986 2432; baseline 0.01 -28"><span class='ocrx_word' id='word_1_166' title='bbox 331 2354 489 2423; x_wconf 87' lang='lat' dir='ltr'>quit,</span> <span class='ocrx_word' id='word_1_167' title='bbox 523 2353 640 2407; x_wconf 83' lang='lat' dir='ltr'>dixi</span> <span class='ocrx_word' id='word_1_168' title='bbox 669 2370 682 2408; x_wconf 90' lang='lat'><strong>:</strong></span> <span class='ocrx_word' id='word_1_169' title='bbox 705 2355 762 2408; x_wconf 86' lang='lat' dir='ltr'>Si</span> <span class='ocrx_word' id='word_1_170' title='bbox 787 2355 891 2410; x_wconf 89' lang='lat' dir='ltr'>tibi</span> <span class='ocrx_word' id='word_1_171' title='bbox 915 2358 1150 2427; x_wconf 87' lang='lat' dir='ltr'>quidem</span> <span class='ocrx_word' id='word_1_172' title='bbox 1176 2364 1264 2415; x_wconf 90' lang='lat' dir='ltr'>est</span> <span class='ocrx_word' id='word_1_173' title='bbox 1289 2362 1643 2432; x_wconf 90' lang='lat' dir='ltr'>permissum</span> <span class='ocrx_word' id='word_1_174' title='bbox 1669 2381 1699 2418; x_wconf 94' lang='lat' dir='ltr'>a</span> <span class='ocrx_word' id='word_1_175' title='bbox 1726 2368 1835 2419; x_wconf 92' lang='lat' dir='ltr'>Deo</span> <span class='ocrx_word' id='word_1_176' title='bbox 1861 2366 1986 2421; x_wconf 91' lang='lat' dir='ltr'>uni-</span> 
     </span>
    </p>
   </div>
   <div class='ocr_carea' id='block_1_25' title="bbox 327 2448 1981 2526">
    <p class='ocr_par' dir='ltr' id='par_1_25' title="bbox 327 2448 1981 2526">
     <span class='ocr_line' id='line_1_25' title="bbox 327 2448 1981 2526; baseline 0.009 -31"><span class='ocrx_word' id='word_1_177' title='bbox 327 2458 664 2508; x_wconf 88' lang='lat' dir='ltr'>versorum,</span> <span class='ocrx_word' id='word_1_178' title='bbox 696 2450 954 2515; x_wconf 88' lang='lat' dir='ltr'>percute,</span> <span class='ocrx_word' id='word_1_179' title='bbox 996 2452 1052 2502; x_wconf 89' lang='lat' dir='ltr'>et</span> <span class='ocrx_word' id='word_1_180' title='bbox 1083 2448 1313 2521; x_wconf 71' lang='lat' dir='ltr'>plagam</span> <span class='ocrx_word' id='word_1_181' title='bbox 1364 2450 1633 2508; x_wconf 89' lang='lat' dir='ltr'>lubenter</span> <span class='ocrx_word' id='word_1_182' title='bbox 1678 2453 1981 2526; x_wconf 88' lang='lat' dir='ltr'>accipiam,</span> 
     </span>
    </p>
   </div>
   <div class='ocr_carea' id='block_1_26' title="bbox 330 2532 1980 2614">
    <p class='ocr_par' dir='ltr' id='par_1_26' title="bbox 330 2532 1980 2614">
     <span class='ocr_line' id='line_1_26' title="bbox 330 2532 1980 2614; baseline 0.008 -29"><span class='ocrx_word' id='word_1_183' title='bbox 330 2532 533 2603; x_wconf 87' lang='lat' dir='ltr'>utqui</span> <span class='ocrx_word' id='word_1_184' title='bbox 567 2533 640 2587; x_wconf 92' lang='lat' dir='ltr'>ab</span> <span class='ocrx_word' id='word_1_185' title='bbox 673 2533 779 2589; x_wconf 89' lang='lat' dir='ltr'>illo</span> <span class='ocrx_word' id='word_1_186' title='bbox 804 2534 1013 2604; x_wconf 86' lang='lat' dir='ltr'>feriar;</span> <span class='ocrx_word' id='word_1_187' title='bbox 1048 2539 1147 2593; x_wconf 90' lang='lat' dir='ltr'>sed</span> <span class='ocrx_word' id='word_1_188' title='bbox 1173 2540 1220 2593; x_wconf 90' lang='lat' dir='ltr'>si</span> <span class='ocrx_word' id='word_1_189' title='bbox 1256 2557 1367 2595; x_wconf 92' lang='lat' dir='ltr'>non</span> <span class='ocrx_word' id='word_1_190' title='bbox 1401 2542 1478 2596; x_wconf 89' lang='lat' dir='ltr'>sit</span> <span class='ocrx_word' id='word_1_191' title='bbox 1500 2542 1601 2596; x_wconf 86' lang='lat' dir='ltr'>tibi</span> <span class='ocrx_word' id='word_1_192' title='bbox 1629 2545 1980 2614; x_wconf 80' lang='lat' dir='ltr'>permissum</span> 
     </span>
    </p>
   </div>
   <div class='ocr_carea' id='block_1_27' title="bbox 327 2622 1982 2695">
    <p class='ocr_par' dir='ltr' id='par_1_27' title="bbox 327 2622 1982 2695">
     <span class='ocr_line' id='line_1_27' title="bbox 327 2622 1982 2695; baseline 0.008 -21"><span class='ocrx_word' id='word_1_193' title='bbox 327 2622 915 2691; x_wconf 88' lang='lat' dir='ltr'>nonpercutieslicet</span> <span class='ocrx_word' id='word_1_194' title='bbox 938 2626 1149 2682; x_wconf 88' lang='lat' dir='ltr'>millies</span> <span class='ocrx_word' id='word_1_195' title='bbox 1172 2628 1562 2695; x_wconf 89' lang='lat' dir='ltr'>insanias,llis</span> <span class='ocrx_word' id='word_1_196' title='bbox 1595 2633 1810 2688; x_wconf 89' lang='lat' dir='ltr'>auditis</span> <span class='ocrx_word' id='word_1_197' title='bbox 1842 2638 1982 2689; x_wconf 91' lang='lat' dir='ltr'>tunc</span> 
     </span>
    </p>
   </div>
   <div class='ocr_carea' id='block_1_28' title="bbox 325 2709 557 2781">
    <p class='ocr_par' dir='ltr' id='par_1_28' title="bbox 325 2709 557 2781">
     <span class='ocr_line' id='line_1_28' title="bbox 325 2709 557 2781; baseline 0 -16"><span class='ocrx_word' id='word_1_198' title='bbox 325 2709 557 2781; x_wconf 72' lang='lat' dir='ltr'>effugit.</span> 
     </span>
    </p>
   </div>
   <div class='ocr_carea' id='block_1_29' title="bbox 399 2800 1980 2880">
    <p class='ocr_par' dir='ltr' id='par_1_29' title="bbox 399 2800 1980 2880">
     <span class='ocr_line' id='line_1_29' title="bbox 399 2800 1980 2880; baseline 0.009 -27"><span class='ocrx_word' id='word_1_199' title='bbox 399 2800 514 2854; x_wconf 89' lang='lat' dir='ltr'>Sed</span> <span class='ocrx_word' id='word_1_200' title='bbox 540 2817 631 2856; x_wconf 89' lang='lat' dir='ltr'>me</span> <span class='ocrx_word' id='word_1_201' title='bbox 654 2819 862 2858; x_wconf 83' lang='lat' dir='ltr'>rursus</span> <span class='ocrx_word' id='word_1_202' title='bbox 884 2804 1213 2863; x_wconf 89' lang='lat' dir='ltr'>clanculum</span> <span class='ocrx_word' id='word_1_203' title='bbox 1238 2814 1515 2880; x_wconf 87' lang='lat' dir='ltr'>perpetua</span> <span class='ocrx_word' id='word_1_204' title='bbox 1539 2811 1830 2866; x_wconf 84' lang='lat' dir='ltr'>afﬁciebat</span> <span class='ocrx_word' id='word_1_205' title='bbox 1856 2829 1980 2868; x_wconf 93' lang='lat' dir='ltr'>mo-</span> 
     </span>
    </p>
   </div>
   <div class='ocr_carea' id='block_1_30' title="bbox 327 2887 1981 2965">
    <p class='ocr_par' dir='ltr' id='par_1_30' title="bbox 327 2887 1981 2965">
     <span class='ocr_line' id='line_1_30' title="bbox 327 2887 1981 2965; baseline 0.008 -22"><span class='ocrx_word' id='word_1_206' title='bbox 327 2887 525 2944; x_wconf 88' lang='lat' dir='ltr'>lestia.</span> <span class='ocrx_word' id='word_1_207' title='bbox 559 2889 707 2945; x_wconf 89' lang='lat' dir='ltr'>Nam</span> <span class='ocrx_word' id='word_1_208' title='bbox 732 2909 944 2963; x_wconf 89' lang='lat' dir='ltr'>aquam</span> <span class='ocrx_word' id='word_1_209' title='bbox 975 2910 1101 2965; x_wconf 66' lang='lat' dir='ltr'>quae</span> <span class='ocrx_word' id='word_1_210' title='bbox 1126 2897 1265 2952; x_wconf 88' lang='lat' dir='ltr'>mihi</span> <span class='ocrx_word' id='word_1_211' title='bbox 1300 2898 1389 2953; x_wconf 89' lang='lat' dir='ltr'>bis</span> <span class='ocrx_word' id='word_1_212' title='bbox 1412 2898 1471 2954; x_wconf 91' lang='lat' dir='ltr'>in</span> <span class='ocrx_word' id='word_1_213' title='bbox 1496 2899 1863 2956; x_wconf 77' lang='lat' dir='ltr'>hebdomade</span> <span class='ocrx_word' id='word_1_214' title='bbox 1888 2902 1981 2956; x_wconf 82' lang='lat' dir='ltr'>in-</span> 
     </span>
    </p>
   </div>
   <div class='ocr_carea' id='block_1_31' title="bbox 326 2979 1977 3057">
    <p class='ocr_par' dir='ltr' id='par_1_31' title="bbox 326 2979 1977 3057">
     <span class='ocr_line' id='line_1_31' title="bbox 326 2979 1977 3057; baseline 0.01 -25"><span class='ocrx_word' id='word_1_215' title='bbox 326 2979 492 3033; x_wconf 85' lang='lat' dir='ltr'>ferae</span> <span class='ocrx_word' id='word_1_216' title='bbox 507 2980 877 3048; x_wconf 85' lang='lat' dir='ltr'>allerebatur,</span> <span class='ocrx_word' id='word_1_217' title='bbox 892 2983 942 3039; x_wconf 93' lang='lat' dir='ltr'>ei</span> <span class='ocrx_word' id='word_1_218' title='bbox 960 2985 1058 3056; x_wconf 92' lang='lat' dir='ltr'>qui</span> <span class='ocrx_word' id='word_1_219' title='bbox 1085 2986 1705 3057; x_wconf 79' lang='lat' dir='ltr'>alferabatoccurrens,</span> <span class='ocrx_word' id='word_1_220' title='bbox 1722 3000 1767 3046; x_wconf 88' lang='lat' dir='ltr'>el</span> <span class='ocrx_word' id='word_1_221' title='bbox 1788 3008 1977 3047; x_wconf 86' lang='lat' dir='ltr'>meam</span> 
     </span>
    </p>
   </div>
   <div class='ocr_carea' id='block_1_32' title="bbox 326 3069 1977 3150">
    <p class='ocr_par' dir='ltr' id='par_1_32' title="bbox 326 3069 1977 3150">
     <span class='ocr_line' id='line_1_32' title="bbox 326 3069 1977 3150; baseline 0.01 -30"><span class='ocrx_word' id='word_1_222' title='bbox 326 3069 579 3123; x_wconf 84' lang='lat' dir='ltr'>formam</span> <span class='ocrx_word' id='word_1_223' title='bbox 621 3070 863 3128; x_wconf 88' lang='lat' dir='ltr'>imitans</span> <span class='ocrx_word' id='word_1_224' title='bbox 896 3074 1253 3145; x_wconf 88' lang='lat' dir='ltr'>accipiebat;</span> <span class='ocrx_word' id='word_1_225' title='bbox 1288 3081 1345 3132; x_wconf 90' lang='lat' dir='ltr'>et</span> <span class='ocrx_word' id='word_1_226' title='bbox 1386 3077 1550 3133; x_wconf 90' lang='lat' dir='ltr'>illum</span> <span class='ocrx_word' id='word_1_227' title='bbox 1573 3080 1793 3150; x_wconf 85' lang='lat' dir='ltr'>jubens</span> <span class='ocrx_word' id='word_1_228' title='bbox 1825 3097 1977 3136; x_wconf 90' lang='lat' dir='ltr'>rece-</span> 
     </span>
    </p>
   </div>
   <div class='ocr_carea' id='block_1_33' title="bbox 326 3158 1974 3237">
    <p class='ocr_par' dir='ltr' id='par_1_33' title="bbox 326 3158 1974 3237">
     <span class='ocr_line' id='line_1_33' title="bbox 326 3158 1974 3237; baseline 0.009 -28"><span class='ocrx_word' id='word_1_229' title='bbox 326 3158 487 3226; x_wconf 88' lang='lat' dir='ltr'>dere,</span> <span class='ocrx_word' id='word_1_230' title='bbox 510 3158 797 3215; x_wconf 85' lang='lat' dir='ltr'>ﬂuentum</span> <span class='ocrx_word' id='word_1_231' title='bbox 819 3161 1174 3222; x_wconf 73' lang='lat' dir='ltr'>effundebat.</span> <span class='ocrx_word' id='word_1_232' title='bbox 1193 3165 1367 3237; x_wconf 87' lang='lat' dir='ltr'>quue</span> <span class='ocrx_word' id='word_1_233' title='bbox 1382 3184 1513 3223; x_wconf 93' lang='lat' dir='ltr'>cum</span> <span class='ocrx_word' id='word_1_234' title='bbox 1532 3185 1637 3223; x_wconf 89' lang='lat' dir='ltr'>nos</span> <span class='ocrx_word' id='word_1_235' title='bbox 1652 3168 1842 3224; x_wconf 92' lang='lat' dir='ltr'>solum</span> <span class='ocrx_word' id='word_1_236' title='bbox 1861 3168 1974 3237; x_wconf 90' lang='lat' dir='ltr'>bis,</span> 
     </span>
    </p>
   </div>
   <div class='ocr_carea' id='block_1_34' title="bbox 322 3245 1974 3330">
    <p class='ocr_par' dir='ltr' id='par_1_34' title="bbox 322 3245 1974 3330">
     <span class='ocr_line' id='line_1_34' title="bbox 322 3245 1974 3330; baseline 0.01 -33"><span class='ocrx_word' id='word_1_237' title='bbox 322 3245 429 3298; x_wconf 82' lang='lat' dir='ltr'>sed</span> <span class='ocrx_word' id='word_1_238' title='bbox 446 3246 622 3301; x_wconf 88' lang='lat' dir='ltr'>etiam</span> <span class='ocrx_word' id='word_1_239' title='bbox 644 3251 735 3302; x_wconf 89' lang='lat' dir='ltr'>ter</span> <span class='ocrx_word' id='word_1_240' title='bbox 757 3250 1110 3318; x_wconf 90' lang='lat' dir='ltr'>fecisset,me</span> <span class='ocrx_word' id='word_1_241' title='bbox 1128 3253 1258 3310; x_wconf 88' lang='lat' dir='ltr'>sitis</span> <span class='ocrx_word' id='word_1_242' title='bbox 1289 3257 1661 3327; x_wconf 89' lang='lat' dir='ltr'>perpessione</span> <span class='ocrx_word' id='word_1_243' title='bbox 1675 3257 1863 3314; x_wconf 91' lang='lat' dir='ltr'>valide</span> <span class='ocrx_word' id='word_1_244' title='bbox 1876 3276 1974 3330; x_wconf 89' lang='lat' dir='ltr'>op-</span> 
     </span>
    </p>
   </div>
   <div class='ocr_carea' id='block_1_35' title="bbox 2016 1956 2062 2019">
    <p class='ocr_par' dir='ltr' id='par_1_35' title="bbox 2016 1956 2062 2019">
     <span class='ocr_line' id='line_1_35' title="bbox 2016 1956 2062 2019; baseline 0 0"><span class='ocrx_word' id='word_1_245' title='bbox 2016 1956 2062 2019; x_wconf 89' lang='lat' dir='ltr'><strong>B</strong></span> 
     </span>
    </p>
   </div>
   <div class='ocr_carea' id='block_1_36' title="bbox 324 3320 2051 3419">
    <p class='ocr_par' dir='ltr' id='par_1_36' title="bbox 324 3320 2051 3419">
     <span class='ocr_line' id='line_1_36' title="bbox 324 3320 2051 3419; baseline 0.01 -33"><span class='ocrx_word' id='word_1_246' title='bbox 324 3336 638 3404; x_wconf 84' lang='lat' dir='ltr'>pugnavit.</span> <span class='ocrx_word' id='word_1_247' title='bbox 685 3339 830 3393; x_wconf 91' lang='lat' dir='ltr'>Cum</span> <span class='ocrx_word' id='word_1_248' title='bbox 891 3356 1029 3413; x_wconf 91' lang='lat' dir='ltr'>ergo</span> <span class='ocrx_word' id='word_1_249' title='bbox 1070 3342 1237 3398; x_wconf 85' lang='lat' dir='ltr'>valde</span> <span class='ocrx_word' id='word_1_250' title='bbox 1284 3360 1547 3416; x_wconf 87' lang='lat' dir='ltr'>angerer,</span> <span class='ocrx_word' id='word_1_251' title='bbox 1598 3349 1792 3419; x_wconf 87' lang='lat' dir='ltr'>rogavi</span> <span class='ocrx_word' id='word_1_252' title='bbox 1842 3365 1975 3403; x_wconf 92' lang='lat' dir='ltr'>eum</span> <span class='ocrx_word' id='word_1_253' title='bbox 2010 3320 2051 3385; x_wconf 77' lang='lat' dir='ltr'><strong>C</strong></span> 
     </span>
    </p>
   </div>
   <div class='ocr_carea' id='block_1_37' title="bbox 322 3422 1975 3506">
    <p class='ocr_par' dir='ltr' id='par_1_37' title="bbox 322 3422 1975 3506">
     <span class='ocr_line' id='line_1_37' title="bbox 322 3422 1975 3506; baseline 0.01 -30"><span class='ocrx_word' id='word_1_254' title='bbox 322 3422 428 3492; x_wconf 89' lang='lat' dir='ltr'>qui</span> <span class='ocrx_word' id='word_1_255' title='bbox 466 3424 1107 3487; x_wconf 69' lang='lat' dir='ltr'>solebatadmeaiferre</span> <span class='ocrx_word' id='word_1_256' title='bbox 1138 3433 1371 3504; x_wconf 86' lang='lat' dir='ltr'>curjam</span> <span class='ocrx_word' id='word_1_257' title='bbox 1398 3435 1733 3506; x_wconf 90' lang='lat' dir='ltr'>quindecim</span> <span class='ocrx_word' id='word_1_258' title='bbox 1769 3438 1975 3493; x_wconf 89' lang='lat' dir='ltr'>diebus</span> 
     </span>
    </p>
   </div>
   <div class='ocr_carea' id='block_1_38' title="bbox 323 3513 1978 3597">
    <p class='ocr_par' dir='ltr' id='par_1_38' title="bbox 323 3513 1978 3597">
     <span class='ocr_line' id='line_1_38' title="bbox 323 3513 1978 3597; baseline 0.01 -31"><span class='ocrx_word' id='word_1_259' title='bbox 323 3513 396 3567; x_wconf 86' lang='lat' dir='ltr'>ad</span> <span class='ocrx_word' id='word_1_260' title='bbox 430 3529 526 3568; x_wconf 91' lang='lat' dir='ltr'>me</span> <span class='ocrx_word' id='word_1_261' title='bbox 554 3531 768 3585; x_wconf 90' lang='lat' dir='ltr'>aquam</span> <span class='ocrx_word' id='word_1_262' title='bbox 795 3534 906 3574; x_wconf 91' lang='lat' dir='ltr'>non</span> <span class='ocrx_word' id='word_1_263' title='bbox 945 3520 1240 3577; x_wconf 87' lang='lat' dir='ltr'>attulisset</span> <span class='ocrx_word' id='word_1_264' title='bbox 1264 3540 1276 3577; x_wconf 89' lang='lat'><strong>:</strong></span> <span class='ocrx_word' id='word_1_265' title='bbox 1300 3524 1351 3578; x_wconf 91' lang='lat' dir='ltr'>is</span> <span class='ocrx_word' id='word_1_266' title='bbox 1382 3524 1528 3579; x_wconf 82' lang='lat' dir='ltr'>dixit</span> <span class='ocrx_word' id='word_1_267' title='bbox 1558 3542 1619 3581; x_wconf 93' lang='lat' dir='ltr'>se</span> <span class='ocrx_word' id='word_1_268' title='bbox 1655 3527 1780 3597; x_wconf 88' lang='lat' dir='ltr'>jam</span> <span class='ocrx_word' id='word_1_269' title='bbox 1808 3531 1894 3582; x_wconf 86' lang='lat' dir='ltr'>ter</span> <span class='ocrx_word' id='word_1_270' title='bbox 1922 3533 1978 3583; x_wconf 89' lang='lat' dir='ltr'>et</span> 
     </span>
    </p>
   </div>
   <div class='ocr_carea' id='block_1_39' title="bbox 323 3606 1975 3687">
    <p class='ocr_par' dir='ltr' id='par_1_39' title="bbox 323 3606 1975 3687">
     <span class='ocr_line' id='line_1_39' title="bbox 323 3606 1975 3687; baseline 0.01 -32"><span class='ocrx_word' id='word_1_271' title='bbox 323 3608 538 3672; x_wconf 88' lang='lat' dir='ltr'>quater</span> <span class='ocrx_word' id='word_1_272' title='bbox 568 3606 858 3676; x_wconf 89' lang='lat' dir='ltr'>attulisse,</span> <span class='ocrx_word' id='word_1_273' title='bbox 891 3612 947 3663; x_wconf 90' lang='lat' dir='ltr'>et</span> <span class='ocrx_word' id='word_1_274' title='bbox 998 3626 1091 3665; x_wconf 92' lang='lat' dir='ltr'>me</span> <span class='ocrx_word' id='word_1_275' title='bbox 1132 3612 1443 3683; x_wconf 87' lang='lat' dir='ltr'>accepisse.</span> <span class='ocrx_word' id='word_1_276' title='bbox 1478 3616 1545 3669; x_wconf 86' lang='lat' dir='ltr'>Et</span> <span class='ocrx_word' id='word_1_277' title='bbox 1596 3615 1694 3669; x_wconf 90' lang='lat' dir='ltr'>ubi</span> <span class='ocrx_word' id='word_1_278' title='bbox 1732 3616 1975 3687; x_wconf 92' lang='lat' dir='ltr'>inquam</span> 
     </span>
    </p>
   </div>
   <div class='ocr_carea' id='block_1_40' title="bbox 323 3697 1974 3773">
    <p class='ocr_par' dir='ltr' id='par_1_40' title="bbox 323 3697 1974 3773">
     <span class='ocr_line' id='line_1_40' title="bbox 323 3697 1974 3773; baseline 0.008 -27"><span class='ocrx_word' id='word_1_279' title='bbox 323 3708 453 3761; x_wconf 79' lang='lat' dir='ltr'>ego,</span> <span class='ocrx_word' id='word_1_280' title='bbox 476 3710 509 3747; x_wconf 90' lang='lat' dir='ltr'>a</span> <span class='ocrx_word' id='word_1_281' title='bbox 540 3697 596 3748; x_wconf 88' lang='lat' dir='ltr'>te</span> <span class='ocrx_word' id='word_1_282' title='bbox 615 3711 741 3751; x_wconf 89' lang='lat' dir='ltr'>eam</span> <span class='ocrx_word' id='word_1_283' title='bbox 766 3697 1041 3754; x_wconf 72' lang='lat' dir='ltr'>afferente</span> <span class='ocrx_word' id='word_1_284' title='bbox 1076 3701 1320 3773; x_wconf 78' lang='lat' dir='ltr'>accepi?</span> <span class='ocrx_word' id='word_1_285' title='bbox 1343 3702 1440 3758; x_wconf 86' lang='lat' dir='ltr'>Ille</span> <span class='ocrx_word' id='word_1_286' title='bbox 1460 3702 1653 3759; x_wconf 91' lang='lat' dir='ltr'>locum</span> <span class='ocrx_word' id='word_1_287' title='bbox 1697 3706 1974 3760; x_wconf 88' lang='lat' dir='ltr'>ostendit.</span> 
     </span>
    </p>
   </div>
   <div class='ocr_carea' id='block_1_41' title="bbox 322 3781 1975 3858">
    <p class='ocr_par' dir='ltr' id='par_1_41' title="bbox 322 3781 1975 3858">
     <span class='ocr_line' id='line_1_41' title="bbox 322 3781 1975 3858; baseline 0.009 -25"><span class='ocrx_word' id='word_1_288' title='bbox 322 3781 445 3836; x_wconf 80' lang='lat' dir='ltr'>Etsi</span> <span class='ocrx_word' id='word_1_289' title='bbox 483 3782 719 3849; x_wconf 89' lang='lat' dir='ltr'>millies,</span> <span class='ocrx_word' id='word_1_290' title='bbox 747 3785 987 3857; x_wconf 87' lang='lat' dir='ltr'>inquam</span> <span class='ocrx_word' id='word_1_291' title='bbox 1028 3804 1151 3858; x_wconf 86' lang='lat' dir='ltr'>ego,</span> <span class='ocrx_word' id='word_1_292' title='bbox 1176 3805 1267 3845; x_wconf 92' lang='lat' dir='ltr'>me</span> <span class='ocrx_word' id='word_1_293' title='bbox 1315 3790 1452 3847; x_wconf 90' lang='lat' dir='ltr'>illuc</span> <span class='ocrx_word' id='word_1_294' title='bbox 1483 3793 1853 3847; x_wconf 84' lang='lat' dir='ltr'>accedentem</span> <span class='ocrx_word' id='word_1_295' title='bbox 1887 3792 1975 3847; x_wconf 84' lang='lat' dir='ltr'>vi-</span> 
     </span>
    </p>
   </div>
   <div class='ocr_carea' id='block_1_42' title="bbox 321 3868 1935 3938">
    <p class='ocr_par' dir='ltr' id='par_1_42' title="bbox 321 3868 1935 3938">
     <span class='ocr_line' id='line_1_42' title="bbox 321 3868 1935 3938; baseline 0.009 -16"><span class='ocrx_word' id='word_1_296' title='bbox 321 3868 545 3938; x_wconf 88' lang='lat' dir='ltr'>cris,ne</span> <span class='ocrx_word' id='word_1_297' title='bbox 572 3888 674 3928; x_wconf 80' lang='lat' dir='ltr'>vas</span> <span class='ocrx_word' id='word_1_298' title='bbox 704 3874 937 3931; x_wconf 90' lang='lat' dir='ltr'>dederis</span> <span class='ocrx_word' id='word_1_299' title='bbox 965 3878 1145 3933; x_wconf 91' lang='lat' dir='ltr'>donec</span> <span class='ocrx_word' id='word_1_300' title='bbox 1173 3880 1243 3933; x_wconf 84' lang='lat' dir='ltr'>ad</span> <span class='ocrx_word' id='word_1_301' title='bbox 1280 3880 1433 3935; x_wconf 91' lang='lat' dir='ltr'>hunc</span> <span class='ocrx_word' id='word_1_302' title='bbox 1466 3879 1656 3936; x_wconf 90' lang='lat' dir='ltr'>locum</span> <span class='ocrx_word' id='word_1_303' title='bbox 1686 3882 1935 3937; x_wconf 86' lang='lat' dir='ltr'>veneris.</span> 
     </span>
    </p>
   </div>
   <div class='ocr_carea' id='block_1_43' title="bbox 394 3960 1976 4040">
    <p class='ocr_par' dir='ltr' id='par_1_43' title="bbox 394 3960 1976 4040">
     <span class='ocr_line' id='line_1_43' title="bbox 394 3960 1976 4040; baseline 0.008 -27"><span class='ocrx_word' id='word_1_304' title='bbox 394 3960 491 4015; x_wconf 85' lang='lat' dir='ltr'>Sic</span> <span class='ocrx_word' id='word_1_305' title='bbox 525 3978 657 4016; x_wconf 90' lang='lat' dir='ltr'>cum</span> <span class='ocrx_word' id='word_1_306' title='bbox 693 3963 778 4018; x_wconf 72' lang='lat' dir='ltr'>hae</span> <span class='ocrx_word' id='word_1_307' title='bbox 802 3981 1036 4036; x_wconf 90' lang='lat' dir='ltr'>quoque</span> <span class='ocrx_word' id='word_1_308' title='bbox 1060 3968 1187 4037; x_wconf 84' lang='lat' dir='ltr'>ejus</span> <span class='ocrx_word' id='word_1_309' title='bbox 1208 3974 1417 4040; x_wconf 70' lang='lat' dir='ltr'>aperta:</span> <span class='ocrx_word' id='word_1_310' title='bbox 1448 3979 1501 4026; x_wconf 87' lang='lat' dir='ltr'>et</span> <span class='ocrx_word' id='word_1_311' title='bbox 1523 3971 1700 4025; x_wconf 67' lang='lat' dir='ltr'>irrita:</span> <span class='ocrx_word' id='word_1_312' title='bbox 1724 3971 1976 4026; x_wconf 84' lang='lat' dir='ltr'>fuissent</span> 
     </span>
    </p>
   </div>
   <div class='ocr_carea' id='block_1_44' title="bbox 323 4048 1973 4128">
    <p class='ocr_par' dir='ltr' id='par_1_44' title="bbox 323 4048 1973 4128">
     <span class='ocr_line' id='line_1_44' title="bbox 323 4048 1973 4128; baseline 0.007 -26"><span class='ocrx_word' id='word_1_313' title='bbox 323 4048 576 4115; x_wconf 69' lang='lat' dir='ltr'>insidiae,</span> <span class='ocrx_word' id='word_1_314' title='bbox 598 4051 743 4107; x_wconf 88' lang='lat' dir='ltr'>alias</span> <span class='ocrx_word' id='word_1_315' title='bbox 760 4071 967 4110; x_wconf 89' lang='lat' dir='ltr'>rursus</span> <span class='ocrx_word' id='word_1_316' title='bbox 990 4060 1429 4128; x_wconf 86' lang='lat' dir='ltr'>estaggressus.</span> <span class='ocrx_word' id='word_1_317' title='bbox 1453 4059 1776 4115; x_wconf 86' lang='lat' dir='ltr'>Dixitenim</span> <span class='ocrx_word' id='word_1_318' title='bbox 1801 4064 1973 4115; x_wconf 89' lang='lat' dir='ltr'>noctu</span> 
     </span>
    </p>
   </div>
   <div class='ocr_carea' id='block_1_45' title="bbox 321 4140 1976 4218">
    <p class='ocr_par' dir='ltr' id='par_1_45' title="bbox 321 4140 1976 4218">
     <span class='ocr_line' id='line_1_45' title="bbox 321 4140 1976 4218; baseline 0.007 -26"><span class='ocrx_word' id='word_1_319' title='bbox 321 4140 653 4195; x_wconf 84' lang='lat' dir='ltr'>vociferans</span> <span class='ocrx_word' id='word_1_320' title='bbox 680 4158 692 4197; x_wconf 91' lang='lat'><strong>:</strong></span> <span class='ocrx_word' id='word_1_321' title='bbox 719 4143 796 4198; x_wconf 87' lang='lat' dir='ltr'>Te</span> <span class='ocrx_word' id='word_1_322' title='bbox 830 4148 950 4199; x_wconf 90' lang='lat' dir='ltr'>tam</span> <span class='ocrx_word' id='word_1_323' title='bbox 974 4149 1120 4201; x_wconf 89' lang='lat' dir='ltr'>tetro</span> <span class='ocrx_word' id='word_1_324' title='bbox 1146 4147 1398 4218; x_wconf 88' lang='lat' dir='ltr'>implebo</span> <span class='ocrx_word' id='word_1_325' title='bbox 1422 4149 1619 4213; x_wconf 82' lang='lat' dir='ltr'>odore,</span> <span class='ocrx_word' id='word_1_326' title='bbox 1643 4149 1824 4217; x_wconf 86' lang='lat' dir='ltr'>ettibi</span> <span class='ocrx_word' id='word_1_327' title='bbox 1850 4154 1976 4205; x_wconf 90' lang='lat' dir='ltr'>tan-</span> 
     </span>
    </p>
   </div>
   <div class='ocr_carea' id='block_1_46' title="bbox 322 4230 1978 4309">
    <p class='ocr_par' dir='ltr' id='par_1_46' title="bbox 322 4230 1978 4309">
     <span class='ocr_line' id='line_1_46' title="bbox 322 4230 1978 4309; baseline 0.006 -27"><span class='ocrx_word' id='word_1_328' title='bbox 322 4232 451 4283; x_wconf 88' lang='lat' dir='ltr'>tam</span> <span class='ocrx_word' id='word_1_329' title='bbox 471 4230 703 4285; x_wconf 88' lang='lat' dir='ltr'>inuram</span> <span class='ocrx_word' id='word_1_330' title='bbox 725 4231 1124 4301; x_wconf 88' lang='lat' dir='ltr'>infamiam,ut</span> <span class='ocrx_word' id='word_1_331' title='bbox 1142 4252 1313 4291; x_wconf 92' lang='lat' dir='ltr'>nemo</span> <span class='ocrx_word' id='word_1_332' title='bbox 1335 4241 1388 4291; x_wconf 90' lang='lat' dir='ltr'>te</span> <span class='ocrx_word' id='word_1_333' title='bbox 1413 4236 1530 4292; x_wconf 82' lang='lat' dir='ltr'>mla</span> <span class='ocrx_word' id='word_1_334' title='bbox 1552 4254 1619 4293; x_wconf 83' lang='lat' dir='ltr'>ex</span> <span class='ocrx_word' id='word_1_335' title='bbox 1641 4242 1803 4307; x_wconf 88' lang='lat' dir='ltr'>parte</span> <span class='ocrx_word' id='word_1_336' title='bbox 1825 4238 1978 4309; x_wconf 90' lang='lat' dir='ltr'>aspi-</span> 
     </span>
    </p>
   </div>
   <div class='ocr_carea' id='block_1_47' title="bbox 322 4319 1972 4399">
    <p class='ocr_par' dir='ltr' id='par_1_47' title="bbox 322 4319 1972 4399">
     <span class='ocr_line' id='line_1_47' title="bbox 322 4319 1972 4399; baseline 0.007 -28"><span class='ocrx_word' id='word_1_337' title='bbox 322 4319 465 4373; x_wconf 87' lang='lat' dir='ltr'>ciat.</span> <span class='ocrx_word' id='word_1_338' title='bbox 502 4319 619 4390; x_wconf 87' lang='lat' dir='ltr'>Ego</span> <span class='ocrx_word' id='word_1_339' title='bbox 662 4326 880 4390; x_wconf 85' lang='lat' dir='ltr'>autem,</span> <span class='ocrx_word' id='word_1_340' title='bbox 912 4322 1128 4395; x_wconf 91' lang='lat' dir='ltr'>inquit,</span> <span class='ocrx_word' id='word_1_341' title='bbox 1162 4325 1231 4379; x_wconf 88' lang='lat' dir='ltr'>ad</span> <span class='ocrx_word' id='word_1_342' title='bbox 1282 4326 1404 4380; x_wconf 67' lang='lat' dir='ltr'>haec</span> <span class='ocrx_word' id='word_1_343' title='bbox 1437 4327 1714 4398; x_wconf 88' lang='lat' dir='ltr'>respondi</span> <span class='ocrx_word' id='word_1_344' title='bbox 1742 4343 1755 4383; x_wconf 92' lang='lat'><strong>:</strong></span> <span class='ocrx_word' id='word_1_345' title='bbox 1789 4330 1972 4399; x_wconf 82' lang='lat' dir='ltr'>Agam</span> 
     </span>
    </p>
   </div>
   <div class='ocr_carea' id='block_1_48' title="bbox 320 4407 1973 4478">
    <p class='ocr_par' dir='ltr' id='par_1_48' title="bbox 320 4407 1973 4478">
     <span class='ocr_line' id='line_1_48' title="bbox 320 4407 1973 4478; baseline 0.009 -18"><span class='ocrx_word' id='word_1_346' title='bbox 320 4407 433 4460; x_wconf 90' lang='lat' dir='ltr'>tibi</span> <span class='ocrx_word' id='word_1_347' title='bbox 461 4409 704 4478; x_wconf 87' lang='lat' dir='ltr'>gratias.</span> <span class='ocrx_word' id='word_1_348' title='bbox 739 4412 963 4468; x_wconf 88' lang='lat' dir='ltr'>Invitus</span> <span class='ocrx_word' id='word_1_349' title='bbox 993 4413 1147 4468; x_wconf 90' lang='lat' dir='ltr'>enim</span> <span class='ocrx_word' id='word_1_350' title='bbox 1171 4419 1336 4469; x_wconf 88' lang='lat' dir='ltr'>tuum</span> <span class='ocrx_word' id='word_1_351' title='bbox 1364 4414 1670 4471; x_wconf 91' lang='lat' dir='ltr'>inimicum</span> <span class='ocrx_word' id='word_1_352' title='bbox 1696 4417 1973 4475; x_wconf 83' lang='lat' dir='ltr'>beneficio</span> 
     </span>
    </p>
   </div>
   <div class='ocr_carea' id='block_1_49' title="bbox 320 4496 1971 4575">
    <p class='ocr_par' dir='ltr' id='par_1_49' title="bbox 320 4496 1971 4575">
     <span class='ocr_line' id='line_1_49' title="bbox 320 4496 1971 4575; baseline 0.007 -24"><span class='ocrx_word' id='word_1_353' title='bbox 320 4496 645 4566; x_wconf 80' lang='lat' dir='ltr'>afﬁcies,ut</span> <span class='ocrx_word' id='word_1_354' title='bbox 673 4499 771 4569; x_wconf 89' lang='lat' dir='ltr'>qui</span> <span class='ocrx_word' id='word_1_355' title='bbox 796 4500 1014 4557; x_wconf 76' lang='lat' dir='ltr'>efficias</span> <span class='ocrx_word' id='word_1_356' title='bbox 1042 4507 1107 4557; x_wconf 91' lang='lat' dir='ltr'>ut</span> <span class='ocrx_word' id='word_1_357' title='bbox 1134 4504 1322 4575; x_wconf 84' lang='lat' dir='ltr'>magis</span> <span class='ocrx_word' id='word_1_358' title='bbox 1352 4521 1548 4560; x_wconf 87' lang='lat' dir='ltr'>verser</span> <span class='ocrx_word' id='word_1_359' title='bbox 1570 4506 1626 4560; x_wconf 92' lang='lat' dir='ltr'>in</span> <span class='ocrx_word' id='word_1_360' title='bbox 1651 4506 1750 4561; x_wconf 90' lang='lat' dir='ltr'>Dei</span> <span class='ocrx_word' id='word_1_361' title='bbox 1784 4523 1971 4563; x_wconf 88' lang='lat' dir='ltr'>recor-</span> 
     </span>
    </p>
   </div>
   <div class='ocr_carea' id='block_1_50' title="bbox 320 4585 1974 4666">
    <p class='ocr_par' dir='ltr' id='par_1_50' title="bbox 320 4585 1974 4666">
     <span class='ocr_line' id='line_1_50' title="bbox 320 4585 1974 4666; baseline 0.008 -28"><span class='ocrx_word' id='word_1_362' title='bbox 320 4585 581 4641; x_wconf 90' lang='lat' dir='ltr'>datione.</span> <span class='ocrx_word' id='word_1_363' title='bbox 603 4587 747 4643; x_wconf 82' lang='lat' dir='ltr'>Nam</span> <span class='ocrx_word' id='word_1_364' title='bbox 780 4606 895 4660; x_wconf 92' lang='lat' dir='ltr'>quo</span> <span class='ocrx_word' id='word_1_365' title='bbox 920 4591 1065 4647; x_wconf 90' lang='lat' dir='ltr'>mihi</span> <span class='ocrx_word' id='word_1_366' title='bbox 1088 4591 1219 4663; x_wconf 90' lang='lat' dir='ltr'>plus</span> <span class='ocrx_word' id='word_1_367' title='bbox 1249 4600 1336 4648; x_wconf 91' lang='lat' dir='ltr'>est</span> <span class='ocrx_word' id='word_1_368' title='bbox 1358 4594 1552 4657; x_wconf 88' lang='lat' dir='ltr'>otii,eo</span> <span class='ocrx_word' id='word_1_369' title='bbox 1583 4595 1772 4666; x_wconf 88' lang='lat' dir='ltr'>magis</span> <span class='ocrx_word' id='word_1_370' title='bbox 1800 4612 1974 4652; x_wconf 91' lang='lat' dir='ltr'>occu-</span> 
     </span>
    </p>
   </div>
   <div class='ocr_carea' id='block_1_51' title="bbox 2084 662 3744 735">
    <p class='ocr_par' dir='ltr' id='par_1_51' title="bbox 2084 662 3744 735">
     <span class='ocr_line' id='line_1_51' title="bbox 2084 662 3744 735; baseline 0.001 -19"><span class='ocrx_word' id='word_1_371' title='bbox 2084 662 2239 717; x_wconf 89' lang='lat' dir='ltr'>bavit</span> <span class='ocrx_word' id='word_1_372' title='bbox 2259 662 2337 718; x_wconf 90' lang='lat' dir='ltr'>rei</span> <span class='ocrx_word' id='word_1_373' title='bbox 2359 664 2581 719; x_wconf 84' lang='lat' dir='ltr'>novitas</span> <span class='ocrx_word' id='word_1_374' title='bbox 2610 682 2621 730; x_wconf 89' lang='lat'>;</span> <span class='ocrx_word' id='word_1_375' title='bbox 2653 663 2976 735; x_wconf 85' lang='lat' dir='ltr'>cogitabam</span> <span class='ocrx_word' id='word_1_376' title='bbox 2999 664 3154 719; x_wconf 90' lang='lat' dir='ltr'>enim</span> <span class='ocrx_word' id='word_1_377' title='bbox 3173 664 3325 735; x_wconf 90' lang='lat' dir='ltr'>quod</span> <span class='ocrx_word' id='word_1_378' title='bbox 3350 679 3456 718; x_wconf 91' lang='lat' dir='ltr'>nec</span> <span class='ocrx_word' id='word_1_379' title='bbox 3471 663 3744 735; x_wconf 88' lang='lat' dir='ltr'>princeps</span> 
     </span>
    </p>
   </div>
   <div class='ocr_carea' id='block_1_52' title="bbox 2085 751 3739 821">
    <p class='ocr_par' dir='ltr' id='par_1_52' title="bbox 2085 751 3739 821">
     <span class='ocr_line' id='line_1_52' title="bbox 2085 751 3739 821; baseline -0.001 -16"><span class='ocrx_word' id='word_1_380' title='bbox 2085 755 2227 806; x_wconf 87' lang='lat' dir='ltr'>tunc</span> <span class='ocrx_word' id='word_1_381' title='bbox 2250 759 2405 807; x_wconf 88' lang='lat' dir='ltr'>esset</span> <span class='ocrx_word' id='word_1_382' title='bbox 2428 754 2484 807; x_wconf 93' lang='lat' dir='ltr'>in</span> <span class='ocrx_word' id='word_1_383' title='bbox 2510 752 2761 821; x_wconf 80' lang='lat' dir='ltr'>civitate,</span> <span class='ocrx_word' id='word_1_384' title='bbox 2792 770 2895 808; x_wconf 92' lang='lat' dir='ltr'>nec</span> <span class='ocrx_word' id='word_1_385' title='bbox 2920 770 2986 808; x_wconf 88' lang='lat' dir='ltr'>ea</span> <span class='ocrx_word' id='word_1_386' title='bbox 3013 758 3164 809; x_wconf 80' lang='lat' dir='ltr'>esset</span> <span class='ocrx_word' id='word_1_387' title='bbox 3195 752 3287 806; x_wconf 88' lang='lat' dir='ltr'>via</span> <span class='ocrx_word' id='word_1_388' title='bbox 3312 751 3739 819; x_wconf 87' lang='lat' dir='ltr'>vehiculorum,</span> 
     </span>
    </p>
   </div>
   <div class='ocr_carea' id='block_1_53' title="bbox 2085 842 3737 915">
    <p class='ocr_par' dir='ltr' id='par_1_53' title="bbox 2085 842 3737 915">
     <span class='ocr_line' id='line_1_53' title="bbox 2085 842 3737 915; baseline -0.001 -20"><span class='ocrx_word' id='word_1_389' title='bbox 2085 857 2190 895; x_wconf 89' lang='lat' dir='ltr'>nec</span> <span class='ocrx_word' id='word_1_390' title='bbox 2214 845 2450 914; x_wconf 88' lang='lat' dir='ltr'>tempus</span> <span class='ocrx_word' id='word_1_391' title='bbox 2474 848 2677 915; x_wconf 89' lang='lat' dir='ltr'>aptum</span> <span class='ocrx_word' id='word_1_392' title='bbox 2712 842 3018 898; x_wconf 69' lang='lat' dir='ltr'>vehiculis.</span> <span class='ocrx_word' id='word_1_393' title='bbox 3045 843 3174 897; x_wconf 74' lang='lat' dir='ltr'>Haec</span> <span class='ocrx_word' id='word_1_394' title='bbox 3198 847 3391 896; x_wconf 85' lang='lat' dir='ltr'>autem</span> <span class='ocrx_word' id='word_1_395' title='bbox 3419 858 3548 896; x_wconf 92' lang='lat' dir='ltr'>cum</span> <span class='ocrx_word' id='word_1_396' title='bbox 3584 842 3737 912; x_wconf 90' lang='lat' dir='ltr'>apud</span> 
     </span>
    </p>
   </div>
   <div class='ocr_carea' id='block_1_54' title="bbox 2086 932 3740 1004">
    <p class='ocr_par' dir='ltr' id='par_1_54' title="bbox 2086 932 3740 1004">
     <span class='ocr_line' id='line_1_54' title="bbox 2086 932 3740 1004; baseline -0.001 -20"><span class='ocrx_word' id='word_1_397' title='bbox 2086 948 2178 987; x_wconf 90' lang='lat' dir='ltr'>me</span> <span class='ocrx_word' id='word_1_398' title='bbox 2201 933 2914 1004; x_wconf 81' lang='lat' dir='ltr'>reputarem,audiebatur</span> <span class='ocrx_word' id='word_1_399' title='bbox 2945 933 3185 1003; x_wconf 89' lang='lat' dir='ltr'>quidam</span> <span class='ocrx_word' id='word_1_400' title='bbox 3221 932 3502 1001; x_wconf 79' lang='lat' dir='ltr'>strepitus</span> <span class='ocrx_word' id='word_1_401' title='bbox 3526 946 3740 1001; x_wconf 89' lang='lat' dir='ltr'>appro-</span> 
     </span>
    </p>
   </div>
   <div class='ocr_carea' id='block_1_55' title="bbox 2090 1020 3739 1095">
    <p class='ocr_par' dir='ltr' id='par_1_55' title="bbox 2090 1020 3739 1095">
     <span class='ocr_line' id='line_1_55' title="bbox 2090 1020 3739 1095; baseline -0.001 -20"><span class='ocrx_word' id='word_1_402' title='bbox 2090 1022 2430 1095; x_wconf 87' lang='lat' dir='ltr'>pinquantis</span> <span class='ocrx_word' id='word_1_403' title='bbox 2454 1021 2873 1083; x_wconf 78' lang='lat' dir='ltr'>multitudinis.</span> <span class='ocrx_word' id='word_1_404' title='bbox 2896 1026 2951 1077; x_wconf 91' lang='lat' dir='ltr'>ct</span> <span class='ocrx_word' id='word_1_405' title='bbox 2973 1021 3302 1076; x_wconf 87' lang='lat' dir='ltr'>clamabant</span> <span class='ocrx_word' id='word_1_406' title='bbox 3325 1020 3565 1091; x_wconf 88' lang='lat' dir='ltr'>quidam</span> <span class='ocrx_word' id='word_1_407' title='bbox 3591 1037 3739 1092; x_wconf 67' lang='lat' dir='ltr'>prm-</span> 
     </span>
    </p>
   </div>
   <div class='ocr_carea' id='block_1_56' title="bbox 2089 1109 3741 1180">
    <p class='ocr_par' dir='ltr' id='par_1_56' title="bbox 2089 1109 3741 1180">
     <span class='ocr_line' id='line_1_56' title="bbox 2089 1109 3741 1180; baseline -0.002 -13"><span class='ocrx_word' id='word_1_408' title='bbox 2089 1112 2358 1167; x_wconf 90' lang='lat' dir='ltr'>cedentes</span> <span class='ocrx_word' id='word_1_409' title='bbox 2384 1110 2634 1179; x_wconf 85' lang='lat' dir='ltr'>lictores,</span> <span class='ocrx_word' id='word_1_410' title='bbox 2662 1111 2957 1180; x_wconf 89' lang='lat' dir='ltr'>sibilante,</span> <span class='ocrx_word' id='word_1_411' title='bbox 2977 1116 3033 1165; x_wconf 89' lang='lat' dir='ltr'>et</span> <span class='ocrx_word' id='word_1_412' title='bbox 3056 1111 3125 1165; x_wconf 91' lang='lat' dir='ltr'>de</span> <span class='ocrx_word' id='word_1_413' title='bbox 3145 1109 3339 1165; x_wconf 91' lang='lat' dir='ltr'>medio</span> <span class='ocrx_word' id='word_1_414' title='bbox 3363 1110 3595 1164; x_wconf 87' lang='lat' dir='ltr'>turbam</span> <span class='ocrx_word' id='word_1_415' title='bbox 3621 1109 3741 1164; x_wconf 73' lang='lat' dir='ltr'>exi-</span> 
     </span>
    </p>
   </div>
   <div class='ocr_carea' id='block_1_57' title="bbox 2088 1199 3741 1274">
    <p class='ocr_par' dir='ltr' id='par_1_57' title="bbox 2088 1199 3741 1274">
     <span class='ocr_line' id='line_1_57' title="bbox 2088 1199 3741 1274; baseline -0.003 -18"><span class='ocrx_word' id='word_1_416' title='bbox 2088 1207 2314 1274; x_wconf 82' lang='lat' dir='ltr'>gentes,</span> <span class='ocrx_word' id='word_1_417' title='bbox 2341 1206 2395 1257; x_wconf 91' lang='lat' dir='ltr'>et</span> <span class='ocrx_word' id='word_1_418' title='bbox 2428 1201 2477 1256; x_wconf 93' lang='lat' dir='ltr'>ei</span> <span class='ocrx_word' id='word_1_419' title='bbox 2508 1201 2605 1272; x_wconf 89' lang='lat' dir='ltr'>qui</span> <span class='ocrx_word' id='word_1_420' title='bbox 2641 1206 2883 1273; x_wconf 61' lang='lat' dir='ltr'>praeerat</span> <span class='ocrx_word' id='word_1_421' title='bbox 2913 1200 3065 1255; x_wconf 88' lang='lat' dir='ltr'>viam</span> <span class='ocrx_word' id='word_1_422' title='bbox 3104 1205 3400 1271; x_wconf 86' lang='lat' dir='ltr'>parantes.</span> <span class='ocrx_word' id='word_1_423' title='bbox 3427 1199 3741 1270; x_wconf 89' lang='lat' dir='ltr'>Postquam</span> 
     </span>
    </p>
   </div>
   <div class='ocr_carea' id='block_1_58' title="bbox 2088 1288 3738 1361">
    <p class='ocr_par' dir='ltr' id='par_1_58' title="bbox 2088 1288 3738 1361">
     <span class='ocr_line' id='line_1_58' title="bbox 2088 1288 3738 1361; baseline -0.004 -15"><span class='ocrx_word' id='word_1_424' title='bbox 2088 1297 2282 1347; x_wconf 88' lang='lat' dir='ltr'>autem</span> <span class='ocrx_word' id='word_1_425' title='bbox 2326 1290 2470 1345; x_wconf 90' lang='lat' dir='ltr'>mihi</span> <span class='ocrx_word' id='word_1_426' title='bbox 2504 1290 2612 1345; x_wconf 89' lang='lat' dir='ltr'>visi</span> <span class='ocrx_word' id='word_1_427' title='bbox 2656 1296 2793 1345; x_wconf 89' lang='lat' dir='ltr'>sunt</span> <span class='ocrx_word' id='word_1_428' title='bbox 2839 1290 3007 1346; x_wconf 87' lang='lat' dir='ltr'>valde</span> <span class='ocrx_word' id='word_1_429' title='bbox 3068 1288 3561 1361; x_wconf 84' lang='lat' dir='ltr'>apprOpinquare,</span> <span class='ocrx_word' id='word_1_430' title='bbox 3596 1288 3738 1357; x_wconf 86' lang='lat' dir='ltr'>dixi,</span> 
     </span>
    </p>
   </div>
   <div class='ocr_carea' id='block_1_59' title="bbox 2089 1377 3741 1449">
    <p class='ocr_par' dir='ltr' id='par_1_59' title="bbox 2089 1377 3741 1449">
     <span class='ocr_line' id='line_1_59' title="bbox 2089 1377 3741 1449; baseline -0.003 -12"><span class='ocrx_word' id='word_1_431' title='bbox 2089 1382 2318 1437; x_wconf 87' lang='lat' dir='ltr'>aiebat:</span> <span class='ocrx_word' id='word_1_432' title='bbox 2345 1380 2627 1445; x_wconf 90' lang='lat' dir='ltr'>Quisnam</span> <span class='ocrx_word' id='word_1_433' title='bbox 2649 1397 2732 1448; x_wconf 92' lang='lat' dir='ltr'>es,</span> <span class='ocrx_word' id='word_1_434' title='bbox 2760 1385 2815 1435; x_wconf 91' lang='lat' dir='ltr'>et</span> <span class='ocrx_word' id='word_1_435' title='bbox 2841 1382 2995 1435; x_wconf 92' lang='lat' dir='ltr'>unde</span> <span class='ocrx_word' id='word_1_436' title='bbox 3020 1380 3182 1434; x_wconf 89' lang='lat' dir='ltr'>venis</span> <span class='ocrx_word' id='word_1_437' title='bbox 3207 1378 3309 1433; x_wconf 86' lang='lat' dir='ltr'>?et</span> <span class='ocrx_word' id='word_1_438' title='bbox 3332 1394 3447 1449; x_wconf 91' lang='lat' dir='ltr'>quo</span> <span class='ocrx_word' id='word_1_439' title='bbox 3472 1394 3618 1448; x_wconf 90' lang='lat' dir='ltr'>opus</span> <span class='ocrx_word' id='word_1_440' title='bbox 3643 1377 3741 1432; x_wconf 86' lang='lat' dir='ltr'>ba-</span> 
     </span>
    </p>
   </div>
   <div class='ocr_carea' id='block_1_60' title="bbox 2088 1466 3740 1541">
    <p class='ocr_par' dir='ltr' id='par_1_60' title="bbox 2088 1466 3740 1541">
     <span class='ocr_line' id='line_1_60' title="bbox 2088 1466 3740 1541; baseline -0.004 -15"><span class='ocrx_word' id='word_1_441' title='bbox 2088 1471 2233 1526; x_wconf 88' lang='lat' dir='ltr'>bens</span> <span class='ocrx_word' id='word_1_442' title='bbox 2267 1470 2476 1525; x_wconf 89' lang='lat' dir='ltr'>venisti</span> <span class='ocrx_word' id='word_1_443' title='bbox 2511 1469 2620 1524; x_wconf 87' lang='lat' dir='ltr'>hoc</span> <span class='ocrx_word' id='word_1_444' title='bbox 2652 1475 2912 1541; x_wconf 90' lang='lat' dir='ltr'>tempore</span> <span class='ocrx_word' id='word_1_445' title='bbox 2938 1470 3295 1539; x_wconf 85' lang='lat' dir='ltr'>?Quousque</span> <span class='ocrx_word' id='word_1_446' title='bbox 3326 1466 3673 1533; x_wconf 81' lang='lat' dir='ltr'>ludificaris,</span> <span class='ocrx_word' id='word_1_447' title='bbox 3709 1482 3740 1519; x_wconf 95' lang='lat' dir='ltr'>o</span> 
     </span>
    </p>
   </div>
   <div class='ocr_carea' id='block_1_61' title="bbox 2089 1555 3742 1629">
    <p class='ocr_par' dir='ltr' id='par_1_61' title="bbox 2089 1555 3742 1629">
     <span class='ocr_line' id='line_1_61' title="bbox 2089 1555 3742 1629; baseline -0.002 -15"><span class='ocrx_word' id='word_1_448' title='bbox 2089 1558 2308 1628; x_wconf 78' lang='lat' dir='ltr'>infelix,</span> <span class='ocrx_word' id='word_1_449' title='bbox 2344 1563 2398 1614; x_wconf 90' lang='lat' dir='ltr'>ct</span> <span class='ocrx_word' id='word_1_450' title='bbox 2430 1559 2689 1614; x_wconf 90' lang='lat' dir='ltr'>divinam</span> <span class='ocrx_word' id='word_1_451' title='bbox 2724 1559 3049 1614; x_wconf 86' lang='lat' dir='ltr'>contemnis</span> <span class='ocrx_word' id='word_1_452' title='bbox 3082 1556 3420 1629; x_wconf 85' lang='lat' dir='ltr'>patientiam</span> <span class='ocrx_word' id='word_1_453' title='bbox 3442 1555 3471 1610; x_wconf 80' lang='lat'><strong>?</strong></span> <span class='ocrx_word' id='word_1_454' title='bbox 3501 1555 3616 1610; x_wconf 83' lang='lat' dir='ltr'>Hoc</span> <span class='ocrx_word' id='word_1_455' title='bbox 3636 1571 3742 1627; x_wconf 81' lang='lat' dir='ltr'>ego</span> 
     </span>
    </p>
   </div>
   <div class='ocr_carea' id='block_1_62' title="bbox 2093 1644 3743 1719">
    <p class='ocr_par' dir='ltr' id='par_1_62' title="bbox 2093 1644 3743 1719">
     <span class='ocr_line' id='line_1_62' title="bbox 2093 1644 3743 1719; baseline -0.003 -16"><span class='ocrx_word' id='word_1_456' title='bbox 2093 1649 2329 1719; x_wconf 90' lang='lat' dir='ltr'>quidem</span> <span class='ocrx_word' id='word_1_457' title='bbox 2380 1648 2666 1716; x_wconf 89' lang='lat' dir='ltr'>dicebam,</span> <span class='ocrx_word' id='word_1_458' title='bbox 2703 1664 3015 1703; x_wconf 89' lang='lat' dir='ltr'>conversus</span> <span class='ocrx_word' id='word_1_459' title='bbox 3058 1648 3127 1701; x_wconf 86' lang='lat' dir='ltr'>ad</span> <span class='ocrx_word' id='word_1_460' title='bbox 3164 1646 3479 1715; x_wconf 87' lang='lat' dir='ltr'>Orientem,</span> <span class='ocrx_word' id='word_1_461' title='bbox 3524 1648 3580 1699; x_wconf 88' lang='lat' dir='ltr'>et</span> <span class='ocrx_word' id='word_1_462' title='bbox 3626 1644 3743 1699; x_wconf 86' lang='lat' dir='ltr'>Deo</span> 
     </span>
    </p>
   </div>
   <div class='ocr_carea' id='block_1_63' title="bbox 2090 1735 3738 1810">
    <p class='ocr_par' dir='ltr' id='par_1_63' title="bbox 2090 1735 3738 1810">
     <span class='ocr_line' id='line_1_63' title="bbox 2090 1735 3738 1810; baseline -0.003 -17"><span class='ocrx_word' id='word_1_463' title='bbox 2090 1756 2291 1810; x_wconf 91' lang='lat' dir='ltr'>preces</span> <span class='ocrx_word' id='word_1_464' title='bbox 2323 1738 2593 1793; x_wconf 79' lang='lat' dir='ltr'>offerens.</span> <span class='ocrx_word' id='word_1_465' title='bbox 2632 1738 2733 1793; x_wconf 84' lang='lat' dir='ltr'>llle</span> <span class='ocrx_word' id='word_1_466' title='bbox 2766 1742 2959 1793; x_wconf 89' lang='lat' dir='ltr'>autem</span> <span class='ocrx_word' id='word_1_467' title='bbox 2988 1736 3163 1791; x_wconf 86' lang='lat' dir='ltr'>trusit</span> <span class='ocrx_word' id='word_1_468' title='bbox 3194 1735 3455 1807; x_wconf 91' lang='lat' dir='ltr'>quidem,</span> <span class='ocrx_word' id='word_1_469' title='bbox 3489 1735 3591 1789; x_wconf 89' lang='lat' dir='ltr'>sed</span> <span class='ocrx_word' id='word_1_470' title='bbox 3623 1750 3738 1789; x_wconf 90' lang='lat' dir='ltr'>non</span> 
     </span>
    </p>
   </div>
   <div class='ocr_carea' id='block_1_64' title="bbox 2091 1824 3741 1899">
    <p class='ocr_par' dir='ltr' id='par_1_64' title="bbox 2091 1824 3741 1899">
     <span class='ocr_line' id='line_1_64' title="bbox 2091 1824 3741 1899; baseline -0.004 -16"><span class='ocrx_word' id='word_1_471' title='bbox 2091 1828 2279 1899; x_wconf 83' lang='lat' dir='ltr'>potuit</span> <span class='ocrx_word' id='word_1_472' title='bbox 2311 1828 2581 1897; x_wconf 85' lang='lat' dir='ltr'>dejicere,</span> <span class='ocrx_word' id='word_1_473' title='bbox 2614 1827 2925 1883; x_wconf 74' lang='lat' dir='ltr'>resistebat</span> <span class='ocrx_word' id='word_1_474' title='bbox 2957 1826 3113 1881; x_wconf 91' lang='lat' dir='ltr'>enim</span> <span class='ocrx_word' id='word_1_475' title='bbox 3134 1826 3329 1879; x_wconf 89' lang='lat' dir='ltr'>divina</span> <span class='ocrx_word' id='word_1_476' title='bbox 3361 1824 3545 1896; x_wconf 81' lang='lat' dir='ltr'>gratia</span> <span class='ocrx_word' id='word_1_477' title='bbox 3568 1829 3621 1878; x_wconf 89' lang='lat' dir='ltr'>et</span> <span class='ocrx_word' id='word_1_478' title='bbox 3644 1840 3741 1879; x_wconf 89' lang='lat' dir='ltr'>ex-</span> 
     </span>
    </p>
   </div>
   <div class='ocr_carea' id='block_1_65' title="bbox 2091 1916 3083 1989">
    <p class='ocr_par' dir='ltr' id='par_1_65' title="bbox 2091 1916 3083 1989">
     <span class='ocr_line' id='line_1_65' title="bbox 2091 1916 3083 1989; baseline -0.004 -16"><span class='ocrx_word' id='word_1_479' title='bbox 2091 1917 2311 1989; x_wconf 88' lang='lat' dir='ltr'>templo</span> <span class='ocrx_word' id='word_1_480' title='bbox 2343 1917 2541 1972; x_wconf 89' lang='lat' dir='ltr'>omnia</span> <span class='ocrx_word' id='word_1_481' title='bbox 2574 1916 2674 1971; x_wconf 92' lang='lat' dir='ltr'>illa</span> <span class='ocrx_word' id='word_1_482' title='bbox 2700 1919 3083 1972; x_wconf 82' lang='lat' dir='ltr'>evanuerunt.</span> 
     </span>
    </p>
   </div>
   <div class='ocr_carea' id='block_1_66' title="bbox 2168 2029 3745 2103">
    <p class='ocr_par' dir='ltr' id='par_1_66' title="bbox 2168 2029 3745 2103">
     <span class='ocr_line' id='line_1_66' title="bbox 2168 2029 3745 2103; baseline -0.003 -15"><span class='ocrx_word' id='word_1_483' title='bbox 2168 2033 2409 2089; x_wconf 91' lang='lat' dir='ltr'>Dicebat</span> <span class='ocrx_word' id='word_1_484' title='bbox 2440 2041 2633 2089; x_wconf 86' lang='lat' dir='ltr'>autem</span> <span class='ocrx_word' id='word_1_485' title='bbox 2670 2050 2730 2087; x_wconf 87' lang='lat' dir='ltr'>se</span> <span class='ocrx_word' id='word_1_486' title='bbox 2762 2032 2937 2088; x_wconf 83' lang='lat' dir='ltr'>etiam</span> <span class='ocrx_word' id='word_1_487' title='bbox 2970 2037 3230 2103; x_wconf 85' lang='lat' dir='ltr'>tempore</span> <span class='ocrx_word' id='word_1_488' title='bbox 3283 2029 3745 2101; x_wconf 85' lang='lat' dir='ltr'>perniciosorum</span> 
     </span>
    </p>
   </div>
   <div class='ocr_carea' id='block_1_67' title="bbox 2097 2118 3751 2193">
    <p class='ocr_par' dir='ltr' id='par_1_67' title="bbox 2097 2118 3751 2193">
     <span class='ocr_line' id='line_1_67' title="bbox 2097 2118 3751 2193; baseline -0.002 -16"><span class='ocrx_word' id='word_1_489' title='bbox 2097 2122 2328 2179; x_wconf 90' lang='lat' dir='ltr'>illorum</span> <span class='ocrx_word' id='word_1_490' title='bbox 2361 2123 2681 2193; x_wconf 86' lang='lat' dir='ltr'>latronum,</span> <span class='ocrx_word' id='word_1_491' title='bbox 2704 2124 2938 2193; x_wconf 84' lang='lat' dir='ltr'>quando</span> <span class='ocrx_word' id='word_1_492' title='bbox 2953 2139 3021 2177; x_wconf 81' lang='lat' dir='ltr'>ex</span> <span class='ocrx_word' id='word_1_493' title='bbox 3039 2120 3264 2176; x_wconf 89' lang='lat' dir='ltr'>Isauria</span> <span class='ocrx_word' id='word_1_494' title='bbox 3279 2119 3544 2191; x_wconf 84' lang='lat' dir='ltr'>profecti,</span> <span class='ocrx_word' id='word_1_495' title='bbox 3572 2118 3751 2174; x_wconf 79' lang='lat' dir='ltr'>maxi-</span> 
     </span>
    </p>
   </div>
   <div class='ocr_carea' id='block_1_68' title="bbox 2098 2207 3752 2283">
    <p class='ocr_par' dir='ltr' id='par_1_68' title="bbox 2098 2207 3752 2283">
     <span class='ocr_line' id='line_1_68' title="bbox 2098 2207 3752 2283; baseline -0.002 -18"><span class='ocrx_word' id='word_1_496' title='bbox 2098 2228 2254 2266; x_wconf 88' lang='lat' dir='ltr'>mam</span> <span class='ocrx_word' id='word_1_497' title='bbox 2276 2217 2499 2283; x_wconf 87' lang='lat' dir='ltr'>partem</span> <span class='ocrx_word' id='word_1_498' title='bbox 2520 2211 2774 2268; x_wconf 87' lang='lat' dir='ltr'>Orientis</span> <span class='ocrx_word' id='word_1_499' title='bbox 2790 2217 3047 2278; x_wconf 85' lang='lat' dir='ltr'>urentes,</span> <span class='ocrx_word' id='word_1_500' title='bbox 3065 2210 3290 2281; x_wconf 62' lang='lat' dir='ltr'>praedas</span> <span class='ocrx_word' id='word_1_501' title='bbox 3309 2216 3572 2280; x_wconf 85' lang='lat' dir='ltr'>egerunt,</span> <span class='ocrx_word' id='word_1_502' title='bbox 3589 2207 3752 2263; x_wconf 83' lang='lat' dir='ltr'>valde</span> 
     </span>
    </p>
   </div>
   <div class='ocr_carea' id='block_1_69' title="bbox 2094 2299 3751 2371">
    <p class='ocr_par' dir='ltr' id='par_1_69' title="bbox 2094 2299 3751 2371">
     <span class='ocr_line' id='line_1_69' title="bbox 2094 2299 3751 2371; baseline -0.002 -15"><span class='ocrx_word' id='word_1_503' title='bbox 2094 2302 2465 2371; x_wconf 81' lang='lat' dir='ltr'>extimuisse,</span> <span class='ocrx_word' id='word_1_504' title='bbox 2491 2320 2605 2357; x_wconf 91' lang='lat' dir='ltr'>non</span> <span class='ocrx_word' id='word_1_505' title='bbox 2625 2319 2697 2357; x_wconf 89' lang='lat' dir='ltr'>ne</span> <span class='ocrx_word' id='word_1_506' title='bbox 2719 2302 3084 2357; x_wconf 88' lang='lat' dir='ltr'>occideretur</span> <span class='ocrx_word' id='word_1_507' title='bbox 3107 2302 3318 2371; x_wconf 81' lang='lat' dir='ltr'>(neque</span> <span class='ocrx_word' id='word_1_508' title='bbox 3342 2299 3497 2353; x_wconf 85' lang='lat' dir='ltr'>enim</span> <span class='ocrx_word' id='word_1_509' title='bbox 3522 2299 3751 2353; x_wconf 84' lang='lat' dir='ltr'>teneba-</span> 
     </span>
    </p>
   </div>
   <div class='ocr_carea' id='block_1_70' title="bbox 2095 2386 3748 2463">
    <p class='ocr_par' dir='ltr' id='par_1_70' title="bbox 2095 2386 3748 2463">
     <span class='ocr_line' id='line_1_70' title="bbox 2095 2386 3748 2463; baseline -0.004 -18"><span class='ocrx_word' id='word_1_510' title='bbox 2095 2395 2370 2446; x_wconf 86' lang='lat' dir='ltr'>turtanto</span> <span class='ocrx_word' id='word_1_511' title='bbox 2389 2390 2905 2463; x_wconf 89' lang='lat' dir='ltr'>amorecorporis),</span> <span class='ocrx_word' id='word_1_512' title='bbox 2932 2391 3031 2445; x_wconf 90' lang='lat' dir='ltr'>sed</span> <span class='ocrx_word' id='word_1_513' title='bbox 3062 2406 3131 2445; x_wconf 90' lang='lat' dir='ltr'>ne</span> <span class='ocrx_word' id='word_1_514' title='bbox 3158 2396 3462 2461; x_wconf 88' lang='lat' dir='ltr'>raperetur</span> <span class='ocrx_word' id='word_1_515' title='bbox 3485 2390 3541 2441; x_wconf 91' lang='lat' dir='ltr'>in</span> <span class='ocrx_word' id='word_1_516' title='bbox 3565 2386 3748 2442; x_wconf 84' lang='lat' dir='ltr'>servi-</span> 
     </span>
    </p>
   </div>
   <div class='ocr_carea' id='block_1_71' title="bbox 2096 2477 3745 2551">
    <p class='ocr_par' dir='ltr' id='par_1_71' title="bbox 2096 2477 3745 2551">
     <span class='ocr_line' id='line_1_71' title="bbox 2096 2477 3745 2551; baseline -0.002 -16"><span class='ocrx_word' id='word_1_517' title='bbox 2096 2486 2281 2536; x_wconf 78' lang='lat' dir='ltr'>tatem</span> <span class='ocrx_word' id='word_1_518' title='bbox 2315 2487 2371 2537; x_wconf 90' lang='lat' dir='ltr'>et</span> <span class='ocrx_word' id='word_1_519' title='bbox 2404 2482 2668 2551; x_wconf 89' lang='lat' dir='ltr'>captivus</span> <span class='ocrx_word' id='word_1_520' title='bbox 2685 2482 2866 2546; x_wconf 82' lang='lat' dir='ltr'>ﬁeret,</span> <span class='ocrx_word' id='word_1_521' title='bbox 2899 2477 3745 2551; x_wconf 86' lang='lat' dir='ltr'>impietatisquectiniquitatis</span> 
     </span>
    </p>
   </div>
   <div class='ocr_carea' id='block_1_72' title="bbox 2097 2567 3748 2641">
    <p class='ocr_par' dir='ltr' id='par_1_72' title="bbox 2097 2567 3748 2641">
     <span class='ocr_line' id='line_1_72' title="bbox 2097 2567 3748 2641; baseline -0.001 -19"><span class='ocrx_word' id='word_1_522' title='bbox 2097 2571 2317 2625; x_wconf 85' lang='lat' dir='ltr'>videret</span> <span class='ocrx_word' id='word_1_523' title='bbox 2364 2569 2791 2641; x_wconf 85' lang='lat' dir='ltr'>spectaculum.</span> <span class='ocrx_word' id='word_1_524' title='bbox 2827 2570 2992 2624; x_wconf 83' lang='lat' dir='ltr'>Hune</span> <span class='ocrx_word' id='word_1_525' title='bbox 3043 2575 3265 2623; x_wconf 88' lang='lat' dir='ltr'>metum</span> <span class='ocrx_word' id='word_1_526' title='bbox 3296 2584 3428 2622; x_wconf 86' lang='lat' dir='ltr'>cum</span> <span class='ocrx_word' id='word_1_527' title='bbox 3463 2567 3748 2622; x_wconf 80' lang='lat' dir='ltr'>sensisset</span> 
     </span>
    </p>
   </div>
   <div class='ocr_carea' id='block_1_73' title="bbox 2095 2656 3745 2732">
    <p class='ocr_par' dir='ltr' id='par_1_73' title="bbox 2095 2656 3745 2732">
     <span class='ocr_line' id='line_1_73' title="bbox 2095 2656 3745 2732; baseline -0.001 -20"><span class='ocrx_word' id='word_1_528' title='bbox 2095 2659 2366 2715; x_wconf 90' lang='lat' dir='ltr'>diabolus</span> <span class='ocrx_word' id='word_1_529' title='bbox 2397 2663 2570 2732; x_wconf 66' lang='lat' dir='ltr'>(sazpe</span> <span class='ocrx_word' id='word_1_530' title='bbox 2601 2661 2757 2715; x_wconf 89' lang='lat' dir='ltr'>enim</span> <span class='ocrx_word' id='word_1_531' title='bbox 2789 2660 3112 2723; x_wconf 87' lang='lat' dir='ltr'>audiverat,</span> <span class='ocrx_word' id='word_1_532' title='bbox 3142 2674 3276 2713; x_wconf 91' lang='lat' dir='ltr'>cum</span> <span class='ocrx_word' id='word_1_533' title='bbox 3308 2659 3418 2713; x_wconf 90' lang='lat' dir='ltr'>hoc</span> <span class='ocrx_word' id='word_1_534' title='bbox 3444 2658 3598 2712; x_wconf 91' lang='lat' dir='ltr'>notis</span> <span class='ocrx_word' id='word_1_535' title='bbox 3622 2656 3745 2711; x_wconf 88' lang='lat' dir='ltr'>suis</span> 
     </span>
    </p>
   </div>
   <div class='ocr_carea' id='block_1_74' title="bbox 2096 2747 3749 2821">
    <p class='ocr_par' dir='ltr' id='par_1_74' title="bbox 2096 2747 3749 2821">
     <span class='ocr_line' id='line_1_74' title="bbox 2096 2747 3749 2821; baseline -0.001 -19"><span class='ocrx_word' id='word_1_536' title='bbox 2096 2751 2391 2821; x_wconf 90' lang='lat' dir='ltr'>aperiret),</span> <span class='ocrx_word' id='word_1_537' title='bbox 2428 2751 2694 2806; x_wconf 90' lang='lat' dir='ltr'>imitatur</span> <span class='ocrx_word' id='word_1_538' title='bbox 2728 2755 2899 2805; x_wconf 86' lang='lat' dir='ltr'>noctu</span> <span class='ocrx_word' id='word_1_539' title='bbox 2934 2748 3221 2804; x_wconf 84' lang='lat' dir='ltr'>ululatum</span> <span class='ocrx_word' id='word_1_540' title='bbox 3257 2747 3595 2803; x_wconf 89' lang='lat' dir='ltr'>mulierum.</span> <span class='ocrx_word' id='word_1_541' title='bbox 3635 2752 3749 2818; x_wconf 84' lang='lat' dir='ltr'>Ego</span> 
     </span>
    </p>
   </div>
   <div class='ocr_carea' id='block_1_75' title="bbox 2092 2837 3747 2909">
    <p class='ocr_par' dir='ltr' id='par_1_75' title="bbox 2092 2837 3747 2909">
     <span class='ocr_line' id='line_1_75' title="bbox 2092 2837 3747 2909; baseline -0.001 -18"><span class='ocrx_word' id='word_1_542' title='bbox 2092 2844 2316 2906; x_wconf 79' lang='lat' dir='ltr'>autem,</span> <span class='ocrx_word' id='word_1_543' title='bbox 2340 2839 2552 2909; x_wconf 86' lang='lat' dir='ltr'>inquit,</span> <span class='ocrx_word' id='word_1_544' title='bbox 2576 2839 2817 2895; x_wconf 83' lang='lat' dir='ltr'>videbar</span> <span class='ocrx_word' id='word_1_545' title='bbox 2839 2838 3041 2893; x_wconf 89' lang='lat' dir='ltr'>audire</span> <span class='ocrx_word' id='word_1_546' title='bbox 3064 2838 3217 2908; x_wconf 92' lang='lat' dir='ltr'>quod</span> <span class='ocrx_word' id='word_1_547' title='bbox 3245 2837 3747 2903; x_wconf 87' lang='lat' dir='ltr'>venirenthostes,</span> 
     </span>
    </p>
   </div>
   <div class='ocr_carea' id='block_1_76' title="bbox 2090 2926 3744 2999">
    <p class='ocr_par' dir='ltr' id='par_1_76' title="bbox 2090 2926 3744 2999">
     <span class='ocr_line' id='line_1_76' title="bbox 2090 2926 3744 2999; baseline 0 -19"><span class='ocrx_word' id='word_1_548' title='bbox 2090 2932 2147 2980; x_wconf 90' lang='lat' dir='ltr'>et</span> <span class='ocrx_word' id='word_1_549' title='bbox 2177 2929 2331 2997; x_wconf 92' lang='lat' dir='ltr'>quod</span> <span class='ocrx_word' id='word_1_550' title='bbox 2355 2928 2495 2983; x_wconf 88' lang='lat' dir='ltr'>vicis</span> <span class='ocrx_word' id='word_1_551' title='bbox 2521 2928 2712 2999; x_wconf 88' lang='lat' dir='ltr'>ignem</span> <span class='ocrx_word' id='word_1_552' title='bbox 2740 2928 3071 2998; x_wconf 86' lang='lat' dir='ltr'>injicerent.</span> <span class='ocrx_word' id='word_1_553' title='bbox 3094 2926 3301 2982; x_wconf 86' lang='lat' dir='ltr'>Statim</span> <span class='ocrx_word' id='word_1_554' title='bbox 3327 2942 3463 2996; x_wconf 87' lang='lat' dir='ltr'>ergo</span> <span class='ocrx_word' id='word_1_555' title='bbox 3487 2942 3620 2980; x_wconf 91' lang='lat' dir='ltr'>cum</span> <span class='ocrx_word' id='word_1_556' title='bbox 3646 2942 3744 2980; x_wconf 90' lang='lat' dir='ltr'>ca-</span> 
     </span>
    </p>
   </div>
   <div class='ocr_carea' id='block_1_77' title="bbox 2091 3013 3742 3088">
    <p class='ocr_par' dir='ltr' id='par_1_77' title="bbox 2091 3013 3742 3088">
     <span class='ocr_line' id='line_1_77' title="bbox 2091 3013 3742 3088; baseline -0.002 -18"><span class='ocrx_word' id='word_1_557' title='bbox 2091 3016 2261 3087; x_wconf 89' lang='lat' dir='ltr'>pillos</span> <span class='ocrx_word' id='word_1_558' title='bbox 2284 3016 2343 3071; x_wconf 91' lang='lat' dir='ltr'>in</span> <span class='ocrx_word' id='word_1_559' title='bbox 2369 3021 2561 3088; x_wconf 89' lang='lat' dir='ltr'>partes</span> <span class='ocrx_word' id='word_1_560' title='bbox 2582 3015 3276 3082; x_wconf 73' lang='lat' dir='ltr'>843discriminassem,</span> <span class='ocrx_word' id='word_1_561' title='bbox 3301 3017 3581 3085; x_wconf 87' lang='lat' dir='ltr'>etpartim</span> <span class='ocrx_word' id='word_1_562' title='bbox 3607 3013 3742 3085; x_wconf 90' lang='lat' dir='ltr'>qui-</span> 
     </span>
    </p>
   </div>
   <div class='ocr_carea' id='block_1_78' title="bbox 2089 3104 3743 3178">
    <p class='ocr_par' dir='ltr' id='par_1_78' title="bbox 2089 3104 3743 3178">
     <span class='ocr_line' id='line_1_78' title="bbox 2089 3104 3743 3178; baseline -0.002 -17"><span class='ocrx_word' id='word_1_563' title='bbox 2089 3108 2260 3161; x_wconf 90' lang='lat' dir='ltr'>dema</span> <span class='ocrx_word' id='word_1_564' title='bbox 2282 3106 2937 3178; x_wconf 75' lang='lat' dir='ltr'>dextris,partimveroa</span> <span class='ocrx_word' id='word_1_565' title='bbox 2958 3104 3215 3161; x_wconf 86' lang='lat' dir='ltr'>sinistris</span> <span class='ocrx_word' id='word_1_566' title='bbox 3232 3108 3301 3159; x_wconf 81' lang='lat' dir='ltr'>ad</span> <span class='ocrx_word' id='word_1_567' title='bbox 3331 3109 3533 3175; x_wconf 90' lang='lat' dir='ltr'>pectus</span> <span class='ocrx_word' id='word_1_568' title='bbox 3551 3113 3743 3158; x_wconf 85' lang='lat' dir='ltr'>trans-</span> 
     </span>
    </p>
   </div>
   <div class='ocr_carea' id='block_1_79' title="bbox 2088 3194 3742 3267">
    <p class='ocr_par' dir='ltr' id='par_1_79' title="bbox 2088 3194 3742 3267">
     <span class='ocr_line' id='line_1_79' title="bbox 2088 3194 3742 3267; baseline -0.001 -19"><span class='ocrx_word' id='word_1_569' title='bbox 2088 3195 2382 3260; x_wconf 86' lang='lat' dir='ltr'>tulissem,</span> <span class='ocrx_word' id='word_1_570' title='bbox 2419 3196 2696 3267; x_wconf 87' lang='lat' dir='ltr'>parabam</span> <span class='ocrx_word' id='word_1_571' title='bbox 2731 3194 2949 3251; x_wconf 92' lang='lat' dir='ltr'>collum</span> <span class='ocrx_word' id='word_1_572' title='bbox 2991 3201 3055 3249; x_wconf 90' lang='lat' dir='ltr'>ut</span> <span class='ocrx_word' id='word_1_573' title='bbox 3086 3195 3141 3248; x_wconf 89' lang='lat' dir='ltr'>id</span> <span class='ocrx_word' id='word_1_574' title='bbox 3194 3194 3352 3249; x_wconf 88' lang='lat' dir='ltr'>ensis</span> <span class='ocrx_word' id='word_1_575' title='bbox 3406 3198 3742 3264; x_wconf 86' lang='lat' dir='ltr'>amputarct</span> 
     </span>
    </p>
   </div>
   <div class='ocr_carea' id='block_1_80' title="bbox 2088 3282 3741 3356">
    <p class='ocr_par' dir='ltr' id='par_1_80' title="bbox 2088 3282 3741 3356">
     <span class='ocr_line' id='line_1_80' title="bbox 2088 3282 3741 3356; baseline -0.002 -17"><span class='ocrx_word' id='word_1_576' title='bbox 2088 3284 2340 3353; x_wconf 82' lang='lat' dir='ltr'>facilius,</span> <span class='ocrx_word' id='word_1_577' title='bbox 2373 3290 2428 3341; x_wconf 89' lang='lat' dir='ltr'>et</span> <span class='ocrx_word' id='word_1_578' title='bbox 2462 3286 2617 3340; x_wconf 88' lang='lat' dir='ltr'>brevi</span> <span class='ocrx_word' id='word_1_579' title='bbox 2642 3284 2814 3356; x_wconf 88' lang='lat' dir='ltr'>plaga</span> <span class='ocrx_word' id='word_1_580' title='bbox 2846 3289 3103 3355; x_wconf 88' lang='lat' dir='ltr'>accepta,</span> <span class='ocrx_word' id='word_1_581' title='bbox 3128 3284 3199 3337; x_wconf 90' lang='lat' dir='ltr'>ab</span> <span class='ocrx_word' id='word_1_582' title='bbox 3225 3283 3321 3337; x_wconf 90' lang='lat' dir='ltr'>illo</span> <span class='ocrx_word' id='word_1_583' title='bbox 3346 3282 3741 3337; x_wconf 85' lang='lat' dir='ltr'>abominando</span> 
     </span>
    </p>
   </div>
   <div class='ocr_carea' id='block_1_81' title="bbox 2093 3370 3739 3444">
    <p class='ocr_par' dir='ltr' id='par_1_81' title="bbox 2093 3370 3739 3444">
     <span class='ocr_line' id='line_1_81' title="bbox 2093 3370 3739 3444; baseline 0 -20"><span class='ocrx_word' id='word_1_584' title='bbox 2093 3370 2372 3428; x_wconf 88' lang='lat' dir='ltr'>liberarer</span> <span class='ocrx_word' id='word_1_585' title='bbox 2415 3372 2771 3444; x_wconf 89' lang='lat' dir='ltr'>spectaculo.</span> <span class='ocrx_word' id='word_1_586' title='bbox 2805 3373 2949 3428; x_wconf 85' lang='lat' dir='ltr'>Cum</span> <span class='ocrx_word' id='word_1_587' title='bbox 2982 3373 3065 3427; x_wconf 89' lang='lat' dir='ltr'>sic</span> <span class='ocrx_word' id='word_1_588' title='bbox 3099 3375 3282 3427; x_wconf 81' lang='lat' dir='ltr'>totam</span> <span class='ocrx_word' id='word_1_589' title='bbox 3318 3370 3477 3425; x_wconf 89' lang='lat' dir='ltr'>illam</span> <span class='ocrx_word' id='word_1_590' title='bbox 3512 3375 3739 3426; x_wconf 91' lang='lat' dir='ltr'>noctem</span> 
     </span>
    </p>
   </div>
   <div class='ocr_carea' id='block_1_82' title="bbox 2094 3459 3740 3533">
    <p class='ocr_par' dir='ltr' id='par_1_82' title="bbox 2094 3459 3740 3533">
     <span class='ocr_line' id='line_1_82' title="bbox 2094 3459 3740 3533; baseline -0.001 -18"><span class='ocrx_word' id='word_1_591' title='bbox 2094 3462 2511 3533; x_wconf 81' lang='lat' dir='ltr'>transegissem</span> <span class='ocrx_word' id='word_1_592' title='bbox 2527 3467 2582 3517; x_wconf 89' lang='lat' dir='ltr'>et</span> <span class='ocrx_word' id='word_1_593' title='bbox 2596 3460 3237 3517; x_wconf 87' lang='lat' dir='ltr'>assidueincursionem</span> <span class='ocrx_word' id='word_1_594' title='bbox 3255 3459 3486 3514; x_wconf 86' lang='lat' dir='ltr'>illorum</span> <span class='ocrx_word' id='word_1_595' title='bbox 3505 3475 3740 3531; x_wconf 85' lang='lat' dir='ltr'>exspec-</span> 
     </span>
    </p>
   </div>
   <div class='ocr_carea' id='block_1_83' title="bbox 2094 3548 3741 3621">
    <p class='ocr_par' dir='ltr' id='par_1_83' title="bbox 2094 3548 3741 3621">
     <span class='ocr_line' id='line_1_83' title="bbox 2094 3548 3741 3621; baseline -0.001 -17"><span class='ocrx_word' id='word_1_596' title='bbox 2094 3555 2438 3617; x_wconf 87' lang='lat' dir='ltr'>tarem,cum</span> <span class='ocrx_word' id='word_1_597' title='bbox 2466 3550 2675 3605; x_wconf 84' lang='lat' dir='ltr'>fuisset</span> <span class='ocrx_word' id='word_1_598' title='bbox 2697 3552 2908 3619; x_wconf 89' lang='lat' dir='ltr'>dies,et</span> <span class='ocrx_word' id='word_1_599' title='bbox 2938 3550 3175 3621; x_wconf 91' lang='lat' dir='ltr'>quidam</span> <span class='ocrx_word' id='word_1_600' title='bbox 3201 3548 3519 3615; x_wconf 88' lang='lat' dir='ltr'>venissent,</span> <span class='ocrx_word' id='word_1_601' title='bbox 3546 3548 3741 3620; x_wconf 82' lang='lat' dir='ltr'>rogavi</span> 
     </span>
    </p>
   </div>
   <div class='ocr_carea' id='block_1_84' title="bbox 2094 3637 3742 3710">
    <p class='ocr_par' dir='ltr' id='par_1_84' title="bbox 2094 3637 3742 3710">
     <span class='ocr_line' id='line_1_84' title="bbox 2094 3637 3742 3710; baseline -0.001 -17"><span class='ocrx_word' id='word_1_602' title='bbox 2094 3639 2377 3710; x_wconf 91' lang='lat' dir='ltr'>quidnam</span> <span class='ocrx_word' id='word_1_603' title='bbox 2412 3640 2709 3695; x_wconf 89' lang='lat' dir='ltr'>audiisent</span> <span class='ocrx_word' id='word_1_604' title='bbox 2737 3640 2807 3695; x_wconf 90' lang='lat' dir='ltr'>de</span> <span class='ocrx_word' id='word_1_605' title='bbox 2841 3638 3082 3695; x_wconf 88' lang='lat' dir='ltr'>Isauris.</span> <span class='ocrx_word' id='word_1_606' title='bbox 3118 3637 3205 3694; x_wconf 92' lang='lat' dir='ltr'>Illi</span> <span class='ocrx_word' id='word_1_607' title='bbox 3239 3643 3434 3694; x_wconf 79' lang='lat' dir='ltr'>autem</span> <span class='ocrx_word' id='word_1_608' title='bbox 3468 3638 3742 3693; x_wconf 84' lang='lat' dir='ltr'>dixerunt</span> 
     </span>
    </p>
   </div>
   <div class='ocr_carea' id='block_1_85' title="bbox 2094 3726 3736 3799">
    <p class='ocr_par' dir='ltr' id='par_1_85' title="bbox 2094 3726 3736 3799">
     <span class='ocr_line' id='line_1_85' title="bbox 2094 3726 3736 3799; baseline -0.001 -17"><span class='ocrx_word' id='word_1_609' title='bbox 2094 3743 2155 3782; x_wconf 90' lang='lat' dir='ltr'>se</span> <span class='ocrx_word' id='word_1_610' title='bbox 2180 3726 2326 3782; x_wconf 92' lang='lat' dir='ltr'>nihil</span> <span class='ocrx_word' id='word_1_611' title='bbox 2351 3744 2524 3783; x_wconf 90' lang='lat' dir='ltr'>nosse</span> <span class='ocrx_word' id='word_1_612' title='bbox 2548 3727 2664 3782; x_wconf 92' lang='lat' dir='ltr'>illis</span> <span class='ocrx_word' id='word_1_613' title='bbox 2688 3727 2896 3784; x_wconf 87' lang='lat' dir='ltr'>diebus</span> <span class='ocrx_word' id='word_1_614' title='bbox 2920 3748 2933 3795; x_wconf 85' lang='lat'><strong>;</strong></span> <span class='ocrx_word' id='word_1_615' title='bbox 2960 3726 3115 3784; x_wconf 88' lang='lat' dir='ltr'>etsic</span> <span class='ocrx_word' id='word_1_616' title='bbox 3139 3727 3596 3799; x_wconf 76' lang='lat' dir='ltr'>agnovi,inquit,</span> <span class='ocrx_word' id='word_1_617' title='bbox 3613 3726 3736 3781; x_wconf 91' lang='lat' dir='ltr'>dia-</span> 
     </span>
    </p>
   </div>
   <div class='ocr_carea' id='block_1_86' title="bbox 2092 3815 3342 3888">
    <p class='ocr_par' dir='ltr' id='par_1_86' title="bbox 2092 3815 3342 3888">
     <span class='ocr_line' id='line_1_86' title="bbox 2092 3815 3342 3888; baseline -0.002 -17"><span class='ocrx_word' id='word_1_618' title='bbox 2092 3815 2340 3872; x_wconf 88' lang='lat' dir='ltr'>bolicam</span> <span class='ocrx_word' id='word_1_619' title='bbox 2372 3832 2604 3888; x_wconf 89' lang='lat' dir='ltr'>quoque</span> <span class='ocrx_word' id='word_1_620' title='bbox 2626 3815 2787 3871; x_wconf 93' lang='lat' dir='ltr'>illam</span> <span class='ocrx_word' id='word_1_621' title='bbox 2822 3816 3005 3871; x_wconf 83' lang='lat' dir='ltr'>fuisse</span> <span class='ocrx_word' id='word_1_622' title='bbox 3037 3815 3342 3871; x_wconf 84' lang='lat' dir='ltr'>visionem.</span> 
     </span>
    </p>
   </div>
   <div class='ocr_carea' id='block_1_87' title="bbox 2160 3941 3735 4015">
    <p class='ocr_par' dir='ltr' id='par_1_87' title="bbox 2160 3941 3735 4015">
     <span class='ocr_line' id='line_1_87' title="bbox 2160 3941 3735 4015; baseline -0.002 -18"><span class='ocrx_word' id='word_1_623' title='bbox 2160 3943 2488 4015; x_wconf 79' lang='lat' dir='ltr'>Aliquando</span> <span class='ocrx_word' id='word_1_624' title='bbox 2511 3948 2707 3999; x_wconf 90' lang='lat' dir='ltr'>autem</span> <span class='ocrx_word' id='word_1_625' title='bbox 2724 3942 3089 4000; x_wconf 87' lang='lat' dir='ltr'>assimilatus</span> <span class='ocrx_word' id='word_1_626' title='bbox 3104 3942 3291 3996; x_wconf 89' lang='lat' dir='ltr'>vivido</span> <span class='ocrx_word' id='word_1_627' title='bbox 3308 3946 3364 3996; x_wconf 92' lang='lat' dir='ltr'>et</span> <span class='ocrx_word' id='word_1_628' title='bbox 3379 3945 3578 4012; x_wconf 87' lang='lat' dir='ltr'>vegeto</span> <span class='ocrx_word' id='word_1_629' title='bbox 3596 3941 3735 3995; x_wconf 88' lang='lat' dir='ltr'>ado-</span> 
     </span>
    </p>
   </div>
   <div class='ocr_carea' id='block_1_88' title="bbox 2088 4030 3738 4105">
    <p class='ocr_par' dir='ltr' id='par_1_88' title="bbox 2088 4030 3738 4105">
     <span class='ocr_line' id='line_1_88' title="bbox 2088 4030 3738 4105; baseline -0.002 -18"><span class='ocrx_word' id='word_1_630' title='bbox 2088 4031 2351 4101; x_wconf 89' lang='lat' dir='ltr'>lescenti,</span> <span class='ocrx_word' id='word_1_631' title='bbox 2386 4034 2823 4105; x_wconf 90' lang='lat' dir='ltr'>speciedecoro,</span> <span class='ocrx_word' id='word_1_632' title='bbox 2855 4038 2911 4088; x_wconf 91' lang='lat' dir='ltr'>et</span> <span class='ocrx_word' id='word_1_633' title='bbox 2934 4032 3081 4087; x_wconf 85' lang='lat' dir='ltr'>ﬂava</span> <span class='ocrx_word' id='word_1_634' title='bbox 3109 4048 3276 4087; x_wconf 90' lang='lat' dir='ltr'>coma</span> <span class='ocrx_word' id='word_1_635' title='bbox 3298 4036 3522 4095; x_wconf 86' lang='lat' dir='ltr'>ornato,</span> <span class='ocrx_word' id='word_1_636' title='bbox 3548 4030 3617 4084; x_wconf 91' lang='lat' dir='ltr'>ad</span> <span class='ocrx_word' id='word_1_637' title='bbox 3646 4045 3738 4084; x_wconf 91' lang='lat' dir='ltr'>me</span> 
     </span>
    </p>
   </div>
   <div class='ocr_carea' id='block_1_89' title="bbox 2090 4119 3737 4191">
    <p class='ocr_par' dir='ltr' id='par_1_89' title="bbox 2090 4119 3737 4191">
     <span class='ocr_line' id='line_1_89' title="bbox 2090 4119 3737 4191; baseline -0.002 -15"><span class='ocrx_word' id='word_1_638' title='bbox 2090 4123 2402 4178; x_wconf 87' lang='lat' dir='ltr'>accedebat</span> <span class='ocrx_word' id='word_1_639' title='bbox 2421 4122 2736 4179; x_wconf 90' lang='lat' dir='ltr'>subridens</span> <span class='ocrx_word' id='word_1_640' title='bbox 2758 4121 2936 4177; x_wconf 92' lang='lat' dir='ltr'>simul</span> <span class='ocrx_word' id='word_1_641' title='bbox 2960 4127 3015 4178; x_wconf 91' lang='lat' dir='ltr'>et</span> <span class='ocrx_word' id='word_1_642' title='bbox 3036 4120 3267 4176; x_wconf 92' lang='lat' dir='ltr'>ludens.</span> <span class='ocrx_word' id='word_1_643' title='bbox 3294 4121 3409 4191; x_wconf 84' lang='lat' dir='ltr'>Ego</span> <span class='ocrx_word' id='word_1_644' title='bbox 3432 4126 3627 4174; x_wconf 89' lang='lat' dir='ltr'>autem</span> <span class='ocrx_word' id='word_1_645' title='bbox 3650 4119 3737 4174; x_wconf 85' lang='lat' dir='ltr'>in-</span> 
     </span>
    </p>
   </div>
   <div class='ocr_carea' id='block_1_90' title="bbox 2087 4207 3742 4283">
    <p class='ocr_par' dir='ltr' id='par_1_90' title="bbox 2087 4207 3742 4283">
     <span class='ocr_line' id='line_1_90' title="bbox 2087 4207 3742 4283; baseline -0.001 -18"><span class='ocrx_word' id='word_1_646' title='bbox 2087 4212 2237 4282; x_wconf 88' lang='lat' dir='ltr'>quit,</span> <span class='ocrx_word' id='word_1_647' title='bbox 2252 4212 2339 4268; x_wconf 90' lang='lat' dir='ltr'>ira</span> <span class='ocrx_word' id='word_1_648' title='bbox 2351 4218 2633 4283; x_wconf 87' lang='lat' dir='ltr'>armatus,</span> <span class='ocrx_word' id='word_1_649' title='bbox 2650 4211 2949 4283; x_wconf 81' lang='lat' dir='ltr'>ejiciebam</span> <span class='ocrx_word' id='word_1_650' title='bbox 2965 4212 3264 4266; x_wconf 76' lang='lat' dir='ltr'>insectans</span> <span class='ocrx_word' id='word_1_651' title='bbox 3279 4207 3742 4265; x_wconf 89' lang='lat' dir='ltr'>maledictis.llle</span> 
     </span>
    </p>
   </div>
   <div class='ocr_carea' id='block_1_91' title="bbox 2090 4296 3743 4373">
    <p class='ocr_par' dir='ltr' id='par_1_91' title="bbox 2090 4296 3743 4373">
     <span class='ocr_line' id='line_1_91' title="bbox 2090 4296 3743 4373; baseline -0.002 -18"><span class='ocrx_word' id='word_1_652' title='bbox 2090 4306 2286 4355; x_wconf 91' lang='lat' dir='ltr'>autem</span> <span class='ocrx_word' id='word_1_653' title='bbox 2320 4302 2723 4373; x_wconf 85' lang='lat' dir='ltr'>permanebat,</span> <span class='ocrx_word' id='word_1_654' title='bbox 2757 4305 2995 4371; x_wconf 90' lang='lat' dir='ltr'>aspectu</span> <span class='ocrx_word' id='word_1_655' title='bbox 3030 4298 3379 4363; x_wconf 90' lang='lat' dir='ltr'>meretricio,</span> <span class='ocrx_word' id='word_1_656' title='bbox 3412 4296 3654 4369; x_wconf 90' lang='lat' dir='ltr'>risuque</span> <span class='ocrx_word' id='word_1_657' title='bbox 3684 4302 3743 4352; x_wconf 92' lang='lat' dir='ltr'>et</span> 
     </span>
    </p>
   </div>
   <div class='ocr_carea' id='block_1_92' title="bbox 2088 4389 3736 4463">
    <p class='ocr_par' dir='ltr' id='par_1_92' title="bbox 2088 4389 3736 4463">
     <span class='ocr_line' id='line_1_92' title="bbox 2088 4389 3736 4463; baseline -0.002 -18"><span class='ocrx_word' id='word_1_658' title='bbox 2088 4407 2358 4446; x_wconf 88' lang='lat' dir='ltr'>sermone</span> <span class='ocrx_word' id='word_1_659' title='bbox 2388 4393 2460 4447; x_wconf 91' lang='lat' dir='ltr'>ad</span> <span class='ocrx_word' id='word_1_660' title='bbox 2484 4392 2843 4463; x_wconf 90' lang='lat' dir='ltr'>voluptatem</span> <span class='ocrx_word' id='word_1_661' title='bbox 2865 4390 3146 4445; x_wconf 90' lang='lat' dir='ltr'>alliciens.</span> <span class='ocrx_word' id='word_1_662' title='bbox 3166 4389 3328 4444; x_wconf 92' lang='lat' dir='ltr'>Tunc</span> <span class='ocrx_word' id='word_1_663' title='bbox 3358 4404 3492 4459; x_wconf 89' lang='lat' dir='ltr'>ergo</span> <span class='ocrx_word' id='word_1_664' title='bbox 3514 4389 3736 4458; x_wconf 84' lang='lat' dir='ltr'>majore</span> 
     </span>
    </p>
   </div>
   <div class='ocr_carea' id='block_1_93' title="bbox 2087 4478 3743 4551">
    <p class='ocr_par' dir='ltr' id='par_1_93' title="bbox 2087 4478 3743 4551">
     <span class='ocr_line' id='line_1_93' title="bbox 2087 4478 3743 4551; baseline -0.001 -18"><span class='ocrx_word' id='word_1_665' title='bbox 2087 4478 2175 4534; x_wconf 89' lang='lat' dir='ltr'>ira</span> <span class='ocrx_word' id='word_1_666' title='bbox 2207 4480 2496 4551; x_wconf 91' lang='lat' dir='ltr'>percitus:</span> <span class='ocrx_word' id='word_1_667' title='bbox 2532 4480 3102 4550; x_wconf 87' lang='lat' dir='ltr'>Quomodo,inquam</span> <span class='ocrx_word' id='word_1_668' title='bbox 3135 4484 3299 4550; x_wconf 89' lang='lat' dir='ltr'>potes</span> <span class='ocrx_word' id='word_1_669' title='bbox 3324 4482 3501 4533; x_wconf 78' lang='lat' dir='ltr'>totam</span> <span class='ocrx_word' id='word_1_670' title='bbox 3518 4482 3743 4532; x_wconf 88' lang='lat' dir='ltr'>terram</span> 
     </span>
    </p>
   </div>
   <div class='ocr_carea' id='block_1_94' title="bbox 2087 4566 3741 4640">
    <p class='ocr_par' dir='ltr' id='par_1_94' title="bbox 2087 4566 3741 4640">
     <span class='ocr_line' id='line_1_94' title="bbox 2087 4566 3741 4640; baseline -0.002 -17"><span class='ocrx_word' id='word_1_671' title='bbox 2087 4569 2270 4638; x_wconf 91' lang='lat' dir='ltr'>obire,</span> <span class='ocrx_word' id='word_1_672' title='bbox 2304 4574 2361 4625; x_wconf 93' lang='lat' dir='ltr'>et</span> <span class='ocrx_word' id='word_1_673' title='bbox 2385 4570 2661 4626; x_wconf 89' lang='lat' dir='ltr'>omnibus</span> <span class='ocrx_word' id='word_1_674' title='bbox 2685 4569 2832 4625; x_wconf 87' lang='lat' dir='ltr'>tales</span> <span class='ocrx_word' id='word_1_675' title='bbox 2877 4584 3079 4640; x_wconf 92' lang='lat' dir='ltr'>parare</span> <span class='ocrx_word' id='word_1_676' title='bbox 3112 4566 3403 4622; x_wconf 81' lang='lat' dir='ltr'>insidias?</span> <span class='ocrx_word' id='word_1_677' title='bbox 3434 4567 3488 4621; x_wconf 92' lang='lat' dir='ltr'>Is</span> <span class='ocrx_word' id='word_1_678' title='bbox 3540 4570 3741 4621; x_wconf 89' lang='lat' dir='ltr'>autem</span> 
     </span>
    </p>
   </div>
   <div class='ocr_carea' id='block_1_95' title="bbox 319 4654 3746 4754">
    <p class='ocr_par' dir='ltr' id='par_1_95' title="bbox 319 4654 3746 4754">
     <span class='ocr_line' id='line_1_95' title="bbox 319 4654 3746 4754; baseline 0 -25"><span class='ocrx_word' id='word_1_679' title='bbox 319 4693 433 4747; x_wconf 89' lang='lat' dir='ltr'>por</span> <span class='ocrx_word' id='word_1_680' title='bbox 467 4676 525 4729; x_wconf 91' lang='lat' dir='ltr'>in</span> <span class='ocrx_word' id='word_1_681' title='bbox 561 4654 1518 4751; x_wconf 78' lang='lat' dir='ltr'>perpetuocontemplandadivina</span> <span class='ocrx_word' id='word_1_682' title='bbox 1540 4654 1978 4754; x_wconf 71' lang='lat' dir='ltr'>pulchritudine</span> <span class='ocrx_word' id='word_1_683' title='bbox 2009 4686 2055 4750; x_wconf 91' lang='lat' dir='ltr'>D</span> <span class='ocrx_word' id='word_1_684' title='bbox 2088 4658 2319 4754; x_wconf 45' lang='grc' dir='ltr'>(ξξθθδθί</span> <span class='ocrx_word' id='word_1_685' title='bbox 2347 4674 2409 4713; x_wconf 64' lang='lat' dir='ltr'>se</span> <span class='ocrx_word' id='word_1_686' title='bbox 2446 4675 2558 4754; x_wconf 56' lang='lat'>9°“</span> <span class='ocrx_word' id='word_1_687' title='bbox 2588 4674 2716 4754; x_wconf 54' lang='lat'>3339</span> <span class='ocrx_word' id='word_1_688' title='bbox 2746 4660 2960 4726; x_wconf 60' lang='lat' dir='ltr'>mlum,</span> <span class='ocrx_word' id='word_1_689' title='bbox 2985 4658 3081 4754; x_wconf 49' lang='lat' dir='ltr'>se“!</span> <span class='ocrx_word' id='word_1_690' title='bbox 3116 4657 3451 4754; x_wconf 42' lang='lat' dir='ltr'>damon“?</span> <span class='ocrx_word' id='word_1_691' title='bbox 3474 4654 3746 4709; x_wconf 65' lang='lat' dir='ltr'>mumm‘</span> 
     </span>
    </p>
   </div>
   <div class='ocr_carea' id='block_1_96' title="bbox 321 4765 1971 4841">
    <p class='ocr_par' dir='ltr' id='par_1_96' title="bbox 321 4765 1971 4841">
     <span class='ocr_line' id='line_1_96' title="bbox 321 4765 1971 4841; baseline 0.007 -22"><span class='ocrx_word' id='word_1_692' title='bbox 321 4766 472 4820; x_wconf 82' lang='lat' dir='ltr'>Cum</span> <span class='ocrx_word' id='word_1_693' title='bbox 504 4765 703 4837; x_wconf 87' lang='lat' dir='ltr'>itaque</span> <span class='ocrx_word' id='word_1_694' title='bbox 733 4770 897 4839; x_wconf 91' lang='lat' dir='ltr'>pauci</span> <span class='ocrx_word' id='word_1_695' title='bbox 924 4770 1047 4825; x_wconf 91' lang='lat' dir='ltr'>dies</span> <span class='ocrx_word' id='word_1_696' title='bbox 1080 4772 1521 4841; x_wconf 75' lang='lat' dir='ltr'>przeteriissent,</span> <span class='ocrx_word' id='word_1_697' title='bbox 1561 4774 1805 4831; x_wconf 90' lang='lat' dir='ltr'>meridie</span> <span class='ocrx_word' id='word_1_698' title='bbox 1835 4792 1971 4831; x_wconf 85' lang='lat' dir='ltr'>con-</span> 
     </span>
    </p>
   </div>
   <div class='ocr_carea' id='block_1_97' title="bbox 321 4858 1972 4934">
    <p class='ocr_par' dir='ltr' id='par_1_97' title="bbox 321 4858 1972 4934">
     <span class='ocr_line' id='line_1_97' title="bbox 321 4858 1972 4934; baseline 0.007 -26"><span class='ocrx_word' id='word_1_699' title='bbox 321 4858 560 4910; x_wconf 87' lang='lat' dir='ltr'>suetum</span> <span class='ocrx_word' id='word_1_700' title='bbox 594 4872 878 4929; x_wconf 88' lang='lat' dir='ltr'>peragens</span> <span class='ocrx_word' id='word_1_701' title='bbox 904 4859 1183 4916; x_wconf 84' lang='lat' dir='ltr'>officium.</span> <span class='ocrx_word' id='word_1_702' title='bbox 1216 4862 1412 4929; x_wconf 88' lang='lat' dir='ltr'>Video,</span> <span class='ocrx_word' id='word_1_703' title='bbox 1437 4862 1651 4934; x_wconf 91' lang='lat' dir='ltr'>inquit,</span> <span class='ocrx_word' id='word_1_704' title='bbox 1674 4864 1821 4920; x_wconf 90' lang='lat' dir='ltr'>duas</span> <span class='ocrx_word' id='word_1_705' title='bbox 1846 4882 1972 4920; x_wconf 88' lang='lat' dir='ltr'>mu-</span> 
     </span>
    </p>
   </div>
   <div class='ocr_carea' id='block_1_98' title="bbox 322 4943 1967 5024">
    <p class='ocr_par' dir='ltr' id='par_1_98' title="bbox 322 4943 1967 5024">
     <span class='ocr_line' id='line_1_98' title="bbox 322 4943 1967 5024; baseline 0.008 -27"><span class='ocrx_word' id='word_1_706' title='bbox 322 4943 501 5001; x_wconf 87' lang='lat' dir='ltr'>lieres</span> <span class='ocrx_word' id='word_1_707' title='bbox 533 4948 603 5000; x_wconf 91' lang='lat' dir='ltr'>de</span> <span class='ocrx_word' id='word_1_708' title='bbox 637 4953 833 5002; x_wconf 90' lang='lat' dir='ltr'>monte</span> <span class='ocrx_word' id='word_1_709' title='bbox 879 4949 1325 5007; x_wconf 81' lang='lat' dir='ltr'>descendentes.</span> <span class='ocrx_word' id='word_1_710' title='bbox 1365 4952 1482 5024; x_wconf 87' lang='lat' dir='ltr'>Ego</span> <span class='ocrx_word' id='word_1_711' title='bbox 1513 4957 1707 5008; x_wconf 88' lang='lat' dir='ltr'>autem</span> <span class='ocrx_word' id='word_1_712' title='bbox 1742 4971 1873 5009; x_wconf 90' lang='lat' dir='ltr'>cum</span> <span class='ocrx_word' id='word_1_713' title='bbox 1908 4954 1967 5009; x_wconf 92' lang='lat' dir='ltr'>id</span> 
     </span>
    </p>
   </div>
   <div class='ocr_carea' id='block_1_99' title="bbox 320 5038 1969 5116">
    <p class='ocr_par' dir='ltr' id='par_1_99' title="bbox 320 5038 1969 5116">
     <span class='ocr_line' id='line_1_99' title="bbox 320 5038 1969 5116; baseline 0.007 -28"><span class='ocrx_word' id='word_1_714' title='bbox 320 5039 534 5103; x_wconf 67' lang='lat' dir='ltr'>praeter</span> <span class='ocrx_word' id='word_1_715' title='bbox 549 5038 1037 5094; x_wconf 90' lang='lat' dir='ltr'>consuetudinem</span> <span class='ocrx_word' id='word_1_716' title='bbox 1066 5056 1214 5112; x_wconf 61' lang='lat' dir='ltr'>aegre</span> <span class='ocrx_word' id='word_1_717' title='bbox 1246 5040 1536 5109; x_wconf 90' lang='lat' dir='ltr'>tulissem,</span> <span class='ocrx_word' id='word_1_718' title='bbox 1566 5048 1621 5097; x_wconf 91' lang='lat' dir='ltr'>et</span> <span class='ocrx_word' id='word_1_719' title='bbox 1641 5060 1740 5099; x_wconf 91' lang='lat' dir='ltr'>eas</span> <span class='ocrx_word' id='word_1_720' title='bbox 1760 5044 1969 5116; x_wconf 82' lang='lat' dir='ltr'>lapidi-</span> 
     </span>
    </p>
   </div>
   <div class='ocr_carea' id='block_1_100' title="bbox 315 5124 1968 5199">
    <p class='ocr_par' dir='ltr' id='par_1_100' title="bbox 315 5124 1968 5199">
     <span class='ocr_line' id='line_1_100' title="bbox 315 5124 1968 5199; baseline 0.005 -20"><span class='ocrx_word' id='word_1_721' title='bbox 315 5124 432 5179; x_wconf 89' lang='lat' dir='ltr'>bus</span> <span class='ocrx_word' id='word_1_722' title='bbox 448 5129 565 5191; x_wconf 75' lang='lat' dir='ltr'>petr</span> <span class='ocrx_word' id='word_1_723' title='bbox 584 5142 644 5180; x_wconf 89' lang='lat' dir='ltr'>re</span> <span class='ocrx_word' id='word_1_724' title='bbox 664 5140 855 5182; x_wconf 85' lang='lat' dir='ltr'>essem</span> <span class='ocrx_word' id='word_1_725' title='bbox 870 5131 1448 5199; x_wconf 85' lang='lat' dir='ltr'>aggressus,memini</span> <span class='ocrx_word' id='word_1_726' title='bbox 1476 5130 1765 5187; x_wconf 90' lang='lat' dir='ltr'>minarum</span> <span class='ocrx_word' id='word_1_727' title='bbox 1791 5134 1968 5189; x_wconf 80' lang='lat' dir='ltr'>scele-</span> 
     </span>
    </p>
   </div>
   <div class='ocr_carea' id='block_1_101' title="bbox 315 5210 1962 5291">
    <p class='ocr_par' dir='ltr' id='par_1_101' title="bbox 315 5210 1962 5291">
     <span class='ocr_line' id='line_1_101' title="bbox 315 5210 1962 5291; baseline 0.006 -24"><span class='ocrx_word' id='word_1_728' title='bbox 315 5210 426 5267; x_wconf 88' lang='lat' dir='ltr'>rati</span> <span class='ocrx_word' id='word_1_729' title='bbox 458 5214 766 5283; x_wconf 77' lang='lat' dir='ltr'>daemonis,</span> <span class='ocrx_word' id='word_1_730' title='bbox 797 5221 854 5271; x_wconf 92' lang='lat' dir='ltr'>et</span> <span class='ocrx_word' id='word_1_731' title='bbox 885 5218 1107 5287; x_wconf 85' lang='lat' dir='ltr'>conjeci</span> <span class='ocrx_word' id='word_1_732' title='bbox 1130 5218 1275 5274; x_wconf 88' lang='lat' dir='ltr'>hanc</span> <span class='ocrx_word' id='word_1_733' title='bbox 1298 5236 1427 5275; x_wconf 90' lang='lat' dir='ltr'>esse</span> <span class='ocrx_word' id='word_1_734' title='bbox 1449 5236 1576 5275; x_wconf 87' lang='lat' dir='ltr'>eam</span> <span class='ocrx_word' id='word_1_735' title='bbox 1605 5237 1780 5291; x_wconf 85' lang='lat' dir='ltr'>quam</span> <span class='ocrx_word' id='word_1_736' title='bbox 1808 5222 1962 5277; x_wconf 88' lang='lat' dir='ltr'>dice-</span> 
     </span>
    </p>
   </div>
   <div class='ocr_carea' id='block_1_102' title="bbox 314 5301 1963 5381">
    <p class='ocr_par' dir='ltr' id='par_1_102' title="bbox 314 5301 1963 5381">
     <span class='ocr_line' id='line_1_102' title="bbox 314 5301 1963 5381; baseline 0.006 -24"><span class='ocrx_word' id='word_1_737' title='bbox 314 5303 417 5357; x_wconf 86' lang='lat' dir='ltr'>bat</span> <span class='ocrx_word' id='word_1_738' title='bbox 446 5301 775 5360; x_wconf 84' lang='lat' dir='ltr'>infamiam.</span> <span class='ocrx_word' id='word_1_739' title='bbox 817 5306 944 5361; x_wconf 80' lang='lat' dir='ltr'>Dixi</span> <span class='ocrx_word' id='word_1_740' title='bbox 977 5323 1113 5379; x_wconf 88' lang='lat' dir='ltr'>ergo</span> <span class='ocrx_word' id='word_1_741' title='bbox 1148 5325 1355 5380; x_wconf 88' lang='lat' dir='ltr'>magna</span> <span class='ocrx_word' id='word_1_742' title='bbox 1386 5326 1522 5365; x_wconf 89' lang='lat' dir='ltr'>voce</span> <span class='ocrx_word' id='word_1_743' title='bbox 1553 5311 1707 5381; x_wconf 92' lang='lat' dir='ltr'>quod</span> <span class='ocrx_word' id='word_1_744' title='bbox 1735 5312 1963 5367; x_wconf 90' lang='lat' dir='ltr'>etiamsi</span> 
     </span>
    </p>
   </div>
   <div class='ocr_carea' id='block_1_103' title="bbox 315 5391 1963 5471">
    <p class='ocr_par' dir='ltr' id='par_1_103' title="bbox 315 5391 1963 5471">
     <span class='ocr_line' id='line_1_103' title="bbox 315 5391 1963 5471; baseline 0.007 -26"><span class='ocrx_word' id='word_1_745' title='bbox 315 5391 465 5446; x_wconf 90' lang='lat' dir='ltr'>meis</span> <span class='ocrx_word' id='word_1_746' title='bbox 499 5391 825 5449; x_wconf 88' lang='lat' dir='ltr'>insiderent</span> <span class='ocrx_word' id='word_1_747' title='bbox 854 5394 1139 5461; x_wconf 93' lang='lat' dir='ltr'>humeris,</span> <span class='ocrx_word' id='word_1_748' title='bbox 1164 5414 1279 5452; x_wconf 90' lang='lat' dir='ltr'>non</span> <span class='ocrx_word' id='word_1_749' title='bbox 1312 5414 1409 5453; x_wconf 89' lang='lat' dir='ltr'>eas</span> <span class='ocrx_word' id='word_1_750' title='bbox 1442 5398 1719 5469; x_wconf 88' lang='lat' dir='ltr'>impetam</span> <span class='ocrx_word' id='word_1_751' title='bbox 1754 5400 1963 5471; x_wconf 85' lang='lat' dir='ltr'>lapidi-</span> 
     </span>
    </p>
   </div>
   <div class='ocr_carea' id='block_1_104' title="bbox 309 5481 1961 5562">
    <p class='ocr_par' dir='ltr' id='par_1_104' title="bbox 309 5481 1961 5562">
     <span class='ocr_line' id='line_1_104' title="bbox 309 5481 1961 5562; baseline 0.005 -27"><span class='ocrx_word' id='word_1_752' title='bbox 309 5481 451 5548; x_wconf 90' lang='lat' dir='ltr'>bus,</span> <span class='ocrx_word' id='word_1_753' title='bbox 477 5496 583 5536; x_wconf 91' lang='lat' dir='ltr'>nec</span> <span class='ocrx_word' id='word_1_754' title='bbox 610 5497 948 5554; x_wconf 87' lang='lat' dir='ltr'>persequar,</span> <span class='ocrx_word' id='word_1_755' title='bbox 970 5485 1069 5540; x_wconf 90' lang='lat' dir='ltr'>sed</span> <span class='ocrx_word' id='word_1_756' title='bbox 1094 5485 1220 5540; x_wconf 90' lang='lat' dir='ltr'>sola</span> <span class='ocrx_word' id='word_1_757' title='bbox 1242 5491 1375 5541; x_wconf 89' lang='lat' dir='ltr'>utar</span> <span class='ocrx_word' id='word_1_758' title='bbox 1394 5487 1819 5557; x_wconf 86' lang='lat' dir='ltr'>deprecatione.</span> <span class='ocrx_word' id='word_1_759' title='bbox 1846 5490 1961 5562; x_wconf 84' lang='lat' dir='ltr'>Ego</span> 
     </span>
    </p>
   </div>
   <div class='ocr_carea' id='block_1_105' title="bbox 311 5569 1962 5645">
    <p class='ocr_par' dir='ltr' id='par_1_105' title="bbox 311 5569 1962 5645">
     <span class='ocr_line' id='line_1_105' title="bbox 311 5569 1962 5645; baseline 0.008 -23"><span class='ocrx_word' id='word_1_760' title='bbox 311 5569 555 5640; x_wconf 88' lang='lat' dir='ltr'>quidem</span> <span class='ocrx_word' id='word_1_761' title='bbox 590 5570 713 5627; x_wconf 66' lang='lat' dir='ltr'>hec</span> <span class='ocrx_word' id='word_1_762' title='bbox 741 5572 879 5638; x_wconf 79' lang='lat' dir='ltr'>dixi,</span> <span class='ocrx_word' id='word_1_763' title='bbox 904 5573 1013 5628; x_wconf 73' lang='lat' dir='ltr'>illa:</span> <span class='ocrx_word' id='word_1_764' title='bbox 1047 5591 1179 5630; x_wconf 90' lang='lat' dir='ltr'>vero</span> <span class='ocrx_word' id='word_1_765' title='bbox 1202 5581 1585 5645; x_wconf 89' lang='lat' dir='ltr'>evanuerunt,</span> <span class='ocrx_word' id='word_1_766' title='bbox 1608 5581 1664 5632; x_wconf 91' lang='lat' dir='ltr'>et</span> <span class='ocrx_word' id='word_1_767' title='bbox 1694 5594 1962 5637; x_wconf 89' lang='lat' dir='ltr'>sermone</span> 
     </span>
    </p>
   </div>
   <div class='ocr_carea' id='block_1_106' title="bbox 310 5661 1301 5733">
    <p class='ocr_par' dir='ltr' id='par_1_106' title="bbox 310 5661 1301 5733">
     <span class='ocr_line' id='line_1_106' title="bbox 310 5661 1301 5733; baseline 0.005 -21"><span class='ocrx_word' id='word_1_768' title='bbox 310 5661 495 5713; x_wconf 80' lang='lat' dir='ltr'>ﬁnem</span> <span class='ocrx_word' id='word_1_769' title='bbox 530 5662 754 5731; x_wconf 88' lang='lat' dir='ltr'>accepit</span> <span class='ocrx_word' id='word_1_770' title='bbox 782 5662 931 5717; x_wconf 92' lang='lat' dir='ltr'>visio</span> <span class='ocrx_word' id='word_1_771' title='bbox 962 5664 1301 5733; x_wconf 89' lang='lat' dir='ltr'>spectaculi.</span> 
     </span>
    </p>
   </div>
   <div class='ocr_carea' id='block_1_107' title="bbox 386 5748 1960 5826">
    <p class='ocr_par' dir='ltr' id='par_1_107' title="bbox 386 5748 1960 5826">
     <span class='ocr_line' id='line_1_107' title="bbox 386 5748 1960 5826; baseline 0.009 -25"><span class='ocrx_word' id='word_1_772' title='bbox 386 5748 528 5802; x_wconf 86' lang='lat' dir='ltr'>Post</span> <span class='ocrx_word' id='word_1_773' title='bbox 559 5748 679 5804; x_wconf 70' lang='lat' dir='ltr'>haec</span> <span class='ocrx_word' id='word_1_774' title='bbox 705 5766 931 5819; x_wconf 90' lang='lat' dir='ltr'>rursus,</span> <span class='ocrx_word' id='word_1_775' title='bbox 965 5751 1179 5823; x_wconf 90' lang='lat' dir='ltr'>inquit,</span> <span class='ocrx_word' id='word_1_776' title='bbox 1213 5757 1385 5809; x_wconf 89' lang='lat' dir='ltr'>noctu</span> <span class='ocrx_word' id='word_1_777' title='bbox 1429 5769 1534 5826; x_wconf 93' lang='lat' dir='ltr'>ego</span> <span class='ocrx_word' id='word_1_778' title='bbox 1566 5755 1801 5826; x_wconf 91' lang='lat' dir='ltr'>quidem</span> <span class='ocrx_word' id='word_1_779' title='bbox 1834 5775 1960 5814; x_wconf 88' lang='lat' dir='ltr'>ora-</span> 
     </span>
    </p>
   </div>
   <div class='ocr_carea' id='block_1_108' title="bbox 312 5836 1965 5916">
    <p class='ocr_par' dir='ltr' id='par_1_108' title="bbox 312 5836 1965 5916">
     <span class='ocr_line' id='line_1_108' title="bbox 312 5836 1965 5916; baseline 0.008 -23"><span class='ocrx_word' id='word_1_780' title='bbox 312 5839 497 5894; x_wconf 87' lang='lat' dir='ltr'>bam:</span> <span class='ocrx_word' id='word_1_781' title='bbox 529 5836 826 5895; x_wconf 81' lang='lat' dir='ltr'>ferebatur</span> <span class='ocrx_word' id='word_1_782' title='bbox 853 5844 1047 5897; x_wconf 89' lang='lat' dir='ltr'>autem</span> <span class='ocrx_word' id='word_1_783' title='bbox 1068 5841 1320 5899; x_wconf 86' lang='lat' dir='ltr'>vehiculi</span> <span class='ocrx_word' id='word_1_784' title='bbox 1342 5842 1645 5916; x_wconf 88' lang='lat' dir='ltr'>strepitus,</span> <span class='ocrx_word' id='word_1_785' title='bbox 1668 5848 1726 5903; x_wconf 90' lang='lat' dir='ltr'>et</span> <span class='ocrx_word' id='word_1_786' title='bbox 1744 5845 1965 5908; x_wconf 88' lang='lat' dir='ltr'>clamor</span> 
     </span>
    </p>
   </div>
   <div class='ocr_carea' id='block_1_109' title="bbox 2087 4742 3738 4819">
    <p class='ocr_par' dir='ltr' id='par_1_109' title="bbox 2087 4742 3738 4819">
     <span class='ocr_line' id='line_1_109' title="bbox 2087 4742 3738 4819; baseline -0.001 -19"><span class='ocrx_word' id='word_1_787' title='bbox 2087 4746 2287 4801; x_wconf 90' lang='lat' dir='ltr'>dinem</span> <span class='ocrx_word' id='word_1_788' title='bbox 2321 4764 2423 4819; x_wconf 91' lang='lat' dir='ltr'>per</span> <span class='ocrx_word' id='word_1_789' title='bbox 2452 4752 2638 4802; x_wconf 90' lang='lat' dir='ltr'>totum</span> <span class='ocrx_word' id='word_1_790' title='bbox 2674 4751 2962 4802; x_wconf 88' lang='lat' dir='ltr'>terrarum</span> <span class='ocrx_word' id='word_1_791' title='bbox 2995 4746 3195 4801; x_wconf 88' lang='lat' dir='ltr'>orbem</span> <span class='ocrx_word' id='word_1_792' title='bbox 3226 4760 3356 4799; x_wconf 88' lang='lat' dir='ltr'>esse</span> <span class='ocrx_word' id='word_1_793' title='bbox 3378 4742 3738 4815; x_wconf 86' lang='lat' dir='ltr'>dispersam,</span> 
     </span>
    </p>
   </div>
   <div class='ocr_carea' id='block_1_110' title="bbox 2086 4834 3743 4910">
    <p class='ocr_par' dir='ltr' id='par_1_110' title="bbox 2086 4834 3743 4910">
     <span class='ocr_line' id='line_1_110' title="bbox 2086 4834 3743 4910; baseline -0.002 -18"><span class='ocrx_word' id='word_1_794' title='bbox 2086 4838 2187 4910; x_wconf 92' lang='lat' dir='ltr'>qui</span> <span class='ocrx_word' id='word_1_795' title='bbox 2221 4838 2329 4894; x_wconf 92' lang='lat' dir='ltr'>hoc</span> <span class='ocrx_word' id='word_1_796' title='bbox 2360 4839 2531 4894; x_wconf 91' lang='lat' dir='ltr'>modo</span> <span class='ocrx_word' id='word_1_797' title='bbox 2554 4838 2732 4894; x_wconf 87' lang='lat' dir='ltr'>simul</span> <span class='ocrx_word' id='word_1_798' title='bbox 2765 4845 2820 4893; x_wconf 92' lang='lat' dir='ltr'>et</span> <span class='ocrx_word' id='word_1_799' title='bbox 2844 4838 3076 4902; x_wconf 91' lang='lat' dir='ltr'>ludunt,</span> <span class='ocrx_word' id='word_1_800' title='bbox 3104 4840 3160 4891; x_wconf 90' lang='lat' dir='ltr'>et</span> <span class='ocrx_word' id='word_1_801' title='bbox 3181 4835 3332 4891; x_wconf 88' lang='lat' dir='ltr'>serio</span> <span class='ocrx_word' id='word_1_802' title='bbox 3357 4842 3570 4906; x_wconf 88' lang='lat' dir='ltr'>agunt;</span> <span class='ocrx_word' id='word_1_803' title='bbox 3596 4834 3743 4889; x_wconf 90' lang='lat' dir='ltr'>ludo</span> 
     </span>
    </p>
   </div>
   <div class='ocr_carea' id='block_1_111' title="bbox 2083 4924 3738 4997">
    <p class='ocr_par' dir='ltr' id='par_1_111' title="bbox 2083 4924 3738 4997">
     <span class='ocr_line' id='line_1_111' title="bbox 2083 4924 3738 4997; baseline -0.004 -15"><span class='ocrx_word' id='word_1_804' title='bbox 2083 4928 2265 4995; x_wconf 86' lang='lat' dir='ltr'>enim,</span> <span class='ocrx_word' id='word_1_805' title='bbox 2292 4928 2389 4997; x_wconf 90' lang='lat' dir='ltr'>qui</span> <span class='ocrx_word' id='word_1_806' title='bbox 2412 4928 2657 4994; x_wconf 88' lang='lat' dir='ltr'>videtur,</span> <span class='ocrx_word' id='word_1_807' title='bbox 2684 4924 3138 4995; x_wconf 90' lang='lat' dir='ltr'>student,simul</span> <span class='ocrx_word' id='word_1_808' title='bbox 3162 4929 3342 4980; x_wconf 91' lang='lat' dir='ltr'>totam</span> <span class='ocrx_word' id='word_1_809' title='bbox 3370 4925 3608 4994; x_wconf 88' lang='lat' dir='ltr'>perdere</span> <span class='ocrx_word' id='word_1_810' title='bbox 3627 4924 3738 4977; x_wconf 90' lang='lat' dir='ltr'>bu-</span> 
     </span>
    </p>
   </div>
   <div class='ocr_carea' id='block_1_112' title="bbox 2084 5012 3740 5085">
    <p class='ocr_par' dir='ltr' id='par_1_112' title="bbox 2084 5012 3740 5085">
     <span class='ocr_line' id='line_1_112' title="bbox 2084 5012 3740 5085; baseline -0.002 -15"><span class='ocrx_word' id='word_1_811' title='bbox 2084 5031 2318 5071; x_wconf 90' lang='lat' dir='ltr'>manam</span> <span class='ocrx_word' id='word_1_812' title='bbox 2353 5021 2623 5071; x_wconf 87' lang='lat' dir='ltr'>naturam</span> <span class='ocrx_word' id='word_1_813' title='bbox 2654 5018 2726 5071; x_wconf 87' lang='lat' dir='ltr'>At</span> <span class='ocrx_word' id='word_1_814' title='bbox 2765 5022 2850 5080; x_wconf 92' lang='lat' dir='ltr'>tu,</span> <span class='ocrx_word' id='word_1_815' title='bbox 2884 5015 3151 5071; x_wconf 88' lang='lat' dir='ltr'>dicebam</span> <span class='ocrx_word' id='word_1_816' title='bbox 3175 5030 3302 5085; x_wconf 87' lang='lat' dir='ltr'>ego,</span> <span class='ocrx_word' id='word_1_817' title='bbox 3337 5012 3450 5077; x_wconf 91' lang='lat' dir='ltr'>abi,</span> <span class='ocrx_word' id='word_1_818' title='bbox 3498 5012 3740 5067; x_wconf 84' lang='lat' dir='ltr'>Christo</span> 
     </span>
    </p>
   </div>
   <div class='ocr_carea' id='block_1_113' title="bbox 2080 5104 3731 5177">
    <p class='ocr_par' dir='ltr' id='par_1_113' title="bbox 2080 5104 3731 5177">
     <span class='ocr_line' id='line_1_113' title="bbox 2080 5104 3731 5177; baseline -0.002 -18"><span class='ocrx_word' id='word_1_819' title='bbox 2080 5104 2187 5159; x_wconf 87' lang='lat' dir='ltr'>tibi</span> <span class='ocrx_word' id='word_1_820' title='bbox 2210 5106 2266 5160; x_wconf 92' lang='lat' dir='ltr'>id</span> <span class='ocrx_word' id='word_1_821' title='bbox 2282 5106 2663 5177; x_wconf 89' lang='lat' dir='ltr'>jubente,qui</span> <span class='ocrx_word' id='word_1_822' title='bbox 2686 5110 2865 5161; x_wconf 90' lang='lat' dir='ltr'>totam</span> <span class='ocrx_word' id='word_1_823' title='bbox 2892 5105 3182 5177; x_wconf 82' lang='lat' dir='ltr'>legionem</span> <span class='ocrx_word' id='word_1_824' title='bbox 3214 5119 3315 5173; x_wconf 89' lang='lat' dir='ltr'>per</span> <span class='ocrx_word' id='word_1_825' title='bbox 3338 5117 3544 5171; x_wconf 91' lang='lat' dir='ltr'>porcos</span> <span class='ocrx_word' id='word_1_826' title='bbox 3570 5106 3731 5156; x_wconf 87' lang='lat' dir='ltr'>trau-</span> 
     </span>
    </p>
   </div>
   <div class='ocr_carea' id='block_1_114' title="bbox 2081 5191 3731 5266">
    <p class='ocr_par' dir='ltr' id='par_1_114' title="bbox 2081 5191 3731 5266">
     <span class='ocr_line' id='line_1_114' title="bbox 2081 5191 3731 5266; baseline -0.001 -18"><span class='ocrx_word' id='word_1_827' title='bbox 2081 5194 2277 5249; x_wconf 89' lang='lat' dir='ltr'>smisit</span> <span class='ocrx_word' id='word_1_828' title='bbox 2306 5194 2362 5249; x_wconf 93' lang='lat' dir='ltr'>in</span> <span class='ocrx_word' id='word_1_829' title='bbox 2392 5196 2769 5266; x_wconf 87' lang='lat' dir='ltr'>profundum.</span> <span class='ocrx_word' id='word_1_830' title='bbox 2803 5195 3039 5250; x_wconf 89' lang='lat' dir='ltr'>Audivit</span> <span class='ocrx_word' id='word_1_831' title='bbox 3067 5191 3243 5249; x_wconf 91' lang='lat' dir='ltr'>simul</span> <span class='ocrx_word' id='word_1_832' title='bbox 3278 5197 3336 5245; x_wconf 90' lang='lat' dir='ltr'>et</span> <span class='ocrx_word' id='word_1_833' title='bbox 3383 5191 3572 5261; x_wconf 86' lang='lat' dir='ltr'>fugit:</span> <span class='ocrx_word' id='word_1_834' title='bbox 3624 5208 3731 5246; x_wconf 90' lang='lat' dir='ltr'>nec</span> 
     </span>
    </p>
   </div>
   <div class='ocr_carea' id='block_1_115' title="bbox 2080 5280 3724 5357">
    <p class='ocr_par' dir='ltr' id='par_1_115' title="bbox 2080 5280 3724 5357">
     <span class='ocr_line' id='line_1_115' title="bbox 2080 5280 3724 5357; baseline -0.002 -18"><span class='ocrx_word' id='word_1_835' title='bbox 2080 5281 2313 5339; x_wconf 90' lang='lat' dir='ltr'>Domini</span> <span class='ocrx_word' id='word_1_836' title='bbox 2346 5285 2759 5357; x_wconf 89' lang='lat' dir='ltr'>appellationis</span> <span class='ocrx_word' id='word_1_837' title='bbox 2806 5285 2923 5339; x_wconf 90' lang='lat' dir='ltr'>vim</span> <span class='ocrx_word' id='word_1_838' title='bbox 2957 5285 3173 5345; x_wconf 86' lang='lat' dir='ltr'>ferens,</span> <span class='ocrx_word' id='word_1_839' title='bbox 3207 5296 3312 5335; x_wconf 93' lang='lat' dir='ltr'>nec</span> <span class='ocrx_word' id='word_1_840' title='bbox 3361 5280 3490 5351; x_wconf 87' lang='lat' dir='ltr'>ejus</span> <span class='ocrx_word' id='word_1_841' title='bbox 3519 5280 3724 5336; x_wconf 86' lang='lat' dir='ltr'>famuli</span> 
     </span>
    </p>
   </div>
   <div class='ocr_carea' id='block_1_116' title="bbox 2079 5369 3304 5443">
    <p class='ocr_par' dir='ltr' id='par_1_116' title="bbox 2079 5369 3304 5443">
     <span class='ocr_line' id='line_1_116' title="bbox 2079 5369 3304 5443; baseline -0.004 -18"><span class='ocrx_word' id='word_1_842' title='bbox 2079 5369 2462 5443; x_wconf 77' lang='lat' dir='ltr'>philosophiae</span> <span class='ocrx_word' id='word_1_843' title='bbox 2496 5373 2644 5427; x_wconf 84' lang='lat' dir='ltr'>ferre</span> <span class='ocrx_word' id='word_1_844' title='bbox 2672 5371 2875 5427; x_wconf 90' lang='lat' dir='ltr'>valens</span> <span class='ocrx_word' id='word_1_845' title='bbox 2909 5369 3304 5441; x_wconf 83' lang='lat' dir='ltr'>splendorem.</span> 
     </span>
    </p>
   </div>
   <div class='ocr_carea' id='block_1_117' title="bbox 2151 5482 3722 5554">
    <p class='ocr_par' dir='ltr' id='par_1_117' title="bbox 2151 5482 3722 5554">
     <span class='ocr_line' id='line_1_117' title="bbox 2151 5482 3722 5554; baseline -0.002 -14"><span class='ocrx_word' id='word_1_846' title='bbox 2151 5486 2324 5542; x_wconf 88' lang='lat' dir='ltr'>Porro</span> <span class='ocrx_word' id='word_1_847' title='bbox 2353 5492 2545 5542; x_wconf 89' lang='lat' dir='ltr'>autem</span> <span class='ocrx_word' id='word_1_848' title='bbox 2579 5504 2711 5542; x_wconf 93' lang='lat' dir='ltr'>cum</span> <span class='ocrx_word' id='word_1_849' title='bbox 2748 5485 2935 5540; x_wconf 88' lang='lat' dir='ltr'>multa</span> <span class='ocrx_word' id='word_1_850' title='bbox 2967 5484 3083 5539; x_wconf 91' lang='lat' dir='ltr'>alia</span> <span class='ocrx_word' id='word_1_851' title='bbox 3113 5484 3295 5538; x_wconf 90' lang='lat' dir='ltr'>sciam</span> <span class='ocrx_word' id='word_1_852' title='bbox 3341 5499 3467 5553; x_wconf 63' lang='lat' dir='ltr'>quae</span> <span class='ocrx_word' id='word_1_853' title='bbox 3500 5482 3722 5554; x_wconf 91' lang='lat' dir='ltr'>possim</span> 
     </span>
    </p>
   </div>
   <div class='ocr_carea' id='block_1_118' title="bbox 2075 5572 3721 5645">
    <p class='ocr_par' dir='ltr' id='par_1_118' title="bbox 2075 5572 3721 5645">
     <span class='ocr_line' id='line_1_118' title="bbox 2075 5572 3721 5645; baseline -0.002 -16"><span class='ocrx_word' id='word_1_854' title='bbox 2075 5591 2333 5645; x_wconf 88' lang='lat' dir='ltr'>narrare,</span> <span class='ocrx_word' id='word_1_855' title='bbox 2366 5593 2433 5632; x_wconf 90' lang='lat' dir='ltr'>ea</span> <span class='ocrx_word' id='word_1_856' title='bbox 2466 5576 2593 5631; x_wconf 93' lang='lat' dir='ltr'>nolo</span> <span class='ocrx_word' id='word_1_857' title='bbox 2615 5577 2893 5640; x_wconf 89' lang='lat' dir='ltr'>scribere,</span> <span class='ocrx_word' id='word_1_858' title='bbox 2918 5591 2988 5629; x_wconf 92' lang='lat' dir='ltr'>ne</span> <span class='ocrx_word' id='word_1_859' title='bbox 3012 5572 3497 5628; x_wconf 89' lang='lat' dir='ltr'>imbecillioribus</span> <span class='ocrx_word' id='word_1_860' title='bbox 3518 5587 3721 5626; x_wconf 90' lang='lat' dir='ltr'>eorum</span> 
     </span>
    </p>
   </div>
   <div class='ocr_carea' id='block_1_119' title="bbox 2074 5660 3723 5731">
    <p class='ocr_par' dir='ltr' id='par_1_119' title="bbox 2074 5660 3723 5731">
     <span class='ocr_line' id='line_1_119' title="bbox 2074 5660 3723 5731; baseline -0.001 -13"><span class='ocrx_word' id='word_1_861' title='bbox 2074 5664 2393 5721; x_wconf 90' lang='lat' dir='ltr'>multitudo</span> <span class='ocrx_word' id='word_1_862' title='bbox 2426 5682 2604 5721; x_wconf 90' lang='lat' dir='ltr'>causa</span> <span class='ocrx_word' id='word_1_863' title='bbox 2625 5666 2702 5720; x_wconf 92' lang='lat' dir='ltr'>sit</span> <span class='ocrx_word' id='word_1_864' title='bbox 2725 5663 3185 5719; x_wconf 81' lang='lat' dir='ltr'>incredulitatis.</span> <span class='ocrx_word' id='word_1_865' title='bbox 3218 5662 3363 5717; x_wconf 92' lang='lat' dir='ltr'>Nam</span> <span class='ocrx_word' id='word_1_866' title='bbox 3390 5660 3459 5714; x_wconf 91' lang='lat' dir='ltr'>iis</span> <span class='ocrx_word' id='word_1_867' title='bbox 3485 5660 3723 5731; x_wconf 87' lang='lat' dir='ltr'>quidem</span> 
     </span>
    </p>
   </div>
   <div class='ocr_carea' id='block_1_120' title="bbox 2072 5748 3722 5825">
    <p class='ocr_par' dir='ltr' id='par_1_120' title="bbox 2072 5748 3722 5825">
     <span class='ocr_line' id='line_1_120' title="bbox 2072 5748 3722 5825; baseline -0.003 -17"><span class='ocrx_word' id='word_1_868' title='bbox 2072 5753 2169 5823; x_wconf 88' lang='lat' dir='ltr'>qui</span> <span class='ocrx_word' id='word_1_869' title='bbox 2192 5753 2453 5809; x_wconf 89' lang='lat' dir='ltr'>divinum</span> <span class='ocrx_word' id='word_1_870' title='bbox 2478 5757 2727 5811; x_wconf 84' lang='lat' dir='ltr'>cernunt</span> <span class='ocrx_word' id='word_1_871' title='bbox 2746 5752 3070 5825; x_wconf 89' lang='lat' dir='ltr'>hominem,</span> <span class='ocrx_word' id='word_1_872' title='bbox 3088 5751 3233 5807; x_wconf 76' lang='lat' dir='ltr'>nihil</span> <span class='ocrx_word' id='word_1_873' title='bbox 3251 5748 3545 5821; x_wconf 84' lang='lat' dir='ltr'>ejusmodi</span> <span class='ocrx_word' id='word_1_874' title='bbox 3567 5748 3722 5817; x_wconf 90' lang='lat' dir='ltr'>quod</span> 
     </span>
    </p>
   </div>
   <div class='ocr_carea' id='block_1_121' title="bbox 2073 5835 3727 5914">
    <p class='ocr_par' dir='ltr' id='par_1_121' title="bbox 2073 5835 3727 5914">
     <span class='ocr_line' id='line_1_121' title="bbox 2073 5835 3727 5914; baseline 0 -15"><span class='ocrx_word' id='word_1_875' title='bbox 2073 5841 2294 5899; x_wconf 86' lang='lat' dir='ltr'>dicitur</span> <span class='ocrx_word' id='word_1_876' title='bbox 2323 5843 2515 5904; x_wconf 91' lang='lat' dir='ltr'>videtu</span> <span class='ocrx_word' id='word_1_877' title='bbox 2539 5878 2575 5907; x_wconf 73' lang='grc' dir='ltr'>ε..</span> <span class='ocrx_word' id='word_1_878' title='bbox 2594 5840 2958 5914; x_wconf 87' lang='lat' dir='ltr'>incredibile,</span> <span class='ocrx_word' id='word_1_879' title='bbox 2978 5856 3110 5899; x_wconf 88' lang='lat' dir='ltr'>cum</span> <span class='ocrx_word' id='word_1_880' title='bbox 3143 5855 3210 5899; x_wconf 86' lang='lat' dir='ltr'>ea</span> <span class='ocrx_word' id='word_1_881' title='bbox 3234 5855 3360 5912; x_wconf 68' lang='lat' dir='ltr'>quas</span> <span class='ocrx_word' id='word_1_882' title='bbox 3382 5835 3612 5894; x_wconf 83' lang='lat' dir='ltr'>videtur</span> <span class='ocrx_word' id='word_1_883' title='bbox 3638 5840 3727 5898; x_wconf 83' lang='lat' dir='ltr'>vir</span> 
     </span>
    </p>
   </div>
  </div>
