4180 6338
531 403 597 456 91
1708 404 1803 453 DE
1845 401 2032 453 VITIS
2071 400 2369 452 PATRUM
2411 398 2623 452 LIBER
2665 399 2758 452 IX.
3857 397 3921 448 92

532 532 630 584 tus
661 528 966 585 conﬁrmet
992 543 1061 583 ea
1082 543 1208 598 qua:
1228 528 1524 582 dicuntur.
1550 526 1657 581 Sed
1687 525 1969 597 quoniam
1994 527 2185 579 trans-
2214 539 2268 606 Α
2299 521 2447 595 phiae
2474 523 2879 579 narrationum
2906 523 3167 579 convivio
3190 521 3453 594 excipere
3474 521 3701 594 possint
3718 538 3812 577 eos
3832 522 3925 593 qui

530 618 844 673 mittentur
875 618 948 672 ad
981 622 1255 688 posteros
1286 616 1509 688 scripta
1538 616 1749 670 harum
1784 613 2190 669 narrationum

538 706 704 777 (sunt
736 711 933 761 autem
970 705 1175 761 multis
1207 722 1381 760 aures
1430 704 1621 776 magis
1653 702 1969 758 incredulae
2010 718 2187 773 quam

527 795 708 866 oculi)
762 794 1174 851 imbecillitate
1222 794 1563 850 auditorum
1616 792 1933 848 metiemur
1990 808 2190 846 narra-

532 884 777 939 tionem.

607 973 668 1027 Ei
694 989 827 1042 ergo
850 971 1327 1028 azdiﬁcaruntalii
1359 987 1590 1043 quoque
1605 970 1919 1027 maximam
1935 970 2116 1024 edem
2133 969 2192 1026 in

532 1061 659 1116 vico
694 1061 1045 1133 propinquo,
1073 1078 1198 1132 quae
1224 1077 1338 1115 non
1371 1060 1553 1115 distat
1576 1059 1773 1115 multis
1798 1058 2025 1114 stadiis.
2050 1057 2192 1113 Con-

532 1150 720 1205 struxi
742 1167 848 1223 ego
863 1166 1095 1221 quoque
1114 1149 1371 1205 loculum
1396 1149 1591 1222 incede
1614 1147 2189 1219 victoriainsignium

532 1238 959 1310 apostolorum.
988 1241 1094 1294 Sed
1137 1256 1270 1295 cum
1304 1239 1413 1295 hoc
1447 1238 1785 1294 rescivisset
1810 1237 1895 1292 vir
1927 1236 2187 1306 divinus,

530 1344 684 1400 smpe
707 1346 799 1384 me
816 1328 1040 1401 rogavit
1058 1332 1123 1383 ut
1147 1328 1203 1383 in
1232 1328 1330 1383 illo
1356 1332 1553 1383 monte
1576 1344 1789 1399 corpus
1814 1326 2192 1382 mandaretur

530 1418 872 1489 sepulturae.
919 1420 1036 1489 Ego
1061 1424 1259 1473 autem
1308 1435 1462 1490 saepe
1494 1417 1613 1472 dixi
1636 1418 1798 1488 quod
1825 1433 1938 1472 non
1963 1402 2191 1487 oportet

531 1520 667 1560 cum
696 1506 796 1575 qui
828 1506 1005 1560 vitam
1035 1509 1381 1577 praesentem
1409 1522 1523 1562 non
1554 1506 1793 1575 curarit,
1821 1502 2073 1575 sepulcri
2098 1519 2192 1557 cu-

530 1611 655 1649 ram
690 1611 911 1665 gerere.
950 1596 1050 1651 Ubi
1085 1600 1278 1650 autem
1302 1595 1419 1649 vidi
1446 1594 1553 1650 hoc
1577 1596 1627 1651 ei
1648 1610 1777 1650 esse
1800 1593 1981 1661 cordi,
2006 1590 2189 1649 annui

530 1688 588 1739 et
614 1700 746 1739 sum
769 1701 1072 1750 assensus,
1106 1689 1164 1739 et
1188 1684 1293 1740 feci
1319 1689 1383 1739 ut
1404 1684 1773 1739 scinderetur
1795 1700 1930 1739 arca
1955 1687 2013 1738 et
2057 1699 2187 1737 sur-

529 1789 660 1828 sum
688 1774 956 1828 ferretur.
977 1778 1123 1831 Cum
1151 1778 1345 1829 autem
1362 1774 1620 1828 viderem
1649 1772 1902 1843 lapidem
1922 1786 2186 1844 corumpi

525 1880 557 1917 a
590 1862 820 1933 pruina,
869 1864 1068 1935 rogavi
1105 1868 1169 1918 ut
1202 1864 1422 1919 sineret
1471 1878 1616 1917 arcae
1651 1878 1886 1933 parvam
1922 1861 2046 1916 ﬁeri
2079 1862 2186 1917 do-

529 1950 874 2007 munculam
908 1970 921 2010 :
956 1952 1054 2007 ubi
1108 1960 1303 2007 autem
1331 1952 1534 2023 jussit,
1569 1957 1624 2007 et
1655 1952 1905 2022 perfecto
1944 1949 2185 2005 aediﬁcio

529 2045 751 2096 tectum
776 2041 1181 2113 imposuimus
1206 2059 1219 2095 :
1246 2042 1372 2097 Non
1392 2042 1601 2113 patiar,
1629 2041 1839 2112 inquit,
1867 2040 1974 2095 hoc
2000 2040 2188 2096 vocari

528 2132 871 2202 sepulcrum
896 2131 1094 2186 Jacobi
1117 2149 1137 2192 ;
1156 2132 1255 2187 sed
1280 2130 1406 2186 volo
1434 2131 1586 2186 hanc
1610 2130 1733 2185 ﬁeri
1757 2130 1940 2184 aedem
1966 2133 2185 2201 marty'

531 2236 664 2274 rum
680 2219 1257 2293 victoriainsignium
1278 2241 1291 2287 ;
1311 2236 1401 2275 me
1416 2224 1606 2274 autem
1633 2224 1914 2291 tanquam
1931 2218 2183 2288 aliquem

528 2308 887 2380 inquilinum
903 2311 1041 2382 poni
1060 2310 1117 2365 in
1134 2308 1313 2366 altero
1328 2308 1619 2380 sepulcro,
1644 2309 1820 2380 utqui
1839 2308 2049 2378 dignus
2066 2307 2180 2363 sin:

522 2398 762 2454 habitus
792 2403 858 2454 ut
877 2400 1029 2471 apud
1056 2416 1155 2454 eos
1187 2399 1539 2453 habitarem.
1565 2398 1764 2469 Neque
1791 2414 1923 2453 vero
1948 2397 2059 2453 hoc
2082 2414 2178 2453 so-

521 2487 643 2541 lum
681 2487 845 2557 dixit,
879 2489 979 2543 sed
1014 2489 1190 2544 etiam
1219 2489 1392 2555 fecit;
1427 2492 1639 2543 etcum
1686 2485 1906 2541 multos
1938 2485 2175 2556 quidem

527 2577 864 2648 prophetas,
891 2576 1109 2633 multos
1141 2581 1336 2633 autem
1358 2575 1678 2648 apostolos,
1704 2574 1960 2630 maxime
1978 2579 2173 2629 autem

529 2664 818 2736 plurimos
850 2671 1135 2739 martyres
1167 2666 1429 2738 undique
1464 2664 1816 2736 collegisset,
1850 2680 1949 2719 eos
1983 2663 2179 2733 posuit

518 2753 576 2808 in
605 2771 721 2809 una
751 2756 1114 2821 arca,volens
1139 2753 1316 2809 simul
1346 2753 1613 2808 habitare
1636 2768 1768 2808 cum
1796 2751 2011 2824 populo
2038 2769 2175 2807 san-

520 2847 771 2911 ctorum,
797 2849 855 2899 et
876 2844 1218 2900 desiderans
1240 2859 1375 2897 cum
1398 2842 1483 2897 eis
1516 2857 1839 2913 resurgere,
1865 2845 1920 2895 et
1942 2840 2172 2913 dignari

517 2931 617 2986 Dei
637 2932 1168 3004 comtemplatione.
1187 2932 1304 2986 Hoc
1319 2934 1511 2985 autem
1527 2929 1746 2985 sufﬁcit
1760 2930 1829 2984 ad
1848 2928 2171 2985 faciendam

520 3022 917 3091 conjecturam
953 3025 1171 3093 quanta
1202 3024 1330 3092 ejus
1362 3024 1516 3076 esset
1546 3019 1854 3075 modestia.
1882 3018 1985 3085 Qui
2010 3019 2167 3073 enim

514 3115 711 3166 tantas
735 3126 875 3183 opes
898 3110 1230 3181 collegerat,
1256 3109 1494 3181 perinde
1518 3125 1583 3165 ac
1598 3109 1646 3164 si
1661 3112 1813 3164 esset
1833 3108 1887 3163 in
1909 3112 2169 3163 extrema

515 3205 886 3272 paupertate,
918 3200 1269 3256 desideravit
1293 3199 1558 3254 habitare
1586 3202 1868 3269 tanquam
1912 3196 2165 3269 peregri-

516 3305 633 3344 nus
656 3291 809 3361 apud
834 3289 1039 3345 divites
1065 3293 1438 3344 mercatores.
1463 3287 1673 3354 Quales
1698 3303 1834 3359 ergo
1854 3286 2167 3342 venerandi

519 3378 665 3433 mihi
696 3379 907 3452 capitis
939 3379 1057 3435 sint
1086 3378 1338 3448 labores,
1372 3382 1431 3433 et
1483 3380 1706 3449 quanta
1736 3376 2076 3442 certamina,
2111 3379 2169 3430 et

513 3472 794 3538 quantam
818 3468 1066 3540 gratiam
1097 3467 1386 3539 acceperit
1412 3466 1716 3531 divinitus,
1742 3469 1798 3520 et
1821 3481 1996 3537 quam
2022 3464 2173 3520 mul-

512 3556 589 3613 tis
622 3558 699 3613 sit
733 3556 991 3613 victoriis
1018 3557 1262 3630 potitus,
1296 3561 1352 3613 et
1384 3572 1562 3628 quam
1590 3554 1798 3610 multis
1830 3554 2062 3611 coronis
2086 3571 2172 3610 or-

522 3649 721 3715 natus,
754 3645 878 3702 haec
905 3647 975 3701 ad
1009 3646 1436 3701 ostendendum
1470 3636 1800 3701 Sufﬁciunt.

581 3735 875 3799 Quoniam
910 3739 1109 3791 autem
1139 3751 1381 3806 asperos
1414 3739 1468 3790 et
1512 3732 1785 3789 difﬁciles
1816 3733 1947 3805 ejus
1980 3749 2173 3790 mores

510 3824 958 3896 reprehendunt
979 3825 1181 3896 aliqui,
1199 3829 1257 3882 et
1280 3840 1430 3895 aegre
1457 3824 1653 3879 ferunt
1673 3823 1826 3894 quod
1852 3821 2172 3878 solitudine

512 3916 824 3988 tantopere
865 3916 1185 3972 delectetur
1223 3918 1281 3971 et
1324 3914 1523 3986 quiete
1578 3929 1710 3968 cum
1761 3913 1832 3967 de
1869 3927 1935 3968 eo
1989 3927 2175 3983 pauca

513 4004 733 4075 dixero,
767 4004 1071 4076 imponam
1118 4004 1291 4059 ﬁnem
1322 4001 1666 4058 narrationi.
1700 4000 2074 4072 Proponitur,
2108 4002 2175 4055 ut

504 4095 631 4165 jam
659 4093 799 4160 dixi,
826 4094 1225 4164 aspectandus
1248 4093 1320 4147 ab
1345 4090 1650 4159 omnibus;
1675 4105 1866 4161 neque
1890 4089 2170 4145 fossacir-

512 4182 1049 4253 cumdatus,neque
1070 4181 1305 4253 tugurio
1326 4179 1523 4251 aliquo
1550 4183 1652 4234 aut
1672 4178 2049 4233 tabernaculo
2071 4183 2151 4235 te-

512 4274 662 4326 ctus.
684 4270 1097 4341 Unusquisque
1116 4274 1311 4325 autem
1335 4286 1403 4325 ex
1435 4269 1505 4324 iis
1537 4268 1639 4340 qui
1661 4268 1968 4337 veniunt,a
1989 4268 2151 4325 nullo

513 4359 769 4415 claustro
788 4359 1144 4431 prohibitus,
1168 4358 1368 4415 statim
1390 4359 1697 4427 accedens,
1720 4375 1789 4414 ea
1802 4375 1925 4429 quze
1939 4357 2065 4413 vult
2088 4357 2169 4415 lo-

518 4450 743 4521 quitur.
777 4448 918 4505 Aliis
953 4454 1148 4506 autem
1172 4450 1540 4506 amatoribus
1572 4449 1752 4519 hujus
1781 4448 2170 4521 philosophiae

513 4543 656 4595 sunt
683 4542 739 4595 et
771 4539 940 4595 fossae
963 4544 1020 4595 et
1043 4540 1217 4610 fores,
1245 4543 1301 4595 et
1321 4540 1405 4596 eis
1437 4538 1572 4595 licet
1605 4538 1716 4593 frui
1744 4537 1968 4609 quiete;
1991 4543 2048 4593 et
2069 4539 2168 4610 qui

2298 612 2591 684 ignorant.
2627 611 2728 669 Ille
2751 616 2946 669 autem
2975 630 2989 667 :
3017 613 3141 668 Non
3166 611 3439 681 alicujus,
3467 610 3680 682 inquit,
3704 610 3925 667 alterius

2297 701 2397 754 sed
2426 717 2553 757 mea
2584 718 2763 757 causa
2785 701 2916 756 veni
2936 701 2995 755 in
3022 704 3301 766 montem,
3335 704 3391 754 et
3412 715 3549 754 cum
3572 703 3816 755 scateam
3839 699 3923 753 ad-

2297 792 2541 847 modum
2565 792 2772 846 multis
2794 795 3165 863 peccatorum
3189 789 3501 858 ulceribus,
3528 787 3775 859 plurima
3795 804 3928 858 opus

2298 884 2483 940 habeo
2540 880 2883 945 medicina;
2914 884 2971 936 et
3002 896 3068 935 ea
3101 880 3173 935 de
3220 895 3395 934 causa
3443 894 3546 933 oro
3601 876 3925 933 clementem

2297 970 2633 1041 Dominum,
2688 974 2753 1026 ut
2800 970 2956 1025 844
3009 968 3156 1025 mihi
3200 968 3458 1040 praebeat
3518 967 3925 1022 medicamenta

2298 1079 2424 1134 qua:
2458 1077 2589 1116 mea
2637 1065 2845 1115 curent
2873 1058 3034 1115 vitia.
3085 1060 3384 1126 Quomodo
3415 1072 3553 1129 ergo
3604 1072 3716 1112 non
3764 1056 3925 1111 fuerit

2295 1150 2464 1206 valde
2514 1150 3063 1222 reprehendendum
3116 1157 3169 1205 et
3218 1147 3386 1203 valde
3436 1145 3711 1215 stultum,
3758 1144 3922 1199 inter-

2298 1256 2571 1312 rumpere
2622 1238 2861 1310 quidem
2894 1237 3105 1294 seriem
3138 1236 3447 1306 orationis,
3484 1234 3717 1290 interim
3751 1238 3926 1289 autem

2295 1328 2458 1401 loqui
2482 1345 2614 1384 cum
2640 1326 3265 1385 hominibus?Sienim
3283 1325 3565 1395 hominis,
3583 1322 3684 1395 qui
3700 1323 3931 1391 estejus-

2296 1420 2427 1474 dem
2460 1419 2631 1490 cujus
2665 1434 2770 1491 ego
2804 1421 3048 1486 naturae,
3082 1432 3272 1472 essem
3324 1413 3610 1483 famulus,
3642 1428 3707 1468 eo
3750 1415 3928 1467 autem

2294 1512 2557 1580 tempore
2572 1524 2686 1579 quo
2700 1510 2788 1562 est
2802 1505 3261 1562 ministrandum
3280 1503 3547 1571 domino,
3563 1501 3853 1558 dimittens
3875 1499 3928 1553 in

2295 1601 2557 1669 tempore
2572 1597 2777 1652 afferre
2801 1596 2998 1651 cibum
3022 1594 3109 1651 vel
3132 1598 3335 1666 potum
3350 1638 3363 1661 ,
3380 1590 3787 1649 confabularer
3806 1604 3927 1645 cum

2295 1686 2492 1759 aliquo
2520 1704 2587 1742 ex
2604 1686 2924 1756 conservis,
2948 1689 3090 1755 quot
3112 1683 3466 1757 plagasjure
3492 1681 3814 1753 acciperem
3834 1682 3854 1734 Ρ
3871 1678 3924 1733 Si

2295 1781 2489 1834 autem
2512 1793 2641 1833 cum
2667 1777 2840 1831 etiam
2863 1774 3271 1845 accessissem,
3300 1773 3373 1829 ad
3396 1771 3724 1845 prresidem,
3749 1773 3799 1823 et
3824 1783 3930 1839 qua

2295 1867 2365 1922 ab
2393 1866 2588 1938 aliquo
2619 1865 2843 1921 afﬁcior
2872 1880 3119 1920 narrans
3138 1862 3778 1934 injuriam,sermonem
3802 1856 3930 1928 qui-

2293 1956 2425 2010 dem
2450 1956 2508 2010 in
2530 1954 2719 2010 medio
2747 1954 3261 2025 interrumperem,
3284 1951 3439 2023 apud
3465 1949 3721 2021 aliquem
3746 1950 3925 2001 autem

2292 2060 2357 2099 ex
2392 2043 2780 2115 praesentibus
2809 2040 3009 2114 aliqua
3030 2040 3146 2097 alia
3176 2040 3354 2096 verba
3377 2040 3668 2106 facerem;
3701 2052 3811 2092 non
3835 2033 3927 2088 tibi

2290 2132 2718 2203 videturjudex
2740 2132 2795 2187 id
2819 2147 2968 2203 aegre
2995 2147 3125 2187 esse
3146 2130 3398 2199 laturus,
3422 2133 3481 2184 et
3504 2126 3784 2184 auxilium
3808 2120 3923 2194 qui-

2289 2222 2423 2278 dem
2452 2237 2580 2278 esse
2611 2223 3024 2291 denegaturus,
3056 2220 3256 2292 ﬂagris
3288 2222 3484 2275 autem
3512 2220 3786 2289 praeterea
3807 2225 3924 2268 esse

2287 2316 2631 2382 caesurus,et
2646 2328 2678 2366 a
2698 2310 2851 2366 tribu
2863 2310 2977 2365 nali
2992 2306 3690 2381 ejecturus?Quommodo
3702 2318 3832 2375 ergo
3845 2304 3927 2356 est

2286 2400 2606 2456 honestum
2642 2405 2706 2455 ut
2737 2416 2939 2455 servus
2962 2399 3200 2471 quidem
3234 2398 3292 2453 in
3325 2397 3658 2460 dominum,
3704 2392 3800 2464 qui
3829 2406 3921 2445 au-

2284 2494 2400 2545 tem
2431 2488 2723 2561 supplicat
2770 2489 2829 2543 in
2856 2488 3143 2558 judicem,
3182 2486 3263 2541 ita
3296 2490 3361 2542 ut
3390 2489 3622 2557 oportet
3650 2498 3708 2538 se
3737 2482 3920 2552 gerat:

2283 2595 2387 2651 ego
2420 2584 2615 2635 autem
2649 2580 2715 2633 ad
2749 2578 2934 2633 Deum
2966 2581 3023 2633 et
3052 2581 3328 2632 aeternum
3375 2574 3714 2642 Dominum,
3736 2568 3908 2625 etJu-

2281 2669 2469 2723 dicem
2492 2666 2985 2738 justissimum,et
3016 2665 3281 2723 omnium
3305 2666 3526 2736 Regem
3552 2661 3921 2722 accedens,ne

2279 2756 2547 2813 similiter
2574 2756 2812 2828 quidem
2848 2760 3022 2828 atque
3042 2756 3083 2811 ii
3117 2754 3389 2811 accedam
3415 2773 3429 2823 ;
3453 2754 3558 2809 sed
3587 2752 3739 2807 inter
3760 2762 3919 2804 oran-

2282 2848 2423 2901 dum
2468 2863 2561 2902 me
2590 2850 2925 2902 convertam
2959 2846 3027 2901 ad
3072 2860 3406 2910 conversos,
3446 2848 3504 2898 et
3539 2839 3755 2914 prolixo
3793 2848 3917 2891 cum

2276 2936 2360 2992 eis
2392 2940 2526 2991 utar
2553 2950 2825 2991 sermone
2848 2934 2875 2990 ?
2900 2934 3027 2990 Haec
3046 2939 3103 2990 et
3123 2933 3340 3001 audivi,
3366 2936 3423 2989 et
3443 2933 3517 2988 ad
3537 2946 3635 2987 eos
3658 2927 3756 3000 qui
3778 2937 3917 2995 aegre

2276 3026 2471 3081 ferunt
2500 3024 2842 3094 transmisi;
2867 3028 2925 3079 et
2974 3024 3119 3078 mihi
3144 3023 3375 3077 videtur
3398 3017 3911 3092 rectepulchreque

2278 3115 2519 3172 dixisse.
2551 3114 2697 3170 Nam
2733 3118 2942 3187 praeter
2971 3129 3037 3169 ea
3065 3130 3193 3185 qua
3225 3112 3384 3168 dicta
3415 3114 3582 3181 sunt,
3631 3111 3719 3164 est
3747 3102 3912 3160 etiam

2280 3205 2606 3261 amantium
2632 3203 2960 3276 proprium,
2984 3219 3189 3258 omnes
3208 3201 3445 3273 quidem
3467 3199 3619 3256 alios
3633 3191 3916 3265 despicere

2281 3293 2366 3348 illi
2400 3297 2598 3349 autem
2632 3292 2740 3348 soli
2772 3308 2947 3364 quem
2983 3296 3186 3347 amant
3216 3296 3274 3346 et
3312 3290 3574 3362 diligunt
3614 3284 3914 3344 adhaerere,

2276 3398 2530 3454 eumque
2561 3386 2618 3437 et
2649 3386 2825 3437 noctu
2856 3382 3175 3451 somniare,
3208 3385 3266 3435 et
3296 3378 3555 3434 interdiu
3591 3374 3807 3431 visione
3823 3384 3915 3454 apf

2277 3453 2660 3544 prehendere.
2710 3472 2844 3527 Ideo
2876 3470 3021 3527 mihi
3067 3469 3297 3525 videtur
3326 3482 3479 3541 aegre
3529 3467 3703 3534 ferre,
3734 3463 3797 3515 ut
3822 3453 3915 3526 qui

2276 3561 2335 3617 in
2369 3577 2437 3617 ea
2468 3560 2706 3633 quidem
2741 3576 2919 3631 quam
2953 3558 3248 3615 desiderat
3276 3561 3540 3613 versetur
3571 3544 3915 3633 contempla-

2278 3650 2459 3718 tione,
2488 3632 2873 3723 prohibeatur
2902 3650 3099 3705 autem
3134 3646 3363 3720 impleri
3394 3642 3721 3718 expetenda
3748 3640 3802 3693 et
3829 3632 3915 3688 di-

2276 3739 2567 3813 gnissima
2599 3755 2727 3810 qua:
2760 3746 2987 3793 ametur
3016 3736 3480 3809 pulchritudine.

2347 3828 2479 3884 Haec
2508 3833 2573 3883 ut
2605 3831 2935 3896 narrantes,
2968 3842 3085 3882 non
3108 3832 3174 3880 ut
3195 3825 3447 3881 encomii
3478 3825 3598 3881 ritu
3623 3816 3917 3877 laudantes

2277 3915 2741 3988 conscripsimus
2765 3931 2779 3971 :
2814 3914 3116 3971 brevitatis
3136 3931 3409 3987 magnam
3434 3930 3639 3970 curam
3662 3906 3917 3988 gerentes

2278 4023 2349 4063 ne
2382 3986 2714 4077 prolixitate
2747 4003 3018 4060 molestia
3047 3986 3297 4060 lectores
3329 4004 3723 4059 afﬁceremus.
3765 3986 3914 4056 Ωιιοά

2276 4095 2325 4151 si
2358 4096 2535 4151 etiam
2570 4094 2746 4150 fuerit
2778 4094 2917 4150 huic
2949 4098 3249 4166 superstes
3279 4092 3625 4158 narrationi,
3658 4088 3915 4143 innume-

2275 4184 2486 4241 rabilia
2517 4184 2633 4240 alia
2677 4182 2959 4255 praeclara
2989 4183 3250 4239 facinora
3298 4182 3537 4254 adjiciat
3594 4172 3913 4253 prioribus;

2274 4279 2331 4331 et
2359 4274 2457 4330 illa
2483 4290 2713 4345 quoque
2736 4274 3111 4330 conscribent
3140 4272 3262 4341 alii,
3296 4288 3407 4328 nos
3429 4270 3587 4327 enim
3614 4268 3746 4325 hinc
3762 4271 3918 4316 exce-

2276 4366 2482 4421 cedere
2500 4363 2668 4420 valde
2699 4364 2996 4435 cupimus.
3033 4363 3272 4419 Pietatis
3308 4364 3503 4418 autem
3538 4351 3917 4441 certamin-uin

2275 4454 2629 4526 agonotheta
2659 4457 2716 4509 et
2746 4453 2799 4508 ei
2828 4452 2928 4507 det
2956 4452 3133 4507 ﬁnem
3168 4452 3414 4523 dignum
3438 4450 3564 4506 suis
3595 4435 3919 4505 certamini-

2272 4544 2408 4609 bus,
2440 4547 2794 4615 praestetque
2827 4546 2889 4597 ut
2919 4540 3183 4613 reliquus
3214 4557 3423 4597 cursus
3461 4537 3642 4612 priori
3686 4539 3921 4615 consen-

513 4633 606 4684 est
636 4627 926 4699 inclusus,
963 4629 1153 4701 aperit
1186 4645 1321 4685 cum
1352 4627 1625 4695 voluerit,
1654 4632 1712 4683 et
1731 4631 2023 4698 quantum
2045 4627 2169 4683 vult
2198 4627 2244 4692 D
2276 4632 2402 4699 tiat,
2440 4613 2504 4687 ut
2536 4613 2724 4688 victor
2753 4630 3054 4703 perveniat
3084 4631 3155 4685 ad
3192 4637 3430 4699 metam,
3459 4632 3516 4685 et
3538 4629 3798 4683 nostram
3818 4613 3920 4668 ἰω-

513 4718 729 4784 diﬂ'ert,
753 4722 1116 4790 etquantum
1138 4717 1266 4774 vult
1292 4717 1568 4788 impletur
1593 4716 1792 4773 divina
1815 4716 2168 4789 contempla-

512 4808 689 4864 tione.
725 4807 833 4863 Hic
856 4811 1053 4864 autem
1075 4807 1289 4862 borum
1314 4806 1461 4862 nihil
1494 4809 1603 4862 est.
1638 4804 1921 4871 Quocirca
1940 4822 2039 4861 eos
2061 4806 2171 4863 fert

511 4895 814 4968 aegerrime
836 4895 1009 4967 quiin
1037 4901 1299 4968 tempore
1322 4895 1606 4952 orationis
1626 4894 1679 4951 ei
1700 4893 1974 4951 exhibent
1998 4895 2172 4952 mole-

516 4986 728 5055 stiam;
766 4990 823 5041 et
851 4985 899 5042 si
934 5002 1064 5042 cum
1084 4984 1268 5057 jussit
1296 4984 1556 5057 quidem,
1581 4984 1779 5039 statim
1801 4984 2171 5050 recesserint,

513 5092 722 5131 rursus
752 5075 1132 5147 prosequitur
1162 5074 1510 5131 orationem.
1545 5073 1709 5139 Quod
1738 5072 1789 5129 si
1815 5073 2175 5145 perrexerint

515 5162 787 5221 exhibere
819 5164 1174 5233 molestiam,
1208 5169 1264 5220 et
1294 5179 1431 5219 cum
1455 5162 1637 5219 semel
1669 5166 1771 5219 aut
1806 5163 1897 5218 bis
1927 5163 2176 5233 jusserit

511 5268 627 5308 non
660 5252 978 5323 paruerint,
1007 5258 1149 5310 tunc
1172 5268 1321 5325 aegre
1341 5252 1537 5308 ferens
1561 5255 1619 5308 et
1641 5251 1955 5323 increpans
1977 5266 2177 5305 aman-

512 5341 767 5413 dat.Ego
784 5346 977 5398 autem
992 5344 1063 5399 de
1080 5360 1145 5399 eo
1161 5341 1727 5414 quoquealiquando
1752 5357 1885 5397 sum
1908 5356 2042 5395 cum
2071 5337 2175 5393 illo

512 5431 767 5501 locutus,
801 5438 857 5489 et
886 5434 1005 5489 dixi
1038 5434 1270 5506 aliquos
1304 5432 1545 5490 moleste
1578 5434 1729 5489 ferre
1759 5433 1913 5505 quod
1946 5431 2176 5503 expulsi

511 5522 749 5589 fuerint,
773 5526 963 5579 etnon
990 5523 1207 5580 fuerint
1231 5522 1544 5597 participes
1568 5524 1699 5595 ejus
1725 5521 2172 5590 benedictionis,

513 5616 572 5667 et
601 5612 757 5683 quod
788 5616 1078 5685 oporteret
1105 5630 1206 5670 eos
1228 5614 1330 5685 qui
1362 5612 1471 5670 hac
1495 5613 1566 5669 de
1587 5628 1767 5669 causa
1814 5610 2079 5679 veniunt,
2115 5615 2174 5667 et

514 5700 627 5757 iter
657 5700 981 5759 multorum
1012 5702 1242 5759 dierum
1265 5700 1608 5771 conﬁciunt,
1642 5700 1913 5758 recedere
1943 5714 2059 5757 non
2083 5697 2175 5756 in-

512 5787 844 5864 dignantes,
861 5788 963 5850 sed
987 5786 1171 5850 animi
1192 5787 1397 5849 latitia
1418 5787 1689 5864 repletos,
1715 5792 1774 5850 et
1786 5788 1886 5863 qui
1908 5784 2174 5861 philoso-

2276 4721 2654 4777 bccillitatem
2679 4724 2970 4777 sustentet
2991 4736 3058 4776 ac
3081 4718 3380 4775 suffulciat
3397 4717 3523 4773 suis
3544 4705 3918 4773 orationibus,

2282 4810 2710 4877 utconﬁrmati,
2742 4808 2960 4865 multas
2974 4826 3121 4883 quas
3135 4808 3231 4865 alii
3254 4808 3313 4864 in
3338 4824 3445 4864 nos
3462 4796 3759 4863 consecuti
3785 4790 3919 4849 sunt

2280 4900 2558 4957 victorias
2574 4900 2657 4956 eis
2685 4897 3025 4971 eripiamus,
3049 4898 3412 4955 etvictorese
3426 4895 3542 4953 vita
3556 4890 3915 4953 excedamus-

2878 5037 3107 5096 CAPUT
3144 5038 3328 5096 XXII.

2637 5152 2993 5195 TIIALASSIUS
3042 5154 3108 5194 ET
3152 5154 3416 5194 alumnus
3461 5135 3574 5207 (56)

2354 5255 2622 5312 llelimna
2642 5254 2755 5327 (57)
2775 5258 2863 5311 est
2884 5255 3041 5326 apud
3065 5270 3171 5311 nos
3193 5254 3431 5326 quidam
3454 5250 3642 5316 vicus,
3665 5240 3762 5318 qui
3785 5233 3916 5294 olim

2284 5346 2522 5418 quidem
2554 5343 2780 5416 excepit
2809 5342 3038 5399 semina
3067 5341 3387 5415 impietatis
3413 5337 3749 5398 Marcionis.
3772 5332 3920 5418 nun."

2283 5438 2476 5491 autem
2503 5431 2836 5505 evangelica
2866 5432 3083 5488 fruitur
3102 5430 3483 5505 agricultura.
3508 5430 3647 5502 Ejus
3669 5422 3739 5481 ad
3760 5419 3920 5474 ΜΘΗ·

2283 5523 2438 5579 diem
2469 5526 2560 5579 est
2590 5521 2831 5593 quidam
2864 5520 3051 5588 collis,
3086 5536 3273 5593 neque
3304 5519 3473 5576 valde
3504 5532 3696 5591 asper,
3740 5509 3919 5593 Πθξίυθ

2281 5590 2876 5669 admodum—acclivis.
2900 5611 2963 5667 In
2982 5627 3048 5667 eo
3078 5590 3473 5666 monasticum
3504 5590 3591 5665 aed
3612 5596 3801 5663 ﬁcavit
3818 5590 3917 5685 llf‘

2282 5698 2610 5760 bitaculum
2631 5698 2974 5759 Thalassius
2995 5698 3080 5757 vir
3100 5697 3488 5771 admirabilis,
3504 5696 3607 5771 qui
3624 5677 3919 5754 estmuItis

2282 5788 2517 5863 quidem
2550 5786 2683 5849 aliis
2714 5804 2947 5864 quoque
2973 5786 3144 5847 bonis
3181 5790 3521 5859 exornatus,
3568 5783 3670 5844 sed
3694 5776 3915 5837 morum
