4180 6338
320 413 400 467 93
1475 409 1945 474 PHILOTHEUS,
1989 418 2114 459 SIVE
2150 406 2621 461 THEOPHILES.
3685 407 3753 462 94

322 540 715 614 simplicitate
748 537 1322 608 mansuetudineque
1341 542 1398 592 et
1420 537 1820 594 moderatiOne
1862 550 1990 591 om-
2020 531 2076 600 Α
2106 533 2271 604 vit,et
2298 535 2349 591 ei
2384 552 2623 592 manum
2656 538 2952 608 admovit;
2985 556 3049 596 os
3084 543 3277 596 autem
3312 540 3501 596 bestia
3532 540 3587 594 in
3625 555 3753 595 eam

322 648 433 687 nes
456 630 733 686 homines
756 628 851 683 sui
869 627 1148 698 temporis
1169 627 1613 698 superavit.Hoc
1626 632 1823 683 autem
1844 626 1996 694 dico,

321 738 444 776 non
480 720 669 793 utqui
700 717 811 774 soli
838 717 1075 773 credam
1107 717 1355 785 anditui,
1404 718 1504 773 sed
1533 718 1633 790 qui
1666 718 1794 788 ejus
1816 716 1994 771 etiam

308 809 569 866 fecerim
605 806 956 882 periculum.
990 806 1075 862 Ad
1106 806 1300 861 virum
1332 807 1489 861 enim
1522 822 1674 878 smpe
1704 807 1913 872 accesi,
1940 808 1997 859 et

319 900 453 970 ejus
485 914 623 954 sum
655 914 809 968 saepe
841 913 986 953 usus
1016 896 1179 951 suavi
1212 896 1663 952 consuetudine.

393 1007 561 1062 Abeo
577 1006 637 1061 in
660 1003 908 1061 hocloco
928 1002 1317 1059 fuitinitiatus
1333 1003 1433 1076 qui
1452 1019 1609 1058 nunc
1623 1002 1694 1058 ab
1714 1002 1991 1058 omnibus

318 1095 683 1151 decantatur
716 1094 1032 1159 Limnaeus,
1055 1096 1113 1149 et
1142 1109 1275 1148 cum
1309 1093 1627 1148 admodum
1649 1092 1883 1164 juvenis
1916 1092 1987 1147 ad

320 1183 497 1240 illam
520 1181 1505 1256 pervenissetpalwstram,pulchre
1535 1181 1595 1236 in
1617 1180 1727 1237 hac
1753 1197 1989 1236 summa

324 1273 759 1330 instituebatur
780 1271 1173 1344 philosophia.
1199 1272 1266 1326 Et
1298 1270 1559 1343 primum
1590 1270 1823 1341 quidem
1855 1287 1986 1326 cum

313 1362 591 1435 linguam
613 1363 787 1418 sciret
813 1377 942 1417 esse
974 1360 1488 1427 labricam,adhuc
1518 1359 1857 1416 adolescens
1878 1359 1985 1415 hoc

311 1452 433 1507 sibi
476 1451 783 1508 constituit
808 1449 1111 1507 silentium
1138 1450 1611 1521 (58),mansitque
1639 1449 1983 1520 longissimo

308 1549 591 1615 tempore
620 1558 755 1598 cum
786 1541 1021 1596 nemine
1046 1540 1373 1611 quidquam
1402 1539 1981 1610 loquens.Postquam

318 1638 526 1689 autem
549 1631 705 1687 divni
728 1629 887 1686 illius
906 1628 1118 1699 senide
1130 1629 1365 1685 octrinzs
1381 1630 1525 1684 satis
1544 1628 1653 1683 fuit
1668 1628 1978 1701 particeps,

312 1728 375 1777 et
404 1738 464 1777 se
488 1722 746 1777 ostendit
767 1718 1272 1792 expressamillius
1286 1719 1519 1774 virtutis
1545 1718 1854 1789 imaginem
1881 1735 1976 1774 ac-

311 1812 502 1866 cessit
524 1810 595 1865 ad
621 1825 898 1879 magnum
921 1808 1091 1863 illum
1119 1808 1615 1878 Maronem,cujus
1648 1807 1809 1879 prius
1833 1824 1978 1878 quo-

2104 626 2556 681 convertit.Cum
2572 632 2769 683 autem
2783 645 2990 684 rursus
3009 630 3248 685 sinistra
3267 634 3421 685 esset
3442 646 3587 684 usus
3609 633 3674 683 ut
3703 628 3754 683 ei

2102 715 2554 781 succurreret,in
2584 733 2709 771 eam
2736 734 2970 790 quoque
2988 720 3162 774 traxit
3185 720 3329 775 iram
3357 720 3575 775 bestiae.
3597 722 3758 773 Post-

2100 818 2278 873 quam
2310 809 2504 859 autem
2532 806 2643 860 fuit
2670 808 2799 876 ejus
2819 809 2979 865 furor
2995 809 3313 865 exsatiatus
3337 808 3417 863 illi
3444 808 3597 863 enim
3618 807 3753 878 plus

2100 908 2273 963 quam
2297 894 2494 949 decem
2512 910 2745 951 morsus
2767 897 3153 966 intulit),tunc
3170 900 3409 970 quidem
3436 897 3755 963 recessitfet

2097 997 2265 1037 suam
2285 999 2588 1039 cavernam
2607 986 2963 1057 repetiit.Ille
2985 992 3183 1043 autem
3200 988 3460 1059 undique
3480 985 3751 1041 maximis

2096 1071 2467 1127 cruciabatur
2524 1072 2844 1129 doloribus.
2878 1076 2987 1131 Sed
3018 1091 3205 1147 neque
3253 1084 3389 1131 tunc
3423 1093 3633 1148 passus
3663 1080 3754 1130 est

2096 1160 2177 1214 uti
2209 1167 2329 1215 arte
2369 1162 2706 1217 medieinm:
2744 1165 2846 1219 sed
2898 1164 3239 1221 vulneribus
3297 1165 3572 1221 adhibuit
3624 1165 3750 1220 sola

2093 1249 2221 1305 fidei
2284 1251 3049 1326 medicamenta,crucisque
3081 1255 3479 1327 signaculum,
3513 1259 3571 1309 et
3595 1254 3748 1323 {ora-

2088 1337 2329 1406 tionem,
2364 1343 2421 1394 et
2450 1341 2544 1394 Dei
2576 1340 3020 1397 invocationem.
3081 1344 3215 1399 Ideo
3246 1348 3463 1410 autem,
3498 1347 3563 1398 ut
3593 1342 3745 1397 exis-

2089 1428 2254 1493 timo,
2286 1433 2441 1483 Deus
2478 1429 2884 1485 universorum
2911 1432 3182 1502 permisit
3208 1432 3372 1487 illam
3409 1432 3655 1487 bestiam
3686 1433 3744 1486 in

2086 1514 2227 1569 illud
2261 1533 2493 1572 sacrum
2518 1534 2732 1590 corpus
2762 1519 2973 1588 furere,
3009 1525 3071 1575 ut
3101 1520 3310 1577 divinas
3344 1521 3504 1576 illius
3534 1521 3743 1576 anima:

2088 1605 2362 1660 omnibus
2386 1611 2644 1678 apertam
2672 1610 3005 1664 ostenderet
3039 1609 3589 1665 tolerantiam.Nam
3614 1611 3743 1679 ejus

2087 1710 2317 1765 quoque
2348 1696 2504 1765 quod
2537 1698 2808 1767 generosi
2842 1703 2898 1753 et
2930 1698 3095 1753 fortis
3128 1699 3306 1753 animi
3328 1700 3438 1755 Job
3471 1700 3625 1754 idem
3658 1701 3742 1753 vi-

2084 1783 2289 1838 demus
2322 1784 2502 1839 fuisse
2554 1786 2891 1841 consilium.
2927 1787 3072 1842 Sivit
3100 1788 3256 1843 enim
3290 1805 3423 1843 eum
3475 1788 3748 1843 maximis

314 1916 437 1972 que
469 1898 646 1955 memi
679 1872 877 1954 nimus
927 1897 1151 1970 (Supra,
1192 1872 1978 1967 c.16),Avecessit-autemco-
2009 1894 2058 1960 Β
2090 1872 2279 1972 lisque
2309 1875 2500 1972 οξῖληίδ
2532 1875 2997 1972 εθιῖθτίελὶείίδτί
3026 1876 3474 1972 ρυοιίδυεμοξιω
3512 1877 3747 1972 δεξΡίίῖη·

313 1990 457 2045 dem
484 1996 747 2061 tempore
768 2005 882 2061 quo
905 1988 1137 2043 divinus
1163 2004 1395 2060 quoque
1417 1987 1840 2043 Jacobus.Cum
1866 2004 1972 2043 au-

314 2082 441 2133 tem
465 2094 537 2133 ex
561 2094 627 2133 eo
650 2093 881 2150 quoque
904 2093 1174 2149 magnam
1200 2076 1555 2148 percepisset
1577 2074 1974 2143 utilitatem,et

312 2185 448 2240 quae
481 2167 593 2224 sub
624 2168 720 2223 dio
742 2167 939 2240 agitur
959 2167 1135 2222 vitam
1161 2165 1973 2238 essetmmulatus,occupavit

310 2257 477 2312 aliud
512 2257 733 2312 :nontis
762 2273 1042 2311 cacumen
1078 2257 1231 2329 quod
1264 2256 1535 2311 imminet
1566 2254 1800 2311 cuidam
1819 2255 1967 2324 vico,

306 2362 491 2419 quem
527 2345 1187 2419 nominantTargallam
1220 2346 1353 2416 (59).
1390 2345 1453 2400 In
1484 2362 1549 2400 eo
1582 2345 1742 2416 degit
1785 2361 1969 2415 usque

304 2436 365 2490 in
398 2434 755 2491 hodiernum
788 2436 942 2490 diem
978 2451 1094 2490 non
1126 2435 1349 2489 habens
1380 2432 1820 2501 domunculam,
1853 2450 1966 2489 non

311 2524 793 2592 tabernaculum,
826 2542 942 2580 non
974 2524 1295 2596 tugurium,
1328 2525 1426 2579 sed
1461 2524 1585 2578 solo
1642 2524 1970 2579 continetur

304 2619 480 2686 septo
510 2614 670 2685 quod
697 2619 783 2670 est
816 2613 1166 2669 aediﬁcatum
1203 2629 1271 2668 ex
1310 2613 1751 2684 lapidibus(60).
1788 2612 1969 2668 Habet

313 2708 525 2760 autem
550 2704 843 2775 quoddam
869 2720 1111 2775 parvum
1129 2704 1344 2759 ostium
1360 2702 1481 2757 luto
1497 2703 1733 2757 assidue
1748 2703 1968 2757 obstru-

312 2798 479 2847 ctum
509 2810 524 2848 :
558 2793 713 2864 quod
742 2793 1188 2848 advenientibus
1230 2792 1465 2863 quidem
1498 2790 1629 2846 aliis
1662 2808 1963 2863 nunquam

304 2882 521 2952 aperit,
556 2880 700 2936 mihi
733 2886 931 2937 autem
954 2880 1064 2937 soli
1093 2880 1387 2936 accedenti
1420 2879 1529 2935 hoc
1563 2880 1850 2951 permittit
1881 2879 1967 2935 fa-

309 2988 464 3028 cere.
490 2971 573 3025 Ea
622 2972 692 3026 de
722 2987 899 3026 causa
929 2971 1325 3041 undequaque
1355 2974 1787 3041 congregantur
1834 2969 1963 3041 plu-

307 3060 446 3114 rimi
480 3076 617 3115 eum
652 3076 847 3115 meum
882 3060 1199 3115 adventum
1227 3060 1537 3127 senserint,
1565 3058 1965 3114 desiderantes

309 3165 445 3205 esse
476 3150 591 3205 mei
620 3148 927 3221 ingressus
986 3148 1321 3221 participes.
1355 3152 1497 3203 Cum
1530 3147 1605 3203 iis
1636 3153 1831 3204 autem
1864 3147 1961 3217 qui

310 3240 635 3309 aliquando
668 3239 741 3293 ad
772 3238 969 3309 ipsum
1000 3238 1263 3307 veniunt,
1297 3236 1544 3309 loquens
1576 3253 1679 3308 per
1726 3254 1963 3309 parvam
2000 3250 2042 3317 ρ

307 3329 636 3399 quamdam
664 3327 1109 3395 fenestram,eos
1140 3326 1403 3399 impertit
1432 3325 1969 3398 benedictione,per

307 3434 439 3472 eam
473 3416 748 3488 plurimis
799 3416 1110 3472 sanitatem
1143 3414 1419 3488 largiens.
1451 3415 1777 3471 Servatoris
1808 3416 1962 3470 enim

306 3505 494 3560 nostri
532 3509 706 3560 utens
736 3505 994 3575 nomine,
1026 3509 1084 3561 et
1133 3505 1368 3560 morbos
1430 3520 1660 3559 cessare
1720 3504 1878 3570 facit,
1911 3509 1967 3560 et

302 3593 601 3649 daemones
622 3592 881 3665 expellit,
916 3599 972 3649 et
1002 3593 1326 3665 apostolica
1360 3593 1627 3649 imitatur
1656 3592 1961 3649 miracula.

375 3701 504 3756 Non
523 3700 715 3757 solum
735 3704 925 3757 autem
951 3700 1023 3757 iis
1046 3701 1147 3772 qui
1167 3702 1238 3756 ad
1264 3700 1458 3773 ipsum
1486 3700 1727 3757 veniunt
1748 3718 1962 3773 suppe-

307 3789 457 3845 ditat
475 3789 973 3857 curationem,sed
992 3806 1119 3846 eam
1145 3805 1379 3862 quoqne
1402 3805 1802 3862 saepenumero
1826 3807 1963 3861 prae-

307 3878 439 3934 buit
470 3896 579 3934 suo
619 3878 867 3951 corpori.
903 3880 1047 3934 Eum
1071 3880 1229 3935 enim
1253 3880 1378 3950 jam
1411 3879 1639 3952 pridem
1673 3879 1963 3935 invaserat

308 3969 556 4024 morbus
587 3967 825 4024 colicus.
858 3967 1044 4031 Quam
1096 3968 1216 4023 sint
1248 3972 1444 4023 autem
1476 3984 1642 4024 acres
1673 3967 1773 4040 qui
1796 3984 1865 4023 ex
1895 3985 1959 4023 eo

304 4059 581 4113 oriuntur
603 4055 910 4127 doloresjet
931 4056 1471 4128 cruciatus,optime
1496 4057 1736 4127 quidem
1764 4057 1961 4114 sciunt

305 4147 408 4219 qui
440 4146 610 4201 illum
644 4152 785 4202 sunt
816 4146 1058 4217 experti;
1088 4146 1284 4202 sciunt
1315 4150 1509 4201 autem
1534 4146 1571 4200 ii
1604 4163 1837 4219 quoque
1859 4148 1959 4219 qui

305 4238 439 4308 ejus
457 4236 619 4292 fuere
642 4239 1015 4308 spectatores.
1050 4235 1476 4292 Provolvuntur
1506 4235 1659 4291 enim
1686 4236 1960 4292 similiter

303 4332 484 4397 atque
515 4324 557 4379 ii
589 4325 685 4397 qui
722 4325 882 4381 rabie
900 4325 1375 4397 agitantur,845
1398 4324 1508 4381 huc
1539 4323 1961 4382 etillucsever-

300 4419 516 4481 tentes,
533 4415 800 4470 etcrebro
824 4415 998 4485 pedes
1019 4418 1396 4470 extendentes
1423 4418 1479 4470 et
1514 4414 1955 4484 contrahentes;

303 4519 737 4574 nonnunquam
751 4507 946 4559 autem
981 4504 1186 4559 sedent
1206 4506 1263 4560 et
1284 4507 1535 4574 surgunt
1551 4507 1607 4559 et
1627 4503 1956 4572 ambulant,

297 4594 566 4664 aliquam
599 4591 817 4663 quietis
848 4592 1003 4681 viam
1054 4596 1420 4681 quaerentes;
1456 4596 1511 4647 et
1532 4591 1661 4647 ideo
1693 4592 1956 4649 assident
1987 4616 2033 4681 Ι)

293 4682 709 4753 balneis,saepe
734 4697 803 4736 ex
837 4697 903 4737 eo
938 4680 1198 4753 aliquam
1223 4680 1574 4751 accipientes
1605 4681 1955 4739 consolatio-

300 4787 465 4827 nem.
491 4771 561 4825 Et
595 4770 735 4843 quid
779 4787 928 4842 opus
958 4775 1049 4826 est
1080 4769 1329 4841 longiori
1381 4770 1464 4825 uti
1497 4770 1759 4826 oratione
1791 4771 1849 4826 in
1882 4772 1954 4828 iis

299 4859 727 4915 enumerandis
745 4865 1017 4930 quassant
1038 4859 1300 4931 apertaei
1320 4859 1625 4915 manifesta
1647 4861 1955 4917 omnibus?

297 4950 448 5005 Cum
494 4949 602 5004 hoc
643 4949 847 5004 morbo
906 4948 1251 5019 colluctans,
1284 4953 1339 5004 et
1367 4952 1452 5004 tot
1480 4949 1776 5020 tantisque
1818 4967 1953 5006 cru-

296 5040 493 5095 ciatus
526 5038 851 5107 doloribus,
910 5055 1026 5093 non
1060 5038 1363 5093 medicina;
1392 5038 1617 5110 accepit
1647 5038 1950 5110 auxilium,

295 5145 417 5184 non
451 5128 667 5184 lectum
695 5126 923 5199 ingredi
957 5126 1267 5194 sustinuit,
1295 5144 1410 5183 non
1438 5145 1471 5183 a
1516 5127 1953 5186 medicamentis

294 5226 397 5274 aut
427 5217 575 5274 cibis
612 5220 701 5272 est
732 5220 1047 5287 recreatus,
1076 5217 1175 5272 sed
1208 5216 1266 5272 in
1303 5216 1494 5272 tabula
1528 5216 1694 5271 humi
1719 5218 1951 5287 jacente

291 5307 530 5373 sedens,
560 5304 822 5363 oratione
852 5310 908 5361 et
939 5306 1130 5361 crucis
1164 5305 1463 5377 signaculo
1496 5309 1584 5361 est
1609 5311 1868 5375 curatus,
1894 5310 1951 5364 et

290 5397 555 5453 carmine
585 5395 798 5451 divinae
833 5394 1242 5467 appellationis
1274 5395 1454 5468 sopiit
1484 5394 1805 5451 cruciatus.

366 5487 542 5542 Porro
559 5488 757 5541 autem
779 5500 912 5539 cum
932 5484 1001 5540 iis
1024 5500 1258 5557 quoque
1284 5489 1455 5540 noctu
1492 5484 1807 5556 aliquando
1831 5503 1951 5541 am-

290 5574 547 5641 bularet,
583 5573 825 5629 calcavit
843 5571 1223 5629 dormientem
1258 5573 1537 5646 viperam.
1574 5574 1651 5629 Ea
1680 5590 1811 5629 vero
1842 5592 1947 5646 ap-

289 5663 664 5738 prehendens
682 5662 943 5735 plantam
958 5661 1211 5734 pedis,in
1225 5677 1346 5718 eam
1366 5662 1567 5718 dentes
1586 5662 1944 5719 inﬁxit.Cum

290 5757 492 5825 autem
516 5751 974 5826 pediconaretur
1001 5766 1169 5829 opem
1188 5750 1423 5819 Ierre,se
1451 5750 1945 5823 quideminclina-

2087 1962 2227 2017 tiam
2261 1963 2669 2034 gubernatoris
2691 1964 2861 2021 vellet
2882 1965 3157 2021 omnibus
3190 1968 3521 2022 ostendere.
3556 1965 3740 2022 Unde-

2085 2067 2217 2105 nam
2253 2052 2410 2107 enim
2446 2051 2594 2108 alias
2628 2054 3108 2125 cognovissemus
3139 2055 3226 2109 vel
3259 2056 3420 2110 illius
3451 2056 3746 2110 fortitudi-

2081 2155 2235 2205 nem,
2269 2139 2356 2194 vel
2381 2140 2559 2211 hujus
2593 2140 2990 2207 tolerantiam,
3025 2143 3142 2197 nisi
3165 2143 3222 2198 in
3247 2160 3347 2199 eos
3372 2144 3591 2215 quaevis
3624 2144 3739 2199 telo.

2080 2229 2433 2299 conjiciendi
2465 2231 2639 2285 datus
2664 2234 2821 2286 esset
2850 2231 3014 2287 locus
3044 2232 3283 2287 inimico
3313 2231 3566 2303 pietatis.

2150 2320 2339 2388 Atque
2356 2320 2426 2373 ad
2451 2318 2556 2373 viri
2588 2320 2826 2390 quidem
2861 2320 3233 2376 tolerantiam
3265 2322 3587 2378 docendam
3621 2322 3743 2377 haec

2079 2406 2775 2473 sufﬁciunt,clementiam
2791 2426 2860 2463 au
2873 2414 2983 2464 tem
3001 2414 3058 2464 et
3072 2410 3486 2480 benignitatem
3504 2411 3744 2466 aliunde

2078 2497 2632 2555 ostendemus.Nam
2664 2514 2796 2553 cum
2834 2498 3049 2554 multos
3081 2499 3209 2553 visu
3252 2500 3527 2570 privatos,
3548 2506 3604 2554 et
3633 2501 3733 2571 qui

2078 2585 2411 2641 mendicare
2441 2587 2802 2658 cogebantur
2832 2592 3331 2659 congregasset,et
3362 2588 3637 2660 utrinque
3662 2590 3731 2643 ad

2080 2673 2372 2730 Orientem
2394 2679 2450 2731 et
2478 2676 2852 2731 Occidentem
2888 2677 2972 2733 eis
3006 2676 3341 2733 habitacula
3362 2678 3729 2745 aedificasset,

2072 2764 2252 2834 jussit
2282 2763 2340 2819 in
2391 2764 2473 2821 eis
2533 2766 2763 2835 degere,
2798 2770 2855 2821 et
2916 2766 3095 2822 Deum
3161 2766 3423 2833 laudare,
3490 2766 3737 2823 alimen-

2077 2859 2203 2909 tum
2244 2854 2328 2909 eis
2386 2855 2789 2911 necessarium
2842 2854 3188 2927 praecipiens
3244 2856 3603 2928 suppeditari
3667 2858 3741 2912 ab

2078 2943 2200 2998 illis
2232 2942 2330 3013 qui
2364 2944 2436 2998 ad
2490 2944 2686 3015 ipsum
2747 2944 3221 3017 veniebant.Ipse
3254 2951 3452 3001 autem
3513 2946 3737 3001 medius

2082 3032 2237 3087 inter
2266 3049 2364 3089 eos
2392 3032 2745 3102 inclusus,et
2771 3034 2877 3089 hos
2903 3038 2959 3089 et
2980 3033 3113 3090 illos
3147 3035 3353 3091 incitat
3373 3035 3448 3089 ad
3482 3035 3745 3107 hymmo-

2078 3121 2259 3188 diam,
2291 3126 2347 3177 et
2379 3122 2513 3177 licet
2538 3140 2636 3178 eos
2669 3123 2872 3178 audire
2905 3123 3087 3179 Deum
3131 3123 3367 3180 assidue
3398 3124 3726 3188 laudantes,

2078 3212 2264 3266 Tanta
2294 3215 2383 3266 est
2407 3213 2535 3281 ejus
2568 3216 2849 3283 perpetua
2872 3212 3204 3283 benignitas
3236 3214 3295 3268 in
3329 3230 3428 3269 eos
3460 3216 3562 3285 qui
3594 3215 3734 3270 sunt

2079 3300 2347 3370 ejusdem
2382 3300 2633 3373 generis.
2667 3305 2881 3356 Eorum
2942 3307 3137 3356 autem
3171 3319 3299 3373 qua:
3333 3304 3443 3357 sub
3472 3303 3569 3359 dio
3599 3320 3736 3359 sus-

2078 3388 2377 3461 cipiuntur
2432 3390 2846 3457 certaminum,
2874 3389 2986 3463 ipsi
3017 3396 3075 3446 et
3124 3407 3336 3463 magno
3366 3391 3586 3447 Jacobo
3649 3397 3741 3447 est

2076 3475 2230 3532 idem
2265 3483 2515 3550 tempus.
2560 3477 2690 3534 Jam
2724 3478 2879 3534 enim
2931 3480 3303 3551 complerunt
3361 3479 3735 3552 trigesimum

2075 3579 2348 3631 octavum
2382 3594 2624 3633 annum.

2648 3683 2885 3740 CAPUT
2936 3684 3132 3741 XXIII.

2202 3787 2474 3837 JOANNES,
2500 3788 2740 3843 moveas,
2766 3790 3110 3839 ANTIOCIIUS,
3142 3790 3427 3829 ANTONIUS
3452 3775 3591 3844 (61).

2138 3878 2251 3934 Iloc
2266 3876 2391 3932 vitae
2408 3878 2745 3934 institutum
2761 3879 3072 3935 zemulatus
3088 3884 3419 3951 quoqueest
3440 3880 3716 3949 Joannes,

2069 3968 2156 4024 vir
2186 3974 2395 4042 praeter
2425 3973 2652 4039 caetera,
2677 3969 2869 4026 clarus
2897 3969 3131 4026 lenitate
3161 3974 3215 4025 et
3239 3971 3711 4025 mansuetudine.

2069 4058 2123 4114 Is
2138 4075 2268 4114 cum
2295 4075 2500 4130 rupem
2523 4061 2841 4129 quamdam
2862 4059 3030 4115 valde
3051 4076 3345 4131 asperam,
3364 4065 3477 4115 tem
3490 4060 3728 4132 pestati-

2069 4147 2297 4219 busque
2329 4147 2661 4216 obnoxiam,
2694 4152 2749 4202 et
2776 4148 2847 4203 ad
2894 4148 3357 4220 Septentrionem
3392 4152 3726 4221 vergentem

2068 4239 2433 4307 occupasset,
2464 4234 2521 4289 in
2546 4234 2784 4305 illajam
2811 4236 3093 4309 transegit
3116 4236 3315 4307 viginti
3343 4236 3603 4309 quinque
3622 4254 3726 4293 an-

2069 4341 2195 4392 nos,
2227 4325 2376 4380 aeris
2399 4324 2722 4381 contrarios
2752 4325 3049 4397 excipiens
3081 4325 3494 4397 impetus.Alia
3514 4331 3710 4383 autem

2066 4414 2284 4479 omnia,
2304 4430 2374 4469 ne
2396 4413 2631 4485 singula
2656 4430 2994 4486 persequar,
3018 4414 3185 4470 cibus
3208 4420 3264 4471 et
3286 4416 3464 4471 vestis
3498 4421 3554 4471 et
3583 4416 3719 4472 ferri

2066 4504 2492 4574 pondera,sunt
2512 4502 2582 4557 iis
2604 4502 2701 4573 qui
2726 4503 2891 4575 prius
2915 4503 3053 4559 dicti
3074 4508 3213 4559 sunt
3239 4504 3477 4559 similia.
3500 4505 3601 4560 Est
3622 4523 3723 4561 au-

2065 4596 2183 4648 tem
2218 4591 2491 4647 humanis
2521 4593 2795 4648 omnibus
2826 4593 2969 4649 adeo
3025 4593 3313 4665 superior,
3362 4598 3427 4649 ut
3459 4593 3623 4650 nullo
3657 4610 3724 4650 ex

2065 4682 2150 4737 eis
2185 4682 2413 4737 fruatur
2442 4681 2675 4737 solatio.
2708 4683 2961 4737 Atl'eram
2985 4686 3178 4738 autem
3217 4682 3397 4753 hujus
3425 4682 3507 4738 rei
3560 4683 3717 4738 indi-

2063 4770 2217 4827 cium
2246 4770 2499 4826 evidens.
2534 4769 2679 4826 Nam
2704 4788 2838 4827 cum
2873 4774 3109 4843 propter
3132 4775 3325 4828 torum
3352 4772 3480 4841 eius
3511 4771 3723 4828 herba-

2062 4877 2228 4916 ceum
2262 4862 2349 4915 vir
2374 4860 2617 4931 quidam
2640 4860 2832 4916 bonus
2865 4860 3193 4933 plantasset
3226 4861 3622 4931 amygdalum,
3657 4867 3713 4917 et

2063 4966 2131 5006 ea
2160 4950 2371 5005 deinde
2391 4950 2737 5020 procedente
2766 4954 3026 5023 tempore
3049 4951 3222 5007 arbor
3248 4950 3553 5017 evasisset,
3574 4952 3719 5007 adeo

2064 5042 2129 5093 ut
2160 5038 2209 5094 ei
2240 5038 2511 5093 umbram
2538 5038 2845 5108 praeberet,
2878 5042 2934 5093 et
2994 5039 3197 5095 oculos
3229 5043 3513 5111 pasceret,
3535 5039 3722 5109 jussit

2061 5142 2189 5184 eam
2205 5127 2462 5183 exscindi
2478 5182 2481 5187 ,
2496 5144 2527 5182 u
2540 5134 2628 5182 lex
2644 5144 2711 5183 ea
2725 5127 2948 5183 nullam
2968 5129 3253 5199 acciperet
3269 5127 3712 5185 recreationem.

2136 5218 2249 5273 Iloc
2280 5217 2409 5272 vita:
2438 5215 2727 5272 instutum
2753 5218 3060 5290 amplexus
3088 5234 3320 5291 quoque
3352 5222 3441 5274 est
3470 5220 3710 5291 Moyses,

2063 5306 2121 5362 in
2156 5306 2274 5362 alto
2308 5306 2561 5379 quodam
2608 5306 2825 5363 montis
2857 5307 3088 5380 vertice,
3123 5307 3222 5379 qui
3257 5306 3564 5380 impedent
3614 5310 3738 5365 vico

2060 5399 2255 5452 Roma)
2288 5396 2614 5451 decertans.

2134 5484 2547 5541 EtAntiocbus
2571 5484 2661 5539 vir
2680 5500 2877 5552 senex,
2904 5486 3002 5557 qui
3038 5486 3095 5541 in
3131 5490 3333 5541 monte
3366 5486 3616 5545 maxime
3638 5487 3736 5544 de-

2056 5578 2211 5630 serto
2236 5590 2469 5646 parvum
2503 5576 2735 5645 septum
2768 5574 3070 5630 exstruxit.

2130 5665 2199 5719 Et
2225 5661 2652 5733 Antonius,qui
2685 5662 2743 5716 in
2778 5678 3019 5737 corpore
3051 5664 3214 5723 senio
3250 5666 3514 5722 conlecto
3549 5681 3635 5738 aeq
3661 5682 3732 5722 ue

2057 5752 2313 5809 decertat
2340 5754 2515 5824 atque
2540 5752 2800 5823 juvenes.
