4180 6338
241 372 311 426 97
1389 362 1867 429 PHILOTHEUS,
1907 372 2031 413 srva
2069 358 2537 417 THEOPHILES.
3598 373 3669 427 93

255 514 421 555 mum
437 495 703 552 radicem
721 494 791 549 ad
812 509 875 549 se
896 492 1105 549 deferri
1124 490 1493 562 jussisset,ut
1513 488 1613 561 qui
1644 488 1715 543 ad
1730 486 1912 543 alium
1942 483 1998 551 Α
2029 499 2159 539 rum
2180 499 2330 556 saepe
2346 464 2690 543 .obtulerunt
2711 492 2767 544 et
2784 490 2883 560 qui
2905 491 3081 547 etiam
3103 509 3401 551 excessere
3424 496 3674 569 relique-

250 587 485 644 scilicet
514 600 691 640 usum
726 600 793 639 ea
823 599 971 654 opus
1003 581 1266 647 haberet,
1291 596 1419 635 eam
1446 583 1499 633 et
1522 582 1695 633 noctu
1718 576 1913 647 impo-

254 680 438 733 nebat
458 674 893 742 humeris,etea
915 671 1193 743 imposita
1213 670 1359 724 847
1381 668 1583 723 orabat
1611 685 1625 735 ;
1649 670 1704 720 et
1734 665 1911 720 inter-

254 770 384 834 diu,
400 782 536 820 cum
554 767 713 819 esset
734 762 785 816 ei
804 761 1015 816 otium.
1037 760 1180 814 Cum
1208 764 1405 813 autem
1428 756 1652 812 veniret
1673 754 1912 825 aliquis,

254 863 310 911 et
338 854 606 926 pulsaret
626 852 868 919 ostium,
888 865 1015 905 eam
1040 848 1099 902 in
1126 846 1253 902 loco
1274 846 1472 917 aliquo
1495 844 1910 900 abscondebat.

257 946 420 1000 Hanc
451 959 587 999 cum
623 940 871 995 vidisset
900 938 1162 1008 quidam,
1198 934 1668 999 mihiindicavit;
1694 937 1751 987 et
1778 949 1913 987 cum

251 1034 464 1089 vellem
502 1032 655 1085 scire
690 1033 981 1099 quantum
1032 1031 1186 1081 esset
1213 1027 1343 1095 ejus
1376 1026 1628 1095 pondus,
1662 1021 1754 1075 vix
1784 1038 1914 1075 eam

252 1122 423 1196 potui
458 1119 667 1177 tollere
697 1117 987 1171 ambabus
1035 1114 1332 1169 manibus.
1365 1112 1419 1167 ls
1452 1116 1644 1167 autem
1670 1127 1801 1167 cum
1824 1125 1916 1164 me

254 1208 803 1283 sapexisset,jussit
822 1221 951 1260 eam
974 1205 1303 1269 dimittere;
1326 1219 1431 1273 ego
1455 1206 1647 1255 autem
1662 1216 1797 1255 eum
1821 1216 1914 1254 ro-

256 1303 479 1373 gabam
514 1305 579 1353 ut
613 1296 753 1352 mihi
784 1311 912 1351 eam
937 1293 1298 1365 permitteret
1318 1291 1605 1362 accipere,
1637 1293 1701 1344 ut
1721 1288 1773 1345 ei
1804 1288 1917 1344 eri-

258 1406 464 1462 perem
498 1387 868 1443 occasionem
926 1383 1164 1438 laboris.
1200 1388 1512 1450 Postquam
1544 1383 1741 1435 autem
1781 1395 1917 1434 eum

250 1480 376 1533 vidi
408 1493 565 1549 aegre
598 1476 768 1539 ferre,
793 1473 845 1528 ei
879 1472 1029 1528 cessi
1066 1469 1359 1526 desiderio
1392 1469 1670 1524 victoriae.

334 1569 418 1622 Ex
448 1567 544 1621 his
574 1563 878 1620 laboribus
900 1560 1210 1616 efllorescit
1239 1559 1291 1612 ei
1320 1574 1554 1630 quoque
1576 1559 1711 1612 data
1732 1556 1919 1629 gratia

257 1656 573 1720 divinitus,
597 1659 653 1709 et
671 1652 859 1707 multa
879 1650 1027 1704 ﬁunt
1046 1648 1328 1703 miracula
1349 1647 1510 1702 illius
1526 1646 1917 1702 orationibus.

256 1744 494 1801 Etenim
509 1759 644 1799 cum
671 1739 866 1813 gravis
892 1737 1379 1807 illasiccitasquzs
1403 1736 1673 1791 homines
1694 1734 1918 1805 afﬂige-

260 1837 388 1900 bat,
423 1834 495 1888 ad
530 1846 733 1904 preces
756 1829 1047 1893 incitaret,
1073 1825 1229 1881 venit
1246 1826 1317 1880 ad
1340 1841 1474 1880 eum
1499 1824 1813 1879 multitudo
1832 1842 1919 1879 sa-

259 1925 594 1979 cerdotum.
629 1920 763 1975 Erat
786 1922 983 1973 autem
1008 1933 1128 1971 una
1155 1931 1287 1970 cum
1312 1914 1397 1970 eis
1419 1914 1660 1985 quidam
1685 1930 1917 1984 quoque

259 2012 357 2069 cui
389 2010 770 2065 Antiochense
801 2006 1058 2076 regionis
1091 2003 1263 2059 multi
1295 2004 1406 2059 vici
1438 2003 1720 2075 pascendi
1752 2007 1920 2057 erant

259 2101 495 2158 crediti.
530 2100 585 2155 Is
607 2116 677 2155 ex
698 2098 772 2153 iis
802 2097 903 2168 qui
926 2096 1169 2151 aderant
1191 2093 1434 2166 rogabat
1463 2093 1745 2160 seniores,
1772 2097 1835 2147 ut
1864 2092 1915 2147 ei

262 2188 681 2264 persuaderint
696 2192 762 2242 ut
775 2201 1013 2241 manum
1031 2185 1325 2239 dexteram
1345 2184 1676 2254 imponeret
1688 2180 1915 2253 lecytbo

264 2288 413 2338 Cum
442 2281 483 2336 ii
506 2282 704 2334 autem
728 2275 1040 2343 dixissent,
1063 2289 1197 2329 eum
1221 2289 1335 2328 non
1362 2288 1493 2328 esse
1516 2271 1575 2327 id
1598 2272 1916 2340 facturum,

265 2373 412 2426 dum
445 2384 647 2441 preces
678 2369 812 2438 post
843 2364 966 2419 haec
999 2363 1227 2432 ﬁerent,
1260 2361 1728 2417 etvenerandum
1772 2359 1916 2414 mihi

262 2464 446 2531 caput
474 2459 690 2522 oraret,
713 2453 809 2509 ille
841 2470 989 2526 pone
1008 2460 1167 2507 stans
1200 2449 1455 2521 porrexit
1477 2449 1707 2504 duabus
1731 2448 1918 2503 mani-

267 2551 383 2605 bus
407 2546 727 2619 lecythum.
748 2546 803 2599 Is
824 2546 1016 2598 autem
1039 2541 1121 2595 itu
1143 2541 1317 2610 cmpit
1341 2544 1583 2607 scatere,
1602 2542 1666 2593 ut
1685 2538 1800 2593 duo
1819 2541 1921 2593 aut

263 2647 387 2696 tres
407 2638 480 2693 iis
498 2636 599 2709 qui
624 2635 864 2690 aderant
882 2629 1511 2698 manusjextenderent,
1531 2633 1587 2683 et
1604 2644 1701 2683 eas
1716 2626 1919 2698 plenas

267 2730 398 2785 oleo
432 2727 782 2798 acciperent.
807 2722 918 2777 Sed
942 2721 1077 2776 licet
1092 2723 1147 2775 et
1167 2717 1372 2774 divinas
1390 2717 1588 2789 gratiae
1605 2717 1813 2771 fundat
1828 2734 1919 2771 ra-

265 2820 426 2881 dios,
445 2822 502 2871 et
515 2814 689 2870 rectis
702 2810 913 2867 ofﬁciis
927 2806 1259 2881 praclarisq
1272 2822 1342 2861 ue
1358 2811 1494 2861 etex
1510 2804 1725 2859 virtute
1744 2807 1919 2861 rebus

265 2906 455 2979 gestis
479 2905 557 2958 sit
590 2902 817 2974 plenus,
847 2903 903 2954 et
933 2896 1194 2969 quotidie
1223 2894 1459 2966 colligat
1488 2911 1626 2966 epes
1658 2893 1919 2965 philoso-

267 2997 447 3069 phiae,
472 2996 560 3048 est
586 2998 786 3047 tamen
807 2992 971 3043 tanta
994 2985 1282 3042 modestia
1298 2989 1355 3040 et
1371 2982 1768 3039 moderatione
1784 3000 1921 3054 prae-

269 3087 457 3150 ditus,
492 3080 1045 3149 utuniuscujusque
1062 3092 1130 3131 ex
1153 3074 1225 3130 iis
1252 3072 1352 3145 qui
1371 3071 1655 3143 adipsum
1678 3071 1921 3127 veniunt

270 3176 483 3230 ambos
506 3172 684 3244 pedes
705 3168 1110 3240 amplectatur,
1131 3169 1186 3220 et
1200 3165 1446 3219 frontem
1468 3166 1633 3217 terra:
1652 3160 1917 3232 imponat

277 3265 399 3320 sive
440 3261 616 3317 fuerit
646 3257 838 3326 miles,
870 3258 990 3312 sive
1020 3255 1233 3326 opifex,
1268 3252 1388 3308 sive
1414 3251 1690 3306 rusticus.

347 3350 613 3408 Narrabo
664 3353 859 3404 autem
891 3344 1111 3416 aliquid
1152 3342 1307 3415 quod
1343 3341 1531 3413 possit
1560 3341 1766 3395 docere
1796 3338 1925 3408 ejus

276 3441 723 3513 simplicitatem
754 3441 811 3492 et
830 3433 1309 3492 moderationem.
1342 3429 1589 3494 Quidam
1606 3428 1925 3493 virbonus,

275 3533 369 3587 cui
405 3531 587 3600 hujus
608 3527 802 3599 gentis
820 3523 1031 3595 obtigit
1054 3520 1416 3593 praifectura,
1437 3535 1569 3574 cum
1596 3518 1810 3589 Cyrum
1832 3532 1925 3570 ve-

281 3620 484 3683 uisset,
512 3614 787 3686 cupiebat
808 3626 1038 3667 mecum
1059 3608 1427 3679 fruiaspectu
1453 3606 1661 3662 horum
1686 3618 1927 3674 magno-

282 3725 415 3764 rum
432 3705 784 3762 athletarum
797 3702 961 3757 .Cum
978 3700 1121 3755 alios
1135 3715 1271 3769 ergo
1286 3698 1661 3761 obiissemus,
1678 3695 1749 3749 ad
1776 3694 1929 3749 hunc

280 3812 519 3869 quoque
550 3792 907 3850 accessimus
928 3791 1097 3861 cujus
1119 3788 1392 3843 virtutem
1420 3802 1577 3841 nunc
1600 3800 1927 3839 narramus.

278 3894 353 3942 Cu
366 3905 424 3941 m
443 3902 550 3957 ego
566 3884 761 3955 itaque
776 3881 1058 3936 dixissem
1073 3895 1201 3934 esse
1219 3877 1559 3949 praifectum
1585 3873 1684 3946 qui
1701 3889 1927 3928 mecum

279 3976 653 4041 accessisset,
672 3977 730 4028 et
743 3970 1167 4043 aequijustique
1183 3972 1527 4031 amatorem,
1545 3964 1743 4020 statim
1759 3963 1931 4018 homo

278 4067 518 4120 divinus
534 4068 813 4131 utrasque
836 4076 1045 4115 manus
1062 4058 1308 4113 tendens
1324 4064 1377 4111 et
1391 4055 1594 4110 ambos
1611 4054 1783 4125 pedes
1798 4069 1929 4124 pre-

277 4156 585 4211 hendens:
617 4152 778 4219 Volo,
802 4148 1021 4219 inquit,
1053 4151 1117 4201 ut
1148 4145 1293 4200 mihi
1326 4143 1586 4215 aliquam
1620 4142 1931 4215 promittas

276 4244 644 4316 petitionem.
667 4240 813 4295 Cum
838 4241 886 4294 is
908 4242 1101 4293 autem
1123 4252 1271 4306 aegre
1289 4236 1479 4301 ferret,
1502 4237 1557 4288 et
1578 4241 1641 4287 ut.
1664 4234 1931 4303 surgeret

278 4337 497 4401 oraret,
522 4335 580 4386 et
611 4346 673 4385 se
704 4328 857 4400 quod
876 4325 1124 4397 jusserit
1144 4324 1434 4379 facturum
1462 4321 1931 4392 polliceret(con-

265 4422 521 4494 jiciebat
545 4419 703 4476 enim
729 4434 864 4474 eum
897 4414 1039 4471 velle
1068 4429 1271 4486 rogare
1295 4429 1399 4484 pro
1417 4410 1608 4483 aliqua
1627 4428 1696 4466 ex
1731 4410 1804 4466 iis
1828 4409 1930 4482 qui

272 4514 409 4583 ejus
432 4510 719 4582 parebant
739 4505 970 4576 ditioni)
996 4521 1008 4559 :
1043 4502 1328 4567 Quoniam
1355 4517 1512 4573 ergo,
1539 4500 1727 4572 inquit
1750 4499 1924 4555 homo

2021 584 2179 642 runt,
2214 578 2313 631 sed
2348 576 2494 632 nihil
2526 578 2598 633 ab
2624 578 2742 635 ullo
2774 598 3035 653 unquam
3060 587 3304 658 accepit,
3335 590 3437 642 sed
3468 605 3671 646 eorum

2020 682 2147 736 quae
2169 666 2999 738 olferebantureosjussitesse
3013 673 3469 745 dispensatores.
3499 678 3673 736 Porro

2022 758 2216 809 autem
2234 771 2731 828 magnusquoque
2749 760 3004 816 Jacobus
3019 763 3271 819 cilicium
3302 766 3374 819 ab
3398 768 3670 835 aliqucad

2022 858 2085 897 se
2115 842 2375 898 delatum
2410 846 2479 899 ad
2508 846 2702 916 ipsum
2729 848 2928 918 misit;
2955 852 3054 905 sed
3088 852 3144 906 id
3168 869 3400 926 quoque
3424 858 3669 925 remisit,

2022 948 2155 986 cum
2188 932 2243 986 id
2276 949 2405 988 esse
2422 936 2642 991 videret
2668 938 2908 993 densius
2930 946 2986 993 et
3015 940 3360 1011 elegantius.
3388 945 3670 1017 Perpetuo

2021 1021 2178 1075 enim
2195 1039 2338 1076 usus
2352 1023 2666 1079 estvilibus
2688 1032 2745 1079 et
2768 1028 2997 1082 minimi
3022 1030 3187 1101 pretii
3213 1033 3494 1090 vestibus.
3517 1037 3669 1093 Adeo

2023 1115 2220 1164 autem
2252 1111 2609 1168 existimavit
2645 1122 3053 1186 paupertatem
3087 1135 3215 1174 esse
3248 1124 3451 1191 quovis
3489 1141 3668 1194 regno

2024 1201 2213 1271 magis
2228 1204 2609 1273 expetendam
2623 1248 2637 1270 ,
2652 1210 2713 1259 ut
2728 1222 2829 1261 nec
2846 1209 3243 1264 necessarium
3260 1212 3498 1281 quidem
3515 1231 3636 1270 sem
3650 1246 3669 1256 -

2022 1306 2127 1360 per
2156 1290 2395 1347 haberet
2418 1293 2873 1351 nutrimentum.
2907 1296 3037 1352 Scio
3070 1300 3227 1353 enim
3259 1318 3351 1357 me
3390 1319 3545 1373 saepe
3574 1322 3672 1360 ve-

2024 1378 2206 1446 nisse,
2237 1382 2764 1439 etbenedictionem
2780 1385 3036 1456 petiisse,
3058 1403 3245 1459 neque
3264 1389 3486 1460 aliquid
3511 1394 3671 1449 aliud

2024 1467 2318 1523 invenisse
2348 1486 2525 1539 quam
2558 1471 2715 1526 solas
2747 1473 2897 1529 duas
2936 1475 3181 1531 caricas.
3227 1477 3414 1548 Hujus
3446 1482 3583 1547 mel,
3615 1486 3676 1538 et

2025 1555 2098 1610 iis
2131 1557 2230 1627 qui
2261 1558 2461 1613 vident
2491 1568 2576 1614 est
2608 1562 2771 1615 valde
2802 1564 3213 1634 expetendum,
3247 1572 3304 1621 et
3334 1567 3406 1622 iis
3439 1571 3536 1639 qui
3564 1588 3670 1625 au-

2025 1645 2198 1700 diunt
2216 1664 2392 1702 suave
2410 1654 2466 1703 et
2482 1652 3104 1721 maximejucundum.
3131 1655 3369 1712 Nullum
3385 1660 3540 1714 enim
3556 1660 3673 1715 vidi

2022 1734 2430 1801 horrinem,ne
2447 1754 2515 1791 ex
2546 1736 2619 1792 iis
2652 1740 2889 1809 quidem
2919 1742 3020 1811 qui
3048 1750 3187 1797 sunt
3217 1745 3385 1800 faceti
3421 1753 3478 1801 et
3508 1748 3674 1804 dica-

2026 1838 2143 1889 ces,
2177 1824 2275 1893 qui
2311 1824 2431 1879 ulla
2462 1843 2719 1895 unquam
2752 1830 3224 1899 reprehensionis
3254 1833 3382 1889 labe
3411 1852 3546 1890 eum
3579 1856 3675 1892 as-

2027 1912 2425 1983 perserit;sed
2460 1931 2663 1971 omnes
2696 1933 2829 1971 eum
2858 1924 2913 1973 et
2937 1920 3253 1989 praedicant
3274 1928 3332 1977 et
3353 1924 3673 1994 celebrant,

2026 2006 2082 2056 et
2103 2002 2172 2055 ad
2207 2001 2403 2072 ipsum
2437 2004 2737 2059 venientes
2770 2006 3013 2063 minime
3043 2009 3245 2065 volunt
3277 2014 3563 2069 recedere.

2626 2095 2853 2150 CAPUT
2896 2097 3063 2153 XXV.

2239 2198 2566 2249 ASCLEPIUS,
2626 2200 2691 2238 ar
2737 2202 2978 2241 JACOBUS
3036 2204 3283 2245 saxum
3321 2191 3454 2262 (65).

2102 2269 2697 2339 Hujusceordinisest
2714 2274 3673 2355 admirabilisquoqueAsclepius,

2028 2358 2130 2429 qui
2162 2357 2575 2430 abestquidem
2596 2362 3037 2432 decemfstadiis,
3052 2365 3205 2422 idem
3224 2369 3415 2424 autem
3433 2372 3565 2426 vitae
3583 2374 3676 2427 in-

2029 2447 2304 2503 stitutum
2337 2454 2428 2504 est
2458 2451 2787 2506 aemulatus.
2824 2456 2923 2509 Est
2952 2455 3109 2510 enim
3140 2458 3190 2511 ei
3213 2457 3369 2513 idem
3401 2467 3457 2515 et
3483 2462 3672 2527 cibus,

2029 2541 2086 2590 et
2112 2538 2311 2606 vestis,
2343 2544 2401 2592 et
2431 2555 2660 2594 morum
2684 2542 3026 2610 moderatio,
3053 2544 3110 2598 in
3137 2545 3514 2617 hospitesque
3536 2556 3592 2606 et
3612 2551 3672 2607 in

2032 2625 2239 2680 fratres
2271 2626 2551 2697 charitas,
2573 2628 2903 2701 lenitasque
2926 2637 2983 2686 et
3005 2636 3418 2704 mansuetudo,
3450 2644 3506 2693 et
3537 2656 3669 2695 cum

2028 2715 2145 2770 Deo
2175 2717 2559 2785 conversatio,
2588 2723 2643 2771 et
2664 2735 2900 2774 summa
2934 2729 3274 2793 paupertas,
3306 2729 3363 2781 et
3396 2728 3671 2785 maxime)

2029 2803 2262 2860 virtutis
2296 2805 2494 2874 copim,
2527 2811 2584 2861 et
2613 2824 2751 2878 opes
2800 2808 3206 2882 philosophias,
3240 2818 3296 2869 et
3328 2814 3444 2871 alia
3473 2819 3675 2874 omnia

2030 2910 2158 2964 quae
2190 2894 2260 2948 de
2292 2893 2387 2949 illo
2418 2912 2584 2950 sacro
2635 2897 2824 2968 capite
2854 2901 3274 2957 recensuimus.
3310 2903 3527 2961 Dicunt
3565 2924 3672 2961 au—

2029 2986 2171 3050 tem,
2204 2998 2337 3037 eum
2361 3000 2594 3055 quoque
2615 3002 2747 3039 cum
2776 2993 2931 3043 esset
2950 2989 3008 3043 in
3033 3006 3277 3047 numero
3298 2992 3545 3048 fratrum
3570 2996 3672 3066 qui

2030 3072 2088 3125 in
2122 3070 2246 3126 vico
2269 3070 2553 3139 habitant,
2584 3076 2970 3131 monasticam
3003 3083 3059 3133 et
3082 3084 3468 3152 temperatam
3493 3084 3670 3140 vitam

2032 3160 2212 3216 fuisse
2242 3160 2575 3232 amplexum
2601 3180 2704 3218 nec
2721 3180 2787 3218 ex
2809 3165 3127 3222 multorum
3151 3186 3466 3240 congressu
3492 3173 3673 3228 ullam

1950 3231 1991 3296 (ἶ
2026 3250 2388 3305 contraxisse
2438 3252 2753 3309 maculam.
2788 3253 2933 3309 Cum
2966 3272 3102 3328 ergo
3151 3258 3209 3312 in
3242 3231 3494 3330 nutraque
3534 3263 3673 3329 vita,

2031 3355 2239 3410 nempe
2268 3346 2325 3396 et
2352 3341 2507 3396 civili
2538 3347 2594 3397 et
2624 3343 2905 3410 solitaria,
2938 3363 2999 3401 se
3021 3350 3250 3419 egregie
3273 3353 3537 3420 gesserit,
3571 3354 3676 3408 du-

2032 3429 2281 3502 plicibus
2312 3447 2545 3502 quoque
2576 3433 2809 3488 coronis
2840 3435 3045 3491 merito
3075 3437 3433 3510 dignabitur.

2105 3524 2283 3573 Porro
2305 3526 2501 3575 autem
2530 3520 2695 3577 multi
2726 3539 2959 3594 quoque
2979 3524 3078 3579 alii
3101 3534 3241 3583 sunt
3260 3529 3472 3586 horum
3501 3548 3680 3587 azmu-

2033 3607 2135 3662 lati
2170 3609 2445 3663 virtutem
2474 3625 2485 3663 :
2520 3616 2578 3665 et
2609 3612 2780 3681 plena
2810 3617 2899 3666 est
2947 3630 3061 3668 non
3095 3621 3295 3671 nostra
3327 3618 3539 3685 solum,
3572 3623 3674 3675 sed

2035 3696 2211 3751 etiam
2236 3696 2436 3751 vicinae
2477 3697 2739 3753 civitates
2770 3704 2827 3754 et
2858 3702 3011 3771 pagi,
3041 3704 3141 3758 tali
3170 3706 3563 3779 pbiIOSOphia.
3586 3714 3682 3764 Est

2036 3789 2228 3839 autem
2258 3801 2413 3839 unus
2434 3802 2499 3840 ex
2527 3786 2617 3840 his
2643 3788 2877 3841 divinus
2894 3805 3127 3860 quoque
3148 3792 3425 3860 Jacobus,
3451 3798 3508 3851 in
3532 3814 3679 3868 qua-

2036 3874 2168 3929 dam
2184 3874 2337 3930 848
2356 3875 2717 3930 domuncula
2738 3876 3180 3950 inclususjusta
3204 3882 3394 3937 vicum
3422 3886 3519 3956 qui
3535 3886 3679 3941 dici-

2036 3968 2132 4019 tur
2163 3964 2381 4020 Duzan.
2417 3964 2525 4028 Qui
2557 3982 2690 4020 cum
2713 3965 2789 4020 sit
2818 3968 2995 4021 etiam
3019 3968 3076 4023 in
3110 3969 3236 4040 ipso
3262 3972 3388 4027 vitae
3428 3976 3678 4031 termino

2036 4056 2146 4127 (est
2173 4055 2330 4110 enim
2363 4054 2678 4126 plusquam
2711 4056 3030 4127 nonaginta
3059 4074 3246 4114 annos
3272 4064 3466 4132 natus)
3490 4063 3678 4119 inclu—

2036 4161 2138 4199 sus
2179 4148 2234 4198 et
2277 4143 2458 4210 solus,
2487 4150 2545 4199 et
2591 4160 2694 4215 per
2732 4146 3048 4214 quamdam
3090 4149 3384 4204 modicam
3434 4153 3678 4221 fossam,

2034 4234 2224 4288 instar
2252 4249 2441 4289 curvas
2466 4232 2629 4287 lineae
2655 4234 2889 4299 factam,
2916 4252 3197 4307 responsa
3231 4240 3467 4308 quidem
3492 4244 3685 4298 reddit

2035 4322 2134 4377 sed
2159 4339 2267 4377 non
2296 4321 2519 4379 videtur
2543 4327 2630 4389 ;et
2652 4338 2840 4393 neque
2862 4323 2996 4395 igne
3022 4326 3223 4391 utitur,
3250 4344 3437 4398 neque
3459 4330 3684 4388 lumine

2034 4410 2397 4466 1ucernze.Me
2412 4410 2648 4482 quidem
2665 4410 2753 4465 bis
2774 4412 3037 4483 perfosso
3060 4415 3407 4486 ostiojussit
3426 4419 3681 4486 admitti,

2035 4500 2143 4556 hoc
2190 4515 2283 4554 me
2311 4498 2531 4555 honore
2561 4499 2846 4568 afficiens,
2869 4506 2925 4556 et
2972 4518 3150 4574 quam
3175 4504 3320 4559 mihi
3364 4506 3511 4563 bene
3549 4509 3689 4564 velit

274 4601 617 4665 divinus,es
634 4591 1407 4668 pollicitus,etjurejurando
1423 4588 1778 4662 promissum
1794 4606 1929 4645 con-
1960 4589 2004 4652 D
2035 4589 2349 4646 ostendens

276 4687 554 4754 tirmasti,
589 4685 707 4742 acri
742 4690 799 4740 et
826 4680 1158 4739 vehementi
1180 4680 1376 4735 studio
1400 4679 1516 4735 Deo
1548 4695 1651 4751 pro
1673 4695 1762 4734 me
1794 4680 1934 4735 offer

274 4777 579 4851 preces.ls
610 4780 806 4831 autem
840 4774 1088 4828 frontem
1107 4769 1349 4842 pulsans
1364 4769 1928 4824 obsecrabatuteum

275 4868 615 4924 absolveret
629 4863 1081 4936 ajurejurando,
1099 4865 1162 4916 ut
1179 4859 1279 4931 qui
1300 4876 1412 4914 non
1432 4858 1736 4930 essetdign
1748 4875 1814 4913 us
1829 4874 1931 4929 pro

272 4958 407 5029 ipso
428 4970 631 5028 preces
645 4953 849 5009 olferre
872 4951 1138 5007 Domino.
1155 4950 1294 5021 Ejus
1315 4964 1450 5020 ergo
1476 4948 1574 5019 qui
1598 4947 1658 5001 in
1682 4954 1799 5002 tam
1818 4946 1936 5001 alta

271 5043 654 5119 philosophia
666 5046 832 5098 tanta
845 5041 922 5096 sit
936 5037 1221 5095 modestia
1244 5054 1308 5093 ac
1326 5036 1750 5103 moderatione,
1771 5054 1931 5108 quaa-

274 5152 411 5191 nam
429 5134 618 5190 oratio
637 5131 967 5205 possitejus
982 5128 1184 5183 laudes
1201 5143 1302 5198 pro
1326 5126 1611 5198 dignitate
1625 5126 1935 5197 consequi?

348 5226 545 5294 Hujus
575 5222 636 5277 in
660 5221 965 5277 laboribus
994 5216 1389 5288 suscipiendis
1412 5216 1674 5270 studium
1702 5232 1771 5271 ne
1793 5214 1934 5269 varii

274 5314 521 5386 quidem
554 5328 622 5369 ac
648 5308 1006 5382 multiplices
1031 5305 1334 5379 morbiqui
1359 5306 1415 5360 in
1433 5322 1569 5361 eum
1594 5305 1933 5374 incubuere,

274 5400 797 5469 retardarunt;sed
816 5416 949 5455 eum
975 5415 1009 5453 a
1030 5395 1205 5452 variis
1231 5396 1449 5451 morbis
1473 5394 1933 5465 obsideatur,eo-

271 5495 338 5549 sd
349 5510 445 5550 em
462 5492 695 5547 labores
710 5490 976 5546 sustinet.
994 5487 1137 5542 Cum
1156 5485 1355 5541 multis
1370 5490 1567 5541 autem
1582 5502 1732 5555 saepe
1744 5485 1935 5539 verbis

268 5582 428 5655 apud
446 5598 583 5637 eum
606 5580 925 5652 egerimus,
964 5578 1061 5632 vix
1075 5577 1225 5631 hanc
1248 5573 1665 5630 aediﬁcavimus
1685 5576 1937 5629 domun-

269 5671 497 5738 culam,
516 5669 745 5741 corpori
764 5667 934 5741 plane
954 5665 1254 5738 frigefacto
1278 5662 1710 5735 aliquantulum
1727 5662 1939 5718 caloris

268 5757 764 5834 procurantes.Ei
789 5756 961 5813 multi
986 5755 1225 5827 quidem
1250 5752 1441 5810 adhuc
1461 5753 1810 5824 superstites
1837 5770 1937 5808 au-

2116 4683 2304 4749 Atque
2335 4677 2374 4731 ii
2406 4676 2639 4748 quidem
2674 4678 2774 4749 qui
2807 4678 2999 4734 adhuc
3030 4682 3399 4751 superstites,
3451 4685 3689 4758 scriptis

2045 4769 2192 4823 meis
2223 4784 2338 4822 non
2377 4766 2685 4837 indigent;
2732 4772 2982 4838 possunt
3014 4769 3192 4839 enim,
3247 4771 3296 4826 si
3328 4773 3530 4844 velint,
3575 4775 3689 4845 ipsi

2044 4873 2249 4913 eorum
2282 4854 2666 4927 contemplari
2699 4854 3158 4927 philoscphiam.
3202 4859 3458 4917 Posteris
3490 4868 3688 4919 autem

2044 4950 2101 5001 et
2129 4946 2229 5016 qui
2260 4945 2367 5000 hoc
2400 4961 2513 4999 non
2546 4945 2741 4999 videre
2764 4946 3189 5015 spectaculum,
3214 4949 3335 5004 haec
3360 4966 3593 5021 quoque
3615 4953 3688 5007 ad

2046 5052 2219 5090 usum
2243 5033 2568 5102 sufﬁciunt,
2592 5037 2655 5087 ut
2676 5033 3202 5106 qumphilosophiae
3224 5040 3534 5093 ostendant
3553 5040 3688 5095 cha-

2048 5130 2346 5180 racterem.
2380 5124 2485 5178 Hic
2515 5139 2670 5194 ergo,
2704 5127 2760 5178 et
2789 5124 2859 5178 de
2891 5123 2983 5179 bis
3015 5125 3284 5181 absoluta
3322 5126 3602 5196 oratione,
3637 5136 3693 5186 et

2047 5212 2473 5269 benedictionis
2521 5212 2819 5285 postulata
2868 5215 3356 5287 remuneratione,
3411 5218 3479 5272 ad
3515 5218 3690 5277 aliam

2048 5303 2307 5359 transibo
2338 5304 2755 5358 narrationem.

2614 5391 2845 5447 CAPUT
2910 5391 3116 5446 XXVI.

2642 5497 2925 5535 smaouss
2956 5481 3094 5550 (66).

2120 5572 2455 5627 Simeonem
2490 5570 2655 5626 illum
2708 5568 3018 5639 insignem,
3051 5587 3331 5644 magnum
3356 5574 3501 5631 illud
3536 5576 3692 5631 orbis

2049 5666 2340 5717 terrarum
2366 5660 2741 5726 miraculum,
2766 5657 2965 5714 sciunt
2985 5660 3223 5730 quidem
3248 5680 3452 5720 omnes
3476 5665 3578 5735 qui
3601 5682 3695 5736 pa-

2052 5755 2182 5808 rent
2196 5750 2439 5822 imperio
2455 5750 2854 5806 Romanorum
2881 5754 3126 5817 ;norunt
3139 5769 3209 5807 au
3221 5755 3335 5809 tem
3351 5754 3534 5809 Persae
3549 5769 3693 5825 quo-
