4218 6348
486 356 558 410 99

1670 355 1766 409 DE
1808 354 1994 408 VITIS
2028 353 2327 407 PATRUM
2362 351 2578 406 LIBER
2616 350 2718 407 IX.

3794 353 3905 411 100

482 500 596 556 que
625 488 682 541 et
732 484 880 553 Indi,
914 487 972 539 et
1001 481 1336 555 Ethiopes;
1372 480 1512 554 quin
1552 479 1729 536 etiam
1760 478 1831 534 ad
1882 478 2131 552 Scythas
2160 478 2216 545 Α
2244 477 2379 533 dam
2411 475 2836 534 monachorum
2866 474 3025 532 venit
3053 474 3480 535 habitaculum.
3514 477 3758 538 Duobus
3790 498 3901 539 au-

482 573 963 646 usquenomadas
976 573 1132 627 fama
1146 567 2008 643 pervadens,ejusinlaboribus
2021 568 2133 622 sub

480 663 692 719 eundis
723 662 1088 733 diligentiam
1112 660 1312 716 docuit
1331 664 1389 715 et
1412 658 1866 730 philosophiam.
1894 661 2005 727 Ego
2029 673 2132 711 au-

482 760 593 809 tem
617 752 794 808 etiam
822 768 951 807 cum
972 767 1199 819 omnes,
1230 755 1295 804 ut
1319 748 1502 805 semel
1526 749 1739 817 dicam,
1756 747 2026 802 homines
2046 751 2131 801 te-

482 847 601 896 stes
630 841 897 905 habeam,
923 855 1119 894 vereor
1140 853 1377 893 narrare
1401 836 1724 893 certamina
1746 852 1873 907 quae
1897 851 2129 891 omnem

479 928 1092 1003 superantorationem
1105 928 1205 999 ,{ne
1219 927 1469 998 posteris
1482 926 1747 981 videatur
1759 925 1958 980 fabula
1972 926 2132 980 nuda

476 1019 547 1073 ab
566 1017 725 1073 omni
750 1017 1009 1072 veritate.
1035 1018 1170 1081 Quae
1193 1015 1350 1070 enim
1374 1015 1545 1082 fiunt,
1573 1014 1835 1069 humana
1866 1019 2005 1070 sunt
2027 1031 2131 1069 na-

472 1113 604 1162 tura
633 1106 963 1178 superiora,
996 1104 1191 1160 solent
1220 1108 1419 1159 autem
1453 1103 1723 1159 homines
1760 1107 1971 1158 natura
2005 1119 2127 1157 me-

472 1196 564 1251 tiri
581 1212 785 1265 eaquas
802 1196 1102 1249 dicuntur.
1125 1194 1181 1247 Si
1198 1193 1338 1265 quid
1355 1194 1804 1265 autemdicatur
1820 1192 1975 1263 quod
1996 1192 2126 1263 ejus

469 1286 710 1341 excedat
732 1284 970 1350 fimites,
997 1284 1146 1339 falsa
1159 1283 1393 1338 videtur
1414 1282 1601 1339 oratio
1625 1270 1698 1337 iis
1720 1282 1819 1353 qui
1847 1298 1961 1337 non
1987 1284 2128 1337 sunt

477 1374 694 1429 divinis
713 1372 929 1428 initiati
948 1372 1260 1445 mysteriis.
1277 1372 1562 1438 Quoniam
1579 1377 1776 1427 autem
1797 1370 1907 1442 piis
1925 1375 2128 1426 etvera

471 1465 747 1537 religione
762 1462 1021 1535 praeditis
1036 1470 1191 1518 terra
1202 1467 1259 1519 et
1274 1478 1427 1517 mare
1441 1461 1953 1532 plenasunt,etqui
1968 1461 2025 1517 in
2041 1477 2128 1516 re-

473 1553 583 1606 bus
606 1551 824 1606 divinis
837 1554 979 1605 sunt
1000 1550 1234 1617 eruditi,
1251 1553 1306 1605 et
1320 1548 1683 1605 sanctissimi
1708 1549 1964 1621 Spiritus
1986 1565 2120 1621 gra-

469 1643 612 1697 tiam
636 1658 929 1713 accepere,
950 1645 1177 1695 tantum
1202 1642 1370 1695 abest
1393 1645 1455 1695 ut
1478 1656 1590 1695 non
1621 1640 1865 1695 credant
1886 1639 1959 1694 iis
1995 1656 2125 1711 quae

468 1732 713 1786 dicenda
743 1735 904 1797 sunt,
940 1735 1005 1785 ut
1040 1730 1110 1785 iis
1141 1730 1317 1785 etiam
1350 1745 1623 1801 magnam
1658 1729 1835 1783 ﬁdem
1868 1728 1989 1783 sint
2021 1729 2124 1784 ba-

2244 572 2358 622 tem
2382 566 2552 623 annis
2575 583 2705 623 cum
2729 564 2849 621 illis
2870 569 3160 633 versatus,
3192 570 3249 621 et
3271 567 3635 638 perfectioris
3655 570 3899 629 virtutis

2240 672 2436 712 amore
2468 662 2695 728 captus,
2725 654 2883 711 venit
2903 654 2974 710 ad
3001 655 3191 710 vicum
3215 654 3383 711 illum
3404 656 3699 730 Teledam,
3724 661 3897 731 cujus

2238 745 2403 817 prius
2430 762 2657 817 quoque
2690 744 3091 809 meminimus,
3111 745 3265 816 apud
3290 762 3466 818 quem
3493 748 3689 819 magni
3722 750 3894 805 etdi-

2235 835 2353 890 vini
2384 834 2492 889 viri
2525 835 2875 890 Ammianus
2914 838 2972 889 et
3002 835 3291 889 Eusebius
3336 835 3671 906 palaestram
3706 838 3895 896 fecere

2238 926 2642 980 monasticam.
2675 924 2783 979 Sed
2816 940 2932 979 non
2964 922 3123 979 venit
3151 924 3210 977 in
3237 923 3389 980 hanc
3419 925 3654 982 divinus
3675 928 3896 984 Simeo-

2237 1030 2361 1082 nes,
2394 1015 2494 1070 sed
2522 1014 2583 1069 in
2615 1014 2791 1069 aliam
2823 1028 2953 1085 quae
2984 1030 3052 1068 ex
3079 1012 3188 1068 hac
3209 1014 3599 1085 germinavit:
3628 1017 3891 1074 Eusebo-

2236 1120 2341 1158 nas
2372 1103 2528 1159 enim
2556 1108 2611 1160 et
2640 1103 2850 1158 Abiton
2884 1103 2999 1175 (67)
3020 1118 3156 1158 cum
3188 1104 3389 1175 magni
3419 1105 3656 1161 Eusebii
3679 1107 3893 1164 doctri-

2235 1210 2370 1248 nam
2393 1193 2540 1248 satis
2563 1193 2985 1265 percepissent,
3017 1191 3124 1247 hoc
3156 1191 3543 1264 philosophias
3565 1196 3893 1253 mdificave-

2233 1298 2293 1337 re
2323 1281 2719 1355 gymnasium.
2744 1281 2890 1337 Cum
2922 1281 3121 1353 itaque
3145 1284 3265 1337 toto
3296 1282 3423 1337 vitae
3446 1287 3710 1355 tempore
3744 1286 3889 1343 fuis-

2233 1377 2431 1428 sentet
2444 1372 2659 1428 animis
2674 1371 2992 1428 concordes
3006 1376 3062 1426 et
3083 1370 3371 1442 moribus,
3387 1376 3466 1442 et,
3486 1372 3669 1430 veluti
3702 1391 3885 1431 unam

2232 1462 2489 1517 animam
2524 1461 2923 1517 ostendissent
2951 1460 3012 1515 in
3044 1460 3278 1515 duobus
3309 1461 3676 1532 corporibus,
3728 1464 3888 1520 mul-

2228 1557 2321 1607 tos
2335 1550 2778 1622 habueruntqui
2792 1550 3060 1619 ejusdem
3074 1550 3202 1604 vita:
3217 1549 3575 1607 tenebantur
3590 1566 3811 1610 amore.

2300 1645 2443 1699 Cum
2478 1643 2513 1697 ii
2545 1646 2739 1698 autem
2772 1658 2840 1696 ex
2872 1641 2981 1697 hac
3016 1640 3136 1696 vita
3166 1639 3421 1713 gloriose
3464 1643 3884 1711 excessissent,

2226 1733 2572 1789 Heliodorus
2605 1732 2717 1804 (68)
2736 1731 3120 1786 admirandus
3141 1747 3384 1786 suorum
3409 1731 3700 1788 sodalium
3726 1750 3890 1790 acce-

466 1821 686 1875 hituri:
715 1824 989 1892 prompto
1021 1823 1078 1874 et
1119 1819 1297 1875 alacri
1331 1819 1532 1874 animo
1564 1819 1837 1873 accedam
1872 1820 1943 1874 ad
1975 1834 2113 1874 nar-
2144 1845 2193 1911 B
2227 1823 2731 1895 pitprasfecturam
2754 1820 3033 1892 :quicum
3050 1819 3294 1875 vixisset
3320 1820 3622 1892 sexaginta
3637 1823 3888 1893 etquin-

464 1911 769 1967 rationem.
805 1910 974 1968 Illinc
1023 1913 1223 1965 autem
1274 1910 1551 1981 incipiam
1591 1910 1748 1964 unde
1795 1909 1974 1965 etiam
2012 1925 2115 1964 su-

468 2017 647 2073 perna
678 2001 954 2071 dignatus
985 2002 1075 2054 est
1109 1998 1433 2053 vocatione.

539 2090 637 2144 Est
664 2088 903 2160 quidam
930 2087 1093 2143 vicus
1125 2087 1277 2143 situs
1306 2088 1364 2142 in
1398 2086 1653 2142 confinio
1685 2090 1902 2142 nostrae
1930 2086 2116 2158 regio-

465 2179 905 2245 nisetCilicum,
934 2194 1066 2232 eum
1096 2183 1294 2233 autem
1320 2179 1523 2233 Sesam
1552 2177 1877 2232 nominant.
1905 2176 1986 2230 Ex
2010 2176 2118 2231 hoc

462 2274 626 2324 ortus
650 2266 839 2339 primo
862 2284 895 2321 a
917 2265 1594 2337 parentibusidocebatur
1615 2282 1752 2322 oves
1773 2280 2033 2337 pascere,
2050 2269 2117 2321 ut

460 2358 519 2412 in
553 2359 662 2413 hoc
694 2356 944 2412 conferri
977 2356 1165 2428 possit
1194 2372 1326 2411 cum
1352 2356 1583 2428 magnis
1613 2356 1775 2425 viris,
1806 2356 1989 2411 Jacob
2012 2374 2113 2427 pa-

461 2446 739 2512 triarcha,
771 2445 991 2517 Joseph
1026 2450 1413 2517 temperante,
1446 2451 1503 2500 et
1529 2449 1723 2518 Moyse
1754 2445 2113 2517 legislatore,

458 2542 515 2593 et
557 2537 735 2593 David
768 2552 901 2608 rege
931 2540 990 2591 et
1016 2535 1320 2607 propheta,
1349 2540 1407 2591 et
1436 2535 1674 2592 Michrea
1720 2536 2023 2609 propheta,
2057 2541 2113 2593 et

456 2626 597 2682 viris
628 2625 843 2681 divinis
876 2625 974 2697 qui
1009 2624 1128 2680 illis
1159 2625 1321 2681 fuere
1349 2625 1597 2681 similes.
1623 2625 1764 2681 Cum
1795 2626 2111 2697 aliquando

460 2720 657 2771 autem
691 2714 1013 2786 plurimum
1049 2714 1337 2770 ninxisset
1367 2717 1409 2784 ¹,
1441 2719 1498 2769 et
1520 2718 1728 2770 coactas
1752 2723 1945 2771 essent
1976 2732 2110 2771 oves

461 2806 621 2860 intus
641 2820 897 2872 manere,
922 2804 1073 2857 facta
1094 2803 1143 2858 ei
1171 2807 1458 2873 potestate
1480 2803 1842 2873 quiescendi,
1866 2804 1935 2858 ad
1962 2809 2109 2859 tem-

452 2893 613 2967 plum
647 2894 910 2949 divinum
953 2892 1111 2947 venit
1139 2909 1274 2947 cum
1318 2892 1684 2964 parentibus.
1738 2895 1863 2948 llaec
1911 2899 2105 2949 autem

457 2986 792 3039 narrantem
809 2982 1001 3037 audivi
1027 2986 1289 3037 sanetam
1315 2982 1600 3054 linguam.
1627 2982 2013 3054 Dicebatergo
2044 2999 2107 3038 se

451 3089 648 3129 vocem
678 3072 976 3129 audivisse
1006 3071 1420 3143 evangelicam,
1455 3088 1579 3144 quas
1612 3088 1710 3128 eos
1741 3073 1977 3143 quidem
2002 3075 2099 3145 qui

451 3163 591 3218 ﬂent
612 3161 875 3233 etlugent
908 3162 1107 3216 beatos
1124 3161 1485 3233 pronuntiat,
1510 3162 1759 3217 miseros
1783 3166 1978 3218 autem
1993 3180 2096 3218 vo-

447 3257 542 3309 cat
572 3269 671 3308 eos
693 3252 795 3324 qui
825 3251 1038 3320 rident,
1071 3256 1127 3306 et
1157 3268 1254 3306 eos
1287 3250 1551 3306 nominat
1591 3251 1788 3306 felices
1820 3252 1919 3321 qui
1952 3257 2096 3308 sunt

446 3344 669 3398 mundo
701 3342 874 3397 corde
906 3341 1156 3413 praediti,
1185 3345 1242 3395 et
1272 3340 1387 3396 alia
1413 3357 1541 3412 quae
1565 3345 1705 3396 sunt
1728 3341 2096 3397 hisconnexa

442 3432 629 3505 (Muth.
675 3431 756 3501 v).
804 3429 1028 3487 Deinde
1081 3429 1252 3484 exiis
1302 3429 1400 3501 qui
1433 3430 1677 3484 aderant
1705 3429 2097 3502 interrogasse

438 3522 776 3594 quempiam
802 3520 1083 3592 quidnam
1111 3519 1311 3575 fecerit
1332 3518 1545 3590 aliquis
1568 3519 1852 3575 uthorum
1880 3536 2092 3575 unum.

440 3612 719 3683 quodque
733 3609 1504 3679 consequatur?eumautem
1522 3607 1604 3662 illi
1621 3608 1795 3663 vitam
1811 3608 2093 3664 retulisse

447 3699 800 3767 solitariam,
844 3702 901 3755 et
933 3714 1231 3754 summam
1263 3696 1426 3753 illam
1466 3698 1795 3754 ostendisse
1828 3698 2092 3771 philoso-

444 3790 668 3863 phiam.

509 3882 654 3937 Cum
686 3895 823 3951 ergo
850 3878 1009 3935 verbi
1033 3876 1215 3934 divini
1240 3877 1360 3932 haec
1383 3876 1741 3948 suscepisset
1763 3877 2012 3945 semina,
2033 3882 2089 3933 et

434 3971 742 4044 profundis
764 3968 1245 4024 animaasulcisea
1269 3966 1513 4039 pulchre
1536 3967 1910 4037 occuluisset,
1935 3966 2087 4023 dicc-

432 4062 535 4115 bat
564 4077 626 4115 se
656 4058 831 4113 ivisse
862 4058 920 4112 in
946 4056 1272 4128 proximam
1296 4057 1479 4110 tndem
1503 4061 1845 4111 sanctorum
1870 4062 2089 4129 marty-

432 4166 563 4205 rum
591 4166 604 4217 ',
641 4148 701 4202 in
725 4164 792 4201 ea
820 4150 1015 4201 autem
1038 4149 1095 4199 et
1125 4161 1313 4217 genua
1335 4148 1393 4200 et
1425 4145 1669 4199 frontem
1705 4145 1763 4199 in
1788 4146 1911 4201 solo
1935 4147 2085 4201 defi-

428 4238 607 4305 xisse,
631 4240 687 4291 et
704 4252 839 4290 eum
864 4249 1102 4305 rogasse
1121 4232 1222 4304 qui
1242 4232 1367 4288 vult
1383 4250 1587 4288 omnes
1607 4232 1878 4290 homines
1895 4234 2087 4291 salvos

429 4331 622 4383 facere
656 4324 700 4397 (ι
733 4326 866 4379 Tim.
900 4324 987 4394 ιι),
1038 4327 1103 4377 ut
1132 4339 1266 4378 eum
1316 4323 1567 4378 deducat
1602 4323 1673 4378 ad
1706 4323 1858 4378 viam
1894 4325 2084 4395 perfe-

430 4422 581 4472 ctam
608 4414 842 4485 pietatis
874 4418 1085 4467 etveras
1107 4412 1427 4483 religionis.
1461 4414 1604 4468 Cum
1621 4415 1818 4468 autem
1835 4412 1942 4469 hoc
1968 4430 2086 4470 mo-

433 4509 507 4563 do
525 4505 624 4561 diu
640 4507 795 4560 esset
810 4501 1330 4572 moratus,dulcem
1347 4502 1585 4572 quidem
1602 4519 1875 4558 somnum
1891 4520 2087 4575 quem-

2224 1929 2339 1985 que
2369 1928 2575 1977 annos,
2607 1910 2911 1982 sexaginta
2940 1915 2999 1965 et
3028 1910 3177 1964 duos
3210 1926 3398 1965 annos
3429 1910 3590 1968 intus
3611 1911 3884 1968 inclusus

2223 2001 2525 2069 transegit.
2549 2002 2694 2057 Cum
2718 2000 2872 2055 enim
2897 2003 3015 2054 tres
3039 2015 3228 2054 annos
3255 1999 3413 2070 apud
3434 2016 3576 2056 suos
3597 2006 3879 2072 parentes

2224 2091 2435 2147 fuisset
2458 2090 2609 2145 849
2634 2090 2937 2158 educatus,
2967 2087 3123 2143 hunc
3146 2104 3383 2160 gregem
3425 2092 3515 2145 est
3542 2088 3877 2162 ingressus,

2222 2198 2355 2237 cum
2386 2180 2531 2236 nihil
2575 2196 2836 2251 unquam
2869 2179 3196 2251 aspexisset
3225 2196 3430 2235 eorum
3464 2196 3594 2251 qua
3626 2180 3785 2236 fiunt
3816 2180 3879 2236 in

2221 2271 2464 2326 mundo.
2495 2270 2727 2326 Dicebat
2756 2272 2955 2324 autem
2983 2285 3044 2323 se
3076 2285 3149 2323 ne
3198 2268 3386 2339 ipsam
3418 2269 3669 2339 quidem
3702 2286 3883 2326 nosse

2219 2360 2468 2417 formam
2492 2375 2828 2432 porcorum,
2848 2358 2935 2414 vel
2954 2357 3269 2429 gallorum,
3291 2357 3379 2413 vel
3395 2356 3641 2413 aliorum
3659 2358 3877 2430 hujus—

2222 2451 2400 2506 modi.
2432 2451 2580 2505 Eum
2611 2465 2716 2521 ego
2740 2464 2891 2520 saepe
2912 2447 3054 2517 vidi,
3084 2450 3142 2502 et
3162 2446 3605 2519 simplicitatem
3636 2464 3873 2505 morum

2218 2557 2351 2597 sum
2385 2539 2733 2605 admiratus,
2767 2542 2826 2593 et
2864 2537 2993 2608 ejus
3024 2536 3208 2591 animi
3240 2536 3557 2608 puritatem
3590 2552 3725 2592 sum
3758 2536 3873 2593 mi-

2219 2646 2351 2684 rum
2383 2630 2441 2684 in
2474 2629 2710 2684 modum
2738 2629 3063 2699 amplexus.

2288 2718 2430 2773 Cum
2446 2719 2515 2773 ad
2535 2718 2691 2772 hunc
2703 2716 2962 2772 venisset
2975 2714 3067 2770 hic
3089 2713 3616 2785 pmstantissimus
3630 2713 3875 2786 pietatis

2215 2807 2455 2877 athleta,
2501 2809 2698 2862 decem
2732 2805 2971 2878 quidem
2991 2821 3179 2860 annos
3198 2808 3510 2876 perpetuos
3531 2804 3872 2862 decertavit.

2212 2899 2356 2954 Cum
2390 2900 2585 2952 autem
2618 2894 2859 2950 haberet
2891 2893 3187 2961 octoginta
3216 2892 3478 2963 ejusdem
3513 2891 3859 2949 certaminis

2214 2987 2428 3055 socios,
2468 3001 2675 3041 omnes
2708 2985 2880 3055 longo
2910 2979 3222 3036 intervallo
3272 2981 3591 3052 superavit.
3627 2984 3694 3034 Et
3723 2996 3861 3036 cum

2212 3075 2310 3132 alii
2346 3080 2476 3148 post
2505 3075 2756 3129 duorum
2778 3072 3006 3127 dierum
3034 3070 3290 3142 spatium
3312 3075 3707 3136 vescerentur,
3735 3069 3867 3141 ipse

2208 3169 2393 3221 totam
2428 3163 2859 3219 hebdomadam
2890 3158 3273 3233 permanebat
3295 3160 3563 3229 jejunus,
3595 3174 3743 3229 aegre
3778 3160 3863 3214 fe-

2207 3254 2474 3309 rentibus
2506 3250 2877 3324 praesidibus,
2910 3255 2966 3305 et
2992 3265 3129 3306 cum
3163 3264 3229 3303 eo
3260 3246 3773 3314 contendentibus,
3804 3251 3863 3302 et

2202 3342 2425 3399 ordinis
2456 3340 2924 3414 pertuhationem
2956 3354 3086 3394 eam
3121 3354 3242 3394 rem
3274 3336 3643 3399 vocantibus.
3674 3336 3747 3391 iis
3774 3340 3859 3391 ta-

2201 3449 2334 3487 men
2358 3448 2484 3502 quaa
2515 3429 2863 3485 dicebantur
2891 3443 3007 3482 non
3041 3423 3555 3498 persuadentibus,
3588 3440 3694 3479 nec
3725 3423 3855 3479 ani-

2200 3521 2280 3577 mi
2312 3520 2671 3577 alacritatem
2706 3518 2999 3573 refrenare
3029 3514 3384 3571 valentibus.

2266 3611 2474 3667 Audivi
2491 3607 3083 3679 autemillumipsum
3107 3608 3448 3660 narrantem
3476 3602 3575 3675 qui
3596 3619 3751 3658 nunc
3767 3613 3855 3659 est

2196 3702 2375 3771 hujus
2399 3700 2593 3773 gregis
2616 3699 2943 3769 praefectus,
2969 3696 3125 3768 quod
3149 3710 3284 3749 cum
3308 3693 3625 3765 aliquando
3650 3693 3852 3749 funem

2196 3795 2528 3847 contextum
2579 3806 2648 3844 ex
2696 3786 3073 3859 palmis-(est
3128 3788 3327 3839 autem
3379 3782 3430 3838 is
3458 3783 3851 3854 asperrimus)

2194 3880 2571 3951 sumpsisset,
2594 3882 2652 3933 et
2675 3876 2950 3931 manibus
2972 3873 3438 3942 astrinxisset,eo
3460 3871 3697 3929 lumbos
3717 3888 3850 3927 suc-

2195 3970 2397 4035 cinxit,
2431 3985 2545 4023 non
2576 3982 2876 4039 apponens
2899 3963 3407 4031 extrinsecus,sed
3439 3961 3552 4032 ipsi
3576 3960 3716 4031 pelli
3742 3977 3849 4032 ap-

2196 4060 2420 4134 plicans
2445 4078 2459 4127 ;
2488 4065 2546 4113 et
2577 4063 2699 4111 tam
2733 4059 2890 4111 arcte
2919 4052 3291 4127 compressit,
3325 4055 3391 4106 ut
3420 4053 3541 4106 tota
3573 4049 3674 4105 illa
3704 4067 3845 4122 pars

2191 4149 2284 4205 cui
2341 4150 2530 4204 fuerat
2576 4145 2915 4217 impositus,
2958 4141 3341 4199 circumcirca
3384 4139 3846 4196 exulceraretur.

2193 4240 2506 4309 Postquam
2540 4240 2736 4291 autem
2768 4232 2904 4306 plus
2938 4249 3115 4305 quam
3141 4232 3340 4287 decem
3372 4230 3499 4286 dies
3530 4229 3641 4285 hoc
3670 4229 3848 4285 modo

2189 4326 2594 4399 transegisset,
2609 4330 2664 4380 et
2678 4323 2847 4379 ulcus
2862 4321 3480 4395 quodincrudescebat
3492 4323 3689 4392 guttas
3702 4336 3845 4375 san-

2190 4416 2384 4488 guinis
2398 4412 2941 4484 emitteret,rogavit
2954 4412 3195 4483 quidam
3214 4410 3315 4482 qui
3330 4408 3846 4479 hocvideratquee-

2190 4523 2327 4562 nam
2350 4509 2505 4562 esset
2545 4520 2722 4560 causa
2744 4501 3079 4574 sanguinis.
3125 4504 3274 4556 Cum
3298 4499 3350 4554 is
3389 4501 3587 4554 autem
3618 4498 3844 4554 diceret

432 4597 566 4651 dam
601 4592 712 4649 sibi
744 4590 1099 4662 Obrepsisse,
1132 4590 1247 4647 tale
1279 4596 1473 4646 autem
1525 4591 1742 4647 vidisse
1775 4594 2072 4649 somnium
2105 4577 2152 4638 D
2184 4595 2331 4651 nihil
2353 4611 2482 4652 esse
2505 4593 2657 4665 quod
2677 4594 2727 4648 ei
2750 4588 3495 4659 alferretmolestiam,ejus
3517 4587 3715 4643 socius
3736 4602 3844 4659 per

428 4682 590 4751 Mihi,
613 4681 826 4753 inquit,
847 4680 1088 4735 videbar
1104 4681 1297 4736 fodere
1312 4680 1722 4751 fundamenta;
1747 4682 1954 4738 deinde
1971 4701 2074 4739 au-

428 4770 824 4843 direaliquem
841 4773 1158 4836 astantem,
1190 4770 1347 4841 quod
1383 4785 1475 4825 me
1494 4772 2072 4840 oporteatfossamfa-

424 4877 553 4917 cere
576 4859 1038 4932 profundiorem.
1066 4860 1418 4929 Cumitaque
1441 4859 1785 4929 adjecissem
1814 4863 2073 4933 utjussit

424 4950 815 5019 altitudinem,
837 4964 1041 5003 rursus
1060 4948 1358 5003 tentabam
1375 4947 1699 5018 quiescere;
1714 4951 1814 5005 sed
1831 4967 1922 5007 me
1935 4970 2074 5024 quo-

424 5057 539 5113 que
571 5056 778 5095 rursus
801 5037 1052 5109 jubebat
1081 5038 1296 5103 fodere,
1330 5040 1386 5091 et
1410 5054 1522 5092 non
1546 5053 1775 5094 cessare
1797 5056 1829 5094 a
1849 5039 2067 5097 labore.

425 5130 569 5185 Cum
600 5133 793 5184 autem
826 5127 936 5183 hoc
968 5126 1114 5181 mihi
1146 5131 1235 5181 ter
1264 5130 1322 5181 et
1354 5130 1563 5198 quater
1592 5129 1965 5199 precepisset
1989 5132 2071 5186 fa-

422 5234 575 5286 cere,
591 5218 828 5273 tandem
855 5216 1001 5271 dixit
1021 5233 1148 5271 eam
1166 5216 1434 5270 sufficere
1457 5215 1853 5288 altitudinem,
1869 5222 2070 5291 etjus-

425 5308 501 5363 sit
526 5306 815 5362 aedificare
839 5305 1114 5377 deinceps
1138 5304 1299 5360 nullo
1323 5304 1541 5374 labore,
1559 5311 1733 5377 upote
1757 5310 1911 5378 quod
1936 5327 2067 5366 cum

424 5400 714 5452 cessasset
733 5394 918 5463 labor,
953 5396 1145 5451 futura
1164 5411 1399 5468 quoque
1421 5400 1575 5449 esset
1596 5397 1902 5454 aedificatio
1926 5401 2070 5457 citra

423 5486 706 5542 laborem.
740 5482 886 5538 Huic
918 5484 1279 5553 praedictioni
1302 5500 1392 5539 res
1422 5483 1615 5539 ferunt
1640 5487 2065 5545 testimonium.

425 5578 505 5632 Ea
534 5573 693 5630 enim
724 5590 853 5644 qnze
884 5571 1031 5627 fiunt
1079 5574 1397 5629 humanam
1449 5578 1720 5629 naturam
1759 5579 2065 5635 excedunt.

496 5666 640 5718 Cum
655 5660 816 5715 illinc
829 5660 1196 5728 surrexisset,
1213 5661 1281 5714 ad
1298 5660 1763 5733 propinquorum
1787 5682 2067 5737 quorum-

497 5764 517 5800 ³
542 5759 686 5820 Male
715 5758 1072 5832 impressum
1096 5761 1251 5826 ante,
1283 5757 1618 5832 navigasset.

2183 4687 2300 4744 vim
2330 4690 2644 4741 etmanum
2688 4680 2957 4746 immisit,
2980 4684 3038 4735 et
3058 4695 3300 4736 causam
3342 4676 3574 4747 didicit,
3616 4680 3674 4732 et
3702 4692 3837 4731 eam

2182 4776 2447 4849 praefecto
2479 4770 2856 4829 renuntiavit.
2882 4773 3009 4824 Mox
3025 4784 3163 4841 ergo
3185 4768 3522 4838 increpans,
3538 4769 3597 4821 et
3618 4781 3841 4836 rogans

2180 4871 2238 4921 et
2262 4864 2345 4921 rei
2371 4861 2776 4919 crudelitatem
2801 4856 3372 4931 reprehendens,vix
3398 4854 3483 4910 illi
3510 4853 3683 4910 solvit
3703 4853 3835 4908 vin-

2178 4954 2402 5021 culum,
2428 4952 2527 5008 sed
2556 4966 2662 5006 nec
2684 4949 2769 5005 sic
2792 4946 3089 5019 persuasit
3115 4950 3183 5001 ut
3203 4944 3288 5000 illi
3322 4943 3501 5001 ulceri
3526 4942 3706 4998 ullam
3736 4942 3837 4997 ad-

2181 5044 2353 5099 hiber
2373 5047 2432 5097 et
2457 5039 2667 5096 medici
2679 5054 2835 5093 nam.
2856 5038 3032 5092 Porro
3047 5040 3243 5091 autem
3261 5048 3543 5090 eumeum
3568 5033 3841 5089 viderent

2180 5134 2368 5189 facere
2398 5132 2515 5187 alia
2545 5126 3190 5201 ejusmodi,jusserunt
3223 5130 3285 5179 ut
3316 5123 3389 5179 ab
3422 5121 3526 5178 illa
3554 5121 3837 5193 palaestra

2180 5223 2495 5287 recederet,
2530 5236 2602 5275 ne
2630 5219 2704 5273 iis
2736 5217 2835 5288 qui
2868 5219 3033 5272 erant
3062 5230 3301 5286 corpore
3333 5210 3728 5280 imbecilliori,
3764 5224 3836 5263 ea

2182 5328 2309 5384 quae
2328 5314 2527 5366 essent
2552 5324 2735 5379 supra
2755 5305 2908 5362 vires
2934 5303 3200 5359 aemulari
3228 5301 3603 5369 conantibus,
3624 5299 3832 5354 damni

2180 5416 2358 5457 causa
2388 5399 2574 5454 ﬁeret.

2248 5493 2528 5560 Egressus
2550 5502 2687 5557 ergo
2709 5501 2842 5540 cum
2863 5483 3120 5540 venisset
3150 5480 3223 5536 ad
3256 5478 3470 5535 montis
3490 5477 3619 5533 loca
3642 5476 3837 5547 magis

2179 5578 2460 5646 solitaria,
2492 5581 2550 5632 et
2579 5575 2893 5648 quemdam
2926 5575 3053 5628 sine
3084 5587 3239 5642 aqua
3270 5570 3462 5626 lacum
3512 5584 3628 5622 non
3658 5564 3833 5622 valde

2178 5667 2533 5742 profundum
2564 5664 2904 5731 invenisset,
2939 5663 2995 5717 in
3027 5677 3162 5717 eum
3190 5659 3451 5731 seipsum
3483 5655 3745 5726 demisit,
3768 5659 3828 5712 et
