4180 6338
236 357 334 413 101

1382 356 1857 422 PHILOTHEUS,
1898 368 2024 409 srvs
2060 356 2528 413 THEOPHILES.

3558 362 3661 417 102

228 481 288 538 in
314 496 386 537 eo
418 480 540 537 Deo
571 478 856 537 oﬂ'erebat
885 478 1293 553 hymuodiam.
1318 477 1674 535 Pcsnitentia
1699 481 1895 534 autem
1926 478 1981 545 Α
2010 478 2189 549 vires,
2235 479 2556 551 cogebatur
2594 480 2790 551 jacere
2849 481 3288 541 semimortuus.
3344 489 3656 557 Postquam

233 570 398 625 ducti
427 569 595 624 illius
627 568 917 641 palaestrae
948 568 1225 641 praefecti,
1260 569 1405 624 duos
1438 569 1725 640 quosdam
1759 568 1896 623 emi-

233 663 466 725 serunt,
504 658 921 730 permittentes
953 661 1021 712 ut
1067 674 1200 713 eum
1244 662 1574 728 quaererent
1622 662 1679 712 et
1728 658 1900 712 duce-

237 752 388 803 rent.
419 747 571 802 Cum
602 746 801 818 itaque
840 746 877 801 ii
912 750 1174 801 montem
1208 747 1581 815 circuissent,
1618 751 1901 818 rogarunt

238 837 533 909 quosdam
586 836 686 907 qui
716 835 839 891 illic
871 836 1197 908 pascebant
1230 851 1439 907 pecora
1482 853 1556 891 an
1607 836 1899 891 vidissent

265 926 533 998 aliquem
566 927 669 980 tali
702 925 894 981 colore
953 926 1290 997 praeditum,
1348 931 1405 980 et
1461 926 1545 981 sic
1594 925 1896 981 vestitum.

244 1015 353 1071 Ubi
388 1020 590 1070 autem
618 1013 812 1070 lacum
848 1020 1113 1086 pastores
1146 1014 1553 1080 ostenderunt,
1578 1013 1743 1069 valde
1763 1013 1897 1085 qui-

242 1106 380 1160 dem
414 1106 618 1161 statim
638 1103 1133 1173 exclamaverunt,
1159 1104 1295 1159 fune
1327 1112 1520 1159 autem
1543 1102 1742 1169 allato,
1763 1121 1897 1159 eum

240 1212 379 1251 cum
395 1211 607 1265 magno
637 1193 836 1249 labore
862 1198 1278 1261 extraxerunt;
1315 1197 1537 1249 nonest
1567 1193 1719 1249 enim
1737 1210 1899 1266 aeque

243 1284 437 1340 facilis
469 1300 754 1339 ascensus
794 1287 969 1355 atque
1002 1284 1347 1339 descensus.

309 1384 462 1438 Cum
481 1382 679 1454 itaque
701 1399 880 1453 parvo
903 1386 1165 1454 tempore
1189 1382 1345 1454 apud
1375 1380 1505 1437 illos
1528 1385 1684 1437 esset
1709 1398 1897 1438 mora-

241 1479 359 1534 tus,
377 1472 542 1527 venit
561 1470 619 1526 in
636 1471 828 1526 vicum
842 1471 1250 1541 Telanessum,
1266 1472 1531 1542 subjeetu
1544 1488 1596 1525 m
1610 1470 1900 1527 cacumini

237 1562 470 1617 montis
502 1562 561 1615 in
596 1577 711 1632 quo
742 1577 900 1616 nunc
930 1561 1108 1633 degit.
1147 1561 1211 1615 In
1245 1577 1310 1616 eo
1344 1578 1478 1616 cum
1521 1577 1754 1631 parvam
1807 1561 1899 1615 in-

237 1652 503 1705 venisset
520 1648 1083 1715 domunculam,tres
1099 1666 1285 1706 annos
1300 1650 1588 1721 transegit
1613 1648 1896 1705 inclusus.

312 1753 462 1807 Cum
496 1755 694 1805 autem
727 1750 1106 1805 contenderet
1136 1750 1372 1805 virtutis
1403 1766 1615 1821 augere
1639 1750 1895 1817 divitias,

241 1838 611 1896 desideravit
651 1838 923 1893 similiter
953 1855 1019 1893 ac
1058 1839 1241 1893 divini
1285 1839 1557 1895 homines
1591 1842 1816 1909 Moyses
1846 1843 1902 1895 et

243 1930 428 1995 Elias,
452 1929 703 2000 jejunus
733 1943 1075 1998 permanere
1121 1928 1515 2000 quadraginta
1564 1928 1769 1983 diebus
1800 1946 1813 1997 ;
1847 1934 1903 1983 et

241 2017 586 2074 admirabili
613 2018 791 2073 Basso
816 2022 1065 2073 conatur
1090 2018 1467 2089 persuadere,
1493 2016 1905 2090 quituncmul-

240 2115 334 2163 tos
368 2107 518 2163 obiit
546 2107 728 2171 vicos,
758 2110 815 2163 et
846 2108 945 2179 qui
976 2110 1253 2178 praeesset
1283 2106 1355 2163 iis
1386 2107 1483 2179 qui
1516 2112 1681 2162 erant
1711 2106 1769 2162 in
1804 2125 1902 2180 pa-

241 2198 335 2269 gis
362 2197 798 2266 sacerdotibus,
823 2200 889 2250 ut
926 2196 1073 2251 nihil
1107 2197 1342 2268 quidem
1376 2196 1539 2252 intus
1587 2196 1900 2268 relinquat,

237 2287 364 2343 luto
400 2291 600 2341 autem
634 2285 849 2341 ostium
885 2286 1114 2341 obruat.
1149 2289 1288 2341 Cum
1316 2284 1363 2341 is
1396 2290 1594 2341 autem
1621 2286 1701 2340 rei
1725 2287 1901 2341 refer-

238 2382 332 2432 ret
364 2374 802 2443 difficultatem,
829 2378 888 2430 et
918 2380 1179 2430 moneret
1211 2392 1282 2431 ne
1306 2375 1620 2431 violentam
1653 2381 1900 2431 mortem

238 2464 606 2521 existimaret
621 2481 747 2520 esse
770 2463 1069 2531 virtutem,
1094 2468 1183 2519 est
1199 2464 1353 2520 enim
1378 2465 1435 2519 id
1461 2464 1679 2520 crimen
1704 2469 1759 2520 et
1778 2482 1900 2519 ma-

238 2555 471 2610 ximum
500 2560 559 2609 et
590 2554 847 2625 primum
879 2570 891 2609 :
925 2556 993 2608 Al
1016 2560 1102 2621 tu,
1133 2554 1343 2625 inquit,
1387 2571 1418 2609 ο
1452 2558 1640 2620 Pater,
1687 2571 1901 2626 repone

241 2644 393 2698 mihi
428 2644 637 2698 decem
669 2660 875 2715 panes,
908 2648 961 2698 et
994 2643 1264 2715 hydrium
1298 2660 1483 2715 aqua),
1515 2649 1570 2698 et
1612 2644 1661 2697 si
1704 2644 1898 2698 videro

244 2749 461 2804 corpus
494 2748 666 2804 egere
696 2731 1001 2797 alimento,
1036 2749 1132 2787 ero
1162 2749 1363 2787 eorum
1393 2733 1701 2805 particeps.
1767 2734 1898 2787 Fac-

243 2828 375 2877 tum
412 2826 501 2875 est
533 2820 837 2891 utjussit:
870 2825 927 2875 et
957 2820 1059 2876 illa
1092 2821 1329 2893 quidem
1360 2822 1597 2877 fuerunt
1621 2821 1895 2893 reposita,

240 2912 469 2966 ostium
522 2914 721 2965 autem
772 2909 895 2965 luto
935 2915 1025 2966 est
1077 2910 1417 2967 obductum.
1455 2911 1659 2966 Finitis
1699 2916 1895 2966 autem

244 3003 479 3069 diebus,
512 3000 675 3056 venit
705 3000 945 3071 quidem
972 2999 1067 3055 ille
1098 3000 1483 3055 admirandus
1516 3007 1572 3055 et
1601 3001 1772 3056 homo
1793 3000 1893 3055 Dei

241 3091 505 3146 Bassus:
536 3094 734 3145 amoto
757 3093 952 3145 autem
983 3089 1130 3157 luto,
1153 3091 1366 3145 ostium
1391 3090 1716 3163 ingressus,
1736 3090 1896 3145 inve-

242 3181 588 3252 nitquidem
610 3195 827 3251 panum
847 3194 1162 3233 numerum
1191 3197 1204 3248 ;
1226 3178 1447 3234 invenit
1479 3184 1670 3234 autem
1690 3196 1898 3235 urnam

2006 570 2203 623 autem
2238 568 2398 623 stetit
2429 568 2488 623 in
2547 567 2842 635 columna,
2877 570 3655 644 nonlnducebatquidemin

2006 656 2267 713 animum
2290 658 2765 723 utdescenderel,
2790 659 2888 713 sed
2916 658 3030 714 alia
3055 660 3281 716 ratione
3312 663 3657 733 excogitavit

2006 747 2439 803 utstaret.Nam
2457 764 2590 802 cum
2610 748 2836 802 trabem
2872 750 3185 817 quamdam
3213 750 3497 806 columna:
3523 752 3655 807 alli-

2006 838 2553 909 gasset,etscipsum
2572 855 2777 894 rursus
2794 838 3031 894 funibus
3047 840 3196 894 trahi
3214 842 3659 913 adaptnsset,sic

2006 927 2398 999 quadraginta
2414 927 2539 982 dies
2554 931 2860 998 perpetuos
2877 930 3177 1000 transegit.
3190 930 3445 985 Posthzec
3461 936 3652 987 autem

2006 1032 2139 1070 cum
2176 1016 2454 1086 majorem
2491 1016 2765 1087 deinceps
2795 1034 2826 1070 a
2858 1018 3088 1088 superis
3119 1018 3368 1090 gratiam
3404 1021 3657 1091 accepis-

2008 1109 2116 1171 set,
2152 1121 2223 1159 ne
2256 1104 2366 1159 hoc
2397 1105 2632 1176 quidem
2669 1121 2816 1176 opus
2849 1104 3288 1162 habuitauxilio
3319 1124 3331 1162 :
3365 1110 3464 1163 sed
3500 1110 3661 1163 stetit

2006 1193 2399 1265 quadraginta
2430 1195 2575 1262 dies,
2612 1194 2807 1249 cibum
2838 1194 3075 1265 quidem
3106 1212 3222 1252 non
3255 1214 3525 1264 sumens,
3557 1199 3658 1255 sed

2007 1283 2269 1339 alcritate
2301 1283 2481 1338 animi
2516 1288 2573 1339 et
2604 1284 2804 1339 divina
2825 1284 3017 1355 gratia
3041 1287 3453 1343 confirmatus.

2078 1390 2219 1445 Cum
2238 1390 2345 1445 hos
2375 1406 2511 1460 ergo
2542 1393 2660 1445 tres
2684 1392 3095 1461 perpeluos,ut
3125 1392 3242 1445 dixi
3268 1410 3454 1449 annos
3479 1394 3536 1450 in
3558 1395 3657 1451 illa

2004 1479 2389 1550 transegisset
2412 1480 2789 1548 domuncula,
2814 1480 2887 1533 ab
2920 1479 3026 1534 hoc
3043 1485 3344 1552 tantopere
3366 1485 3659 1539 sermoni-

2007 1568 2415 1638 busjactatum
2451 1569 2881 1624 etcelebratum
2908 1570 3067 1624 venit
3097 1587 3378 1627 cacumen
3407 1589 3427 1633 ,·
3454 1577 3659 1629 etcum

2005 1662 2239 1729 septum
2256 1657 2631 1712 circumcirca
2647 1657 2768 1712 fieri
2788 1659 3147 1725 mandasset,
3185 1661 3428 1717 ferream
3463 1668 3659 1719 autem

2006 1752 2267 1801 catenam
2326 1747 2534 1817 viginti
2585 1746 2922 1803 cubitorum
2974 1755 3395 1821 comparasset,
3431 1756 3487 1806 et
3529 1753 3658 1823 ejus

2008 1853 2193 1891 unum
2208 1836 2441 1907 quidem
2459 1836 2691 1891 initium
2711 1836 2942 1892 cuidam
2966 1840 3655 1913 petrmmaximreappen-

2010 1926 2216 1991 disset,
2250 1925 2496 1981 alterum
2530 1931 2728 1981 autem
2762 1927 2997 1982 dextero
3032 1929 3163 1999 pedi
3197 1930 3551 2000 adaptasset,
3590 1936 3654 1987 ut

2011 2031 2114 2070 nec
2146 2014 2196 2070 si
2227 2014 2398 2069 vellet
2428 2015 2687 2085 quidem,
2722 2014 2904 2070 abiret
2925 2020 3086 2071 extra
3117 2018 3474 2087 eoslimites,
3508 2020 3565 2076 in
3590 2037 3656 2076 eo

2010 2103 2186 2175 degit,
2216 2102 2421 2158 cmlum
2449 2104 2685 2159 assidue
2708 2104 2928 2160 visione
2952 2106 3485 2178 apprehendens,et
3507 2114 3655 2165 utea

2010 2209 2134 2263 quae
2150 2197 2291 2247 sunt
2314 2209 2495 2264 supra
2518 2192 2695 2247 cmlos
2722 2194 3221 2265 contemplaretur
3241 2195 3353 2251 sibi
3377 2198 3493 2253 vim
3519 2200 3657 2254 aﬂ‘e-

2008 2298 2144 2337 rens
2179 2299 2193 2351 ;
2228 2282 2443 2336 mentis
2476 2282 2632 2337 enim
2664 2282 2921 2338 volatum
2958 2300 3070 2339 non
3107 2284 3465 2356 impediebat
3525 2288 3659 2343 ferri

2005 2370 2330 2425 vinculum.
2356 2371 2669 2442 Postquam
2700 2376 2895 2427 autem
2920 2372 3188 2428 Meletius
3212 2375 3322 2445 (09)
3348 2375 3441 2431 ille
3465 2377 3660 2431 admi-

2008 2459 2233 2529 rabilis,
2267 2460 2359 2513 cui
2415 2463 2555 2514 tunc
2592 2460 2867 2514 mandata
2919 2467 3045 2515 erat
3094 2478 3235 2515 cura
3283 2464 3658 2536 episcopatus

2007 2549 2264 2619 regionis
2291 2548 2657 2603 Antiochense
2685 2548 2958 2614 civitatis,
2992 2548 3077 2603 vir
3100 2551 3398 2618 cordatus,
3431 2557 3488 2607 et
3518 2570 3654 2625 pru-

2006 2638 2202 2693 dentia
2225 2636 2503 2704 clarus,et
2526 2638 2743 2708 ingenii
2778 2637 3014 2693 solertia
3036 2643 3653 2713 ornatus,supervaca-

2007 2743 2183 2782 neum
2217 2726 2360 2781 dixit
2382 2743 2509 2781 esse
2535 2727 2777 2795 ferrum,
2807 2744 2942 2782 cum
2978 2728 3409 2785 sufﬁciatmens
3442 2732 3511 2786 ad
3537 2748 3661 2787 cor-

2007 2815 2133 2887 pori
2168 2816 2525 2888 imponenda
2555 2816 2799 2871 rationis
2830 2816 3269 2883 vincula,cessit
3302 2820 3563 2891 quidem,
3597 2828 3655 2877 et

2007 2907 2135 2977 ejus
2192 2907 2387 2977 paruit
2419 2905 2702 2961 suasioni.
2737 2905 2881 2961 Cum
2914 2913 3109 2962 autem
3140 2908 3268 2963 aeris
3304 2910 3533 2964 fabrum
3568 2928 3658 2967 ac-

2008 2995 2211 3049 cersiri
2235 2994 2536 3065 jussisset,
2573 2994 2837 3065 praecepit
2874 2994 3017 3049 solvi
3040 2994 3525 3053 vinculum.Cum
3561 3015 3661 3054 au-

2006 3088 2121 3137 tem
2158 3084 2311 3136 tibia:
2345 3099 2573 3153 quoque
2606 3083 2876 3153 adaptata
2908 3090 3062 3137 esset
3095 3082 3286 3154 pellis,
3322 3100 3392 3138 ne
3445 3101 3659 3156 corpus

2007 3173 2315 3228 laederetur
2344 3190 2375 3227 a
2420 3172 2591 3238 ferro,
2626 3177 2680 3227 et
2730 3177 3021 3243 oporteret
3050 3190 3175 3227 eam
3236 3174 3447 3243 (fuerat
3496 3177 3653 3230 enim

240 3285 478 3341 quoque
510 3284 670 3339 aqua
702 3267 958 3339 plenam,
993 3267 1188 3339 ipsum
1224 3272 1416 3323 autem
1443 3270 1758 3339 jacentem,
1795 3285 1899 3324 nec
1931 3254 1973 3321 C
2009 3264 2270 3334 consuto)
2304 3261 2639 3333 disirumpi,
2663 3262 2935 3316 dixerunt
2967 3279 3028 3317 se
3056 3262 3297 3317 vidisise
3329 3264 3459 3335 plus
3482 3280 3657 3334 quam

238 3360 588 3430 spirantem,
611 3362 670 3412 et
699 3356 980 3429 necloqui
1004 3372 1108 3412 nec
1135 3357 1353 3412 moveri
1378 3362 1695 3429 potentem.
1719 3359 1897 3429 Spon-

240 3448 333 3520 gia
365 3463 508 3519 ergo
540 3447 742 3519 petita,
775 3462 909 3500 cum
941 3462 1008 3501 os
1039 3461 1108 3501 ea
1135 3444 1530 3501 humectasset
1556 3447 1894 3512 eteluisset,

240 3538 291 3592 ei
322 3536 541 3591 obtulit
570 3535 904 3590 divinarum
939 3536 1452 3591 Sacramentorum
1506 3534 1808 3608 symbola:
1842 3541 1900 3592 et

244 3627 329 3680 sic
363 3642 468 3696 per
497 3624 620 3679 haec
649 3623 1058 3690 confirmatus,
1087 3624 1360 3693 surrexit,
1394 3628 1450 3679 et
1492 3624 1787 3679 modicum
1819 3624 1897 3680 ci-

244 3714 299 3768 bi
351 3713 636 3784 sumpsit,
677 3712 968 3783 lactugas,
999 3717 1059 3768 et
1110 3712 1402 3785 intybum,
1435 3718 1494 3768 et
1543 3712 1633 3768 his
1682 3713 1899 3769 similia

249 3801 534 3875 paulatim
556 3802 864 3869 mandens,
888 3805 946 3857 et
962 3801 1032 3856 ad
1055 3801 1895 3859 ventriculumtransmittens.

314 3898 775 3970 Obstupefactus
806 3899 1005 3971 itaque
1059 3916 1309 3970 magnus
1342 3900 1440 3956 ille
1472 3901 1710 3971 Bassus,
1743 3902 1900 3957 venit

241 3990 313 4044 ad
348 4006 525 4045 suum
544 4004 799 4059 gregem,
820 4004 1101 4057 magnum
1128 3989 1235 4045 hoc
1255 4006 1500 4045 narrans
1524 3990 1894 4047 miraculum.

241 4079 515 4134 Habebat
538 4078 694 4132 enim
719 4077 851 4149 plus
884 4094 1061 4150 quam
1090 4078 1374 4134 ducentos
1392 4078 1621 4135 sodales
1636 4096 1769 4135 cum
1795 4098 1899 4137 nec

238 4169 325 4223 eis
358 4168 708 4237 jumentum
744 4167 959 4223 habere
991 4184 1097 4222 nec
1128 4168 1343 4224 molam
1377 4169 1760 4241 permisisset,
1795 4188 1894 4227 nc-

238 4273 354 4327 que
386 4272 600 4311 aurum
636 4256 708 4311 ab
733 4256 931 4328 aliquo
964 4256 1225 4312 oblatum
1259 4258 1538 4328 accipere,
1569 4276 1758 4331 neque
1789 4260 1895 4314 ali-

238 4363 422 4418 quem
454 4350 619 4401 extra
652 4346 805 4402 fores
835 4347 1053 4418 egredi,
1082 4351 1184 4402 aut
1210 4346 1428 4417 aliquid
1460 4366 1527 4404 ex
1549 4350 1896 4406 necessariis

236 4442 610 4507 empturum,
644 4439 746 4490 aut
774 4435 1031 4507 aliquem
1055 4451 1122 4491 ex
1154 4437 1278 4492 suis
1312 4438 1746 4494 notisvlsurum
1773 4440 1895 4507 ;sed

238 4525 408 4579 intus
440 4539 634 4595 agere,
658 4528 715 4579 et
746 4525 899 4596 quod
926 4542 960 4580 a
990 4524 1187 4580 divina
1216 4528 1405 4597 gratia
1429 4527 1773 4583 mittebatur
1790 4528 1892 4583 ali-

2004 3352 2210 3424 viginti
2246 3351 2528 3407 maximos
2561 3351 2817 3421 cimices,
2853 3352 2911 3406 in
2941 3368 3005 3407 eo
3040 3356 3325 3424 tanquam
3369 3352 3429 3407 in
3457 3370 3654 3409 caver-

2006 3459 2081 3497 na
2112 3440 2520 3497 delitescentes
2551 3465 2565 3509 ;
2593 3446 2648 3495 et
2698 3440 2806 3495 hoc
2839 3457 2899 3496 se
2939 3441 3169 3496 dicebat
3220 3442 3435 3497 vidisse
3469 3444 3657 3498 admi-

2006 3532 2228 3586 randus
2256 3530 2545 3586 Meletius.
2579 3530 2696 3602 Ego
2737 3534 2932 3585 autem
2969 3531 3144 3601 hujus
3201 3532 3464 3602 memini,
3520 3532 3657 3589 hinc

2007 3635 2235 3691 quoque
2266 3618 2580 3673 ostendens
2614 3634 2888 3687 magnam
2919 3618 3026 3672 viri
3059 3618 3465 3685 tolerantiam;
3518 3638 3652 3676 nam

2007 3725 2139 3764 cum
2170 3714 2371 3779 posset
2389 3707 2595 3779 pellem
2626 3724 2795 3761 manu
2821 3708 3231 3778 comprimere,
3256 3713 3311 3763 et
3338 3726 3542 3765 omnes
3571 3712 3652 3764 fa-

2006 3798 2113 3853 cile
2135 3796 2491 3867 interimere,
2527 3795 2806 3851 molestos
2838 3812 3071 3852 morsus
3106 3797 3418 3853 toleranter
3445 3815 3656 3869 passus

2008 3892 2114 3959 est,
2148 3887 2206 3942 in
2239 3886 2433 3959 parvis
2466 3902 2527 3941 se
2557 3885 2826 3940 lubenter
2855 3885 2925 3939 ad
2961 3886 3185 3955 majora
3216 3901 3512 3942 exercens.

2076 3998 2218 4050 Cum
2241 4010 2377 4066 ergo
2399 3991 2723 4065 pervolaret
2747 3992 2973 4047 famain
2998 4008 3202 4048 omnes
3226 3992 3659 4064 regiones,con-

2005 4086 2319 4140 currebant
2348 4100 2575 4150 omnes,
2609 4100 2723 4137 non
2757 4081 2946 4137 solum
2975 4080 3172 4149 vicini,
3208 4084 3307 4137 sed
3342 4083 3441 4153 qui
3476 4084 3653 4139 etiam

2007 4174 2326 4230 multorum
2342 4172 2565 4227 dierum
2595 4171 2799 4226 itinere
2815 4171 3059 4226 aberant
3084 4191 3097 4239 ;
3123 4172 3221 4226 alii
3238 4172 3472 4243 quidem
3490 4190 3659 4245 para-

2006 4264 2218 4335 lyticos
2243 4263 2576 4327 afferentes,
2594 4261 2691 4316 alii
2709 4277 2843 4315 vero
2857 4262 3028 4333 aagris
3045 4261 3357 4317 sanitatem
3375 4267 3661 4333 petentes,

2006 4353 2105 4409 alii
2129 4358 2324 4408 autem
2344 4356 2404 4406 ut
2421 4356 2616 4423 patres
2640 4352 3146 4419 lierentrogantes,
3169 4352 3389 4422 etquod
3410 4357 3665 4407 anatura

2007 4460 2122 4498 non
2155 4445 2521 4511 acceperant,
2548 4441 2619 4495 ab
2652 4439 2752 4495 illo
2786 4439 3055 4495 volebant
3078 4441 3375 4511 accipere;
3405 4457 3655 4513 cumque

2006 4532 2352 4603 acciperent,
2387 4534 2443 4585 et
2493 4546 2621 4601 qua:
2684 4530 3062 4600 postulabant
3102 4530 3508 4600 impetrarent,
3541 4529 3661 4585 laeti

242 4618 518 4668 mentum
547 4612 829 4685 accipere.
868 4613 1229 4686 llanclegem
1264 4616 1322 4669 in
1343 4616 1691 4672 hodiernum
1714 4634 1902 4689 usque
1933 4614 1979 4679 D
2013 4622 2249 4695 quidem
2279 4620 2551 4675 redibant
2586 4622 2920 4689 quazautem
2956 4618 3660 4674 crantconsecutibenefi-

237 4703 404 4757 diem
458 4705 697 4758 servant
727 4702 977 4771 sodales,
1022 4708 1078 4758 et
1108 4704 1376 4776 quamvis
1408 4706 1648 4761 creverit
1693 4723 1895 4763 eorum

240 4807 557 4857 numerus,
598 4792 877 4847 mandata
899 4809 1024 4865 qua:
1058 4793 1142 4848 eis
1166 4794 1303 4849 data
1333 4799 1473 4849 sunt
1512 4812 1628 4851 non
1678 4798 1896 4853 transi-

236 4880 484 4935 lierunt.
503 4880 620 4952 Ego
645 4885 842 4936 autem
870 4882 941 4936 ad
966 4885 1530 4955 magnumtransibo
1545 4885 1897 4945 Simeonem.

310 4978 399 5032 Ab
429 4976 530 5031 illo
574 4993 710 5050 ergo
742 4981 1005 5050 tempore
1034 4996 1224 5051 usque
1253 4980 1311 5036 in
1354 4981 1701 5038 hodiernum
1740 4985 1898 5040 diem

237 5064 388 5133 (jam
425 5067 623 5119 autem
649 5065 1054 5137 praeterierunt
1074 5067 1278 5138 viginti
1308 5073 1364 5123 et
1391 5073 1520 5125 octo
1539 5072 1901 5142 anni)manet

229 5153 476 5223 jejenus
491 5154 887 5227 quadraginta
902 5156 1310 5228 dies.Tempus
1327 5162 1522 5213 autem
1547 5163 1900 5217 etassuefac-

236 5242 323 5297 tio
357 5242 617 5299 multum
638 5244 890 5300 detraxit
912 5245 982 5300 de
1013 5245 1230 5315 labore,
1258 5247 1656 5304 solebatenim
1693 5251 1899 5320 primis

236 5331 692 5388 dicbusstareet
724 5338 910 5389 Deum
940 5333 1208 5403 laudare;
1234 5335 1442 5393 deinde
1485 5354 1617 5392 cum
1666 5345 1902 5411 propter

236 5420 503 5475 inediam
526 5438 641 5477 non
659 5428 855 5495 posset
877 5423 1136 5494 amplius
1167 5440 1381 5497 corpus
1410 5428 1528 5498 pati
1560 5429 1897 5499 stationem,

235 5508 524 5581 deinceps
556 5513 760 5568 sedere
788 5518 844 5567 et
872 5513 1142 5569 divinum
1166 5531 1438 5587 peragere
1457 5516 1741 5585 officium,
1768 5537 1899 5591 pos-

230 5599 445 5654 tremis
478 5605 675 5655 autem
710 5601 863 5658 850
912 5602 1120 5659 diebus
1141 5603 1319 5659 etiam
1352 5606 1721 5662 accumbere.
1754 5608 1898 5665 Nam

231 5706 368 5745 cum
422 5689 709 5760 paulatim
752 5697 1237 5750 consumerentur
1275 5698 1333 5750 et
1392 5694 1903 5768 exstinguerentur

2009 4713 2098 4768 cia
2129 4710 2533 4783 prazdicantes,
2568 4707 2737 4779 longe
2758 4709 2953 4778 plures
2968 4709 3169 4763 eadem
3194 4708 3481 4778 petituros
3496 4710 3663 4763 emit-

2008 4802 2229 4856 tebant.
2262 4799 2351 4853 Sic
2379 4802 2573 4853 autem
2608 4798 2884 4852 omnibus
2918 4797 3659 4868 undiqueadvenientibus,

2009 4898 2066 4947 et
2098 4907 2198 4963 per
2229 4895 2404 4945 totam
2438 4888 2592 4942 viam
2624 4887 2808 4941 instar
2839 4886 3102 4942 ﬂuminis
3129 4886 3531 4954 afﬂuentibus,
3578 4887 3662 4941 vi-

2009 4983 2144 5037 dere
2172 4984 2259 5034 est
2293 4977 2533 5050 pelagus
2563 4976 2871 5031 hominum
2896 4977 2953 5031 in
2977 4976 3077 5031 illo
3106 4976 3229 5032 loco
3245 4977 3659 5043 constitutum,

2009 5071 2161 5141 quod
2198 5067 2403 5123 ﬂuvios
2437 5066 2825 5138 undequaque
2853 5066 3083 5137 excipit.
3119 5066 3241 5120 Non
3282 5066 3473 5121 solum
3507 5066 3664 5122 enim

2010 5160 2315 5216 conﬂuunt
2344 5156 2440 5227 qui
2476 5161 2736 5211 nostram
2790 5155 3060 5211 habitant
3102 5155 3419 5227 regionem,
3456 5157 3555 5211 sed
3607 5162 3664 5211 et

2011 5253 2061 5305 Is
2104 5247 2348 5303 maelitaz
2373 5254 2423 5300 et
2451 5246 2995 5313 Persae,etArmenii
3019 5245 3371 5315 quisunteis
3388 5246 3663 5316 subjecti,

2011 5345 2067 5396 et
2100 5340 2319 5403 Iberes,
2343 5341 2399 5391 et
2433 5335 2764 5403 lIomeritm,
2797 5341 2854 5391 et
2877 5336 2975 5407 qui
3014 5334 3131 5390 illis
3155 5339 3294 5389 sunt
3326 5334 3658 5390 interiores.

2014 5432 2310 5484 Venerunt
2342 5428 2537 5480 autem
2565 5424 2729 5479 multi
2762 5442 2994 5496 quoque
3026 5425 3125 5496 qui
3152 5424 3423 5479 habitant
3472 5429 3666 5479 extre-

2016 5537 2111 5575 ma
2141 5514 2498 5580 Occidentis,
2552 5516 2812 5586 Hispani,
2864 5516 3128 5585 inquam,
3182 5519 3239 5569 et
3288 5514 3572 5580 Britanni,
3612 5519 3669 5569 et

2012 5608 2181 5675 Galli,
2216 5607 2317 5678 qui
2370 5604 2525 5677 quod
2580 5603 2691 5676 {est
2740 5604 3157 5660 intermedium
3208 5607 3516 5674 occupant.
3585 5603 3667 5657 De

2017 5696 2182 5755 Italia
2211 5695 2367 5753 enim
2402 5710 2902 5766 supervacaneum
2936 5699 3025 5752 est
3056 5694 3248 5750 dicere
3276 5712 3288 5764 ;
3323 5693 3487 5749 aiunt
3509 5691 3662 5749 enim

3600 5832 3612 5863 ί
