4180 6338
312 317 426 375 105

1449 309 1924 375 PHILOTHEUS,
1966 322 2091 365 sm:
2128 310 2596 369 THEOPHILES.

3624 317 3729 372 106

312 447 519 501 autem
541 442 636 497 bis
656 454 893 513 quoque
916 442 1335 493 Saracenorum
1362 438 1539 493 unius
1560 438 1750 491 tribus
1773 436 1974 507 praefe-
2008 437 2058 502 Α
2091 440 2215 490 tum
2248 436 2559 492 allaturam
2594 453 2725 492 cum
2752 436 2944 493 divina
2975 438 3282 495 clementia
3304 455 3438 496 mox
3460 445 3735 512 sequatur

313 533 472 603 ctus)
490 530 735 604 supplex
755 529 1030 601 petebata
1048 526 1242 582 divino
1259 526 1447 597 capite
1462 530 1528 581 ut
1552 526 1783 581 cuidam
1811 541 1977 597 opem

314 624 521 689 ferret,
545 620 638 677 cui
669 621 728 675 in
759 622 852 674 via
875 626 1039 673 erant
1071 616 1323 689 paralysi
1347 615 1538 671 soluta
1562 616 1827 671 membra
1850 631 1978 670 cor-

316 712 511 785 poris.
544 710 786 765 Dicebat
812 712 1009 763 autem
1044 722 1173 762 eum
1206 706 1476 761 morbum
1510 704 1559 759 ei
1611 704 1893 759 accidisse
1924 704 1983 756 in

320 800 615 857 Callinico
647 800 758 869 (est
788 803 986 853 autem
1019 796 1074 849 in
1111 794 1402 850 castillum
1441 793 1807 859 maximum).
1842 794 1981 847 Cum

319 893 376 947 is
406 890 607 961 itaque
642 889 853 943 fuisset
871 887 1087 941 allatus
1110 886 1167 938 in
1192 885 1477 953 medium,
1504 884 1697 937 effecit
1722 887 1985 951 utnegao

323 986 416 1035 ret
446 978 817 1050 impietatem
853 976 1157 1045 majorem.
1183 974 1289 1028 Ubi
1323 979 1518 1028 autem
1556 972 1827 1026 lubenter
1858 971 1987 1024 obe-

320 1069 457 1134 diit,
478 1073 537 1124 et
567 1068 722 1139 quod
750 1067 962 1136 jussus
995 1065 1183 1119 fuerat
1207 1062 1467 1135 implevit
1500 1061 1725 1134 rogavit
1754 1078 1826 1115 an
1861 1076 1985 1113 cre-

321 1160 494 1213 deret
526 1156 703 1223 Patri,
739 1159 795 1210 et
845 1153 1149 1225 unigenito
1175 1152 1345 1222 Filio,
1380 1157 1437 1207 et
1480 1159 1680 1207 sancto
1724 1148 1986 1217 Spiritui.

319 1247 475 1303 Cum
510 1247 560 1302 is
593 1248 787 1301 autem
824 1259 887 1298 se
918 1242 1221 1299 confessus
1253 1240 1699 1296 essetcredere:
1739 1238 1861 1303 His,
1896 1236 1985 1290 in.

326 1335 748 1408 quit,credens
778 1330 1296 1404 appellationibus,
1323 1345 1519 1400 surge.
1546 1333 1857 1398 Postquam
1881 1342 1987 1379 au-

320 1432 448 1481 tem
483 1424 755 1493 surrexit,
783 1422 966 1493 jussit
996 1420 1060 1475 ut
1084 1420 1273 1475 tribus
1302 1419 1635 1490 praefectum
1665 1417 1789 1471 suis
1820 1416 1991 1469 ferret

326 1514 601 1571 humeris
627 1528 817 1583 usque
847 1511 917 1566 ad
944 1510 1139 1581 ipsum
1167 1508 1610 1563 tabernaculum
1637 1506 1867 1577 (habuit
1889 1522 1991 1559 au-

323 1613 453 1663 tem
486 1620 701 1674 corpus
735 1600 1105 1669 maximum),
1140 1601 1196 1653 et
1225 1598 1323 1653 ille
1355 1598 1594 1668 quidem
1632 1613 1697 1651 eo
1732 1599 1991 1666 accepto,

324 1696 541 1753 statim
573 1692 733 1747 abiit.
767 1690 877 1757 Qui
911 1694 1104 1744 autem
1134 1688 1399 1756 aderant,
1422 1688 1491 1741 ad
1522 1686 1617 1740 Dei
1652 1686 1857 1739 laudes
1884 1684 1991 1737 lin-

2088 526 2465 597 supplicium.
2500 527 2639 582 Cum
2668 533 2862 583 autem
2892 529 3132 601 triginta
3154 530 3733 602 dieeprzeteriissent,

2088 615 2541 671 innumerabilis
2588 618 2823 687 quidem
2876 636 3051 691 supra
3098 620 3259 675 stetit
3308 619 3646 688 multitudo,
3674 627 3738 676 ut

2088 704 2262 759 etiam
2299 706 2528 761 radium
2561 707 2942 777 dissecarent,
2971 713 3027 763 et
3070 710 3280 764 umbra
3328 710 3735 779 effunderent;

2092 794 2267 865 idque
2298 811 2502 849 omnes
2538 795 2708 866 plane
2740 803 2795 851 et
2826 799 3073 869 perfecte
3102 799 3388 853 vidimus:
3416 799 3604 854 solum
3629 817 3734 853 an-

2089 889 2205 939 tem
2242 887 2400 941 dedit
2430 889 2711 942 damnum
2749 889 3067 943 bestiarum
3104 892 3358 960 pascuis,
3392 891 3587 945 cibum
3634 908 3737 944 au-

2090 979 2208 1029 tem
2247 976 2545 1031 hominum
2580 976 2742 1031 nulla
2774 994 2840 1032 ex
2872 983 3036 1049 parte
3070 979 3239 1033 laesit.

2161 1064 2289 1118 Jam
2319 1082 2450 1120 vero
2477 1067 2616 1120 mihi
2644 1083 2877 1137 quoque
2896 1068 2993 1138 qui
3020 1069 3088 1122 ad
3116 1068 3313 1140 aliquo
3338 1069 3743 1141 oppugnabar,

2096 1152 2450 1223 significavit
2472 1161 2602 1209 ante
2622 1156 2956 1225 quindecim
2976 1156 3100 1211 dies
3118 1158 3378 1213 futurum
3396 1158 3529 1213 belli
3547 1160 3743 1213 ﬁnem:

2095 1248 2150 1297 et
2178 1243 2573 1312 praedictionis
2599 1245 2708 1314 (72)
2743 1246 3043 1300 veritatem
3080 1246 3256 1300 didici
3288 1246 3665 1317 experientia.

2167 1340 2315 1405 Quin
2350 1342 2523 1396 etiam
2559 1342 2606 1396 ei
2642 1342 2962 1414 aliquando
3016 1344 3151 1398 visa:
3198 1350 3337 1400 sunt
3394 1346 3524 1400 dum
3574 1346 3745 1417 virga:

2097 1446 2223 1500 qua:
2256 1431 2591 1485 ferebantur
2635 1432 2865 1497 quidem
2902 1434 2971 1488 de
3004 1433 3185 1501 cmlis,
3211 1435 3265 1488 in
3303 1439 3515 1489 terram
3551 1442 3741 1489 autem

2099 1518 2453 1573 Orientalem
2487 1520 2773 1574 cadebant
2803 1526 2859 1576 et
2888 1521 3339 1576 Occidentalem.
3366 1528 3525 1576 Hanc
3552 1528 3745 1577 autem

2098 1609 2340 1663 Persicas
2356 1610 2699 1681 etScythicre
2714 1612 2902 1681 gentis
2926 1612 2981 1666 in
3006 1612 3313 1683 imperium
3349 1614 3745 1669 Romanorum

2099 1696 2585 1753 insurrectionem
2623 1700 2973 1771 signiﬁcavit
3024 1702 3113 1755 vir
3162 1702 3419 1771 divinus,
3453 1707 3509 1757 et
3547 1703 3619 1757 iis
3650 1702 3751 1773 qui

326 1800 483 1858 guas
527 1784 854 1837 moverunt.
892 1780 1004 1834 [loc
1053 1783 1248 1832 autem
1281 1776 1478 1846 jussit,
1518 1774 1828 1830 Dominum
1862 1772 1991 1827 imi-

2127 1787 2348 1841 Lderant
2378 1788 2587 1844 effatus
2609 1795 2697 1843 est
2729 1788 3006 1844 visionem
3034 1790 3379 1861 ;multisque
3400 1772 3755 1862 lacrymiset

328 1882 495 1939 tans,
526 1870 627 1943 qui
649 1869 829 1941 jussit
862 1867 1177 1939 paralytico
1212 1865 1358 1921 ferre
1400 1864 1616 1919 lectum
1649 1862 1861 1933 (Matth.
1894 1864 1988 1927 1x).

330 1965 440 2021 Dei
474 1959 859 2017 imitationem
896 1972 1067 2011 nemo
1096 1959 1258 2010 vocet
1296 1953 1804 2026 tyrannidem.Est
1834 1951 1991 2006 enim

331 2071 452 2109 vox
479 2053 647 2121 ejus:
685 2048 792 2113 Qui
825 2046 1009 2102 credit
1050 2046 1107 2099 in
1154 2061 1267 2110 me,
1301 2059 1477 2115 opera
1518 2060 1644 2114 quae
1696 2058 1800 2113 ego
1848 2042 1994 2095 facio

336 2143 444 2197 ille
476 2155 716 2212 quoque
749 2136 938 2204 faciet,
972 2142 1024 2190 et
1058 2134 1281 2205 majora
1313 2132 1405 2187 his
1436 2132 1608 2187 faciet
1648 2132 1824 2203 (Joan.
1858 2131 1995 2201 xxv).

339 2231 570 2288 Etenim
598 2229 776 2298 hujus
793 2226 945 2282 852
966 2222 1241 2296 promissi
1260 2226 1529 2277 eventum
1554 2220 1827 2275 vidimus.
1853 2220 1996 2275 Nam

338 2337 480 2379 cum
520 2319 733 2375 umbra
784 2314 1009 2371 Domini
1064 2328 1323 2384 unquam
1377 2310 1575 2366 fecerit
1623 2308 1997 2374 miraculum,

340 2408 550 2481 magni
584 2404 739 2462 Petri
773 2402 981 2459 umbra
1012 2406 1071 2457 et
1130 2404 1374 2455 mortem
1425 2399 1616 2470 fregit,
1649 2403 1706 2453 et
1764 2398 2000 2452 morbos

336 2500 558 2570 exegit,
591 2500 649 2552 et
683 2493 903 2565 fugavit
946 2492 1257 2547 daemones.
1294 2490 1404 2545 Sed
1461 2488 1741 2543 Dominus
1792 2492 1850 2541 et
1882 2486 2004 2541 haec

336 2606 446 2661 per
476 2603 619 2642 suos
652 2600 848 2640 servos
883 2582 1021 2638 fecit
1054 2578 1339 2635 miracula
1365 2597 1378 2646 ;
1404 2583 1460 2634 et
1483 2594 1639 2635 nunc
1657 2594 1891 2650 quoque
1924 2577 2006 2632 si-

331 2677 559 2735 militer
586 2676 715 2745 ejus
770 2678 944 2729 utens
986 2669 1395 2742 appellatione,
1425 2668 1658 2724 divinus
1704 2668 2003 2723 Simeones

330 2763 802 2835 innumerabilia
832 2760 1010 2816 efﬁcit
1042 2757 1345 2813 miracula.

441 2871 668 2929 Accidit
696 2871 851 2926 enim
881 2876 940 2923 ut
971 2867 1128 2922 aliud
1163 2881 1397 2937 quoque
1429 2864 1591 2920 ﬁeret
1635 2864 2006 2932 miraculum,

358 2964 557 3037 priore
589 2960 832 3016 minime
864 2955 1128 3012 inferius.
1163 2956 1245 3009 Ex
1280 2954 1350 3009 iis
1380 2954 1533 3008 enim
1573 2954 1671 3025 qui
1704 2954 1759 3008 in
1798 2971 2007 3009 nomen

358 3052 625 3108 salutare
652 3043 1783 3113 DominiChristicrediderant,quzedam
1800 3044 2013 3099 Ismae-

366 3145 453 3197 ita
484 3157 599 3196 non
636 3140 887 3195 obscuro
912 3139 1035 3191 loco
1060 3138 1254 3201 natus,
1283 3133 1398 3188 Deo
1422 3137 1616 3188 votum
1641 3133 1879 3203 fecerat,
1902 3132 2011 3188 hoc

343 3231 545 3286 divino
575 3229 700 3283 viro
721 3232 889 3282 teste.
913 3223 1213 3280 Pollicitus
1246 3226 1441 3277 autem
1472 3226 1613 3288 erat,
1650 3223 1910 3277 futurum
1944 3228 2007 3277 ut

342 3336 408 3378 se
433 3320 712 3389 deinceps
735 3318 1014 3388 perpetuo
1030 3312 1352 3369 abstineret
1372 3312 1444 3365 ab
1466 3328 1567 3365 esu
1594 3312 1850 3382 cujusvis
1882 3312 2005 3365 ani-

346 3408 652 3466 mati.Hoc
676 3404 1034 3477 promissum
1059 3401 1254 3457 nescio
1275 3401 1562 3471 quomodo
1586 3402 1839 3472 quodam
1870 3406 2009 3456 tem-

345 3516 489 3572 pore
502 3492 1195 3567 transgressus,occisam
1213 3507 1377 3545 avem
1394 3507 1538 3545 ausu
1550 3508 1576 3545 s
1591 3495 1678 3545 est
1691 3493 2007 3547 comedere.

350 3591 495 3645 Cum
524 3587 681 3642 Deus
702 3590 894 3639 autem
916 3580 1493 3655 perincrepationem
1520 3595 1651 3634 eum
1678 3581 1746 3634 ad
1773 3598 2009 3635 conver-

350 3678 581 3733 sionem
614 3673 893 3730 voluisset
915 3670 1221 3739 deducere,
1240 3672 1298 3723 et
1314 3685 1488 3725 suum
1516 3668 1801 3724 famulum
1829 3669 2011 3723 bono-

348 3782 503 3834 rare,
531 3763 632 3837 qui
657 3764 850 3818 fuerat
867 3760 1035 3815 testis
1069 3758 1343 3829 promissi
1364 3759 1515 3829 quod
1540 3758 1589 3813 is
1614 3759 1802 3813 fuerat
1820 3762 2011 3815 trans-

349 3870 614 3929 gressus,
651 3855 877 3907 mutata
907 3854 997 3905 est
1048 3848 1105 3902 in
1136 3846 1349 3918 lapidis
1382 3851 1651 3902 naturam
1704 3864 1838 3903 caro
1870 3847 2014 3917 avis,

351 3946 498 4001 adeo
535 3948 603 3999 ut
634 3958 739 3997 nec
771 3940 819 3995 si
846 3938 1025 3993 vellet
1056 3936 1291 4008 quidem
1319 3936 1592 4008 deinceps
1610 3954 1674 3992 eo
1704 3937 1852 3992 vesci
1878 3954 2013 4010 pos-

354 4040 466 4092 set.
491 4031 795 4100 Quomodo
818 4028 974 4085 enim
1000 4027 1461 4099 potuisset,cum
1484 4026 1833 4098 lapiduisset
1860 4027 2014 4099 quod

354 4125 428 4180 ad
464 4124 667 4179 cibum
699 4122 1006 4190 sumptum
1038 4118 1225 4171 fuerat
1248 4116 1509 4187 corpus?
1531 4116 1647 4171 Hoc
1672 4117 2019 4172 admirando

355 4214 417 4269 in
445 4208 780 4267 incredibili
807 4205 1144 4279 spectaculo
1170 4206 1614 4277 obstupefactus
1629 4206 1873 4261 barbaru
1886 4224 1933 4273 ε,
1948 4209 2017 4261 ad

356 4306 641 4359 sanctum
663 4297 825 4353 venit
848 4313 1023 4367 quam
1051 4294 1379 4362 celerrime,
1405 4296 1559 4365 quod
1587 4304 1708 4351 erat
1728 4295 2021 4351 occultum

356 4386 953 4465 peccatuminlucem
978 4386 1375 4457 proferens,et
1405 4401 1572 4440 suam
1602 4386 2025 4456 transgressio-

360 4497 502 4537 nem
526 4478 807 4535 omnibus
831 4474 1241 4541 enuntians,et
1267 4472 1465 4529 delicti
1491 4491 1521 4528 a
1551 4480 1667 4529 Deo
1702 4479 1904 4547 petens
1932 4493 2024 4531 ve-

359 4563 2030 4638 niam,etsanctiauxiliuminvocans,utomnipotentibus
2062 4548 2107 4611 D

360 4659 493 4716 suis
538 4656 815 4731 precibus
871 4654 1070 4725 ipsum
1103 4652 1322 4725 peccati
1352 4652 1657 4708 vinculum
1692 4654 2029 4710 exsolveret.

362 4750 535 4806 Multi
558 4752 754 4804 autem
780 4747 840 4801 id
867 4745 1064 4800 videre
1087 4744 1463 4814 miraculum,
1486 4745 1583 4815 qui
1610 4746 1697 4800 avi
1722 4750 1940 4817 partem
1968 4763 2036 4802 ex

366 4856 505 4897 osse
536 4843 593 4894 et
628 4836 823 4909 lapide
856 4837 1228 4891 constantem
1252 4834 1523 4889 viderunt
1548 4836 1602 4888 in
1628 4835 1757 4905 ejus
1780 4840 2031 4907 pectore.

448 4948 576 5003 Non
604 4944 797 5001 solum
820 4947 1017 5000 autem
1045 4942 1127 4997 fui
1158 4945 1453 5013 spectator
1474 4942 2036 5013 miraculorum,sed

372 5039 555 5095 etiam
590 5035 823 5091 auditor
842 5049 1046 5088 eorum
1080 5048 1207 5103 quae
1236 5032 1513 5103 praedicta
1533 5036 1672 5088 sunt
1698 5033 1910 5090 futura.
1936 5036 2036 5090 Et-

376 5127 536 5185 enim
564 5143 691 5182 eam
718 5140 849 5197 quae
869 5123 985 5179 fuit
1007 5122 1431 5188 siccitatem,et
1454 5139 1727 5193 magnam
1754 5124 1911 5179 illius
1935 5144 2035 5180 an-

375 5214 437 5271 ni
474 5212 871 5281 sterilitatem,
892 5214 951 5266 et
978 5227 1105 5265 eam
1133 5226 1259 5281 qum
1292 5216 1604 5266 consecuta
1625 5218 1713 5267 est
1743 5213 1921 5268 simul
1955 5216 2038 5269 fa-

374 5308 608 5360 memet
631 5306 876 5375 pestem,
898 5300 1132 5355 duobus
1156 5299 1328 5355 annis
1358 5304 1493 5355 ante
1526 5301 1811 5371 praedixit,
1836 5304 2038 5360 dicens

373 5411 435 5451 se
474 5392 816 5465 pravidisse
846 5389 1068 5462 virgam
1105 5405 1235 5459 quin
1269 5388 1558 5461 infligitur
1592 5389 1949 5460 hominibus,
1984 5399 2041 5448 et

379 5480 617 5554 ﬂagella
637 5497 764 5551 quae
783 5496 883 5550 per
911 5495 1041 5535 eam
1066 5477 1457 5533 intentantur.
1483 5483 1653 5534 Porro
1678 5486 1869 5536 autem
1894 5482 2040 5538 alias

373 5586 619 5645 quoque
633 5568 984 5642 signiﬁcavit
1000 5567 1387 5640 irruptioncm
1402 5569 1531 5639 ejus
1546 5569 1647 5641 qui
1664 5570 1922 5627 bruchus
1937 5589 2039 5629 seu

377 5676 567 5719 eruca
600 5658 913 5728 dicitur,et
941 5672 1074 5714 eam
1108 5673 1225 5712 non
1256 5673 1384 5715 esse
1414 5673 1697 5730 magnum
1723 5660 2041 5718 detrimen-

706 5752 971 5840 Paraon.
1015 5773 1285 5839 LXXIV.

2106 1874 2376 1944 precibus
2408 1875 2664 1929 assiduis
2690 1876 2966 1946 repressit
2990 1877 3192 1948 plagas
3216 1894 3465 1948 quarum
3500 1879 3757 1934 intenta-

2106 1962 2323 2017 bantur
2354 1964 2526 2018 minaa
2557 1965 2615 2018 in
2649 1966 2847 2020 orbem
2897 1971 3080 2021 terrea.
3115 1968 3267 2023 (iens
3318 1967 3552 2037 quidem
3603 1973 3757 2023 certe

2108 2054 2413 2109 Persarum
2439 2055 2565 2125 jam
2596 2060 2838 2125 armata,
2870 2061 2923 2111 et
2957 2062 3162 2127 parata
3183 2058 3252 2112 ad
3286 2062 3579 2114 Romanos
3604 2059 3757 2113 invn-

2107 2144 2351 2213 dendos,
2378 2144 2461 2199 eis
2484 2144 2675 2199 divina
2707 2147 3049 2202 adversante
3070 2146 3431 2214 voluntate,a
3460 2153 3645 2220 empto
3678 2156 3763 2203 est

2110 2235 2423 2302 retardata,
2448 2240 2504 2290 et
2530 2235 2883 2292 intrinsecus
2906 2237 2961 2291 in
2990 2238 3158 2293 malis
3182 2239 3434 2311 propriis
3456 2244 3758 2310 occupata.

2108 2327 2251 2379 Cum
2326 2329 2522 2380 autem
2584 2326 2765 2381 sciam
2830 2327 3086 2397 plurima
3143 2328 3255 2383 alia
3326 2329 3639 2398 ejusmodi,
3697 2344 3765 2383 ea

2111 2414 2576 2484 praetermittam,
2610 2413 2893 2469 orationis
2922 2415 3117 2470 vitans
3151 2415 3539 2487 prolixitatem
3569 2432 3581 2471 ε
3609 2416 3767 2470 sufﬁ-

2112 2501 2275 2555 ciunt
2306 2502 2426 2555 haec
2470 2503 2707 2573 quidem
2733 2504 2971 2557 certead
2997 2505 3417 2559 ostendendam
3441 2503 3758 2575 spiritalem

2114 2592 2242 2660 ejus
2276 2592 2487 2646 mentis
2519 2592 3112 2665 comtemplationem.

2188 2690 2326 2759 Ejus
2359 2706 2593 2759 quoque
2618 2689 2953 2762 fuitmagna
2985 2691 3139 2746 fama
3171 2692 3323 2761 apud
3350 2706 3545 2762 regem
3573 2692 3768 2745 Persa-

2118 2797 2247 2837 rum
2278 2797 2289 2833 :
2321 2786 2385 2835 ut
2414 2781 2570 2835 enim
2608 2786 2925 2836 narrarunt
2956 2781 3247 2854 legatiqui
3283 2783 3351 2837 ad
3388 2782 3580 2852 ipsum
3604 2797 3771 2835 vene-

2127 2868 2607 2941 runt,diligenter
2629 2870 3038 2925 sciscitabatur
3064 2887 3330 2941 quaenam
3364 2870 3659 2940 essetejus
3689 2870 3770 2922 vi-

2119 2963 2275 3027 ta,et
2306 2975 2573 3029 quaenam
2608 2958 2912 3014 miracula.
2943 2960 3150 3013 Dicunt
3173 2963 3369 3014 autem
3393 2959 3521 3029 ejus
3539 2973 3771 3029 quoque

2124 3050 2457 3119 conjugem,
2491 3052 2547 3103 et
2580 3048 2815 3118 petiisse
2846 3048 3039 3103 oleum
3085 3048 3393 3120 dignatum
3437 3048 3565 3118 ejus
3597 3048 3770 3103 bene-

2127 3136 2403 3206 dictione,
2440 3142 2496 3192 ct
2522 3140 2804 3208 tanquam
2842 3139 3061 3193 donum
3096 3138 3419 3193 maximum
3478 3138 3774 3210 accepisse

2125 3226 2273 3292 Quin
2306 3228 2483 3283 etiam
2517 3243 2723 3284 omnes
2757 3228 2909 3299 regis
2942 3226 3175 3283 assecla:
3203 3230 3259 3281 et
3282 3244 3314 3281 a
3336 3227 3491 3281 fama
3512 3243 3771 3282 commo-

2123 3316 2187 3386 ti,
2212 3320 2268 3371 et
2301 3315 2517 3371 multas
2553 3316 2611 3370 in
2645 3332 2777 3371 eum
2813 3332 2845 3369 a
2874 3315 3060 3386 magis
3084 3315 3398 3369 adornatas
3426 3313 3776 3385 accipientes

2124 3404 2476 3473 calumnias,
2508 3406 2820 3477 diligenter
2849 3405 3169 3476 rogabant;
3205 3407 3260 3459 et
3289 3419 3424 3458 cum
3457 3402 3777 3457 intellexis-

2126 3500 2278 3561 sent,
2304 3496 2494 3549 virum
2521 3494 2786 3550 divinum
2815 3494 3217 3549 nominabant.
3244 3492 3456 3547 Caetera
3486 3509 3617 3547 vero
3652 3498 3776 3547 tur-

2125 3584 2293 3651 ba,et
2326 3586 2395 3639 ad
2431 3584 2724 3640 muliones
2756 3585 3096 3639 accedentes
3116 3588 3171 3639 et
3202 3584 3274 3637 ad
3308 3582 3559 3638 famulos
3581 3587 3637 3637 et
3670 3582 3777 3637 mi-

2127 3673 2281 3740 lites,
2312 3678 2369 3727 et
2400 3674 2708 3745 pecuniam
2742 3673 3061 3729 offerebant
3093 3678 3147 3728 et
3178 3673 3458 3744 rogabant
3492 3677 3556 3727 ut
3588 3676 3784 3727 essent

2128 3763 2445 3836 participes
2475 3762 2587 3818 olei
2620 3762 3065 3818 benedictionis.

2202 3861 2631 3918 Ismaelitarum
2667 3866 2860 3917 autem
2891 3862 3090 3932 regina
3120 3878 3253 3916 cum
3282 3866 3436 3917 esset
3469 3859 3705 3927 sterilis,
3733 3863 3789 3914 ct

2131 3957 2371 4025 cuperet
2403 3952 2581 4023 ﬁlios,
2620 3952 2873 4023 primum
2907 3951 3144 4022 quidem
3181 3950 3363 4007 misso
3398 3950 3595 4021 aliquo
3626 3950 3788 4005 exiis

2133 4043 2233 4116 qui
2265 4042 2535 4097 valebant
2565 4040 2853 4113 dignitate
2886 4045 2942 4096 et
2974 4040 3343 4111 auctoritate,
3377 4040 3698 4096 obsecravit
3728 4044 3791 4094 ut

2134 4138 2320 4189 mater
2352 4133 2531 4187 ﬁeret.
2568 4132 2885 4202 Postquam
2920 4136 3118 4186 autem
3146 4135 3413 4186 assecuta
3442 4134 3529 4184 est
3561 4128 3789 4200 petitio-

2134 4240 2288 4293 nem,
2322 4226 2379 4278 et
2412 4222 2635 4294 peperit
2694 4224 2758 4275 ut
2792 4220 2992 4291 cupiit,
3028 4224 3261 4291 accepto
3314 4235 3447 4291 rege
3490 4219 3587 4290 qui
3620 4224 3793 4273 natus

2135 4314 2348 4383 fuerat,
2374 4312 2630 4384 profecta
2663 4316 2752 4366 cst
2783 4310 2852 4365 ad
2888 4309 3150 4365 divinum
3177 4325 3374 4365 senem
3403 4315 3493 4375 ;et
3515 4308 3795 4379 quoniam

2138 4419 2255 4458 non
2288 4401 2501 4456 licebat
2534 4399 2884 4455 mulieribus
2935 4399 3003 4453 ad
3037 4415 3168 4453 eum
3207 4398 3499 4467 accedere,
3531 4398 3602 4452 ad
3661 4413 3798 4452 eum

2137 4492 2319 4545 misso
2353 4489 2594 4554 infante,
2629 4488 2854 4560 rogavit
2890 4492 2952 4541 ut
2982 4490 3444 4556 consequeretur
3467 4485 3595 4554 ejus
3622 4485 3797 4540 bene-

2143 4580 2494 4635 dictionem:
2527 4582 2690 4631 Tuus
2723 4576 2901 4642 enim,
2936 4575 3149 4645 inquit,
3183 4577 3272 4629 est
3314 4572 3407 4627 hic
3461 4578 3626 4628 actus
3666 4571 3797 4640 (73).

2144 4669 2261 4739 Ego
2294 4668 2446 4722 enim
2481 4666 2667 4723 obtuli
2702 4682 2833 4720 cum
2866 4662 3141 4736 lacrymis
3168 4678 3367 4718 semen
3391 4661 3672 4717 orationis
3696 4681 3709 4728 ;
3733 4665 3798 4717 tu

2146 4765 2341 4813 autem
2392 4773 2591 4813 semen
2643 4754 2884 4811 effecisti
2939 4752 3314 4825 nanipulum,
3389 4767 3521 4806 cum
3589 4749 3799 4805 divinis

2146 4846 2343 4918 gratia:
2378 4845 2625 4899 imbrem
2660 4842 2999 4897 attraxisses
3032 4858 3131 4912 per
3162 4838 3654 4911 deprecationem.

2217 4944 2327 5000 Sed
2361 4958 2669 5013 quousque
2700 4958 2879 4997 conor
2910 4939 3103 4995 metiri
3125 4939 3473 4993 alttudinem
3499 4936 3678 4990 maris
3710 4937 3802 4992 At-

2147 5032 2347 5089 lantici
2378 5032 2538 5103 (71g)?
2572 5032 2718 5087 Nam
2753 5030 2905 5086 sicut
2936 5046 3059 5085 eam
3095 5046 3208 5083 non
3263 5033 3509 5099 possunt
3540 5025 3807 5082 homines

2147 5122 2428 5189 dimetiri,
2463 5122 2544 5175 ita
2578 5120 2976 5175 narrationem
3029 5119 3381 5187 exsuperant
3430 5132 3557 5186 qum
3589 5114 3659 5170 ab
3710 5114 3807 5171 illo

2148 5213 2296 5266 ﬁunt
2327 5210 2610 5282 quotidie.
2643 5213 2759 5281 Ego
2786 5215 2980 5263 autem
3014 5207 3143 5276 ejus
3174 5211 3306 5259 ante
3340 5204 3460 5259 haec
3487 5206 3682 5259 omnia
3712 5203 3811 5260 ad-

2151 5302 2336 5356 miror
2366 5300 2739 5355 tolerantiam
2766 5318 2779 5367 ;
2806 5302 2977 5353 noctu
3013 5296 3169 5350 enim
3202 5298 3257 5348 et
3288 5293 3542 5349 interdiu
3563 5294 3643 5349 ita
3672 5298 3807 5357 stat,

2152 5395 2218 5445 ut
2251 5390 2522 5444 videatur
2552 5388 2623 5442 ab
2658 5386 2957 5441 omnibus.
2992 5381 3221 5437 Ablatis
3270 5383 3424 5437 enim
3480 5382 3725 5448 foribus,
3756 5384 3813 5435 et

2152 5498 2266 5535 non
2313 5479 2561 5533 minima
2612 5481 2775 5548 parte
2824 5473 3083 5530 ambitus
3131 5472 3436 5541 dissoluta,
3470 5470 3813 5543 proponitur

2152 5569 2434 5626 omnibus
2467 5566 2871 5639 spectaculum
2905 5580 3119 5619 novum
3153 5568 3211 5619 et
3240 5560 3621 5619 admirabile:
3656 5573 3811 5616 nunc

2159 5660 2313 5717 853
2351 5659 2589 5730 quidem
2614 5660 2780 5714 stans
2807 5654 2980 5727 longo
2998 5659 3281 5727 tempore,
3306 5668 3461 5711 nunc
3483 5655 3676 5708 autem
3700 5647 3811 5704 fre-

3450 5770 3489 5827 4
