4180 6338
510 358 613 412 107

1703 357 1800 409 DE
1840 355 2028 409 VITlS
2062 354 2363 411 PATRUM
2400 356 2613 409 LIBER
2649 358 2745 410 IX.

3803 356 3907 414 108

504 483 751 552 quenter
780 497 843 537 se
873 480 1209 547 incurvans,
1230 483 1287 535 et
1318 479 1433 535 Deo
1456 478 1704 533 offerens
1724 477 2147 532 adorationem.
2181 478 2235 543 Α
2266 477 2609 547 modi,ﬁunt
2630 478 2977 549 posthoram
3002 494 3237 535 nonam.
3279 481 3483 536 Totam
3507 481 3662 537 enim
3683 486 3911 538 noctem

501 571 628 625 Jam
662 586 793 626 vero
824 570 993 626 multi
1048 584 1279 641 quoque
1312 585 1379 623 ex
1419 565 1755 622 astantibus
1807 570 2158 622 enumerant

498 659 607 714 has
635 660 1228 716 adorationes.Semel
1250 664 1441 714 autem
1462 658 1701 729 quidam
1728 657 1882 712 exiis
1908 658 2008 728 qui
2035 673 2159 712 me-

499 766 633 805 cum
664 756 848 818 erant,
885 769 1018 807 cum
1054 753 1462 805 enumerasset
1503 748 1663 803 mille
1694 752 1749 802 et
1792 748 2076 804 ducentas
2105 751 2161 802 et

500 840 890 911 quadraginta
921 845 1196 911 quatuor,
1231 839 1441 893 deinde
1477 836 1677 909 lapsus
1729 842 1885 892 esset
1934 837 2160 891 destitit

502 945 832 984 numerare.
868 932 1112 999 Semper
1150 934 1347 983 autem
1380 945 1440 983 se
1474 926 1987 997 inclinans,prope
2018 926 2163 997 digi-

500 1021 595 1074 tos
610 1020 824 1089 pedum
844 1020 1093 1074 frontem
1128 1017 1569 1073 admovet.Nam
1604 1032 1736 1071 cum
1763 1020 1961 1070 venter
1983 1016 2164 1070 semel

506 1108 565 1161 in
598 1108 969 1165 hcbdomada
993 1108 1339 1163 alimentum
1365 1105 1635 1177 accipiat,
1662 1105 1836 1176 idque
1864 1105 2161 1175 exiguum,

503 1202 791 1266 quantum
808 1202 895 1251 est
908 1198 1243 1251 divinorum
1259 1200 1753 1250 sacramentorum
1774 1194 2163 1265 participatio,

502 1287 674 1341 dorso
708 1287 972 1341 concedit
1007 1290 1070 1341 ut
1104 1284 1271 1340 facile
1305 1284 1659 1339 inflectatur.
1686 1284 1864 1337 Aiunt
1895 1288 2088 1337 autem
2115 1282 2165 1336 ei

502 1390 571 1429 ex
600 1376 852 1430 statione
882 1376 941 1430 in
975 1375 1156 1430 altero
1195 1375 1338 1445 pede
1371 1377 1608 1428 enatum
1660 1388 1790 1428 esse
1842 1372 2010 1427 ulcus
2043 1370 2163 1426 chi«

505 1464 833 1532 ronium,et
864 1464 1027 1519 illinc
1049 1463 1290 1519 assiduo
1315 1463 1631 1534 plurimam
1658 1462 1888 1517 excerni
1914 1460 2162 1517 saniem.

504 1555 611 1608 Sed
643 1554 786 1608 nihil
820 1554 975 1625 quod
1032 1553 1084 1608 ei
1120 1553 1351 1623 accidit,
1386 1552 1652 1622 reprimit
1698 1550 2167 1623 philosophiam;

508 1644 608 1697 sed
645 1644 756 1698 fert
790 1642 925 1697 forti
958 1647 1012 1697 et
1044 1658 1327 1714 generoso
1362 1641 1559 1695 animo
1592 1640 1947 1710 voluntaria,
1982 1644 2038 1695 et
2071 1638 2170 1694 in-

509 1732 861 1801 voluntaria,
884 1733 1188 1789 alacritate
1226 1732 1410 1787 animi
1429 1735 1484 1786 et
1504 1731 1625 1785 haec
1656 1736 1713 1786 et
1740 1729 1843 1785 illa
1862 1745 2171 1802 superans.

2262 570 2319 620 et
2349 566 2498 621 diem
2526 583 2711 638 usque
2736 569 2805 623 ad
2834 585 3048 623 nonam
3074 573 3200 625 orat
3222 574 3522 641 perpetuo.
3540 570 3676 626 Post
3695 588 3913 627 nonam

2265 660 2485 720 autem,
2506 656 2761 727 primum
2784 658 3020 728 quidem
3054 658 3311 713 divinam
3338 659 3663 714 doctrinam
3682 660 3919 716 exhibet

2268 746 3117 817 praesentibus;deinde,audita
3133 748 3602 820 uniuscujusque
3617 749 3918 821 petitione,

2267 851 2333 887 cu
2346 850 2397 887 m
2416 833 2644 905 aliquas
2661 836 2858 891 fecerit
2881 836 3234 903 curationes,
3249 837 3545 907 componit
3564 836 3695 893 lites
3715 854 3918 893 eorum

2268 922 2419 978 inter
2440 940 2585 995 quos
2609 930 3119 981 estcontroversia.
3138 926 3305 982 Circa
3318 944 3590 983 occasum
3605 933 3801 983 autem
3820 945 3920 984 so-

2272 1012 2342 1067 lis
2373 1014 2644 1085 deinceps
2673 1014 2879 1086 incipit
2908 1016 3214 1071 convenire
3235 1015 3691 1073 Dominum.Sed
3714 1034 3925 1089 quam-

2272 1103 2358 1156 vis
2390 1104 2448 1157 in
2480 1104 2570 1158 his
2596 1108 2877 1171 versetur,
2914 1111 2970 1160 et
3009 1106 3129 1161 haec
3160 1106 3359 1162 omnia
3391 1107 3584 1176 faciat,
3618 1124 3725 1163 nec
3750 1124 3925 1163 sanc-

2274 1198 2463 1248 tarum
2490 1194 2868 1249 ecclesiarum
2897 1212 3097 1250 curam
3131 1198 3331 1266 abjicit
3380 1204 3435 1253 et
3467 1198 3922 1269 providentiam,

2276 1282 2590 1354 aliquando
2618 1284 2853 1355 quidem
2881 1302 3151 1357 pugnans
3165 1303 3297 1341 cum
3319 1286 3619 1358 impietate
3634 1288 3926 1359 gentium,

2277 1371 2591 1443 aliquando
2606 1379 2798 1429 autem
2820 1374 3089 1445 frangens
3105 1376 3447 1432 Judaaorum
3462 1377 3769 1433 audaciam
3787 1378 3928 1447 (77),

2280 1460 2596 1532 aliquando
2628 1464 2866 1535 quidem
2897 1464 3149 1520 fundens
3164 1482 3228 1519 ac
3243 1466 3560 1538 profligans
3578 1471 3805 1521 turmas
3823 1467 3931 1521 ha-

2280 1550 2678 1618 reticorum,et
2696 1552 3013 1623 aliquando
3036 1558 3230 1608 autem
3268 1554 3441 1609 dehis
3456 1554 3720 1610 scribens
3737 1556 3806 1609 ad
3821 1555 3936 1609 im-

2282 1641 2957 1713 peratorem,aliquando
2970 1647 3164 1698 autem
3180 1643 3457 1714 praesides
3475 1662 3539 1700 ac
3553 1645 3939 1716 magistratus

2283 1729 2354 1784 ad
2387 1729 2652 1785 divinum
2682 1730 2870 1787 zelum
2904 1732 3510 1804 excitans,aliquando
3544 1738 3739 1789 autem
3786 1734 3940 1805 ipsis

585 1841 702 1896 Hoc
733 1844 928 1897 autem
971 1840 1140 1895 ulcus
1178 1844 1413 1895 coactus
1462 1855 1694 1909 quoque
1721 1842 1808 1894 est
1860 1838 2137 1909 aliquand

2292 1835 2523 1890 quoque
2578 1819 2959 1877 ecclesiarum
3018 1822 3353 1893 pastoribus
3408 1823 3691 1893 majorem
3738 1823 3942 1895 gregis

514 1930 691 1986 alicui
722 1930 1027 1985 ostendere
1059 1930 1193 1999 (75).
1231 1930 1431 1983 Dicam
1465 1932 1663 1982 autem
1709 1944 1968 1983 causam.
2004 1927 2180 1981 Venit

516 2023 587 2077 ab
620 2021 880 2075 Arabena
922 2019 1165 2091 quidam
1201 2018 1286 2072 vir
1318 2019 1526 2073 bonus.
1551 2016 1946 2072 ethonoratus
1966 2016 2179 2072 Christi

522 2109 852 2165 ninisterio.
883 2111 937 2163 ls
971 2124 1102 2163 cum
1138 2108 1210 2162 ad
1243 2107 1388 2161 illud
1421 2106 1789 2178 pervenisset
1847 2123 2128 2161 cacumen
2166 2122 2178 2160 :

524 2198 628 2254 Dic
662 2198 829 2268 mihi,
861 2198 1077 2269 inquit,
1113 2214 1213 2267 per
1244 2198 1437 2266 ipsam
1472 2196 1799 2263 veritatem,
1834 2213 1963 2267 quas
1997 2196 2184 2251 homi-

533 2305 674 2343 num
707 2304 893 2359 genus
926 2288 996 2341 ad
1031 2304 1092 2341 se
1124 2286 1432 2351 convertit,
1466 2302 1604 2342 esne
1638 2288 1832 2353 homo,
1864 2304 1936 2340 an
1979 2289 2188 2341 natura

531 2378 911 2448 incorporea?
941 2377 1084 2431 Cum
1124 2380 1318 2431 autem
1353 2376 1452 2447 qui
1487 2377 1729 2431 aderant
1778 2392 1926 2447 aegre
1975 2376 2190 2431 ferrent

538 2466 1079 2537 interrogationem,
1114 2481 1317 2519 omnes
1350 2464 1588 2535 quidem
1632 2464 1817 2535 jussit
1856 2468 2084 2532 tacere;
2116 2464 2189 2519 ad

540 2558 707 2613 illum
740 2562 934 2611 autem
968 2555 1413 2611 dixit2Curhanc
1446 2555 1590 2610 mihi
1622 2556 1980 2627 proposuisti
2012 2555 2190 2610 inter-

540 2647 899 2717 rogationem
920 2646 947 2700 ?
969 2649 1110 2699 Cum
1139 2649 1335 2699 autem
1369 2645 1650 2699 dixisset:
1677 2645 1961 2711 Quoniam
1988 2660 2192 2700 omnes

536 2737 708 2808 vulgo
734 2738 957 2807 jactare
984 2734 1177 2803 audio,
1202 2739 1257 2788 te
1281 2750 1471 2805 neque
1495 2735 1821 2802 comedere,
1844 2750 1947 2790 nec
1973 2733 2189 2789 dormi-

535 2842 625 2893 re;
652 2829 965 2895 utrumque
987 2827 1186 2878 autem
1219 2828 1308 2878 est
1334 2823 1638 2878 hominum
1673 2824 2187 2895 praprium,nemo

530 2916 685 2971 enim
722 2914 821 2985 qui
854 2913 962 2968 hac
994 2913 1071 2967 sit
1110 2917 1322 2967 natura
1377 2914 1657 2984 praeditus
1705 2913 1921 2968 vixerit
1972 2913 2197 2983 absque

529 3005 811 3060 alimento
844 3006 902 3057 et
933 3018 1165 3057 somno.
1202 3000 1301 3056 Ille
1335 3006 1532 3057 autem
1557 3002 1741 3071 jussit
1790 3004 2027 3073 quidem
2060 3018 2190 3057 sca-

532 3095 620 3150 las
652 3092 950 3148 admoveri
982 3091 1289 3161 columnae,
1313 3090 1480 3146 illum
1514 3096 1709 3147 autem
1744 3093 2100 3147 ascendere:
2133 3094 2191 3146 et

532 3183 792 3255 primum
812 3181 1050 3252 quidem
1071 3198 1281 3235 manus
1311 3182 1809 3251 aspicere,deinde
1833 3182 1985 3235 intra
2016 3180 2182 3253 pelli-

534 3288 703 3327 ceum
734 3271 905 3326 illum
935 3270 1215 3325 amictum
1241 3286 1483 3324 manum
1508 3272 1829 3337 mittere,et
1849 3270 2043 3324 videre
2068 3286 2181 3323 non

534 3361 725 3417 solum
760 3361 955 3433 pedes,
998 3360 1098 3414 sed
1126 3360 1302 3415 etiam
1336 3359 1505 3414 ulcus
1556 3358 1702 3413 illud
1748 3359 2185 3431 gravissimum.

534 3454 678 3507 Cum
707 3455 902 3505 autem
935 3450 1108 3504 homo
1142 3448 1403 3515 vidisset,
1430 3452 1485 3503 et
1511 3449 1837 3503 admiratus
1860 3454 2014 3505 esset
2042 3449 2191 3505 ulce-

536 3541 615 3595 ris
647 3538 1139 3611 magnitudinem,
1176 3542 1231 3591 et
1262 3554 1330 3592 ex
1354 3554 1418 3591 eo
1444 3538 1744 3593 didicisset
1772 3540 2063 3609 quomodo
2088 3556 2185 3594 su-

530 3635 655 3685 mat
686 3628 1141 3696 nutrimentum,
1177 3626 1339 3682 illinc
1372 3628 1608 3698 quidem
1641 3627 1965 3699 descendit,
1987 3629 2057 3683 ad
2094 3645 2186 3683 me

529 3724 725 3775 autem
757 3718 995 3773 veniens
1030 3716 1290 3771 narravit
1322 3717 1546 3771 omnia.

598 3828 663 3881 In
681 3824 844 3881 festis
869 3828 1062 3879 autem
1088 3822 1340 3895 publicis
1364 3822 1539 3879 aliam
1565 3840 1798 3895 quoque
1821 3824 2083 3879 ostendit
2106 3829 2188 3878 to-

532 3914 867 3971 lerantiam.
902 3914 1048 3968 Nam
1079 3918 1210 3984 post
1241 3928 1515 3969 occasum
1550 3913 1709 3980 solis,
1744 3914 1927 3968 donec
1971 3914 2021 3967 is
2054 3931 2185 3967 rur-

531 4022 632 4060 sus
666 4003 887 4060 venerit
918 4003 988 4056 ad
1022 4002 1381 4056 horizontem
1431 4001 1873 4069 occidentalem,
1909 4001 2184 4057 manibus

530 4094 589 4148 in
625 4094 833 4149 caelum
867 4090 1122 4146 extensis
1151 4094 1269 4145 stat
1310 4094 1431 4144 tota
1463 4096 1631 4145 nocte
1664 4092 1795 4158 (7G),
1828 4107 1932 4146 nec
1964 4109 1995 4145 a
2026 4108 2183 4146 som-

531 4199 603 4236 no
636 4181 937 4244 delinitus,
973 4196 1077 4233 nec
1112 4196 1143 4232 a
1178 4179 1369 4233 labore
1399 4188 1730 4249 superatus.
1767 4180 1825 4235 In
1862 4181 2041 4235 tantis
2074 4197 2179 4235 au-

522 4279 638 4326 tem
671 4268 993 4337 laboribus,
1014 4272 1292 4337 tantaque
1330 4284 1524 4323 rerum
1559 4275 1856 4339 gestarum
1883 4271 2177 4341 magnitu-

518 4362 654 4415 dine
685 4364 740 4413 ct
773 4356 1195 4413 miraculorum
1234 4356 1631 4425 multitudine,
1666 4364 1721 4413 et
1754 4364 1918 4415 tanta
1942 4377 2173 4415 morum

518 4448 805 4505 modestia
830 4464 894 4502 ac
928 4446 1326 4502 moderatione
1359 4448 1662 4518 praeditus,
1695 4466 1759 4505 ac
1792 4450 1840 4504 si
1876 4450 1951 4505 sit
1983 4450 2169 4520 digni-

510 4546 628 4595 tate
662 4542 991 4609 postremus
1025 4536 1295 4591 omnium
1330 4536 1658 4592 hominum.
1698 4540 1904 4594 Praeter
1940 4542 2169 4595 modes-

526 4629 669 4682 tiam
702 4633 895 4681 autem
929 4630 984 4680 et
1015 4624 1202 4679 facilis
1238 4626 1308 4679 ad
1341 4640 1475 4680 eum
1527 4631 1683 4697 patet
1738 4629 1952 4696 aditus,
1988 4635 2043 4684 et
2091 4646 2174 4702 est

510 4716 763 4772 affabilis
781 4721 837 4769 et
861 4714 1058 4770 suavis
1080 4734 1092 4781 ;
1111 4718 1167 4769 et
1191 4716 1498 4785 respondet
1523 4716 1833 4787 unicuique
1847 4735 2048 4773 eorum
2072 4721 2173 4791 qui

501 4806 847 4877 loquuntur,
881 4809 999 4859 sive
1032 4804 1107 4859 sit
1143 4804 1357 4875 opifex,
1386 4805 1503 4861 sive
1532 4808 1855 4874 mendicus,
1889 4808 2006 4864 rive
2042 4827 2171 4864 rus-

504 4898 679 4953 ticus.
713 4898 757 4950 A
794 4894 1070 4948 muniﬁco
1106 4897 1306 4948 autem
1340 4898 1391 4948 et
1425 4894 1649 4949 liberali
1679 4899 1921 4953 Domino
1954 4898 2175 4969 accepit

508 4987 686 5042 etiam
706 4982 1236 5039 donumdoctrinw:
1259 4988 1313 5038 et
1330 4983 1418 5039 bis
1444 4985 1708 5053 quotidie
1735 4986 1953 5042 faciens
1978 4989 2175 5043 admo-

507 5076 775 5141 nitiones,
803 5074 1007 5145 irrigat
1056 5089 1227 5127 aures
1270 5088 1472 5127 eorum
1498 5075 1593 5144 qui
1620 5075 1885 5139 audiunt,
1924 5076 2165 5147 pulchre

516 5165 834 5219 admodum
867 5163 1144 5232 loquens,
1177 5165 1231 5215 et
1254 5161 1432 5216 divini
1466 5164 1711 5233 spiritus
1744 5166 2025 5221 exhibens
2050 5167 2171 5221 dis-

515 5251 1125 5323 ciplinam;etjubens
1148 5250 1205 5303 in
1232 5248 1441 5305 cmlum
1467 5252 1766 5323 suspicere
1782 5254 2174 5323 etevolare,et

510 5358 543 5395 a
560 5346 714 5395 terra
730 5341 1111 5408 discedere,et
1127 5355 1371 5410 regnum
1388 5341 1539 5410 quod
1565 5347 1936 5414 exspectatur
1949 5344 2172 5401 visione

511 5429 1044 5501 apprehendere,et
1075 5428 1356 5499 gehennze
1390 5436 1581 5486 minas
1603 5432 1833 5499 timere,
1855 5436 1911 5488 et
1940 5437 2171 5492 terrena

524 5525 919 5585 contemnere,
940 5523 994 5573 et
1026 5520 1222 5573 futura
1244 5526 1599 5591 exspectare.
1626 5522 1781 5576 Licet
1811 5527 2003 5578 autem
2035 5540 2170 5581 eum

505 5624 748 5680 quoque
776 5606 1370 5676 viderejudicantem,
1395 5615 1450 5665 et
1474 5615 1662 5665 rectas
1685 5610 1951 5681 etjustas
1979 5612 2167 5670 feren-

502 5704 621 5755 tem
664 5698 1007 5754 sententias.
1044 5698 1173 5753 Htec
1204 5701 1400 5755 autem
1432 5704 1491 5757 et
1522 5717 1650 5773 qua:
1682 5704 1822 5757 sunt
1858 5700 2168 5774 hujusmo-

2292 1925 2491 1964 curam
2525 1924 2724 1980 gerere
2755 1910 3117 1982 praecipiens.

2362 2002 2489 2052 Haec
2520 2002 2714 2053 autem
2756 2013 2888 2054 sum
2950 2003 3314 2069 persecutus,
3349 2017 3416 2055 ex
3474 2006 3641 2072 gutta
3691 2006 3947 2058 conatus

2290 2090 2597 2144 ostendere
2630 2089 2881 2161 pluviam
2918 2089 3047 2159 (78),
3071 2094 3129 2145 et
3150 2089 3221 2145 iis
3253 2090 3352 2162 qui
3385 2092 3505 2146 haec
3530 2092 3749 2164 scripta
3780 2091 3949 2164 lege-

2292 2179 2433 2245 rint,
2463 2178 2746 2249 ta‘nquam
2781 2179 2971 2233 indice
3030 2181 3381 2251 gustandam
3437 2182 3691 2252 praebere
3740 2180 3942 2237 mellis

2295 2266 2685 2323 dulcedinem.
2712 2272 2845 2335 Quae
2867 2274 3061 2323 autem
3087 2269 3471 2325 decantantur
3496 2287 3559 2325 ac
3584 2271 3969 2327 celebrantur

2294 2357 2738 2419 abomnibus.ea
2754 2358 2971 2414 suntiis
3000 2357 3494 2431 longeplura.Sed
3528 2377 3643 2416 non
3667 2376 3796 2415 sum
3828 2376 3966 2416 om-

2299 2448 2392 2503 nia
2423 2449 2679 2504 scribere
2701 2450 3021 2520 pollicitus,
3048 2451 3146 2506 sed
3171 2452 3375 2522 paucis
3399 2452 3527 2521 ejus
3544 2451 3672 2506 vitae
3694 2451 3966 2507 instituti

2297 2538 2619 2599 ostendere
2652 2540 2900 2594 formam
2933 2544 2989 2593 et
3016 2540 3435 2597 characterem.
3461 2541 3841 2597 Conscribent
3861 2558 3976 2595 au-

2308 2621 2449 2695 tem,
2483 2631 2545 2682 ut
2574 2631 2663 2682 est
2694 2633 3175 2696 consentaneum,
3209 2629 3309 2685 alii
3360 2646 3592 2702 quoque
3651 2629 3743 2686 his
3787 2630 3971 2701 longe

2308 2715 2500 2787 plura.

2373 2806 2520 2860 Cum
2555 2810 2686 2877 post
2719 2806 2841 2862 haec
2871 2812 3066 2863 autem
3100 2808 3199 2863 diu
3233 2808 3469 2865 vixisset
3501 2810 3636 2880 (79),
3667 2812 3725 2864 et
3757 2807 3971 2867 multis

2300 2894 2603 2950 miraculis
2631 2900 2689 2952 et
2715 2895 3037 2963 laboribus,
3071 2898 3392 2970 ardoreque
3422 2899 3563 2954 solis
3594 2904 3652 2955 et
3698 2898 3960 2963 hiberna

2297 2983 2502 3055 glacie,
2522 2988 2577 3038 et
2601 2984 3046 3041 vehementibus
3069 2991 3371 3043 ventorum
3397 2987 3741 3058 insultibus,
3761 2993 3817 3043 et
3838 2987 3963 3041 hu-

2300 3088 2483 3126 mana:
2515 3076 2737 3127 natura:
2777 3073 3197 3145 imbecillitate,
3226 3076 3387 3130 solus
3429 3090 3496 3131 ex
3528 3076 3800 3132 omnibus
3847 3078 3957 3147 qui

2302 3177 2558 3232 unquam
2594 3161 2830 3217 fuerunt
2870 3163 3189 3219 mansisset
3245 3164 3740 3237 inexpugnabilis,
3778 3171 3958 3237 post-

2302 3267 2479 3321 quam
2513 3268 2645 3306 eum
2679 3252 2953 3324 deinceps
2984 3254 3241 3325 oportuit
3284 3271 3413 3310 esse
3443 3272 3576 3310 cum
3609 3255 3858 3321 Christo,
3891 3260 3957 3311 et

2297 3339 2723 3395 immensorum
2758 3342 3144 3397 certaminum
3177 3360 3421 3399 coronas
3471 3344 3753 3415 accipere,
3788 3345 3951 3415 quod

2297 3431 2469 3487 homo
2501 3434 2741 3503 quidem
2774 3438 2949 3501 esset,
2984 3440 3169 3491 morte
3199 3436 3567 3492 confirmavit
3591 3438 3662 3493 iis
3693 3439 3793 3508 qui
3828 3454 3951 3493 non

2296 3521 2641 3578 credebant:
2677 3524 2895 3579 mansit
2920 3528 3117 3579 autem
3160 3525 3338 3580 etiam
3370 3531 3500 3597 post
3533 3532 3783 3583 mortem
3832 3526 3951 3583 im-

2298 3610 2574 3681 mobilis;
2606 3615 2663 3667 et
2693 3610 2750 3666 in
2808 3613 3017 3668 cmlum
3050 3614 3289 3685 quidem
3338 3614 3537 3670 anima
3582 3621 3948 3687 pervenerat,

2294 3718 2506 3773 corpus
2538 3707 2732 3758 autem
2766 3720 2836 3758 ne
2894 3704 2975 3759 sic
3005 3705 3241 3776 quidem
3275 3705 3477 3761 cadere
3500 3707 3819 3775 sustinuit;
3842 3709 3946 3763 sed

2293 3791 2447 3847 854
2480 3797 2702 3848 rectum
2736 3793 2901 3848 stetit
2927 3793 2984 3848 in
3036 3794 3161 3849 loco
3211 3795 3624 3865 certaminum,
3655 3801 3943 3869 tanquam

2293 3881 2544 3936 invictus
2577 3881 2812 3948 athleta,
2848 3881 3009 3937 nulla
3067 3887 3230 3955 parte
3286 3885 3686 3941 membrorum
3742 3886 3948 3945 volens

2293 3974 2506 4025 terram
2537 3974 2797 4041 tangere.
2832 3971 2926 4027 Sic
2957 3972 3174 4029 Christi
3234 3974 3470 4029 athletis
3528 3980 3727 4031 manet
3765 3977 3945 4034 etiam

2290 4067 2424 4131 post
2454 4064 2701 4115 mortem
2735 4078 2869 4116 cum
2902 4062 2987 4117 eis
3019 4062 3196 4117 simul
3226 4080 3466 4119 versans
3495 4065 3759 4121 victoria.

2357 4149 2833 4207 Variorumcerte
2850 4152 3186 4207 morborum
3202 4154 3621 4224 curationes,et
3636 4155 3944 4228 miracula,

2287 4244 2343 4293 et
2374 4239 2707 4295 divinarum
2727 4239 2910 4297 virtus
2934 4242 3362 4312 operationum,
3382 4242 3536 4299 sicut
3559 4245 3794 4315 quando
3817 4251 3945 4302 erat

2284 4334 2605 4400 superstes,
2622 4330 2703 4385 ita
2722 4347 2876 4385 nunc
2897 4347 3129 4402 quoque
3148 4332 3446 4401 fiunt,non
3463 4332 3657 4387 solum
3682 4336 3837 4406 apud
3856 4334 3942 4391 lo-

2280 4418 2440 4473 culos
2463 4424 2797 4474 sanctarum
2824 4419 3358 4490 reliquuarum,sed
3396 4422 3571 4477 etiam
3595 4426 3748 4494 apud
3774 4442 3939 4481 sum-

2281 4524 2383 4562 mae
2418 4509 2545 4579 ejus
2592 4509 2830 4565 virtutis
2862 4513 2918 4564 et
2967 4509 3257 4565 diuturnae
3307 4512 3717 4569 decertationis
3750 4515 3945 4571 moni-

2209 4597 2254 4661 D
2289 4599 3174 4670 mentum;magnam,inquam,
3200 4598 3360 4655 illam
3386 4600 3808 4658 etcelebratam
3843 4621 3943 4660 co-

2284 4686 2551 4744 lumnam
2567 4687 2902 4758 hujusjusti
2918 4688 3262 4745 etlaudibus
3276 4689 3606 4746 celebrandi
3624 4693 3940 4750 Simeonis.

2355 4778 2532 4847 Cujus
2564 4778 2783 4833 sanctis
2806 4777 3327 4834 intercessionibus
3351 4779 3521 4850 cupio
3546 4784 3609 4834 ut
3638 4796 3744 4852 ego
3768 4783 3941 4853 adju-

2284 4870 2381 4920 tus
2412 4866 2467 4921 in
2507 4865 2596 4920 his
2630 4867 2848 4921 sanctis
2880 4882 3239 4939 perseverem
3271 4867 3599 4925 laboribus:
3634 4870 3940 4943 Deumque

2285 4971 2487 5025 precor
2519 4954 2618 5025 qui
2651 4960 2739 5010 est
2769 4956 3102 5012 communis
3133 4960 3398 5027 ornatus,
3433 4963 3491 5013 et
3520 4964 3610 5014 est
3657 4959 3941 5031 splendor

2285 5044 2517 5115 pictatis
2545 5048 2600 5099 et
2629 5060 2773 5099 vera:
2807 5044 3130 5117 religionis,
3164 5050 3225 5101 ut
3253 5050 3308 5101 et
3354 5064 3484 5103 mea
3529 5050 3647 5103 vita
3678 5050 3936 5123 corriga-

2283 5137 2400 5199 tur,
2433 5138 2488 5189 et
2520 5134 2589 5189 ad
2625 5134 3017 5205 evangelicam
3047 5135 3179 5192 vitae
3207 5136 3457 5193 formam
3491 5137 3803 5211 dirigatur.

2869 5305 3099 5362 CAPUT
3130 5306 3349 5363 XXVII.

2850 5430 3181 5472 manemus
3213 5415 3266 5485 (8
3278 5415 3354 5485 0).

2353 5528 2420 5582 Et
2439 5528 2765 5584 communis
2796 5528 3036 5585 hominu
3051 5548 3103 5585 m
3120 5530 3308 5586 hostis
3332 5530 3553 5588 invenit
3572 5533 3789 5590 multas
3806 5534 3935 5591 vias

2279 5616 2426 5687 vitii,
2443 5618 2781 5674 universam
2806 5618 3128 5675 humanam
3146 5625 3417 5676 naturam
3434 5622 3682 5679 studens
3696 5623 3933 5695 penitus

2280 5707 2522 5779 perdere
2546 5725 2561 5779 ;
2586 5712 2642 5765 et
2660 5708 2894 5781 pietatis
2916 5723 3191 5780 veraequae
3213 5709 3515 5783 religionis
3536 5712 3760 5770 alumni
3777 5710 3934 5770 mul-
