4180 6338
213 376 309 432 113

825 501 1062 557 CAPUT
1092 501 1258 559 XXX.

839 616 1100 655 DOMNINA
1133 601 1266 671 (84).

276 716 469 770 Divini
511 715 790 781 Maronis,
826 716 996 786 cujus
1028 717 1194 787 prius
1241 716 1639 783 meminimus,
1694 716 1871 771 vitam

211 806 494 860 aemulata
516 805 1275 871 Domninaadmirabilis,in
1296 806 1462 860 horto
1489 812 1760 860 materna:
1777 806 1872 859 do-

212 912 339 949 mus
374 912 623 965 parvum
654 896 949 963 quoddam
974 895 1099 949 ﬁxit
1121 896 1446 966 tugurium.
1472 896 1533 949 Ei
1559 902 1749 949 autem
1779 900 1869 949 tu-

200 985 374 1055 guriu
391 1002 436 1037 in
462 984 645 1039 efﬁcit
669 985 859 1054 panici
885 984 1127 1055 stipula.
1152 984 1461 1039 Continuis
1476 988 1667 1037 autem
1691 982 1867 1055 lacry-

205 1075 313 1129 mis
340 1091 459 1127 non
483 1074 678 1127 solum
707 1072 855 1145 rigat
883 1090 1084 1144 genas,
1110 1074 1208 1127 sed
1232 1073 1409 1127 etiam
1434 1074 1783 1127 vestimenta
1797 1090 1865 1127 ex

203 1162 378 1235 pilis:
416 1162 645 1217 talibus
676 1162 833 1216 enim
872 1163 1237 1217 indumentis
1271 1164 1412 1234 tegit
1438 1179 1670 1233 corpus.
1704 1162 1865 1217 Circa

198 1252 496 1324 gallorum
519 1258 713 1306 autem
741 1256 979 1306 cantum
1000 1253 1069 1306 ad
1091 1252 1354 1306 divinum
1380 1251 1687 1323 templum,
1705 1253 1860 1322 quod

195 1358 305 1395 non
332 1348 428 1396 est
454 1341 680 1411 procul,
706 1342 924 1395 vadens
946 1357 1078 1395 cum
1099 1342 1229 1395 aliis
1269 1346 1325 1395 et
1349 1341 1583 1396 feminis
1620 1350 1671 1395 et
1697 1340 1857 1408 viris,

192 1430 613 1485 universorum
643 1430 890 1484 Domino
915 1430 1081 1483 offert
1109 1429 1329 1484 laudes.
1360 1431 1471 1484 Hoc
1495 1438 1687 1485 autem
1722 1429 1859 1484 iacit

192 1536 305 1573 non
328 1519 532 1573 solum
559 1518 652 1573 die
676 1519 1012 1590 incipiente,
1036 1521 1133 1573 sed
1153 1519 1326 1573 etiam
1344 1519 1685 1587 desinente;
1710 1535 1853 1589 quo-

189 1609 277 1663 vis
309 1608 428 1663 alio
461 1608 589 1663 loco
622 1608 814 1663 locum
835 1608 950 1663 Deo
973 1613 1378 1663 consecratum
1405 1609 1591 1678 magis
1613 1624 1742 1663 esse
1758 1624 1851 1661 ve-

189 1698 529 1752 nerandum
563 1714 832 1761 censeas,
856 1702 912 1751 et
943 1698 1157 1752 docens
1192 1696 1357 1751 alios.
1394 1698 1471 1751 Ea
1502 1697 1571 1751 de
1601 1713 1779 1751 causa
1798 1700 1853 1751 et

189 1788 317 1856 ejus
353 1803 638 1857 magnam
674 1803 873 1841 curam
922 1787 1129 1857 gessit,
1184 1786 1355 1840 matri
1404 1786 1762 1855 persuadens
1795 1790 1851 1839 et

186 1876 475 1930 fratribus
510 1881 573 1929 ut
608 1874 918 1929 facultates
950 1892 1090 1929 suas
1123 1876 1179 1927 in
1217 1875 1272 1928 id
1307 1882 1737 1929 consumerent.

258 1966 447 2019 llabet
470 1972 668 2019 autem
690 1967 1117 2019 nutrimentum
1147 1964 1365 2019 lentem
1401 1980 1556 2033 aqua
1587 1963 1843 2017 madefa-

186 2061 368 2108 ctam.
406 2054 656 2108 Omnem
691 2061 885 2108 autem
920 2054 1076 2108 hunc
1110 2054 1368 2107 laborem
1402 2053 1675 2121 sustinet,
1710 2069 1842 2106 cum

188 2145 263 2198 sit
296 2144 475 2215 plane
525 2143 817 2199 exsiccato
861 2160 1102 2214 corpore
1142 2148 1197 2197 et
1231 2143 1633 2198 semimortuo.
1672 2140 1844 2196 Pellis

184 2234 341 2287 enim
373 2232 796 2298 subtilissima,
821 2238 875 2287 et
894 2250 1020 2304 qua:
1045 2238 1134 2287 est
1155 2232 1340 2287 instar
1358 2232 1735 2295 membranae,
1758 2236 1847 2285 est

184 2323 431 2378 ossibus
463 2323 747 2377 tenuibus
780 2322 1179 2391 circumjecta,
1231 2322 1401 2392 adipe
1432 2328 1485 2375 et
1508 2338 1682 2376 carne
1705 2338 1845 2374 con-

184 2418 431 2481 sumpta
450 2412 817 2465 alaboribus.
842 2411 1191 2480 Proponitur
1206 2414 1401 2465 autem
1424 2410 1698 2465 omnibus
1712 2425 1839 2463 eam

190 2501 390 2555 videre
414 2500 767 2563 volentibus,
796 2507 849 2554 et
870 2500 1009 2553 viris
1032 2504 1088 2553 et
1112 2499 1480 2563 mulieribus,
1508 2516 1689 2569 neque
1714 2499 1838 2552 vul-

194 2598 318 2645 tum
352 2590 872 2661 aspiciens,ncqne
895 2589 990 2643 alii
1018 2589 1241 2644 vultum
1265 2590 1649 2659 spectandum
1687 2589 1839 2642 exhi-

180 2682 324 2734 bens
356 2682 494 2749 (85),
530 2682 623 2733 sed
658 2679 878 2733 amictu
914 2680 1147 2750 quidem
1186 2679 1417 2750 penitus
1452 2682 1739 2742 contecta,
1767 2678 1835 2731 ad

181 2786 375 2841 genua
404 2774 604 2823 autem
627 2768 1158 2838 usqueincurvata,
1193 2768 1355 2822 valde
1395 2768 1597 2835 gracili
1641 2772 1833 2821 autem

185 2875 321 2912 voce
354 2864 414 2912 ct
448 2874 561 2911 non
597 2857 737 2911 satis
770 2873 1041 2927 expressa
1074 2856 1344 2927 loquens,
1379 2861 1579 2909 eteam
1607 2872 1837 2926 quoque

188 2964 422 3018 semper
471 2963 604 3001 cum
644 2946 913 3017 lacrymis
947 2946 1265 3017 proferens.
1319 2948 1479 3015 Smpe
1511 2944 1664 2999 enim
1702 2961 1833 2998 cum

190 3054 374 3091 meam
412 3038 709 3089 dexteram
744 3034 1118 3104 sumpsisset,
1152 3040 1209 3089 et
1231 3034 1415 3089 oculis
1440 3034 1833 3104 imposuisset,

182 3143 303 3179 eam
340 3124 569 3179 dimisit
602 3126 741 3178 adeo
800 3125 1212 3190 madefactam,
1260 3128 1325 3177 ut
1354 3139 1422 3177 ex
1472 3123 1599 3193 ipsa
1655 3140 1830 3177 manu

192 3214 549 3269 distillarcnt
579 3213 868 3281 lacrymze.

252 3305 391 3359 Eam
430 3320 591 3375 ergo,
626 3305 797 3373 cujus
826 3307 965 3357 sunt
1007 3306 1183 3357 tantm
1236 3319 1375 3373 opes
1426 3301 1833 3374 philosophizn,

185 3396 441 3459 flentem,
478 3392 926 3457 lamentantem,
962 3398 1018 3447 et
1050 3390 1531 3463 ingemiscentem
1565 3391 1838 3447 similiter

184 3491 352 3554 atque
378 3499 460 3537 ea:
486 3499 615 3552 qua:
640 3485 779 3535 sunt
800 3481 859 3535 in
884 3486 1142 3536 extrema
1169 3484 1534 3551 paupertate,
1568 3498 1835 3551 quaenam

183 3590 282 3643 pro
328 3572 619 3635 dignitate
672 3569 996 3624 laudaverit
1046 3570 1277 3623 oratio?
1311 3568 1631 3624 Vehemens
1679 3571 1831 3625 enim

183 3678 345 3715 arnor
380 3661 439 3714 in
475 3660 659 3715 Dcum
695 3658 827 3713 illas
862 3657 1338 3729 paritlacrymas,
1362 3658 1430 3711 ad
1456 3658 1711 3713 divinam
1745 3659 1834 3712 in-

181 3752 493 3806 flammans
526 3748 1099 3819 contemplationem,
1134 3752 1189 3802 et
1211 3764 1477 3818 pungcns
1511 3747 1750 3814 aculeis,
1779 3754 1835 3803 ct

182 3856 397 3911 urgens
434 3839 505 3893 ad
541 3854 671 3893 eum
705 3837 799 3908 qui
830 3840 918 3892 est
947 3836 1085 3891 hinc
1119 3837 1353 3891 futurus
1385 3853 1690 3891 excessum

248 3936 428 3986 Porro
464 3932 662 3983 autem
685 3927 1026 3999 quamvisin
1054 3926 1146 3981 his
1184 3926 1283 3981 diu
1325 3931 1619 3997 noctuque
1642 3943 1835 3982 verse—

177 4024 374 4090 tur,ue
390 4017 642 4072 aliorum
676 4016 914 4087 quidem
944 4032 1223 4088 generum
1246 4016 1481 4071 virtutis
1510 4032 1709 4071 curam
1733 4017 1832 4070 ah-

168 4110 320 4180 jicit,
348 4108 451 4163 sed
477 4123 583 4178 pro
601 4106 825 4161 viribus
844 4104 1080 4176 quidem
1107 4110 1272 4159 curat
1292 4106 1545 4175 Optimos
1563 4105 1831 4172 athletas,

176 4213 431 4271 quorum
461 4196 865 4263 meminimus,
882 4199 1101 4266 etquos
1123 4195 1629 4265 praetermisimus.
1657 4195 1835 4250 Curat

176 4294 377 4344 autem
407 4303 508 4342 eos
542 4302 773 4357 quoque
805 4283 901 4355 qui
956 4285 1023 4337 ad
1079 4285 1267 4355 ipsam
1313 4284 1589 4352 veniunt;
1619 4286 1832 4354 jubens

177 4379 326 4435 857
350 4377 593 4449 quidem
619 4374 883 4430 habitare
908 4374 1061 4445 apud
1084 4374 1191 4429 vici
1218 4378 1531 4445 pastorem,
1555 4374 1679 4445 ipsa
1700 4392 1833 4429 vero

173 4469 421 4523 mittens
456 4464 655 4520 omnia
672 4481 799 4537 qua
818 4468 959 4519 sunt
990 4464 1341 4519 necessaria.
1372 4464 1572 4518 Matris
1590 4465 1745 4518 enim
1779 4470 1837 4518 et

174 4560 430 4615 fratrum
458 4554 765 4610 facultates
789 4554 1318 4625 eisuntpropositze
1335 4555 1401 4608 ad
1430 4560 1729 4625 sumptum
1756 4554 1833 4609 fa-

172 4648 480 4709 ciendum,
512 4661 638 4716 quae
673 4643 986 4715 peripsum
1022 4642 1318 4713 accipiunt
1345 4643 1828 4699 benedictionem.

174 4735 517 4801 Quinetiam
566 4732 706 4788 mihi
741 4748 971 4803 quoque
1019 4732 1271 4785 venienti
1307 4733 1374 4785 ad
1413 4732 1571 4786 illam
1607 4738 1831 4803 partem

178 4830 292 4898 (est.
324 4829 521 4880 autem
548 4828 760 4877 nostra:
798 4821 1101 4893 regioniad
1122 4822 1426 4893 Austrum)
1458 4822 1638 4877 mittit
1661 4828 1716 4877 et
1738 4839 1830 4893 pa~

176 4934 337 4981 nem,
373 4921 430 4969 et
462 4914 710 4978 fructus,
747 4920 798 4966 et
829 4912 1039 4966 lentem
1076 4912 1484 4965 madefactam.

246 5005 357 5061 Sed
396 5018 704 5074 quousque
735 5000 958 5072 prolixa
982 5005 1114 5053 utor
1133 5001 1414 5066 oratione,
1437 5003 1682 5055 studens
1706 5018 1830 5055 om—

174 5112 306 5150 nem
342 5092 478 5163 ejus
514 5107 747 5145 narrarc
778 5089 1077 5154 virtutem,
1112 5105 1241 5143 cum
1289 5094 1551 5161 oporteat
1582 5090 1826 5145 aliorum

180 5199 421 5257 quoque
456 5182 715 5253 proferre
732 5180 933 5247 vitam,
960 5196 1085 5249 quae
1109 5178 1346 5234 imitatre
1364 5184 1503 5233 sunt
1525 5184 1580 5233 et
1600 5180 1747 5233 hanc
1776 5192 1833 5233 et

175 5274 333 5343 illas,
369 5287 622 5344 quarum
658 5268 824 5340 prius
859 5267 1259 5322 meminimus.
1301 5268 1489 5322 Multa:
1522 5268 1674 5321 enim
1707 5268 1829 5322 alize

175 5364 393 5436 partim
416 5359 653 5431 quidem
680 5357 856 5411 vitam
882 5355 1159 5428 amplexa:
1182 5364 1315 5410 sunt
1339 5356 1827 5427 solitariam,par-

174 5455 282 5507 tim
318 5456 516 5506 autem
533 5449 722 5502 vivere
744 5450 1015 5501 amarunt
1031 5462 1162 5501 cum
1181 5446 1469 5517 pluribus,
1487 5446 1625 5500 adeo
1644 5452 1703 5499 ut
1728 5447 1827 5499 du-

172 5546 356 5597 centae
391 5536 917 5610 etquinquaginta,
935 5540 991 5590 et
1009 5534 1615 5605 plures,ctpauciores
1649 5536 1827 5590 simul

170 5632 393 5699 vivant,
431 5644 546 5683 uno
580 5627 709 5681 cibo
748 5630 1066 5693 vescentes,
1115 5642 1291 5696 sapor
1322 5625 1477 5679 solas
1511 5628 1729 5679 storeas
1763 5642 1829 5679 ex

171 5722 458 5777 instituto
493 5717 871 5785 dormientes,
903 5720 959 5769 et
990 5731 1200 5769 manus
1223 5714 1459 5785 quidem
1493 5714 1641 5770 lanae
1672 5715 1830 5769 attri-

1354 380 1825 447 PHILOTHEUS,
1869 393 1995 434 srva
2030 380 2509 436 THEOPHILES.

1898 503 1955 567 A
1990 503 2254 570 buentes,
2290 503 2523 575 hymnis
2553 518 2691 559 vero
2721 502 2985 576 linguam
3018 510 3452 562 consecrantes.
3491 508 3642 566 Sunt

3536 385 3644 441 114

1982 599 2175 647 autem
2207 593 2498 662 ejusmodi
2522 593 2975 648 innumerabilia
2998 594 3301 665 sapientiae
3328 598 3636 669 gymnasia

1984 698 2096 737 non
2130 682 2316 737 solum
2352 683 2409 737 in
2445 689 2647 737 nostra
2678 682 2935 753 regione,
2967 684 3067 738 sed
3102 684 3279 739 etiam
3318 702 3419 756 per
3440 690 3629 742 totum

1982 771 2300 826 Orientem.
2318 772 2393 827 lis
2412 778 2603 828 autem
2632 773 2903 844 plenaest
2920 778 2977 826 et
2996 773 3327 840 Palaestina,
3347 780 3405 830 et
3424 777 3636 848 Egyp-

1978 865 2094 923 tus,
2128 865 2185 915 et
2212 860 2363 931 Asia,
2390 868 2446 917 et
2468 862 2708 930 Pontus,
2733 867 2788 916 et
2810 866 2930 916 tota
2958 862 3207 932 Europa.
3233 863 3311 918 Ex
3335 880 3453 935 quo
3476 866 3632 921 enim

1976 948 2245 1003 Christus
2261 950 2549 1003 Dominus
2566 949 2873 1005 honoravit
2896 951 3309 1021 virginitatem,
3332 957 3391 1006 ut
3408 954 3502 1021 qui
3529 971 3633 1008 na-

1980 1042 2075 1090 tus
2096 1039 2253 1091 sitex
2268 1038 2624 1110 virginitate,
2644 1044 2806 1110 prata
2823 1039 3172 1107 virginitatis
3188 1047 3398 1095 natura
3412 1043 3632 1113 germi—

1975 1126 2150 1192 navit,
2167 1134 2221 1180 et
2241 1128 2346 1181 hos
2361 1144 2537 1182 suave
2552 1128 2795 1193 olentes,
2813 1128 2974 1197 etqui
2992 1146 3101 1183 non
3122 1136 3509 1199 marcescunt,
3526 1132 3628 1189 flo-

1970 1231 2064 1270 res
2078 1216 2515 1271 offertCreatori
2536 1234 2547 1271 :
2569 1234 2680 1271 non
2700 1218 2970 1271 virtutem
2989 1216 3046 1271 in
3066 1218 3328 1273 masculo
3344 1220 3625 1276 etfemina

1970 1306 2337 1374 discernens,
2357 1324 2457 1360 nec
2474 1308 2531 1360 in
2549 1308 2697 1361 duas
2713 1306 3071 1361 differentias
3088 1308 3356 1363 dividens
3372 1309 3623 1380 philoso-

1968 1394 2166 1465 phiam
2195 1412 2208 1461 ;
2242 1400 2330 1450 est
2361 1395 2514 1449 enim
2542 1395 2867 1450 differentia
2891 1412 3218 1466 corporum,
3237 1398 3336 1452 sed
3363 1415 3475 1454 non
3501 1399 3629 1455 ani-

1970 1500 2222 1540 morum.
2249 1485 2309 1539 In
2342 1484 2574 1539 Christo
2600 1484 2756 1539 enim
2788 1484 2951 1551 Jesu,
2975 1490 3037 1539 ut
3059 1485 3139 1539 ait
3170 1486 3407 1541 divinus
3441 1490 3619 1559 Apos-

1963 1571 2137 1639 tolus,
2175 1591 2291 1627 non
2324 1578 2413 1628 est
2448 1572 2747 1629 masculus
2778 1580 2835 1628 et
2866 1573 3315 1642 femina(Galat.
3354 1577 3459 1648 ιιι).
3496 1577 3621 1633 Una

1961 1666 2156 1716 autem
2176 1661 2752 1717 mulieribusetviris
2768 1668 2857 1717 est
2882 1664 3025 1717 fides
3041 1665 3435 1735 suppeditata.
3456 1666 3618 1723 Unus

1959 1750 2115 1805 enim
2134 1751 2565 1817 Dominus,uoa
2583 1752 2939 1821 ﬁdes,unum
2959 1753 3283 1823 baptisma:
3302 1755 3615 1813 unusDeus

1881 1861 1926 1925 Β
1959 1845 2016 1895 et
2046 1840 2217 1895 Pater
2235 1841 2523 1908 omnium,
2542 1841 2641 1911 qui
2666 1847 2754 1896 est
2772 1858 2950 1913 super
2968 1842 3185 1909 omnia,
3203 1848 3259 1897 et
3278 1859 3376 1911 per
3391 1846 3607 1912 omnia,

1958 1935 2016 1984 et
2047 1930 2103 1983 in
2140 1930 2418 1985 omnibus
2452 1930 2619 1985 nobis
2653 1928 2871 2001 (Ep/tes.
2905 1933 3000 2001 ιν).
3036 1930 3181 1993 Quin
3217 1932 3390 1986 etiam
3426 1950 3607 1989 unum

1958 2036 2205 2089 regnum
2239 2020 2517 2074 cmiorum
2554 2020 2907 2090 agonotheta
2940 2019 3599 2090 proposuitvictoribus,

1958 2107 2064 2162 hoc
2096 2125 2405 2163 commune
2429 2110 2735 2179 praemium
2766 2110 3050 2165 deﬁniens
3081 2110 3523 2167 certaminibus.

2025 2236 2346 2304 Suntergo,
2367 2233 2587 2297 utdixi,
2614 2233 2808 2288 multm
2832 2238 2887 2288 et
2920 2234 3177 2288 virorum
3210 2236 3597 2291 etmulierum

1960 2320 2191 2390 pietatis
2226 2321 2503 2392 palaestra:
2525 2339 2637 2376 non
2666 2323 2819 2393 apud
2846 2340 2951 2377 nos
2974 2324 3189 2387 solum,
3217 2326 3315 2379 sed
3341 2326 3515 2380 etiam
3544 2327 3600 2380 in

1957 2409 2231 2464 universa
2262 2411 2445 2481 Syria,
2473 2412 2873 2477 etPalazstina,
2899 2417 2953 2465 et
2976 2412 3197 2478 Cilicia,
3229 2413 3357 2468 etin
3383 2431 3450 2468 ea
3471 2431 3601 2485 quae

1955 2507 2037 2555 est
2074 2500 2265 2554 media
2295 2500 2448 2554 inter
2478 2503 2625 2555 duos
2660 2500 2885 2555 fluvios.
2917 2501 2976 2554 ln
3011 2506 3251 2571 .Egypto
3284 2508 3478 2556 autem
3514 2504 3602 2555 di-

1955 2589 2276 2643 cuntetiam
2296 2590 2620 2659 plusquam
2639 2589 2896 2661 quinque
2913 2590 3366 2645 milliavirorum
3386 2593 3599 2646 habere

1956 2678 2334 2744 monasteria,
2354 2681 2450 2749 qni
2472 2684 2789 2749 operantur
2806 2684 2863 2734 et
2886 2680 3119 2735 interim
3143 2680 3457 2735 Dominum
3477 2681 3601 2735 lau-

1954 2768 2093 2821 dant
2125 2750 2477 2839 lij'mnisque
2511 2768 2843 2834 celebrant;
2878 2784 2980 2823 nec
3008 2768 3198 2823 solum
3232 2786 3299 2823 ex
3322 2770 3598 2840 operibus

1955 2856 2347 2911 necessarium
2366 2856 2708 2911 alimentum
2736 2862 3098 2928 comparant,
3120 2860 3218 2912 sed
3241 2859 3413 2913 etiam
3434 2860 3603 2914 adve-

1954 2946 2256 3000 nientibus
2290 2945 2625 3017 hospitibus
2657 2951 2713 3002 et
2742 2947 3046 3018 egentibus
3078 2964 3245 3019 opem
3274 2950 3485 3004 ferunt.

2024 3070 2134 3125 Sed
2165 3069 2361 3125 omnia
2396 3087 2633 3125 narrare
2666 3088 2776 3125 non
2802 3070 2989 3126 solum
3011 3072 3255 3143 ego,sed
3276 3088 3599 3129 necomncs

1954 3161 2270 3231 scriptores
2302 3160 2600 3230 potuerint
2625 3178 2637 3227 ;
2664 3166 2805 3215 etut
2830 3161 3081 3216 maxime
3101 3161 3223 3217 fieri
3250 3168 3466 3231 posset,
3499 3181 3599 3219 su-

1870 3230 1911 3297 C
1952 3265 2379 3320 pervacaneum
2412 3250 2465 3303 id
2502 3266 2630 3305 esse
2654 3249 2943 3317 existimo,
2976 3256 3032 3305 et
3056 3250 3295 3307 honoris
3320 3252 3602 3325 cupidita-

1948 3344 2066 3393 tem
2100 3356 2226 3409 quae
2251 3339 2393 3394 nihil
2420 3340 2629 3395 habeat
2651 3340 2964 3395 commodi.
2991 3342 3063 3395 Iis
3083 3342 3234 3396 enim
3271 3342 3369 3413 qui
3398 3342 3600 3397 volunt

1950 3426 2207 3498 aliquam
2228 3428 2522 3500 percipere
2546 3428 2880 3497 utilitatem,
2906 3430 3599 3501 sufficiunteaqusadicta

1953 3522 2092 3572 sunt
2123 3519 2193 3572 ad
2229 3520 2605 3589 praebendum
2638 3520 2693 3574 id
2728 3520 2883 3590 quod
2918 3519 3307 3575 desideratur.

2020 3633 2150 3687 Ideo
2166 3634 2319 3687 enim
2341 3639 2395 3688 et
2414 3635 2538 3689 vitae
2559 3636 2923 3690 diversorum
2952 3636 3195 3690 fecimus
3217 3636 3597 3705 mentionem,

1947 3725 2003 3775 et
2027 3721 2332 3776 mulierum
2352 3725 2709 3779 narrationes
2727 3724 3164 3779 narrationibus
3180 3725 3430 3780 virorum
3448 3727 3601 3795 adje-

1947 3811 2157 3876 cimus,
2193 3816 2339 3865 utet
2369 3828 2555 3881 senes,
2590 3814 2933 3881 etjuvenes,
2965 3814 3311 3868 etmulieres
3335 3814 3594 3884 philoso-

1948 3900 2095 3971 phia:
2118 3900 2369 3954 habeant
2396 3902 2746 3971 exemplaria
2770 3919 2782 3964 ;
2803 3906 2858 3955 et
2884 3902 3287 3972 unusquisque
3309 3920 3433 3957 cam
3470 3920 3595 3973 qua:

1947 3989 2057 4043 sibi
2092 3990 2251 4043 cordi
2284 3996 2373 4045 est
2402 3992 2577 4045 vitam
2628 3992 2986 4061 exprimens,
3038 3991 3252 4045 habeat
3297 4008 3419 4046 suae
3468 3992 3592 4045 vita:

1946 4080 2267 4149 quamdam
2299 4081 2566 4149 regulam
2600 4089 2653 4134 et
2683 4096 3060 4149 gnomonem,
3093 4081 3190 4150 qui
3232 4085 3321 4135 cst
3353 4080 3502 4136 situs
3535 4081 3589 4133 in

1947 4170 2279 4223 narratione
2302 4174 2359 4223 et
2392 4172 2687 4239 quomodo
2719 4171 2971 4240 pictores
3004 4170 3074 4223 ad
3096 4170 3390 4240 exemplar
3414 4171 3595 4240 respi-

1945 4259 2183 4325 cientes,
2208 4263 2264 4313 et
2286 4258 2484 4313 oculos
2504 4259 2777 4314 imitantu
2796 4276 2839 4328 r,
2872 4265 2928 4313 et
2950 4276 3183 4325 nasum,
3209 4268 3261 4315 et
3285 4277 3369 4328 os,
3414 4265 3471 4315 et
3500 4276 3597 4331 ge-

1946 4364 2074 4409 nas,
2105 4352 2161 4401 et
2193 4364 2384 4411 aures,
2418 4352 2474 4400 et
2506 4348 2782 4415 frontem,
2815 4353 2870 4401 et
2903 4349 3062 4418 ipsos
3092 4348 3305 4418 capitis
3327 4355 3380 4403 et
3404 4350 3595 4404 barbae

1946 4437 2117 4509 pilos,
2151 4443 2205 4493 et
2237 4439 2307 4492 ad
2340 4439 2461 4494 haec
2502 4444 2560 4493 et
2592 4438 2915 4493 sessionem
2964 4444 3019 4493 et
3061 4439 3415 4505 stationem;
3453 4441 3593 4507 quin

1944 4527 2121 4582 etiam
2155 4528 2315 4598 ipsos
2348 4530 2652 4583 oculorum
2678 4527 2947 4592 intuitus,
2972 4529 3094 4582 sive
3117 4529 3235 4582 sint
3258 4528 3368 4581 laeti
3392 4533 3449 4583 et
3470 4528 3593 4583 ala.

1943 4632 2091 4684 ores,
2126 4617 2243 4671 sive
2267 4618 2448 4672 severi
2482 4621 2537 4672 et
2564 4622 2795 4685 truces;
2830 4617 2911 4672 ita
2928 4617 3103 4671 etiam
3127 4622 3350 4686 oportet
3374 4634 3592 4671 unum—

1942 4720 2234 4775 quemque
2266 4706 2426 4761 exiis
2451 4706 2549 4777 qui
2571 4706 2691 4759 hrec
2710 4706 2930 4777 scripta
2956 4705 3181 4777 legunt,
3203 4705 3490 4761 volentem
3516 4707 3591 4760 vi-

1941 4799 2056 4848 tam
2074 4794 2333 4863 aliquam
2351 4796 2590 4865 imitari,
2611 4812 2779 4850 suam
2797 4799 2862 4849 ad
2884 4794 3041 4848 illam
3058 4812 3231 4865 quam
3248 4795 3409 4866 eligit
3431 4812 3585 4850 com-

1941 4900 2174 4953 ponere.
2205 4886 2269 4937 Et
2292 4885 2584 4955 quomodo
2602 4885 2745 4938 fabri
2762 4901 2989 4938 asseres
3004 4884 3234 4938 rubrica
3247 4884 3587 4955 dirigentes,

1940 4990 2005 5026 eo
2040 4990 2227 5042 usque
2262 4974 2314 5027 id
2350 4975 2501 5043 quod
2536 4982 2624 5028 est
2656 4972 3021 5044 superﬂuum
3076 4975 3375 5039 auferunt,
3406 4976 3589 5028 donec

1940 5063 2211 5135 apposita
2235 5062 2455 5133 regula,
2480 5063 2728 5117 viderint
2747 5079 3005 5117 asserem
3031 5079 3158 5117 esse
3181 5063 3462 5133 aequalem
3482 5083 3495 5129 ;
3515 5064 3591 5118 ita

1939 5154 2109 5208 etiam
2144 5170 2275 5206 eum
2312 5154 2412 5222 qui
2448 5153 2583 5207 velit
2606 5154 2779 5206 vitam
2808 5152 3061 5223 aliquam
3091 5151 3333 5217 imitari,
3358 5156 3587 5222 oportet

1938 5259 2065 5297 eam
2090 5241 2197 5295 sibi
2226 5242 2335 5311 ipsi
2368 5258 2578 5309 ponere
2603 5259 2705 5311 pro
2730 5241 2946 5309 regula,
2977 5245 3033 5294 et
3056 5239 3177 5292 vitii
3205 5256 3465 5295 resecare
3491 5257 3589 5295 su-

1940 5333 2180 5402 perflua,
2214 5338 2271 5385 et
2303 5330 2540 5386 virtutis
2568 5331 2788 5401 replere
2819 5348 2886 5385 ea
2917 5347 3039 5399 quae
3067 5330 3297 5383 desunt.
3322 5329 3394 5383 Ea
3426 5332 3582 5385 enim

1939 5423 2008 5475 de
2040 5437 2219 5475 causa
2250 5420 2585 5490 scriptionis
2610 5419 2865 5475 laborem
2891 5418 3285 5489 suscepimus,
3313 5419 3589 5475 utilitatis

1938 5510 2303 5565 occasionem
2339 5516 2730 5581 proponentes
2763 5508 3116 5563 volentibus.

2010 5626 2167 5696 Rogo
2201 5629 2387 5680 autem
2417 5642 2515 5679 eos
2548 5626 2647 5695 qui
2668 5628 2806 5679 sunt
2837 5623 3066 5687 lecturi.
3089 5629 3153 5680 ut
3183 5642 3315 5680 cum
3348 5643 3415 5680 ex
3437 5626 3580 5680 alio-

1940 5729 2067 5769 rum
2087 5713 2385 5769 laboribus
2400 5713 2830 5783 absquelabore
2843 5714 3196 5787 voluptatem
3214 5716 3475 5787 capiunt,
3495 5713 3583 5768 la-
