4180 6338
322 408 424 463 125

1636 410 1937 466 ΡΒΔΤΠΜ
1976 410 2428 468 SPIRITUALE.

3650 406 3752 459 126

316 538 564 607 propter
595 548 804 590 novum
837 530 1286 598 monasterium,
1320 532 1475 604 quod
1518 532 1735 588 dicitur
1769 534 1974 602 Laura,
2005 542 2061 606 Α
2091 535 2261 591 ciam.
2296 537 2430 592 Erat
2461 540 2656 593 autem
2689 538 3034 594 Parasceves
3074 534 3199 591 dies
3222 550 3235 591 :
3257 535 3565 591 Dominica
3602 548 3742 589 vero

318 624 457 679 illuc
491 640 603 695 ego
624 624 918 695 profectus
937 639 1095 688 sum,
1120 624 1432 694 mansique
1456 623 1515 677 in
1542 625 1745 679 eadem
1778 625 1981 679 Laura.

317 716 586 777 Quodam
608 730 739 769 vero
761 712 852 768 die
879 713 956 768 Do
976 713 1193 768 minico
1213 713 1489 767 descendi
1512 712 1569 767 in
1595 713 1906 769 ecclesiam
1927 719 1991 769 ut

319 806 651 878 acciperem
668 822 834 860 sacra
849 804 1987 877 mysteria.IngressusquevidiAngelum

320 900 581 950 stantem
606 896 677 950 ad
695 896 965 949 dextrum
1000 892 1205 949 altaris
1224 910 1428 960 cornu,
1452 898 1508 950 et
1532 910 1745 966 magno
1778 911 1987 965 pavore

2098 626 2190 680 die
2223 642 2394 682 mane
2430 628 2744 699 requievit.

2698 718 2931 773 CAPUT
2980 718 3129 772 VIII.

2384 808 2499 861 Vita
2540 808 2751 862 abbatis
2798 807 3106 878 Myl-egenis
3138 804 3449 877 hydropici.

2162 897 2347 952 Senex
2370 897 2612 968 quidam
2636 901 2762 951 erat
2780 896 2836 951 in
2859 899 3060 951 eodem
3088 894 3443 950 monasterio
3465 891 3742 947 Turrium

320 989 652 1057 correptus,
707 1001 972 1041 reversus
1022 1003 1152 1039 sum
1210 985 1269 1039 in
1322 984 1592 1040 cellulam
1664 1002 1872 1041 meam.
1922 986 1995 1039 Et
2091 985 2440 1057 Myrogenes
2473 986 2857 1058 nomine,qui
2892 986 3040 1042 865
3078 986 3148 1040 ob
3170 984 3415 1039 nimiam
3440 982 3751 1037 austerita-

317 1075 477 1130 venit
510 1074 661 1130 mihi
694 1092 800 1129 vox
828 1075 898 1129 de
930 1073 1096 1140 emlo,
1132 1074 1328 1129 dicens
1358 1091 1370 1127 :
1405 1078 1483 1128 Ex
1506 1091 1621 1146 quo
1646 1074 1981 1130 sanctiﬁca-

318 1170 440 1219 tum
476 1169 571 1221 est
601 1164 783 1221 altare
819 1165 999 1233 istud,
1041 1180 1147 1236 ego
1177 1163 1402 1236 jugiter
1443 1164 1527 1219 illi
1561 1170 1753 1220 astare
1779 1166 1985 1235 jussus

322 1271 452 1309 sum
488 1254 533 1307 ί.
1376 1260 1379 1263 ’

988 1364 1216 1415 CAPUT
1249 1365 1314 1415 V.

988 1364 1025 1414 C
1249 1365 1314 1415 V.

388 1449 601 1505 Relaiio
632 1449 851 1505 abbatis
882 1360 1247 1521 Polyfhihjrrzrii
1284 1451 1347 1506 de
1379 1450 1558 1506 tribus
1604 1452 1907 1508 monachis.

387 1568 582 1624 Abbas
609 1568 1035 1641 Polychronius
1060 1570 1326 1640 ejusdem
1350 1587 1507 1626 novae
1528 1575 1727 1627 Laurie
1753 1572 1986 1645 presby-

323 1663 407 1713 ter
438 1659 709 1713 narravit
740 1657 908 1726 mihi,
941 1658 1143 1715 dicens
1169 1678 1181 1715 :
1215 1663 1357 1715 Cum
1381 1661 1643 1717 sederem
1668 1661 1984 1733 aliquando

321 1749 377 1803 in
412 1747 783 1804 monasterio
804 1748 1077 1805 Turrium
1101 1750 1403 1819 Jordanis,
1424 1739 1607 1805 unum
1643 1750 1761 1807 illic
1785 1768 1853 1807 ex
1874 1752 1982 1807 fra-

322 1838 511 1894 tribus
546 1838 941 1893 animadverti
966 1839 1057 1894 sui
1092 1839 1280 1909 ipsius
1311 1840 1724 1911 negligentem,
1747 1846 1803 1896 et
1825 1858 1979 1897 nun-

324 1945 498 1999 quam
532 1932 754 1984 sanctze
788 1929 902 1984 diei
943 1928 1249 1984 dominicas
1284 1946 1569 1985 canonem
1602 1930 1939 2001 implentem
1970 1951 1983 1998 ;

331 2023 461 2089 post
483 2018 793 2073 modicum
832 2035 968 2073 vero
1010 2018 1295 2090 temporis
1324 2020 1597 2073 eumdem
1633 2020 1831 2091 aspexi
1855 2038 1989 2075 cum

325 2108 486 2162 omni
522 2109 730 2163 studio
762 2112 818 2162 et
849 2108 1152 2163 alacritate
1177 2124 1239 2163 se
1269 2114 1657 2164 exercentem.
1691 2111 1856 2165 Tune
1887 2127 1991 2181 ego

325 2196 437 2252 dixi
457 2197 510 2252 ei
540 2216 552 2252 :
589 2197 753 2254 Nunc
779 2199 999 2268 optime
1019 2196 1183 2265 facis,
1205 2214 1403 2252 curam
1430 2198 1510 2252 tui
1536 2215 1764 2271 gerens,
1791 2200 1989 2273 frater.

324 2288 431 2351 Qui
463 2288 549 2342 ait
578 2287 724 2341 mihi
753 2304 765 2341 ε
798 2286 1048 2341 Domine
1066 2287 1255 2351 Pater,
1280 2288 1452 2342 modo
1478 2288 1809 2344 moriturus
1832 2306 1988 2355 sum,

329 2381 384 2430 et
417 2380 551 2447 post
590 2376 717 2430 dies
750 2381 867 2430 tres
900 2380 1173 2431 mortuus
1199 2380 1309 2431 est.

392 2466 625 2520 Rursus
658 2465 813 2520 idem
844 2465 1027 2520 abbas
1062 2464 1480 2537 Polychronius
1529 2467 1788 2522 narravit
1821 2466 1985 2533 mihi,

325 2554 522 2609 dicens
550 2571 566 2609 :
599 2554 742 2609 Cum
765 2554 822 2607 in
847 2554 1050 2609 eodem
1075 2554 1429 2609 monasterio
1454 2554 1727 2609 Turrium
1753 2556 1991 2611 defunc-

326 2648 413 2697 tus
438 2647 607 2698 esset
630 2642 929 2714 quispiam
956 2643 1227 2707 fratrum,
1254 2642 1401 2698 dixit
1423 2643 1567 2698 mihi
1586 2644 1976 2715 dispensator:

327 2732 430 2787 Fac
452 2732 832 2799 charitatem,
854 2735 909 2786 et
931 2732 1083 2797 veni,
1110 2736 1173 2786 ut
1192 2732 1387 2787 fratris
1412 2750 1546 2787 vasa
1566 2734 1622 2788 in
1647 2732 1839 2789 locum
1861 2735 1982 2789 dis-

329 2820 696 2893 pensationis
713 2821 1067 2875 deferamus.
1092 2822 1235 2877 Cum
1253 2838 1387 2892 ergo
1409 2822 1556 2877 ferre
1577 2823 1982 2894 cmpissemus,

327 2910 546 2982 aspicio
621 2910 1087 2977 dispensatorem
1156 2911 1416 2979 flentem,
1466 2912 1556 2966 cui
1608 2912 1725 2966 dixi
1773 2930 1786 2967 :
1835 2913 1984 2976 Quid

327 3017 541 3069 quaeso,
572 2999 655 3055 ita
674 2998 889 3071 ploras,
911 3000 1060 3055 abba
1080 3000 1288 3066 ?Quia,
1308 3000 1502 3073 inquit
1526 3001 1641 3067 ille,
1664 3002 1833 3058 hodie
1867 3003 1982 3057 fra-

324 3090 422 3144 tris
446 3107 594 3145 vasa
627 3090 841 3155 fero,et
870 3094 1000 3160 post
1025 3092 1171 3145 duos
1203 3090 1328 3145 dies
1360 3090 1456 3145 alii
1492 3092 1808 3162 portabunt
1832 3108 1981 3148 mea.

322 3178 636 3251 Tertiaque
667 3180 761 3234 die
790 3179 1076 3251 requievnt
1102 3179 1278 3234 frater
1298 3178 1415 3243 ille,
1438 3181 1590 3235 sicut
1614 3181 1980 3253 praedixerat,

320 3284 443 3324 cum
469 3269 763 3325 Dominus
785 3285 917 3324 eum
939 3268 1323 3341 singulariter
1346 3269 1403 3324 in
1427 3286 1527 3342 spe
1550 3270 1977 3327 constituisset.
2011 3256 2056 3326 C

969 3384 1198 3441 CAPUT
1244 3386 1337 3441 VI.

898 3473 1163 3541 Eiusdem
1193 3474 1411 3530 relatio.

395 3584 555 3639 Idem
581 3581 736 3637 enim
756 3580 937 3637 abbas
961 3581 1384 3654 Polychronius
1402 3583 1708 3654 presbyter
1729 3582 1834 3638 hoc
1858 3599 1986 3637 nar-

331 3673 490 3740 ravit,
517 3674 680 3744 quod
709 3686 843 3726 cum
885 3674 1042 3725 esset
1065 3670 1123 3725 in
1151 3671 1510 3727 monasterio
1550 3672 1780 3726 abbatis
1800 3672 1985 3727 Cons-

327 3763 532 3817 tantini
574 3760 857 3816 antistitis
879 3760 1219 3816 monasterii
1240 3764 1448 3816 sanctie
1473 3760 1662 3816 Mariae
1702 3761 1795 3816 Dei
1819 3761 1979 3833 geni-

332 3852 509 3922 tricis,
545 3868 682 3923 quae
707 3851 867 3906 Nova
888 3850 1124 3920 dicitur,
1148 3851 1365 3906 audivit
1387 3851 1706 3922 quemdam
1733 3852 1981 3906 fratrum

330 3941 383 3994 in
416 3939 784 3997 xenodochio
800 3939 1209 3995 Jerichuntino
1236 3940 1618 4011 requievisse,
1644 3956 1820 4012 quem
1846 3957 1980 3996 cum

327 4033 690 4103 accepissent
710 4030 939 4098 fratres,
960 4033 1024 4083 ut
1047 4029 1259 4083 ferrent
1280 4029 1351 4083 ad
1380 4029 1801 4085 monasterium
1826 4031 1979 4085 Tur-

328 4121 494 4189 rium,
527 4123 592 4177 et
641 4118 979 4190 sepelirent,
1012 4135 1079 4173 ex
1110 4135 1225 4189 quo
1247 4118 1357 4173 iter
1379 4135 1547 4191 agere
1570 4135 1701 4174 cum
1740 4136 1980 4192 corpore

327 4214 643 4283 cmperunt,
676 4208 842 4265 stella
873 4224 1052 4279 supra
1098 4207 1739 4279 defuncticaputquasi
1784 4226 1978 4265 comes

335 4301 568 4356 itineris
597 4315 877 4371 apparere
908 4315 1022 4355 non
1055 4298 1300 4368 destitit,
1332 4300 1516 4354 donec
1546 4299 1742 4371 ipsum
1776 4299 1976 4371 sepul-

327 4395 462 4445 turae
496 4390 820 4445 traderent.

964 4479 1197 4535 CAPUT
1219 4477 1334 4535 VII.

336 4571 448 4626 Vita
476 4574 532 4626 et
588 4585 738 4625 mors
778 4567 1067 4639 cujusdam
1118 4570 1289 4633 senis,
1320 4568 1417 4639 qui
1467 4570 1749 4623 recusavit
1808 4569 1976 4624 abbas

706 4642 830 4707 fieri
851 4642 907 4695 in
936 4642 1280 4695 monasterio
1313 4642 1588 4695 Turrium.

396 4749 557 4804 Alius
581 4748 823 4821 quidam
846 4764 1021 4803 senex
1044 4747 1285 4803 sedebat
1305 4748 1364 4803 in
1386 4748 1587 4803 eodem
1611 4748 1968 4804 monasterio

328 4837 616 4893 Turrium.
653 4838 849 4893 Patres
871 4836 1053 4909 igitur
1074 4837 1341 4908 ejusdem
1372 4837 1715 4892 monasterii
1740 4837 1963 4909 ipsum,

332 4934 391 4982 ut
411 4944 691 5001 magnum
716 4931 773 4983 et
798 4927 1117 4983 virtutibus
1140 4927 1388 4994 clarum,
1406 4927 1844 4983 volueruntsibi
1865 4944 1971 4983 con

332 5017 563 5074 stituere
587 5018 881 5073 abbatem.
918 5017 1064 5073 Sene
1082 5036 1107 5072 ἰ
1134 5033 1265 5073 vero
1288 5018 1513 5083 orabat,
1539 5017 1737 5072 dicens
1765 5034 1777 5072 :
1805 5016 1971 5089 Igno-

330 5106 462 5162 scite
485 5108 651 5175 mihi,
676 5106 1307 5177 Patres,etfpermittite
1334 5123 1420 5162 me
1437 5106 1571 5162 ﬂere
1584 5111 1822 5178 peccata
1842 5123 1974 5161 mea

332 5196 441 5267 Ego
462 5196 616 5252 enim
636 5195 769 5252 talis
796 5195 987 5251 meriti
1012 5212 1128 5249 non
1153 5212 1311 5262 sum,
1333 5196 1628 5267 utpossim
1645 5196 1971 5251 animarum

338 5301 527 5340 curam
557 5300 758 5357 gerere
782 5302 795 5339 :
829 5284 1130 5356 negotium
1162 5284 1319 5340 istud
1346 5301 1691 5357 magnorum
1717 5291 1774 5340 et
1794 5284 1974 5341 excel'

334 5373 565 5429 lentium
598 5375 838 5430 Patrum
871 5377 982 5444 est,
1015 5374 1276 5442 Antonii,
1317 5374 1635 5441 Pachomii,
1668 5375 1974 5447 sanctique

336 5464 631 5521 Theodori.
666 5465 807 5521 Cum
834 5481 969 5521 vero
1001 5465 1211 5522 fratres
1243 5465 1327 5521 illi
1359 5483 1473 5522 non
1507 5466 1973 5538 acquiescerent,

335 5553 638 5628 ipsumque
670 5556 876 5611 diebus
901 5556 1153 5629 singulis
1179 5561 1434 5627 orarent,
1457 5557 1663 5614 videns
1695 5574 1755 5613 se
1786 5558 1857 5612 ab
1890 5557 1973 5613 eis

340 5643 573 5701 nimium
605 5645 822 5717 urgeri,
845 5646 992 5701 dixit
1022 5645 1107 5702 eis
1133 5662 1145 5702 :
1172 5646 1494 5703 Permittite
1519 5664 1609 5702 me
1638 5646 1823 5701 tribus
1847 5646 1971 5702 die-

342 5733 441 5789 bus
471 5751 652 5797 orare,
679 5738 737 5791 et
766 5735 1054 5807 quidquid
1084 5753 1177 5794 me
1204 5737 1356 5793 Deus
1384 5736 1851 5809 facerejusserit,
1885 5737 1970 5793 fas

408 5843 421 5875 ¹
456 5841 653 5899 Simile
685 5842 863 5908 infra,
899 5859 949 5899 e.
986 5844 1068 5899 10.

2093 1078 2211 1130 tem
2241 1075 2369 1129 vitae
2396 1076 2750 1147 hydrOpicus
2775 1076 3017 1130 effectus
3047 1076 3257 1129 fuerat.
3290 1072 3533 1128 Dicebat
3555 1076 3748 1124 autem

2082 1164 2306 1238 jugiter
2334 1164 2427 1219 his
2462 1166 2727 1231 senibus,
2762 1164 2863 1236 qui
2900 1166 2969 1219 ad
3000 1181 3135 1219 eum
3160 1160 3587 1217 conveniebant
3610 1159 3750 1212 visi-

2090 1248 2253 1310 tandi
2278 1258 2469 1328 gratia
2491 1256 2690 1312 :Orate
2714 1273 2816 1329 pro
2846 1272 2955 1320 me,
2984 1256 3288 1324 Patres,ne
3312 1252 3556 1308 interior
3578 1253 3748 1305 homo

2091 1344 2444 1417 hydropicus
2476 1346 2718 1418 fiat.Ego
2747 1345 2985 1402 enimut
3015 1344 3073 1399 in
3105 1344 3212 1399 hac
3244 1342 3590 1397 infirmitate
3614 1340 3745 1393 diu-

2090 1422 2210 1489 tius
2236 1436 2463 1506 durem,
2503 1437 2682 1490 Deum
2716 1452 2837 1491 oro.

2160 1525 2241 1581 De
2263 1525 2370 1580 hoc
2392 1525 2917 1596 abbateMyrogene
2940 1540 3073 1578 cum
3097 1521 3419 1578 audivisset
3437 1517 3740 1590 Jerosoly-

2091 1613 2351 1669 mitanus
2382 1612 2860 1685 archiepiscopus
2891 1612 3270 1677 Eustochius,
3298 1610 3479 1665 voluit
3508 1609 3579 1663 ad
3603 1624 3735 1661 eum

2090 1702 2324 1758 mittere
2358 1719 2719 1775 quascunque
2751 1708 2916 1758 erant
2948 1701 3412 1768 necessaria,sed
3447 1698 3544 1752 ille
3584 1714 3737 1752 nun-

2089 1809 2267 1864 quam
2298 1794 2368 1848 ab
2400 1810 2465 1847 eo
2499 1794 2826 1865 quidquam
2849 1791 3149 1847 consensit
3181 1790 3462 1861 accipere.
3485 1788 3601 1842 Hoc
3634 1803 3741 1840 au-

2017 1901 2063 1963 Β
2094 1886 2211 1936 tem
2244 1882 2436 1937 solum
2467 1881 2551 1936 illi
2590 1882 2963 1953 significabat
2988 1897 3001 1936 :
3030 1883 3142 1935 Ora
3171 1897 3272 1952 pro
3307 1895 3419 1947 me,
3456 1877 3643 1939 Pater,
3678 1877 3741 1928 ut

2103 1971 2316 2028 liberer
2348 1973 2417 2027 ab
2442 1976 2658 2027 interno
2691 1971 2977 2028 cruciatu.

2741 2060 2971 2116 CAPUT
3012 2060 3098 2115 1X.

2244 2154 2315 2207 De
2343 2153 2489 2207 mira
2519 2151 2809 2223 cujusdam
2838 2155 3045 2206 sanctis
3093 2151 3278 2205 Patris
3301 2148 3595 2203 charilate.

2168 2243 2230 2295 In
2265 2240 2391 2313 ipso
2425 2241 2779 2297 monasterio
2801 2240 3101 2306 Turrium,
3135 2254 3313 2294 senex
3343 2238 3581 2308 quidam
3615 2240 3739 2291 crat

2094 2334 2308 2384 sanctas
2332 2330 2614 2386 nuditatis
2627 2334 2683 2385 et
2700 2328 3254 2401 eleemosynaevalde
3268 2327 3566 2383 studiosus
3584 2344 3611 2379 τι
3624 2342 3737 2379 ma-

2092 2422 2200 2472 tor.
2222 2419 2628 2491 Quadamergo
2670 2419 2769 2474 die
2808 2418 2967 2474 venit
2987 2433 3207 2489 pauper
3227 2418 3296 2470 ad
3321 2417 3448 2485 ejus
3468 2413 3736 2469 cellulam

2092 2507 2521 2579 eleemosynam
2574 2512 2815 2579 petens;
2866 2522 3042 2562 senex
3070 2521 3396 2571 vero,cum
3455 2520 3569 2558 non
3624 2502 3734 2555 nisi

2091 2614 2274 2652 unum
2306 2615 2514 2669 panem
2546 2598 2799 2667 haberet,
2833 2597 3133 2669 proferens
3166 2596 3384 2666 ipsum,
3410 2594 3737 2664 deditpau-

2089 2687 2400 2757 pcri.Tunc
2434 2687 2575 2741 dicit
2606 2688 2654 2742 ei
2693 2703 2946 2759 pauper:
2980 2684 3124 2741 Nolo
3158 2699 3390 2757 panem,
3424 2684 3524 2738 sed
3559 2682 3737 2735 indu-

2088 2781 2372 2832 mentum.
2404 2776 2616 2833 Volens
2639 2782 2833 2832 autem
2865 2776 3061 2832 senior
3082 2790 3285 2831 curare
3313 2773 3505 2839 illum,
3527 2788 3738 2844 appre-

2086 2865 2270 2921 hensa
2292 2883 2466 2922 manu
2492 2867 2641 2937 ejus,
2667 2865 2989 2921 introduxit
3010 2864 3069 2919 in
3086 2863 3358 2919 cellulam
3376 2878 3566 2919 suam.
3592 2861 3739 2916 Pau-

2088 2972 2190 3028 per
2221 2960 2418 3011 autem
2453 2972 2584 3011 cum
2631 2955 2751 3011 illic
2782 2955 2933 3010 nihil
2965 2954 3205 3010 omnino
3251 2952 3592 3018 invenisset,
3627 2951 3738 3003 nisi

2088 3045 2279 3100 solum
2313 3047 2468 3116 quod
2502 3045 2600 3101 ille
2622 3045 2922 3115 induebat,
2952 3049 3115 3098 tanta
3145 3044 3302 3098 senis
3328 3042 3544 3097 virtute
3569 3057 3734 3095 com-

2085 3140 2361 3207 punctus,
2412 3134 2586 3190 solvit
2616 3135 2921 3190 sacculum
2954 3133 3229 3200 suum,in
3280 3132 3472 3186 medio
3517 3130 3740 3185 cellulae

2093 3240 2455 3296 quaecunque
2511 3224 2760 3279 habebat
2791 3237 3103 3286 evacuans,
3157 3221 3339 3276 dixit:
3374 3221 3551 3275 Sume
3601 3219 3734 3285 ista,

2097 3313 2293 3370 senior
2323 3315 2565 3385 optime,
2606 3318 2663 3369 et
2700 3330 2805 3385 ego
2829 3312 3246 3384 alibiquieram
3276 3326 3398 3383 quas
3425 3308 3565 3365 mihi
3602 3313 3739 3364 sunt

2097 3403 2447 3460 necessaria.

2761 3492 2995 3548 CAPUT
3024 3491 3097 3548 X.

2488 3581 2621 3637 Vita
2666 3584 2944 3639 Barnabas
2981 3582 3344 3637 anachoretae.

2166 3670 2533 3726 Anaehoreta
2553 3671 2786 3743 quidam
2806 3671 3010 3726 eratin
3037 3671 3333 3741 speluncis
3358 3670 3545 3724 sancti
3564 3669 3741 3724 Jorda

2095 3759 2520 3825 nis,Barnabas
2543 3760 2797 3815 nomine.
2827 3759 2923 3814 Hic
2948 3761 3041 3814 die
3063 3761 3316 3831 quadam
3344 3776 3477 3813 cum
3498 3759 3738 3814 descen-

2092 3850 2250 3905 deret
2282 3849 2478 3904 bibere
2501 3864 2713 3920 aquam
2741 3849 2810 3904 de
2832 3849 3111 3914 Jordane,
3137 3849 3316 3903 infixa
3343 3852 3430 3902 est
3459 3849 3589 3919 pedi
3617 3848 3740 3917 ejus

2092 3956 2162 3994 ex
2192 3939 2479 3995 arundine
2511 3939 2753 4006 festuca,
2790 3938 3234 4010 permansitquc
3266 3935 3572 3993 stimulum
3605 3938 3737 4008 pedi

2087 4030 2334 4085 inﬁxum
2357 4028 3009 4101 tenensjugiter,neque
3033 4044 3243 4101 passus
3271 4035 3358 4083 est
3381 4033 3588 4083 uteum
3618 4044 3742 4083 me-

2088 4120 2253 4174 dicus
2284 4118 2542 4187 videret;
2575 4119 2774 4190 itaque
2805 4120 3163 4191 computruit
3192 4136 3295 4189 pes
3318 4120 3466 4189 ejus.
3495 4121 3738 4174 Coactus

2086 4225 2219 4264 vero
2250 4212 2339 4264 est
2368 4210 2680 4264 ascendere
2709 4210 2777 4264 ad
2817 4208 3243 4265 monasterium
3269 4208 3567 4276 Turrium,
3592 4208 3737 4261 sibi-

2086 4315 2199 4369 que
2230 4315 2407 4353 unam
2440 4298 2711 4355 cellulam
2739 4299 3018 4372 accipere.
3045 4300 3221 4355 Porro
3245 4316 3344 4371 pes
3368 4300 3495 4367 ejus
3529 4299 3584 4352 in
3611 4297 3735 4352 dies

2087 4388 2458 4460 putrescebat
2491 4388 2699 4459 magis.
2732 4388 2972 4445 Dicebat
3002 4393 3197 4445 autem
3233 4388 3322 4443 his
3354 4388 3453 4460 qui
3488 4387 3557 4442 ad
3592 4404 3725 4442 eum

2085 4477 2413 4548 veniebant,
2446 4479 2598 4549 quod
2633 4483 2853 4549 quanto
2887 4478 3072 4551 magis
3104 4479 3276 4533 homo
3308 4477 3556 4533 exterior
3588 4476 3734 4547 pati-

2084 4571 2200 4633 tur,
2233 4570 2395 4622 tanto
2437 4567 2694 4638 amplius
2726 4568 2963 4623 interior
2994 4568 3161 4623 viret.

2155 4657 2473 4727 Postquam
2506 4675 2639 4714 vero
2673 4657 2935 4713 ascendit
2966 4657 3146 4713 abbas
3178 4657 3475 4713 Barnabas
3507 4674 3575 4712 ex
3599 4671 3736 4726 spe-

2077 4744 2255 4801 lunca
2287 4763 2395 4801 sua
2425 4749 2495 4802 ad
2520 4750 2755 4815 Turres,
2789 4764 2919 4803 cum
2947 4748 3155 4802 fuisset
3189 4748 3266 4801 ibi
3290 4744 3730 4819 aliquantulum

2079 4836 2381 4907 temporis,
2409 4838 2763 4894 anachoreta
2781 4837 3017 4910 quidam
3055 4837 3205 4892 alius
3234 4838 3377 4893 abiit
3403 4838 3472 4892 ad
3492 4835 3733 4907 spelun-

2082 4941 2211 4982 cam
2244 4925 2452 4997 ipsius,
2486 4928 2909 4999 ingressusque
2938 4927 3083 4981 vidit
3114 4925 3391 4997 angelum
3426 4926 3521 4980 Dei
3553 4929 3715 4979 stan~

2081 5023 2195 5076 tem
2228 5034 2404 5092 super
2434 5017 2615 5073 altare
2647 5018 2801 5089 quod
2837 5017 3051 5072 fecerat
3081 5018 3274 5071 senior
3324 5018 3496 5086 atque
3528 5031 3721 5069 sacra—

2082 5113 2261 5165 verat.
2296 5109 2506 5179 Aitque
2542 5108 2613 5161 ad
2654 5106 2929 5177 angelum
2980 5106 3329 5161 anachoreta
3377 5122 3387 5157 :
3423 5103 3568 5171 Quid
3628 5103 3719 5157 hic

2084 5198 2210 5269 agis
2240 5200 2265 5253 ⁸2
2295 5198 2398 5253 Cui
2430 5195 2674 5267 angelus
2733 5195 2860 5251 ille:
2896 5196 2975 5250 Ex
3006 5212 3119 5266 quo
3169 5193 3534 5249 sanctiﬁcata
3582 5196 3721 5247 sunt

2083 5287 2219 5359 ista,
2245 5305 2278 5344 a
2307 5288 2420 5343 Deo
2448 5285 2573 5358 ipso
2606 5285 2751 5340 mihi
2784 5285 3007 5340 credita
3038 5288 3180 5339 sunt
3210 5285 3251 5339 2.

2720 5374 2955 5431 CAPUT
2987 5373 3081 5431 ΧΙ.

2554 5465 2684 5519 Vita
2724 5464 2940 5519 abbatis
2986 5463 3266 5533 Agioduli.

2151 5556 2343 5611 Abbas
2374 5556 2582 5610 Petrus
2615 5553 2913 5625 presbyter
2944 5554 3289 5610 monasterii
3320 5554 3507 5611 sancti
3539 5553 3727 5626 patria

2082 5644 2264 5701 nostri
2286 5642 2739 5710 Sabaz,narravit
2762 5642 2927 5699 nobis
2953 5644 3019 5699 de
3045 5645 3251 5701 abbate
3277 5643 3563 5717 Agiodulo
3585 5643 3649 5712 [ll
3668 5662 3717 5695 l-

2081 5734 2341 5810 giodulo]
2366 5734 2593 5789 dicens:
2618 5734 2762 5789 Cum
2787 5734 2835 5788 is
2857 5739 3010 5790 esset
3033 5736 3279 5791 antistes
3302 5736 3414 5790 dux
3432 5735 3724 5789 monaste-

2156 5846 2175 5878 ²
2208 5841 2410 5899 Simile
2450 5857 2650 5914 supra,
2684 5858 2807 5914 cap.
2848 5842 2895 5897 4.
