4180 6338
394 391 500 447 127

1595 394 1687 445 DE
1724 392 1916 445 VITIS
1952 390 2251 446 PATRUM
2286 390 2499 445 LIBER
2537 388 2611 442 Χ.

3700 388 3802 442 128

393 518 461 572 rii
485 517 637 573 beati
661 516 969 582 Gerasimi,
986 516 1228 588 conligit
1242 518 1479 572 fratrem
1498 516 1815 587 quemdam
1831 512 2036 569 deillic
2067 515 2116 580 Α
2149 513 2297 579 dios,
2320 530 2530 569 manus
2543 528 2744 570 eorum
2760 512 2815 566 in
2831 511 3086 568 sublime
3103 509 3804 583 suspensaelperstiterunt

393 607 789 662 residentibus
815 606 983 662 mori.
1010 607 1171 671 Quod
1209 623 1343 661 cum
1367 623 1543 662 senex
1565 607 1882 678 ignoraret,
1908 612 2042 682 pul-

393 700 669 767 saretque
700 696 1009 766 praefectus
1041 695 1281 750 canonis
1330 695 1579 767 lignum,
1631 700 1783 767 quod
1832 686 2044 755 fratres

394 784 803 840 convenientes
836 789 1131 839 mortuum
1165 785 1456 855 efferrent,
1483 791 1545 840 ut
1577 789 1720 842 vidit
1742 806 1918 843 senex
1946 806 2043 844 ca-

394 874 569 928 daver
602 874 659 927 in
705 873 960 928 ecclesiae
994 874 1185 928 medio
1224 876 1441 943 jacere,
1491 878 1909 933 constristatus
1954 884 2044 933 est

392 963 563 1017 valde
585 964 867 1033 quodnon
891 962 1056 1017 illum
1082 964 1433 1019 salutassset
1457 967 1799 1037 priusquam
1825 969 2040 1035 migra-

393 1058 478 1106 ret
508 1068 538 1106 e
570 1050 801 1106 saeculo.
830 1054 1252 1123 Prol'ectusque
1276 1070 1447 1109 secus
1473 1054 1754 1110 lectulum
1776 1056 2039 1127 ubijacc-

390 1139 513 1205 bat,
538 1140 615 1194 ait
638 1140 912 1195 defuncto
936 1157 947 1193 :
970 1142 1175 1211 Surge,
1195 1142 1391 1207 frater,
1415 1148 1471 1197 et
1493 1144 1566 1197 da
1583 1144 1725 1197 mihi
1747 1146 2034 1200 osculum.

390 1230 497 1294 Qui
532 1230 804 1299 protinus
836 1246 1106 1299 surgens,
1142 1230 1445 1286 osculatus
1501 1239 1591 1287 est
1625 1250 1845 1288 senem.
1893 1235 2037 1289 Tum

380 1319 530 1372 dixit
557 1334 770 1374 senex:
821 1318 1018 1374 Dormi
1041 1321 1187 1390 jam,
1214 1337 1524 1392 quousque
1547 1322 1741 1378 veniat
1762 1323 2035 1379 Christus

386 1406 571 1463 Filius
608 1407 725 1477 Dei,
757 1413 815 1463 et
848 1409 1160 1464 resuscitat
1188 1414 1262 1464 te.

458 1496 615 1551 Idem
649 1497 833 1553 abbas
867 1498 1186 1568 Agiodulus
1218 1516 1350 1553 cum
1386 1501 1853 1572 transiretjuxta
1899 1504 2033 1559 Jor-

387 1585 560 1641 danis
593 1586 771 1655 ripas,
821 1603 1023 1641 secum
1079 1587 1272 1643 animo
1304 1593 1358 1643 et
1389 1590 1740 1660 cogitatione
1773 1593 2035 1650 volvebat

386 1674 525 1744 quid
563 1680 762 1730 actum
810 1676 1020 1731 fuisset
1054 1678 1125 1731 de
1179 1676 1477 1747 lapidibus
1537 1679 1770 1750 injectis
1803 1699 1835 1736 a
1891 1683 2029 1738 Jesu

385 1768 540 1819 Nave
574 1781 676 1835 pro
699 1764 791 1820 his
819 1781 964 1835 quos
985 1766 1121 1821 inde
1144 1766 1480 1822 sustulerat.
1505 1768 1765 1840 Cumque
1796 1770 1909 1826 ista
1931 1789 2030 1828 co-

2153 602 2504 658 immobiles.
2541 602 2713 657 Facta
2742 618 2873 656 vero
2893 600 3175 670 oratione,
3199 599 3368 655 solvit
3398 617 3499 656 eos
3523 618 3722 667 senex,
3746 610 3802 658 et

2150 692 2397 747 dimisit.
2432 693 2500 747 Et
2532 692 2805 747 abierunt
2835 690 3051 760 gratias
3083 695 3322 761 agentes
3354 690 3491 746 Deo.

2753 798 2981 853 CAPUT
3042 796 3182 852 XVl.

2326 890 2537 945 Relatio
2562 889 2777 943 abbatis
2808 888 3029 942 Νίσυιηὶ
3055 888 3118 942 dc
3147 887 3319 957 seipse
3357 891 3408 943 et
3435 890 3619 943 sociis.

2217 979 2400 1034 Senex
2424 979 2666 1049 quidam
2684 978 2923 1033 sedebat
2944 977 3000 1031 in
3018 978 3374 1032 monasterio
3396 977 3630 1031 abbatis
3649 978 3795 1033 Petri

2138 1068 2308 1138 juxta
2331 1073 2597 1122 sanctum
2622 1068 2961 1135 Jordanem,
2986 1065 3269 1121 Micolaus
3294 1066 3553 1133 nomine,
3579 1067 3677 1137 qui
3696 1083 3797 1120 no-

2145 1157 2234 1211 bis
2261 1157 2536 1221 narravit,
2570 1158 2772 1211 dicens
2801 1173 2812 1211 :
2839 1156 2981 1210 Cum
3012 1171 3200 1210 essem
3228 1155 3541 1224 aliquando
3566 1156 3623 1209 in
3645 1156 3797 1227 Bay-

2142 1245 2269 1310 thu,
2298 1246 2463 1300 missi
2483 1262 2688 1301 sumus
2711 1250 2828 1300 tres
2848 1245 3127 1300 fratresin
3156 1244 3548 1299 ministerium
3576 1245 3632 1299 in
3656 1245 3797 1298 The-

2142 1335 2395 1390 baidem.
2428 1336 2571 1391 Cum
2608 1350 2744 1406 ergo
2779 1351 2881 1405 per
2929 1335 3226 1389 desertum
3277 1334 3388 1388 iter
3436 1336 3790 1401 faceremus,

2141 1425 2467 1479 erravimus
2499 1425 2569 1479 de
2602 1425 2715 1490 via,
2767 1426 3214 1493 ferebamurque
3247 1440 3349 1495 per
3388 1423 3569 1478 eremi
3608 1422 3789 1478 latam

2138 1513 2497 1568 vastitatem.
2524 1512 2836 1568 Deticiente
2866 1527 2998 1567 vero
3050 1513 3219 1567 nobis
3252 1528 3403 1582 aqua
3431 1528 3536 1583 per
3566 1511 3791 1582 aliquot

2141 1603 2287 1670 dies,
2340 1602 2433 1657 siti
2470 1618 2666 1657 arcere
2716 1601 3021 1672 cmpimus.
3049 1606 3318 1672 Cumque
3361 1603 3483 1671 jam
3520 1607 3578 1656 et
3608 1601 3705 1656 siti
3737 1608 3794 1657 et

2140 1697 2280 1745 testu
2313 1691 2672 1753 deﬁcientes,
2706 1690 2977 1761 progredi
3002 1691 3253 1745 ulterius
3284 1706 3400 1745 non
3432 1689 3788 1759 valeremus,

2140 1781 2392 1835 inventis
2424 1796 2525 1851 per
2555 1780 2849 1833 desertum
2878 1778 3509 1850 myricis,jactavimus
3534 1796 3642 1834 nos
3668 1779 3792 1834 sin-

386 1854 618 1943 εῆῐᾶίῐξβῐ,
650 1856 957 1911 εοηῖϐεῐίῐῐι
990 1855 1128 1910 hinc
1151 1857 1349 1911 diViSiB
1381 1862 1519 1912 sunt
1549 1875 1734 1929 aquze.
1762 1863 1923 1916 Tlan
1946 1862 2027 1917 Vi-
2059 1870 2106 1932 Β
2136 1872 2255 1943 guli
2284 1871 2621 1925 subumbra
2644 1870 2943 1935 arborum,
2971 1874 3376 1940 exspectantes
3391 1869 3539 1924 mori
3560 1887 3675 1941 prae
3693 1870 3787 1924 siti

384 1942 471 1996 dit
502 1941 635 1997 illos
659 1943 967 1998 duodecim
1001 1946 1249 2015 lapides,
1276 1952 1691 2018 prostatusque
1719 1949 1879 2004 humi
1914 1951 2029 2007 Deo

384 2031 606 2101 gratias
637 2033 777 2103 egit,
810 2037 867 2087 et
897 2035 1158 2090 recessit.

989 2141 1222 2197 CAPUT
1302 2143 1421 2197 XII.

838 2230 1050 2283 Dictum
1079 2232 1291 2285 abbatis
1324 2233 1590 2304 Olympii.

454 2316 656 2372 Frater
674 2317 1051 2383 interrogavit
1075 2321 1343 2375 abbatem
1362 2321 1716 2393 Olympium,
1738 2326 2033 2396 presbyte-

386 2421 514 2461 rum
549 2408 890 2462 monasterii
924 2410 1107 2464 sancti
1138 2409 1449 2473 Gerasimi,
1481 2413 1722 2468 dicens:
1755 2416 1858 2469 Dic
1885 2415 2027 2470 mihi

381 2496 647 2551 verbum.
683 2497 791 2561 Qui
822 2497 969 2552 dixit
999 2497 1084 2553 ei:
1118 2499 1199 2553 Ne
1230 2502 1433 2555 sedeas
1464 2518 1595 2557 cum
1632 2503 1938 2566 haereticis,
1976 2511 2031 2560 et

383 2585 617 2640 contine
647 2585 910 2657 linguam
935 2592 993 2641 et
1024 2598 1319 2655 ventrem;
1355 2607 1419 2644 ac
1450 2591 1778 2663 ubicunque
1809 2594 2031 2650 sederis

382 2674 476 2728 dic
509 2674 778 2729 assidue:
812 2676 1161 2747 Peregrinus
1194 2695 1348 2733 sum.

986 2784 1220 2840 CAPUT
1267 2786 1423 2840 XIII.

711 2872 833 2927 Vita
864 2871 1089 2927 abbatis
1144 2873 1317 2928 Marci
1344 2876 1710 2933 anachoreta}.

452 2959 737 3015 Dicebant
766 2961 834 3015 de
852 2961 1062 3016 abbate
1093 2962 1286 3017 Marco
1306 2964 1679 3032 anachoreta,
1714 2970 1813 3039 qui
1840 2984 2030 3024 mora-

389 3049 560 3104 batur
581 3067 759 3121 prope
783 3051 1202 3107 monasterium
1233 3053 1598 3111 Penthucula
1620 3074 1724 3127 per
1741 3075 1925 3113 annos
1949 3076 2032 3115 se-

387 3137 627 3210 xaginta
650 3143 790 3206 tres,
839 3141 993 3210 quod
1016 3140 1169 3196 hanc
1194 3142 1465 3199 habuerit
1494 3144 1766 3201 virtutem
1809 3148 2026 3203 hebdo-

385 3228 589 3282 madas
615 3227 869 3299 integras
893 3230 1225 3300 jejunandi,
1251 3231 1331 3287 ita
1362 3238 1425 3287 ut
1448 3238 1720 3304 putarent
1740 3252 1875 3291 eum
1899 3237 2025 3299 sine
2059 3221 2099 3287 C

385 3333 560 3373 carne
590 3334 740 3373 esse.
773 3318 1132 3389 Operabalur
1162 3325 1356 3377 autem
1390 3322 1480 3377 die
1514 3339 1576 3378 ac
1605 3330 1793 3393 nocte,
1826 3331 1884 3381 et
1912 3328 2030 3383 dis-

384 3406 680 3462 tribuebat
710 3408 1069 3479 pauperibus
1091 3409 1309 3480 omnia,
1342 3426 1530 3481 neque
1553 3412 1624 3467 ab
1652 3412 1849 3485 aliquo
1870 3417 2032 3486 quid-

382 3496 543 3566 piam
576 3495 918 3567 accipiebat.
962 3498 1041 3553 De
1072 3497 1181 3553 hoc
1212 3499 1517 3557 audientes
1546 3502 1749 3559 ﬁdeles
1784 3504 1906 3576 viri,
1941 3523 2033 3561 ve-

387 3590 700 3655 nerunt,ut
730 3586 937 3642 darent
957 3587 1007 3642 ei
1041 3595 1373 3660 agapem,et
1393 3590 1474 3646 ait
1504 3592 1575 3647 ad
1609 3609 1708 3649 eos
1735 3610 1747 3646 :
1783 3598 1903 3650 Non
1938 3613 2032 3650 ac-

384 3674 559 3745 cipio,
584 3674 723 3746 quia
749 3692 964 3732 manus
992 3694 1130 3732 mete
1158 3678 1427 3734 nutriunt
1458 3696 1549 3735 me
1579 3686 1632 3736 et
1661 3698 1759 3738 eos
1784 3684 1879 3754 qui
1908 3702 2035 3755 pro-

386 3768 516 3835 pter
547 3764 730 3821 Deum
759 3766 829 3821 ad
866 3783 958 3823 me
988 3766 1249 3823 veniunt.

995 3874 1225 3931 CAPUT
1273 3877 1424 3933 XIV.

386 3962 458 4015 De
486 3965 661 4032 [ratre
689 3966 786 4034 qui
816 3980 849 4019 α
877 3966 1079 4039 spiritu
1098 3967 1485 4034 fomicationis
1518 3970 2035 4039 impugnabatur,e1

888 4038 1132 4107 leprosus
1189 4040 1410 4108 e/Iectus
1438 4043 1534 4094 est.

410 4188 417 4195 ι
458 4123 653 4179 Abbas
683 4123 1106 4193 Polycbronius
1137 4142 1371 4181 rursum
1408 4128 1577 4183 nobis
1597 4129 1855 4186 narravit
1882 4134 2034 4202 quod

385 4213 444 4269 in
478 4213 741 4269 cmnobio
775 4214 1136 4269 Penthucula
1166 4215 1347 4271 frater
1365 4216 1603 4287 quidam
1636 4224 1758 4274 erat
1786 4220 1898 4275 sibi
1923 4221 2035 4294 ipsi

388 4301 555 4358 valde
584 4302 847 4358 intentus
879 4308 935 4359 et
964 4304 1292 4361 continens.
1318 4304 1461 4361 Cum
1494 4312 1691 4365 autem
1720 4308 2038 4381 aliquando

391 4392 842 4463 impugnaretur
871 4409 905 4447 a
953 4392 1166 4464 spiritu
1196 4394 1621 4463 fornicationis,
1676 4414 1789 4453 non
1839 4399 2037 4457 valens

385 4481 537 4537 hanc
579 4496 841 4553 pugnam
892 4482 1207 4551 sustinere,
1228 4499 1501 4554 egressus
1546 4486 1617 4541 de
1657 4490 2035 4557 monasterio,

2138 1962 2471 2016 Prostralus
2507 1975 2641 2014 vero
2675 1960 2731 2013 in
2766 1958 3033 2013 umbram
3066 1975 3170 2030 ego
3204 1958 3389 2014 factus
3422 1974 3557 2013 sum
3609 1960 3669 2013 in
3703 1975 3792 2013 ec-

2134 2046 3283 2120 stasi,vidiquepiscinam,aquaplenam
3301 2052 3357 2101 et
3374 2047 3759 2102 circumﬂuen
3778 2077 3795 2090 -

2135 2145 2278 2203 tem,
2310 2139 2458 2193 duos
2489 2143 2681 2193 autem
2718 2154 2897 2208 supra
2938 2137 3176 2208 piscinis
3224 2136 3448 2191 labium
3483 2136 3789 2203 assistere,

2134 2245 2355 2300 vasque
2378 2245 2559 2281 unum
2588 2227 2872 2298 ligneum.
2897 2227 3056 2281 Tunc
3080 2226 3223 2295 coepi
3245 2242 3429 2280 unum
3448 2241 3520 2280 ex
3549 2226 3670 2281 illis
3694 2243 3788 2281 ro—

2135 2332 2289 2387 gare,
2315 2317 2549 2371 dicens:
2587 2318 2695 2371 lt‘ac
2719 2332 2945 2369 mecum
2972 2314 3338 2383 charitatem,
3364 2315 3789 2382 domine,etda

2136 2407 2278 2461 mihi
2304 2406 2582 2475 pusillum
2606 2406 3077 2476 aquae,quoniam
3101 2404 3439 2459 deﬁcio.llle
3460 2419 3600 2459 vero
3627 2404 3786 2459 nole-

2136 2497 2250 2549 bat.
2288 2497 2451 2550 'I‘unc
2478 2494 2621 2549 dicit
2643 2494 2714 2548 ad
2748 2510 2879 2548 eum
2910 2494 3059 2547 alter
3084 2510 3095 2546 :
3122 2499 3202 2548 Da
3227 2493 3306 2546 illi
3332 2494 3653 2547 modicum.
3682 2492 3786 2556 Qui

2136 2587 2437 2655 respondit
2468 2585 2540 2651 ei,
2569 2585 2802 2638 dicens:
2829 2584 2950 2637 Non
2984 2583 3193 2637 demus
3212 2582 3284 2649 ei,
3319 2582 3482 2637 valde
3506 2583 3664 2637 enim
3686 2584 3786 2636 de-

2139 2675 2397 2729 sidiosus
2428 2679 2536 2740 est,
2571 2680 2627 2727 et
2647 2672 2945 2743 negligens
2971 2674 3083 2727 sui.
3113 2672 3348 2727 Atalter
3373 2690 3383 2725 :
3411 2671 3629 2744 Utique
3648 2690 3788 2727 sane

2135 2764 2435 2835 negligens
2466 2768 2555 2818 est
2584 2779 2649 2817 ac
2669 2762 3021 2831 desidiosus,
3058 2767 3294 2833 propter
3320 2761 3783 2832 hospitalitatem

2136 2858 2330 2908 tamen
2353 2853 2561 2908 demus
2588 2852 2661 2907 ei.
2697 2855 2885 2923 Atque
2917 2853 2997 2905 ita
3030 2851 3405 2923 praebuerunt
3432 2850 3578 2905 mihi
3612 2850 3776 2905 ethis

2135 2943 2231 3014 qui
2268 2959 2495 2997 mecum
2533 2945 2719 2998 erant.
2746 2941 2878 2996 Mox
2909 2945 3103 2995 autem
3138 2945 3201 2995 ut
3232 2939 3512 3009 bibimus,
3550 2940 3780 2995 confor-

2134 3033 2240 3088 tati
2284 3049 2511 3096 sumus,
2560 3038 2617 3086 et
2646 3032 2758 3086 iter
2804 3037 3041 3102 agentes
3065 3031 3251 3084 tribus
3295 3030 3503 3084 diebus
3551 3030 3681 3085 aliis
3704 3028 3779 3084 si-

2135 3140 2207 3178 ne
2239 3127 2399 3195 potu,
2434 3121 2808 3193 pervenimus
2838 3123 2905 3175 ad
2944 3120 3067 3175 loca
3102 3118 3458 3175 habitabilis.

2740 3228 2968 3284 CAPUT
2997 3227 3175 3282 XVII.

2677 3318 2797 3373 Vita
2846 3317 3023 3372 Macni
3076 3319 3246 3372 senis.

2209 3410 2493 3464 Dicebant
2524 3409 2593 3462 de
2626 3408 2878 3479 quodam
2932 3407 3135 3461 Macno
3166 3422 3325 3475 sene,
3360 3407 3457 3479 qui
3486 3407 3547 3462 in
3582 3408 3781 3463 eodem

2138 3497 2493 3555 monasterio
2518 3496 2744 3552 abbatis
2775 3495 2925 3550 Petri
2947 3496 3297 3563 morabatur,
3319 3496 3471 3567 quod
3495 3498 3783 3568 quinqua-

2139 3590 2301 3662 ginta
2333 3604 2518 3643 annos
2549 3587 2763 3659 egisset
2796 3586 2851 3641 in
2887 3585 3167 3658 spelunca
3200 3603 3329 3653 sua,
3364 3602 3554 3658 neque
3584 3588 3785 3642 vinum

2140 3681 2369 3743 bibens,
2400 3695 2587 3748 neque
2622 3693 2828 3747 panem
2853 3676 3186 3743 comedens,
3212 3676 3323 3730 nisi
3354 3679 3586 3732 tantum
3611 3675 3785 3732 furfu-

2140 3785 2327 3823 reum.
2362 3767 2557 3821 Tcrtio
2602 3770 2794 3821 autem
2830 3764 3080 3834 singulis
3126 3763 3595 3820 hebdomadibus
3627 3781 3783 3818 com-

2142 3856 2503 3911 municabat.

2728 3942 2951 3998 CAPUT
2986 3942 3194 3998 XVIII.

2148 4036 2266 4091 Vita
2299 4034 2535 4088 alterius
2560 4034 2717 4088 Senis
2739 4031 3065 4104 monasterii
3096 4033 3313 4089 Laure}.
3338 4034 3435 4104 qui
3462 4048 3589 4088 cum
3610 4033 3783 4089 leoni-

2741 4104 2836 4158 bus
2872 4103 3192 4159 darmiebat.

2214 4194 2485 4251 Narravit
2516 4194 2687 4248 nobis
2719 4194 2903 4249 abbas
2937 4193 3356 4265 Polychronius
3386 4194 3692 4268 presbyter
3720 4194 3788 4248 de

2144 4286 2256 4341 alio
2288 4301 2443 4350 sene,
2477 4282 2576 4354 qui
2609 4281 2851 4338 sedebat
2883 4282 2940 4336 in
2972 4283 3175 4338 eadem
3209 4282 3399 4337 Laura
3425 4283 3655 4339 abbatis
3687 4283 3791 4337 Pe-

2144 4376 2240 4443 tri,
2273 4374 2424 4445 quod
2455 4372 2802 4445 plerumque
2832 4371 3057 4439 abiens,
3090 4372 3149 4425 in
3182 4372 3309 4442 ripa
3335 4372 3612 4429 Jordanis
3634 4388 3790 4428 com-

2145 4466 2442 4530 manebat,
2477 4469 2534 4518 et
2566 4463 2663 4517 ubi
2696 4461 2891 4517 cubile
2921 4461 3107 4516 leonis
3137 4460 3476 4527 invenisset,
3502 4461 3623 4518 illic
3655 4463 3786 4517 dor-

388 4550 691 4642 prot‘ectus
719 4574 809 4625 est
835 4570 1088 4638 Jericho,
1124 4550 1701 4645 utco—ncupiscentiaa
1734 4576 1889 4634 866
1920 4550 2036 4635 suac
2073 4592 2121 4655 ι)
2152 4554 2394 4655 ξηίθξωῘθ
2429 4553 2532 4608 Die
2570 4568 2712 4655 ,Ῠξπο
2746 4552 3000 4651 quad“?
3052 4550 3367 4655 mlit‘duf’s
3399 4550 3784 4655 Ῑθοβίδμθθξυῖ

387 4659 1021 4732 satisfaceret.Moxque
1053 4666 1117 4716 ut
1141 4663 1466 4719 meretricis
1498 4665 1707 4720 cellam
1739 4666 2043 4739 ingressus

390 4755 499 4820 est,
518 4748 788 4821 leprosus
812 4749 999 4805 factus
1016 4756 1103 4805 est
1126 4755 1304 4806 totus.
1326 4752 1537 4809 Videns
1560 4760 1754 4811 autem
1781 4755 2026 4827 lepram,

387 4839 667 4896 continuo
701 4839 877 4895 rediit
907 4840 975 4895 ad
1010 4842 1459 4911 monasterium,
1492 4843 1603 4899 Deo
1634 4846 1853 4916 gratias
1886 4849 2029 4904 refe-

382 4946 517 4984 rens
548 4929 867 4985 etdicens:
903 4930 1124 4985 Idcirco
1152 4935 1310 4986 Deus
1356 4932 1464 4988 hac
1507 4950 1598 4990 me
1648 4937 2033 5007 castigatione

390 5019 701 5090 percussit,
733 5020 1012 5075 utanima
1046 5036 1169 5075 mea
1196 5020 1356 5075 salva
1378 5021 1473 5088 sit,
1499 5028 1556 5077 et
1584 5027 1889 5095 magnifice
1911 5026 2031 5098 glo-

393 5107 661 5164 riﬁcabat
691 5114 895 5165 Deum.

1024 5198 1253 5255 CAPUT
1285 5199 1401 5255 XV.

678 5289 897 5343 Factum
931 5290 1191 5344 mirabile
1238 5289 1455 5345 abbatis
1496 5289 1749 5348 Cononis.

464 5376 744 5431 Dicebant
776 5377 845 5431 de
873 5377 1081 5433 abbate
1112 5378 1343 5433 Conone
1392 5379 1656 5435 antistite
1697 5383 2039 5438 monasterii

394 5464 775 5535 Penthucula,
801 5467 953 5535 quod
971 5468 1063 5522 die
1106 5470 1356 5539 quadam
1396 5485 1527 5523 cum
1562 5470 2037 5526 iretBetamarim

394 5555 594 5611 obvios
625 5554 829 5610 habuit
856 5555 1143 5612 llebrreos.
1180 5559 1284 5623 Qui
1308 5574 1438 5613 cum
1474 5576 1607 5614 eum
1640 5560 1903 5615 occidere
1925 5560 2038 5616 vel-

396 5643 538 5710 lent,
572 5643 854 5701 districtis
905 5644 1115 5715 gladiis
1164 5653 1544 5704 occurrerunt
1575 5652 1776 5704 contra
1816 5665 2037 5705 senem.

398 5737 656 5805 Cumque
673 5733 1267 5807 appropinquassent,
1286 5735 1690 5809 vibrarenlque
1705 5737 1761 5795 in
1776 5754 1909 5795 eum
1926 5737 2042 5810 gla-

2157 4643 2243 4699 los
2277 4644 2430 4698 intra
2488 4642 2733 4713 pallium
2768 4657 2942 4695 suum
2978 4641 3034 4693 in
3097 4639 3425 4709 ecclesiam,
3458 4646 3515 4695 et
3568 4641 3796 4696 dicebat

2141 4733 2458 4787 fratribus:
2495 4732 2552 4786 Si
2589 4730 2871 4785 mandata
2901 4728 3134 4784 Domini
3183 4729 3366 4783 nostri
3399 4729 3538 4786 Jesu
3574 4728 3787 4785 Christi

2141 4823 2597 4884 custodiremus,
2638 4821 2751 4874 ista
2782 4818 3060 4873 animalia
3086 4819 3341 4889 profecto
3363 4836 3465 4873 nos
3494 4821 3788 4885 timerent;

2144 4913 2244 4967 sed
2282 4917 2515 4983 propter
2551 4914 2851 4980 peccatum
2880 4908 3029 4963 servi
3062 4907 3272 4974 effecti,
3310 4925 3414 4963 nos
3441 4908 3568 4963 illos
3592 4913 3795 4963 timere

2147 5002 2618 5072 comprobantur.
2663 5001 2785 5061 Qua
2818 5016 2875 5052 re
2912 4998 3217 5067 magniﬁce
3263 4998 3532 5053 :edificati
3565 4998 3790 5065 fratres,

2149 5091 2219 5146 8d
2255 5088 2591 5145 mansiones
2623 5104 2760 5142 81135
2794 5089 3174 5141 recesserunt.

2754 5193 2984 5249 CAPUT
3033 5193 3189 5249 XIX.

2499 5285 2711 5340 Relatio
2742 5282 2957 5339 abbatis
2986 5284 3130 5339 Elia:
3160 5283 3226 5338 de
3246 5282 3444 5355 seipse.

2221 5378 2489 5434 Narravit
2505 5376 2671 5433 nobis
2689 5374 2869 5431 abbas
2884 5374 3058 5441 Elias,
3076 5374 3273 5430 dicens
3299 5392 3310 5428 :
3329 5377 3403 5429 Cu
3416 5392 3469 5430 m
3485 5374 3792 5448 aliquando

2154 5485 2412 5524 morarer
2436 5468 2493 5520 in
2518 5466 2786 5538 partibus
2810 5464 2995 5520 sancti
3019 5465 3295 5519 Jordanis
3318 5464 3376 5519 in
3400 5466 3612 5536 spelaeo
3631 5467 3797 5538 juxta

2152 5558 2567 5613 Eunuchorum
2597 5554 3042 5622 monasterium,
3064 5553 3190 5608 ideo
3213 5554 3367 5623 quod
3386 5572 3501 5610 non
3538 5570 3794 5611 commu-

2154 5648 2402 5702 nicarem
2438 5644 2690 5700 Macario
2710 5644 3152 5715 archiepiscopo
3176 5643 3685 5715 Jeresolymitano,
3706 5640 3793 5697 die

2152 5736 2406 5809 quadam
2432 5735 2585 5792 circa
2606 5733 2809 5789 horam
2839 5736 3088 5799 sextam,
3114 5736 3256 5786 trstu
3284 5731 3795 5789 vehementissimo
