4180 6338
368 382 469 436 129

1674 384 1973 440 PRATUM
2007 386 2456 441 SPIRITUALE.
2485 402 2489 405 '

3664 406 3767 461 130

360 507 639 576 coquente
668 504 921 576 desuper
947 503 1092 574 (erat
1112 502 1266 559 enim
1296 504 1594 575 Augustus
1613 504 1853 573 mensis)
1879 506 2006 575 pul-
2040 508 2088 573 Α
2122 505 2309 577 illum,
2336 526 2603 569 reversus
2638 531 2791 570 unus
2822 532 2890 573 ex
2920 518 3001 575 eis
3034 523 3398 583 anachoreta
3430 533 3604 600 caput
3633 531 3762 586 abs-

362 596 514 650 savit
546 594 781 664 quidam
814 594 1031 648 ostium
1064 596 1357 665 spelunca)
1382 610 1551 649 mere:
1578 612 1850 665 egressus
1876 614 2007 652 vero

360 686 471 738 vidi
508 682 831 751 mulierem,
856 689 913 738 et
943 684 1059 738 dixi
1095 684 1162 738 ad
1200 683 1401 738 illam:
1437 686 1580 749 Quid
1614 690 1670 739 tu
1708 686 1799 740 hic
1833 687 2009 740 facis?

359 776 423 829 Et
458 774 840 845 respondens,
866 773 1014 826 dixit
1046 773 1224 827 mihi:
1262 778 1324 825 Et
1368 788 1497 844 ego,
1533 775 1607 827 mi
1636 779 1816 843 pater,
1851 776 2007 844 ejus-

360 865 487 918 dem
523 868 716 932 quote
749 862 1001 917 instituti
1028 879 1181 927 sum,
1208 866 1263 915 et
1286 863 1455 933 quasi
1480 880 1594 916 uno
1619 862 1808 934 lapide
1826 865 2006 918 distat

360 958 473 1008 ate
520 952 802 1023 spelunca
859 968 1007 1006 mea.
1042 952 1395 1006 Ostendebat
1452 956 1645 1007 autem
1704 958 1759 1008 et
1817 953 2008 1009 locum

358 1041 522 1111 quasi
557 1039 627 1094 ad
644 1039 1021 1094 Austrum.Et
1054 1038 1169 1095 ait:
1203 1039 1461 1095 Lustravi
1498 1041 1644 1095 hanc
1663 1045 2012 1107 eremum,et

355 1148 465 1202 prce
484 1136 615 1186 estu
635 1130 816 1185 nimio
840 1129 935 1185 siti
960 1130 1201 1203 fatigata
1223 1131 1470 1199 sum;fac
1484 1147 1618 1202 ergo
1643 1131 2009 1199 charitatem,

355 1228 538 1293 pater,
573 1228 631 1277 et
662 1222 736 1277 da
781 1221 925 1276 mihi
987 1221 1267 1290 pusillum
1322 1238 1505 1293 aquai.
1568 1222 1766 1292 Itaque
1798 1221 2008 1292 protuli

359 1328 624 1377 urceum,
652 1316 708 1368 et
738 1312 869 1367 dedi
902 1312 973 1367 ei.
1011 1313 1145 1376 Quae
1172 1327 1305 1366 cum
1339 1327 1581 1366 sumens
1616 1311 1885 1380 bibisset,
1918 1312 2009 1366 di-

358 1401 493 1455 misi
514 1400 702 1455 illam.
728 1403 872 1457 Cum
895 1405 1089 1455 autem
1116 1400 1375 1469 abiisset,
1399 1400 1573 1472 coepit
1593 1399 1863 1455 diabolus
1895 1399 2009 1454 im-

354 1506 618 1562 pugnare
636 1489 1457 1560 meimmittenscogitationes
1491 1489 1758 1544 sordidas
1780 1490 1836 1543 in
1860 1506 2007 1544 eam.

357 1580 680 1652 Superatus
739 1582 918 1653 igitur
950 1598 1139 1651 neque
1172 1582 1360 1635 ferens
1412 1578 1673 1635 libidinis
1720 1580 2011 1646 ardorem,

354 1676 591 1743 sumpta
613 1673 776 1743 virga
796 1688 948 1738 mea,
982 1670 1188 1727 cellam
1223 1687 1495 1742 egressus
1529 1687 1661 1725 sum
1696 1670 1752 1724 in
1790 1671 2011 1725 fervore

356 1765 553 1826 aestus,
592 1777 726 1815 cum
760 1759 985 1830 lapides
1018 1760 1404 1831 ignescerent,
1437 1759 1845 1830 profectusque
1876 1777 2008 1813 sum

354 1850 422 1903 ad
482 1848 673 1916 illam,
703 1855 768 1903 ut
811 1848 1117 1921 implerem
1168 1854 1397 1920 turpem
1448 1848 2003 1919 concupiscentiam.
2041 1868 2083 1929 Β

352 1942 492 1996 Cum
528 1957 669 1995 vero
730 1940 911 1994 ferme
944 1957 1059 1993 uno
1091 1939 1281 1994 stadio
1310 1938 1380 1993 ab
1413 1940 1539 2008 ejus
1573 1938 1764 1993 adhuc
1796 1937 2005 2010 spelazo

350 2028 659 2100 distarem,
694 2034 897 2084 urente
938 2030 1194 2100 graviter
1250 2034 1391 2083 aestu
1448 2027 1735 2097 libidinis,
1772 2034 2006 2099 repente

348 2120 535 2174 factus
579 2119 633 2173 in
658 2119 889 2186 ecstasi,
922 2118 1040 2173 vidi
1069 2123 1323 2187 apertam
1362 2123 1596 2185 terram,
1631 2122 1688 2172 et
1720 2134 1810 2171 me
1844 2118 2003 2171 hiatu

348 2210 507 2262 terrm
528 2205 1359 2279 absorptum.Aspicioqueilli
1375 2207 1656 2261 cadavera
1678 2205 2005 2277 putridaja-

348 2297 634 2365 centia,et
664 2296 941 2363 resoluta,
966 2295 1363 2351 etincredibili
1391 2298 1568 2351 fetore
1592 2295 2004 2367 plena,quem-

348 2387 609 2458 demque
642 2385 946 2443 reverendi
979 2386 1218 2442 habitus
1248 2385 1438 2440 virum
1462 2402 1529 2440 ea
1557 2385 1700 2439 mihi
1732 2385 2005 2440 demons-

343 2478 630 2541 trantem,
657 2492 722 2530 ac
756 2475 1045 2530 dicentem
1075 2491 1086 2528 :
1122 2474 1261 2530 Ecce
1293 2475 1450 2529 istud
1485 2472 1750 2529 mulieris
1784 2478 1892 2541 est,
1927 2473 2001 2529 is-

340 2566 440 2619 tud
476 2564 617 2630 viri,
653 2565 809 2619 istud
847 2564 1009 2636 pueri
1036 2585 1049 2635 3
1078 2565 1267 2619 fruere
1291 2564 1411 2634 jam
1466 2568 1529 2618 ut
1572 2561 1691 2632 vis,
1725 2569 1782 2617 et
1818 2579 2007 2633 quan-

335 2658 456 2708 tum
486 2654 643 2709 libet
672 2654 1152 2726 concupiscentia
1184 2657 1324 2708 tua:
1360 2653 1539 2723 hujus
1572 2657 1767 2707 tamen
1797 2651 2003 2722 volup-

338 2744 472 2799 tatis
502 2744 699 2816 gratia
731 2744 860 2799 vide
892 2748 1035 2815 quot
1068 2743 1292 2798 labores
1321 2742 1588 2798 amittere
1617 2741 1878 2797 voluisti.
1902 2740 2002 2795 Vi-

337 2834 404 2889 de
438 2840 691 2907 propter
720 2836 872 2906 quod
911 2840 1213 2906 peccatum
1250 2851 1348 2889 vos
1384 2834 1540 2905 ipsos
1574 2834 1802 2906 privare
1848 2832 1997 2887 867

336 2924 509 2979 vultis
542 2940 727 2996 regno
759 2924 1060 2980 calorum.
1090 2925 1183 2980 Vae
1216 2925 1485 2979 humanm
1520 2923 1801 2979 miseriae!
1832 2939 2001 2994 prop-

286 3046 289 3047 ν
339 3018 425 3068 ter
455 3015 645 3069 unius
678 3013 829 3069 horae
861 3014 1219 3086 voluptatem
1267 3013 1416 3069 tanti
1470 3013 1685 3069 laboris
1739 3013 2003 3067 mercede

340 3103 739 3159 frustramini.
775 3104 889 3175 Ego
922 3111 1115 3160 autem
1174 3121 1288 3176 pro:
1344 3103 1528 3159 nimio
1586 3103 1762 3158 fetore
1790 3102 1849 3155 in
1882 3107 2000 3156 ter-

339 3209 459 3249 ram
497 3194 724 3250 corrui.
756 3198 916 3249 Tunc
949 3195 1229 3250 accedens
1258 3193 1346 3248 vir
1376 3193 1472 3248 ille
1500 3191 1874 3257 venerabilis,
1900 3190 2001 3262 qui

341 3284 481 3338 mihi
520 3288 907 3355 apparuerat,
943 3283 1123 3339 erexit
1156 3299 1268 3337 me.
1302 3284 1369 3338 Et
1399 3282 1619 3353 gratias
1654 3298 1832 3355 agens
1864 3280 2001 3347 Deo,

344 3388 623 3428 reversus
653 3389 783 3427 sum
816 3372 873 3427 in
910 3371 1117 3427 cellam
1152 3388 1364 3427 meam.

992 3487 1225 3544 CAPUT
1246 3488 1362 3545 XX.

341 3577 639 3634 Conversio
669 3578 958 3647 cujusdam
988 3579 1186 3633 militis
1238 3579 1314 3631 ad
1366 3577 1703 3633 miraculum
1741 3577 1833 3631 Dei
1862 3577 1919 3630 in
1953 3591 2006 3630 se

386 3653 632 3720 factum,
665 3651 821 3720 cujus
852 3652 1021 3705 etiam
1052 3649 1161 3705 vita
1202 3650 1576 3721 compendiose
1604 3648 1948 3703 describitur.

406 3738 688 3794 Narravit
704 3738 870 3794 nobis
890 3738 1130 3810 quidam
1148 3744 1408 3807 Patrum,
1424 3737 1721 3809 accepisse
1736 3754 1796 3792 se
1813 3752 2003 3807 aquo-

338 3828 468 3883 dam
493 3827 708 3896 milite,
728 3831 882 3899 quod
905 3846 1031 3884 cum
1053 3829 1273 3884 bellum
1300 3828 1356 3882 in
1384 3828 1578 3883 Africa
1600 3831 1867 3899 gererent
1893 3831 2003 3881 Ro-

337 3918 494 3974 mani
510 3933 650 3972 cum
665 3918 1293 3989 Mauritanis,victique
1312 3920 1654 3988 fugarentur
1669 3932 1701 3970 a
1714 3914 2002 3981 barbaris,

338 4022 401 4061 ac
434 4005 685 4079 plurimi
720 4006 952 4062 illorum
989 4006 1209 4077 passim
1241 4007 1605 4062 caederentur
1641 4004 1833 4075 ipsum
1871 4020 2007 4075 qoo-

338 4111 449 4165 que
482 4112 642 4150 unus
676 4112 743 4150 ex
771 4096 1037 4151 barbaris
1062 4101 1269 4151 nactus
1294 4096 1548 4165 hastam,
1575 4098 1637 4150 ut
1667 4094 1834 4148 illum
1872 4092 2004 4147 feri-

340 4185 1081 4256 ret,vibrare,cmpit.Quod
1101 4184 1195 4241 ille
1210 4203 1342 4240 cum
1360 4188 1994 4251 cerneret,orareDeum

340 4276 535 4347 coepit,
573 4292 640 4330 ac
671 4275 895 4329 dicere:
932 4275 1178 4331 Domine
1217 4277 1385 4342 Deus,
1410 4274 1507 4346 qui
1542 4273 1867 4346 apparuisti
1902 4290 2003 4327 an-

340 4364 482 4419 cillae
520 4369 638 4419 tua
669 4363 922 4435 Theclaa,
956 4369 1010 4419 et
1040 4364 1312 4436 eripuisti
1363 4381 1491 4420 eam
1543 4366 1610 4418 de
1659 4362 2002 4433 iniquorum

343 4454 639 4523 manibus,
674 4452 859 4509 libera
890 4459 945 4509 et
980 4470 1069 4509 me
1100 4454 1171 4509 de
1193 4454 1301 4509 hac
1327 4452 1733 4521 neccessitate,
1759 4456 1814 4506 et
1845 4451 2007 4506 salva

342 4557 407 4597 ex
439 4544 551 4598 hac
582 4543 791 4597 acerba
825 4548 1178 4611 morte,mox
1212 4544 1306 4599 ibo
1340 4544 1399 4597 in
1432 4559 1718 4609 eremum,
1748 4545 1803 4596 et
1834 4557 2002 4612 agam

342 4632 518 4687 vitam
577 4631 929 4687 solitariam.
963 4634 1292 4689 Conversus
1346 4638 1542 4688 autem
1603 4631 1901 4687 neminem
1935 4646 2003 4685 ex

341 4719 612 4776 barbaris
646 4720 810 4775 vidit.
840 4722 1041 4792 Itaque
1071 4722 1349 4777 continuo
1378 4721 1535 4776 venit
1568 4722 1637 4775 ad
1668 4720 1819 4775 hanc
1852 4719 2001 4773 Lau-

343 4826 455 4865 ram
487 4810 779 4882 Cupatha,
805 4816 1221 4882 manseratque
1245 4812 1369 4880 jam
1401 4812 1459 4865 in
1492 4810 1795 4881 spelunca,
1824 4808 1915 4864 Dei
1940 4823 2001 4864 se

345 4904 681 4972 protegente
709 4900 921 4970 gratia,
959 4917 1145 4955 annos
1180 4899 1425 4972 triginta
1459 4900 1752 4972 quinque.

956 5016 1189 5072 CAPUT
1245 5015 1392 5071 XXI.

585 5106 727 5162 Mors
757 5105 1107 5162 anachoreta?
1134 5110 1183 5161 et
1212 5106 1328 5175 ejus
1362 5106 1755 5175 inter/celaris.

412 5194 605 5251 Abbas
666 5196 978 5251 Gerontius
1038 5195 1387 5267 praepositus
1418 5196 1757 5252 monasterii
1809 5198 1996 5252 sancti

342 5285 530 5340 Patris
561 5286 747 5341 nostri
778 5284 1074 5356 Euthymii
1125 5286 1383 5340 narravit
1416 5286 1560 5341 mihi
1601 5291 1657 5341 et
1697 5286 1983 5357 Sophiste:

344 5374 690 5444 Sophroniu,
722 5376 923 5429 dicens
950 5390 962 5429 :
994 5375 1133 5429 Tres
1164 5373 1340 5429 simul
1373 5392 1609 5429 eramus
1642 5380 1802 5430 trans
1836 5393 1995 5431 mare

346 5463 1255 5534 Mortuum;amhulantibusque
1282 5464 1451 5518 nobis
1482 5464 1537 5517 in
1574 5469 1830 5520 montem
1861 5482 1994 5519 ana-

347 5550 583 5609 choreta
611 5553 853 5625 quidam
884 5552 1035 5607 alius
1068 5552 1225 5607 circa
1256 5552 1432 5607 maris
1466 5553 1652 5624 ripam
1708 5553 1992 5608 deambu-

346 5638 525 5695 labat.
547 5641 801 5713 Contigit
830 5646 1024 5697 autem
1055 5641 1373 5698 Saracenos
1405 5643 1481 5713 (2)
1502 5642 1750 5698 transire
1780 5659 1883 5713 per
1915 5642 1995 5697 lo-

346 5744 413 5784 ca
443 5728 545 5785 illa
591 5736 651 5787 et
680 5747 985 5787 occurrere
1015 5731 1129 5803 ipsi
1157 5755 1170 5799 ;
1207 5748 1341 5787 cum
1374 5748 1512 5803 ergo
1571 5732 1995 5803 praeteriissent

2115 597 2274 668 cidit,
2314 601 2484 655 nobis
2518 604 2586 657 de
2618 604 2935 678 longinquo
2968 615 3371 681 spectantibus
3398 636 3409 673 :
3436 597 3560 689 jan
3606 621 3760 677 enim

2116 691 2648 749 conscenderamus
2682 703 2961 756 montem.
2988 706 3127 757 Cum
3161 706 3765 779 verolacrymaremur

2117 775 2316 831 tristes
2350 784 2955 850 prOpteranachoretze
2979 775 3448 865 casum,repente
3470 800 3766 856 cernimus

2116 880 2278 918 avem
2315 882 2566 938 superne
2596 873 2947 943 venientem,
2985 885 3216 950 raptum
3264 884 3651 943 Sarracenum
3704 890 3763 945 in

2118 952 2370 1009 sublime
2400 957 2629 1029 tulisse,
2666 967 2838 1033 atque
2886 966 3021 1021 inde
3053 970 3109 1023 in
3143 975 3355 1026 terram
3388 973 3553 1029 illum
3590 978 3765 1032 dimi-

2117 1044 2283 1109 sisse,
2319 1059 2383 1099 ex
2416 1062 2598 1119 eoque
2623 1051 2789 1121 lapsu
2822 1055 3205 1113 Sarracenum
3240 1061 3549 1122 interiisse.

2723 1158 2957 1216 CAPUT
2982 1162 3157 1220 XXII.

2498 1245 2611 1299 Vita
2644 1247 2879 1304 alterius
2912 1254 3058 1307 senis
3100 1255 3387 1313 Cononis..
3559 1251 3581 1289 ⁸

2188 1330 2373 1386 Senex
2403 1332 2643 1402 quidam
2678 1342 2801 1392 erat
2830 1338 2885 1393 in
2921 1343 3180 1399 cmnobio
3204 1347 3390 1400 sancti
3420 1349 3608 1406 Patris
3630 1368 3765 1408 nos-

2119 1418 2195 1472 tri
2228 1419 2562 1492 Theodosii,
2598 1426 2832 1481 nomine
2891 1429 3108 1497 Conon,
3142 1433 3281 1489 Cilix
3343 1452 3573 1507 genere,
3610 1439 3763 1497 hanc

2117 1507 2248 1563 vita:
2278 1526 2542 1566 normam
2575 1529 2676 1583 per
2703 1516 2945 1587 triginta
2974 1536 3159 1576 annos
3184 1526 3558 1582 custodiens:
3583 1530 3764 1585 semel

2119 1598 2460 1685 comedebat
2492 1600 2548 1655 in
2582 1601 2943 1660 hebdomada
2975 1625 3184 1679 panem
3205 1616 3263 1667 et
3294 1630 3528 1685 aquam,
3552 1622 3608 1671 et
3634 1620 3761 1675 sine

2120 1684 2553 1745 intermissione
2583 1708 2851 1763 operans,
2882 1714 3186 1769 nunquam
3220 1702 3288 1756 de
3320 1684 3567 1760 seclesia
3599 1723 3763 1778 egre-

2118 1775 2407 1832 diebatur.

2700 1871 2933 1929 CAPUT
2964 1875 3163 1934 XXIII.

2585 1959 2700 2015 Vita
2732 1962 2995 2020 Theoduli
3022 1968 3299 2023 monachi.

2187 2042 2376 2099 Alium
2395 2046 2863 2107 vidimussenem
2881 2053 2936 2108 in
2967 2057 3167 2112 eodem
3187 2061 3565 2131 monasterio,
3581 2064 3765 2121 Theo-

2117 2131 2321 2187 dulum
2383 2138 2640 2207 nomine,
2675 2139 2770 2209 qui
2828 2142 2995 2199 miles
3055 2150 3227 2203 antea
3284 2148 3491 2206 fuerat.
3532 2151 3584 2207 Is
3636 2154 3761 2211 dies

2118 2237 2321 2279 omnes
2344 2224 2645 2299 jejunans,
2680 2246 2981 2302 nunquam
3015 2233 3071 2289 in
3105 2235 3259 2293 latus
3293 2239 3640 2298 dormiebat.

2705 2338 2932 2395 CAPUT
2964 2343 3175 2401 XXIV.

2194 2421 2307 2477 Vita
2334 2423 2481 2478 senis
2510 2427 2811 2497 cujusdam
2840 2429 3149 2489 habitantis
3184 2435 3245 2488 in
3274 2436 3429 2491 cellis
3461 2437 3688 2495 Guziba.

2192 2511 2323 2565 Erat
2356 2528 2531 2567 senex
2562 2515 2801 2585 quidam
2834 2517 3108 2577 habitans
3138 2522 3196 2577 in
3250 2524 3409 2581 cellis
3457 2528 3669 2583 Cuziba
3695 2529 3766 2583 de

2120 2615 2233 2671 quo
2264 2602 2579 2657 narrabant
2601 2605 2769 2661 nobis
2800 2606 2907 2661 loci
2941 2609 3069 2678 ejus
3101 2612 3379 2679 seniores,
3414 2616 3569 2686 quod
3622 2618 3764 2673 dum

2117 2689 2176 2743 in
2210 2690 2333 2745 vico
2364 2708 2470 2747 suo
2501 2699 2675 2764 esset,
2710 2694 2855 2750 hanc
2886 2696 3139 2754 habebat
3158 2704 3669 2774 consuetudinem,
3704 2711 3769 2762 ut

2118 2778 2366 2850 siquem
2399 2780 2641 2838 vidisset
2671 2784 2727 2838 in
2761 2785 2882 2841 vico
2916 2804 3029 2857 pra
3061 2787 3258 2860 inopia
3307 2809 3422 2847 non
3474 2794 3765 2851 valentem

2119 2885 2323 2939 agrum
2358 2888 2531 2926 suum
2564 2873 2878 2944 seminare,
2910 2882 3084 2933 noctu
3120 2878 3259 2947 ibat,
3295 2880 3604 2952 ignorante
3642 2884 3767 2957 agri

2115 2958 2372 3030 domino,
2403 2977 2719 3032 semenque
2770 2981 2967 3021 secum
3023 2968 3237 3039 ferens,
3273 2974 3548 3043 pauperis
3596 2972 3758 3031 illius

2114 3049 2341 3103 serebat
2370 3051 2761 3120 agrum.Cum
2795 3060 2990 3110 autem
3024 3058 3279 3114 venisset
3309 3059 3367 3114 in
3400 3070 3768 3131 eremum,et

2116 3142 2447 3193 moraretur
2476 3139 2533 3194 in
2568 3140 2729 3197 cellis
2756 3143 2990 3210 Cuziba,
3015 3146 3216 3201 eadem
3254 3148 3647 3207 miserationis
3682 3154 3766 3207 fa-

2036 3236 2076 3302 C
2116 3226 2304 3317 ciebat
2335 3244 2530 3299 opera.
2557 3230 2683 3285 Ibat
2712 3231 2867 3286 enim
2902 3249 3003 3304 per
3032 3233 3206 3306 viam,
3232 3253 3359 3308 quae
3391 3238 3553 3295 ducit
3581 3256 3611 3295 e
3640 3240 3779 3317 Jor-~

2115 3316 2265 3372 dane
2292 3318 2358 3373 ad
2392 3323 2658 3373 sanctam
2693 3319 3210 3391 civitatem,ferens
3234 3343 3414 3397 panes
3438 3333 3494 3383 et
3525 3346 3766 3401 aquam.

2112 3406 2181 3461 Et
2208 3406 2255 3461 si
2286 3408 2524 3477 quando
2554 3408 2773 3465 videret
2823 3411 3076 3482 aliquem
3122 3412 3533 3489 lacessantem,
3567 3424 3764 3489 porta-

2110 3493 2212 3550 bat
2231 3512 2381 3552 onus
2399 3497 2547 3567 ejus,
2565 3502 2620 3552 et
2634 3500 2990 3556 ascendebat
3011 3519 3197 3574 usque
3219 3505 3285 3559 ad
3312 3511 3583 3561 sanctum
3604 3524 3767 3562 mon-

2112 3588 2227 3639 tem
2262 3584 2489 3657 Oliveti,
2510 3604 2831 3660 rursusque
2864 3606 2966 3661 per
2986 3593 3251 3648 eamdem
3277 3610 3409 3650 cum
3435 3597 3655 3651 caeteris
3681 3615 3767 3652 re-

2114 3673 2275 3728 dibat
2305 3674 2476 3743 viam,
2514 3676 2703 3732 ferens
2730 3676 2964 3734 illorum
2985 3698 3159 3736 onera
3186 3700 3373 3754 usque
3393 3684 3645 3742 Jericho.
3666 3687 3768 3741 Vi-

2111 3761 2302 3817 disses
2330 3779 2530 3818 senem
2563 3765 2881 3836 aliquando
2916 3768 3197 3824 ferentem
3230 3787 3380 3827 onus
3407 3772 3635 3845 ingens,
3669 3794 3767 3829 su-

2112 3851 2469 3923 dantemque
2500 3854 2611 3909 sub
2648 3854 2833 3916 fasce;
2865 3856 3183 3927 aliquando
3209 3865 3541 3930 portantem
3565 3863 3622 3916 in
3660 3863 3769 3918 hu-

2114 3941 2292 3997 meris
2307 3942 2648 4014 puerulum,
2666 3960 2817 4015 saepe
2832 3944 3003 3999 etiam
3028 3946 3196 4001 duos.
3212 3947 3651 4020 Nonnunquam
3677 3969 3769 4006 se-

2112 4029 2422 4096 dcbat,viri
2448 4032 2567 4086 sive
2592 4031 2857 4087 mulieris
2880 4033 3148 4106 disrupta
3166 4035 3561 4092 calceamenta
3576 4056 3768 4095 resar-

2112 4117 2271 4174 ciens
2296 4140 2309 4177 :
2347 4120 2791 4193 ferebatquippe
2806 4139 3002 4177 secum
3017 4140 3379 4195 quaecunque
3393 4128 3460 4180 ad
3482 4128 3584 4182 hoc
3598 4135 3767 4184 erant

2114 4210 2637 4265 necessaria.Alios
2652 4212 2892 4281 potabat
2922 4230 2987 4266 ea
3005 4230 3180 4284 quam
3205 4215 3421 4269 ferebat
3439 4233 3612 4287 aqua,
3628 4217 3764 4273 aliis

2114 4298 2407 4367 praebebat
2426 4316 2623 4368 panes;
2638 4300 2686 4353 si
2703 4316 2876 4371 quem
2895 4317 3025 4355 vero
3038 4300 3360 4358 invenisset
3382 4306 3499 4359 nud
3512 4322 3541 4359 u
3556 4322 3603 4360 ni
3616 4306 3761 4377 ,pal-

2114 4389 2259 4444 lium
2292 4392 2445 4459 quod
2482 4391 2721 4453 ferebat.
2758 4390 2937 4445 dabat
2966 4392 3037 4447 ei.
3073 4393 3325 4464 Eratque
3347 4394 3539 4463 dulce,
3572 4397 3766 4452 videre

2113 4493 2317 4532 senem
2369 4478 2621 4549 singulis
2676 4479 2885 4534 diebus
2917 4479 3305 4537 laborantem.
3342 4483 3490 4539 Etsi
3526 4486 3763 4555 quando

2037 4570 2412 4656 Dmortuum
2456 4568 2513 4622 in
2572 4568 2665 4622 via
2723 4569 3057 4639 reperisset,
3091 4571 3337 4643 expletis
3396 4589 3576 4644 super
3631 4591 3767 4630 eum

2118 4656 2365 4728 psalmis
2395 4658 2697 4713 consuetis
2724 4663 2781 4713 et
2810 4659 3201 4730 orationibus,
3227 4660 3551 4733 sepeliebat
3588 4680 3750 4719 eum.

2707 4764 2940 4819 CAPUT
2987 4765 3168 4821 XXV.

2109 4854 2182 4909 De
2201 4855 2377 4924 fratre
2406 4853 2727 4909 monasterii
2759 4853 2984 4919 Cusiba,
3009 4858 3061 4908 et
3086 4863 3294 4913 sanctae
3315 4857 3608 4912 oblationis
3639 4873 3765 4913 ver-

2460 4926 2561 4991 bis,
2594 4942 2695 4980 nec
2722 4942 2831 4979 non
2867 4925 2930 4977 de
2960 4926 3152 4981 abbate
3182 4928 3415 4982 Joanne.

2181 5020 2377 5071 Frater
2407 5016 2648 5085 quidam
2683 5020 2806 5069 erat
2838 5014 2894 5069 in
2929 5016 3191 5071 ccenobio
3224 5018 3455 5084 Cuziba,
3490 5025 3553 5072 ut
3598 5020 3768 5075 nobis

2108 5105 2289 5159 abbas
2309 5103 3092 5175 GregoriusexScholaribus
3108 5106 3176 5175 (3)
3196 5106 3415 5173 retulit,
3433 5110 3765 5177 quisanctaa

2106 5193 2417 5249 oblationis
2448 5194 2623 5247 verba
2652 5194 2950 5264 ritumque
2984 5194 3289 5249 didicerat.
3319 5195 3423 5251 Die
3456 5212 3593 5269 ergo
3629 5215 3770 5268 qua-

2106 5284 2242 5337 dam
2279 5282 2496 5336 missus
2518 5286 2579 5336 ut
2601 5281 3039 5337 benedictiones
3056 5283 3249 5349 ferret,
3265 5285 3533 5355 cumjam
3552 5288 3770 5343 rediret

2106 5373 2176 5428 ad
2214 5372 2661 5437 monasterium,
2694 5372 2868 5427 verba
2895 5375 3110 5425 sanctae
3128 5370 3442 5427 oblationis
3475 5376 3765 5447 (’1),quasi

2103 5478 2307 5517 versus
2323 5460 2552 5531 aliquos
2568 5460 3256 5526 caneret,dixit.Easdem
3270 5479 3400 5517 vero
3415 5465 3768 5521 benedictio-

2104 5569 2207 5607 nes
2240 5551 2650 5622 imposuerunt
2680 5547 2910 5603 diaconi
2944 5554 3148 5604 sancto
3203 5552 3396 5607 altari.
3428 5554 3581 5618 Quas
3633 5570 3767 5610 cum

2104 5642 2286 5697 abbas
2312 5641 2571 5695 Joannes
2601 5637 2905 5709 presbyter
2942 5637 3196 5706 offerret,
3232 5640 3331 5711 qui
3356 5647 3555 5712 postea
3587 5644 3771 5696 Caesa.

2105 5747 2214 5787 reas
2247 5728 2564 5787 Palaestina:
2595 5726 2910 5798 episcopus
2945 5726 3076 5798 fuit,
3108 5744 3226 5783 non
3260 5729 3425 5798 vidit,
3453 5733 3518 5784 ut
3560 5729 3773 5786 solitus
