4180 6338
489 324 585 379 131

486 542 543 593 et
564 535 828 608 cogitans
853 548 925 587 ne
952 532 1093 603 quid
1121 530 1266 585 forte
1292 531 1591 601 peccasset
1621 527 1680 581 in
1713 530 1929 597 mente,
1962 530 2140 597 atque

486 627 617 681 idro
633 641 695 680 se
706 622 961 695 Spiritus
977 620 1128 676 868
1147 622 1388 675 sanctus
1405 616 2039 687 avertisset,ingressus
2053 620 2142 670 est

488 715 808 772 sacrarium
824 709 1423 785 plorans,corruitque
1436 708 1494 762 in
1511 706 2139 777 faciem.suam.Appa-

490 805 609 859 ruit
628 809 821 859 autem
846 802 895 856 ei
920 799 1166 871 angelus
1186 796 1439 862 Domini,
1465 795 1997 861 dicens:Quoniam
2023 796 2140 850 fra-

486 900 574 951 ter
594 895 690 950 ille
713 893 811 965 qui
840 892 1167 948 oblationes
1191 888 1624 957 attulit,verba,
1651 893 1865 943 sanctae
1886 887 2137 943 oblatio-

487 985 578 1039 nis
610 984 667 1038 in
702 984 793 1037 via
824 981 989 1051 dixit,
1022 980 1402 1036 sanctificatae
1432 980 1557 1051 jam
1580 994 1645 1033 ac
1677 977 1948 1050 perfectae
1978 980 2134 1032 sunt.

485 1073 562 1127 Ex
592 1078 733 1127 tunc
765 1071 947 1143 igitur
977 1069 1183 1126 statuit
1209 1068 1401 1124 senior
1418 1072 1483 1122 ut
1505 1066 1705 1123 nullus
1732 1066 2004 1138 deinceps
2035 1066 2137 1121 ad-

484 1163 737 1218 disceret
768 1165 982 1217 sanctae
1015 1158 1331 1216 oblationis
1350 1157 1548 1228 verba,
1573 1157 1685 1213 nisi
1708 1157 1807 1227 qui
1831 1157 2137 1211 ordinatus

484 1253 557 1307 ad
588 1252 698 1307 hoc
729 1254 905 1321 esset,
940 1265 1131 1320 neque
1175 1246 1396 1319 passim
1449 1263 1517 1302 ea
1568 1245 1863 1317 quispiam
1898 1245 2135 1315 diceret,

483 1356 839 1413 quocunque
868 1343 1133 1410 tempore
1163 1337 1389 1409 absque
1418 1336 1545 1391 loco
1572 1339 1929 1392 consecrato.

1089 1462 1320 1519 CAPUT
1342 1462 1526 1518 XXVI.

484 1558 600 1613 Vita
622 1556 822 1628 fratris
857 1551 1213 1628 Theophanis,
1241 1552 1461 1621 ejusque
1502 1549 1785 1628 mirabilis
1813 1548 1971 1618 visio,
1996 1548 2136 1620 eﬂde

818 1621 1313 1682 commanicatione
1342 1640 1466 1678 cum
1497 1621 1792 1679 haereticis.

547 1735 731 1789 Senex
756 1733 996 1804 quidam
1028 1730 1271 1787 sedebat
1292 1729 1350 1783 in
1384 1730 1575 1784 Laura
1605 1726 1939 1783 Calamonis
1967 1726 2134 1796 juxta

1680 317 1777 369 DE
1815 314 2003 368 VITIS
2038 316 2337 371 PATRUM
2374 315 2590 371 LIBER.
2626 316 2698 367 X.

486 442 1084 516 erat,sanctispiritus
1099 436 2137 507 adventum.Contristatusquevalde
2166 448 2221 515 Α

3775 321 3869 378 132

2836 434 3066 492 CAPUT
3094 435 3310 492 XXVII.

2565 539 2689 594 Vita
2720 537 3029 610 presbyteri
3056 538 3214 595 villae
3240 536 3584 596 Mardamlos.

2319 651 2527 707 Decem
2545 653 2662 708 fere
2678 652 2939 709 millibus
2966 669 3246 723 passuum
3262 654 3335 708 ab
3351 654 3491 709 urbe
3515 655 3719 712 Ciliciae
3734 659 3879 732 [Egi-

2245 740 2469 797 navilla
2482 742 2748 813 quaedam
2765 746 2872 810 est,
2891 742 3128 797 nomine
3160 742 3600 813 Mardandos,in
3617 761 3728 817 qua
3744 752 3878 804 tem-

2246 829 2407 901 plum
2442 835 2531 885 est
2559 830 2746 886 sancti
2767 830 3013 886 Joannis
3036 830 3329 903 Baptistae.
3356 834 3418 886 In
3442 831 3549 887 hac
3572 850 3741 890 senex
3760 838 3882 907 qui-

2248 921 2382 975 dam
2418 920 2721 992 presbyter
2753 920 3247 989 sedebat,summi
3278 921 3433 992 apud
3465 921 3643 979 Deum
3674 927 3876 996 meriti,

2248 1025 2720 1082 magnarumque
2745 1009 3052 1065 virtutum.
3077 1011 3340 1075 Quadam
3363 1027 3494 1067 vero
3514 1013 3605 1068 die
3627 1014 3766 1069 villae
3795 1015 3875 1087 ip-

2245 1098 2369 1153 sius
2388 1098 2741 1155 habitatores
2765 1099 3223 1155 accesseruntad
3247 1100 3586 1172 episcopum
3613 1119 3878 1160 accusan-

2244 1191 2331 1243 tes
2345 1204 2640 1258 senem,ac
2653 1188 2935 1244 dicentes:
2950 1187 3110 1244 Tolle
3123 1205 3155 1243 a
3170 1188 3341 1244 nobis
3355 1206 3553 1246 senem
3574 1191 3879 1261 hunc,nam

2245 1275 2530 1333 molestus
2559 1278 2727 1334 nobis
2749 1280 2858 1334 est.
2883 1277 3033 1333 Dicit
3064 1278 3148 1333 eis
3180 1277 3523 1350 episcopus:
3550 1280 3707 1344 Quid'
3729 1282 3881 1338 vobis

2244 1368 2431 1424 facit?
2451 1369 2667 1425 Dicunt
2689 1369 2740 1426 ei
2766 1385 2779 1424 :
2802 1369 3040 1425 Accedit
3070 1369 3314 1425 missam
3339 1370 3629 1428 celebrare
3659 1374 3748 1429 die
3781 1374 3882 1429 Do-

2244 1458 2483 1527 minico,
2518 1475 2674 1514 nunc
2707 1458 2852 1514 hora
2880 1460 3072 1527 tertia,
3091 1476 3247 1514 nunc
3273 1464 3470 1516 autem
3488 1461 3808 1529 horanona,
3827 1468 3887 1519 ut

2244 1547 2359 1603 sibi
2382 1547 2573 1603 visum
2598 1547 2795 1616 fuerit,
2818 1564 3005 1619 neque
3027 1552 3219 1604 servat
3249 1548 3572 1605 solemnem
3604 1568 3669 1606 ac
3700 1552 3882 1624 legiti-

2244 1653 2407 1692 mum
2421 1638 2691 1693 ordinem
2718 1642 2933 1692 sanctae
2956 1637 3293 1693 oblationis.
3311 1638 3413 1695 His
3430 1642 3765 1711 compertis,
3780 1641 3885 1713 epi-

2243 1742 2455 1798 scopus
2488 1742 2800 1781 assumens
2832 1742 3027 1781 senem
3063 1742 3351 1794 seorsum,
3385 1728 3467 1783 ait
3498 1727 3586 1783 illi
3612 1745 3625 1784 :
3648 1729 3790 1798 Quid
3813 1732 3887 1785 ita

474 1824 791 1879 Jordanem
828 1820 1091 1888 ﬂuvium,
1123 1818 1404 1891 Cyriacus
1437 1816 1696 1885 nomine,
1730 1814 1927 1885 magni
1978 1814 2131 1885 apud
2169 1822 2213 1887 Β
2246 1815 2389 1871 facis
2420 1815 2661 1871 senior?
2692 1832 2762 1870 an
2796 1814 3033 1887 ignoras
3065 1820 3279 1871 sanctae
3314 1816 3581 1873 Ecclesiae
3623 1823 3888 1875 statuta?

475 1919 659 1967 Deum
695 1910 909 1966 meriti.
938 1910 1018 1963 Ad
1054 1909 1211 1963 hunc
1240 1909 1533 1978 profectus
1564 1910 1653 1960 est
1683 1906 1863 1959 frater
1884 1901 2138 1975 peregri-

480 2017 589 2055 nus
616 2015 684 2054 ex
715 1998 951 2069 regione
1010 1997 1181 2063 Dora,
1215 1993 1627 2063 Theophanes,
1661 1990 1920 2059 nomine,
1954 1993 2019 2043 ut
2047 1989 2138 2043 in-

484 2091 806 2159 terrogaret
844 2101 1046 2141 senem
1098 2084 1168 2138 de
1205 2081 1663 2154 cogitationibus
1715 2077 2138 2135 fornicationis.

485 2181 667 2241 Quem
700 2176 896 2232 senior
924 2172 1146 2229 hortari
1178 2171 1352 2243 ccepit
1400 2174 1575 2242 atque
1615 2185 1824 2242 urgere
1853 2167 2045 2224 verbis
2070 2167 2140 2222 de

487 2265 770 2338 pudicitia
800 2268 857 2321 et
885 2261 1169 2318 castitate.
1204 2261 1403 2315 Frater
1433 2260 1632 2330 itaque
1662 2256 1974 2329 magnifice
2003 2255 2139 2311 mdi-

485 2357 714 2424 ficatus,
760 2353 841 2410 ait
888 2351 1037 2408 seni:
1066 2351 1232 2418 Vere,
1251 2349 1331 2403 mi
1381 2352 1553 2405 Pater
1576 2364 1681 2420 ego
1700 2346 1883 2403 nisiin
1907 2345 2141 2417 regione

488 2462 616 2500 mea
634 2442 996 2499 Nestorianis
1018 2439 1537 2503 communicarem,
1561 2442 1756 2494 tecum
1806 2434 2138 2508 pemansis-

487 2550 633 2589 sem.
658 2533 802 2588 Cum
834 2547 967 2586 vero
1001 2529 1266 2585 audisset
1297 2544 1472 2584 senex
1498 2526 1751 2582 Nestorii
1784 2541 2015 2581 nomen.
2051 2523 2141 2579 af-

493 2624 687 2678 ﬂictus
735 2622 804 2677 de
863 2619 1188 2692 perditione
1232 2618 1453 2685 fratris,
1485 2616 1834 2688 corripiebat
1890 2631 2047 2681 eum,
2085 2618 2143 2669 et

492 2714 695 2767 orabat
744 2715 810 2765 ut
853 2710 1146 2765 recederet
1177 2707 1249 2761 ab
1280 2706 1388 2761 hac
1418 2705 1673 2777 pessima
1702 2711 1759 2761 et
1817 2703 2145 2777 perniciosa

492 2800 725 2868 haeresi,
784 2799 1200 2869 accederetque
1256 2797 1327 2851 ad
1374 2799 1641 2852 sanctam
1690 2793 2036 2850 catholicam
2087 2798 2144 2849 et

489 2889 869 2962 apostolicam
896 2886 1237 2951 Ecclesiam,
1258 2885 1460 2941 dicens
1488 2902 1604 2940 non
1637 2900 1765 2940 esse
1797 2883 1970 2939 aliam
1994 2883 2143 2938 salu-

486 2981 739 3051 tisspem
776 2977 889 3033 nisi
908 2980 1061 3031 recte
1085 2975 1413 3031 sentiamus
1434 2978 1491 3029 et
1512 2974 1820 3029 credamus
1844 2973 1930 3042 (ut
1947 2988 2145 3028 revera

484 3072 594 3139 est)
611 3074 873 3125 sanctam
891 3068 1131 3123 Mariam
1146 3066 1245 3121 Dei
1258 3065 1597 3136 genitricem
1612 3063 1922 3120 esse.Dixit
1945 3067 2142 3119 autem

485 3161 663 3213 frater
684 3157 783 3213 ille
805 3157 963 3213 seni:
990 3156 1270 3221 Profecto,
1306 3154 1538 3210 domine
1570 3155 1756 3224 Pater,
1790 3170 1994 3209 omnes
2024 3152 2139 3208 hae-
2172 3175 2214 3241 ρ

485 3265 645 3303 roses
677 3248 761 3304 sic
775 3246 1005 3302 dicunt:
1026 3245 1150 3301 Nisi
1174 3244 1481 3299 nobiscum
1508 3242 1927 3311 communices,
1945 3241 2143 3298 salvus

484 3355 614 3393 esse
638 3354 751 3392 non
778 3335 1170 3408 poteris.Quid
1199 3349 1331 3405 ergo
1383 3332 1593 3388 faciam
1638 3332 1858 3401 infelix,
1904 3331 2140 3395 nescio:

483 3428 793 3496 deprecare
824 3425 1008 3497 igitur
1029 3423 1339 3478 Dominum
1363 3427 1427 3477 ut
1451 3421 1642 3492 reipsa
1663 3438 1758 3476 me
1779 3424 2002 3476 certum
2053 3421 2143 3475 fa-

479 3515 893 3586 ciat,qua:nam
926 3513 1004 3568 sit
1031 3529 1166 3568 vera
1196 3512 1363 3566 fides.
1396 3511 1585 3566 Senex
1615 3514 1810 3564 autem
1844 3526 1975 3564 cum
2001 3524 2142 3581 gau-

476 3605 572 3660 dio
606 3604 801 3660 fratris
831 3603 1007 3659 verba
1037 3600 1588 3673 suscepit,dixitque
1610 3598 1717 3654 illi:
1737 3598 1887 3654 Sede
1926 3597 1985 3652 in
2010 3611 2139 3664 spe-

478 3693 651 3749 lunca
684 3710 935 3762 mecum,
966 3696 1024 3748 et
1053 3692 1293 3746 omnino
1324 3706 1489 3762 spem
1522 3690 1579 3743 in
1607 3688 1723 3743 Deo
1755 3685 2141 3758 habeto,quia

477 3782 757 3838 rcvclabit
790 3782 897 3837 tibi
930 3780 1117 3853 ipsius
1149 3780 1478 3851 benignitas
1527 3795 1654 3849 quae
1704 3777 1781 3832 sit
1810 3793 1945 3831 vera
1967 3776 2133 3835 ﬁdes.

483 3873 857 3944 Dimissoque
912 3872 1087 3927 fratre
1116 3870 1175 3925 in
1226 3869 1507 3942 spelunca
1567 3884 1695 3937 sua,
1728 3882 2003 3939 egressus
2048 3868 2139 3921 est

477 3962 676 4017 senior
701 3977 882 4033 prope
917 3977 1076 4016 mare
1091 3960 1411 4026 Mortuum,
1430 3973 1605 4013 orans
1620 3956 1803 4010 Deum
1823 3971 1927 4026 pro
1941 3955 2135 4009 fratre.

470 4051 638 4107 Circa
671 4055 864 4106 autem
891 4050 1098 4105 horam
1160 4064 1374 4102 nanam
1408 4046 1522 4100 diei
1560 4044 1863 4116 sequentis
1913 4042 2139 4115 aspexit

476 4143 654 4195 frater
684 4140 993 4210 quemdam
1028 4142 1316 4192 astantem
1353 4134 1465 4190 sibi
1495 4138 1733 4205 aspectu
1790 4132 2133 4198 terribilem,

482 4246 545 4283 ac
580 4225 1156 4295 dicentem:Veni,et
1194 4223 1326 4280 vide
1347 4223 2133 4291 veritatem.Assumensque

473 4335 630 4385 cum,
659 4317 826 4372 duxit
852 4317 909 4371 in
943 4315 1133 4371 locum
1168 4314 1543 4369 tenebrosum
1578 4328 1643 4367 ac
1676 4311 1941 4375 fetidum,
1966 4310 2132 4382 ignes

478 4411 891 4478 evaporantem
922 4424 934 4471 ;
988 4409 1165 4474 atque
1196 4403 1253 4456 in
1286 4402 1431 4473 ipsis
1454 4400 1689 4472 ignibus
1734 4400 1882 4454 vidit
1923 4399 2132 4454 Nesto-

472 4492 1406 4566 rium,Eutychen,Apollinarem,
1433 4490 1803 4557 Dioscorum,
1831 4493 2128 4559 Severum,

2248 1904 2342 1959 Ait
2360 1921 2554 1960 senex:
2580 1904 2731 1960 Vera
2747 1905 3003 1976 profecto
3020 1905 3418 1976 prosequeris,
3445 1911 3503 1963 et
3528 1912 3682 1963 recte
3706 1908 3885 1977 dicis;

2248 2010 2448 2049 verum
2482 1994 2621 2065 quid
2653 2010 2843 2065 agam,
2870 1994 3101 2065 ignoro.
3128 1994 3231 2050 Die
3262 1994 3418 2050 enim
3440 1996 3741 2053 Dominico
3766 2003 3889 2069 post

2249 2088 2569 2139 nocturnos
2597 2083 2868 2152 hymnos,
2890 2100 3068 2155 prope
3089 2088 3361 2140 sanctum
3397 2085 3582 2142 altare
3614 2088 3805 2153 sedeo,
3835 2092 3892 2142 et

2247 2188 2555 2243 quousque
2583 2171 2811 2228 videam
2844 2172 3130 2243 Spiritum
3181 2182 3452 2229 sanctum
3488 2174 3671 2231 altare
3696 2176 3891 2231 obum.

2248 2261 2542 2330 brantem,
2575 2266 2779 2317 sancta
2807 2262 3128 2317 missarum
3170 2262 3456 2319 solemnia
3488 2281 3606 2319 non
3641 2264 3886 2335 incipio;

2249 2368 2384 2406 cum
2402 2355 2595 2406 autem
2612 2350 2921 2406 advenisse
2933 2350 3212 2422 Spiritum
3230 2352 3886 2424 sanctumaspicio,tunc

2246 2456 2351 2511 ego
2364 2456 2530 2495 sacra
2545 2438 2731 2495 ofﬁcia
2746 2440 3216 2496 consummo.His
3227 2441 3892 2514 auditis,episcopusad-

2251 2528 2497 2583 miratus
2527 2527 2799 2582 virtutem
2828 2529 3009 2597 senis,
3034 2533 3315 2585 convocat
3333 2529 3696 2588 habitatores
3742 2529 3887 2587 villa

2250 2617 2743 2688 satisfaciensque
2772 2618 2915 2685 illis,
2947 2618 3174 2674 dimisit
3205 2634 3303 2674 eos
3336 2619 3393 2674 in
3432 2637 3593 2692 pace.

2322 2706 2466 2762 Huic
2525 2706 2650 2763 seni
2683 2707 2845 2763 misit
2874 2707 3055 2763 abbas
3086 2706 3361 2765 Julianus
3398 2709 3635 2781 Stylites
3685 2710 3897 2767 saluta—

2249 2796 2491 2863 tionem,
2551 2797 2793 2852 mittens
2846 2796 2898 2852 ei
2959 2814 3219 2869 pannum
3270 2797 3631 2868 involutum,
3681 2800 3893 2855 haben-

2250 2891 2390 2956 tem,
2422 2886 2579 2941 intus
2612 2890 2729 2942 tres
2762 2886 3045 2941 carbones
3072 2886 3248 2958 ignis.
3284 2888 3472 2944 Senex
3522 2905 3657 2944 vero
3710 2888 3891 2944 susci-

2250 2975 2418 3047 piens
2450 2974 2863 3031 salutationem
2900 2980 2957 3030 et
3013 2976 3294 3032 carbones
3346 2977 3644 3044 ardentes,
3680 2976 3896 3033 remisit

2250 3065 2435 3120 eidem
2472 3064 2667 3119 abbati
2705 3065 2902 3136 ipsum
2941 3081 3203 3136 pannum
3234 3064 3568 3122 involutum
3598 3084 3751 3139 aqua
3780 3067 3895 3139 ple-

2254 3170 2417 3209 num.
2446 3153 2753 3209 Distabant
2783 3158 2978 3210 autem
3011 3154 3082 3210 ab
3107 3153 3354 3211 invicem
3388 3156 3510 3213 fere
3538 3156 3746 3230 viginti
3771 3155 3895 3211 mil-

2255 3243 2420 3300 libus
2454 3258 2762 3315 passuum.

2816 3376 3053 3433 CAPUT
3074 3377 3322 3435 XXVIII.

2430 3487 2661 3541 Factum
2690 3472 2951 3540 mirabile
2979 3486 3204 3541 abbatis
3233 3488 3453 3542 Juliani
3482 3488 3731 3561 Stylifae.

2318 3601 2605 3659 Narrabat
2635 3600 2818 3657 abbas
2850 3601 3145 3674 Cyriacus,
3168 3602 3501 3676 discipulus
3524 3603 3787 3676 praedicti
3806 3606 3896 3660 at-

2245 3691 2401 3747 batis
2428 3690 2649 3747 Juliani
2680 3691 2926 3763 Stylitee,
2958 3691 3193 3749 dicens:
3218 3693 3507 3749 Venimus
3532 3711 3638 3767 ego
3662 3699 3719 3750 et
3740 3697 3896 3766 pater

2245 3796 2410 3837 meus
2439 3785 2497 3836 et
2528 3781 2703 3835 frater
2734 3798 2767 3835 a
2799 3781 3033 3853 regione
3062 3786 3262 3838 nostra
3295 3783 3366 3838 ad
3398 3783 3679 3839 abbatem
3710 3782 3892 3839 Julia-

2243 3887 2405 3940 num,
2429 3869 2630 3924 audita
2659 3869 2787 3939 ejus
2819 3870 2993 3925 fama.
3019 3871 3137 3943 Ego
3168 3871 3324 3927 enim
3349 3872 3643 3930 habebam
3675 3873 3893 3946 passio-

2243 3972 2376 4013 nem
2410 3957 2825 4027 insanabilem,
2849 3974 3026 4029 quam
3054 3958 3253 4015 nullus
3277 3960 3430 4016 869
3456 3961 3766 4018 hominum
3798 3976 3896 4016 cu:

2240 4063 2368 4101 rare
2400 4050 2691 4118 potuerat.
2721 4046 3068 4101 Venientem
3100 4047 3281 4119 igitur
3310 4064 3487 4104 senex
3523 4050 3793 4121 protinus
3810 4063 3897 4103 me

2239 4136 2503 4192 oratione
2518 4134 3099 4191 curavit.Mansimus
3115 4141 3309 4193 autem
3336 4155 3546 4195 omnes
3560 4139 3716 4211 apud
3740 4153 3894 4202 eum,

2239 4231 2296 4281 ct
2341 4224 2887 4281 abrenuntiavimus
2944 4226 3179 4295 saeculo,
3214 4228 3648 4301 constituitque
3706 4226 3899 4284 senior

2238 4323 2463 4385 patrem
2498 4330 2695 4370 meum
2728 4330 2908 4385 super
2939 4314 3323 4371 frumentum.
3349 4318 3618 4383 Quadam
3643 4334 3777 4373 vero
3809 4315 3898 4372 die

2235 4404 2393 4459 venit
2423 4408 2589 4475 pater
2616 4420 2805 4471 meus,
2838 4407 2895 4459 et
2926 4402 3007 4459 ait
3063 4404 3259 4461 abbati
3313 4405 3593 4463 Juliano:
3624 4408 3900 4464 Frumen-

2236 4496 2365 4548 tum
2400 4510 2515 4548 non
2546 4492 2852 4549 habemus.
2886 4496 3069 4548 Senex
3098 4500 3293 4550 autem
3342 4497 3409 4550 de
3460 4497 3743 4552 columna
3775 4513 3897 4552 res-

471 4558 699 4654 Arium,
732 4558 1062 4653 O'rigenem,
1095 4586 1152 4637 et
1198 4580 1346 4636 alios
1405 4579 1714 4651 quosdam.
1742 4578 2013 4650 Dixitque
2044 4575 2128 4632 illi
2159 4558 2204 4621 D
2239 4584 2503 4655 pendens
2530 4581 2646 4637 ait:
2684 4581 3130 4654 Vade,frater,et
3162 4585 3357 4655 ipsum
3387 4587 3548 4656 quod
3574 4586 3892 4655 inveneris,

468 4672 517 4728 is
552 4673 650 4743 qui
682 4676 1065 4743 apparuerat:
1100 4670 1284 4725 Locus
1315 4669 1426 4723 iste
1474 4670 1833 4739 praeparatus
1880 4671 1968 4722 est
1999 4666 2116 4721 hae-

467 4763 751 4828 reticis,et
764 4756 1502 4831 blasphemantibus,ethis
1516 4756 1617 4828 qui
1632 4755 1865 4811 illorum
1881 4756 2119 4827 dogma-

468 4858 526 4906 ta
558 4855 907 4923 sequuntur.
939 4850 994 4903 Si
1028 4866 1131 4919 ego
1181 4847 1373 4921 placet
1409 4847 1514 4902 tibi
1563 4846 1746 4917 locus,
1780 4846 2025 4918 persiste
2057 4845 2114 4900 in

470 4947 568 4997 tuo
591 4940 942 5013 dogmate;si
966 4944 1159 4995 autem
1178 4937 1534 5010 supplicium
1557 4936 1717 4992 istud
1732 4934 1977 5007 experiri
1999 4952 2114 4991 non

467 5034 555 5085 vis
572 5032 798 5097 accede,
816 5031 888 5085 ad
904 5033 1168 5085 sanctam
1185 5026 1530 5083 catholicam
1547 5031 1603 5082 et
1617 5025 1997 5097 apostolicam
2018 5026 2116 5080 Ec-

462 5121 700 5177 clesiam
717 5136 920 5191 ,quam
938 5124 992 5174 te
1028 5134 1207 5174 senex
1226 5118 1410 5172 docet.
1428 5116 1567 5171 Dico
1584 5116 1739 5170 enim
1765 5115 1892 5183 tibi,
1911 5114 2048 5186 quia
2066 5115 2115 5170 si

461 5226 664 5265 omnes
696 5209 941 5265 virtutes
972 5208 1147 5263 homo
1179 5210 1473 5278 operetur,
1495 5222 1599 5261 nec
1630 5210 1784 5260 recte
1814 5204 2032 5273 credat,
2055 5204 2115 5259 in

462 5300 571 5355 hoc
608 5297 733 5354 loco
767 5297 1143 5355 cruciabitur.
1172 5299 1359 5367 Atque
1387 5295 1446 5350 in
1479 5294 1587 5350 hoc
1610 5295 1783 5350 verbo
1813 5294 1970 5349 venit
2000 5294 2113 5348 fra-

460 5393 548 5443 ter
578 5387 637 5443 in
665 5388 1071 5459 semetipsum,
1092 5391 1149 5442 et
1174 5385 1441 5443 redeunti
1474 5382 1598 5440 seni
1630 5382 1890 5439 narravit
1921 5382 2119 5438 omnia

460 5493 588 5548 qua:
620 5475 849 5531 viderat
880 5476 1246 5547 accessitque
1277 5475 1347 5529 ad
1381 5472 1854 5529 communionem
1902 5476 2116 5528 sanctae

461 5564 761 5621 catholicae
794 5564 1086 5620 Ecclesiae.
1114 5564 1417 5619 Remansit
1441 5566 1638 5619 autem
1663 5577 1799 5618 cum
1826 5561 2119 5632 sene,im-

459 5655 750 5729 pletisque
781 5658 1033 5727 quatuor
1054 5670 1188 5710 cum
1221 5653 1320 5711 illo
1355 5652 1550 5723 annis,
1573 5650 1850 5710 dormivit
1870 5651 1930 5708 in
1952 5667 2113 5724 pace.

2226 4669 2435 4743 collige
2465 4670 2661 4737 hodie,
2698 4675 2755 4725 et
2786 4670 2960 4741 mole,
2997 4674 3054 4727 et
3086 4672 3155 4727 de
3187 4672 3444 4728 crastino
3498 4675 3662 4731 Deus
3712 4678 3894 4732 nostri

2228 4776 2427 4816 curam
2460 4759 2717 4814 habebit.
2745 4757 2845 4814 Ille
2866 4776 2999 4815 vero
3028 4760 3085 4815 in
3105 4760 3212 4816 hoc
3232 4762 3407 4817 verbo
3430 4764 3713 4819 turbatus
3735 4762 3897 4835 (scie-

2227 4850 2328 4904 bat
2357 4848 2513 4905 enim
2541 4864 2599 4903 se
2630 4847 2781 4903 nihil
2828 4848 3152 4921 dimisisse)
3201 4852 3345 4906 abiit
3367 4852 3436 4906 ad
3471 4852 3685 4909 cellam
3710 4867 3895 4910 suam.

2228 4938 2583 4994 Necessitate
2617 4943 2811 4992 autem
2860 4943 3107 5009 urgente
3155 4940 3321 4995 misit
3369 4941 3438 4995 ad
3496 4958 3637 4997 eum
3689 4957 3887 5009 senex,

2226 5029 2463 5084 dicens:
2496 5028 2718 5083 Accede
2749 5027 2881 5082 huc.
2917 5027 3017 5083 llle
3060 5044 3191 5083 cum
3217 5029 3313 5084 vix
3331 5030 3528 5085 venire
3560 5032 3896 5103 acquievis-

2226 5121 2335 5188 set,
2390 5116 2530 5172 dicit
2586 5116 2637 5172 ei
2689 5116 3149 5173 seniorzFrater
3179 5118 3604 5192 Conon,vade,
3637 5126 3696 5176 et
3741 5119 3895 5192 quod

2223 5206 2534 5275 inveneris,
2568 5206 2657 5261 fac
2686 5205 2745 5261 in
2779 5206 2975 5262 cibum
3011 5208 3279 5264 fratrum.
3308 5208 3408 5265 llle
3434 5227 3553 5281 prae
3586 5210 3897 5268 iracundia

2226 5297 2478 5369 sumptis
2510 5295 2701 5352 horrei
2735 5294 3015 5351 clavibuti
3039 5297 3208 5368 abiit,
3240 5298 3440 5355 volens
3479 5303 3657 5355 terrae
3692 5299 3896 5373 pulve-

2226 5402 2349 5442 rem
2384 5386 2549 5442 ferre.
2585 5389 2727 5441 Cum
2763 5389 2959 5442 autem
2994 5387 3203 5443 amotis
3229 5388 3503 5445 claustris
3537 5390 3697 5446 ostia
3726 5388 3899 5446 vellet

2228 5475 2474 5547 aperire,
2510 5492 2623 5531 non
2682 5479 2931 5546 poterat.
2966 5480 3102 5532 Erat
3159 5476 3316 5533 enim
3362 5481 3554 5535 totum
3613 5479 3894 5535 horreum

2228 5565 2526 5621 frumento
2558 5564 2822 5636 plenum.
2859 5565 2982 5629 Quo
3014 5564 3113 5622 ille
3141 5567 3265 5623 viso
3288 5569 3668 5640 perterritus,
3704 5587 3738 5626 a
3759 5583 3897 5625 sene

2226 5654 2459 5713 veniam
2491 5656 2822 5727 prostratus
2853 5654 3040 5725 petiit.
