4180 6338
286 344 381 400 133

873 463 1108 521 CAPUT
1161 461 1357 518 XXIX.

550 562 885 619 Miracutum
913 562 1285 618 sanctissimae
1312 557 1704 615 Eucharistiw.

354 687 530 754 Quasi
564 686 799 759 triginta
830 684 1184 741 milliaribus
1220 685 1290 740 ab
1307 682 1513 755 Egina
1543 681 1775 737 civitate
1796 675 1934 733 Cili-

290 777 753 846 cize,Stylila3duo
774 782 944 830 erant
965 774 1219 845 separati
1243 775 1313 829 ab
1337 774 1583 828 invicem
1618 788 1719 827 sex
1752 766 1933 823 milli-

293 869 393 923 bus
424 866 820 939 passuum.Ex
850 864 944 919 his
978 863 1123 918 alter
1146 866 1356 918 sanctae
1388 860 1690 918 catholicae
1714 863 1771 913 et
1798 873 1936 928 apo-

302 954 509 1011 stolicae
546 953 815 1011 Ecclesiae
848 951 1361 1017 communicabat;
1396 950 1541 1006 alter
1590 952 1784 1004 autem
1836 943 1937 1016 qui

300 1046 463 1102 etiam
497 1044 629 1116 plus
653 1042 933 1114 temporis
967 1042 1025 1096 in
1060 1040 1335 1096 columna
1372 1043 1585 1109 egerat,
1618 1035 1935 1093 Severiana:

294 1132 604 1206 impietatis
634 1138 778 1202 erat,
809 1131 1101 1202 variisque
1134 1129 1322 1185 modis
1354 1127 1661 1183 haereticus
1682 1124 1937 1183 Catholi-

295 1241 420 1280 cum
454 1223 905 1279 criminabatur.
942 1220 1045 1275 Ille
1074 1235 1209 1276 vero
1259 1218 1543 1274 divinitus
1591 1217 1935 1289 inspiratus,

302 1313 460 1387 petiit
490 1314 564 1368 ab
596 1328 664 1367 eo
698 1316 765 1367 ut
794 1315 1019 1382 partem
1051 1308 1163 1365 sibi
1195 1308 1451 1364 mitteret
1495 1304 1938 1364 Communionis

296 1419 428 1459 suis.
461 1402 570 1467 Qui
602 1401 820 1473 gaudio
845 1399 1056 1467 elatus,
1092 1400 1246 1469 quod
1281 1397 1451 1469 quasi
1483 1395 1642 1452 illum
1672 1394 1940 1451 seduxis-

311 1498 412 1559 set,
442 1493 718 1565 protinus
752 1489 915 1545 misit
944 1487 1090 1544 nihil
1122 1488 1419 1543 haesitans.
1446 1486 1784 1558 Suscipiens
1833 1486 1939 1540 ita-

316 1599 419 1654 que
448 1581 787 1640 Catholicus
820 1580 1064 1634 missam
1115 1577 1227 1633 sibi
1251 1577 1323 1632 ab
1353 1576 1622 1632 hzeretico
1647 1574 1941 1631 Severiani

301 1675 577 1728 sectatore
608 1669 982 1743 particulam,
1017 1667 1074 1721 in
1107 1667 1420 1723 ferventem
1482 1665 1658 1721 ollam
1719 1664 1941 1736 injecit,

302 1777 544 1832 moxque
576 1760 841 1816 resoluta
870 1763 981 1814 est.
1018 1758 1326 1828 Sumptam
1360 1772 1595 1828 quoque
1641 1754 1938 1811 catholicae

298 1850 545 1907 ecclesiae
579 1854 850 1907 sanctam
883 1847 1359 1904 communionem
1390 1847 1449 1901 in
1496 1863 1622 1902 eam
1657 1846 1943 1917 conjecil;
1976 1822 2021 1882 Β

299 1942 613 2012 statimque
671 1941 896 1995 fervens
942 1938 1057 1993 olla
1115 1938 1461 2009 refrigerata
1493 1940 1603 2007 est,
1640 1941 1697 1992 et
1746 1940 1951 1992 sancta

302 2031 637 2087 communio
663 2028 986 2103 permansit
1018 2029 1461 2099 integra,neque
1494 2027 1817 2082 madefacta
1837 2034 1947 2082 est.

308 2124 484 2187 Quam
514 2126 581 2177 et
611 2120 924 2192 diligenter
957 2117 1227 2189 servavit,
1260 2121 1315 2173 et
1337 2117 1590 2174 ostendit
1614 2117 1783 2173 nobis
1815 2133 1948 2173 cum

299 2210 364 2265 ad
395 2210 571 2267 illum
594 2209 985 2266 venissemus.

901 2350 1132 2407 CAPUT
1162 2350 1346 2406 XXX.

310 2463 419 2519 Vita
446 2463 667 2519 Isidori
695 2461 947 2517 monachi
974 2458 1357 2527 Melitinensis,
1390 2458 1732 2529 alterumque
1775 2458 1952 2515 mira-

506 2536 705 2591 culum
734 2534 883 2591 εἰν-σα
908 2533 1320 2589 sanctissimam
1342 2530 1773 2586 Eucharim'am.

364 2654 520 2710 Dade
545 2651 727 2725 Cypri
748 2649 1083 2721 emporium
1104 2650 1214 2719 est,
1247 2646 1305 2701 in
1331 2662 1396 2702 eo
1419 2647 1839 2703 monasterium
1866 2652 1956 2703 est

302 2744 446 2813 quod
478 2742 704 2797 dicitur
732 2738 1046 2795 Philoxene
1076 2754 1088 2791 :
1116 2738 1185 2792 ad
1220 2737 1274 2791 id
1301 2752 1435 2791 cum
1463 2736 1955 2805 venissemus,in-

302 2833 575 2887 venimus
608 2829 689 2885 ibi
713 2827 1071 2886 monachum
1093 2824 1954 2898 genereMelitinensem,Isido-

306 2938 428 2977 rum
443 2920 714 2977 nomine.
749 2918 916 2974 Hunc
938 2916 1197 2972 vidimus
1221 2915 1346 2971 sine
1371 2914 1491 2969 ulla
1511 2914 1955 2972 intermissione

306 3026 431 3064 cum
464 3008 697 3081 ejulatu
732 3005 1139 3063 ﬂentem.Cum
1170 3007 1366 3059 autem
1395 3008 1700 3075 rogaretur
1730 3006 1800 3061 ab
1832 3022 1955 3061 om-

309 3100 471 3156 nibus
504 3105 581 3155 ut
608 3096 1045 3169 aliquantulum
1089 3094 1435 3166 quiesceret,
1467 3098 1522 3150 et
1552 3112 1586 3150 a
1634 3096 1773 3151 ﬂetu
1803 3101 1958 3152 tem-

1576 334 1876 392 PRATUM
1914 327 2367 387 SPIBITUALE.

1959 457 2014 522 Α

3582 340 3684 395 134

2612 453 2853 512 CAPUT
2881 455 3083 513 XXXI.

2328 564 2613 621 Conversio
2644 571 2693 622 et
2726 567 2841 623 Vita
2861 569 3049 626 Mariae
3074 571 3401 627 meretricis.

2111 689 2267 744 Duos
2289 705 2455 745 senes
2478 690 2747 747 abierunt
2770 693 2840 747 ab
2863 693 3019 764 JEgis
3042 694 3419 767 inThrasum,
3446 701 3688 758 venien-

2040 781 2245 849 tesque
2276 778 2332 831 in
2369 780 2665 835 stabulum
2691 788 2755 836 ut
2785 784 3219 855 requiescerent
3250 788 3395 858 (erat
3425 790 3581 846 enim
3607 809 3683 845 ae-

2041 872 2190 939 stus)
2224 884 2325 937 per
2356 868 2968 941 dispensationemDei
2990 874 3417 933 inveneruntin
3450 880 3682 936 stabulo

2042 961 2158 1012 tres
2190 957 2587 1015 adolescentes
2620 960 2903 1017 habentes
2945 980 3141 1019 secum
3198 981 3369 1021 unam
3424 972 3688 1025 meretri-

2043 1047 2269 1102 tricem.
2301 1049 2477 1103 Senes
2508 1065 2645 1120 ergo
2676 1067 2943 1108 seorsum
2976 1054 3279 1125 sederunt,
3316 1074 3585 1130 unusque
3617 1076 3685 1115 ex

2044 1137 2126 1191 eis
2157 1136 2451 1208 accipiens
2481 1141 3134 1213 sanctumEvangelium
3167 1143 3693 1217 legebat.Meretrix

2043 1242 2176 1281 vero
2204 1242 2332 1297 quae
2364 1232 2485 1282 erat
2516 1244 2647 1283 cum
2680 1229 3174 1301 adolescentibus,
3207 1240 3270 1289 ut
3300 1236 3447 1291 vidit
3490 1236 3695 1309 legen-

2044 1321 2274 1387 gentem
2307 1333 2530 1385 senem,
2563 1320 2779 1375 relictis
2810 1320 2908 1376 ille
2940 1324 3184 1379 accessit
3216 1326 3285 1380 ad
3338 1342 3562 1397 senem,
3597 1344 3689 1383 se-

2046 1406 2245 1477 ditque
2261 1406 2821 1476 juxtaillum.Senex
2834 1414 3029 1466 autem
3044 1411 3204 1468 illam
3224 1415 3690 1486 rejiciens,dixit:

2044 1494 2315 1565 Multum,
2340 1512 2371 1551 ο
2393 1495 2935 1569 infelix,impudens
2969 1516 3185 1571 es,quaa
3205 1504 3386 1559 verita
3406 1522 3519 1561 non
3546 1506 3698 1561 fuis-

2044 1584 2085 1639 ti
2108 1585 2381 1641 accedere
2409 1586 2480 1641 ad
2505 1603 2610 1641 nos
2660 1604 2726 1642 ac
2759 1589 2979 1644 sedere.
3014 1592 3084 1645 At
3146 1591 3241 1647 illa
3274 1608 3286 1646 :
3322 1593 3423 1664 Nc,
3481 1611 3698 1667 quaeso,

2050 1673 2319 1741 Pater,ne
2352 1675 2705 1732 abomineris
2733 1694 2847 1743 me,
2878 1695 3067 1749 neque
3087 1680 3328 1751 abjicias
3364 1685 3509 1753 ;etsi
3538 1686 3697 1742 enim

2051 1764 2210 1819 omni
2244 1770 2479 1836 peccato
2511 1764 2683 1837 plena
2723 1782 2874 1837 sum,
2910 1784 3025 1823 non
3077 1774 3272 1825 tamen
3335 1773 3552 1844 repulit
3608 1791 3702 1830 ve-

2058 1853 2313 1909 nientem
2353 1855 2423 1909 ad
2458 1871 2520 1910 se
2570 1856 2934 1912 meretricem
2967 1858 3275 1927 Dominus,
3335 1866 3391 1915 et
3436 1862 3701 1920 Salvator

2056 1944 2320 1998 omnium
2346 1942 2614 1999 Christus
2648 1950 2797 2000 Deus
2830 1951 3044 2001 noster.
3069 1948 3389 2021 Respondit
3416 1953 3465 2006 ei
3498 1969 3696 2010 senex:

2058 2032 2166 2088 Sed
2189 2032 2461 2087 meretrix
2482 2032 2582 2088 illa
2604 2051 2717 2089 non
2736 2036 3061 2106 permansit
3077 2040 3521 2097 meretrix.Tum
3546 2042 3698 2115 ipsa:

2055 2126 2232 2193 Spero
2263 2121 2320 2176 in
2354 2121 2564 2177 Filium
2598 2124 2699 2178 Dei
2732 2124 2866 2191 vivi,
2898 2126 3037 2197 quia
3059 2128 3130 2181 ab
3156 2128 3441 2186 hodierno
3472 2132 3565 2187 die
3600 2149 3702 2189 ne-

2058 2227 2170 2282 que
2188 2226 2292 2283 ego
2316 2213 2670 2283 permanebo
2694 2213 2750 2269 in
2786 2221 3021 2286 peccato
3054 2216 3181 2272 hoc.
3215 2218 3574 2292 Relinquens
3596 2223 3705 2294 igi-

2057 2305 2154 2355 tur
2183 2300 2602 2371 adolescentes,
2635 2308 2692 2357 et
2722 2320 2829 2359 sua
2881 2306 3101 2374 omnia,
3151 2312 3353 2364 secuta
3394 2314 3484 2365 est
3536 2329 3707 2368 senes

2056 2389 2209 2446 illos.
2248 2391 2533 2446 Miserunt
2563 2392 2719 2447 870
2749 2398 2944 2449 autem
2996 2394 3156 2450 illam
3190 2397 3246 2450 in
3278 2401 3702 2457 monasterium

2058 2496 2239 2551 prope
2266 2480 2405 2549 Ege
2436 2481 2753 2537 civitatem.
2789 2482 2950 2537 Ilanc
2998 2487 3055 2539 et
3090 2501 3193 2553 ego
3221 2487 3339 2556 jam
3374 2505 3552 2545 anum
3583 2490 3702 2545 vidi

2060 2584 2289 2639 magnae
2319 2570 2641 2641 prudentiae
2671 2569 2973 2643 feminam,
3006 2578 3063 2628 et
3088 2573 3203 2630 ista
3227 2591 3294 2630 ex
3317 2576 3446 2648 eius
3480 2596 3578 2635 ore
3610 2580 3699 2635 di-

2060 2657 2194 2713 dici.
2229 2658 2362 2713 Erat
2392 2663 2588 2716 autem
2616 2658 2703 2714 illi
2736 2677 2949 2717 nomen
2983 2662 3187 2719 Maria.

2628 2803 2857 2859 CAPUT
2895 2804 3121 2862 XXXII.

2063 2908 2351 2965 Conversio
2390 2915 2442 2964 et
2469 2907 2587 2963 vita
2616 2910 2838 2982 Babylo:
2885 2912 2963 2983 (5)
2990 2911 3197 2978 (mimi,
3233 2930 3332 2971 nec
3359 2933 3467 2973 non
3510 2918 3701 2975 Come-

2372 2986 2439 3035 ιίε
2471 2991 2522 3036 et
2559 2983 2755 3038 Ticosm
2782 2984 3217 3041 concubinarum
3242 2989 3379 3058 ejus.

2135 3095 2351 3151 Mimus
2380 3097 2619 3167 quidem
2650 3102 2773 3154 erat
2802 3098 2856 3153 in
2918 3100 3140 3157 Tharso
3197 3102 3427 3172 Ciliciae,
3465 3107 3704 3163 nomine

308 3194 556 3261 pararet,
599 3186 747 3243 nulli
782 3186 1016 3258 penitus
1046 3184 1476 3256 acquiescebat,
1528 3186 1728 3241 dicens
1772 3186 1955 3241 omni-
1988 3198 2030 3265 ρ
2070 3184 2357 3257 Babylas:
2395 3190 2563 3242 erant
2592 3191 2786 3242 autem
2815 3187 2901 3242 illi
2932 3189 3059 3244 dua:
3093 3193 3467 3261 concubinae;
3497 3212 3707 3252 nomen

308 3280 412 3335 bus
443 3299 456 3336 :
492 3278 772 3337 Nimium
806 3279 1077 3349 peccator
1128 3290 1261 3330 sum
1296 3274 1449 3330 ultra
1496 3292 1700 3332 omnes
1751 3277 1849 3348 qui
1884 3278 1955 3332 ab

308 3368 463 3424 initio
495 3368 709 3425 saeculi
739 3366 998 3422 fuerunt.
1033 3365 1177 3421 Cum
1212 3368 1409 3420 autem
1440 3363 1525 3419 illi
1576 3365 1906 3423 diceremus
1939 3384 1951 3423 :

306 3458 506 3515 Nullus
540 3460 705 3513 certe
738 3455 865 3513 sine
897 3458 1132 3527 peccato
1153 3458 1263 3523 est,
1297 3454 1411 3509 nisi
1443 3471 1598 3510 unus
1624 3455 1802 3523 Deus,
1835 3472 1957 3513 res-

307 3548 602 3618 pondebat
630 3546 833 3603 dicens
857 3561 869 3599 :
901 3543 1215 3609 Veraciter,
1244 3544 1473 3611 fratres,
1503 3542 1731 3599 nulIum
1760 3544 1957 3600 inveni

304 3636 447 3693 inter
475 3636 760 3693 homines
791 3634 1046 3690 similem
1080 3632 1225 3688 mihi
1277 3637 1662 3703 peccatorem,
1694 3633 1956 3689 nullum-

306 3742 409 3797 que
442 3727 649 3798 majus
682 3724 964 3780 delictum
997 3738 1173 3794 quam
1202 3736 1420 3777 meum.
1454 3722 1522 3776 Et
1552 3727 1958 3794 utcognosca-

305 3817 373 3874 tis
405 3835 499 3874 me
531 3832 674 3873 vera
697 3814 994 3888 prosequi,
1029 3812 1224 3868 audite
1242 3815 1547 3884 peccatum
1571 3828 1790 3885 meum,
1825 3818 1961 3870 utet

312 3924 405 3963 vos
437 3906 627 3964 oretis
659 3922 763 3977 pro
798 3921 913 3959 me.

368 4003 486 4070 Ego
517 4013 661 4054 cum
684 4010 875 4052 essem
898 3993 958 4048 in
991 3990 1471 4061 saeculo,uxorem
1495 3991 1694 4049 habui:
1723 4009 1959 4051 eramus

309 4093 495 4144 autem
545 4086 721 4143 ambo
773 4082 1069 4141 Severiani
1108 4082 1424 4153 dogmatis.
1479 4086 1621 4138 Cum
1678 4100 1815 4155 ergo
1868 4086 1961 4141 die

312 4178 559 4248 quadam
618 4175 911 4232 venissem
972 4172 1237 4239 domum,
1290 4188 1405 4227 non
1461 4171 1656 4228 inveni
1718 4191 1957 4231 uxorem

308 4282 493 4323 meam
518 4284 533 4324 :
576 4264 771 4321 audivi
789 4267 983 4319 autem
1008 4261 1167 4333 quod
1199 4260 1441 4317 abiisset
1468 4262 1538 4316 ad
1558 4261 1806 4318 vicinam
1834 4281 1959 4319 mu-

310 4355 502 4413 lierem
534 4361 609 4412 ut
638 4354 720 4411 illi
747 4352 1212 4409 communicaret
1242 4351 1388 4421 (erat
1408 4356 1605 4407 autem
1637 4351 1741 4408 illa
1763 4354 1960 4410 catho-

305 4444 419 4500 lica
451 4443 759 4517 religionis
787 4447 844 4499 et
888 4441 1043 4510 fidei)
1076 4440 1429 4511 cucurrique
1460 4440 1731 4512 protinus
1760 4442 1960 4499 volens

310 4535 637 4605 prohibere.
670 4533 975 4589 Profectus
1006 4534 1205 4586 autem
1239 4530 1504 4601 domum,
1554 4529 1746 4586 inveni
1796 4532 1957 4588 illam

302 4625 418 4694 jam
441 4623 934 4682 communicasse.
968 4622 1156 4686 Quare
1185 4619 1591 4691 indignatione
1636 4622 1961 4678 concitatus

310 4715 663 4787 apprehendi
694 4718 902 4787 guttur
932 4714 1084 4785 ejus,
1120 4711 1345 4783 fecique
1374 4710 1535 4766 illam
1559 4728 1824 4769 evomere
1855 4731 1954 4770 sa-

311 4823 459 4862 cram
487 4804 993 4863 communionem.
1029 4803 1340 4873 Sumptam
1373 4800 1581 4856 deinde
1605 4803 1952 4873 particulam

312 4903 573 4953 sanctam
596 4896 711 4950 huc
731 4894 989 4965 illucque
1011 4891 1330 4963 iactabam,
1363 4891 1547 4946 donec
1570 4891 1627 4946 in
1647 4891 1836 4948 lutum
1863 4910 1955 4950 ce-

314 4984 465 5040 cidit.
512 4989 646 5042 Mox
676 4987 873 5040 autem
896 4982 1011 5037 vidi
1035 4979 1495 5037 coruscationem
1520 4980 1575 5034 in
1598 4982 1796 5037 eodem
1828 4983 1954 5039 loco

314 5080 571 5129 sanctam
592 5072 994 5144 assumpsisse
1027 5068 1526 5126 communionem.
1554 5069 1687 5125 Post
1710 5070 1956 5128 biduum

313 5178 437 5219 vero
469 5162 693 5235 aspicio
740 5162 933 5217 virum
966 5160 1137 5232 quasi
1190 5157 1520 5230 [Ethiopem
1572 5159 1956 5219 semicinctiis

313 5254 604 5319 vestitum,
663 5251 1067 5320 dicentemque
1119 5248 1265 5303 mihi
1299 5252 1453 5320 :Ego
1484 5250 1541 5302 et
1568 5252 1630 5303 tu
1668 5249 1847 5306 simul
1894 5252 1954 5307 in

313 5357 487 5399 unum
532 5341 891 5415 supplicium
944 5337 1320 5396 condemnati
1378 5352 1607 5394 sumus.
1641 5337 1708 5393 Et
1745 5356 1850 5412 ego
1883 5342 1954 5396 ad

315 5446 439 5486 eum
478 5448 490 5487 :
543 5433 655 5500 Tu,
698 5430 963 5502 inquam,
999 5426 1101 5500 qui
1148 5443 1210 5483 es
1239 5429 1261 5483 Ρ
1290 5426 1649 5497 Respondit:
1676 5427 1793 5499 Ego
1824 5446 1955 5484 sum

312 5519 405 5590 qui
436 5521 796 5577 conditorem
851 5517 1116 5575 omnium
1150 5516 1463 5572 Dominum
1512 5518 1714 5571 Jesum
1756 5517 1959 5576 Chris-

313 5612 433 5665 tum
464 5610 527 5666 in
556 5608 796 5666 maxilla
824 5606 1092 5681 percussi
1137 5604 1429 5678 passionis
1459 5607 1741 5677 tempore.
1775 5610 1961 5681 Atque

314 5695 418 5756 hac
448 5699 522 5757 de
549 5715 729 5759 causa
758 5716 792 5758 a
820 5701 958 5757 fletu
983 5700 1307 5770 temperare
1339 5710 1456 5752 non
1490 5710 1757 5767 possum.

2068 3274 2168 3330 uni
2200 3273 2459 3343 Cometa,
2492 3291 2705 3331 nomen
2739 3275 2904 3331 alteri
2956 3278 3186 3335 Nicosa.
3220 3280 3465 3338 Vivebat
3512 3289 3709 3340 autem

2067 3361 2363 3420 luxuriose
2376 3380 2554 3435 agens
2572 3365 2771 3421 omnia
2793 3383 2917 3437 quas
2937 3366 3020 3422 illi
3038 3369 3264 3424 daemon
3288 3373 3707 3443 suggessisset.

2066 3451 2168 3507 Die
2196 3469 2328 3508 vero
2359 3454 2615 3525 quadam
2645 3454 2947 3525 ingressus
2978 3456 3308 3524 ecclesiam,
3342 3460 3565 3517 audivit
3614 3480 3717 3533 per

2066 3540 2568 3612 dispensationem
2602 3543 2699 3598 Dei
2722 3549 2989 3601 sanctum
3014 3546 3391 3618 Evangelium
3416 3548 3553 3622 legi.
3577 3555 3715 3607 Erat

2067 3635 2259 3686 autem
2275 3631 3009 3691 istalectio:Pmnitentiam
3031 3636 3710 3712 agite,appropinquavit

2066 3720 2219 3775 enim
2239 3738 2484 3792 regnum
2508 3722 2785 3778 cmlorum
2810 3724 3017 3794 (Matth.
3053 3730 3157 3794 ιιι).
3193 3730 3714 3802 Compunctusque

2066 3811 2241 3883 coepit
2266 3828 2399 3867 cum
2432 3811 2709 3884 lacrymis
2742 3813 2997 3884 horrere,
3032 3832 3096 3870 ac
3121 3832 3182 3871 se
3205 3817 3483 3874 miserum
3515 3821 3708 3876 dicere

2069 3918 2171 3972 pro
2203 3900 2295 3957 his
2326 3918 2451 3973 quae
2483 3908 2841 3974 peccaverat.
2875 3904 3192 3961 Confestim
3223 3906 3404 3977 igitur
3434 3923 3710 3979 egressus

2068 3995 2228 4046 extra
2244 3991 2805 4060 ecclesiam,vocavit
2831 3994 2977 4050 duas
3010 3994 3228 4051 amicas
3260 4012 3421 4066 suas,
3448 3998 3711 4068 dixitque

2069 4081 2223 4138 illis:
2257 4081 2432 4138 Scitis
2463 4084 2758 4154 quomodo
2777 4083 3079 4139 vobiscum
3103 4083 3400 4141 luxuriose
3433 4086 3699 4157 vixerim,

2068 4176 2247 4243 utque
2271 4188 2534 4242 unquam
2567 4171 2809 4228 alteram
2844 4173 2974 4244 plus
3005 4190 3182 4244 quam
3214 4174 3459 4231 alteram
3483 4168 3702 4233 dileXe-

2070 4260 2178 4315 rim
2205 4260 2442 4332 ;itaque
2471 4266 2663 4317 vestra
2693 4267 2832 4317 sunt
2862 4262 3061 4318 omnia
3090 4280 3453 4336 quaecunque
3483 4282 3587 4337 ego
3619 4256 3717 4322 acJ

2069 4350 2303 4421 quisivi,
2338 4351 2582 4423 accipite
2601 4351 2840 4423 insuper
2863 4368 2987 4407 mea
3006 4353 3205 4409 omnia
3224 4358 3279 4409 et
3301 4354 3538 4410 dividite
3564 4355 3718 4412 inter

2067 4458 2202 4510 vos;
2237 4457 2342 4513 ego
2372 4443 2530 4498 enim
2557 4458 2627 4497 ex
2657 4459 2814 4498 nunc
2844 4443 3193 4500 abrenuntio
3234 4445 3465 4515 saeculo,
3497 4450 3555 4502 et
3584 4447 3717 4502 effi-

2070 4530 2192 4585 cior
2221 4530 2567 4586 monachus.
2604 4530 2718 4587 Illae
2752 4536 2949 4588 autem
2977 4548 3047 4588 ex
3076 4550 3192 4588 uno
3250 4550 3347 4590 ore
3395 4536 3714 4606 responde-

2068 4624 2206 4675 runt
2233 4620 2283 4675 ei
2316 4636 2449 4674 cum
2491 4619 2804 4692 lacrymis:
2836 4621 2919 4676 Ad
2953 4620 3250 4677 luxuriam
3282 4627 3339 4677 et
3369 4623 3707 4680 animarum

2064 4716 2400 4766 nostrarum
2434 4711 2738 4767 interitum
2788 4712 3354 4768 communicavimus
3386 4714 3489 4769 tibi
3512 4732 3533 4776 ;
3556 4732 3712 4771 nunc

2062 4817 2194 4856 vero
2226 4801 2460 4873 quando
2494 4801 2601 4856 hoc
2632 4806 2744 4856 Deo
2778 4801 3057 4872 placitum
3090 4819 3235 4874 opus
3269 4803 3456 4859 facere
3488 4804 3597 4874 vis,
3622 4806 3714 4860 di-

2068 4891 2252 4946 mittis
2283 4907 2412 4958 nos,
2435 4894 2492 4945 et
2519 4891 2578 4945 id
2610 4890 2771 4946 solus
2803 4891 2945 4947 facis
2968 4890 2995 4944 ‘?
3024 4893 3278 4963 profecto
3314 4910 3427 4948 non
3474 4894 3552 4949 ita
3583 4894 3714 4962 erit,

2066 4980 2166 5036 sed
2198 4980 2373 5037 etiam
2405 4980 2466 5034 in
2497 4981 2648 5037 bono
2673 4981 3388 5037 communicabimustibi.
3423 4984 3609 5053 Atque
3632 4982 3715 5039 ita

2067 5070 2286 5126 mimus
2320 5070 2557 5141 quidem
2590 5070 2831 5127 inclusit
2862 5087 2922 5127 se
2949 5070 3009 5125 in
3061 5088 3172 5126 una
3218 5071 3471 5126 turrium
3504 5072 3713 5128 civita-

2065 5158 2142 5214 tis
2175 5174 2188 5212 :
2219 5157 2329 5213 illae
2360 5175 2513 5227 vero,
2547 5160 2802 5215 venditis
2834 5159 3107 5216 omnibus
3138 5159 3286 5226 suis,
3331 5160 3704 5234 erogatisque

2064 5247 2443 5320 pauperibus,
2477 5248 2830 5321 accipientes
2881 5253 2937 5305 et
2967 5249 3109 5320 ipsa:
3158 5248 3499 5320 religiosum
3551 5248 3720 5307 habi-

2066 5343 2217 5407 tum,
2250 5338 2511 5394 fecerunt
2542 5339 2655 5394 sibi
2686 5356 2865 5411 prepe
2902 5344 3126 5394 turrem
3158 5338 3451 5409 cellulam,
3502 5345 3559 5397 et
3606 5341 3719 5397 sei-

2066 5445 2205 5501 psas
2239 5427 2457 5501 pariter
2486 5428 2873 5484 incluserunt.
2907 5433 3074 5483 Hunc
3108 5433 3163 5483 et
3192 5445 3318 5501 ego,
3362 5429 3505 5498 vidi,
3548 5434 3606 5486 et
3649 5431 3719 5485 ab

2066 5535 2133 5575 eo
2154 5518 2324 5574 valde
2354 5518 2679 5575 aedificatus
2712 5534 2843 5573 sum
2870 5536 2884 5586 ;
2915 5521 3003 5573 est
3023 5517 3180 5573 enim
3203 5519 3291 5573 vir
3319 5518 3491 5575 valde
3522 5519 3718 5574 humi-

2065 5607 2141 5663 lis
2173 5612 2229 5663 et
2258 5607 2537 5677 clemens,
2570 5612 2744 5678 atque
2774 5605 3132 5662 misericors.
3177 5608 3394 5681 Scripsi
3426 5612 3625 5666 autem
3658 5611 3718 5664 et

2071 5696 2180 5754 hoc
2210 5713 2317 5770 pro
2350 5694 2605 5754 utilitate
2632 5694 2976 5769 legentium.
