4180 6338
517 354 624 412 135

1065 474 1301 531 CAPUT
1349 471 1606 527 XXXIII.

881 567 997 621 Vita
1026 566 1205 620 sancti
1233 564 1471 635 episcopi
1502 558 1771 616 Theodoti.

590 657 859 713 Narravit
890 654 1059 710 nobis
1087 652 1568 725 quidamPatrum
1586 651 1741 722 quod
1761 646 2002 703 fueritin
2028 661 2169 700 san-

516 756 607 802 ela
639 747 877 803 civitate
908 746 1222 816 episcopus
1254 742 1518 813 quidam,
1542 738 1777 795 nomine
1802 737 2165 803 Theodotus,

519 840 695 891 tanta:-
728 832 1128 904 benignitatis,
1163 835 1223 885 ut
1253 846 1385 885 cum
1419 829 1477 883 in
1513 846 1628 883 una
1663 825 2034 883 solemnitate
2074 822 2165 876 in-

516 927 761 980 vitasset
794 923 1079 994 quosdam
1115 922 1184 974 de
1226 920 1453 975 clericis
1513 919 1639 973 suis
1675 919 1744 972 ad
1808 913 2162 973 convivium,

517 1031 790 1084 unusque
823 1029 889 1067 ex
922 1012 1007 1066 eis
1032 1010 1229 1065 venire
1262 1009 1570 1073 noluisset,
1598 1023 1784 1077 neque
1826 1000 2159 1058 invitationi

520 1094 1085 1173 acquievisset,tun'c
1119 1097 1355 1168 quidem
1380 1096 1711 1168 patriarcha
1733 1092 1981 1159 siluerit,
2016 1091 2163 1144 alias

520 1208 650 1246 vero
688 1191 812 1262 ipse
845 1190 914 1243 ad
949 1204 1081 1243 eum
1117 1188 1407 1256 profectus
1440 1187 1535 1253 sit,
1570 1201 1780 1256 rogans
1816 1186 1893 1266 ut.
1920 1182 2162 1249 veniret,

519 1294 853 1350 mensaeque
888 1276 1217 1332 communis
1245 1276 1537 1346 particeps
1563 1274 1746 1329 ﬁeret.

596 1369 829 1424 Dicebat
853 1372 1047 1422 autem
1074 1382 1280 1420 rursus
1303 1366 1373 1418 de
1404 1363 1817 1435 ipsoepiscopo
1841 1359 2161 1424 Theodoto,

523 1459 677 1530 quod
717 1457 797 1512 ita
824 1458 998 1512 fuerit
1026 1454 1187 1509 mitis
1218 1460 1391 1524 atque
1423 1452 1687 1516 humilis,
1721 1457 1785 1505 ut
1815 1467 1948 1505 cum
1983 1447 2164 1504 semel

519 1548 634 1604 iter
665 1550 860 1618 ageret
891 1562 1023 1601 cum
1058 1560 1174 1598 uno
1206 1543 1435 1610 clerico,
1470 1547 1525 1597 et
1556 1542 1681 1613 ipse
1699 1541 1935 1612 quidem
1959 1539 2167 1594 lectica

519 1637 849 1700 veheretur,
902 1634 1149 1690 clericus
1198 1650 1329 1688 vero
1394 1648 1545 1703 equo
1605 1630 1904 1698 insideret,
1956 1626 2167 1682 dixerit

520 1726 731 1783 clerico
764 1740 870 1780 suo
904 1723 1274 1795 patriarcha:
1314 1722 1612 1776 Mutemus
1640 1718 1911 1775 vehicula
1942 1723 2164 1783 nostra,

1710 348 1806 400 DE
1843 344 2035 400 VITIS
2068 342 2369 397 PATRUM
2405 342 2620 399 LIBER
2654 346 2728 399 X.

2191 470 2239 531 Α
2272 464 2537 537 prrzem
2570 467 2925 524 Antiocheno
2958 469 3312 540 patriarcha,
3342 473 3495 542 quod
3522 471 3693 528 valde
3722 471 3922 529 zelans

3820 348 3924 405 136

2276 555 2448 610 fuerit
2478 559 2535 610 et
2565 556 2794 612 fervens
2826 558 2977 614 circa
3000 558 3356 616 ﬁdem.Cum
3389 562 3545 617 enim
3563 562 3829 617 audisset
3852 564 3923 618 de

2270 644 2473 716 Stylite
2504 644 2602 700 illo
2635 646 2734 718 qui
2759 651 2883 702 erat
2904 648 2960 702 in
2988 649 3254 720 partibus
3278 649 3795 722 Hierapolis,quod
3822 652 3923 706 Se-

2270 731 2515 786 veriana:
2549 738 2701 789 esset
2733 734 3006 801 haereses,
3039 736 3182 791 abiit
3212 738 3281 791 ad
3332 737 3521 807 illum,
3557 743 3619 793 ut
3647 739 3924 809 impieta-

2272 822 2386 874 tem
2423 820 2793 877 dissuaderet
2816 821 2922 877 illi.
2948 824 3131 895 Coepit
3148 840 3283 896 ergo
3309 826 3481 880 divus
3506 827 3768 897 Ephraam
3787 844 3922 881 cor-

2271 908 2458 979 ripere
2491 910 2778 982 Stylitem,
2814 917 2870 967 et
2895 930 3079 981 orare,
3114 919 3179 968 ut
3208 916 3505 970 accederet
3538 917 3606 971 ad
3642 921 3918 971 sanctum

2271 1002 2657 1076 apostolicum
2693 1003 2995 1074 thronum,
3027 1011 3085 1060 et
3115 1009 3581 1063 communicaret
3611 1014 3833 1064 sanctae
3864 1015 3924 1065 et

2270 1093 2602 1164 apostolica:
2634 1093 2925 1149 Ecclesiae.
2952 1098 3329 1168 Respondeas
3356 1113 3491 1153 vero
3523 1098 3762 1170 Stylites
3797 1099 3917 1154 ait:

2270 1183 2388 1253 Ego
2411 1184 2630 1254 synodo
2662 1200 2901 1254 prorsus
2934 1202 3049 1240 non
3082 1186 3473 1242 communico.
3504 1187 3649 1243 Dicit
3679 1189 3752 1242 ad
3783 1205 3924 1244 eum

2273 1276 2512 1326 sanctus
2539 1271 2805 1342 Ephrem
2838 1289 2851 1327 :
2886 1274 2950 1328 Et
2972 1276 3264 1346 quomodo
3296 1276 3384 1330 vis
3427 1280 3489 1331 ut
3520 1292 3720 1332 curem
3755 1282 3831 1345 te,
3866 1282 3926 1332 et

2272 1362 2629 1417 satisfaciam
2650 1379 2752 1434 pro
2776 1363 2963 1435 gratia
2985 1364 3219 1420 Domini
3246 1366 3432 1421 nostri
3483 1368 3616 1423 Iesu
3656 1367 3873 1423 Christi
3898 1367 3928 1422 ?

2269 1455 2477 1507 sancta
2507 1451 2766 1507 Ecclesia
2796 1452 2982 1508 libera
3005 1457 3096 1508 est
3124 1455 3198 1509 ab
3231 1456 3391 1509 omni
3434 1457 3607 1511 sorde
3658 1457 3926 1528 pravita-

2272 1542 2353 1597 tis
2381 1540 2689 1596 bareticae.
2714 1541 2864 1596 Dicit
2895 1543 2965 1597 ad
3013 1558 3146 1597 eum
3180 1544 3419 1615 Stylites
3455 1562 3469 1601 :
3508 1546 3926 1601 Accendamus

2273 1630 2572 1702 ignem(7),
2593 1630 2830 1686 domine
2848 1632 3270 1703 patriarcha,et
3287 1633 3689 1704 ingrediamur
3717 1635 3926 1705 simul,

2272 1724 2330 1774 et
2360 1735 2535 1791 quem
2570 1719 2807 1775 flamma
2831 1738 2945 1777 non
2980 1720 3218 1792 laeserit,
3266 1722 3365 1778 ille
3396 1723 3755 1780 orthodoxae
3787 1726 3921 1791 erit,

519 1821 579 1871 et
608 1820 671 1871 tu
708 1814 945 1886 quidem
990 1812 1189 1868 lectica
1231 1811 1461 1878 vehere,
1507 1826 1612 1881 ego
1636 1815 1827 1864 autem
1849 1807 2160 1878 equesibo.
2196 1816 2241 1880 Β
2276 1808 2560 1879 illumque
2589 1809 2756 1881 sequi
2788 1810 3090 1866 debemus.
3124 1812 3451 1868 Hocautem
3476 1813 3725 1882 dixit,ut
3748 1822 3926 1870 terre-

522 1904 666 1960 Cum
698 1920 830 1959 vero
862 1902 1108 1957 clericus
1130 1901 1187 1955 id
1231 1902 1418 1956 facere
1453 1903 1744 1954 recusaret
1775 1898 2036 1965 omnino,
2076 1894 2161 1950 di-

518 2011 653 2050 cens
686 1994 740 2048 id
771 1994 1018 2047 dedecus
1052 1991 1171 2046 fore
1204 1989 1622 2062 patriarchae,si
1651 1988 1888 2058 quidem
1912 1986 2161 2041 clericus

516 2082 723 2139 lectica
755 2086 1107 2153 portaretur,
1143 2097 1255 2134 non
1291 2079 1511 2151 quievit
1543 2083 1780 2133 sanctus
1811 2080 1868 2131 et
1914 2074 2162 2129 humilis

514 2173 873 2240 Theodotus,
906 2172 1089 2225 donec
1122 2168 1391 2224 ministro
1409 2167 1703 2239 persuasit
1734 2183 1848 2221 non
1881 2180 2009 2220 esse
2041 2180 2161 2219 rem

515 2261 688 2316 istam
724 2259 1091 2331 injuriosam,
1127 2258 1432 2329 coegitque
1465 2256 1630 2311 illum
1662 2256 1744 2310 ita
1777 2256 1983 2311 facere.

1079 2372 1313 2428 CAPUT
1345 2371 1611 2428 XXXIV.

594 2465 711 2521 Vita
745 2464 867 2519 divi
889 2462 1193 2518 Alexandri
1219 2462 1566 2531 patriarcha?
1592 2459 2067 2531 Jerosolymz'tani.

589 2554 783 2609 Alium
802 2552 1010 2608 habuit
1028 2552 1231 2607 civitas
1251 2551 1478 2623 ipsaDei
1496 2547 2164 2623 patriarcham,Alexan-

521 2643 695 2698 drum
728 2643 983 2708 nomine,
1015 2642 1156 2696 adeo
1182 2640 1340 2711 pium
1373 2645 1431 2695 et
1456 2639 1915 2706 misericordem,
1946 2642 2008 2692 ut
2029 2653 2161 2692 cum

519 2732 609 2787 illi
645 2731 885 2803 quidam
917 2747 985 2785 ex
1009 2730 1387 2785 notariissuis
1420 2732 1646 2784 iuratus
1677 2732 1831 2783 esset
1856 2743 2086 2793 aurum,
2111 2732 2166 2781 et

522 2826 681 2876 metu
715 2820 1063 2893 perterritus
1098 2820 1326 2890 fugiens
1350 2818 1407 2872 in
1440 2818 1797 2873 Thebaidem
1827 2815 2161 2887 [Egypti,ln‘

520 2910 956 2981 cidissctvagus
978 2913 1034 2963 et
1063 2924 1267 2962 errans
1300 2907 1357 2962 in
1390 2906 1666 2975 latrones,
1692 2922 1757 2960 ac
1782 2906 1993 2960 ductus
2020 2904 2163 2959 fuis-

520 3003 610 3056 set
644 2999 716 3053 ab
739 2999 822 3053 eis
846 2999 1109 3069 captivus
1134 2998 1203 3051 ad
1229 3000 1519 3052 extremas
1538 2995 1768 3067 Egypti
1804 2999 2031 3065 partes;
2058 2993 2163 3048 hoc

519 3093 843 3160 comperto,
873 3088 1044 3142 divus
1069 3087 1390 3142 Alexander
1421 3086 1883 3141 redemeriteum
1905 3085 2162 3139 vinetum

516 3195 585 3235 ac
616 3177 913 3250 captivum
934 3176 1231 3248 octoginta
1262 3176 1520 3247 quinque
1552 3173 2163 3237 numismatibus.Quo
2195 3175 2236 3241 C

515 3283 749 3323 reverso
778 3265 862 3321 ita
895 3267 986 3337 pie
1018 3265 1593 3335 misericorditerque
1626 3281 1770 3319 usus
1799 3267 1913 3327 est,
1949 3268 2011 3317 ut
2035 3262 2169 3334 qni-

519 3358 654 3412 dam
688 3372 757 3411 ex
780 3355 940 3412 urbis
972 3354 1406 3410 habitatoribus
1438 3352 1645 3408 dixerit
1676 3352 1988 3424 aliquando
2026 3351 2168 3406 nihil

530 3461 658 3501 esse
692 3444 897 3500 utilius
928 3460 1105 3515 quam
1137 3443 1195 3497 in
1226 3442 1617 3497 Alexandrum
1651 3458 1908 3512 peccare.

587 3534 713 3590 Alio
744 3550 979 3605 quoque
1013 3538 1274 3603 tempore
1306 3549 1460 3586 unus
1492 3548 1563 3586 ex
1588 3531 1854 3586 diaconis
1888 3531 2037 3601 ejus,
2073 3546 2169 3585 co-

516 3640 638 3679 ram
674 3623 900 3679 clericis
949 3622 1225 3677 omnibus
1271 3621 1505 3692 injuriis
1557 3621 1745 3677 affecit
1800 3621 1997 3674 divum
2032 3618 2165 3675 Ale-

519 3713 835 3768 xandrum.
870 3710 977 3775 Qui
1011 3727 1140 3766 max
1172 3714 1471 3782 postratus
1503 3710 1667 3765 humi
1718 3710 1945 3766 veniam
2001 3709 2165 3781 petit,

514 3801 720 3857 dicens
754 3818 767 3857 :
806 3803 1045 3873 Ignosce
1079 3800 1245 3867 mihi,
1280 3800 1515 3855 domine
1548 3800 1743 3854 frater.

1092 3917 1335 3973 CAPUT
1371 3916 1580 3973 XXXV.

520 4008 650 4062 Vita
705 4006 851 4063 Elia:
884 4007 959 4075 (6)
990 4007 1457 4077 Jerosolymarum
1514 4003 1938 4077 are/tiepiscoln',
1995 4008 2048 4058 et
2102 4004 2167 4058 de

844 4077 1121 4133 Flaviano
1161 4076 1462 4132 Antiochiae
1490 4076 1835 4147 patriarcha.

588 4168 831 4224 Dicebat
871 4165 1484 4238 abbasPolychronius
1515 4168 1581 4221 de
1603 4164 2163 4221 sanctoEliaJeroso-

515 4256 807 4328 lymorum
842 4254 1302 4326 archiepiscopo,
1337 4255 1485 4325 quod
1507 4255 1660 4309 sicut
1692 4271 1823 4310 cum
1860 4258 2016 4310 esset
2048 4271 2167 4309 mo-

517 4344 766 4410 nachus,
802 4342 999 4397 vinum
1036 4360 1149 4399 non
1176 4343 1514 4408 bibebat,ita
1542 4361 1645 4398 nec
1669 4344 2003 4415 patriarcha
2035 4345 2166 4415 qui—

516 4435 650 4489 dem
687 4434 871 4487 factus
907 4432 1072 4499 bibit,
1108 4433 1205 4488 sed
1240 4434 1501 4488 eamdem
1532 4434 1779 4488 servavit
1810 4434 2090 4505 regulam.

2274 1903 2360 1952 ret
2387 1898 2805 1969 patriarcham.
2842 1899 3166 1970 Respondit
3196 1907 3439 1957 sanctus
3498 1902 3764 1973 Ephrcem
3790 1904 3923 1976 Sty-

2274 1986 2423 2055 litaa;
2458 1988 2778 2059 Oportebat
2811 1988 3047 2059 quidem
3078 1994 3153 2059 te,
3191 1989 3273 2044 fili
3304 1992 3404 2059 mi,
3440 1996 3720 2063 tanquam
3767 1994 3923 2064 patri

2275 2078 2700 2149 obtemperare,
2737 2077 3004 2150 nihilque
3062 2097 3094 2134 a
3126 2080 3296 2136 nobis
3327 2081 3588 2153 amplius
3637 2099 3921 2154 quaerere.

2281 2166 2565 2231 Quoniam
2601 2183 2734 2222 vero
2780 2184 2900 2222 rem
2936 2168 3246 2239 postulasti
3273 2173 3646 2227 excedentem
3680 2173 3922 2243 quidem

2273 2257 2322 2310 vi
2335 2274 2424 2311 res
2441 2256 2802 2313 infelicitatis
2818 2259 3215 2324 meae,eonfido
3230 2264 3426 2315 tamen
3443 2261 3497 2315 in
3526 2261 3923 2317 miserationi-

2272 2346 2617 2404 busFiliiDei
2630 2347 2789 2418 ,quia
2802 2351 2916 2403 tute
2928 2347 3135 2403 salutis
3151 2349 3503 2404 causaethoc
3523 2350 3839 2406 faciam.Tu
3852 2368 3926 2407 ne

2276 2439 2355 2492 ait
2385 2437 2551 2491 divus
2577 2435 2841 2507 Ephrem
2876 2438 3204 2493 astantibus
3236 2440 3510 2494 omnibus
3536 2457 3549 2494 :
3575 2441 3927 2498 Benedictus

2276 2526 2563 2582 Dominus
2592 2542 2604 2590 ;
2636 2525 2837 2580 afferte
2869 2526 2984 2581 huc
3016 2525 3346 2598 ligna.Cum
3369 2544 3504 2582 vero
3530 2528 3703 2584 allata
3723 2536 3931 2587 essent

2275 2616 2459 2687 ligna,
2492 2615 2798 2669 succendit
2819 2614 2919 2670 illa
2949 2616 3277 2687 patriarcha
3296 2621 3429 2673 ante
3454 2617 3815 2687 columnam,
3840 2621 3928 2675 di-

2276 2706 2476 2775 xitque
2508 2703 2725 2775 Stylitaa
2753 2721 2765 2759 :
2801 2704 3099 2763 Descende
3133 2722 3310 2773 nunc,
3343 2707 3593 2777 utjuxta
3622 2708 3925 2765 decretum

2278 2801 2445 2850 tuum
2463 2792 3456 2866 ingrediamurambo.Stupefaetus
3471 2795 3567 2851 ille
3581 2798 3648 2851 ad
3673 2798 3929 2868 patriar-

2276 2885 2394 2940 cha:
2426 2884 2816 2940 constantiam
2850 2884 3202 2940 descendere
3232 2885 3441 2942 noluit.
3476 2887 3642 2943 Tunc
3673 2888 3821 2944 dixit
3849 2890 3927 2944 ad

2277 2992 2410 3030 eum
2436 2972 2804 3045 patriarcha:
2836 2973 3035 3029 Nonne
3058 2980 3118 3029 tu
3142 2974 3252 3029 hoc
3279 2975 3398 3030 fieri
3423 2977 3643 3046 petiisti
3664 2976 3690 3032 ?
3711 2983 3766 3033 et
3786 2995 3931 3049 quo-

2280 3065 2452 3119 modo
2486 3064 2542 3117 id
2577 3079 2734 3117 nunc
2768 3063 2953 3117 facere
2986 3080 3101 3117 non
3128 3063 3214 3119 vis
3237 3064 3263 3118 ?
3293 3065 3454 3121 Tunc
3476 3081 3694 3121 exuens
3718 3084 3779 3122 se
3811 3084 3932 3138 qua

2276 3153 2372 3207 ind
2385 3151 2542 3206 ultus
2556 3156 2680 3206 erat
2700 3151 2849 3206 stola
2872 3152 3365 3223 patriarcha,cum
3386 3156 3733 3211 accessisset
3748 3173 3930 3228 prope

2278 3243 2494 3313 ignem,
2529 3240 2734 3303 oravit,
2769 3240 3007 3295 dicens:
3042 3240 3288 3296 Domine
3316 3246 3457 3298 Jesu
3498 3243 3746 3311 Christe,
3769 3244 3931 3302 Deus

2279 3335 2497 3396 noster,
2532 3330 2631 3400 qui
2666 3334 2903 3400 propter
2938 3347 3042 3385 nos
3074 3331 3352 3402 dignatus
3384 3349 3445 3389 es
3494 3335 3564 3389 de
3594 3340 3799 3389 sancta
3831 3336 3935 3390 do-

2277 3420 2440 3475 mina
2462 3424 2663 3474 nostra
2698 3418 2793 3474 Dei
2823 3420 3107 3491 genitrice
3134 3437 3483 3493 semperque
3501 3424 3725 3495 virgine
3748 3425 3934 3480 Maria

2276 3508 2569 3565 incarnari
2592 3514 2648 3563 et
2674 3508 2857 3578 nasci,
2888 3510 3130 3564 ostende
3155 3511 3323 3565 nobis
3346 3511 3744 3569 veritatem.Et
3772 3530 3933 3570 com-

2278 3600 2431 3672 pleta
2489 3596 2769 3663 oratione,
2822 3598 3067 3668 jactavit
3121 3598 3308 3654 solam
3361 3616 3530 3656 suam
3607 3601 3664 3656 in
3711 3603 3925 3660 mediis

2274 3689 2534 3761 ignibus.
2562 3687 2705 3743 Cum
2732 3693 2929 3743 autem
2959 3688 3114 3760 ignis
3138 3689 3307 3760 quasi
3337 3705 3442 3762 per
3472 3696 3588 3747 tres
3606 3691 3784 3748 horas
3816 3694 3930 3748 du-

2275 3783 2488 3846 rasset,
2514 3777 2789 3848 lignaque
2822 3778 2939 3847 jam
2972 3778 3106 3849 igne
3137 3784 3493 3851 consumpta
3522 3786 3739 3847 essent,
3774 3781 3928 3838 tule-

2274 3873 2414 3924 runt
2446 3868 2581 3922 inde
2612 3866 2825 3921 stolam
2858 3866 3173 3938 integram,
3208 3868 3288 3924 ita
3318 3875 3383 3924 ut
3406 3869 3567 3925 nulla
3598 3870 3749 3940 ignis
3782 3872 3936 3927 indi-

2276 3958 2367 4012 cia
2400 3956 2455 4010 in
2489 3971 2555 4010 ea
2586 3954 2947 4025 deprehendi
2980 3961 3237 4026 possent.
3274 3957 3438 4013 Tunc
3462 3958 3697 4030 Stylites
3720 3960 3931 4016 videns

2276 4044 2431 4115 quod
2468 4045 2678 4098 factum
2714 4045 2924 4112 fuerat,
2957 4046 3169 4100 certior
3199 4046 3270 4101 de
3290 4046 3535 4103 veritate
3554 4048 3767 4114 Iactus,
3791 4066 3935 4104 ana-

2275 4133 2675 4188 thematizavit
2703 4136 2999 4200 Serveum,
3034 4137 3091 4188 et
3120 4136 3249 4204 ejus
3281 4134 3574 4203 haeresim,
3609 4138 3922 4193 accedens-

2274 4239 2387 4294 que
2416 4223 2485 4277 ad
2521 4226 2785 4277 sanctam
2810 4222 3158 4278 catholicam
3186 4223 3523 4291 Ecclesiam,
3547 4226 3617 4280 de
3649 4227 3928 4283 manibus

2273 4314 2464 4367 sancti
2486 4311 2754 4382 prraem
2783 4311 3324 4380 communicavit,et
3350 4313 3923 4385 gloriﬁcavitDeum.

2845 4431 3071 4487 CAPUT
3100 4432 3376 4487 XXXVII.

590 4522 873 4577 Dicebant
899 4521 1183 4575 deeodem
1203 4521 1821 4593 archiepiscopo.Elia,
1854 4528 1909 4578 et
1941 4523 2012 4577 de
2040 4522 2163 4577 Fla-
2205 4543 2245 4606 Ι)
2291 4532 2416 4587 Vita
2476 4530 2749 4606 Episcopi,
2812 4531 2910 4606 qui
2944 4530 3204 4606 cathedra
3234 4530 3636 4606 Arelictazenit
3684 4535 3747 4589 in
3793 4550 3926 4588 san-

513 4610 686 4665 viano
738 4608 1053 4663 Antiochiae
1112 4608 1575 4682 archiepiSCOpo,
1636 4612 1787 4680 quod
1862 4611 1933 4665 ab
1984 4616 2166 4665 Anas-

513 4697 665 4753 tasio
690 4696 1226 4768 imperatoreambo
1247 4696 1463 4751 fuerint
1492 4697 1695 4752 exsilio
1722 4698 1957 4769 relegati
1991 4715 2163 4769 prop-

514 4792 605 4842 ter
635 4791 899 4841 sanctam
934 4785 1463 4842 Chalcedonensem
1490 4788 1778 4859 synodum
1807 4787 1998 4854 ;Elias
2030 4788 2163 4858 qui-

515 4878 650 4931 dem
684 4876 741 4931 in
773 4874 958 4943 Haila,
992 4874 1299 4930 Flavianus
1324 4891 1460 4930 vero
1494 4879 1646 4948 apud
1672 4881 1920 4932 Petram.
1950 4877 2045 4931 Die
2066 4893 2162 4931 ve-

512 4982 577 5022 ro
626 4964 879 5037 quadam
931 4963 1405 5036 signiﬁcaverunt
1439 4966 1550 5020 sibi
1597 4967 1765 5022 ambo
1799 4965 2160 5037 patriarchze,

513 5060 720 5111 mutuo
747 5054 1047 5109 dicentes:
1104 5053 1451 5109 Anastasius
1499 5054 1668 5110 hodie
1717 5063 1984 5110 mortuus
2034 5059 2159 5123 est;

515 5158 722 5199 eamus
754 5143 940 5215 igitur
996 5146 1052 5197 et
1082 5159 1208 5211 nos,
1245 5147 1306 5197 ut
1365 5160 1498 5198 cum
1548 5144 1647 5200 illo
1695 5146 2054 5216 judieemur.
2100 5144 2167 5198 Et

517 5237 654 5303 post
684 5233 831 5287 duos
864 5233 988 5287 dies
1020 5232 1193 5286 ambo
1226 5231 1625 5302 migraverunt
1658 5236 1724 5289 ad
1755 5234 2089 5290 Dominum.

1078 5346 1317 5403 CAPUT
1349 5347 1600 5404 XXXVI.

444 5502 451 5511 ί
522 5433 643 5491 Vita
678 5438 945 5512 Ephrmm
1007 5436 1338 5512 Antiocltegi
1385 5440 1741 5512 patrzareha’,
1808 5445 1857 5496 et
1896 5445 2166 5512 quomodo

586 5510 825 5634 Stylz'ter;
848 5509 1178 5633 mgnachum
1207 5525 1240 5562 a
1265 5508 1579 5568 Severzanw
1601 5511 1866 5568 hc'ereseos
1887 5508 2170 5586 impietate

596 5594 804 5634 cancer
830 5596 915 5633 ert
945 5618 957 5632 .

596 5594 957 5634 concertent.

592 5676 739 5732 87I
780 5676 1048 5732 Narravit
1074 5676 1243 5733 nobis
1292 5679 1532 5751 quidam
1564 5684 1804 5738 Patrum
1847 5683 1919 5740 de
1966 5690 2167 5744 sancto

2349 4610 2495 4728 flata}
2523 4603 2827 4669 civitatem,
2854 4605 2905 4657 et
2922 4606 3135 4657 mutato
3149 4602 3342 4658 habitu
3370 4606 3725 4660 ministrabat
3749 4606 3933 4660 archi-

2371 4689 2428 4728 ec
2455 4690 2519 4728 ιδ.

2371 4689 2519 4728 ϐεῑῖδ.

2346 4789 2846 4860 Ουὶάιιωτρεήτυω
2863 4789 3155 4846 enarravit
3170 4791 3338 4847 nobis
3352 4793 3421 4848 de
3436 4793 3688 4863 quodam
3706 4793 3929 4864 episco-

2273 4879 2531 4950 po,quod
2550 4878 2749 4934 relicto
2769 4880 3110 4952 episcopatu
3128 4898 3234 4937 suo
3250 4882 3544 4953 profectus
3562 4883 3641 4939 sit
3656 4885 3725 4938 ad
3752 4901 3925 4941 sane-

2273 4974 2394 5023 tam
2418 4968 3196 5042 civitatem,ibiquesumpto
3216 4971 3460 5043 operarii
3478 4971 3707 5040 habitu,
3726 4974 3935 5030 minis-

2272 5060 2515 5113 traverit
2545 5057 2907 5114 architectis.
2943 5060 3018 5115 Eo
3046 5076 3179 5116 vero
3211 5064 3475 5132 tempore
3525 5062 3615 5116 vir
3670 5061 3930 5119 clemens

2272 5152 2330 5203 et
2363 5147 2781 5204 misericordiae
2798 5150 3076 5220 operibus
3100 5150 3332 5205 deditus
3356 5151 3702 5224 Ephremius
3725 5170 3926 5211 comes

2274 5237 2529 5292 Orientis
2553 5241 2695 5301 erat,
2723 5254 2789 5292 ac
2821 5254 2923 5308 per
2951 5239 3145 5311 ipsum
3169 5240 3408 5296 aedificia
3438 5240 3672 5312 publica
3695 5259 3926 5315 repara-

2276 5326 2525 5393 bantnr;
2552 5326 2757 5381 civitas
2781 5328 2935 5383 enim
2963 5334 3131 5385 terras
3162 5334 3323 5385 motu
3357 5330 3664 5387 ceciderat.
3692 5331 3791 5388 Die
3820 5349 3927 5388 au-

2274 5418 2389 5470 tem
2406 5416 2659 5485 quadam
2685 5416 2831 5470 vidit
2846 5433 2946 5487 per
2974 5418 3521 5490 visumEphremius
3536 5420 3928 5477 dormientem

2274 5506 2641 5576 episcopum,
2675 5504 3070 5578 columnaque
3106 5509 3258 5579 ignis
3276 5524 3600 5579 supereum
3618 5510 3688 5564 ad
3713 5508 3928 5565 coelum

2278 5610 2466 5664 usque
2487 5594 3065 5666 pertingentem.Hoc
3097 5601 3292 5651 autem
3310 5613 3441 5652 cum
3465 5615 3581 5654 non
3614 5598 3933 5664 semel,nec

2276 5684 2498 5753 bis,sed
2530 5685 3348 5758 sepiuscerneretpbstupuit
3362 5687 3757 5761 Euphremius
3778 5690 3932 5761 (erat
