4180 6338
483 332 585 392 143
638 378 643 382 .

1662 331 1759 385 DE
1794 328 1988 384 VITIB
2028 327 2332 385 PATRUM
2366 328 2583 384 LIBER
2616 329 2691 386 X.

3792 328 3898 389 144

474 464 757 521 lationem
789 464 1022 531 iterare,
1046 462 1307 520 severius
1340 460 1485 516 mihi
1516 457 1840 532 respondit,
1885 455 2123 512 dicens:
2157 462 2210 528 Α
2241 459 2446 512 nostra
2465 459 2671 513 sancta
2703 456 2801 512 Dei
2832 456 3082 529 genitrix
3113 472 3247 513 cum
3271 456 3403 514 aliis
3428 471 3662 529 quoque
3691 458 3903 516 mulie-

471 554 666 609 Habes
696 553 851 608 intra
871 550 1076 608 cellam
1101 556 1265 606 tuam
1298 549 1606 604 inimicum
1628 561 1847 616 meum,
1871 548 1928 600 et
1950 544 2037 599 vis
2061 548 2125 599 ut

475 642 776 715 ingrediar
796 642 823 696 ?
854 643 921 697 Et
941 641 1035 695 his
1067 640 1240 696 dictis
1263 637 1569 694 abscessit.
1603 634 1900 707 Evigilans
1932 638 2132 689 autem

479 748 587 804 ego
620 729 803 802 afﬂigi
829 728 1576 800 ccepi,etcogitabam,num
1600 723 1820 796 aliquid
1854 724 1911 777 in
1937 727 2133 778 mente

480 824 785 892 peccatum
852 822 1057 873 contra
1096 815 1261 872 illam
1306 814 1708 884 admisissem,
1751 828 1943 885 neque
1977 813 2130 867 enim

477 913 603 964 erat
622 906 839 979 aliquis
861 906 919 960 in
944 905 1091 962 cella
1116 922 1270 974 mea,
1294 905 1407 960 nisi
1432 920 1536 977 ego
1559 902 1740 959 solus.
1760 901 1996 958 Diutius
2018 900 2131 971 igi-

475 1001 575 1052 tur
597 997 893 1067 meipsum
922 994 1267 1062 discutiens,
1293 992 1441 1048 nihil
1465 992 1683 1063 inveni,
1708 992 1861 1063 quod
1887 990 1947 1045 in
1968 989 2131 1045 illam

475 1102 835 1160 peccassem.
888 1085 1039 1141 Cum-
1075 1101 1209 1140 vero
1241 1084 1522 1139 vidissem
1549 1097 1640 1138 me
1673 1081 1855 1137 nimio
1888 1096 2132 1135 mmrore

482 1175 808 1244 absorberi,
843 1190 1096 1246 surgens
1128 1173 1320 1246 accepi
1373 1172 1590 1227 librum
1622 1175 1687 1226 ut
1710 1169 1983 1243 legerem,
2015 1185 2130 1240 quo

475 1283 579 1339 per
599 1265 945 1335 hujusmodi
968 1264 1279 1320 lectionem
1302 1262 1561 1318 dolorem
1587 1259 2130 1332 uuacogitationes—

477 1369 590 1425 que
621 1352 989 1426 repellerem.
1041 1351 1278 1407 Librum
1306 1358 1499 1407 autem
1552 1350 1749 1420 ipsum
1799 1363 2129 1419 acceperam

479 1448 689 1499 mutuo
720 1460 754 1498 a
784 1443 951 1498 beato
983 1440 1213 1514 Isychio
1250 1440 1589 1513 presbytero
1627 1436 2129 1510 Jerosolymitanze

475 1531 769 1587 Ecclesia.
820 1530 1213 1600 Evolvensque
1263 1529 1479 1585 librum
1528 1528 1722 1583 inveni
1770 1528 1919 1581 duos
1963 1524 2130 1597 impii

482 1620 750 1677 Nestoris
778 1620 964 1676 libros
996 1620 1054 1675 in
1086 1621 1202 1675 ﬁne
1232 1617 1550 1675 voluminis
1571 1617 1844 1688 scriptos,
1879 1630 2130 1686 moxque

480 1711 688 1783 agnovi
719 1711 877 1766 hunc
907 1726 1033 1766 esse
1057 1713 1278 1766 sanctae
1308 1708 1565 1764 Dominae
1600 1710 1810 1762 nostrae
1830 1706 1929 1760 Dei
1962 1720 2128 1775 gene-

480 1800 644 1857 tricis
676 1815 1027 1873 semperque
1068 1798 1315 1871 virginis
1345 1797 1536 1854 Marisa
1585 1796 1915 1852 inimicum.
1964 1795 2127 1850 Tunc
2154 1837 2203 1903 Β

482 1906 728 1960 surgens
747 1887 1326 1959 abii,lihrumqueilli
1349 1886 1448 1958 qui
1468 1885 1612 1941 mihi
1635 1901 1770 1941 eum
1800 1899 2127 1940 accommo-

484 1979 744 2047 daverat,
779 1978 1029 2049 reddidi,
1062 1977 1262 2033 dicens
1296 1976 1419 2031 illi:
1452 1974 1661 2047 Accipe
1691 1974 1909 2031 librum
1941 1980 2127 2041 tuum,

482 2068 683 2138 frater,
740 2083 928 2139 neque
987 2067 1146 2122 enim
1206 2083 1273 2122 ex
1304 2083 1369 2122 eo
1403 2070 1637 2121 tantum
1671 2063 1942 2120 utilitatis
1982 2063 2131 2135 cepi,

482 2161 769 2228 quantum
794 2156 1149 2213 detrimenti.
1164 2158 1311 2213 Cum
1328 2171 1461 2211 vero
1477 2153 1571 2209 ille
1590 2153 1923 2209 detrimenti
1943 2153 2130 2225 ipsius

482 2263 722 2303 causam
758 2246 1118 2316 seistaretur,
1154 2262 1389 2301 omnem
1421 2244 1507 2299 illi
1533 2244 1612 2299 rei
1639 2243 1904 2299 ordinem
1933 2243 2126 2300 retuli.

483 2335 591 2401 Qui
620 2336 742 2391 zelo
774 2336 874 2391 Dei
898 2352 1222 2392 succensus
1247 2334 1516 2407 protinus
1543 2335 1693 2389 duos
1715 2332 1850 2388 illos
1880 2333 2130 2389 Nestorii

481 2426 665 2482 libros
696 2441 765 2481 ex
795 2425 1091 2482 volumine
1142 2425 1422 2497 prmcidit,
1457 2439 1677 2495 eosque
1706 2422 1829 2493 igni
1865 2423 2126 2493 tradidit,

482 2514 720 2571 dicens:
755 2516 879 2571 Non
912 2515 1173 2571 manebit
1196 2516 1255 2569 in
1288 2513 1432 2570 cella
1463 2530 1594 2569 mea
1626 2512 1885 2569 Dominae
1920 2516 2128 2568 nostrae

483 2608 699 2659 sancta;
730 2604 829 2661 Dei
852 2604 1155 2677 genitricis
1180 2619 1530 2676 semperque
1552 2601 1795 2674 virginis
1813 2601 2001 2657 Mariae
2026 2601 2129 2656 ini-

489 2693 703 2752 micus.

1058 2781 1291 2837 CAPUT
1332 2779 1551 2836 XLVII.

483 2870 826 2929 Miraculum
857 2875 1060 2928 sancta:
1082 2872 1178 2926 Dei
1199 2869 1486 2941 genitricis
1520 2876 1707 2925 contra
1726 2868 1995 2925 Gaz‘anum
2024 2870 2129 2924 mi-

698 2961 850 2999 mum
873 2946 969 3016 qui
996 2960 1125 2999 eam
1156 2945 1215 2998 in
1244 2948 1453 2997 theatro
1485 2942 1916 3013 blasphemabat.

554 3031 874 3105 Heliopolis
898 3033 1200 3089 Phoenices
1222 3030 1568 3087 Libanensis
1595 3031 1798 3086 civitas
1820 3033 1996 3087 est.In
2021 3030 2130 3087 hac

483 3121 683 3178 minus
707 3122 949 3195 quidam
975 3127 1118 3194 erat,
1144 3122 1401 3178 Gaianus
1428 3122 1687 3190 nomine,
1713 3120 2128 3192 quiintheatro

2238 544 2965 613 ribus,dicens:Quomodo
2978 561 3112 601 cum
3127 550 3329 602 nostra
3344 562 3460 602 non
3474 547 3699 614 sis,huc
3715 549 3903 605 audes

2241 633 2518 705 ingredi?
2545 638 2602 690 et
2619 634 3135 706 prohibebateam.
3159 635 3360 707 Neque
3373 635 3532 691 enim
3552 637 3902 710 (inquiebat)

2239 728 2441 779 nostra
2471 727 2582 780 est.
2615 724 2921 780 Eratenim
2955 725 3026 781 de
3044 724 3766 799 hmresiSeveriacephali.
3794 726 3904 783 Illa

2236 829 2370 868 vero
2395 812 2642 868 multum
2665 813 3342 885 rogabat,utmereretur
3362 814 3701 886 ingredi.Ad
3723 832 3903 887 quam

2240 906 2450 958 sancta
2472 902 2841 974 Deigenitrix
2858 904 3225 974 respondens
3239 904 3346 960 ait:
3369 904 3551 961 Crede
3575 905 3742 973 mihi,
3771 922 3906 961 mu-

2237 990 2373 1059 lier,
2409 1008 2527 1047 non
2557 991 2904 1063 ingredieris
2927 992 3065 1059 huc,
3089 993 3201 1048 nisi
3236 993 3545 1049 nobiscum
3569 995 3909 1050 communi-

2236 1081 2477 1136 caveris.
2513 1082 2722 1153 Agnito
2756 1086 2954 1138 autem
2987 1084 3141 1153 quod
3166 1082 3305 1154 quia
3328 1087 3486 1138 esset
3514 1083 3789 1140 haeretica
3810 1084 3905 1140 in-

2237 1171 2399 1242 gredi
2416 1170 2849 1244 prohiberetur,
2865 1187 3098 1244 quoque
3113 1173 3223 1227 nisi
3240 1174 3538 1229 accederet
3549 1175 3619 1228 ad
3635 1178 3905 1230 sanctam

2237 1258 2589 1315 catholicam
2625 1266 2683 1316 et
2716 1261 3101 1332 apostolicam
3134 1261 3288 1317 876
3330 1261 3648 1319 Ecclesiam
3681 1262 3908 1319 Christi

2237 1348 2467 1404 Domini
2491 1354 2549 1405 et
2564 1351 2662 1406 Dei
2680 1351 2888 1421 nostri,
2914 1351 3137 1407 intrare
3150 1368 3266 1407 non
3290 1351 3753 1424 permitteretur,
3768 1370 3909 1409 con-

2238 1437 2403 1493 tinuo
2420 1438 2736 1495 diaconum
2771 1440 3099 1509 accersivit,
3132 1445 3192 1496 et
3220 1441 3492 1497 veniente
3519 1447 3723 1498 sancto
3757 1443 3909 1498 cali-

2236 1543 2301 1583 ce
2332 1544 2563 1583 sacrum
2586 1546 2798 1599 corpus
2830 1530 3090 1602 sumpsit
3113 1535 3169 1586 et
3204 1530 3528 1602 pretiosum
3551 1531 3909 1603 sanguinem

2237 1616 2438 1689 magni
2470 1617 2569 1673 Dei
2604 1623 2660 1673 et
2691 1618 3025 1676 Salvatoris
3060 1620 3251 1675 nostri
3281 1620 3422 1676 Jesu
3451 1620 3686 1676 Christi.
3719 1623 3913 1692 Atque

2235 1706 2316 1762 ita
2330 1707 2555 1779 absque
2572 1706 2692 1763 ulla
2707 1709 3103 1781 prohibitione
3133 1708 3530 1781 dignahahita
3559 1715 3649 1766 est
3663 1711 3915 1767 adorare

2236 1801 2502 1853 sanctum
2517 1801 2573 1852 et
2585 1798 2914 1855 venerabile
2929 1798 3259 1869 sepulcrum
3274 1800 3645 1857 DominiJesu
3661 1799 3908 1856 Christi.

2837 1887 3072 1943 CAPUT
3103 1888 3289 1944 XLIX.

2235 1977 2509 2033 Mirabitis
2552 1979 2689 2033 visio
2736 1977 2892 2033 ducis
2922 1980 3241 2047 Palestinae,
3298 1995 3406 2050 qua
3435 1986 3486 2034 et
3517 1981 3631 2050 ipse
3676 1989 3909 2037 coactus

2306 2050 2719 2134 [aitpraxdictaq
2737 2053 2935 2106 haeresi
2955 2051 3380 2123 abrenuntiare,
3418 2054 3473 2106 et
3497 2050 3699 2108 Christi
3720 2053 3911 2109 Eccle-

2308 2136 2408 2177 52w
2435 2138 2867 2178 communicare.

2307 2209 2576 2266 Narravit
2606 2215 2803 2266 autem
2828 2211 2997 2268 nobis
3020 2214 3076 2267 et
3096 2212 3206 2268 hoc
3230 2212 3385 2267 idem
3420 2214 3724 2286 presbyter
3744 2216 3898 2270 Ana-

2237 2300 2477 2368 stasius,
2510 2300 2733 2369 dicens,
2768 2302 2923 2372 quod
2970 2300 3289 2357 Palaestinae
3321 2302 3439 2358 dux
3477 2306 3756 2360 Gevemer
3784 2304 3900 2360 ali—

2238 2390 2473 2460 quando
2517 2390 2741 2445 venerit
2790 2392 3032 2446 adorare
3078 2395 3342 2447 sanctam
3389 2392 3607 2449 Christi
3664 2393 3900 2449 Domini

2243 2478 2429 2533 nostri
2462 2477 2973 2533 resurrectionem.
3010 2479 3078 2535 Et
3107 2496 3241 2535 cum
3274 2481 3548 2553 coepisset
3580 2483 3808 2555 ingredi
3841 2484 3903 2537 in

2239 2573 2444 2623 sanctu
2458 2585 2510 2622 m
2528 2572 3001 2639 monumentum,
3018 2569 3244 2641 aspexit
3257 2570 3498 2625 arietem
3516 2587 3649 2625 cum
3676 2571 3902 2644 impetu

2237 2674 2414 2728 super
2430 2673 2491 2712 se
2507 2657 2858 2729 venientem,
2886 2659 3283 2730 cornibusque
3307 2659 3473 2714 illum
3490 2660 3902 2730 impotentem,

2237 2746 2334 2801 ille
2356 2763 2487 2801 vero
2511 2763 2723 2818 pavore
2746 2752 3069 2819 correptus,
3092 2754 3248 2803 retro
3272 2748 3520 2804 redibat.
3538 2749 3747 2805 Custos
3764 2767 3903 2806 vero

2238 2840 2454 2891 sanctae
2475 2836 2665 2892 crucis
2680 2836 2935 2907 Azarias,
2957 2842 3013 2891 et
3029 2837 3127 2908 qui
3145 2837 3501 2893 assistebant
3524 2838 3757 2895 lictores
3781 2842 3831 2907 (1
3850 2844 3904 2911 t)

2240 2925 2450 2980 timore
2474 2925 2721 2997 permoti
2752 2925 2957 2980 dicunt
2975 2925 3022 2980 ei
3054 2943 3065 2979 :
3091 2926 3237 2991 Quid
3262 2932 3369 2993 est,
3392 2927 3533 2998 quid
3560 2927 3763 2995 habes,
3790 2929 3900 2983 do-

2240 3014 2397 3069 mine
2422 3014 2563 3069 r‘cur
2586 3031 2699 3070 non
2723 3014 3048 3085 ingrederis
3072 3015 3098 3069 ‘I
3122 3015 3368 3071 Diciteis
3395 3032 3407 3071 :
3435 3015 3508 3072 Ut
3530 3016 3671 3089 quid
3698 3016 3903 3072 intuli-

2240 3103 2346 3159 stis
2372 3102 2614 3158 arietem
2636 3103 2815 3159 istum
2838 3104 2865 3157 ?
2887 3104 2991 3169 Qui
3017 3105 3329 3176 stupefacti
3353 3105 3734 3177 inspexerunt
3758 3123 3899 3162 san-

480 3192 743 3267 sanctani
762 3192 1218 3284 Deigenitriéem
1237 3209 2129 3283 blasphemansmopuloSpecta.
2160 3205 2203 3273 α
2238 3192 3901 3284 οιυίηιηοηυῐηθᾼιῄυωᾼῃίῂὶιίῃυθνίἀθηῒθεβὶυῃιτιόἱιιυωε

481 3298 680 3355 culum
712 3300 1091 3373 blasphemia;
1140 3301 1455 3372 praebebat.
1498 3299 1785 3372 Apparuit
1822 3303 2017 3355 autem
2054 3300 2137 3354 illi

486 3393 689 3443 sancta
718 3390 811 3444 Dei
832 3389 1106 3461 genitrix,
1132 3390 1335 3445 dicens
1361 3388 1540 3455 :Quid
1568 3387 1667 3442 tibi
1692 3384 1828 3442 mali
1846 3388 1972 3457 feci,
1998 3388 2139 3459 quia

485 3493 679 3533 coram
701 3482 865 3534 tanta
887 3478 1265 3534 multitudine
1289 3478 1432 3533 mihi
1452 3477 1735 3545 detrahis,
1759 3481 1817 3532 et
1858 3476 2134 3548 blasphe-

490 3584 618 3624 mas
651 3584 741 3624 me
768 3570 795 3624 ?
824 3568 925 3625 Ille
956 3585 1088 3625 vero
1120 3585 1389 3641 surgens,
1425 3584 1538 3623 non
1560 3566 1750 3623 solum
1776 3583 1889 3623 non
1915 3583 1977 3623 se
2008 3583 2136 3622 cor-

491 3656 661 3725 rexit,
693 3672 894 3713 verum
918 3657 1095 3713 etiam
1119 3657 1251 3729 plus
1269 3656 1736 3730 blasphemabat.
1753 3656 1977 3711 Rursus
1999 3671 2133 3727 ergo

493 3747 769 3817 apparuit
791 3746 876 3802 illi
900 3752 1103 3803 sancta
1126 3746 1224 3802 Dei
1250 3746 1521 3819 genitrix,
1547 3745 1866 3817 corripiens
1887 3761 2044 3813 eum,
2069 3761 2133 3800 ao

490 3834 725 3892 dicens:
758 3836 907 3907 Noli,
933 3854 1150 3909 quaeso,
1180 3836 1298 3892 noli
1326 3836 1407 3892 ita
1427 3835 1631 3891 lzedere
1658 3835 1918 3889 animam
1944 3838 2129 3890 tuam.

488 3923 737 3980 Illevero
752 3941 989 3980 rursum
1013 3924 1445 3980 deteriusillam
1476 3921 1944 3993 blasphemabat.
1974 3921 2130 3978 Unde

485 4012 614 4083 ipsa
647 4012 816 4068 tertio
847 4014 1034 4069 eidem
1056 4029 1365 4085 apparens,
1400 4012 1603 4066 eadem
1634 4009 1951 4080 repetebat.
1985 4009 2128 4065 Cum

484 4105 678 4155 autem
713 4118 775 4155 se
805 4101 903 4156 ille
932 4119 1047 4156 non
1070 4100 1404 4173 corrigeret,
1434 4100 1533 4155 sed
1556 4098 1686 4171 plus
1715 4115 1945 4170 quoque
1968 4098 2127 4155 blas-

480 4186 735 4257 pbemiis
758 4189 1055 4259 adjiceret,
1083 4190 1324 4245 meridie
1355 4187 1665 4244 dormienti
1698 4186 1809 4243 sibi
1833 4188 2125 4259 apparuit,

481 4276 745 4348 nihilque
777 4278 998 4344 dicens,
1029 4278 1210 4350 digito
1234 4279 1358 4334 solo
1388 4277 1639 4349 signavit
1668 4277 1795 4348 ejus
1828 4294 2038 4333 manus
2071 4283 2128 4333 et

477 4367 676 4439 pedes.
710 4368 1007 4440 Evigilans
1039 4375 1257 4439 autem,
1290 4370 1513 4425 invenit
1544 4372 1962 4424 setruncatum
1999 4386 2123 4425 ma-

475 4455 650 4512 nibus
672 4461 728 4512 et
758 4457 1025 4529 pedibus.
1044 4460 1233 4530 Atque
1262 4457 1343 4513 ita
1364 4458 1565 4513 infelix
1585 4464 1648 4513 ut
1673 4463 1915 4513 truncus
1940 4458 2123 4514 inuti-

474 4545 549 4602 lis
570 4547 1214 4637 jacens,_conﬁtebatur
1235 4548 1510 4603 omnibus
1529 4548 1698 4617 cujus
1723 4548 1801 4603 rei
1828 4549 2034 4637 gratia,
2062 4554 2119 4604 et
2153 4576 2191 4637 ι)

469 4636 761 4704 quomodo
795 4634 898 4690 hcc
932 4653 1143 4707 passus
1167 4641 1344 4705 esset,
1377 4641 1557 4707 utque
1583 4641 1818 4708 propter
1840 4635 2114 4709 blasphe-

469 4723 619 4780 mins
648 4741 787 4780 suas
810 4723 1129 4783 clementer
1157 4726 1453 4782 cruciatus
1486 4727 1715 4781 fuisset.

1032 4833 1260 4889 CAPUT
1303 4833 1546 4889 XLVIII.

462 4919 791 4976 Miraculum
822 4921 953 4976 item
983 4932 1191 4979 sancta:
1236 4924 1335 4977 Dei
1361 4923 1652 4994 genitricis
1682 4939 1784 4994 quo
1815 4925 2113 4981 Cosmiana

533 5010 679 5048 uxor
711 4996 968 5049 Germani
995 4995 1229 5062 patricii
1250 5006 1437 5049 coacta
1458 5004 1533 5049 est
1561 5012 1630 5050 ea:
1650 4995 2110 5052 liazresiSeveria-

530 5082 602 5120 na
631 5066 702 5120 ad
732 5082 917 5121 veram
949 5066 1158 5122 Christi
1182 5067 1343 5135 ﬁdem
1364 5068 1564 5122 redire.

526 5153 791 5210 Narravit
815 5155 985 5211 nobis
1002 5155 1351 5212 Anastasius
1375 5158 1697 5228 presbyter,
1722 5160 1778 5212 et
1799 5174 2105 5214 ornamen-

455 5244 649 5297 torum
665 5248 877 5299 sancta
899 5245 1343 5301 resurrectionis
1367 5245 1461 5300 Dei
1482 5250 1538 5301 et
1556 5245 1777 5300 Domini
1806 5248 1985 5302 nostri
2002 5248 2101 5303 Je-

453 5347 522 5385 su
539 5330 751 5387 Christi
770 5335 1133 5405 custos,quia
1146 5334 1461 5390 adveniens
1476 5333 1612 5389 illuc
1627 5335 2098 5399 Cosmiana,uxo-

453 5418 725 5475 Germani
745 5421 1193 5491 patricii,voluit
1216 5429 1382 5478 nocte
1396 5424 1650 5494 qundam
1676 5428 1887 5478 sancta:
1902 5425 2096 5480 Domi-

451 5507 725 5563 nicaesola
741 5509 983 5565 adorare
997 5516 1268 5567 sanctum
1290 5512 1523 5568 Domini
1548 5512 1729 5568 nostri
1750 5513 1892 5568 Jesu
1908 5514 2097 5571 Chris-

446 5595 490 5650 ti
520 5596 931 5668 viviticumque
949 5604 1414 5658 monumentum.
1430 5602 1643 5657 Etcum
1659 5602 2092 5674 appropinqua-

446 5689 527 5740 ret
554 5686 750 5756 januo:
786 5688 1052 5756 sacrarii,
1081 5690 1353 5759 apparuit
1376 5690 1457 5745 illi
1492 5690 1801 5746 visibiliter
1841 5694 2090 5750 Domina

2248 3284 2583 3354 Ingredere,
2618 3282 2763 3337 nihil
2795 3281 2910 3338 tale
2932 3282 3092 3338 intus
3116 3287 3225 3339 est.
3252 3284 3506 3340 Rursum
3542 3284 3639 3341 ille
3667 3285 3903 3356 ingredi

2246 3371 2438 3442 coepit,
2472 3373 2572 3428 sed
2608 3372 2821 3427 iterum
2846 3373 3073 3443 aspexit
3093 3374 3331 3429 arietem
3358 3377 3564 3429 contra
3584 3390 3646 3429 se
3665 3376 3903 3430 venien-

2243 3465 2384 3531 tem,
2418 3465 2474 3516 et
2505 3477 2567 3516 se
2600 3461 2841 3517 introire
2873 3461 3307 3532 prohibentem.
3342 3465 3527 3519 Istum
3561 3480 3696 3519 cum
3740 3482 3903 3536 smpe

2244 3552 2462 3606 factum
2488 3555 2667 3617 esset,
2691 3550 2906 3623 illeque
2920 3552 3147 3607 caiteris
3170 3552 3318 3607 nihil
3346 3553 3701 3622 videntibus,
3731 3555 3903 3611 solus

2243 3640 2482 3696 arietem
2518 3646 2800 3708 cerneret,
2828 3640 3013 3697 aitilli
3039 3642 3230 3697 crucis
3257 3646 3454 3698 custos
3481 3660 3494 3697 :
3521 3644 3701 3699 Crede
3726 3644 3899 3713 mihi,

2242 3730 2498 3798 domine,
2514 3730 2735 3803 aliquid
2760 3731 2940 3786 habes
2963 3731 3019 3785 in
3037 3731 3234 3787 anima
3248 3735 3365 3798 tua,
3382 3733 3537 3802 quod
3554 3736 3608 3787 te
3624 3733 3903 3804 prohibet

2241 3820 2481 3876 adorare
2498 3825 2789 3888 sanctum,
2816 3836 2881 3876 ac
2904 3820 3256 3890 venerabile,
3285 3824 3342 3877 et
3364 3821 3655 3877 viviﬂcum
3684 3839 3896 3879 monu-

2239 3916 2501 3965 mentum
2534 3909 2848 3965 Salvatoris
2880 3910 3063 3965 nostri
3091 3928 3104 3977 ;
3139 3911 3339 3983 itaque
3371 3927 3581 3968 moneo
3618 3915 3685 3967 ut
3705 3914 3899 3968 conti-

2236 3999 2412 4054 tearis
2442 3999 2691 4055 Domino
2723 4004 2959 4071 peccata
2990 4004 3108 4055 tua.
3145 4001 3411 4057 Clemens
3441 4002 3600 4056 enim
3626 4005 3683 4058 et
3714 4003 3895 4059 mise-

2236 4087 2674 4144 ricordissimus
2698 4105 2827 4144 cum
2848 4090 2944 4155 sit,
2968 4093 3025 4144 et
3045 4090 3128 4143 tui
3161 4090 3423 4146 misereri
3443 4091 3895 4163 volens,hujus-

2236 4178 2394 4231 modi
2410 4177 2516 4232 tibi
2540 4177 2887 4233 miraculum
2914 4178 3191 4234 ostendit.
3217 4179 3319 4234 Ille
3333 4184 3526 4235 autem
3546 4196 3676 4235 cum
3699 4180 3895 4254 lacry-

2236 4266 2348 4322 mis
2366 4267 2509 4322 dixit
2522 4266 2573 4322 ei
2600 4267 2772 4323 :Vere
2789 4268 2991 4323 multis
3007 4269 3356 4341 magnisque
3372 4268 3894 4327 sceleribusobno-

2231 4355 2364 4410 xius
2396 4373 2549 4411 sum.
2584 4358 2653 4412 Et
2681 4374 2742 4413 se
2777 4358 2973 4429 ipsum
3006 4358 3065 4412 in
3099 4358 3305 4413 faciem
3341 4363 3747 4431 prosternens,
3783 4378 3893 4434 per

2232 4444 2453 4501 multas
2479 4446 2650 4501 horas
2684 4447 3010 4517 permansit
3043 4447 3187 4503 flens
3206 4452 3263 4502 et
3294 4448 3580 4504 conﬁtens
3612 4449 3888 4507 Domino.

2231 4535 2488 4591 Surrexit
2522 4535 2754 4607 deinde,
2787 4540 2844 4591 et
2894 4553 3101 4592 rursus
3134 4536 3359 4609 ingredi
3392 4537 3598 4606 voluit,
3631 4540 3733 4594 sed
3777 4540 3889 4596 ite-

2225 4640 2356 4679 rum
2380 4625 2451 4680 ab
2480 4626 2659 4682 ariete
2679 4626 3007 4697 permissus
3029 4642 3144 4681 non
3168 4627 3449 4681 est.Tunc
3473 4626 3649 4682 aitilli
3666 4635 3887 4685 sanctas

2227 4713 2419 4770 crucis
2447 4719 2645 4770 custos
2670 4732 2683 4770 :
2708 4714 2854 4770 Vere
2874 4714 3030 4770 aliud
3051 4720 3162 4785 est,
3187 4717 3340 4786 quod
3375 4720 3431 4770 te
3452 4716 3679 4788 ingredi
3700 4722 3881 4775 vetat.

2229 4802 2700 4859 Dixitautemille
2725 4821 2737 4857 :
2763 4803 2914 4859 Num
2930 4804 3319 4860 fortasseideo
3341 4804 3631 4876 ,quianon
3656 4812 3877 4863 sanctae

2223 4891 2519 4947 catholicae
2580 4892 2871 4962 Ecclesiae,
2930 4894 3030 4948 sed
3065 4894 3272 4948 Severo
3329 4895 3720 4961 communico,
3786 4896 3879 4952 in-

2221 4979 2396 5035 troire
2428 4981 2784 5052 prohibeor?
2804 4983 2969 5037 Tunc
2994 4982 3158 5053 petiit
3188 4984 3477 5039 acustode
3507 4987 3784 5040 utsancta
3820 4990 3881 5042 et

2217 5069 2451 5125 vivifica
2483 5070 2696 5128 Christi
2733 5072 2828 5126 Dei
2860 5072 3043 5128 nostri
3078 5072 3357 5144 mysteria
3378 5072 3494 5128 sibi
3525 5074 3879 5131 efferrentur

2216 5161 2284 5211 Et
2314 5158 2491 5214 allato
2536 5164 2738 5215 sancto
2770 5159 2966 5229 calice,
3018 5161 3493 5216 communicavit.
3545 5166 3739 5233 Atque
3791 5163 3877 5221 ita

2214 5246 2514 5319 ingressus
2531 5254 2641 5316 est,
2660 5250 3014 5320 etadoravit,
3032 5250 3113 5305 nil
3132 5249 3286 5306 ultra
3302 5250 3709 5323 impedimenti
3728 5268 3870 5324 pas-

2212 5353 2335 5406 sus,
2371 5338 2636 5411 nihilque
2668 5338 2915 5395 ulterius
2945 5356 3213 5410 cernens,
3246 5340 3400 5412 quod
3434 5356 3496 5396 se
3529 5341 3868 5399 deterreret.

2864 5428 3095 5484 CAPUT
3128 5430 3189 5484 L.

2427 5520 2566 5573 Visio
2598 5522 2653 5573 et
2682 5518 2891 5574 dictum
2921 5518 3134 5574 abbatis
3167 5518 3388 5590 Georgii
3418 5519 3645 5575 inclusi.

2272 5606 2640 5678 Scythopolis
2671 5609 2932 5663 secunda
2953 5616 3039 5662 est
3059 5608 3377 5664 Palaestinas
3403 5607 3764 5680 metropolis.
3790 5615 3859 5667 In

2201 5712 2268 5751 ea
2282 5696 2660 5753 convenimus
2674 5698 2943 5753 abbatem
2960 5696 3341 5754 Anastasium
3358 5696 3731 5769 narravitquc
3746 5714 3860 5755 no-
