4180 6338
282 461 305 516 1
321 461 394 516 45
1612 464 1902 519 PRATUM

2009 463 2397 518 PIRITUALE.
3604 468 3707 523 146

274 586 370 642 bis
395 587 470 642 de
491 587 707 642 abbate
727 585 974 658 Georgio
994 585 1246 657 incluso,
1267 585 1503 642 dicens:
1529 586 1671 641 Cum
1692 587 1948 659 quadam
1981 591 2033 657 Α
2062 585 2177 641 lam
2196 587 2399 658 [ὥσπερ
2414 583 2706 658 Κοθυλάν],
2727 593 3396 660 parumqueremoratus
3414 590 3568 647 circa
3585 608 3707 648 ma-

279 682 449 733 nocte
480 676 898 743 surrexissem,
926 682 991 733 ut
1016 677 1313 749 pulsarem
1334 677 1571 745 signum
1604 678 1696 748 (ea
1725 678 1943 749 quippe
2055 693 2115 731 re
2137 676 2452 747 Mortuum,
2478 677 2715 732 redierit
2737 678 2950 733 iterum
2975 680 3045 733 ad
3086 678 3292 735 cellam
3333 697 3525 737 suam.
3554 683 3699 738 Cum

274 784 417 822 cura
436 767 586 822 mihi
617 771 681 821 ut
705 767 1086 822 canonarchaa
1111 768 1224 838 (12)
1251 767 1517 835 injuncta
1541 768 1728 823 fuerat
1751 772 1814 822 ut
1841 782 1937 822 ex-
2050 782 2181 821 vero
2204 771 2361 821 esset
2382 772 2558 822 aestus
2583 766 3253 835 vehementissimus,ita
3275 774 3337 825 ut
3359 788 3535 827 senex
3555 788 3701 843 pene

273 856 521 912 citarem
555 857 769 913 fratres
802 857 872 911 ad
908 856 1239 926 collectam)
1271 856 1467 912 audivi
1489 856 1813 927 plorantem
1849 872 1937 911 se.
2047 855 2337 923 deﬁceret,
2366 856 2682 911 extendens
2700 872 2913 912 manus
2930 858 3147 913 suasin
3166 859 3376 914 ccelum
3398 861 3469 915 ad
3486 866 3696 927 Deum,

271 963 441 1014 nem;
478 946 896 1018 profectusque
930 946 1001 1001 ad
1037 947 1225 1016 illum,
1260 962 1466 1018 rogare
1489 946 1657 1018 cmpi,
1697 946 1893 1001 dicens
1920 960 1932 999 :
2048 944 2232 999 oravit
2253 945 2489 1000 dicens:
2518 945 2781 1015 Domine,
2802 950 2863 1001 tu
2891 946 3007 1002 scis
3027 947 3302 1019 quiajam
3323 966 3439 1020 pra:
3459 950 3697 1006 sitiam-

266 1035 415 1100 Quid
451 1035 661 1103 habes,
695 1036 886 1105 Pater,
920 1035 1063 1107 quia
1091 1036 1175 1091 sic
1200 1035 1398 1108 ploras
1420 1036 1447 1090 ?
1472 1036 1575 1091 Ille
1605 1051 1738 1091 vero
1786 1034 1933 1090 nihil
2044 1032 2248 1089 bulare
2269 1050 2380 1089 non
2402 1051 2665 1106 possum.
2692 1035 3015 1105 Statimque
3038 1038 3228 1094 nubes
3247 1038 3400 1093 circa
3423 1038 3593 1095 illum
3615 1040 3699 1095 fa-

266 1124 412 1180 mihi
434 1125 763 1196 respondit.
787 1124 1018 1180 Rursus
1040 1141 1173 1180 cum
1198 1141 1465 1197 rogarem
1485 1124 1677 1191 illum,
1707 1128 1772 1179 ut
1794 1141 1931 1179 cau-
2039 1127 2130 1178 cta
2159 1128 2465 1195 est,neque
2497 1125 2738 1180 recessit
2769 1126 2841 1180 ab
2868 1142 2957 1196 eo,
2986 1127 3250 1197 quandiu
3286 1128 3699 1185 restitueretur

259 1230 388 1271 sam
427 1215 604 1270 ﬂetus
636 1214 782 1270 mihi
822 1215 1074 1286 aperiret
1112 1214 1501 1287 ingemiscens
1529 1214 1648 1284 ille,
1670 1218 1727 1269 et
1752 1230 1820 1269 ex
1841 1213 1930 1269 in-
2040 1212 2195 1267 cellae
2227 1230 2370 1269 suae.
2400 1214 2664 1270 Distabat
2694 1218 2889 1271 autem
2930 1232 2963 1270 a
3012 1215 3158 1272 cella
3192 1217 3549 1276 milliaribus
3578 1220 3695 1275 fere

257 1306 403 1360 timo
436 1305 617 1361 corde
648 1304 979 1377 suspirans,
1015 1305 1135 1361 ait:
1194 1304 1494 1369 Quomodo
1526 1304 1672 1359 mihi
1706 1321 1739 1359 a
1788 1304 1926 1360 ﬂetu
2038 1302 2377 1359 duodecim.

258 1398 620 1466 temperem,
669 1410 802 1449 cum
848 1393 1135 1449 Dominus
1190 1398 1391 1449 noster
1432 1394 1609 1450 Jesus
1657 1393 1927 1449 Christus
2110 1394 2267 1448 Idem
2288 1394 2469 1450 abbas
2488 1395 2821 1466 Stephanus
2841 1400 2897 1451 et
2914 1396 3021 1451 hoc
3040 1396 3210 1452 nobis
3231 1397 3302 1452 de
3321 1398 3525 1453 eodem
3550 1416 3688 1455 sene

255 1484 630 1541 reconciliari
654 1483 826 1539 nobis
848 1482 995 1538 nolit
1015 1482 1041 1537 ‘?
1059 1483 1172 1555 Ego
1195 1483 1492 1552 enim,fili,
1516 1483 1759 1538 videbar
1780 1481 1923 1537 mihi
2034 1484 2331 1549 narrabat,
2354 1485 2507 1554 quod
2536 1484 2799 1540 venerint
2820 1486 2909 1541 sui
2937 1486 3030 1541 die
3053 1487 3307 1557 quadam
3333 1491 3397 1543 ut
3419 1486 3584 1544 illum
3606 1490 3687 1545 vi-

256 1576 541 1631 assistere
569 1575 807 1630 cuidam
856 1590 1036 1645 super
1076 1572 1303 1629 excelso
1351 1573 1565 1629 throno
1598 1573 1877 1629 residenti
1906 1592 1919 1642 ;
2031 1572 2259 1628 derent.
2302 1572 2447 1629 Cum
2480 1590 2617 1645 ergo
2658 1575 2957 1631 venissent
2988 1577 3058 1630 ad
3092 1575 3310 1645 locum,
3345 1583 3687 1649 quaerebant

259 1662 450 1720 multa
482 1680 615 1719 vero
648 1661 1003 1717 miltiacirca
1028 1660 1193 1717 illum
1217 1666 1385 1718 erant
1407 1662 1703 1719 orantium
1728 1662 1919 1729 illum,
2028 1661 2505 1733 ipsius'cellulam
2528 1681 2540 1717 :
2562 1681 2737 1732 quam
2776 1666 2918 1720 dum
2937 1666 3297 1737 quibusdam
3318 1668 3683 1724 ostendenti-

256 1760 437 1825 atque
461 1751 914 1823 deprecantium
940 1750 1009 1805 de
1026 1751 1284 1822 quadam
1310 1768 1391 1818 re,
1414 1751 1514 1822 qui
1534 1750 1768 1807 illorum
1795 1767 1919 1822 pre-
2026 1751 2139 1806 bus
2156 1750 2523 1823 didicissent,
2544 1753 2829 1809 adeuntes
2848 1754 3515 1826 pulsavcruntjanuam.
3544 1758 3681 1823 Qui-

256 1843 419 1898 cibus
437 1842 626 1898 flexus
642 1858 755 1897 non
770 1844 878 1896 est.
896 1839 1152 1895 Posthzec
1169 1840 1505 1896 accessitad
1527 1839 1689 1896 illam
1706 1839 1918 1896 mulier
2027 1840 2137 1896 bus
2168 1840 2441 1911 cognitis,
2475 1857 2651 1897 senex
2671 1842 2858 1898 Deum
2876 1843 3083 1913 oravit,
3104 1861 3175 1900 ne
3199 1846 3270 1900 ab
3290 1844 3435 1916 ipsis
3455 1845 3677 1902 videre-

254 1932 525 2003 qumdam
542 1932 1051 2002 purpurainduta,
1078 1929 1445 2003 prociditque
1470 1928 1575 2000 illi,
1592 1928 1784 2026 etait:
1814 1929 1911 1985 Vel
1946 1961 1990 2026 Β
2024 1930 2787 2026 tur._Etaperiensjanuam,
2806 1932 2946 1988 exiit
2963 1934 3033 1988 de
3051 1933 3263 1989 cellula
3279 1951 3407 2005 sua,
3423 1938 3479 1990 et
3496 1936 3567 1992 ab
3589 1936 3675 1992 eis

252 2024 491 2092 propter
547 2036 639 2076 me
697 2021 949 2092 placare.
993 2020 1096 2075 fili.
1153 2018 1252 2075 Ille
1318 2035 1451 2074 vero
1524 2018 1911 2075 nihilominus
1946 2018 1985 2026 “’
2019 2018 3133 2093 penitusvisusnonest:abiensquein
3158 2024 3458 2079 desertum
3480 2024 3671 2079 redire

253 2107 631 2164 inexorabilis
650 2108 893 2165 mansit.
916 2110 1106 2181 Atque
1128 2107 1345 2163 idcirco
1362 2107 1525 2179 ploro
1541 2106 1788 2177 etejulo,
1816 2124 1911 2164 ve-

250 2214 376 2254 rens
408 2199 575 2271 quod
609 2199 877 2254 futurum
910 2203 1017 2255 est.
1043 2199 1174 2255 Haec
1193 2197 1336 2254 mihi
1362 2198 1506 2253 dixit
1528 2198 1710 2253 abbas
1733 2198 1907 2254 Geor-

249 2290 396 2360 gius,
430 2289 649 2361 quinta
680 2288 1059 2346 illucescente
1091 2288 1234 2345 feria
1282 2305 1457 2344 ccsnae
1509 2288 1781 2356 Domini;
1817 2305 1912 2345 se-

248 2381 451 2451 quanti
483 2396 643 2447 vero,
672 2379 730 2434 id
763 2383 853 2436 est
894 2395 1227 2451 parasceve,
1278 2379 1419 2435 hora
1463 2378 1579 2434 diei
1610 2395 1783 2443 nona,
1817 2394 1910 2433 re-

251 2468 488 2539 pentino
519 2485 859 2540 magnoque
905 2474 1072 2524 terra;
1120 2474 1281 2524 motu
1335 2473 1683 2524 corruerunt
1739 2468 1910 2523 urbes

252 2560 560 2615 maritima
586 2559 911 2617 Phoenices.

320 2650 483 2705 Idem
508 2650 693 2705 abbas
720 2650 1070 2705 Anastasius
1094 2650 1203 2705 hoc
1225 2649 1364 2704 item
1380 2648 1548 2705 nobis
1563 2649 1633 2704 de
1652 2664 1790 2704 sene
1812 2639 1908 2703 eo-

251 2742 384 2796 dem
418 2740 737 2807 enarravit,
768 2741 924 2812 quod
960 2745 1090 2813 post
1130 2738 1567 2812 aliquantulum
1600 2740 1907 2811 temporis,

257 2847 386 2885 cum
422 2830 494 2886 ad
532 2830 849 2885 fenestram
882 2834 1087 2897 staret,
1113 2829 1340 2902 plorare
1360 2846 1536 2885 senex
1557 2832 1825 2901 coeperit;
1852 2832 1909 2883 et

250 2919 566 2976 dixeritilli
600 2936 611 2975 :
645 2923 740 2973 Vas
764 2919 959 2986 nobis,
986 2921 1185 2989 frater,
1212 2920 1353 2991 quia
1370 2918 1595 2975 nullam
1618 2918 1907 2975 habemus

249 3011 787 3083 compunctionem,
806 3011 905 3065 sed
924 3010 981 3065 in
999 3009 1357 3082 negligentia
1372 3010 1648 3077 vivimus,
1662 3010 1908 3065 ettimeo

257 3118 387 3157 cum
416 3103 507 3157 ira
529 3102 631 3157 Dei
663 3100 1122 3174 comprehendat
1152 3118 1282 3168 nos,
1314 3100 1669 3171 etinjanuis
1693 3101 1908 3167 simus,

248 3194 309 3245 ut
330 3189 692 3260 judicemur.
709 3191 777 3247 Et
797 3192 1065 3263 sequenti
1083 3190 1174 3246 die
1196 3190 1349 3263 ignis
1362 3190 1631 3263 apparuit
1654 3190 1710 3245 in
1732 3188 1900 3246 ccelo.

894 3297 1128 3354 CAPUT
1167 3298 1258 3353 LI.

394 3388 514 3442 Vita
545 3387 762 3443 Iuliani
787 3387 936 3443 senis
984 3388 1315 3443 monasterii
1352 3388 1750 3458 Egyptiorum.

313 3477 660 3532 Anazarbus
676 3475 1016 3549 metropolis
1034 3482 1121 3532 est
1135 3477 1401 3532 secundae
1417 3476 1659 3532 Cilicum
1678 3476 1905 3548 provinv

242 3565 368 3633 ciae,
401 3566 476 3621 ab
509 3565 618 3621 hac
638 3567 754 3621 fere
772 3566 1080 3635 duodecim
1108 3565 1461 3621 milliaribus
1480 3566 1657 3622 distat
1674 3582 1906 3622 monas-

242 3657 462 3712 terium
478 3657 636 3728 quod
657 3655 874 3713 dicitur
902 3657 1325 3730 Egyptiorum.
1342 3658 1740 3713 Narraverunt
1769 3672 1905 3728 ergo

242 3745 416 3801 nobis
432 3746 636 3801 Patres
650 3746 916 3817 ejusdem
930 3745 1039 3802 loci
1053 3747 1206 3817 quod
1239 3746 1362 3803 illic
1381 3750 1516 3802 ante
1532 3762 1716 3802 annos
1732 3746 1905 3817 quin-

245 3851 362 3906 que
376 3839 653 3891 mortuus
667 3840 822 3892 esset
836 3851 1034 3905 senex,
1048 3836 1324 3893 Julianus
1347 3836 1606 3905 nomine,
1625 3835 1724 3906 qui
1740 3834 1907 3890 circi-

240 3929 333 3979 ter
355 3940 548 3980 aunos
563 3924 941 3997 septuaginta
955 3925 1013 3981 in
1028 3926 1285 3998 quodam
1299 3925 1459 3982 brevi
1484 3924 1695 3998 spelaea
1718 3941 1906 3981 mora-

241 4019 341 4070 tus
360 4012 697 4081 esset,nihil
712 4014 1155 4072 omninosaeculi
1173 4016 1347 4071 istius
1362 4016 1908 4087 possidens,prmter

240 4102 595 4167 cilicium,et
614 4118 849 4175 sagum,
872 4108 929 4160 et
949 4104 1251 4160 vasculum
1275 4103 1560 4177 ligneum,
1586 4108 1643 4160 et
1664 4103 1902 4159 librum.

312 4191 605 4247 Dicebant
633 4195 833 4247 autem
866 4192 1038 4249 nobis
1066 4197 1124 4248 et
1154 4193 1260 4249 hoc
1294 4194 1363 4249 de
1400 4193 1552 4265 ipso,
1596 4195 1750 4265 quod
1784 4196 1903 4248 toto

234 4280 370 4335 vitae
397 4296 521 4336 sua:
544 4287 804 4352 tempore
834 4297 949 4337 non
974 4282 1239 4337 accendit
1262 4281 1517 4337 lucernae
1538 4281 1762 4348 lumen,
1788 4282 1889 4336 sed

237 4386 341 4441 per
367 4374 575 4425 noctes
607 4368 830 4427 caelitus
860 4369 1195 4427 illustrabat
1224 4387 1359 4427 eum
1386 4370 1507 4442 lux,
1544 4370 1626 4427 ita
1657 4374 1721 4427 ut
1751 4370 1904 4428 clare

237 4456 433 4530 legere
468 4462 691 4530 posset.

872 4557 1103 4613 CAPUT
1156 4558 1280 4613 LII.

603 4645 825 4702 Dictum
854 4647 1067 4703 abbatis
1107 4648 1247 4704 Elia?
1276 4647 1540 4703 solitarii.

2016 2106 2224 2163 tandiu
2265 2107 2473 2178 noluit,
2506 2109 2691 2165 donec
2722 2109 2853 2167 illos
2885 2111 3199 2168 recessisse
3230 2111 3519 2184 cognovit.

2640 2242 2869 2300 CAPUT
2894 2244 3033 2299 LIV.

2022 2328 2140 2385 Vita
2169 2335 2556 2387 monachorum
2575 2331 3008 2404 Scythiotarum,
3033 2333 3174 2391 etde
3194 2350 3321 2390 sene
3352 2335 3661 2392 Ammonio.

2084 2443 2370 2501 Venimus
2396 2450 2597 2517 postea
2614 2448 2982 2504 Terenuthen
3008 2449 3078 2504 ad
3108 2450 3380 2506 abbatem
3408 2452 3668 2507 Theodo-

2017 2550 2147 2589 rum
2178 2533 2680 2603 Alexandrinum;
2728 2537 2928 2609 aitque
2971 2539 3140 2594 nobis
3189 2556 3404 2595 senex:
3453 2539 3666 2607 Filioli,

2017 2624 2273 2678 multum
2289 2640 2483 2679 revera
2500 2625 2877 2695 perdiderunt
2891 2626 3200 2699 Scythiotee
3221 2628 3671 2699 monachijuxta

2013 2728 2223 2767 senum
2258 2713 2720 2784 praedictionem.
2750 2716 2976 2772 Credite
2999 2716 3155 2773 enim
3185 2717 3355 2784 mihi,
3378 2717 3502 2786 filii,
3528 2719 3670 2789 quia

2017 2817 2230 2873 magna
2258 2806 2382 2857 erat
2406 2802 2664 2859 charitas
2691 2804 2845 2871 apud
2873 2805 3225 2878 Scythiotas,
3253 2824 3469 2879 magna
3491 2807 3669 2864 absti-

2017 2891 2235 2959 nentia,
2259 2908 2473 2964 magna
2490 2892 2784 2950 discretio.
2802 2894 2935 2950 Vidi
2955 2912 3060 2967 ego
3078 2895 3196 2952 illic
3213 2912 3405 2963 senes,
3423 2897 3524 2967 qui
3551 2896 3665 2952 nisi

2016 2980 2148 3050 quis
2180 2980 2249 3034 ad
2294 2998 2394 3036 eos
2433 2982 2705 3050 venisset,
2736 3001 3039 3055 nunquam
3074 2987 3386 3042 sumebant
3419 2987 3657 3043 cibum:

2014 3068 2167 3124 inter
2198 3086 2345 3142 quos
2376 3076 2500 3127 erat
2530 3088 2705 3128 senex
2736 3074 3001 3145 quidam,
3022 3075 3368 3131 Ammonius
3401 3075 3663 3146 nomine,

2006 3158 2177 3229 juxta
2199 3176 2291 3215 me
2314 3176 2556 3215 manens
2584 3178 2597 3229 ;
2618 3163 2788 3232 cujus
2810 3178 2915 3235 ego
2937 3164 3128 3219 sciens
3150 3166 3664 3233 consuetudinem,

2014 3264 2118 3319 per
2149 3265 2320 3304 omne
2343 3249 2667 3306 Sabbatum
2692 3252 2762 3306 ad
2797 3251 2964 3308 illum
2984 3252 3311 3321 veniebam,
3337 3259 3402 3309 ut
3425 3258 3665 3326 propter

1934 3331 1977 3397 C
2014 3337 2328 3393 adventum
2378 3354 2574 3395 meum
2622 3345 2885 3397 sumeret
2932 3342 3150 3398 cibum.
3203 3343 3507 3399 Habebunt
3554 3343 3664 3399 hoc

2011 3441 2217 3482 omnes
2234 3427 2607 3500 generaliter,
2625 3431 2779 3501 quod
2796 3448 3145 3503 quacunque
3160 3432 3306 3488 hora
3320 3433 3667 3508 accederent

2010 3516 2081 3570 ad
2115 3532 2211 3572 eos
2243 3516 2448 3589 aliqui,
2482 3520 2897 3589 permittebant
2928 3520 3061 3577 illos
3093 3522 3417 3578 orationem
3452 3523 3661 3589 facere,

2009 3602 2243 3676 illisque
2261 3607 2588 3676 orantibus,
2608 3608 2722 3679 ipsi
2742 3625 3006 3667 mensam
3027 3612 3419 3684 apponebant,
3440 3614 3497 3667 et
3522 3626 3655 3666 con-

2010 3692 2177 3749 tinuo
2209 3694 2406 3751 cibum
2440 3697 2769 3753 sumebant.

2651 3834 2886 3890 CAPUT
2907 3835 3016 3889 LV.

2014 3921 2156 3978 Visio
2186 3922 2480 3993 cujusdam
2530 3924 3112 3996 scnisrcommoraniis
3155 3926 3214 3981 in
3269 3925 3479 3996 Scythi,
3511 3926 3659 3982 etde

2612 3995 2805 4051 abbate
2823 3997 3046 4053 Irenaeo.

2076 4109 2271 4165 Abbas
2320 4108 2573 4166 Irenaaus
2626 4110 2885 4167 narravit
2925 4112 3094 4168 nobis
3126 4112 3196 4167 ds
3228 4127 3367 4169 sene
3398 4115 3653 4185 quodam

2007 4204 2405 4254 commorante
2435 4198 2494 4254 in
2511 4200 2728 4272 Scythi,
2750 4201 2904 4272 quod
2922 4200 3224 4257 diabolum
3243 4201 3457 4258 viderit
3478 4207 3652 4259 noctu

2006 4287 2290 4357 sarculos,
2324 4291 2535 4354 rastra,
2569 4293 2625 4344 et
2654 4289 2934 4361 cophinos
2954 4290 3311 4361 praebentem
3339 4291 3655 4361 fratribus;

2005 4375 2269 4446 dixitque
2291 4376 2525 4431 diabolo
2558 4393 2772 4433 senex:
2806 4380 2939 4445 Qua
2972 4380 3086 4435 ista
3117 4380 3299 4435 sunt?
3335 4380 3658 4453 Respondit

2004 4464 2310 4521 diabolus:
2341 4465 2797 4523 Distractionem
2830 4468 3111 4524 fratribus
3145 4485 3429 4542 praeparo,
3464 4476 3528 4526 ut
3558 4470 3654 4526 his

2004 4554 2295 4625 occupati,
2314 4555 2457 4610 fiant
2476 4555 2929 4628 negligentiores
2944 4558 3018 4614 ad
3039 4559 3330 4615 orandum
3351 4565 3408 4615 et
3433 4559 3653 4632 gloriﬁ-

2009 4643 2263 4698 candum
2294 4643 2500 4701 Deum.

307 4734 407 4789 87
422 4738 461 4790 7
488 4733 663 4790 Venit
685 4736 861 4792 frater
880 4691 1123 4808 quidam
1150 4691 1733 4792 adﬂavbbatemhliam
1757 4736 1897 4792 soli-
1933 4691 1979 4754 Β
2082 4732 2241 4787 Idem
2256 4732 2435 4789 abbas
2456 4737 2709 4791 Irenaeus
2727 4735 2983 4792 narravit
3003 4736 3172 4794 nobis
3188 4737 3647 4796 dicensiterum:

236 4824 458 4879 tarium
485 4824 545 4879 in
569 4824 897 4881 coenobium
918 4825 1145 4897 antiqui
1165 4825 1347 4897 patris
1366 4825 1547 4895 Saba,
1569 4830 1624 4881 et
1640 4825 1786 4881 dixit
1808 4825 1855 4882 ei
1880 4844 1893 4882 :

238 4911 341 4967 Dic
375 4912 521 4968 mihi
554 4914 823 4983 verbum,
855 4917 1048 4970 Pater.
1081 4913 1267 4969 Senex
1314 4930 1447 4970 vero
1496 4914 1644 4969 dixit
1692 4915 1893 4971 fratri:

237 5001 463 5057 Diebus
484 5006 727 5057 Patrum
756 5006 1091 5059 nostrorum
1111 5007 1230 5058 tres
1248 5003 1376 5058 istae
1391 5002 1635 5059 virtutes
1659 5004 1715 5058 in
1739 5020 1897 5060 amo-

239 5107 296 5146 re
326 5094 386 5145 et
413 5090 613 5146 studio
644 5091 801 5163 apud
835 5092 1155 5148 monachos
1184 5096 1389 5149 erant:
1424 5092 1663 5148 nuditas
1696 5109 1891 5149 rerum

240 5180 533 5249 omnium,
566 5181 984 5249 mansuetudo,
1007 5185 1066 5237 et
1095 5181 1494 5248 continentia;
1523 5198 1678 5237 nunc
1701 5188 1895 5239 autem

239 5268 505 5340 avaritia,
538 5269 681 5342 gula
705 5277 760 5325 et
791 5270 1057 5326 audacia.
1092 5270 1255 5337 Quod
1292 5269 1502 5326 horum
1549 5270 1655 5326 tibi
1705 5270 1895 5343 placet

240 5358 454 5430 arripe.

857 5448 1088 5505 CAPUT
1129 5449 1278 5504 LIII.

344 5535 463 5593 Vita
489 5538 639 5593 senis
662 5536 892 5610 εξ]νὶαεὶ
918 5554 987 5594 ex
1018 5537 1354 5593 monasterio
1392 5538 1578 5593 sancti
1606 5537 1787 5595 Saba.

312 5624 584 5680 Narravit
612 5625 785 5681 nobis
806 5625 987 5681 abbas
1015 5624 1352 5697 Stephanus
1374 5626 1443 5681 de
1466 5626 1723 5698 quodam
1753 5642 1890 5682 sene

244 5718 508 5769 morante
524 5713 584 5771 in
604 5714 960 5771 monasterio
978 5714 1168 5771 sancti
1186 5713 1374 5770 Patris
1394 5716 1580 5771 nostri
1596 5715 1888 5785 Sabaa,no-

246 5799 402 5859 mins
430 5800 694 5875 Cyriaco,
714 5802 870 5877 quod
888 5802 981 5862 die
1001 5802 1257 5876 quadam
1280 5803 1646 5863 descenderit
1666 5802 1856 5862 Tuthe
1872 5834 1887 5847 ι

2004 4822 2149 4877 Cum
2183 4822 2479 4878 venissent
2509 4824 2741 4880 barbari
2773 4825 2832 4881 in
2863 4826 3146 4899 Scythim,
3174 4828 3391 4885 recessi
3414 4828 3572 4900 inde,
3597 4834 3654 4885 et

2003 4910 2131 4964 veni
2164 4910 2223 4964 in
2258 4915 2451 4982 partes
2483 4912 2662 4982 Gazae,
2699 4916 3015 4988 accepique
3069 4916 3215 4972 mihi
3265 4917 3537 4974 cellulam
3588 4917 3648 4972 in

2004 5000 2379 5055 monasterio.
2410 5001 2605 5057 Abbas
2636 5019 2767 5059 vero
2800 5004 2929 5077 ipsa
2958 5005 3051 5060 die
3083 5005 3243 5060 dedit
3265 5006 3406 5061 mihi
3430 5005 3649 5061 librum

2003 5088 2072 5144 ad
2099 5087 2432 5159 legendum,
2452 5091 2512 5145 in
2537 5107 2652 5162 quo
2671 5109 2879 5148 senum
2902 5098 3065 5164 gesta
3089 5094 3202 5165 (13)
3222 5094 3441 5166 scripta
3461 5100 3647 5151 erant.

2005 5178 2250 5249 Moxque
2272 5179 2552 5251 utaperui
2582 5180 2819 5249 librum,
2845 5182 3100 5238 occurrit
3117 5182 3302 5238 oculis
3326 5183 3653 5255 capitulum

2001 5268 2181 5332 istud,
2212 5269 2365 5339 quod
2386 5270 2863 5342 veneritquidam
2883 5272 3143 5327 fraterad
3170 5288 3390 5339 senem,
3415 5275 3654 5330 dixerit-

2003 5373 2115 5427 que
2138 5356 2251 5412 illi:
2272 5358 2380 5412 Ora
2398 5374 2501 5429 pro
2521 5376 2635 5427 me,
2658 5360 2851 5428 Pater;
2872 5360 3085 5416 dixerit
3108 5365 3305 5416 autem
3329 5362 3414 5418 illi
3440 5380 3650 5420 senex:

2000 5449 2142 5500 Cum
2161 5462 2321 5503 esses
2338 5447 2670 5515 nobiscum,
2693 5450 2933 5505 orabam
2954 5466 3055 5521 pro
3079 5454 3166 5519 te;
3193 5467 3350 5508 nunc
3366 5457 3557 5509 autem
3582 5471 3652 5511 ex

2001 5551 2115 5605 quo
2146 5534 2205 5590 in
2237 5537 2473 5608 propria
2503 5538 2722 5603 abiisti,
2749 5556 2863 5593 non
2886 5538 3013 5609 jam
3049 5556 3146 5595 oro
3179 5557 3282 5612 pro
3310 5544 3384 5597 te.
3421 5541 3491 5597 Ut
3517 5559 3653 5615 ergo

1999 5624 2110 5695 legi
2135 5641 2239 5697 ego
2260 5625 2588 5698 capitulum
2607 5626 2787 5693 istud,
2807 5627 2988 5698 plicui
3008 5627 3245 5697 librum,
3268 5634 3325 5686 et
3344 5630 3461 5685 dixi
3479 5630 3538 5686 in
3563 5648 3655 5687 me

1998 5713 2125 5785 ipso
2151 5729 2163 5768 :
2198 5712 2290 5769 Vae
2320 5715 2447 5785 tibi,
2480 5721 2715 5786 Irenaee,
2749 5716 2889 5789 quia
2914 5718 2974 5773 in
3005 5720 3245 5791 propria
3264 5718 3496 5786 venisti,
3526 5736 3655 5777 nec-

1992 5804 2118 5875 jam
2150 5807 2317 5860 orant
2343 5820 2446 5877 pro
2476 5808 2531 5861 te
2552 5804 2774 5863 Patres.
2806 5808 3052 5879 Moxque
3084 5806 3305 5865 librum
3346 5808 3543 5865 abbati
3572 5828 3640 5867 re
