4180 6338
509 452 613 508 MT

1691 456 1788 509 DE
1823 451 2015 508 VITIS
2052 445 2353 503 PATRUM
2391 442 2604 498 LIBER
2637 442 2712 501 X.

3807 437 3912 492 148

510 577 762 634 stituens
812 578 1047 649 recessi,
1089 583 1144 644 et
1176 578 1305 634 veni
1338 579 1396 634 in
1432 578 1559 635 loca
1589 578 1722 636 ista,
1755 579 1824 634 Et
1854 578 1974 634 haec
2006 574 2150 631 mihi
2183 571 2237 640 Α
2269 567 2583 642 provincia.
2618 567 2918 624 Profectus
2950 582 3082 623 vero
3115 566 3293 622 frater
3319 564 3541 620 invenit
3564 564 3792 621 leonem
3817 566 3914 636 ja-

512 685 692 724 causa
723 668 852 739 fuit,
887 668 1046 724 filioli
1082 669 1351 725 veniendi
1383 669 1441 725 in
1473 668 1630 726 hunc
1663 669 1881 726 locum.

1141 777 1370 833 CAPUT
1394 778 1532 833 LVI.

521 867 636 922 Vita
666 867 894 922 Joannis
923 866 1190 938 discipuli
1235 869 1378 923 senis
1434 870 1648 937 magni,
1704 869 1801 941 qui
1849 866 2166 924 morabatur

493 942 507 960 °
1019 942 1079 994 in
1109 942 1228 995 vico
1275 941 1666 1011 Caparasima.

590 1037 901 1094 Ptolemais
931 1039 1134 1094 civitas
1179 1043 1267 1095 est
1296 1039 1614 1110 phmnices,
1647 1041 1704 1095 in
1750 1040 1859 1096 hac
1888 1040 2050 1096 vicus
2083 1041 2172 1094 est

522 1128 623 1200 qui
645 1128 857 1183 dicitur
878 1129 1470 1201 Caparasima[6ravce
1501 1127 1843 1202 llapa'wmu].
1873 1131 1934 1184 In
1957 1145 2022 1185 eo
2045 1129 2168 1183 vico

524 1233 699 1273 senex
714 1218 950 1289 quidam
971 1224 1093 1274 erat
1109 1236 1384 1292 magnus,
1401 1219 2167 1292 babehatquediscipulum,

523 1307 810 1363 Joannem
831 1307 1088 1376 nomine,
1110 1308 1378 1380 etipsum
1406 1325 1709 1381 magnum,
1735 1308 2173 1380 singularisque

526 1397 887 1455 obedientias.
907 1398 1168 1462 Quadam
1184 1415 1320 1470 ergo
1336 1398 1427 1453 die
1451 1398 1610 1454 misit
1630 1415 1805 1454 senex
1820 1397 2174 1469 discipulum

529 1505 705 1546 suum
738 1488 796 1543 in
829 1487 1246 1554 ministerium,
1282 1488 1491 1543 dansei
1521 1491 1574 1542 et
1599 1489 2048 1560 modicospanes
2073 1504 2173 1560 pro

527 1579 681 1635 victu
717 1595 845 1633 suo.
878 1578 1180 1632 Profectus
1213 1581 1302 1632 est
1335 1583 1531 1633 autem
1565 1577 1913 1649 discipulus,
1946 1582 2002 1633 et
2022 1593 2177 1633 com-

531 1669 686 1742 pleto
707 1668 1029 1723 ministerio
1053 1667 1245 1738 rediit,
1266 1667 1583 1738 retulitque
1607 1683 1809 1739 panes.
1835 1668 2053 1723 Videas
2081 1684 2178 1742 auf

532 1740 648 1816 tem
680 1757 874 1814 senior
905 1773 1107 1830 panes,
1139 1756 1284 1812 aitei
1312 1773 1324 1810 :
1359 1756 1488 1826 Fili,
1520 1773 1700 1828 quare
1729 1774 1843 1812 non
1871 1740 2177 1812 comedisti

537 1865 718 1922 panes
737 1865 882 1919 quos
901 1847 1034 1903 dedi
1058 1846 1160 1901 tibi
1181 1847 1208 1900 ?
1231 1850 1564 1902 Prostratus
1585 1846 1681 1902 ille
1700 1863 1893 1902 coram
1919 1863 2075 1911 sene,
2098 1846 2182 1899 di-

2266 662 2512 716 centem.
2547 660 2808 730 Cumque
2840 658 3014 714 verba
3043 656 3202 712 senis
3235 654 3320 710 illi
3350 654 3915 724 dixisset,continuo

2268 748 2507 806 recessit
2536 748 2644 804 leo.

2878 837 3114 894 CAPUT
3160 837 3301 893 LIX.

2577 930 2697 984 Vita
2729 927 2952 984 abbatis
2985 927 3238 982 Thalelaei
3265 927 3374 998 (l5)
3402 926 3608 982 Cilicis.

2343 1028 2539 1082 Abbas
2574 1028 2772 1082 Petrus
2807 1026 3106 1098 presbyter
3127 1026 3386 1095 ejusdem
3412 1024 3919 1090 monasterii,nar-

2276 1116 2424 1172 ravit
2439 1114 2604 1170 nobis
2617 1115 2688 1170 de
2702 1115 2908 1170 abbate
2922 1113 3210 1168 Thalelaao
3226 1112 3424 1180 Cilice,
3441 1114 3594 1183 quod
3613 1113 3924 1184 sexaginta

2276 1222 2464 1262 annos
2494 1204 2949 1275 transegissetin
2973 1205 3089 1258 vita
3107 1201 3434 1259 monastica
3452 1219 3757 1274 nunquam
3785 1203 3927 1258 ﬂere

2279 1295 2591 1362 desistens,
2625 1292 3181 1365 dicensquejugiter
3205 1308 3217 1347 :
3243 1291 3502 1363 Tempus
3524 1291 3631 1347 hoc
3654 1290 3824 1347 nobis
3851 1291 3926 1345 ad

2280 1383 2682 1456 paenitentiam
2703 1382 2999 1438 indultum
3024 1387 3135 1452 est,
3158 1385 3215 1437 et
3231 1381 3398 1437 valde
3420 1381 3751 1452 requiretur
3768 1398 3800 1437 a
3823 1398 3930 1437 no-

2283 1473 2370 1529 bis
2401 1474 2448 1530 si
2480 1473 2624 1529 illud
2653 1471 3104 1544 neglexerimus.

2920 1588 3144 1644 CAPUT
3177 1587 3282 1642 LX.

2285 1683 2509 1736 Factum
2539 1679 2820 1748 egregium
2869 1677 3314 1732 sanctimonialis
3360 1679 3599 1744 feminae,
3645 1693 3743 1746 per
3790 1678 3938 1748 quod

2356 1759 2710 1820 compunctus
2740 1750 3047 1805 adolescens
3077 1749 3193 1820 ejus
3216 1754 3456 1814 amator,
3478 1749 3774 1804 monachus
3803 1753 3936 1820 eﬂe-

2356 1827 2473 1880 ctus
2497 1830 2594 1877 est.

535 1938 680 1994 xitei
699 1955 710 1992 :
729 1942 964 2008 Ignosce
980 1935 1144 2004 mihi,
1162 1940 1350 2002 Pater,
1368 1936 1505 2008 quia
1519 1953 1634 1991 non
1648 1937 1828 1991 bened
1842 1935 1994 1990 ixisti
2012 1934 2176 2006 mihi,

2359 1909 2604 1975 Quidam
2627 1911 2717 1964 vir
2739 1909 2927 1965 fidelis
2951 1909 3208 1964 narravit
3231 1909 3420 1977 nobis,
3445 1927 3580 1966 cum
3605 1910 3662 1965 in
3684 1910 3942 1966 Alexan-

537 2045 668 2084 cum
693 2027 954 2082 mitteres
977 2041 1088 2094 me,
1111 2025 1549 2096 nequejussisti
1572 2025 1843 2080 utcibum
1861 2041 2176 2092 sumerem,

538 2118 753 2173 idcirco
778 2133 892 2173 non
918 2115 1166 2186 sumpsi.
1193 2115 1650 2186 Admiratusque
1675 2130 1849 2170 senex
1872 2113 2180 2170 discretio-

538 2224 670 2264 nem
705 2207 924 2274 fratris,
957 2204 1255 2262 benedixit
1285 2220 1441 2260 eum.

607 2298 689 2352 Ad
706 2297 858 2352 hunc
874 2297 1108 2351 fratrem
1123 2294 1681 2367 postdormitionem
1698 2294 1876 2362 senis,
1893 2293 2184 2365 cumjeju-

539 2389 731 2443 nasset
765 2384 1154 2458 quadraginta
1182 2384 1411 2450 diebus,
1447 2401 1554 2440 vox
1585 2384 1732 2440 facta
1763 2388 1852 2439 est
1880 2383 2181 2452 divinitus,

535 2479 732 2532 dicens
750 2493 762 2530 :
778 2477 963 2546 Super
979 2490 1389 2546 quemcunque
1408 2475 1917 2545 morbumimposu
1930 2472 2042 2528 eris
2059 2489 2185 2527 ma-

545 2585 676 2639 nus,
701 2565 1023 2622 curabitur.
1051 2565 1203 2620 878
1228 2566 1396 2620 Mane
1419 2569 1614 2620 autem
1638 2563 1808 2633 facto,
1835 2580 1935 2636 per
1955 2563 2187 2632 dispen-

541 2658 831 2714 sationem
846 2656 944 2712 Dei
958 2672 1106 2724 ,ecce
1120 2655 1291 2711 homo
1308 2655 1546 2726 quidam
1562 2671 1694 2709 cum
1712 2670 1888 2710 uxore
1901 2653 2185 2719 veniebat,

543 2748 714 2818 cujus
736 2745 1060 2803 mamillam
1085 2744 1278 2800 cancri
1306 2745 1545 2799 morbus
1570 2743 1974 2799 consumebat.
2001 2743 2188 2814 Roga-

542 2837 644 2892 bat
672 2852 809 2908 ergo
842 2835 1010 2890 illum
1041 2834 1128 2889 vir
1153 2835 1281 2904 ejus
1297 2837 1612 2888 utuxorem
1629 2849 1796 2888 suam
1814 2832 2190 2898 curaret.Qui

546 2943 679 2981 cum
697 2929 1054 2996 peccatorem
1073 2939 1133 2978 se
1149 2923 1450 2989 diceret,et
1464 2921 1559 2976 ind
1573 2923 1774 2993 ignum
1791 2923 1859 2977 ad
1876 2921 1986 2977 tale
2002 2926 2189 2976 atten-

545 3015 793 3070 tandum
815 3030 987 3085 opus,
1005 3014 1091 3067 vir
1108 3010 1205 3066 ille
1234 3010 1585 3082 persislebat
1603 3027 1799 3081 orans,
1820 3014 1882 3065 ut
1908 3013 2193 3065 annueret

544 3104 678 3173 sibi,
717 3103 1031 3174 uxorisque
1063 3119 1179 3156 sum
1216 3101 1607 3156 misereretur.
1643 3100 1786 3154 Cum
1821 3117 1952 3155 vero
2004 3099 2190 3170 impo-

544 3195 764 3250 suisset
793 3192 878 3248 illi
915 3208 1177 3260 manum,
1214 3190 1660 3262 mamillamque
1688 3189 2195 3262 signasset,conti-

545 3302 660 3340 nuo
694 3287 900 3339 sanata
933 3287 1040 3338 est.
1077 3282 1141 3336 Et
1171 3297 1237 3336 ex
1271 3285 1409 3335 tunc
1442 3279 1696 3352 plurima
1735 3281 1859 3350 jam
1894 3297 1996 3351 per
2026 3279 2191 3334 illum

544 3375 714 3446 signa
744 3374 898 3430 Deus
931 3375 1204 3443 operatus
1223 3377 1448 3436 esl,non
1485 3373 1712 3425 tantum
1738 3370 1796 3424 in
1820 3369 1935 3425 vita
1955 3384 2191 3435 sua,ve-

545 3481 678 3519 rum
711 3462 886 3519 etiam
928 3465 1061 3533 post
1094 3464 1358 3516 mortem.

1191 3566 1423 3624 CAPUT
1457 3565 1621 3626 LVII.

551 3663 688 3719 Mors
717 3660 985 3716 Simeonis
1027 3656 1451 3783 Slylilae,sftl{lte
1493 3655 1721 3712 Juliano
1777 3655 1966 3711 abbate
2023 3655 2196 3712 etiam

1325 3746 1354 3783 υ
1387 3747 1400 3782 z
1433 3745 1479 3783 e.

1322 3745 1479 3799 yme.

616 3829 1018 3902 Quadraginta
1038 3828 1153 3884 fere
1173 3826 1524 3882 milliaribus
1549 3826 1789 3897 aszgis
1813 3826 2043 3882 civitate
2062 3826 2195 3880 Cili-

547 3925 646 3980 cia:
680 3919 919 3994 Stylites
951 3922 1077 3974 erat
1109 3917 1345 3973 nomine
1375 3916 1647 3985 Simeon;
1679 3916 1772 3970 hic
1806 3916 2034 3987 fulgure
2065 3934 2196 3988 per-

547 4029 761 4068 cussus
783 4009 1024 4065 interiit.
1045 4007 1240 4062 Ahbas
1258 4022 1395 4076 ergo
1412 4005 1684 4059 Julianus
1702 4004 1936 4076 Stylites
1957 4006 2195 4076 presby-

547 4106 635 4158 ter
653 4103 861 4172 praeter
879 4097 1366 4153 consuetudinem
1387 4111 1557 4150 suam
1582 4093 1817 4149 insolito
1842 4098 2100 4165 tempore
2119 4095 2200 4149 di-

548 4194 632 4249 xit
663 4189 968 4264 discipulis
998 4188 1160 4244 suis:
1200 4186 1406 4242 Mittite
1438 4186 1765 4257 thymiama
1815 4187 1870 4241 in
1923 4187 2201 4242 thuribu-

553 4286 675 4340 lum
697 4281 954 4354 (ili).Qui
976 4280 1247 4334 dixerunt
1278 4279 1327 4333 ei
1355 4278 1490 4333 :Dic
1523 4278 1690 4334 nobis
1722 4280 2197 4347 causam,Pater;

553 4373 917 4441 orabantque
951 4373 1011 4424 ut
1039 4368 1256 4423 diceret
1286 4367 1388 4422 eis.
1424 4368 1610 4423 Senex
1633 4373 1828 4423 autem
1853 4369 2031 4424 dixit:
2058 4369 2204 4432 Quia

557 4462 728 4520 modo
749 4459 924 4514 frater
945 4474 1112 4512 meus
1130 4456 1364 4512 Simeon
1384 4473 1416 4510 a
1435 4456 1666 4528 fulgure
1685 4457 1943 4527 dejectus
1961 4458 2200 4526 interiit,

556 4556 615 4607 et
643 4566 772 4604 ecce
805 4545 1016 4602 transit
1045 4545 1241 4600 anima
1272 4546 1399 4616 ejus
1427 4562 1560 4600 cum
1591 4545 1846 4617 tripudio
1871 4551 1927 4602 et
1949 4546 2206 4602 exsulta-

559 4641 736 4696 tione.
772 4637 1074 4692 Distabant
1109 4640 1302 4691 autem
1337 4636 1406 4689 ab
1433 4634 1677 4691 invicem
1715 4635 2068 4692 milliaribus
2091 4637 2206 4692 fere

557 4728 766 4801 viginti
797 4730 1069 4799 quatuor.

1155 4813 1386 4868 CAPUT
1422 4813 1610 4868 LVIII.

1132 4905 1265 4958 Item
1298 4903 1362 4958 de
1398 4904 1640 4958 Juliano.

639 4998 835 5054 Abbas
849 4994 1184 5066 Stephanus
1199 4992 1524 5059 Trichinas,
1547 4993 1882 5048 monasterii
1903 4995 2088 5050 sancti
2109 4994 2211 5049 Pa-

569 5089 645 5145 tri
679 5085 861 5144 nostri
877 5084 1040 5142 Sabze
1060 5082 1327 5151 antistes,
1347 5087 1403 5138 et
1426 5081 1532 5138 hoc
1550 5083 1619 5138 de
1646 5087 1964 5139 memorato
2006 5084 2212 5140 abbate

569 5179 802 5234 Juliano
833 5173 1041 5248 Slylita
1073 5171 1348 5241 narravit,
1381 5173 1532 5242 quod
1559 5172 1647 5227 leo
1672 5173 1841 5242 juxta
1863 5189 1998 5228 eum
2019 5173 2212 5228 locum

573 5269 630 5322 in
657 5285 768 5337 quo
796 5265 1132 5320 morabatur
1153 5262 1511 5334 apparuerit,
1539 5261 1945 5333 plurimosque
1966 5263 2216 5334 peregri-

574 5375 681 5413 nos
697 5361 751 5412 et
777 5354 1083 5426 indigenas
1110 5367 1315 5407 necare
1339 5350 1548 5406 solitus
1573 5351 1764 5407 fuerit.
1794 5352 1895 5407 Die
1918 5367 2053 5423 ergo
2071 5369 2213 5423 qua-

576 5447 709 5502 dam
726 5445 1015 5500 advocans
1039 5440 1395 5513 discipulum
1423 5457 1594 5495 suum
1621 5457 1815 5510 senex,
1841 5442 2214 5497 Pancratium

577 5535 832 5598 nomine,
852 5533 995 5588 dixit
1015 5532 1065 5586 ei
1084 5549 1095 5586 :
1115 5531 1272 5586 Vade
1298 5531 1478 5586 ferme
1501 5531 1614 5585 duo
1641 5530 1824 5585 millia
1845 5548 2125 5601 passuum
2145 5535 2215 5588 ad

577 5629 878 5690 Austrum,
913 5620 1291 5691 inveniesque
1313 5619 1428 5676 illic
1447 5620 2002 5691 leonemjacentem,
2023 5622 2113 5677 cui
2132 5623 2220 5677 di-

580 5731 714 5772 ces:
746 5709 998 5767 Humilis
1027 5708 1300 5764 Julianus
1334 5709 1390 5764 in
1424 5710 1659 5766 nomine
1689 5709 1828 5765 Jesu
1859 5709 2073 5766 Christi
2115 5713 2220 5769 filii

585 5802 684 5862 Dei
714 5795 1388 5858 viviﬁcantisomniatibi
1403 5798 1990 5871 praecipitutrecedas
2003 5799 2075 5857 ab
2111 5800 2220 5861 hac

2287 2000 2414 2055 dria
2430 2016 2720 2067 essemus,
2737 1997 2848 2055 tale
2865 1999 3141 2069 quiddam
3165 2015 3176 2054 ι
3199 1999 3698 2067 Sanctimonialis,
3719 2001 3940 2071 inquit,

2290 2089 2553 2161 quaedam
2587 2089 2828 2144 sedebat
2857 2088 2915 2143 in
2947 2089 3119 2144 domo
3152 2105 3259 2144 sua
3276 2088 3447 2144 vitam
3468 2089 3789 2145 solitariam
3819 2091 3940 2144 du-

2290 2195 2464 2246 cens;
2501 2177 2794 2249 salutique
2817 2195 2934 2233 suae
2958 2176 3125 2233 valde
3148 2177 3416 2244 sollicita,
3434 2178 3678 2249 jejuniis
3700 2196 3765 2234 ac
3785 2181 3943 2249 vigi-

2291 2269 2386 2325 liis
2402 2268 2889 2339 vacabatjugiter,
2903 2268 3236 2338 multasque
3252 2268 3500 2323 faciebat
3514 2267 3947 2339 eleemosynas.

2292 2359 2400 2414 Sed
2423 2359 2706 2414 bonorum
2727 2357 2994 2412 omnium
3014 2357 3493 2428 semperinvidus
3508 2358 3798 2423 diabolus,
3817 2364 3954 2413 tan-

2296 2453 2382 2504 tas
2413 2447 2470 2502 in
2501 2446 2724 2518 virgine
2757 2445 2998 2501 virtutes
3032 2463 3143 2501 non
3167 2447 3379 2515 ferens,
3413 2447 3792 2502 contraillam
3815 2447 3957 2519 pul-

2295 2554 2486 2594 verem
2520 2535 2809 2592 excitavit.
2848 2535 3098 2591 lmmisit
3129 2537 3285 2590 enim
3319 2535 3670 2592 adolescenti
3708 2537 3957 2592 cuidam

2299 2634 2526 2698 turpem
2563 2626 2634 2680 de
2666 2625 2766 2680 illa
2797 2625 3266 2696 diabolicamque
3289 2625 3649 2697 cupidinem.
3675 2625 3960 2681 Manebat

2300 2721 2493 2772 autem
2526 2715 2885 2771 extralimen
2918 2716 3046 2786 ejus
3079 2715 3605 2772 adolescens.Cum
3631 2733 3765 2787 ergo
3784 2715 3958 2786 virgo

2298 2805 2398 2861 illa
2432 2807 2604 2861 domo
2637 2822 2744 2860 sua
2775 2804 2948 2860 vellet
2966 2805 3186 2876 egredi,
3208 2809 3383 2876 atque
3401 2806 3470 2860 ad
3491 2805 3797 2861 ecclesiam
3817 2822 3959 2860 ora-

2301 2896 2477 2952 tionis
2495 2895 2682 2967 gratia
2701 2911 3025 2963 occurrere,
3048 2894 3370 2965 ingerebat,
3391 2894 3962 2951 seilliusoculisim-

2304 2985 2521 3057 probus
2555 2988 2610 3039 et
2627 2985 2892 3056 impurus
2909 2983 3266 3050 adolescens,
3287 2983 3566 3039 necillam
3582 2984 3774 3057 egredi
3791 2987 3928 3040 sine
3943 3015 3960 3024 -

2302 3076 2423 3144 bat,
2446 3074 2730 3129 amatoria
2749 3075 3016 3144 qumdam
3037 3073 3210 3128 verba
3238 3073 3584 3144 procacibus
3605 3075 3846 3129 nutibus
3867 3074 3960 3128 illi

2304 3165 2726 3230 insusurrans;
2760 3163 2902 3218 adeo
2924 3164 3115 3234 utjam
3143 3180 3256 3233 prze
3276 3162 3458 3218 nimia
3476 3163 3740 3218 molestia
3755 3163 3964 3218 adole-

2305 3255 2524 3309 scentis
2543 3258 2848 3325 cogeretur
2865 3253 3021 3322 virgo
3039 3253 3210 3308 domo
3230 3270 3334 3308 sua
3352 3270 3642 3325 nusquam
3663 3254 3963 3324 progredi.

2226 3337 2270 3401 C
2301 3343 2403 3398 Die
2438 3344 2617 3413 igitur
2648 3343 2903 3412 quadam
2938 3341 3100 3396 misit
3131 3341 3403 3397 ancillam
3425 3359 3593 3397 suam
3619 3344 3779 3414 virgo
3799 3343 3868 3396 ad
3895 3342 3966 3396 il-

2304 3431 2428 3487 lum
2465 3436 2529 3486 ut
2557 3431 2608 3486 ei
2640 3432 2856 3486 diceret
2882 3448 2892 3483 :
2915 3431 3332 3497 Veni,vocatte
3350 3431 3589 3487 domina
3615 3448 3763 3487 mea.
3797 3431 3967 3486 Abiit

2305 3536 2442 3593 ergo
2475 3521 2544 3575 ad
2580 3520 2740 3575 illam
2775 3521 3058 3592 gaudens,
3095 3525 3149 3574 et
3181 3525 3449 3592 stuprum
3473 3522 3839 3577 committere
3857 3538 3964 3593 ge-

2307 3610 2510 3665 stiens.
2537 3609 3011 3665 Sanctimonialis
3030 3625 3161 3664 vero
3180 3609 3416 3666 sedebat
3436 3610 3492 3665 in
3514 3610 3690 3666 cubili
3711 3627 3848 3678 suo;
3866 3610 3961 3666 in-

2306 3715 2506 3771 gresso
2522 3700 2704 3771 igitur
2723 3697 3074 3754 adolescenti
3092 3699 3169 3752 ait
3189 3716 3200 3753 :
3218 3699 3383 3754 Sede.
3401 3703 3661 3770 Cumque
3676 3700 3960 3756 sedisset:

2306 3790 2431 3854 Dic,
2465 3806 2563 3844 oro
2597 3792 2671 3854 te,
2706 3787 3114 3859 frater,inquit
3147 3787 3963 3856 illa,curitamihimolestus

2307 3895 2390 3946 es,
2411 3894 2516 3934 nec
2547 3876 2838 3950 permittis
2870 3894 2961 3932 me
2991 3878 3164 3932 domo
3197 3893 3325 3932 mea
3356 3878 3602 3949 egredi?
3633 3879 3964 3950 Respondit

2308 3968 2686 4024 adolescens:
2738 3967 2904 4032 Vere,
2958 3966 3215 4033 domina,
3268 3971 3321 4022 te
3370 3967 3621 4022 multum
3687 3985 3842 4035 amo,
3900 3974 3964 4024 ct

2311 4056 2544 4128 quando
2577 4059 2631 4110 te
2649 4055 2915 4127 inspicio,
2941 4059 3099 4110 totus
3121 4055 3178 4109 in
3199 4055 3282 4110 tui
3308 4056 3844 4127 concupiscentiam
3867 4057 3961 4111 in-

2309 4147 2600 4202 ﬂammor.
2618 4148 2750 4213 Qua:
2767 4146 2844 4200 ait
2860 4146 2927 4199 ad
2945 4145 3109 4199 illum
3131 4162 3141 4198 :
3160 4144 3445 4208 Quidnam
3467 4146 3518 4199 in
3538 4162 3626 4202 me
3642 4146 3962 4218 pulchrum

2310 4235 2530 4304 vidisti,
2564 4236 2701 4306 quia
2736 4235 2818 4289 sic
2850 4251 3014 4289 amas
3049 4251 3138 4288 me
3161 4234 3187 4288 ?
3210 4235 3305 4288 Ait
3335 4235 3712 4292 adolescens:
3747 4237 3966 4294 Oculos

2313 4331 2483 4381 tuos:
2517 4325 2631 4397 ipsi
2663 4325 2818 4379 enim
2841 4325 3200 4380 seduxerunt
3219 4341 3327 4380 me.
3357 4328 3533 4397 Virgo
3555 4343 3688 4382 vero
3711 4333 3775 4382 ut
3796 4329 3968 4383 audi-

2313 4417 2392 4469 vit
2420 4416 2557 4487 quia
2589 4415 2742 4469 oculi
2775 4416 2901 4485 ejus
2934 4413 3093 4468 illum
3135 4415 3781 4488 seduxissent,sumpto
3801 4418 3970 4474 radio

2316 4504 2560 4558 textorio
2593 4519 2722 4557 mox
2754 4501 2953 4557 oculos
2987 4503 3159 4557 eruit.
3191 4507 3309 4558 Hoc
3344 4507 3537 4559 autem
3563 4521 3695 4560 cum
3719 4505 3985 4563 vidisset.

2316 4592 2677 4662 adolescens,
2712 4591 2934 4646 eruisse
2975 4591 3201 4647 scilicet
3249 4591 3358 4648 sibi
3407 4593 3687 4664 virginem
3739 4596 3968 4664 oculos,

2237 4683 2284 4748 D
2317 4688 2706 4754 compunctus
2730 4682 2902 4737 corde
2935 4682 3078 4736 abiit
3110 4682 3167 4736 in
3201 4683 3484 4755 Scytbim,
3521 4684 3719 4756 ibique
3751 4689 3970 4743 saeculo

2324 4775 2689 4843 renuntians,
2724 4774 2963 4829 effectus
2995 4777 3084 4829 est
3113 4775 3564 4846 probatissimus
3614 4777 3968 4835 monachus.

2945 4888 3179 4944 CAPUT
3211 4888 3343 4946 LXI.

2720 4978 2836 5032 Vita
2867 4976 3079 5032 abbatis
3111 4977 3326 5034 Leontii
3365 4978 3579 5036 Cilicis.

2397 5076 2682 5133 Dicebant
2714 5074 2952 5147 quidam
2973 5075 3205 5130 Patrum
3222 5077 3292 5132 de
3306 5076 3510 5133 abbate
3529 5078 3761 5134 Leontio
3776 5078 3974 5149 Cilice,

2327 5168 2482 5238 quod
2514 5167 2570 5220 in
2589 5164 2864 5235 obsequio
2896 5164 3144 5220 dominae
3160 5171 3596 5223 nostraesancta:
3611 5167 3978 5241 Deigenitri-

2329 5261 2410 5315 cis
2444 5258 2620 5314 fuerit
2652 5256 3143 5326 ferventissimus,
3165 5274 3228 5313 ac
3250 5276 3350 5330 per
3377 5261 3768 5333 quadraginta
3785 5279 3976 5319 annos

2330 5368 2630 5423 nunquam
2663 5351 2734 5404 de
2764 5349 2923 5403 illius
2955 5349 3175 5420 templo
3210 5352 3533 5406 recesserit.
3582 5357 3717 5408 Erat
3773 5360 3970 5410 autem

2330 5459 2564 5512 semper
2596 5441 2756 5494 mirae
2789 5438 3118 5509 gravitatis,
3151 5442 3207 5494 et
3237 5439 3345 5494 sibi
3373 5441 3598 5512 jugiter
3637 5442 3972 5498 intendens.

2401 5531 2683 5586 Dicebant
2699 5532 2754 5584 et
2785 5527 2894 5582 hoc
2915 5529 2987 5583 de
3014 5526 3135 5595 illo,
3158 5529 3310 5598 quod
3329 5530 3376 5585 si
3394 5531 3633 5586 vidisset
3657 5548 3972 5602 pauperem

2329 5620 2657 5676 venientem
2691 5619 2760 5673 ad
2795 5632 2880 5687 se,
2914 5617 2963 5672 si
2999 5617 3235 5688 quidem
3274 5617 3369 5674 ille
3413 5623 3567 5675 esset
3617 5636 3822 5690 caecus,
3869 5637 3976 5691 per

2333 5727 2568 5767 manum
2601 5708 2683 5764 illi
2708 5706 3037 5780 porrigebat
3065 5705 3496 5780 eleemosynam
3524 5728 3538 5777 ;
3573 5708 3622 5765 si
3655 5714 3849 5765 autem
3882 5709 3972 5764 vi-

2331 5805 2498 5875 dens,
2521 5799 2776 5875 ponebat
2805 5802 2940 5856 ante
2978 5795 3171 5870 illum,
3221 5795 3374 5855 878
3424 5804 3527 5860 aut
3574 5801 3632 5857 in
3684 5798 3968 5858 columnas
