4180 6338
326 481 429 536 149

1645 468 1941 524 PRATUM
1981 466 2433 522 SPIRIUTALB.

3602 398 3620 433 κ
3680 400 3687 415 .

3638 466 3742 521 150

318 606 472 671 basi,
508 607 608 661 aut
637 604 695 658 in
755 616 1015 668 scamno,
1049 603 1152 658 aut
1184 599 1245 654 in
1294 594 1616 653 sanctuarii
1673 593 1975 666 gradibus.
2008 595 2062 662 Α
2095 589 2332 646 dalizari
2366 606 2478 645 non
2509 589 2801 652 debuisti;
2836 605 2973 646 nam
3032 590 3077 647 si
3130 589 3339 646 merita
3388 592 3445 646 et
3491 590 3739 663 gloriam

317 699 505 767 Atque
523 694 658 750 inde
686 692 846 747 illam
866 690 1109 747 tollebat
1126 687 1754 760 pauperInterrogatus
1772 686 1967 737 autem

315 801 343 838 a
374 799 556 839 sene:
588 782 794 851 Quare,
827 784 1018 846 Pater,
1052 795 1151 850 per
1181 792 1392 832 manus
1419 792 1534 831 non
1586 774 1691 828 das
1719 770 1968 827 eleemo-

314 891 491 946 synas
513 873 544 927 ?
565 871 904 944 respondit:
932 872 1171 941 Ignosce
1194 867 1336 922 mihi
1372 867 1538 921 Pater
1560 881 1575 926 :
1600 877 1786 934 neque
1808 860 1963 915 enim

2078 680 2276 736 fratris
2320 680 2404 735 tui
2437 680 2632 735 videre
2664 680 2852 751 cupis,
2887 684 3042 736 retro
3102 684 3463 751 convertere,
3496 685 3554 736 et
3583 681 3736 737 vide.

2078 769 2524 839 Conversusqne
2553 768 2699 823 vidit
2734 770 2968 825 fratrem
3002 787 3175 825 suum
3224 770 3564 825 crucifixum
3597 786 3733 827 cum

2080 859 2340 913 Domino.
2369 858 2568 927 Aitque
2600 858 2669 911 ad
2696 874 2826 913 eum
2854 859 2901 913 is
2935 860 3031 930 qui
3060 859 3143 913 illi
3168 864 3521 931 apparuerat
3549 874 3562 914 :
3586 860 3730 915 Ecce

313 978 415 1034 ego
449 978 582 1017 sum
610 961 706 1031 qui
735 959 896 1014 illam
922 958 1172 1029 praebeo,
1195 956 1295 1011 sed
1329 953 1570 1009 domina
1600 967 1731 1007 mea
1759 952 1967 1005 sancta
2076 948 2132 1002 in
2166 964 2278 1018 qua
2311 946 2499 1018 gloria
2542 947 2721 1002 frater
2761 952 2900 1003 tuus
2957 952 3064 1004 est.
3097 949 3369 1004 Glorifica
3415 964 3551 1021 ergo
3590 964 3725 1006 eum

313 1052 403 1107 Dei
434 1050 712 1123 genitrix,
744 1065 872 1121 quae
905 1052 961 1105 et
994 1064 1107 1114 me,
1138 1054 1195 1102 et
1222 1045 1357 1102 illos
1390 1043 1592 1101 nutrit.

972 1155 1202 1212 CAPUT
1232 1152 1404 1209 LXII.

308 1249 425 1304 Vita
453 1248 678 1304 abbati:
704 1245 968 1319 Stephani
997 1241 1333 1373 inqmsterii
1363 1242 1689 1297 {Eliotarum
1735 1235 1960 1310 presby-

1095 1333 1203 1373 era.

1095 1333 1182 1373 ενι
1191 1357 1203 1371 .

372 1408 651 1465 Narravit
680 1407 852 1464 nobis
884 1422 1039 1464 unus
1071 1424 1140 1463 ex
1178 1404 1421 1461 senibus
1472 1403 1542 1457 de
1589 1400 1799 1456 abbate
1828 1402 1954 1452 Ste-

306 1499 496 1572 phano
518 1499 860 1571 presbytero
885 1496 1225 1553 monasterii
1248 1490 1783 1561 rEIiotarum,quod
1820 1503 1953 1543 cum

301 1589 528 1643 sederet
549 1588 609 1642 in
635 1587 784 1643 cella
804 1604 932 1655 sua,
954 1585 1203 1641 immisit
1220 1584 1303 1639 illi
1326 1581 1709 1655 cogitationes
1729 1579 1954 1633 daemon

300 1678 497 1733 dicens
524 1695 538 1733 :
577 1678 821 1746 Recede,
858 1675 1004 1732 nihil
1036 1675 1194 1730 enim
1224 1674 1317 1729 hic
1350 1670 1602 1745 proﬁcis.
1634 1670 1819 1724 Senex
1849 1683 1951 1721 au-

300 1772 409 1820 tem
444 1766 690 1821 dicebat
719 1764 1003 1820 damoni:
1041 1764 1161 1818 Non
1195 1762 1370 1816 audio
1428 1764 1483 1815 te
1515 1758 1635 1813 scio
1662 1757 1818 1812 enim
1852 1753 1953 1825 qui

297 1870 394 1909 es:
427 1856 588 1910 ferre
618 1871 731 1909 non
766 1858 930 1926 potes
960 1857 1027 1909 ut
1057 1852 1272 1923 aliquis
1304 1849 1600 1917 salvetur;
1632 1846 1729 1902 sed
1782 1844 1951 1899 Chis-

298 1951 387 2001 tus
421 1945 614 2001 Filius
649 1943 744 2000 Dei
775 1943 885 1998 vivi
917 1943 1042 2013 ipse
1074 1946 1129 1997 te
1155 1944 1435 1997 conteret.

902 2049 1135 2106 CAPUT
1164 2048 1356 2104 LXIII.

984 2142 1054 2195 De
1091 2138 1274 2195 eodem
1286 2179 1298 2191 .

369 2232 668 2288 Dicebant
696 2230 768 2287 de
818 2230 1021 2286 eodem
1050 2230 1260 2284 abbate
1307 2224 1601 2297 Stephano
1635 2222 1790 2294 quod
1822 2237 1956 2277 cum

302 2322 526 2376 sederet
567 2321 627 2375 in
660 2319 805 2375 cella
835 2335 945 2375 sua
975 2322 1031 2374 et
1059 2317 1297 2388 legeret,
1324 2314 1483 2370 venit
1512 2313 1721 2367 iterum
1755 2310 1958 2365 diabo-

298 2410 385 2465 lus
411 2409 755 2476 visibiliter,
784 2408 1045 2479 dixitque
1075 2406 1166 2461 ei:
1202 2404 1443 2469 Recede,
1483 2400 1629 2457 nihil
1673 2400 1825 2455 enim
1862 2397 1957 2453 hic

298 2500 555 2571 proficis.
595 2500 759 2554 Tunc
790 2497 889 2553 ille
921 2495 1209 2551 damoni:
1242 2494 1300 2548 Si
1333 2492 1417 2547 vis
1451 2496 1514 2547 ut
1545 2490 1833 2555 recedam,
1869 2488 1957 2542 fac

295 2594 355 2643 ut
376 2589 431 2644 id
468 2590 529 2643 in
575 2605 689 2660 quo
721 2604 826 2659 ego
880 2587 1054 2643 sedeo
1105 2582 1387 2641 ambulet.
1421 2581 1860 2637 sedebatautem
1894 2577 1953 2631 in

294 2677 433 2734 sella
506 2677 789 2733 viminea.
849 2678 972 2743 Quo
1052 2674 1274 2741 audito,
1334 2674 1560 2727 dzemon
1642 2668 1954 2724 confestim

295 2767 493 2823 sellam
529 2767 703 2823 illam
736 2783 838 2838 per
864 2770 1046 2821 totam
1080 2763 1287 2820 cellam
1320 2760 1621 2818 ambulare
1668 2759 1822 2814 fecit.
1855 2758 1955 2813 Se-

297 2875 401 2913 nex
429 2862 641 2914 autem
672 2855 965 2928 aspiciens
1011 2854 1333 2910 versutiam
1381 2849 1683 2915 daemonis,
1717 2848 1799 2903 ait
1830 2847 1950 2902 illi:

295 2949 510 3022 Nempe
541 2948 825 3021 quoniam
860 2946 940 3001 ita
964 2944 1127 3002 velox
1159 2947 1214 2999 et
1246 2947 1475 2999 astutus
1525 2958 1608 3011 es,
1640 2956 1755 2994 non
1815 2937 1953 2992 hinc

294 3040 516 3096 recedo.
563 3038 855 3109 Factaque
886 3035 956 3091 ab
1005 3051 1071 3090 eo
1103 3033 1385 3099 oratione,
1419 3032 1645 3086 daamon
1693 3026 1947 3084 evanuit.

897 3142 1129 3201 CAPUL
1161 3142 1356 3198 LXIV.

967 3234 1043 3288 De
1078 3233 1297 3288 eodem.

2073 1036 2174 1107 qui
2206 1035 2495 1108 gloriﬁcat
2524 1051 2623 1091 eos
2654 1036 2753 1107 qui
2787 1053 2849 1091 se
2878 1036 3136 1110 diligunt
3168 1038 3227 1094 in
3258 1038 3515 1095 veritate.

2670 1153 2904 1211 CAPUT
2934 1157 3132 1211 LXVI.

2428 1256 2543 1311 Vita
2572 1254 2787 1311 abbatis
2809 1255 3092 1311 Theodosii
3110 1255 3377 1312 solitarii.

2133 1365 2327 1421 Abbas
2340 1366 2629 1421 Antonius
2645 1366 2999 1438 praapositus
3026 1367 3372 1423 monasterii
3388 1364 3735 1424 lEliotarum

2064 1456 2164 1524 qui
2198 1453 2371 1509 etiam
2406 1454 2549 1510 illud
2586 1456 2934 1525 aedificavit,
2957 1456 3213 1511 narravit
3236 1457 3403 1512 nobis
3428 1458 3498 1513 de
3526 1458 3735 1513 abbate

2061 1543 2408 1613 Theodosio,
2441 1545 2599 1615 quod
2642 1561 2817 1600 senex
2850 1546 2975 1616 ipse
3005 1545 3128 1601 haec
3177 1546 3247 1601 de
3307 1546 3498 1618 scipso
3531 1564 3733 1602 narra-

2062 1632 2197 1689 bat:
2232 1633 2582 1705 Priusquam
2618 1634 2689 1689 ad
2748 1634 2929 1689 vitam
2984 1634 3307 1690 solitariam
3360 1636 3730 1704 transissem,

2064 1722 2248 1776 factus
2272 1723 2329 1776 in
2364 1723 2583 1778 exstasi
2606 1723 2809 1793 aspexi
2840 1723 3035 1778 virum
3066 1725 3382 1794 quemdam
3408 1726 3575 1796 cujus
3593 1741 3730 1796 spe-

2061 1810 2178 1865 cies
2210 1810 2535 1867 claritatem
2584 1812 2731 1867 solis
2783 1812 3057 1869 vinceret.
3092 1812 3195 1868 Hic
3238 1818 3438 1869 tenens
3486 1830 3727 1870 manum

2062 1915 2248 1955 meam
2279 1900 2483 1967 :Veni,
2513 1900 2613 1968 ait,
2648 1901 2788 1971 quia
2821 1917 3081 1972 pugnare
3109 1906 3165 1956 et
3188 1901 3397 1957 luctari
3431 1908 3486 1958 te
3517 1920 3727 1959 conve-

1984 1971 2032 2035 B
2062 1990 2181 2055 nit;
2204 1994 2262 2044 et
2294 1989 2526 2045 induxit
2557 2006 2648 2045 me
2679 1990 2739 2045 in
2764 1971 3063 2046 theatrum
3098 1990 3337 2047 inﬁnitae
3364 1994 3724 2064 magnitudi-

2071 2077 2189 2135 nis.
2213 2079 2423 2150 Aspexi
2457 2084 2654 2135 autem
2697 2078 2986 2135 theatrum
3022 2080 3260 2151 plenum
3312 2081 3452 2137 viris
3508 2098 3578 2138 ex
3609 2100 3727 2139 una

2070 2172 2235 2239 parte
2264 2168 2514 2224 candido
2548 2169 2788 2235 amictu,
2821 2185 2891 2224 ex
2935 2168 3051 2224 alia
3083 2186 3212 2225 vero
3264 2171 3431 2242 nigro
3474 2172 3722 2228 vestitis.

2069 2255 2213 2312 Cum
2230 2273 2366 2329 ergo
2380 2258 2684 2329 injecisset
2698 2274 2789 2313 me
2804 2257 2861 2313 in
2878 2258 3169 2315 theatrum
3182 2259 3404 2328 aspicio
3416 2260 3606 2316 virum
3619 2261 3727 2316 mi-

2071 2359 2145 2397 rae
2174 2344 2606 2416 magnitudinis
2652 2344 3002 2417 Ethiopem,
3038 2345 3208 2416 cujus
3242 2350 3415 2416 caput
3456 2347 3727 2419 turpissi-

2069 2449 2229 2489 mum
2246 2435 2972 2506 penetrabatnubes.Tunc
2988 2435 3150 2490 aitad
3167 2436 3612 2506 mejuvenisille
3624 2437 3722 2508 qui

2070 2523 2213 2577 mihi
2234 2529 2616 2595 apparuerat:
2640 2528 2780 2579 Cum
2802 2525 2907 2579 hoc
2926 2523 3131 2579 luctari
3151 2529 3209 2579 te
3226 2530 3471 2596 oportet.
3490 2528 3607 2597 Ego
3621 2526 3723 2598 qui

2068 2618 2307 2682 aspectu
2326 2612 2433 2667 viri
2465 2612 2627 2667 illius
2652 2612 2875 2683 proceri
2899 2614 3138 2669 territus
3170 2630 3352 2682 eram,
3376 2619 3627 2670 tremere
3657 2633 3721 2671 ac

2067 2718 2275 2772 pavere
2297 2702 2461 2773 coepi,
2481 2702 3121 2774 orabamquejuvenem
3138 2702 3302 2758 illum
3322 2704 3720 2775 splendidum,

2066 2791 2166 2861 qui
2203 2807 2294 2846 me
2321 2791 2632 2846 induxerat
2664 2790 3054 2858 intbeatrum,
3087 2792 3325 2847 dicens:
3360 2793 3499 2859 Quis
3530 2793 3719 2849 homi-

2067 2896 2206 2935 num
2233 2880 2465 2936 mortali
2484 2880 2818 2936 conditione
2842 2884 2899 2935 et
2923 2880 3271 2936 inﬁrmitate
3294 2882 3719 2955 circumdatus,

2064 2985 2198 3024 cum
2217 2969 2322 3025 hoc
2340 2967 2546 3025 luctari
2564 2968 2790 3039 posset?
2807 2969 2930 3024 Non
2950 2971 3145 3040 ipsum
3170 2970 3511 3025 universum
3536 2988 3723 3044 genus

2062 3059 2389 3115 humanum
2403 3101 2415 3125 ,
2432 3058 2479 3113 si
2496 3059 2555 3112 in
2575 3074 2757 3113 unum
2773 3057 3053 3128 confluat,
3070 3058 3208 3113 huic
3222 3059 3494 3116 resistere
3510 3078 3725 3132 praeva-

2063 3147 2275 3204 let.Ait
2308 3152 2505 3203 autem
2537 3148 2607 3202 ad
2638 3147 3091 3216 mejuvenisille
3110 3148 3722 3219 praeclaruszProrsus

2059 3253 2193 3292 cum
2227 3236 2324 3291 illo
2358 3242 2413 3291 te
2443 3235 2653 3291 luctari
2677 3252 2825 3308 opus
2864 3240 2973 3291 est.
3010 3237 3321 3305 Ingredere
3360 3237 3541 3308 igitur
3582 3254 3719 3293 cum

356 3328 498 3383 Tres
572 3341 742 3381 senes
798 3326 1086 3379 venerunt
1133 3322 1203 3377 ad
1263 3320 1533 3409 abbatem
1582 3315 1946 3409 Steph‘anurlfﬂ
1980 3338 2022 3409 ο
2061 3324 3189 3391 omnialacritateetﬁducia;moxenim
3212 3330 3275 3380 ut
3295 3326 3719 3383 tuillumador-

290 3416 725 3489 presbyterum,
741 3417 950 3468 etcum
973 3413 1409 3484 perseverarent
1429 3408 1729 3479 loquentes
1746 3405 1816 3461 de
1834 3404 1943 3459 uti-

288 3504 442 3562 litate
475 3505 721 3569 animze,
746 3503 977 3558 tacebat
1012 3500 1228 3556 senior.
1262 3498 1475 3554 Dicunt
1504 3496 1555 3552 ei
1589 3512 1780 3561 senes,
1814 3492 1937 3550 illi:

289 3594 434 3650 Nihil
468 3593 654 3650 nobis
702 3590 1044 3663 respondes,
1069 3588 1283 3644 Pater?
1306 3586 1580 3642 utilitatis
1619 3588 1808 3656 gratia
1849 3598 1940 3637 ve-

286 3684 475 3741 nimus
508 3684 591 3740 ad
624 3687 700 3739 te.
731 3682 894 3736 Tunc
926 3681 1007 3735 ait
1036 3678 1154 3733 illis
1181 3696 1193 3733 :
1238 3676 1526 3748 Ignoscite
1550 3674 1718 3741 mihi,
1751 3688 1940 3743 usque

288 3775 451 3828 modo
486 3788 611 3827 non
646 3766 1031 3826 animadverti
1064 3764 1205 3837 quid
1236 3763 1413 3820 locuti
1446 3761 1605 3828 sitis;
1637 3763 1936 3815 verumta-

288 3878 413 3917 men
448 3863 613 3933 quozl
646 3859 855 3925 habeo,
878 3856 989 3911 hoc
1013 3855 1141 3910 dico
1170 3852 1354 3908 vobis.
1380 3853 1497 3924 Ego
1521 3850 1614 3905 die
1645 3852 1939 3918 noctuque

289 3950 427 4006 nihil
459 3950 632 4006 aliud
686 3946 927 4020 aspicio,
953 3945 1069 4000 nisi
1104 3942 1412 4000 Dominum
1437 3943 1708 3997 nostrum
1731 3938 1937 3993 Jesum

287 4041 583 4098 Christum
609 4038 666 4093 in
700 4036 857 4109 ligno
881 4035 1253 4108 pendentem.
1270 4031 1431 4095 Quod
1450 4045 1581 4085 cum
1608 4027 1936 4091 audissent,

288 4128 539 4185 multum
578 4125 846 4183 aedificati
879 4126 1265 4181 recesserunt.

894 4211 1129 4271 CAPUT
1161 4209 1325 4267 LXV.

952 4305 1022 4359 De
1059 4301 1263 4357 eodem.

348 4397 550 4453 Abbas
568 4395 848 4461 Joannes,
863 4393 1250 4463 cognomento
1267 4387 1549 4459 Molybas,
1565 4383 1824 4439 narravit
1840 4398 1935 4437 no-

281 4486 364 4541 bis
395 4487 464 4542 de
494 4483 830 4541 venerando
860 4496 999 4537 sene
1029 4480 1142 4535 isto
1172 4479 1342 4534 beato
1372 4475 1667 4547 Stephano
1698 4472 1936 4545 presby-

281 4581 416 4645 tero,
449 4575 613 4648 quod
645 4589 778 4630 cum
812 4570 1128 4643 aliquando
1152 4568 1323 4639 jecur
1352 4566 1517 4622 illius
1548 4564 1802 4637 graviter
1841 4563 1930 4616 in-

284 4665 638 4731 firmaretur,
657 4679 724 4719 ex
754 4678 871 4733 qua
889 4659 1233 4715 inﬁrmitate
1255 4659 1459 4713 sancta
1479 4654 1581 4709 illa
1602 4652 1799 4708 anima
1817 4650 1926 4705 mi-

284 4754 462 4825 gravit
511 4772 548 4809 a
579 4769 841 4825 corpore,
874 4753 1189 4820 coegerunt
1221 4747 1388 4802 illum
1450 4742 1659 4800 medici
1692 4757 1926 4797 carnem

287 4847 660 4901 manducare.
677 4845 814 4899 Erat
835 4839 1125 4898 autemilli
1143 4840 1321 4895 frater
1340 4834 1639 4893 saecularis
1663 4833 1923 4905 quidam,

287 4934 380 4989 sed
410 4934 581 4990 valde
611 4932 881 5003 religiose
902 4935 959 4987 et
981 4929 1307 4985 secundum
1332 4927 1512 4982 Deum
1538 4924 1759 4979 vivens.
1791 4922 1925 4976 Fac-

284 5027 405 5079 tum
426 5029 516 5081 est
538 5027 738 5079 autem
762 5036 897 5078 cum
920 5035 1124 5075 carnes
1146 5016 1473 5073 comederet
1495 5013 1815 5086 presbyter,
1833 5026 1927 5064 su-

278 5114 537 5184 pervenit
567 5113 747 5168 frater
775 5112 904 5182 ejus
926 5105 1582 5177 sazcularis,vidensque
1603 5101 1770 5157 illum
1795 5115 1923 5155 ves-

278 5208 495 5259 centem
528 5202 830 5266 carnibus,
866 5196 1294 5254 scandalizatus
1334 5198 1423 5250 est
1478 5196 1531 5249 et
1589 5189 1758 5246 valde
1784 5205 1922 5244 con-

277 5291 559 5359 tristatus,
577 5292 731 5364 quod
755 5307 823 5347 ex
862 5292 1027 5344 tanta
1047 5285 1404 5342 abstinentia
1428 5288 1600 5355 atque
1624 5279 1925 5336 continen-

278 5380 357 5437 tia
384 5383 444 5438 in
477 5387 737 5440 extremo
765 5381 897 5437 vitae
928 5395 1044 5436 sua:
1076 5382 1339 5449 tempore
1369 5375 1442 5431 ad
1492 5371 1921 5431 comedendum

278 5484 473 5529 carnes
500 5471 808 5529 devolutus
839 5471 1013 5526 esset.
1048 5467 1181 5523 Mox
1209 5482 1346 5537 ergo
1399 5464 1459 5519 in
1491 5463 1674 5520 extasi
1706 5461 1919 5527 factus,

277 5558 409 5615 vidit
439 5562 757 5633 quemdam
785 5561 1079 5615 dicentem
1111 5554 1224 5612 sibi
1250 5572 1261 5609 :
1297 5557 1484 5620 Quare
1532 5553 1617 5609 sic
1647 5553 1717 5607 de
1749 5566 1916 5623 pres-

280 5646 472 5722 bytero
500 5649 927 5707 scandalizatus
957 5662 1041 5714 es,
1075 5645 1213 5716 quia
1238 5642 1405 5699 illum
1456 5644 1607 5699 vesci
1643 5640 1920 5697 carnibus

281 5736 516 5795 vidisti?
544 5740 746 5797 Nescis
773 5737 914 5811 quia
939 5733 1289 5792 necessitate
1319 5731 1684 5805 compulsus,
1709 5738 1763 5786 et
1786 5745 1919 5801 pro-

286 5827 406 5896 pter
432 5829 821 5888 obedientiam
852 5826 912 5883 id
940 5822 1121 5882 fecit?
1150 5822 1370 5895 Nempe
1404 5824 1711 5895 propterea
1742 5835 1918 5875 scan-

2061 3434 2165 3473 sus
2181 3417 2491 3488 fueris,ego
2504 3417 3174 3487 adjutoradero,tibique
3188 3417 3439 3472 victoriae
3452 3434 3716 3474 coronam

2057 3523 2358 3578 reponam.
2393 3506 2463 3561 Ut
2493 3522 2629 3577 ergo
2661 3506 2968 3577 ingressus
3000 3507 3070 3560 ad
3104 3511 3393 3561 certamen
3428 3523 3561 3562 sum
3593 3507 3713 3563 luc-

2056 3596 2280 3667 tarique
2304 3595 2550 3650 invicem
2582 3594 2892 3665 cuapimus,
2924 3594 3200 3651 continuo
3254 3594 3566 3667 praeclarus
3612 3596 3709 3652 ille

2048 3685 2231 3754 judex
2263 3683 2446 3739 nostri
2505 3684 2819 3739 oeraminis
2878 3684 3084 3751 adfuit,
3122 3684 3382 3756 mihique
3429 3702 3705 3743 coronam

2053 3772 2234 3828 dedit.
2268 3775 2455 3844 Atque
2477 3772 2643 3844 plebs
2666 3771 2766 3826 illa
2788 3772 3057 3836 obscura,
3086 3772 3540 3845 [Ethiopumque
3558 3774 3707 3831 mul-

2052 3862 2243 3918 titudo
2274 3861 2483 3933 ingens
2533 3861 2821 3933 ejulantes
2862 3866 3263 3929 evanuerunt;
3291 3879 3426 3933 pars
3457 3880 3590 3920 vero
3612 3880 3704 3920 re-

2050 3950 2208 4021 liqua
2266 3952 2714 4007 candidatorum
2765 3949 2983 4022 gratias
3016 3949 3098 4004 illi
3159 3954 3216 4006 et
3258 3950 3464 4008 laudes
3494 3953 3706 4009 refere-

2048 4042 2209 4109 bant,
2229 4041 2329 4113 qui
2351 4058 2443 4098 me
2458 4042 2714 4113 juverat,
2729 4057 2794 4096 ac
2818 4039 3352 4112 praeclaravictoria
3365 4041 3702 4099 donaverat.

2635 4156 2871 4212 CAPUT
2902 4156 3124 4213 LXVII.

2704 4247 2777 4303 De
2799 4246 3003 4303 eodem.

2118 4355 2272 4410 880
2304 4360 2381 4412 De
2412 4355 2520 4410 hoc
2552 4354 2759 4410 abbate
2788 4354 3111 4411 Theodosio
3144 4355 3404 4412 solitario
3446 4356 3701 4414 narravit

2048 4445 2216 4499 nobis
2249 4446 2429 4500 abbas
2461 4444 2737 4515 Cyriacus
2767 4444 2896 4513 ejus
2927 4442 3273 4514 discipulus,
3308 4446 3463 4515 quod
3498 4445 3699 4517 trigin-

2048 4538 2101 4588 ta
2130 4534 2388 4605 quinque
2414 4549 2600 4588 annos
2631 4532 2814 4603 egerit
2845 4533 2901 4586 in
2935 4532 3277 4600 solitudine,
3310 4550 3542 4606 semper
3567 4539 3697 4604 post

2046 4621 2293 4677 biduum
2345 4622 2679 4691 comedens,
2714 4624 2771 4675 et
2819 4621 3045 4692 jugiter
3099 4621 3401 4678 silentium
3432 4639 3695 4695 servans,

1962 4716 2010 4777 D
2044 4727 2230 4781 neque
2263 4711 2334 4766 ad
2369 4710 2627 4783 aliquem
2660 4708 2941 4781 loquens;
2977 4713 3247 4766 czeterum
3296 4711 3347 4767 si
3394 4710 3555 4783 loqui
3594 4730 3696 4768 vo-

2036 4798 2269 4868 luisset,
2303 4799 2469 4871 signo
2502 4798 2699 4870 potius
2729 4815 2909 4870 quam
2938 4799 3114 4855 verbo
3146 4799 3442 4856 utebatur.
3476 4801 3593 4856 Hoc
3641 4806 3697 4857 et

2034 4905 2139 4961 ego
2171 4889 2311 4946 vidi.
2340 4889 2529 4945 Mansi
2561 4888 2719 4943 enim
2752 4888 2811 4943 in
2847 4888 3048 4944 eodem
3078 4888 3421 4945 Eliotarum
3456 4906 3692 4946 monas-

2035 4979 2180 5035 terio
2212 4978 2384 5035 annis
2418 4978 2641 5034 decem.

2600 5082 2830 5139 CAPUT
2863 5083 3111 5141 LXVIII.

2705 5174 2781 5228 De
2799 5172 3003 5230 eodem.

2101 5286 2182 5336 De
2212 5280 2421 5335 abbate
2452 5279 2779 5335 Theodosio
2802 5296 2933 5333 cum
2959 5277 3221 5335 audisset
3240 5279 3555 5339 Abramius
3578 5300 3683 5340 an-

2030 5369 2198 5426 tistes
2224 5373 2440 5425 sanctae
2457 5369 2651 5425 Mariae
2672 5385 2851 5433 novas,
2871 5368 3023 5439 quod
3046 5384 3157 5422 non
3178 5368 3418 5427 haberet
3438 5371 3684 5443 pallium

2031 5475 2146 5531 quo
2165 5459 2357 5514 hieme
2374 5463 2658 5524 uteretur,
2680 5456 2825 5512 emit
2842 5455 2947 5509 illi.
2969 5456 3129 5519 Quod
3156 5462 3467 5531 postquam
3488 5462 3686 5518 senior

2032 5549 2275 5621 accepit,
2295 5549 2547 5620 quadam
2571 5546 2663 5601 die
2682 5562 2812 5600 cum
2834 5544 3191 5602 obdormiret
3214 5549 3563 5619 (dormiebat
3585 5569 3683 5606 au-

2030 5643 2146 5693 tem
2181 5637 2239 5692 in
2264 5638 2411 5693 cella
2441 5635 2662 5706 senex),
2682 5633 3076 5690 ascenderunt
3124 5635 3401 5707 latrones,
3428 5643 3484 5693 et
3503 5636 3680 5695 exue-

2030 5731 2168 5782 runt
2198 5725 2363 5782 illum
2398 5724 2601 5799 pallio,
2634 5724 3037 5795 abeuntesque
3080 5741 3280 5782 secum
3331 5726 3476 5781 illud
3524 5726 3682 5783 tule-

2029 5819 2185 5873 runt.
2221 5817 2343 5882 Quo
2375 5815 2545 5886 facto,
2581 5811 2728 5869 nihil
2762 5812 3000 5870 omnino
3033 5812 3264 5871 locutus
3294 5817 3383 5871 est
3413 5830 3609 5872 senex.
