4180 6338
498 382 597 443 151
1696 395 1789 448 DE
1829 391 2018 447 VITIS
2053 388 2353 446 PATRUM
2390 389 2604 445 LIBER
2640 391 2711 444 Χ.
3794 375 3887 435 152

1100 515 1325 571 CAPUT
1354 514 1547 572 LXIX.
2174 512 2231 581 Α
2331 513 2486 570 Dixit
2536 513 2787 571 iterum:
2836 512 3229 569 Observemus
3285 506 3686 581 cogitationes,
3742 506 3887 578 quod

507 620 630 679 Vita
652 619 871 677 abbatis
892 621 1160 689 Palladii,
1179 627 1232 679 et
1253 623 1401 703 ,ςεηίέ
1426 624 1912 703 Thessalonicensis
1934 624 2155 681 inclusi.
2264 604 2771 703 τηςίῖίεθωφξιωηξ
2795 603 3006 703 {elutis
3037 609 3144 658 εει·
3219 694 3228 703 ⁸
3458 688 3513 703 η
3614 691 3624 703 ,
3717 686 3754 703 ν

1105 685 1333 752 nomine
1362 697 1559 752 David.
2337 694 2495 750 Idem
2528 695 2711 751 abbas
2740 693 3051 761 Palladius,
3075 694 3309 762 rogatus
3331 688 3550 746 anobis
3568 691 3634 743 ut
3654 685 3892 742 aedifica-

2264 784 2443 840 tionis
2474 790 2686 840 nostrae
2715 800 2892 839 causa
2922 783 3140 838 diceret
3164 779 3332 837 nobis
3375 796 3492 851 qua
3521 777 3743 833 ratione
3772 776 3893 848 qui-

2268 873 2496 945 busque
2518 874 2970 946 cogitationibus
2990 874 3057 928 ad
3077 869 3467 927 monasticum
3489 871 3709 924 statum
3723 882 3895 921 acces-

2268 963 2480 1032 sisset;
2514 969 2637 1020 erat
2668 969 2862 1019 autem
2897 980 3074 1020 senex
3096 957 3655 1027 Thessalonicensis,
3686 961 3741 1012 et
3768 972 3896 1011 nar-

2268 1054 2419 1109 ravit
2447 1054 2637 1125 nobis,
2671 1055 2911 1111 dicens:
2945 1056 3006 1108 In
3040 1052 3276 1125 regione
3306 1066 3436 1106 mea
3465 1064 3641 1104 senex
3670 1044 3895 1117 quidam

2269 1148 2430 1199 extra
2456 1161 2656 1203 muros
2688 1144 2938 1200 civitatis
2970 1143 3140 1216 quasi
3172 1140 3379 1198 stadiis
3427 1138 3616 1195 tribus
3648 1136 3897 1191 inclusus

2269 1238 2392 1290 erat
2414 1251 2481 1290 ex
2502 1233 2942 1306 Mesopotamia,
2960 1231 3195 1288 nomine
3229 1227 3432 1297 David;
3456 1225 3768 1283 virtutibus
3784 1224 3897 1279 val-

2268 1323 2338 1378 de
2361 1322 2961 1391 ornatus,misericors
2993 1326 3046 1378 et
3068 1313 3706 1387 continens.Transegit
3725 1317 3900 1369 autem

2268 1414 2326 1468 in
2360 1412 2571 1469 cellula
2603 1413 2869 1469 inclusus
2901 1415 3017 1468 fere
3049 1428 3235 1467 annos
3265 1407 3591 1479 octinginta
3618 1405 3791 1472 [Alias
3820 1419 3901 1458 se-

2268 1502 2617 1574 ptuaginta].
2639 1502 2924 1566 Quoniam
2955 1518 3088 1557 vero
3120 1504 3355 1573 propter
3386 1500 3613 1553 metum
3639 1494 3901 1550 barbaro-

2268 1608 2397 1646 rum
2417 1594 2586 1647 nocte
2603 1592 2755 1646 muri
2782 1590 3033 1646 civitatis
3052 1588 3534 1645 custodiebantur
3556 1602 3588 1639 a
3609 1582 3900 1646 militibus,

2266 1680 2326 1735 hi
2361 1681 2461 1752 qui
2488 1681 2650 1737 illam
2683 1681 2835 1736 muri
2885 1686 3108 1753 partem
3159 1676 3571 1743 observabant,
3604 1690 3729 1745 qua:
3758 1671 3903 1728 senis

2267 1769 2537 1825 cellulam
2562 1770 2933 1841 respiciebat,
2950 1775 3116 1825 nocte
3139 1768 3390 1840 quadam
3412 1767 3763 1837 aspexerunt
3779 1761 3904 1833 quia

2276 1876 2342 1915 ex
2365 1859 2636 1915 fenestris
2660 1858 2883 1915 cellulae
2915 1859 3069 1931 ignis
3101 1857 3530 1927 egrediebatur.
3565 1854 3905 1909 Putaverunt

2272 1953 2469 2004 autem
2502 1948 2721 2004 milites
2753 1949 3035 2005 barbaros
3064 1947 3121 2002 in
3156 1946 3360 2003 cellam
3394 1946 3555 2001 senis
3602 1941 3903 2015 ingessisse

2272 2039 2493 2111 ignem.
2534 2039 2698 2094 Mane
2729 2043 2922 2094 autem
2957 2040 3128 2106 facto,
3162 2036 3414 2110 ingressi
3445 2034 3662 2109 milites
3692 2034 3905 2089 invene-

2274 2132 2412 2184 runt
2438 2132 2494 2184 et
2524 2146 2721 2185 senem
2756 2128 3028 2197 illaesum,
3062 2132 3119 2183 et
3151 2126 3359 2182 cellam
3409 2125 3652 2181 omnino
3699 2124 3904 2178 incom-

2272 2220 2507 2274 bustam
2542 2224 2599 2275 et
2643 2220 3089 2290 obstupuerunt.
3136 2218 3365 2277 Rursus
3421 2215 3606 2287 igitur
3657 2211 3905 2284 sequenti

2272 2312 2441 2363 nocte
2483 2308 2755 2363 eumdem
2804 2307 3153 2380 aspicientes
3202 2307 3420 2378 ignem,
3455 2302 3902 2360 admirabantur.

2270 2397 2394 2452 Non
2410 2397 2595 2452 solum
2612 2402 2799 2453 autem
2814 2397 3078 2468 sequenti
3097 2401 3260 2453 nocte
3274 2396 3426 2468 ignis
3441 2394 3592 2451 881
3612 2394 3669 2448 in
3683 2391 3908 2448 cellase-

2273 2488 2365 2543 nis
2381 2487 2673 2560 apparuit,
2686 2505 2885 2544 verum
2902 2493 2956 2544 et
2972 2487 3155 2543 multo
3168 2491 3451 2559 tempore,
3470 2486 3551 2541 ita
3564 2488 3628 2540 ut
3642 2482 3903 2539 universae

2273 2577 2493 2633 civitati
2520 2578 2896 2634 manifestum
2924 2578 3141 2632 factum
3166 2574 3729 2646 fuerit,plurimique
3750 2576 3904 2627 nocte

2273 2666 2334 2720 in
2368 2682 2532 2721 muro
2565 2682 2716 2737 saepe
2763 2665 3081 2737 vigilarint,
3114 2664 3469 2737 inspiciendi
3516 2664 3670 2736 ignis
3697 2661 3894 2735 gratia.

2272 2755 2450 2810 Visus
2476 2759 2671 2811 autem
2706 2756 2860 2828 ignis
2891 2755 2989 2811 ille
3018 2771 3207 2827 usque
3237 2755 3309 2811 ad
3341 2753 3571 2811 obitum
3605 2753 3775 2809 senis.
3799 2751 3905 2806 Hoc

2276 2858 2381 2914 ego
2412 2842 2696 2899 miraculo
2721 2861 2834 2899 non
2864 2844 3045 2900 semel
3070 2850 3127 2899 et
3152 2844 3261 2913 bis,
3281 2844 3381 2899 sed
3401 2843 3620 2915 saepius
3641 2842 3906 2913 inspecto,

2275 2932 2391 2987 dixi
2425 2932 2483 2987 in
2517 2948 2610 2988 me
2638 2933 2797 3005 ipso:
2834 2934 2892 2990 Si
2923 2934 2981 2988 in
3014 2934 3125 2989 hoc
3153 2934 3367 2989 sarculo
3410 2938 3635 2988 tantam
3674 2929 3901 3003 gloriam

2276 3022 2459 3078 servis
2490 3022 2614 3077 suis
2646 3022 2894 3095 largitur
2923 3023 3099 3090 Deus,
3124 3027 3403 3095 quantam
3429 3026 3606 3093 putas
3629 3021 3711 3076 eis
3737 3035 3903 3074 reser-

2276 3110 2433 3167 vavit
2464 3111 2521 3166 in
2555 3111 2772 3179 futuro,
2806 3113 3042 3184 quando
3069 3117 3125 3167 ct
3155 3111 3389 3168 illorum
3417 3112 3597 3167 facies
3618 3109 3906 3181 fulgebunt

2278 3204 2345 3256 ut
2366 3198 2484 3255 sol?
2502 3201 2617 3255 Ista
2636 3200 2803 3270 mihi,
2822 3201 3193 3269 ﬁlioli,causa
3214 3201 3440 3257 exstitit
3466 3198 3778 3272 arripiendi
3794 3213 3904 3252 mo-

2276 3289 2565 3346 nasticum
2588 3289 2940 3360 babitum,et
2962 3290 3114 3347 hanc
3132 3290 3632 3349 conversationem
3648 3286 3899 3360 eligendi.

2887 3409 3111 3466 CAPUT
3142 3410 3304 3465 LXX.

2443 3498 2564 3553 Vita
2594 3498 2851 3554 monachi
2879 3499 3059 3556 Addas
3087 3500 3516 3571 Mesopowmeni
3543 3501 3756 3556 inclusi.

2348 3587 2589 3644 Dicebat
2608 3593 2666 3645 et
2686 3589 2796 3645 hoc
2817 3589 2986 3646 nobis
3005 3606 3200 3659 senex,
3223 3590 3378 3662 Quod
3407 3596 3543 3663 post
3562 3592 3714 3647 hunc
3735 3590 3901 3646 abba-

2274 3680 2392 3731 tem
2427 3677 2603 3733 David
2627 3678 2784 3735 venit
2809 3684 2864 3734 et
2882 3678 3035 3735 alius
3068 3680 3414 3751 monachus,
3437 3682 3674 3737 nomine
3704 3680 3901 3747 Addas,

2274 3770 2331 3821 et
2352 3766 2477 3837 ipse
2495 3767 2565 3823 de
2583 3767 3020 3840 Mesopotamia,
3037 3772 3092 3824 et
3108 3770 3368 3841 seipsum
3388 3770 3634 3827 inclusit
3657 3771 3722 3827 ad
3742 3771 3902 3826 aliam

2277 3859 2503 3925 partem
2536 3856 2811 3926 civitatis,
2838 3858 2898 3912 in
2931 3860 3183 3929 quadam
3217 3875 3427 3931 magna
3466 3861 3724 3933 platano,
3756 3858 3901 3915 fecit-

2276 3961 2390 4017 que
2422 3945 2533 4001 sibi
2565 3946 2903 4017 fenestram,
2935 3963 3003 4003 ex
3029 3963 3146 4019 qua
3177 3948 3349 4016 etiam
3382 3966 3519 4007 cum
3561 3949 3903 4007 advenienti-

2272 4034 2387 4089 bus
2418 4034 2873 4106 colloquebalur.
2908 4036 3049 4093 Cum
3085 4054 3221 4110 ergo
3250 4039 3555 4096 venissent
3584 4038 3826 4106 barbari,
3852 4039 3904 4092 et

2270 4140 2501 4180 omnem
2522 4125 2879 4196 provinciam
2901 4127 3140 4198 praedati
3166 4132 3381 4196 essent,
3397 4131 3677 4203 contingit
3697 4145 3790 4185 eos
3812 4142 3902 4200 per

2271 4211 2464 4267 locum
2498 4211 2667 4268 illum
2698 4216 2968 4271 transire.
3003 4215 3267 4288 Cumque
3316 4234 3472 4274 unus
3526 4235 3593 4275 ex
3623 4219 3703 4274 eis
3747 4232 3900 4273 cons-

2271 4306 2435 4373 pecto
2467 4319 2626 4372 sene,
2657 4302 2916 4375 gladium
2948 4305 3263 4373 eduxisset,
3300 4317 3362 4362 ut
3392 4307 3562 4365 illum
3606 4308 3896 4373 occideret,

2269 4390 2562 4447 sublatam
2594 4391 2653 4447 in
2688 4392 2940 4449 sublime
2973 4411 3213 4450 manum
3245 4399 3307 4450 ut
3357 4397 3577 4467 feriret,
3610 4396 3898 4453 demittere

2266 4480 2546 4553 nequivit,
2580 4481 2679 4537 sed
2704 4498 2771 4538 ea
2790 4499 3079 4555 suspensa
3106 4483 3424 4542 immobilis
3454 4488 3726 4559 perstitit.
3750 4483 3898 4549 Quod

2270 4586 2403 4625 cum
2454 4575 2761 4627 cernerent
2800 4571 3037 4628 barbari
3084 4574 3293 4641 caeteri,
3327 4576 3603 4633 admirati
3636 4576 3899 4649 rogabant

2272 4676 2469 4715 senem
2504 4664 2569 4715 ut
2598 4660 2825 4717 socium
2853 4678 3053 4718 eorum
3083 4669 3329 4721 curaret.
3364 4666 3553 4723 Senex
3581 4667 3773 4739 igitur,
3795 4666 3898 4719 fac-

2271 4752 2327 4803 ta
2359 4749 2641 4818 oratione,
2675 4751 2897 4807 curavit
2924 4767 3080 4823 eum,
3113 4757 3170 4809 et
3200 4753 3281 4809 ita
3309 4754 3532 4812 dimisit
3556 4756 3613 4813 in
3645 4771 3796 4828 pace.

2839 4860 3070 4917 CAPUT
3129 4861 3320 4918 LXXI.

2266 4945 2568 5002 Pulchrum
2593 4946 2816 5025 dictum
2837 4947 3130 5025 homicida:
3169 4951 3247 5005 ad
3298 4953 3633 5025 monachum
3663 4953 3757 5025 qui
3781 4966 3893 5007 eum

2416 5019 2752 5089 sequebatur
2778 5021 2911 5076 dum
2940 5022 3231 5077 duceretur
3257 5024 3327 5078 ad
3355 5019 3748 5081 decollanddm.

2332 5116 2600 5172 Narravit
2629 5117 2799 5173 nobis
2828 5118 3040 5174 iterum
3070 5120 3224 5176 idem
3255 5122 3435 5179 abbas
3468 5123 3779 5191 Palladius,
3809 5120 3888 5175 di-

2260 5223 2419 5273 cens,
2450 5206 2607 5276 quod
2638 5206 2696 5261 in
2722 5208 3049 5277 Arsenoite,
3074 5226 3200 5281 qua:
3227 5210 3429 5268 civitas
3449 5213 3753 5270 Thebaidis
3785 5215 3883 5279 est,

2258 5300 2455 5351 tentus
2489 5295 2663 5351 fuerit
2692 5296 2931 5367 quidam
2968 5298 3266 5355 homicidii
3298 5318 3471 5371 reus;
3506 5304 3603 5375 qui
3636 5318 3764 5359 cum
3794 5299 3884 5356 diu

573 817 944 875 Perreximus
968 836 1081 875 una
1104 835 1208 892 ego
1250 824 1306 876 et
1346 820 1624 876 dominus
1661 819 2025 893 Sephronius
2058 822 2158 876 So-

495 906 1063 981 phista,priusquam
1080 909 1745 980 sacculorenuntiaret,in
1762 911 1963 967 Alexan
1976 911 2159 968 driam

497 996 570 1052 ad
611 996 880 1052 abbatem
907 996 1255 1067 Palladium,
1297 999 1486 1055 virum
1535 1008 1828 1065 sanctum,
1868 1005 1922 1056 et
1962 1016 2159 1055 verum

497 1101 729 1141 servum
745 1085 868 1156 Dei,
886 1087 984 1159 qui
1014 1088 1434 1143 monasterium
1456 1105 1629 1144 suum
1652 1088 1988 1144 habebatin
2013 1089 2161 1145 The-

497 1172 801 1230 lazomeno
834 1174 1929 1249 [GraeceAzeacéuavov].Cumqueillum
1947 1178 2164 1250 pariter

496 1262 963 1335 deprecaremur,
990 1269 1055 1319 ut
1078 1265 1318 1321 verbum
1344 1267 1511 1321 nobis
1528 1266 1919 1323 adificationis
1944 1267 2162 1338 impen-

502 1352 686 1421 deret,
722 1351 898 1424 cmpit
922 1368 1098 1409 senex
1122 1352 1205 1409 ita
1231 1354 1301 1410 ad
1332 1372 1437 1409 nos
1464 1354 1660 1426 loqui:
1692 1355 1898 1426 Filioli,
1927 1360 2159 1427 tempus

499 1440 627 1510 jam
650 1439 1052 1496 abbreviatum
1072 1445 1182 1511 est,
1201 1447 1492 1498 certemus
1518 1442 1613 1497 hic
1638 1444 1958 1514 modicum,
1986 1448 2160 1515 atque

506 1526 844 1584 laboremus
871 1533 935 1584 ut
966 1530 1402 1587 immortalibus
1431 1532 1603 1587 bonis
1635 1533 1692 1587 in
1720 1537 2004 1589 aeternum
2039 1550 2159 1603 per-

507 1616 792 1673 fruamur.
819 1618 1022 1674 Videte
1046 1624 1355 1693 martyres,
1376 1622 1567 1677 videte
1604 1621 1831 1694 pugiles
1873 1622 2156 1691 ccslestes,

508 1708 800 1778 quomodo
814 1707 1059 1764 viriliter
1074 1714 1133 1765 et
1152 1711 1376 1766 fortiter
1392 1718 1599 1767 cuncta
1616 1729 1681 1767 su
1692 1729 1895 1783 pcraru
1906 1716 1985 1769 nt.
2004 1714 2156 1778 Quos

506 1797 865 1867 praeteritum
899 1797 1132 1869 quidem
1168 1806 1396 1871 tempus
1442 1802 1697 1872 agnovit,
1728 1801 1929 1857 vivunt
1961 1806 2154 1857 autem

505 1902 738 1957 semper
755 1886 813 1942 in
840 1887 1123 1944 memoria
1138 1890 1586 1961 nostra,vixque
1607 1891 1749 1946 satis
1767 1891 2003 1946 illorum
2020 1891 2161 1947 tole-
2192 1878 2240 1944 B

505 1974 761 2030 rantiam
778 1976 1056 2032 admirari
1072 1993 1412 2049 possumus.
1429 1983 1790 2035 Attestantur
1804 1980 2164 2036 audientium

503 2062 1060 2137 singuli,stupentes
1075 2066 1146 2121 ad
1164 2070 1387 2122 tantam
1405 2068 1703 2124 beatorum
1720 2074 2041 2141 martyrum
2061 2087 2167 2141 pa-

502 2150 796 2222 tientiam,
812 2169 939 2224 quas
962 2170 1092 2210 vere
1115 2159 1385 2211 naturam
1419 2157 1644 2213 excedit
1666 2158 2167 2224 bumanam.Quo-

502 2256 637 2295 rum
652 2239 783 2297 aliis
799 2242 1034 2313 quidem
1050 2243 1247 2299 effossi
1262 2249 1402 2300 sunt
1424 2246 1598 2313 oculi,
1616 2246 1689 2302 ali
1702 2247 1749 2303 is
1768 2248 1959 2303 excisa
1974 2265 2164 2317 crura,

505 2327 627 2384 illis
652 2335 969 2402 amputatae
1002 2348 1236 2401 manus,
1272 2332 1402 2390 istis
1427 2335 1675 2391 abscissi
1708 2337 1908 2408 pedes.
1935 2339 2002 2393 Et
2034 2336 2166 2393 illos

507 2418 745 2489 quidem
761 2418 917 2491 ignis
932 2426 1169 2493 repente
1184 2424 1559 2496 consumpsit,
1580 2425 1722 2481 istos
1740 2430 1935 2482 autem
1950 2426 2168 2482 lentius

515 2506 796 2577 adurens,
814 2508 914 2564 diu
927 2510 1236 2566 cruviavit.
1254 2515 1445 2583 Atque
1461 2512 1608 2570 alios
1626 2514 1904 2570 nimirum
1924 2517 2167 2587 profun¢

512 2596 656 2651 dum
674 2598 853 2653 maris
867 2599 1115 2670 excepit,
1133 2599 1277 2656 alios
1294 2600 1369 2655 {lu
1382 2602 1538 2658 mina
1553 2604 2006 2672 absorbuerunt;
2025 2604 2169 2661 alios

508 2683 649 2741 item
666 2686 921 2742 ferarum
937 2688 1353 2758 dentes,veluti
1381 2690 1782 2749 malefactores
1805 2694 2088 2764 quosdam
2116 2698 2172 2749 et

516 2772 851 2843 sceleratos,
869 2776 1431 2849 vivosacceperunt;
1461 2779 1607 2835 alios
1633 2781 1811 2837 variis
1833 2782 2170 2852 exquisitis-

509 2862 1411 2937 quesuppliciisprmmorluosin
1437 2868 1626 2924 cibum
1649 2875 1985 2942 aceperunt.
2002 2874 2173 2927 Crete-

504 2967 705 3008 rorum
722 2952 919 3008 omnia
934 2970 998 3009 co
1010 2959 1138 3011 utra
1152 2954 1283 3011 illos
1301 2955 1612 3014 bellatores
1626 2959 1727 3014 Dei
1743 2965 2168 3016 tormentorum

501 3042 1043 3115 generaexcogitata
1060 3044 1251 3102 dicere
1267 3062 1379 3101 non
1395 3050 2174 3123 possumus,quazsuggessit

505 3128 996 3202 humanigeneris
1014 3133 1096 3187 ini
1116 3132 1305 3189 micus
1337 3135 1588 3207 daemon,
1614 3136 1832 3193 invidia
1847 3144 2168 3212 martyrum

500 3217 766 3290 ipsorum
780 3219 1026 3279 etlivore
1044 3223 1425 3280 tabescens.0
1440 3242 1615 3297 quam
1631 3227 2160 3286 fortitersustinue-

502 3307 661 3365 runt!
678 3326 709 3365 ο
725 3314 946 3382 quanto
964 3310 1042 3367 ﬁd
1056 3312 1107 3367 ei
1122 3313 1330 3369 ardore
1343 3318 2156 3387 pugnaverunt,imbecillita—

507 3402 625 3454 tem
642 3398 901 3471 corporis
917 3401 1124 3457 animae
1140 3402 1355 3459 virtute
1370 3411 1740 3477 superantes,
1755 3412 1812 3463 et
1825 3425 1950 3480 quas
1964 3426 2157 3482 spera-

500 3490 713 3543 verunt
740 3489 1004 3560 praemia,
1028 3492 1416 3561 praesentibus
1456 3494 1758 3552 laboribus
1800 3498 2067 3570 digniora
2102 3504 2159 3555 et

509 3591 658 3648 onge
673 3577 1082 3636 excellentiora
1100 3582 1564 3653 capientes.Quaz
1582 3587 1833 3657 profecto
1848 3588 2046 3644 omnia
2060 3589 2094 3643 ti
2106 3606 2156 3643 r-

512 3664 759 3722 missam
774 3666 1081 3725 illorumin
1098 3674 1409 3742 utramque
1436 3678 1659 3744 partem
1688 3675 1862 3732 fidem
1889 3678 2160 3734 ostende-

511 3755 679 3813 bant.
703 3756 849 3814 Hinc
880 3759 1139 3831 quidem,
1167 3762 1303 3834 quia
1335 3762 1671 3822 laborantes
1702 3768 2021 3840 modicum,
2040 3769 2157 3825 exi-

517 3845 655 3902 miis
686 3846 856 3903 bonis
890 3848 948 3904 in
982 3854 1263 3906 aeternum
1289 3854 1846 3924 perfruuntur,inde
1866 3874 1998 3913 vero
2022 3858 2161 3929 quia

514 3934 812 3993 horrenda
832 3940 1179 4011 corporibus
1198 3941 1433 3997 illorum
1460 3944 1684 4000 invecta
1706 3946 2014 4017 supplicia,
2034 3965 2159 4019 quae

510 4024 790 4083 inimicus
823 4033 1022 4084 noster
1054 4029 1327 4087 diabolus
1358 4031 1608 4103 induxit,
1642 4033 1958 4091 fortissime
1989 4039 2161 4092 susti-

510 4120 791 4170 nuerunt.
827 4116 887 4171 Si
919 4116 1098 4187 igitur
1128 4118 1537 4176 tribulationes
1569 4120 1902 4190 toleremus,
1938 4129 1995 4179 et
2023 4141 2157 4181 cum

508 4201 607 4257 Dei
637 4202 830 4273 gratia
856 4202 1337 4274 vincamus,vere
1360 4207 1461 4264 Dei
1491 4214 1781 4266 amatores
1805 4211 2154 4283 invenimur,

513 4291 788 4363 Deusque
819 4292 1125 4349 nobiscum
1155 4301 1266 4364 est,
1300 4314 1566 4369 pugnans
1596 4301 1722 4372 ipse
1770 4302 1829 4357 in
1881 4304 2072 4373 nobis,
2104 4314 2158 4361 et

500 4381 767 4448 vincens,
796 4380 1145 4456 laboresque
1179 4387 1352 4444 nobis
1400 4406 1465 4446 ac
1512 4392 1755 4448 sudores
1799 4394 2156 4466 dignationis

505 4488 625 4530 δαῖε
657 4471 844 4544 gratia
887 4472 1166 4532 allevans.
1200 4477 1463 4536 Scientes
1519 4482 1720 4554 igitur,
1754 4484 1939 4552 ﬁlioli,
1999 4489 2156 4560 quali

506 4563 841 4635 operatione
868 4568 924 4621 et
954 4568 1353 4639 expectatione
1410 4576 1644 4644 tempus
1675 4574 1918 4646 indiget,
1950 4578 2154 4651 digno-

512 4668 748 4709 scemus
780 4670 886 4709 nos
916 4653 1078 4727 ipsos
1111 4673 1212 4728 per
1234 4658 1483 4731 quietem
1521 4662 1917 4723 etsilentium.
1952 4670 2014 4723 In
2047 4668 2157 4726 hoc

507 4741 667 4798 enim
730 4741 960 4799 indulto
1007 4746 1176 4802 nobis
1230 4754 1516 4820 tempore,
1549 4768 1787 4809 necesse
1815 4760 1904 4811 est
1935 4774 2040 4813 nos
2072 4760 2157 4814 uti

510 4832 667 4888 bona
697 4835 757 4887 et
812 4832 1091 4904 praeclara
1148 4853 1255 4909 ope
1304 4838 1681 4910 paenitentiae,
1715 4847 1779 4898 ut
1808 4845 1908 4900 Dei
1939 4847 2158 4919 templa

503 4938 632 4978 esse
665 4939 1032 4994 mereamur;
1067 4942 1256 4999 neque
1312 4928 1466 4984 enim
1527 4932 1795 4989 modicus
1852 4940 1909 4990 et
1966 4937 2156 4995 brevis

505 5009 693 5069 honor
722 5013 893 5069 nobis
926 5013 986 5069 in
1018 5014 1214 5072 futuro
1245 5018 1459 5074 saeculo
1484 5025 2043 5094 recompensabitur.

575 5100 731 5158 Dixit
760 5102 975 5158 iterum
1003 5121 1015 5160 :
1042 5104 1329 5162 Memores
1360 5124 1594 5181 semper
1622 5112 1778 5167 illius
1810 5114 2021 5185 simus,
2053 5117 2151 5187 qui

2191 4618 2237 4683 D

500 5205 617 5246 non
637 5191 845 5247 habuit
861 5193 959 5249 ubi
984 5199 1158 5267 caput
1180 5195 1488 5253 reclinaret
1510 5201 1728 5268 (Matth.
1745 5204 1885 5275 vm).
1911 5205 2008 5260 Ait
2028 5223 2150 5261 rur-

499 5294 602 5335 sus
632 5279 759 5351 ipse
808 5282 1039 5339 senior:
1073 5283 1382 5353 Quoniam,
1406 5287 1578 5357 juxta
1620 5290 1865 5348 Paulum
1914 5300 2149 5366 aposto-

498 5364 645 5438 lum,
668 5369 968 5426 tribulatio
998 5372 1341 5443 patientiam
1375 5381 1649 5448 operatur
1678 5380 1853 5450 (Rom.
1879 5364 2145 5453 \'),_lacia-

498 5472 633 5511 mus
665 5462 921 5514 mentem
945 5465 1208 5518 nostram
1240 5480 1510 5535 capacem
1536 5468 1699 5538 regni
1722 5469 2020 5526 oculorum.
2048 5474 2145 5530 Ait

493 5544 750 5603 iterum:
785 5546 997 5615 Filioli,
1026 5566 1140 5606 non
1182 5552 1499 5625 diligamus
1534 5558 1847 5629 mundum,
1868 5576 2053 5633 neque
2075 5579 2142 5619 ea

494 5649 624 5707 qua
654 5633 715 5691 in
748 5636 969 5694 mundo
1002 5642 1143 5695 sunt
1173 5640 1219 5712 (I
1243 5642 1404 5702 Joan.
1436 5645 1519 5715 ιι).

2258 5386 2555 5440 cruciatus
2578 5391 2753 5455 esset,
2771 5387 3006 5442 tandem
3036 5389 3373 5446 sententiam
3389 5392 3780 5448 decollationis
3801 5405 3885 5446 ac-

2256 5475 2430 5545 cepit.
2458 5475 2601 5531 Cum
2634 5476 3267 5547 ergoducereturextra
3293 5480 3584 5538 civitatem
3607 5499 3705 5538 sex
3726 5478 3888 5536 milli-

2252 5565 2364 5620 bus
2397 5580 2680 5636 passuum
2704 5564 2847 5634 (illio
2878 5567 3031 5624 enim
3062 5568 3237 5624 etiam
3260 5575 3622 5642 perpetraret
3650 5568 3887 5626 homici-

2252 5653 2440 5725 dium)
2471 5654 2792 5713 monachus
2824 5657 3065 5729 quidam
3085 5662 3237 5716 retro
3258 5662 3611 5733 sequebatur
3646 5666 3709 5717 ut
3725 5658 3883 5715 illum

2251 5741 2526 5801 decollari
2540 5745 2922 5817 conspiceret;
2939 5746 3039 5820 qui
3057 5750 3252 5806 autem
3271 5750 3341 5807 ad
3356 5749 3758 5810 decollandum
3777 5749 3879 5806 du-
