4218 6348
332 394 437 451 153

1644 410 1944 466 PRATUM
1980 410 2429 469 SPIRITUALE.

3630 416 3735 473 154

329 520 987 591 cebatur,cumvidisset
1004 530 1359 587 monachum
1385 534 1841 606 sequentem,ait
1862 533 1969 601 illi;
2001 536 2053 604 Α
2085 536 2255 609 ravit,
2288 539 2489 595 dicens
2519 557 2531 595 :
2565 541 2702 597 Erat
2734 541 2791 596 in
2832 540 3183 596 Alexandria
3235 540 3403 595 miles
3462 541 3729 613 quidam,

329 613 603 641 λγ..-,...;,³
666 615 810 641 -LL-
873 635 981 641 _-_.
1020 619 1201 641 ιμ’-,ῃ
1242 623 1338 641 ,γη
1391 623 1402 641 ι
1600 631 1609 641 .
2093 627 2112 641 ι
2513 630 2523 640 ι
2657 630 2670 641 ε
2825 630 2837 641 .
2904 631 2917 641 ι
3145 630 3184 641 ε.
3380 628 3414 641 ι.
3518 630 3576 641 --ο
3618 630 3630 641 .

329 613 629 685 Nunquid,
665 615 838 687 abba,
873 635 988 674 non
1020 619 1204 678 habes
1235 623 1529 696 cellulam,
1562 631 1617 682 et
1674 644 1823 699 opus
1855 644 1982 681 ma—
2085 627 2337 685 Joannes
2370 630 2624 697 nomine,
2657 630 3324 686 hunchabensordinem
3340 628 3730 731 vitaeztliebus

337 704 1253 731 n....m‘)D--_-_J:a_-___L,_,,
1287 715 1319 731 η
1551 717 1584 731 οι
1616 718 1627 729 ο
1684 719 1704 731 .-
1774 724 1783 731 .
1962 719 1971 731 .
2122 716 2131 726 ο
2266 718 2300 731 ι.
2851 720 2863 731 Ι
2951 720 2965 731 ι

337 704 555 759 nuum?
574 705 1256 777 Responditmonachus:
1285 715 1456 771 Parce
1486 717 1652 787 mihi,
1681 719 1876 784 frater;
1923 719 1979 772 et
2086 716 2336 789 singulis
2366 736 2399 774 a
2430 736 2601 775 mane
2634 737 2819 792 usque
2848 720 2907 775 in
2951 720 3152 776 horam
3176 736 3385 775 nonam
3407 719 3648 775 sedebat
3668 719 3728 775 in

326 792 533 848 cellam
568 795 722 851 enim
756 800 811 853 et
843 815 990 870 opus
1023 798 1229 857 habeo.
1257 804 1740 879 Quirespondens
1760 806 1969 863 aitillii

2085 808 2440 863 monasterio
2472 809 2635 865 solus
2661 812 2833 881 juxta
2864 810 3083 882 gradus
3116 810 3301 865 sancti
3336 809 3510 876 Petri,
3536 809 3727 864 cilicio

319 881 508 945 Quare
538 899 673 955 ergo
706 901 819 940 non
853 887 1075 945 resides
1108 890 1164 946 in
1197 891 1344 948 cella
1396 899 1452 949 et
1504 896 1681 953 defles
1741 903 1976 970 peccata
2082 893 2346 965 indutus,
2388 901 2445 951 et
2489 897 2797 969 sportellas
2847 904 3069 965 texens,
3124 904 3321 954 tacens
3375 898 3636 999 omnino,
3668 903 3727 997 et

327 970 656 999 8..-0h:-:s
688 974 735 999 ,ε
769 977 1085 999 ._-_-_L__-
1122 997 1130 999 _
1190 981 1257 999 11,
1423 984 1446 999 η
1511 988 1520 999 .
1716 987 1726 997 ι
1883 987 1934 999 ι.
2166 984 2226 999 ὶΙ·
2348 986 2397 999 ιι
2605 987 2617 999 ι
2974 989 2989 999 .
3037 990 3047 999 .
3117 994 3125 999 .
3241 994 3248 999 .

327 970 478 1027 tua?
506 971 660 1029 Dieit
686 974 737 1030 ei
769 977 1132 1036 monachus:
1190 981 1357 1053 Vere,
1419 984 1595 1041 frater
1653 987 1752 1057 mi,
1805 987 1974 1044 valde
2082 984 2227 1039 nulli
2262 986 3135 1059 quidquamloquens;sedebat
3157 994 3351 1044 autem
3380 988 3439 1042 in
3472 988 3724 1043 oratorio

318 1060 613 1133 meipsum
645 1064 900 1138 negligo,
934 1071 1567 1146 compunctionemque
1616 1076 1813 1133 anima
1844 1095 1974 1135 mea
2080 1072 2356 1131 laborans
2389 1077 2661 1133 manibus
2694 1078 2841 1146 suis,
2874 1085 3050 1150 atque
3106 1078 3217 1134 hoc
3247 1078 3437 1133 solum
3479 1077 3724 1133 canebat

320 1167 438 1206 non
473 1151 669 1224 habet,
701 1158 759 1209 et
786 1155 1002 1213 idcirco
1032 1160 1200 1216 venio
1233 1166 1298 1217 ut
1355 1165 1635 1236 aspiciam
1694 1171 1770 1235 te,
1829 1168 1970 1223 dum

320 1238 615 1309 morieris,
633 1241 796 1298 utvel
818 1243 905 1299 sic
930 1244 983 1301 in
1004 1250 1515 1319 compunctionem
1539 1255 1785 1311 veniam.
1804 1257 1969 1312 Tunc

306 1327 395 1382 ait
424 1326 510 1383 illi
537 1346 695 1388 reus:
724 1330 930 1405 Valde,
966 1335 1163 1404 frater,
1200 1356 1302 1410 per
1334 1342 1672 1398 Dominum:
1721 1346 1860 1401 sede
1911 1346 1967 1399 in

307 1414 459 1471 cella
492 1421 616 1489 tua,
652 1424 710 1475 et
739 1423 963 1493 gratias
997 1441 1102 1497 age
1134 1428 1416 1484 Salvatori
1444 1434 1579 1486 Jesu
1614 1432 1862 1489 Christo.
1890 1436 1970 1491 Ex

306 1520 427 1575 quo
458 1508 617 1563 enim
644 1508 741 1565 ille
759 1510 931 1568 homo
968 1514 1157 1572 factus
1187 1522 1298 1586 est,
1332 1523 1388 1575 et
1419 1537 1523 1592 pro
1555 1522 1726 1579 nobis
1764 1540 1969 1595 pecca-

313 1594 548 1652 toribus
568 1602 837 1658 mortuus
858 1606 967 1675 est,
992 1603 1305 1678 homojam
1325 1625 1442 1666 non
1472 1612 1721 1668 moritur
1749 1618 1966 1670 aeterna

318 1689 531 1744 morte.

896 1798 1124 1857 CAPUT
1168 1803 1383 1862 LXXII.

2077 1163 2345 1222 dulciter:
2370 1167 2635 1235 Domine,
2659 1169 2730 1223 ab
2755 1168 2999 1223 occultis
3024 1169 3135 1223 mei
3163 1168 3380 1223 munda
3402 1184 3491 1223 me
3539 1167 3717 1235 (Psal.

2074 1255 2256 1322 xvm‘,
2292 1260 2487 1312 utnon
2510 1257 3217 1314 confundarorans.Hunc
3232 1273 3463 1311 versum
3487 1271 3619 1310 cum
3633 1255 3720 1310 di-

2075 1342 2277 1410 xisset,
2311 1362 2428 1401 una
2455 1347 2634 1403 ferme
2666 1346 2804 1402 hora
2824 1346 3076 1415 tacebat,
3107 1351 3161 1401 et
3187 1362 3422 1400 rursum
3444 1344 3719 1399 eumdem

2077 1434 2407 1490 resumebat
2423 1437 3004 1509 versum,ipsumque
3018 1436 3230 1508 septies
3248 1451 3350 1507 per
3368 1438 3549 1490 totam
3567 1433 3720 1488 diem

2076 1524 2393 1595 repetebat,
2426 1525 2573 1580 nihil
2606 1524 2847 1582 omnino
2879 1525 3037 1581 aliud
3070 1525 3290 1582 dicens.
3325 1524 3477 1579 Hora
3524 1527 3718 1578 autem

2075 1628 2229 1668 nona
2254 1615 2503 1669 exuebat
2525 1614 2803 1685 cilicium,
2830 1615 3228 1686 induebatque
3250 1612 3565 1670 militarem
3616 1611 3720 1709 ha-

2071 1700 2347 1769 bitum,id
2369 1706 2476 1771 est,
2500 1703 2844 1759 indumenta
2887 1721 3013 1769 sua,
3054 1712 3220 1775 atque
3251 1703 3331 1758 ita
3359 1702 3431 1757 ad
3483 1700 3718 1772 propria

2071 1790 2241 1863 signa
2270 1793 2639 1863 properabat.
2670 1797 2816 1848 Cum
2849 1793 2957 1850 hoc
2988 1798 3045 1849 et
3077 1809 3180 1865 ego
3204 1809 3388 1848 annos
3406 1797 3533 1846 octo
3553 1807 3716 1845 man-

304 1880 523 1971 Relalio
543 1884 767 1941 abbatis
795 1887 1042 1971 Palladii
1085 1891 1153 1971 dp
1179 1908 1328 1971 ,ςεηε⁸
1355 1895 1651 1971 homicida,
1683 1901 1780 1971 qu,-
1824 1903 1960 1959 ad0_
1993 1889 2041 1955 Β
2073 1881 2145 1946 si,
2171 1880 2541 1956 multumque
2570 1884 2898 1941 aedificatus
2929 1900 3062 1939 sum
3096 1884 3153 1939 in
3186 1882 3419 1938 silentio
3450 1885 3507 1937 et
3544 1879 3713 1935 insti-

458 1954 743 2012 lescentem
768 1960 920 2029 falso
938 1960 1007 2017 de
1030 1964 1214 2020 eodem
1242 1967 1479 2025 crimine
1506 1954 1820 2029 accuIsa'bat.

380 2050 455 2106 Et
483 2050 595 2108 hoc
624 2052 767 2111 item
799 2060 1057 2115 narravit
1085 2062 1256 2118 nobis
1287 2064 1413 2136 ipse
1441 2067 1623 2125 abbas
1646 2069 1964 2147 Palladius,

308 2138 539 2196 dicens:
564 2143 752 2200 Senex
778 2146 1018 2216 quidam
1043 2150 1340 2209 saecularis
1368 2156 1468 2227 qui
1487 2155 1866 2217 homicidium
1892 2164 1966 2218 fe-

304 2232 772 2299 cerat,detentus
805 2239 894 2291 est
924 2253 958 2293 a
986 2240 1332 2310 magistratu
1365 2244 1423 2299 in
1457 2245 1825 2306 Alexandria.
1857 2252 1963 2316 Qui

308 2333 452 2373 cum
473 2320 853 2393 cruciaretur,
888 2324 1121 2383 dicebat
1150 2332 1207 2383 et
1223 2329 1403 2386 alium
1436 2332 1617 2390 fuisse
1637 2352 1837 2393 secum
1860 2356 1965 2395 caa-

306 2405 407 2461 dis
438 2405 605 2494 illius
636 2410 883 2469 socium.
918 2416 973 2469 Is
1003 2420 1197 2472 autem
1232 2420 1303 2475 de
1334 2437 1449 2492 quo
1496 2440 1672 2480 senex
1714 2426 1964 2494 dicebat,

307 2493 665 2555 adolescens
693 2504 819 2556 erat
845 2501 1051 2574 viginti
1074 2506 1255 2563 ferme
1278 2526 1589 2569 annorum.
1610 2513 1809 2571 Multis
1829 2532 1966 2588 ergo

306 2584 624 2655 suppliciis
655 2590 828 2646 ambo
859 2592 1047 2649 afl‘ecti
1078 2601 1236 2653 sunt.
1257 2598 1324 2653 Et
1344 2616 1518 2655 senex
1549 2604 1787 2674 quidem
1810 2584 1965 2662 dice-

300 2672 435 2729 bat:
459 2673 686 2733 Mecum
717 2678 904 2751 fuisti,
937 2686 1174 2754 quando
1206 2690 1529 2760 perpetravi
1553 2672 1962 2751 homicidium.

302 2761 674 2822 Adolescens
703 2783 840 2825 vero
872 2771 1217 2845 denegabat,
1252 2776 1399 2832 nihil
1432 2796 1494 2836 se
1511 2783 1812 2839 conscium
1836 2801 1965 2841 esse

305 2850 646 2924 homicidii,
680 2874 864 2929 neque
893 2877 1026 2917 cum
1059 2863 1159 2920 illo
1188 2883 1249 2920 se
1281 2867 1463 2924 fuisse
1495 2887 1786 2927 asserens.
1819 2875 1962 2929 Cum

295 2956 450 3014 ergo
480 2945 727 3001 cruciati
749 2947 1021 3021 fuissent,
1037 2955 1388 3012 sententiam
1415 2960 1586 3015 ambo
1613 2968 1966 3035 acceperunt

295 3036 361 3085 ut
386 3032 577 3089 furcis
594 3038 1110 3108 suspenderentur.
1126 3044 1563 3119 Abieruntergo
1577 3032 1783 3122 quinto
1804 3058 1965 3111 extra

300 3119 521 3176 urbem
547 3123 847 3194 milliario,
880 3127 1001 3186 illic
1029 3131 1186 3187 enim
1218 3133 1562 3205 hnjusmodi
1595 3119 1726 3196 reos
1755 3143 1963 3214 punire

295 3218 762 3271 consueverant.
792 3215 1061 3274 Distabat
1090 3225 1288 3278 autem
1321 3224 1393 3279 ab
1424 3240 1491 3281 eo
1522 3225 1648 3284 loco
1682 3230 1799 3286 fere
1843 3248 1958 3288 uno

301 3299 760 3359 stadioSaturni
779 3305 1061 3378 templum
1085 3324 1373 3368 eversum.
1399 3315 1545 3371 Cum
1578 3316 1842 3389 igiturad
1867 3319 1955 3376 lo-

295 3404 443 3443 cum
476 3390 779 3450 venissent
807 3399 864 3450 et
894 3396 1147 3468 populus
1177 3406 1235 3456 et
1260 3401 1497 3475 milites,
1523 3406 1954 3466 adolescentem

294 3477 499 3549 primo
531 3483 891 3554 suspendere
922 3485 981 3543 in
1013 3486 1173 3560 ligno
1211 3491 1563 3563 voluerunt;
1614 3498 1956 3556 adolescens

291 3571 504 3625 autem
536 3576 868 3641 prostratus
899 3575 959 3631 in
990 3576 1116 3634 solo
1150 3580 1368 3638 milites
1422 3586 1647 3654 orabat,
1709 3588 1949 3646 dicens:

291 3656 412 3713 Per
439 3657 756 3717 Dominum
790 3663 965 3721 facite
990 3665 1430 3738 charitatem,et
1454 3675 1525 3729 ad
1544 3674 1838 3733 Orientem
1862 3695 1955 3734 me

290 3749 669 3819 suspendite,
704 3752 1189 3814 utillumvideam
1224 3763 1458 3832 quando
1488 3780 1816 3836 suspensus
1832 3783 1952 3823 ero.

289 3834 520 3893 Dicunt
550 3838 603 3894 ei
631 3839 872 3898 milites:
904 3846 1089 3910 Quam
1121 3848 1193 3903 ob
1224 3866 1463 3907 causam
1487 3852 1515 3908 ‘l
1544 3834 1768 3917 Quibus
1814 3857 1954 3913 ado-

290 3923 532 3982 lesccns
558 3943 570 3982 :
596 3928 761 3999 Verc,
795 3932 1016 3989 do'nini
1052 3936 1190 4006 mei,
1224 3955 1339 3994 non
1372 3939 1559 3998 habeo
1619 3943 1819 4000 infelix
1848 3963 1955 4017 ego

294 4014 439 4085 plus
454 4032 635 4087 quam
651 4024 872 4092 septem
894 4039 1125 4081 menses
1141 4041 1337 4098 exquo
1358 4035 1629 4088 sanctum
1656 4014 1953 4106 baptisma

291 4105 623 4177 suscepi,et
642 4107 1012 4168 Christianus
1044 4113 1233 4172 factus
1266 4119 1571 4176 sum.Cum
1608 4121 1716 4178 hoc
1739 4105 1951 4181 audis-

293 4197 436 4249 sent
458 4194 677 4253 milites
694 4196 1154 4271 lacrymatisuut
1171 4208 1747 4278 superadolescente.
1769 4214 1953 4270 Senex

294 4287 503 4339 autem
535 4300 668 4342 cum
701 4286 1107 4359 hocfaudisset,
1126 4295 1380 4352 fremens
1401 4299 1658 4369 graviter
1686 4302 1952 4358 dixitmi-

297 4370 538 4429 litibus:
567 4374 671 4430 Per
697 4378 956 4449 Serapim
987 4380 1158 4438 facite
1212 4385 1352 4457 (16),
1411 4392 1476 4442 ut
1505 4403 1611 4461 ego
1668 4392 1951 4464 aspiciam

297 4466 514 4517 contra
539 4468 880 4523 Saturnum.
905 4472 1050 4526 Cum
1081 4487 1213 4528 vero
1235 4474 1542 4533 audissent
1560 4479 1778 4537 milites
1800 4480 1953 4538 blas-

296 4549 603 4621 phemiam
637 4555 818 4625 senis,
849 4558 1069 4616 omisso
1100 4562 1491 4634 adolescente,
1520 4583 1719 4625 senem
1762 4571 1951 4642 primo

297 4643 770 4713 suspenderunt.
802 4645 948 4702 Cum
979 4665 1112 4705 vere
1146 4650 1313 4709 illum
1346 4653 1404 4709 in
1436 4654 1597 4728 ligno
1627 4660 1951 4731 suspende-

297 4735 453 4796 rent,
490 4746 623 4789 ecce
650 4748 831 4806 eques
863 4736 935 4792 ab
964 4739 1280 4811 Augustali
1312 4742 1579 4801 celeriter
1608 4747 1847 4819 missus,
1872 4750 1954 4807 ait

296 4817 628 4877 militibus:
661 4822 1109 4883 Adolescentem
1140 4830 1319 4888 nolite
1344 4832 1693 4908 interficere,
1725 4817 1949 4896 sedvre-

295 4906 500 4964 ducite
527 4908 719 4967 illum.
747 4916 987 4971 Factum
1017 4922 1109 4975 est
1151 4924 1348 4977 autem
1396 4923 1605 4995 ingens
1664 4906 1948 4999 gaudium

295 4994 589 5055 militibus
601 5003 659 5055 et
679 5002 910 5059 cunctis
924 5003 1358 5066 assistentibus.
1373 5010 1443 5066 Et
1461 4994 1802 5072 reducentes
1815 5033 1949 5073 eum

292 5083 754 5147 introduxerunt
774 5090 833 5147 in
848 5095 1207 5165 pratorium,
1241 5098 1605 5172 absolvitque
1625 5102 1793 5160 illum
1826 5107 1945 5161 Au-

300 5174 574 5245 gustalis.
599 5178 952 5238 Adolescens
966 5198 1096 5240 vero
1124 5191 1333 5256 praeter
1348 5204 1514 5260 spem
1540 5191 1945 5252 salvusfactus

305 5264 509 5320 abiens
524 5269 847 5327 monachus
860 5272 1100 5329 effectus
1112 5278 1219 5330 est.
1243 5275 1362 5333 Hoc
1376 5284 1572 5335 autem
1590 5282 1663 5337 ad
1682 5288 1942 5342 nostram

294 5354 355 5403 et
405 5349 728 5426 legentium
783 5360 1101 5417 utilitatem
1156 5364 1527 5438 scripsimus,
1586 5375 1653 5426 ut
1683 5372 1942 5433 sciamus

292 5439 439 5509 quia
468 5443 630 5502 novit
651 5446 940 5507 Dominus
972 5449 1100 5522 pios
1130 5469 1165 5508 a
1194 5456 1515 5515 tentatione
1545 5458 1815 5519 liberare.

839 5566 1071 5623 CAPUT
1118 5566 1384 5625 LXXIII.

600 5651 720 5708 Vita
743 5654 973 5712 Joannis
1000 5655 1208 5712 militis
1234 5657 1629 5721 Alexandrini.

354 5731 513 5821 882‘
536 5741 660 5797 Hoc
691 5742 869 5801 etiam
902 5742 1071 5804 nobis
1090 5742 1248 5804 idem
1272 5746 1454 5808 abbas
1473 5750 1770 5814 Palladius
1793 5771 1933 5814 nar-

2074 1972 2201 2026 tuto
2232 1986 2357 2027 suo.

2644 2061 2876 2117 CAPUT
2914 2059 3148 2117 LXXIV.

2181 2150 2439 2221 Ejusdem
2471 2151 2730 2208 Palladii
2753 2168 2927 2206 verax
2967 2150 3171 2206 dictum
3196 2149 3261 2205 de
3288 2147 3610 2206 haeresibus.

2145 2247 2477 2319 Corripiens
2510 2265 2617 2305 nos
2664 2248 2981 2320 aliquando
3014 2264 3211 2318 senex,
3261 2248 3387 2319 ipse
3416 2248 3497 2303 ita
3549 2244 3719 2301 nobis

2074 2338 2326 2394 dicebat:
2360 2338 2585 2394 Credite
2612 2339 2779 2405 mihi,
2812 2338 2996 2405 filioli,
3032 2338 3178 2393 nihil
3209 2336 3366 2392 aliud
3399 2336 3720 2392 schismata

2073 2432 2131 2482 et
2162 2427 2411 2483 haereses
2434 2427 2758 2483 introduxit
2789 2428 2847 2482 in
2881 2432 3143 2484 sanctam
3196 2426 3538 2490 Ecclesiam,
3599 2423 3713 2479 nisi

2074 2518 2228 2588 quod
2264 2534 2378 2572 non
2410 2523 2599 2574 Deum
2630 2521 2688 2573 et
2719 2534 2826 2573 nos
2856 2517 3104 2572 invicem
3124 2515 3293 2571 valde
3320 2514 3642 2586 diligimus.

2655 2631 2895 2689 CAPUT
2924 2633 3132 2688 LXXV.

2073 2722 2399 2778 liliraculum
2434 2722 2688 2780 Dominae
2724 2739 2857 2794 erga
2878 2738 3106 2777 uxorem
3136 2729 3186 2777 et
3204 2721 3386 2792 ﬁliam
3409 2719 3521 2775 viri
3534 2717 3717 2789 ﬁdelis

2192 2798 2290 2866 qui
2317 2796 2561 2868 hospitio
2592 2796 2872 2866 suscipere
2902 2794 3189 2850 monachos
3219 2796 3592 2849 consueverat.

2143 2904 2301 2960 Idem
2333 2903 2513 2959 abbas
2535 2901 2833 2959 Palladius
2846 2916 2979 2957 cum
2993 2900 3135 2957 alias
3148 2901 3217 2955 ad
3242 2900 3437 2971 ipsum
3451 2898 3716 2953 venisse-

2074 3010 2228 3063 mus,
2262 2992 2373 3048 talc
2400 2992 2682 3064 quiddam
2718 2991 3012 3047 enarravit
3040 2990 3210 3046 nobis
3240 3014 3253 3055 ;
3293 2990 3452 3054 Erat,
3498 2986 3709 3058 inquit,

2072 3083 2129 3137 in
2162 3082 2510 3137 Alexandria
2536 3081 2625 3136 vir
2651 3080 2889 3153 quidam
2915 3080 3123 3146 fidelis,
3148 3078 3452 3149 religiosus
3472 3076 3640 3131 valde
3656 3079 3713 3130 et

2072 3171 2429 3242 misericors,
2455 3175 2512 3226 et
2531 3170 2787 3242 hospitio
2807 3170 3138 3241 suscipiens
3162 3167 3498 3224 monachos.
3522 3165 3710 3220 Habe-

1990 3246 2033 3314 C
2072 3261 2171 3316 bat
2197 3264 2390 3316 autem
2408 3264 2740 3329 uxorem,et
2760 3260 2950 3332 ipsam
2968 3258 3257 3313 humilem
3282 3256 3471 3322 valde,
3493 3255 3712 3325 etjeju-

2069 3355 2309 3406 nantem
2342 3348 2622 3421 quotidie.
2658 3350 2795 3404 Erat
2825 3352 3021 3404 autem
3050 3346 3169 3402 illis
3203 3351 3259 3401 et
3315 3344 3490 3400 ﬁliola
3540 3342 3707 3415 quasi

2068 3456 2355 3495 annorum
2382 3456 2498 3494 sex.
2533 3439 2792 3503 Quadam
2824 3455 2961 3494 vero
2992 3437 3085 3493 die
3115 3436 3201 3492 vir
3230 3434 3324 3491 ille
3352 3434 3485 3507 pius
3518 3434 3707 3506 profe-

2067 3533 2195 3586 ctus
2226 3535 2313 3584 est
2344 3528 2931 3599 Constantinopolim;
2971 3531 3095 3583 erat
3152 3525 3303 3582 enim
3362 3524 3707 3596 negotiator.

2068 3618 2309 3674 Relictis
2343 3634 2447 3690 ego
2480 3616 2639 3673 domi
2672 3633 2870 3686 uxore,
2904 3621 2961 3672 et
2994 3615 3210 3688 puella,
3265 3620 3320 3670 et
3346 3631 3462 3670 uno
3522 3627 3709 3681 servo,

2067 3707 2209 3764 abiit
2239 3712 2306 3763 ut
2335 3708 2650 3779 navigaret.
2673 3706 2817 3761 Cum
2848 3722 2983 3761 vero
3013 3706 3123 3761 iret
3153 3706 3223 3760 ad
3251 3720 3480 3769 navem,
3510 3702 3591 3759 ait
3638 3703 3708 3757 ad

2065 3796 2231 3851 illum
2266 3814 2444 3853 uxor:
2470 3797 2570 3852 Cui
2597 3816 2702 3852 nos
2725 3796 3162 3852 commendatos
3192 3793 3499 3864 relinquis,
3521 3791 3710 3847 domi-

2068 3884 2188 3941 ne?
2218 3886 2538 3954 Respondit
2566 3886 2656 3940 vir
2673 3887 2821 3957 ejus:
2845 3885 3106 3940 Dominae
3132 3888 3340 3938 nostra:
3368 3885 3586 3937 sanctae
3609 3880 3711 3934 Dei

2066 3975 2353 4047 genitrici.
2381 3975 2481 4031 Die
2506 3992 2639 4031 vero
2662 3975 2915 4046 quadarn
2933 3990 3065 4029 cum
3082 3973 3310 4029 sederet
3332 3986 3476 4025 uxor
3501 3974 3557 4023 et
3577 3985 3712 4039 ope-

2066 4063 2883 4137 raretur,habensetpuellam
2917 4058 3461 4129 secum,servusille
3482 4075 3549 4114 ex
3570 4073 3710 4128 sug-

2064 4155 2325 4225 gestione
2348 4154 2637 4210 diabolica
2666 4152 2851 4210 voluit
2873 4169 3080 4209 necare
3101 4152 3400 4207 dominam
3424 4152 3482 4203 et
3503 4147 3630 4218 ejus
3650 4147 3712 4200 fi-

2066 4243 2224 4314 liam,
2258 4248 2313 4299 et
2369 4244 2619 4317 diripere
2678 4243 2961 4315 quidquid
3017 4243 3314 4309 haberent,
3364 4242 3450 4336 et-

2065 4333 2312 4405 Sumpto
2343 4333 2522 4406 igitur
2551 4351 2619 4389 ex
2644 4333 2896 4405 coquina
2925 4332 3133 4401 cultro,
3154 4328 3412 4427 perrexit
3437 4327 3496 4381 in
3526 4325 3709 4427 tricli-

2066 4423 2233 4477 nium
2266 4422 2363 4477 ubi
2398 4431 2560 4479 erant
2589 4424 2792 4478 ambae.
2824 4422 2966 4477 Cum
2998 4438 3132 4477 vero
3163 4419 3421 4475 venisset
3449 4419 3582 4472 ante
3611 4419 3707 4514 ja-

2066 4529 2268 4583 nuam,
2302 4512 2759 4584 comprehensus
2783 4515 2872 4567 est
2889 4511 3167 4576 caecitate,
3196 4508 3277 4565 ita
3305 4511 3369 4563 ut
3398 4520 3586 4577 neque
3609 4508 3709 4559 tri-

1981 4610 2028 4676 D
2060 4601 2304 4658 clinium
2335 4601 2584 4673 ingredi,
2619 4616 2807 4672 neque
2830 4601 2901 4655 ad
2916 4599 3227 4670 coquinam
3260 4596 3461 4654 reverti
3488 4597 3705 4666 posset.

2062 4689 2206 4745 Cum
2235 4694 2431 4746 autem
2466 4708 2581 4746 una
2611 4690 2793 4745 ferme
2821 4689 2965 4744 hora
2983 4685 3708 4760 perstitisset,frustraque

2060 4782 2374 4836 conaretur
2406 4779 2656 4852 ingredi,
2688 4778 2863 4851 coepit
2890 4793 3095 4834 vocare
3153 4775 3453 4831 dominam
3512 4786 3705 4839 suam,

2060 4868 2301 4925 dicens:
2330 4868 2475 4925 Veni
2506 4868 2831 4941 hucusque.
2858 4867 2964 4924 Illa
2993 4865 3315 4935 admirans,
3339 4862 3565 4935 quodin
3581 4876 3707 4915 me-

2057 4955 2153 5012 dio
2178 4957 2377 5028 janue:
2390 4958 2733 5030 persistens,
2756 4958 2828 5014 ad
2852 4955 3014 5012 illam
3029 4972 3145 5011 non
3161 4954 3580 5026 ingrederetur,
3604 4948 3705 5003 sed

2057 5048 2358 5116 clamaret,
2394 5049 2474 5104 ait
2504 5048 2628 5104 illi:
2662 5049 2749 5103 Tu
2783 5046 2973 5118 magis
3032 5046 3144 5102 huc
3201 5043 3351 5111 veni,
3401 5041 3702 5141 ignorans,

2057 5136 2213 5208 quod
2246 5136 2504 5193 caecitate
2534 5140 2850 5192 teneretur.
2886 5135 3036 5191 Puer
3067 5138 3257 5228 autem
3309 5131 3483 5228 coepit
3514 5128 3700 5228 “illam

2054 5225 2349 5296 adjurare,
2386 5230 2447 5281 ut
2476 5226 2585 5281 iret
2614 5242 2792 5298 prope
2821 5224 3025 5293 illum;
3049 5222 3149 5278 illa
3178 5238 3311 5277 vero
3335 5220 3701 5291 juravit,non

2053 5331 2115 5371 se
2139 5314 2543 5370 ituram.’l‘unc
2576 5313 2783 5369 aitilli:
2812 5314 2973 5369 Mitte
3002 5311 3089 5368 vel
3124 5310 3400 5383 puellam.
3435 5312 3567 5373 Quae
3594 5324 3700 5362 no-

2049 5403 2180 5471 luit,
2214 5404 2314 5459 sed
2338 5404 2435 5460 ait:
2473 5404 2531 5460 Si
2576 5403 2711 5476 quid
2739 5403 2848 5473 vis,
2879 5402 3003 5474 ipse
3053 5400 3246 5473 potius
3304 5397 3451 5455 veni.
3483 5398 3701 5499 Videas
3729 5492 3736 5498 .

2050 5497 2243 5548 autem
2268 5508 2491 5564 servus,
2519 5493 2673 5566 quod
2705 5490 2851 5547 nihil
2884 5491 3172 5563 potuisset
3202 5505 3392 5562 agere,
3439 5490 3700 5560 seipsum

2047 5580 2241 5653 gladio
2273 5583 2591 5654 percussit,
2622 5586 2680 5637 et
2702 5580 3342 5637 corruit.Dominavero
3374 5578 3532 5677 illi-us
3567 5594 3701 5677 cum

2044 5668 2446 5743 vidissetquid
2472 5674 2692 5743 egerat,
2709 5667 3402 5768 clamavit,continuoque
3419 5667 3592 5768 vicini
3616 5683 3705 5768 ac:

2044 5758 2647 5835 currerunt.lngressi
2668 5761 2814 5819 sunt
2830 5760 3031 5816 autem
3055 5762 3113 5816 et
3141 5772 3209 5815 ex
3230 5754 3421 5815 officio
3445 5754 3702 5830 praetorii
