4180 6338
550 476 653 530 155

1742 475 1836 526 DE
1874 474 2064 526 VITIS
2103 470 2403 527 PATRUM
2441 471 2653 525 LIBER
2691 473 2761 524 X.
3843 467 3936 522 f56

552 598 841 667 nonnulli,
903 614 1268 671 puerumque
1324 597 1680 669 reperientes
1737 596 1930 651 adhuc
1979 596 2194 665 vivum,
2228 599 2281 665 Α
2311 595 2634 650 ascendens
2667 591 2885 658 navim,
2919 590 3036 646 dixi
3071 589 3301 646 mulieri
3328 605 3340 644 :
3366 590 3662 647 Descende
3717 596 3770 647 et
3796 597 3851 648 tu
3885 594 3936 648 in

551 689 880 744 didicerunt
909 691 980 744 ab
1011 688 1138 760 ipso
1164 687 1381 754 omnia,
1415 692 1471 742 et
1501 685 2198 758 glorificaveruntDomi-

551 796 691 832 num
726 780 824 850 qui
857 778 1569 842 ostenderatmiracula,et
1602 781 1846 832 matrem
1882 775 2202 830 salvaverat

551 885 686 922 eum
721 868 856 924 filia.

1107 965 1342 1020 CAPUT
1387 964 1638 1019 LXXVI.

758 1054 1072 1111 Submersio
1107 1055 1316 1111 Maria:
1359 1055 1612 1109 mulieris
1638 1050 1981 1124 peccalricis.

623 1174 688 1226 Et
718 1171 827 1227 hoc
857 1173 995 1227 item
1028 1171 1328 1227 Palladius
1354 1171 1478 1242 ipse
1500 1168 1751 1224 narravit
1775 1168 1962 1223 nobis:
1988 1164 2196 1220 Audivi

549 1261 1059 1331 inquit.nauelero
1118 1262 1371 1330 quodam
1420 1264 1751 1324 enarrante,
1809 1258 1924 1311 tale
1953 1253 2196 1326 aliquid,

550 1351 702 1420 quod
725 1350 815 1404 die
839 1351 1090 1420 quadam
1105 1367 1238 1405 eum
1256 1349 1574 1420 navigaret,
1594 1352 1854 1403 vectores
1875 1346 2098 1401 habens
2111 1343 2197 1399 vi-

550 1455 643 1492 ros
677 1442 732 1493 et
762 1439 1059 1505 mulieres,
1093 1438 1466 1506 venissetque
1498 1437 1555 1490 in
1604 1434 2038 1502 altum,ea3teris
2070 1450 2192 1488 om-

548 1527 721 1581 nibus
754 1529 899 1582 bene
928 1525 1502 1599 navigantibus,aliis
1522 1525 1755 1597 quidem
1781 1523 2194 1580 Constantino-

546 1617 748 1685 polim,
783 1616 912 1672 aliis
939 1633 1070 1670 vero
1101 1616 1530 1682 Alexandriam,
1565 1618 1623 1670 et
1654 1615 1786 1670 aliis
1831 1614 1964 1683 alio,
2021 1616 2192 1667 vento

545 1705 662 1759 illis
682 1706 855 1760 ﬂante
871 1705 1302 1777 prospero,ipse
1328 1704 1489 1760 solus
1510 1704 1782 1774 navigare
1799 1719 1912 1758 non
1943 1704 2187 1773 poterat.

550 1795 615 1848 Et
649 1795 976 1859 mansinus,
1009 1795 1222 1866 inquit.
1257 1795 1426 1865 quasi
1461 1794 1585 1849 dies
1631 1792 1988 1864 quindecim,
2043 1789 2188 1844 nihil

545 1901 613 1938 ex
644 1901 708 1938 eo
729 1884 852 1940 loco
879 1885 977 1938 ubi
1002 1901 1254 1949 eramus,
1287 1884 1452 1938 moti.
1495 1883 1891 1938 Versabamur
1919 1880 2099 1952 igitur
2128 1880 2188 1932 in

2310 685 2606 756 scapham.
2641 683 2774 746 Quae
2808 697 2941 736 mox
2972 685 3034 735 ut
3066 679 3388 751 descendit,
3420 681 3640 753 scapha
3672 698 3731 736 se
3760 683 3933 736 conti-

2310 790 2424 828 nuo
2449 771 3011 843 quinquiesgyrans,
3046 770 3105 825 in
3160 770 3517 841 profundum
3553 786 3683 824 cum
3717 770 3937 826 muliere

2309 864 2618 917 submersa
2641 860 2934 917 est.Navis
2947 863 3142 914 autem
3160 863 3291 930 post
3319 860 3434 915 haec
3466 864 3633 915 tanta
3655 860 3936 916 velocitate

2307 951 2588 1017 cucurrit,
2623 955 2684 1005 ut
2719 949 2907 1005 tribus
2939 950 3150 1004 diebus
3209 966 3273 1004 ac
3335 949 3582 1004 dimidio
3627 949 3933 1021 navigatio-

2307 1057 2440 1095 nem
2474 1040 2892 1112 peregerimus,
2927 1055 3104 1110 quam
3139 1039 3346 1094 diebus
3393 1038 3726 1109 quindecim
3783 1056 3934 1110 pera-

2308 1129 2458 1184 eturi
2490 1146 2734 1186 eramus.

2850 1236 3097 1292 CAPUT.
3147 1236 3410 1292 LXXVII.

2306 1337 2513 1392 Relalio
2544 1337 2713 1392 trium
2734 1351 3045 1478 paupermfn
3075 1351 3373 1416 amorum,
3406 1333 3670 1407 quo-modo
3701 1337 3941 1392 (momenti

3025 1415 3256 1464 uzssenl.

3025 1415 3256 1464 uissenl.

2378 1524 2492 1593 Ego
2521 1526 2577 1578 et
2598 1524 2873 1579 dominus
2905 1540 3070 1580 meus
3110 1524 3478 1595 Sophronias
3512 1524 3934 1595 perreximusad

2303 1612 2633 1683 philosophi
2667 1613 2946 1682 Stephani
2981 1615 3245 1679 domum,
3278 1613 3561 1668 doctrinae
3591 1612 3938 1685 gratiazerat

2302 1705 2498 1756 autem
2536 1701 2924 1756 meridianum
2959 1707 3213 1773 tempus.
3258 1702 3597 1756 Morabatur
3651 1700 3739 1755 hic
3794 1700 3928 1772 apud

2301 1791 2480 1844 aedem
2515 1795 2726 1844 sanctis
2759 1792 2854 1845 Dei
2879 1791 3200 1863 genitricis,
3227 1807 3353 1862 quae
3379 1789 3939 1862 eognominaturDo-

2299 1880 2532 1945 rotheae,
2564 1896 2738 1950 quam
2774 1881 3088 1936 aedificavit
3113 1882 3319 1936 beatus
3353 1897 3501 1952 papa
3556 1878 3828 1950 Eulogius
3870 1878 3930 1932 ad

546 1990 756 2043 magna
785 1974 1060 2029 mmstitia
1091 1978 1145 2027 et
1176 1973 1607 2044 desperatione,
1640 1972 1969 2026 nescientes
2021 1969 2188 2040 quid-
2225 1971 2271 2033 Β
2302 1969 2787 2040 Orientem,juxta
2812 1971 3485 2042 magnumTetrapylum
3513 1970 3789 2040 (18).Cum
3812 1984 3933 2038 ergo

546 2079 678 2118 nam
711 2063 868 2117 istud
903 2063 1013 2118 sibi
1048 2061 1238 2116 vellet.
1276 2063 1392 2133 Ego
1425 2077 1578 2130 vero,
1637 2067 1702 2115 ut
1733 2059 2043 2115 nauclerus
2100 2058 2193 2112 cui

545 2169 686 2207 cura
710 2151 1269 2207 navisincumbebat
1289 2156 1347 2204 et
1373 2151 1640 2205 omnium
1661 2166 1784 2220 quae
1802 2149 2000 2218 inipsa
2031 2151 2196 2202 erant

547 2240 694 2311 coepi
717 2256 920 2311 rogare
950 2245 1136 2295 Deum
1153 2256 1256 2310 pro
1290 2239 1396 2293 hac
1429 2255 1508 2293 re.
1531 2239 1793 2303 Quadam
1820 2253 1954 2292 vero
1985 2235 2078 2290 die
2099 2250 2191 2290 ve-

548 2332 636 2383 nit
666 2331 735 2384 ad
770 2347 861 2385 me
891 2347 1020 2396 vox,
1043 2330 1268 2384 dicens:
1307 2329 1468 2383 Mitte
1492 2329 1645 2383 foras
1667 2328 1933 2395 Mariam,
1967 2330 2022 2380 et
2051 2327 2194 2380 bene

552 2419 876 2490 navigabis.
910 2418 1066 2490 Coepi
1100 2433 1230 2486 ergo
1256 2418 1511 2489 cogitare
1544 2417 1824 2488 quidnam
1858 2416 1966 2470 hoe
2015 2419 2192 2483 esset,

549 2513 605 2562 et
627 2525 754 2580 quae
777 2513 932 2563 esset
954 2508 1304 2563 Maria.Cum
1346 2512 1542 2562 autem
1577 2506 1900 2561 haesitarem
1960 2505 2031 2559 de
2062 2504 2191 2570 hoc,

546 2598 705 2654 venit
731 2614 838 2654 vox
869 2599 938 2652 de
962 2614 1126 2663 novo,
1164 2598 1404 2651 dicens:
1439 2596 1567 2651 Dixi
1618 2596 1762 2651 tibi:
1813 2595 1979 2650 Mitte
2037 2594 2192 2648 foras

547 2686 815 2754 Mariam,
848 2692 903 2740 et
933 2687 1078 2741 salvi
1113 2687 1297 2741 eritis.
1329 2687 1491 2741 Tune
1523 2701 1627 2756 ego
1659 2685 1923 2755 cogitans
1947 2683 2085 2753 quid
2121 2683 2195 2736 is-

545 2777 646 2829 tud
679 2781 851 2842 esset,
871 2775 1185 2830 exclamavi
1217 2775 1516 2840 continuo,
1545 2775 1587 2828 Ο
1618 2775 1819 2828 Maria.
1849 2772 2190 2826 Neseiebam

543 2866 701 2922 enim
736 2883 863 2936 quae
894 2870 1050 2921 esset
1081 2865 1279 2920 Maria.
1317 2865 1417 2919 llla
1447 2881 1578 2920 vero
1605 2865 1809 2933 jacens
1835 2865 1894 2918 in
1928 2864 2052 2918 loco
2086 2879 2192 2917 suo

547 2963 606 3009 ut
629 2954 870 3024 audivit,
906 2954 1226 3025 respondit,
1254 2954 1476 3008 dicens:
1510 2953 1656 3017 Quid
1683 2953 1876 3021 jubes,
1912 2951 2192 3006 domine?

545 3046 709 3099 Tunc
741 3044 829 3098 aio
857 3045 924 3098 ad
951 3043 1110 3097 illam
1139 3060 1150 3096 :
1182 3042 1289 3097 Fac
1313 3042 1681 3108 charitatem,
1709 3042 1838 3096 veni
1863 3041 2188 3112 hucusque.

542 3140 874 3204 Exsurgens
899 3136 1092 3187 autem
1119 3132 1397 3187 continuo
1414 3131 1590 3197 venit,
1615 3132 1760 3186 Cum
1776 3147 1911 3202 ergo
1932 3130 2191 3186 venisset

546 3224 616 3276 ad
657 3238 770 3288 me,
804 3221 998 3292 accepi
1053 3238 1179 3276 eam
1233 3237 1520 3288 seorsum,
1581 3225 1637 3275 et
1695 3220 1812 3274 dixi
1845 3220 1934 3275 ei:
1993 3219 2188 3287 Vides,

541 3312 722 3367 Maria
744 3329 925 3379 soror,
952 3312 1102 3382 quod
1132 3315 1368 3381 peccata
1399 3328 1529 3366 mea
1560 3315 1717 3375 sunt,
1743 3316 1805 3365 ut
1838 3315 2072 3381 propter
2093 3326 2186 3364 me
2219 3332 2262 3399 C

539 3419 642 3457 vos
675 3418 881 3457 omnes
915 3403 1166 3473 pereatis
1189 3402 1215 3455 ?
1245 3400 1348 3456 Illa
1378 3417 1513 3456 vero
1546 3401 1722 3456 altius
1771 3401 2184 3471 ingemiscens,

541 3493 656 3546 ait:
691 3490 858 3554 Vere,
893 3491 1130 3545 domine
1163 3489 1550 3557 minauclere,
1584 3505 1688 3560 ego
1723 3488 2011 3560 peccatrix
2029 3506 2183 3544 sum.

543 3579 608 3631 Et
630 3578 872 3633 dixiilli:
909 3580 1041 3643 Quae
1086 3584 1323 3648 peccata
1380 3577 1579 3643 habes,
1645 3577 1901 3632 mulier?
1929 3579 1996 3632 Et
2033 3578 2184 3632 883

541 3666 681 3721 illa:
718 3667 806 3722 νω
840 3666 1009 3731 mihi,
1040 3666 1404 3736 inquit,quia
1428 3683 1542 3720 non
1576 3669 1663 3721 est
1695 3669 1996 3736 peceatum
2030 3666 2183 3736 quod

539 3771 645 3826 ego
677 3771 788 3811 non
823 3755 1064 3827 egerim,
1099 3761 1153 3809 et
1183 3760 1419 3826 propter
1453 3758 1688 3826 peccata
1704 3772 1832 3810 mea
1861 3772 1962 3810 vos
1983 3771 2186 3810 omnes

538 3845 594 3898 in
627 3844 882 3916 periculo
904 3845 1207 3900 constituti
1240 3845 2186 3899 estis.’l‘uncenarravitmihimu-

539 3933 645 3988 lier
674 3951 802 4005 quze
829 3934 982 3989 eirea
1013 3951 1075 3989 se
1107 3939 1296 3999 erant,
1331 3933 1568 4000 dicens;
1611 3934 1892 3999 Profecto,
1954 3933 2186 3987 domine

542 4024 832 4091 nauclere,
868 4023 1065 4078 infelix
1083 4039 1187 4094 ego
1203 4022 1393 4076 virum
1413 4022 1696 4090 habui,ex
1727 4039 1840 4092 quo
1863 4022 2010 4076 duos
2036 4021 2186 4077 filios

541 4113 716 4183 genui
743 4130 755 4166 :
790 4127 1043 4182 eumque
1057 4113 1125 4166 ad
1159 4116 1385 4166 etatem
1403 4111 1984 4182 pervenissent,unus
2005 4127 2185 4166 anno-

544 4216 674 4254 rum
711 4216 936 4264 novem,
973 4199 1125 4254 alius
1155 4199 1433 4269 quinque,
1469 4204 1737 4253 mortuus
1770 4203 1858 4254 est
1888 4199 1974 4252 vir
1996 4216 2181 4269 meus,

541 4294 600 4346 et
623 4288 875 4344 remansi
908 4287 1098 4342 vidua.
1133 4286 1296 4341 Miles
1339 4291 1534 4342 autem
1585 4288 1826 4357 quidam
1888 4287 2188 4343 habitabat

533 4380 704 4448 juxta
737 4393 849 4440 me,
885 4392 1056 4448 quem
1085 4393 1190 4448 ego
1224 4377 1498 4430 maritum
1533 4377 1792 4447 accipere
1824 4376 1998 4445 volui,
2025 4377 2185 4432 misi-

541 4485 654 4540 que
685 4468 756 4521 ad
789 4467 983 4536 ipsum
1016 4467 1323 4536 quosdam.
1372 4465 1468 4520 llle
1500 4471 1692 4520 autem
1727 4483 1840 4521 non
1900 4466 2186 4537 acquievit

540 4558 740 4612 dicens
768 4573 778 4610 :
807 4556 929 4610 Non
963 4554 1183 4626 accipio
1218 4570 1455 4608 uxorem
1483 4571 1607 4624 quae
1638 4555 1851 4610 habeat
1907 4573 1974 4610 ex
2005 4555 2184 4611 altero

537 4646 656 4700 viro
691 4644 864 4700 filios.
890 4644 1004 4714 Ego
1028 4649 1222 4698 autem
1247 4643 1448 4697 videns
1467 4644 1862 4714 quodpropter
1892 4645 2039 4700 filios
2060 4646 2184 4702 nol-

538 4735 615 4790 let
647 4751 736 4789 me
769 4733 1029 4804 accipere
1062 4731 1573 4802 uxorem,inducta
1593 4749 1790 4787 amore
1821 4734 1969 4804 ejus,
1999 4735 2184 4790 occidi

538 4826 684 4879 duos
717 4822 868 4878 filios
894 4839 1075 4889 meos,
1099 4821 1470 4891 iudicavique
1494 4820 1578 4875 illi
1602 4822 1982 4878 dicens:Ecce
2015 4826 2179 4880 modo

537 4911 768 4968 nullum
805 4911 984 4966 habeo
1017 4911 1224 4965 filium.
1259 4909 1423 4964 Miles
1445 4926 1576 4964 vero
1600 4926 1730 4964 cum
1755 4912 2020 4967 audisset
2042 4914 2178 4984 quid

536 5003 788 5072 egissem
823 5002 892 5055 de
925 5000 1079 5066 filiis,
1108 5000 1224 5055 ait:
1259 4999 1413 5054 Vivit
1444 4999 1728 5054 Dominus
1761 5001 1861 5071 qui
1903 5002 1962 5056 in
2020 5001 2179 5058 crnlis

539 5093 783 5158 habitat,
817 5091 956 5162 quia
987 5095 1040 5145 te
1074 5107 1186 5145 non
1219 5087 1522 5159 accipiam.
1557 5089 1720 5144 Unde
1751 5107 1856 5161 ego
1888 5096 2178 5162 metuens,

538 5197 606 5234 ne
637 5180 746 5235 hoc
781 5179 1162 5235 manifestum
1190 5178 1435 5247 fieret,et
1468 5180 1894 5250 morerer,fugi.
1924 5181 2052 5237 Haec
2074 5198 2177 5254 ego

537 5269 783 5324 audiens
817 5286 885 5324 ex
915 5285 1010 5324 ore
1044 5267 1328 5332 mulieris,
1381 5283 1450 5322 ne
1510 5267 1592 5322 sic
1635 5269 1873 5338 quidem
1925 5269 2083 5325 illam
2119 5271 2177 5325 in

537 5373 694 5412 mare
727 5360 1008 5429 projicere
1032 5356 1206 5424 volui,
1242 5357 1342 5411 sed
1378 5356 1652 5412 differens
1711 5357 1828 5412 dixi
1887 5360 1956 5414 ad
2016 5359 2176 5415 illam

540 5464 788 5502 rursus:
818 5452 966 5503 Ecce
999 5464 1101 5519 ego
1135 5447 1383 5503 ascendo
1416 5447 1474 5502 in
1508 5447 1783 5502 carabum
1827 5449 1961 5520 (t7),
2017 5456 2073 5506 et
2132 5451 2179 5506 si

538 5535 929 5591 ambulaverit
961 5537 1145 5606 navis,
1172 5537 1317 5592 scito
1349 5537 1488 5607 quia
1520 5542 1756 5608 peccata
1788 5555 1916 5593 mea
1948 5539 2004 5593 in
2048 5541 2178 5595 navi

535 5628 870 5696 operantur.
887 5624 1214 5695 Voeavique
1232 5624 1506 5681 continuo
1530 5626 1928 5697 seapharium,
1950 5633 2005 5683 et
2037 5629 2176 5685 dixi:

534 5715 756 5770 Produc
787 5714 1087 5786 scapham.
1122 5715 1380 5785 Cumque
1414 5716 1818 5771 aseendissem
1872 5716 1931 5772 in
1989 5717 2176 5788 illam,

537 5802 718 5862 nihilo
749 5804 939 5878 magis
969 5803 1056 5861 vel
1082 5802 1245 5861 navis
1274 5802 1363 5860 vel
1403 5804 1623 5876 scapha
1655 5809 1814 5864 mota
1844 5809 1952 5864 est.
2014 5808 2179 5867 Tunc

2302 2057 2674 2129 pulsaremus
2706 2058 3038 2130 philosophi
3073 2059 3513 2130 ostium,puella
3529 2057 3839 2130 respiciens
3863 2058 3936 2112 ait

2303 2148 2509 2203 nobis:
2543 2150 2768 2203 Dormit
2800 2149 2918 2214 ille,
2974 2154 3199 2219 oportet
3255 2155 3598 2219 exspectare
3651 2147 3935 2220 pusillum.

2302 2237 2465 2291 Tune
2497 2238 2586 2292 aio
2618 2238 2855 2292 domino
2881 2255 3008 2294 meo
3032 2238 3376 2309 Sophronio:
3400 2238 3618 2292 Eamus
3653 2238 3721 2291 ad
3753 2239 3934 2291 Tetra-

2302 2325 2525 2396 pylum,
2558 2330 2614 2380 et
2639 2325 2755 2381 illic
2784 2327 3262 2382 maneamus.Est
3279 2331 3479 2382 autem
3512 2326 3672 2381 locus
3705 2325 3799 2380 ille
3820 2323 3934 2378 Ale-

2301 2415 2602 2470 xandrinis
2621 2416 2990 2485 venerabilis;
3013 2417 3216 2471 dicunt
3237 2414 3676 2470 enimJeremiaa
3704 2412 3930 2486 prophe-

2301 2508 2374 2559 tae
2401 2521 2536 2559 ossa
2556 2521 2624 2560 ex
2652 2506 2896 2577 rEgypto
2929 2509 3167 2577 sumpta
3190 2506 3259 2559 ab
3281 2504 3620 2560 Alexandro
3654 2503 3931 2559 conditore

2301 2594 2464 2649 urbis
2497 2593 2613 2649 illic
2646 2595 2824 2649 fuisse
2839 2593 3930 2665 reposita.Cumergoillucvenissemus

2299 2683 2596 2738 neminem
2630 2684 2964 2738 invenimus
2983 2684 3095 2738 nisi
3128 2700 3309 2739 caecos
3331 2688 3476 2740 tres:
3505 2689 3631 2739 erat
3647 2682 3796 2739 enim
3822 2696 3930 2736 me-

2300 2772 2875 2828 ridies.Perreximus
2897 2775 3218 2844 ergojuxta
3247 2772 3378 2828 illos
3409 2790 3596 2828 caecos
3631 2773 3817 2844 quiete
3871 2787 3927 2826 ac

2300 2861 2689 2931 silenter,sedi
2703 2878 2952 2933 musque
2968 2863 3249 2917 habentes
3263 2861 3444 2916 libros
3463 2865 3928 2930 nostros.Loque-

2303 2951 2516 3006 bantur
2541 2955 2737 3005 autem
2759 2951 2892 3006 eieci
2912 2952 2978 3006 ad
2999 2951 3247 3005 invicem
3267 2950 3481 3006 multa.
3501 2950 3769 3021 Dixitque
3793 2963 3931 3003 unus

2301 3041 2370 3095 ad
2405 3039 2606 3094 alium:
2637 3041 2722 3093 Tu
2759 3041 3053 3110 quomodo
3083 3040 3324 3096 effectus
3347 3056 3408 3094 es
3426 3056 3618 3096 caecus
3639 3044 3662 3093 .9
3683 3039 3929 3109 Respon-

2299 3129 2384 3183 dit
2405 3127 2520 3183 ille:
2554 3129 2744 3183 Nauta
2766 3146 2925 3184 eram
2949 3145 3080 3184 eum
3104 3144 3294 3184 essem
3323 3127 3690 3199 adolescens,
3725 3132 3780 3182 et
3807 3142 3927 3182 cum

2300 3218 2370 3272 ab
2390 3218 2581 3272 Africa
2599 3217 3029 3289 navigaremus,
3050 3219 3109 3273 in
3127 3218 3271 3273 mari
3286 3217 3474 3274 oculis
3491 3223 3727 3290 repente
3741 3221 3930 3288 captus

2301 3323 2456 3377 sum,
2482 3324 2584 3363 nec
2607 3306 2804 3362 valens
2829 3307 3154 3375 ambulare,
3178 3307 3517 3379 albuginem
3545 3309 3602 3363 in
3634 3307 3813 3362 oculis
3833 3306 3928 3361 ha-

2300 3396 2421 3452 bui.
2447 3396 2601 3452 Dixit
2630 3400 2825 3451 autem
2860 3396 2950 3450 hic
2977 3398 3074 3451 alii
3107 3414 3294 3453 caeco:
3329 3398 3415 3452 Tu
3462 3414 3601 3453 vero
3659 3396 3928 3468 quomodo

2297 3486 2536 3541 effectus
2557 3503 2619 3541 es
2641 3502 2830 3542 cmcus
2851 3485 2878 3539 ‘?
2901 3487 3222 3558 Respondit
3241 3491 3296 3542 et
3318 3487 3415 3541 ille
3438 3487 3643 3543 dicens
3667 3503 3680 3542 :
3706 3485 3840 3540 Vitri
3863 3484 3926 3539 ad

2299 3592 2446 3630 usus
2475 3575 2666 3631 varios
2698 3575 2983 3631 fundendi
3015 3576 3222 3631 artifex
3251 3576 3357 3644 fui,
3391 3579 3450 3631 et
3511 3593 3581 3632 ex
3614 3577 3741 3647 igne
3771 3573 3925 3631 amisi

2297 3665 2444 3720 duos
2474 3663 2676 3721 oculos
2707 3681 2890 3730 meos,
2923 3671 2980 3720 et
2999 3680 3185 3720 caecus
3217 3666 3456 3721 effectus
3484 3666 3815 3722 sum.Aiunt
3835 3680 3927 3719 au-

2295 3759 2412 3809 tem
2448 3756 2619 3811 ambo
2652 3755 2711 3809 hi
2745 3754 2843 3826 qui
2875 3754 3217 3826 interrogati
3249 3755 3486 3810 fuerant
3542 3757 3614 3811 ad
3662 3753 3922 3811 tertium:

2295 3843 2398 3900 Die
2430 3848 2485 3899 et
2517 3851 2576 3899 tu
2611 3845 2904 3915 quomodo
2937 3845 3123 3899 factus
3156 3860 3217 3899 es
3267 3860 3456 3900 caecus
3492 3844 3519 3899 ?
3579 3843 3922 3917 Respondit:

2298 3932 2440 3987 Vere
2472 3949 2576 4003 ego
2607 3933 2772 3988 vobis
2793 3934 3004 3988 dicam:
3029 3937 3171 3987 Cum
3186 3949 3376 3989 essem
3403 3932 3924 4002 adolescens,labo-

2298 4037 2418 4077 rem
2450 4021 2619 4077 valde
2648 4023 2903 4092 oderam,
2959 4030 3013 4078 et
3069 4023 3434 4090 recusabam,
3491 4024 3926 4092 luxuriosusque

2298 4113 2487 4168 factus
2509 4117 2923 4184 sum.Cumqne
2945 4130 3061 4168 non
3085 4113 3359 4168 haberem
3384 4115 3720 4170 necessaria
3741 4111 3927 4176 victui,

2297 4201 2478 4257 furari
2510 4200 2625 4273 iam
2649 4202 3068 4272 cceperam.Die
3100 4217 3232 4257 vero
3281 4204 3542 4273 quadam
3602 4220 3733 4259 cum
3787 4200 3928 4256 mala

2297 4292 2482 4348 multa
2497 4295 2922 4363 perpetrassem
2935 4333 2948 4358 ,
2965 4291 3193 4347 stabam
3209 4292 3267 4346 in
3284 4293 3542 4362 quodam
3557 4292 3702 4363 loco,
3717 4291 3926 4346 videns-

2297 4399 2409 4455 que
2442 4386 2738 4436 mortuum
2765 4379 2954 4436 efferri
2987 4381 3204 4452 optime
3227 4380 3524 4448 indutum,
3550 4386 3782 4438 secutus
3802 4394 3922 4436 sum

2295 4473 2494 4538 funus,
2527 4474 2592 4524 ut
2629 4470 2882 4525 viderem
2915 4470 3011 4524 ubi
3047 4477 3380 4541 poneretur.
3411 4471 3714 4528 Venerunt
3743 4475 3921 4526 autem

2295 4565 2450 4617 retro
2482 4562 2752 4614 sanctum
2783 4562 3092 4630 Joannem,
3127 4564 3183 4615 et
3214 4560 3290 4615 ibi
3327 4565 3654 4631 posuerunt
3683 4559 3843 4616 illum
3871 4558 3922 4612 in

2295 4653 2699 4720 monumento,
2734 4648 3100 4719 peractisque
3131 4649 3339 4704 officiis
3380 4655 3769 4706 recesserunt.
3818 4649 3923 4719 Ego

2295 4756 2428 4795 mox
2459 4743 2524 4794 ut
2550 4738 2682 4794 illos
2698 4738 3013 4794 recessisse
3027 4737 3475 4810 vidi,ingressus
3490 4743 3922 4796 monumentum

2291 4828 2423 4883 exui
2448 4828 2666 4899 ipsum,
2692 4826 3258 4898 nihileirelinquens
3285 4832 3495 4899 praeter
3519 4845 3704 4884 unum
3728 4827 3922 4882 lintea-

2291 4933 2445 4972 men.
2481 4916 2623 4970 Cum
2653 4933 2790 4987 ergo
2805 4917 3076 4987 progredi
3097 4916 3414 4988 inciperem
3439 4917 3510 4973 de
3533 4920 3920 4984 monumento,

2290 5004 2492 5061 multis
2524 5009 2774 5061 onustus
2805 5005 3040 5077 pannis,
3074 5006 3216 5061 dicit
3245 5005 3674 5078 mihiimproba
3692 5023 3816 5062 mea
3836 5021 3920 5060 co-

2288 5095 2492 5166 gitatio
2525 5111 2536 5148 :
2570 5095 2777 5166 Accipe
2809 5098 2864 5150 et
2895 5094 3166 5165 linteum,
3191 5094 3327 5164 quia
3358 5095 3577 5150 bonum
3611 5101 3719 5152 est.
3767 5092 3918 5150 Redii

2287 5188 2479 5239 autem
2505 5183 2708 5239 infelix
2739 5199 2866 5256 ego,
2889 5188 2954 5238 ut
2984 5187 3221 5256 sumpto
3253 5185 3427 5240 etiam
3462 5184 3660 5253 linteo,
3706 5186 3916 5240 nudum

2286 5273 2452 5328 illum
2473 5273 2860 5344 relinquerem
2877 5316 2888 5330 .
2904 5274 3066 5328 Tunc
3083 5274 3296 5330 resedit
3321 5290 3514 5330 coram
3537 5290 3627 5330 me
3644 5278 3918 5336 mortuus,

2287 5363 2718 5433 extendensque
2750 5379 2928 5435 super
2959 5380 3052 5418 me
3087 5380 3300 5418 manus
3332 5381 3493 5434 suas,
3541 5365 3742 5437 digitis
3801 5362 3916 5418 suis

2288 5453 2440 5507 eruit
2471 5452 2672 5508 oculos
2705 5469 2886 5508 meos.
2912 5457 3028 5524 Ego
3052 5453 3228 5523 igitur
3258 5452 3632 5520 miserabilis,
3674 5452 3922 5508 dimissis

2293 5541 2596 5612 omnibus,
2631 5558 2763 5596 eum
2795 5557 3010 5613 magna
3027 5541 3407 5598 tribulatione
3429 5549 3482 5597 et
3509 5542 3764 5614 periculo
3786 5539 3922 5596 exivi

2287 5631 2356 5686 de
2388 5635 2792 5687 monumento.
2826 5635 2968 5687 Ecce
3000 5636 3054 5687 et
3087 5648 3191 5704 ego
3255 5631 3372 5687 dixi
3423 5631 3583 5688 vobis
3643 5630 3921 5704 quomodo

2287 5736 2473 5776 caecus
2498 5721 2682 5776 factus
2698 5724 2974 5777 sum.Ista
2989 5737 3123 5777 eum
3147 5721 3542 5789 audissemus,
3568 5721 3760 5777 innuit
3781 5717 3915 5774 mihi

2290 5808 2566 5868 dominus
2587 5825 2753 5868 meus
2786 5808 3171 5884 Sephronius,
3205 5814 3262 5868 et
3282 5811 3656 5870 recessimus.
3688 5811 3755 5868 Et
3783 5806 3919 5866 dixit
