4180 6338
486 330 595 389 163

1682 333 1780 391 ΒΕ
1816 331 2010 389 νιτιε
2044 330 2345 389 PATRUM
2381 331 2596 390 LIBER
2631 334 2705 391 Χ.

3789 346 3882 412 164

482 456 688 511 disset.
712 453 976 528 Cumque
994 469 1096 527 per
1117 453 1239 511 dies
1257 453 1544 526 plurimos
1562 454 1721 511 istud
1741 454 2135 525 aspiceremus
2164 455 2221 523 Α
2250 457 2383 512 ante
2411 454 2580 512 illum
2612 455 2694 513 ait
2717 474 2730 514 :
2765 458 2877 515 Ora
2898 474 3001 532 pro
3033 476 3149 528 me,
3174 460 3358 518 Pater.
3408 462 3540 536 Ipso
3566 481 3695 523 vero
3744 470 3885 529 nihil

484 544 861 601 ascendimus
880 544 973 599 die
998 545 1275 616 quadam,
1300 548 1356 600 et
1378 544 1541 600 nulla
1577 545 1730 616 ignis
1754 543 1971 599 indicia
1995 543 2142 598 vidi-

484 650 635 702 mus;
670 650 859 705 neque
882 633 1101 705 ignem,
1128 650 1317 705 neque
1349 633 1574 706 aliquid
1608 634 1665 688 in
1700 633 1849 689 silva
1879 632 2013 705 igne
2045 634 2137 688 ad-

485 723 971 779 ustum.Rursum
997 722 1269 794 sequenti
1292 728 1460 779 nocte
1473 723 1731 779 vidimus
1745 723 1945 779 eadem
1963 721 2137 777 lumi-

484 813 803 867 na.Tribus
824 813 1003 885 igitur
1020 812 1316 868 continuis
1337 812 1637 868 mensibus
1655 812 1850 882 ignem
1879 810 2037 865 hunc
2054 810 2135 864 vi-

483 902 699 956 dimus.
722 902 897 957 Nocte
918 918 1055 958 vero
1079 903 1333 973 quadam
1353 906 1726 958 assumentes
1752 901 2039 972 quosdam
2069 916 2138 955 ex

481 992 606 1046 vico
639 1006 773 1045 cum
808 990 989 1046 armis
1022 996 1258 1063 propter
1288 993 1461 1061 feras,
1487 991 1864 1047 ascendimus
1886 991 1946 1045 in
1970 1006 2133 1044 mon-

481 1085 594 1134 tem
614 1080 683 1135 ad
700 1078 890 1134 lucem
911 1097 1038 1152 quae
1064 1085 1436 1153 apparuerat,
1453 1080 1905 1151 mansimusque
1920 1078 2019 1133 ubi
2039 1078 2137 1132 lux

480 1174 606 1223 erat
638 1185 826 1240 usque
859 1170 930 1224 ad
966 1170 1116 1225 diem
1153 1173 1517 1241 sequentem.
1556 1171 1721 1225 Mane
1766 1185 1897 1224 vero
1958 1169 2131 1237 facto,

481 1258 804 1329 aspicimus
822 1259 1113 1313 modicam
1130 1258 1470 1331 speluncam
1490 1259 1545 1314 in
1564 1275 1627 1314 eo
1647 1258 1773 1314 loco
1789 1258 1887 1313 ubi
1908 1257 2135 1312 lumina

474 1348 834 1403 videramus.
861 1348 1111 1419 Ingressi
1135 1353 1331 1403 autem
1361 1348 1693 1403 invenimus
1712 1346 2133 1402 anachoretam

480 1437 846 1491 defunctum.
876 1438 1011 1491 Erat
1039 1442 1232 1493 autem
1258 1438 1499 1493 indutus
1531 1437 1717 1493 cilicio
1750 1442 1807 1493 et
1826 1436 2021 1508 pallio,
2046 1440 2128 1491 te-

480 1525 772 1597 nebatque
790 1526 847 1580 in
869 1526 1143 1581 manibus
1168 1531 1499 1598 argenteam
1522 1542 1772 1581 crucem.
1792 1525 2129 1580 Invenimus

474 1614 649 1669 etiam
670 1614 931 1669 chartam
957 1615 1037 1669 ita
1060 1615 1293 1686 scripta:
1318 1618 1618 1686 Defunctus
1655 1632 1774 1669 sum
1820 1629 1916 1683 ego
1958 1616 2127 1669 Joan-

471 1721 566 1760 nes
600 1703 840 1759 Humilis
864 1703 1167 1759 Indictione
1222 1706 1416 1775 quinta
1474 1704 1711 1760 decima.
1764 1704 2127 1774 Computatis

475 1810 612 1863 ergo
638 1794 832 1859 annis,
859 1794 1193 1848 invenimus
1224 1810 1356 1849 eum
1381 1798 1515 1848 ante
1545 1798 1763 1863 septem
1811 1809 1996 1847 annos
2026 1793 2123 1848 de-

477 1883 746 1937 functum
774 1899 919 1948 esse;
944 1882 1025 1937 ita
1055 1899 1188 1938 vero
1220 1888 1346 1938 erat
1367 1883 1611 1954 integer,
1635 1899 1699 1938 ac
1723 1882 1771 1937 si
1805 1883 1897 1936 die
1920 1882 2124 1937 eadem

478 1971 1077 2027 obiisset.Sublatum
1111 1987 1244 2041 ergo
1287 1972 1346 2025 in
1406 1971 1653 2027 ecclesia
1712 1987 1848 2025 cum
1908 1970 2128 2026 honore

476 2060 873 2132 scpelivimus.

991 2174 1222 2230 CAPUT
1266 2175 1608 2233 LXXXVIII.

478 2283 603 2339 Vita
651 2283 863 2337 abbatis
918 2283 1133 2337 Thomas
1182 2283 1535 2352 apocrisiarii
1580 2282 1689 2352 (21)
1719 2282 1950 2337 εωηοὺὶί
1981 2286 2125 2352 Apa-

528 2354 755 2409 miensis
783 2358 832 2409 et
864 2354 927 2408 de
952 2354 1222 2409 miraculo
1252 2356 1495 2426 corporis
1525 2354 1642 2425 ejus
1666 2358 1790 2425 post
1818 2362 2073 2408 mortem.

543 2475 687 2530 Cum
717 2474 1085 2529 venissemus
1114 2472 1479 2544 Theopolim,
1534 2473 1831 2545 presbyter
1881 2473 2122 2543 quidam

474 2562 663 2635 ipsius
677 2562 933 2618 ecclesiae
952 2562 1393 2617 narravitnobis
1412 2562 1481 2617 de
1496 2562 2120 2633 abbateTboma,quod

472 2652 890 2722 apocrisiarius
916 2652 1090 2707 fuerit
1137 2651 1384 2707 cmnobii
1435 2652 1589 2722 quod
1620 2656 1710 2707 est
1740 2652 1797 2706 in
1857 2652 2124 2723 partibus

470 2741 749 2813 Apamize.
771 2740 937 2796 Venit
958 2756 1093 2811 ergo
1125 2755 1302 2794 senex
1348 2739 1686 2810 Theopolim
1718 2757 1819 2810 pro
1871 2740 2122 2793 utilitate

473 2828 838 2893 monasterii,
863 2833 1067 2882 etcum
1102 2828 1195 2882 hic
1228 2832 1642 2893 remoraretur,
1697 2828 2007 2882 defunctus
2038 2835 2124 2883 est

474 2920 533 2973 in
568 2918 809 2988 Daphne
832 2918 887 2971 in
914 2916 1133 2988 templo
1158 2922 1371 2972 sanctas
1406 2917 1757 2988 Euphemiaa.
1793 2917 1995 2971 Clerici
2020 2936 2120 2972 au-

471 3014 586 3063 tem
622 3006 809 3077 ipsius
840 3006 951 3062 loci
983 3006 1341 3078 sepelierunt
1372 3023 1505 3061 eum
1532 3006 1700 3077 quasi
1752 3006 2118 3077 peregrinum

472 3098 626 3152 inter
657 3096 1097 3167 peregrinorum
1131 3094 1421 3166 sepulcra:
1447 3096 1713 3165 sequenti
1739 3112 1870 3150 vero
1902 3094 2118 3150 diebu-

2252 546 2917 620 respondenle,surgens
2931 566 3111 623 prope
3131 550 3297 607 illum
3314 553 3579 625 accessit,
3594 560 3658 613 ut
3674 557 3886 617 saluta-

2251 638 2339 687 ret
2358 649 2489 689 eum
2515 639 2570 690 et
2593 636 3041 708 amplexaretur;
3070 640 3169 695 sed
3194 644 3399 698 tenens
3424 642 3646 715 ipsum,
3679 646 3887 705 invenit

2252 726 2567 779 mortuum.
2593 725 2796 797 Itaque
2828 726 2926 782 illo
2950 728 3493 798 dimisso,exivit.Et
3518 749 3650 789 cum
3684 742 3882 808 pautu-
3950 726 3953 727 ⁷

2248 809 2366 867 lum
2391 815 2792 887 processisset,
2817 816 2960 872 vidit
2977 818 3148 874 aliam
3173 819 3537 891 speluncam;
3561 824 3878 895 ingressus-

2248 916 2361 969 que
2392 902 2614 958 invenit
2645 921 2865 960 senem.
2892 906 2999 970 Qui
3024 907 3105 963 ait
3135 910 3205 963 ad
3240 908 3439 965 illum:
3468 912 3620 969 Bene
3654 915 3881 983 venisti,

2248 990 2443 1059 frater;
2480 992 2858 1064 ingressusne
2876 1012 2937 1052 es
2969 996 3145 1053 aliam
3178 998 3631 1070 speluncam?Et
3649 1020 3882 1076 respono

2246 1078 2390 1135 dens
2422 1081 2504 1136 ait
2533 1081 2654 1137 illi:
2691 1083 2924 1155 Utique,
2952 1087 3140 1143 Pater.
3174 1087 3429 1145 Rursum
3460 1090 3608 1147 dixit
3636 1092 3706 1148 ei:
3735 1093 3879 1149 Num

2244 1168 2939 1245 aliquidindeaccepistii
2960 1176 3281 1248 Respondit
3305 1182 3481 1234 :Non.
3512 1181 3581 1235 Et
3612 1180 3880 1239 ille:Vere

2242 1259 2785 1332 frater,quindecim
2819 1265 2955 1319 anni
2984 1266 3106 1335 jam
3132 1266 3315 1339 elapsi
3349 1273 3490 1324 sunt
3520 1286 3590 1325 ex
3613 1287 3726 1343 quo
3749 1289 3878 1328 con-

2242 1353 2572 1405 summatus
2603 1356 2711 1406 est.
2742 1353 2821 1408 [ta
2842 1368 2974 1409 vero
3007 1360 3132 1411 erat
3162 1372 3228 1411 ac
3260 1357 3307 1412 si
3329 1362 3461 1414 ante
3485 1376 3663 1415 unam
3682 1359 3877 1416 horam

2242 1436 2649 1494 obdormisset.
2675 1441 2938 1514 Cumque
2973 1443 3207 1501 fecisset
3237 1461 3408 1503 senex
3440 1449 3760 1506 orationem
3781 1466 3876 1522 pro

2240 1524 2389 1598 ipso,
2419 1526 2755 1598 gloriﬁcans
2776 1531 2958 1587 Deum
2986 1533 3222 1591 recessi.

2876 1648 3104 1704 CAPUT
3132 1648 3240 1705 XC.

2334 1731 2469 1788 Mors
2499 1734 2733 1791 duorum
2752 1737 3218 1795 anachorelarum
3244 1744 3449 1799 montis
3483 1745 3774 1816 Phterigii.

2155 1823 2202 1887 Β
2301 1832 2801 1890 Duoanachoretm
2817 1841 3172 1910 erantsupra
3188 1840 3407 1896 Rosum
3436 1842 3496 1897 in
3526 1848 3744 1912 monte,
3776 1844 3869 1915 qui

2234 1920 2792 1996 diciturPhterigius
2806 1942 2983 1998 prope
2998 1927 3208 1999 Piapen
3230 1929 3736 2003 ﬂuvium,etjuxta
3757 1950 3872 1988 mo-

2231 2009 2551 2065 nasterium
2581 2013 2808 2068 abbatis
2824 2014 3135 2072 Theodosii
3157 2017 3215 2072 in
3237 2020 3510 2091 Scopulo.
3534 2021 3671 2076 Erat
3688 2026 3866 2077 autem

2230 2114 2299 2153 ex
2321 2098 2410 2154 his
2440 2100 2587 2155 alter
2600 2119 2795 2169 senex,
2825 2103 3201 2175 alterjunior,
3222 2109 3506 2180 senisque
3530 2110 3869 2181 discipulus.

2233 2190 2378 2242 Cum
2402 2204 2534 2244 vero
2550 2189 2861 2247 defunctus
2877 2198 3026 2248 esset
3042 2211 3240 2265 senex,
3256 2196 3406 2253 facta
3428 2198 3686 2254 oratione
3708 2199 3871 2254 disci-

2229 2276 2403 2347 pulus
2426 2279 2695 2351 sepelivit
2717 2298 2851 2337 eum
2878 2283 2935 2337 in
2962 2289 3178 2339 monte.
3207 2286 3479 2343 Postdies
3503 2304 3638 2344 vero
3661 2305 3869 2360 paucos

2230 2367 2587 2424 descendens
2618 2370 2688 2425 de
2720 2378 2917 2427 monte
2948 2374 3307 2430 anachoreta:
3332 2376 3679 2449 discipulus,
3724 2376 3873 2431 venit

2220 2454 2526 2524 juxtaloca
2543 2458 3253 2534 habitabilia,invenitque
3270 2464 3568 2522 hominem
3585 2466 3867 2537 quemdam

2226 2554 2589 2605 exercentem
2624 2556 2863 2617 terram,
2883 2559 2940 2608 et
2961 2554 3044 2608 ait
3068 2554 3152 2609 illi
3180 2572 3194 2611 :
3228 2560 3335 2612 Fac
3365 2558 3734 2625 cbaritatem,
3756 2558 3865 2612 fra-

2224 2641 2330 2707 ter,
2364 2640 2563 2711 accipe
2592 2641 2906 2697 fossorium
2937 2648 2993 2699 et
3022 2646 3344 2711 sarculum,
3377 2652 3433 2701 et
3461 2648 3597 2704 veni
3621 2663 3865 2702 mecum.

2226 2727 2502 2784 Rusticus
2534 2747 2665 2786 vero
2697 2734 2979 2789 continuo
3011 2741 3248 2791 secutus
3280 2741 3369 2813 est
3400 2754 3559 2794 eum.
3610 2740 3864 2809 Cumque

2223 2818 2477 2874 venisset
2508 2822 2566 2873 in
2601 2827 2880 2891 montem,
2914 2824 3172 2879 ostendit
3206 2827 3564 2884 anachoreta
3606 2826 3860 2884 smenlari

2223 2909 2559 2981 sepulcrum
2592 2914 2751 2968 senis
2781 2913 2894 2981 sui,
2919 2920 2978 2970 et
3008 2915 3153 2971 dixit
3181 2917 3253 2971 ei:
3290 2919 3441 2973 Fode
3459 2919 3575 2975 hic.
3593 2924 3733 2976 Cum
3760 2935 3864 2972 au-

2221 3002 2337 3052 tem
2353 3000 2795 3071 eil'odissetsepu
2808 3002 2925 3056 lcru
2938 3020 2989 3058 m
3002 3046 3014 3069 ,
3031 3005 3380 3061 anachoreta
3395 3009 3643 3063 stetitad
3660 3006 3859 3061 oratio-

2222 3104 2377 3144 nem.
2404 3089 2591 3143 Finita
2622 3106 2753 3144 vero
2785 3093 3068 3160 oratione,
3102 3093 3402 3150 osculatus
3424 3095 3858 3152 estsaacularem

475 3191 781 3241 mavcrunt
810 3190 868 3241 et
896 3184 1727 3256 mulierem,etimposuerunt
1757 3184 1915 3239 illam
1944 3202 2117 3256 super
2148 3174 2191 3242 C
2232 3177 2451 3232 dicens:
2477 3180 2590 3233 0P8
2623 3196 2725 3250 PFO
2758 3196 2871 3245 me.
2893 3182 3089 3237 frater.
3115 3182 3605 3258 Descendensque
3624 3185 3861 3241 colloca-

470 3276 773 3331 eum.Erat
803 3280 997 3330 autem
1034 3274 1178 3330 hora
1209 3275 1507 3342 secunda;
1563 3274 1683 3328 cira
1727 3274 1930 3329 horam
1986 3291 2118 3329 vero

470 3370 693 3421 sextam
719 3364 976 3420 evomuit
998 3363 1159 3418 illam
1184 3367 1358 3418 terra.
1380 3363 1509 3418 Loci
1542 3379 1673 3418 vero
1721 3361 1879 3417 illius
1912 3360 2118 3417 accola:

466 3455 729 3510 videntes
742 3455 894 3525 quod
912 3454 1127 3507 factum
1146 3452 1353 3520 fuerat,
1373 3451 1566 3505 mirati
1584 3455 1740 3506 sunt.
1759 3450 1972 3505 Deinde
1992 3468 2054 3505 ru
2066 3469 2118 3504 r-

468 3560 602 3600 sum
634 3560 871 3615 vespere
894 3542 1252 3614 sepelierunt
1285 3540 1475 3612 ipsam
1496 3542 1551 3595 in
1572 3542 1775 3597 eodem
1798 3540 2042 3609 tumulo,
2062 3544 2120 3595 et

471 3633 741 3703 sequenti
775 3632 867 3687 die
901 3632 1251 3686 invenerunt
1281 3647 1495 3701 corpus
1530 3647 1708 3702 supra
1756 3629 2114 3702 sepulcrum.

461 3722 831 3794 Accipientes
844 3737 980 3793 ergo
997 3738 1209 3792 corpus
1226 3723 1281 3775 in
1296 3719 1405 3775 alio
1426 3725 1804 3775 monumento
1820 3719 2009 3791 ipsum
2023 3736 2119 3791 po-

467 3810 881 3866 suerunt.l’ost
898 3825 1115 3881 paucos
1130 3814 1328 3864 autem
1354 3808 1495 3876 dies,
1519 3808 1732 3863 iterum
1758 3806 2118 3879 sepelierunt

464 3899 641 3955 aliam
670 3898 973 3954 mulierem
1002 3916 1182 3969 supra
1208 3899 1480 3954 abbatem
1504 3898 1936 3962 Thomam,non
1962 3898 2114 3970 cogi-

462 3996 654 4045 tantes
685 3988 792 4044 loci
826 3988 1014 4060 ipsius
1046 3987 1237 4043 clerici
1274 3988 1412 4059 quia
1448 4004 1561 4042 non
1597 3986 1886 4057 permittit
1910 4002 2113 4056 quem-

464 4079 623 4149 piam
657 4094 831 4148 super
854 4092 916 4132 se
941 4075 1273 4147 sepeliri.Et
1291 4075 1450 4129 illam
1469 4091 1600 4145 ergo
1633 4091 1839 4129 rursus
1858 4075 2119 4131 evomuit

465 4173 642 4223 terra.
667 4168 830 4221 Tunc
872 4171 1255 4237 agnoverunt,
1291 4164 1429 4235 quia
1462 4182 1575 4219 non
1610 4164 1893 4235 permittit
1940 4181 2117 4220 senex

468 4256 773 4312 mulierem
810 4272 987 4325 super
1019 4271 1079 4309 se
1112 4254 1792 4325 humari,abeuntesque
1812 4254 2113 4310 nuntiave-

465 4351 607 4404 runt
630 4346 972 4417 patriarchas
1002 4346 1311 4401 Domnino.
1346 4346 1497 4400 888
1536 4346 1639 4409 Qui
1669 4362 1901 4401 omnem
1933 4347 2112 4403 simul

460 4438 749 4494 civitatem
786 4453 916 4491 cum
934 4437 1116 4491 cereis
1139 4436 1454 4491 ascendere
1487 4436 1622 4490 fecit
1652 4436 1711 4490 in
1736 4436 2113 4507 Daphnem,et

2226 3265 2307 3320 vit
2330 3267 2713 3336 semetipsum
2739 3286 2919 3341 supra
2938 3286 3137 3326 senem
3156 3289 3351 3338 suum,
3372 3279 3428 3329 et
3444 3276 3721 3330 continuo
3739 3272 3861 3328 red-

2224 3354 2678 3426 diditspiritum.
2694 3356 3006 3414 Saecularis
3020 3365 3215 3415 autem
3234 3370 3653 3435 rursusoperto
3667 3358 3861 3434 sepul-

2225 3461 2345 3511 cro,
2383 3446 2494 3500 Deo
2526 3447 2747 3516 gratias
2781 3448 2916 3519 egit.
2951 3448 3093 3504 Cum
3127 3456 3319 3506 autem
3376 3453 3775 3508 descendisset
3800 3450 3864 3503 de

2224 3538 2443 3597 monte,
2479 3540 2766 3604 quantum
2791 3536 2991 3605 jactus
3009 3542 3098 3592 est
3121 3538 3356 3609 lapidis,
3383 3541 3637 3597 aitintra
3664 3542 3864 3595 semet-

2224 3622 2417 3693 ipsum
2445 3639 2457 3676 :
2494 3626 2639 3679 Vere
2667 3625 2841 3679 debui
2861 3626 3122 3697 accipere
3138 3628 3605 3686 benedictionem
3640 3631 3859 3684 sancto-

2224 3729 2375 3779 rum;
2411 3729 2817 3785 reversusque,
2853 3713 3087 3771 illorum
3109 3717 3447 3788 sepulcrum
3480 3719 3740 3775 invenire
3756 3731 3862 3770 non

2224 3802 2433 3875 potuit.

2824 3906 3064 3963 CAPUT
3114 3910 3257 3964 XCI.

2229 3992 2345 4048 Vita
2378 3993 2589 4047 abbatis
2622 3992 2879 4062 Gregorii
2905 3998 3291 4123 dri-nacholrelm,
3330 4005 3382 4055 et
3440 3999 3695 4057 Thalelaei
3746 3996 3859 4064 cius

2944 4085 3123 4123 zscmu
3152 4087 3190 4123 ι.

2944 4085 3190 4136 zsczpuu.

2292 4162 2573 4218 Dicebant
2603 4164 2842 4234 quidam
2874 4182 2943 4221 ex
2967 4167 3235 4224 Patribus
3266 4169 3339 4225 de
3365 4171 3574 4227 abbate
3596 4164 3859 4239 Gregorio

2223 4253 2766 4325 anachoreta,quod
2786 4256 3027 4328 triginta
3039 4257 3302 4330 quinque
3315 4276 3499 4315 annos
3524 4260 3737 4334 egisset
3755 4271 3857 4308 nu-

2220 4342 2332 4397 dus
2364 4343 2594 4397 deserta
2625 4343 3001 4400 circumiens.

2289 4431 2571 4487 Dicebant
2588 4432 2727 4487 item
2751 4434 2821 4489 de
2841 4433 3123 4506 illo,quod
3148 4453 3280 4493 cum
3304 4444 3460 4494 esset
3477 4440 3539 4495 in
3565 4436 3853 4496 montibus

462 4544 596 4583 cum
622 4525 948 4599 psalmodia
974 4526 1161 4580 sancti
1183 4526 1287 4579 viri
1314 4525 1673 4596 reliquiasin
1704 4527 1904 4581 urbem
1946 4529 2110 4584 ferre.
2146 4536 2194 4602 Ι)
2222 4521 2562 4575 monasterii
2596 4522 2825 4577 abbatis
2854 4523 3167 4579 Theodosii
3201 4527 3258 4581 in
3297 4528 3572 4601 Scopulo,
3615 4525 3857 4583 habebat

460 4622 871 4691 Deposuerunt
902 4622 1096 4673 autem
1130 4618 1547 4689 sancticorpus
1572 4617 1626 4671 in
1652 4619 1985 4691 cmmitcrio,
2012 4621 2111 4675 ubi

463 4708 651 4763 multa
683 4712 1004 4776 martyrum
1036 4723 1279 4779 corpora
1309 4707 1546 4761 condita
1603 4712 1761 4778 sunt,
1822 4709 2109 4764 fecerunt~

461 4816 575 4871 que
608 4816 788 4870 supra
812 4798 1008 4869 ipsum
1031 4797 1200 4852 breve
1232 4797 1574 4852 oratorium.

1011 4930 1237 4986 CAPUT
1268 4929 1560 4985 LXXXIX.

456 5022 696 5078 Inventio
725 5022 976 5092 corporis
999 5021 1177 5075 sancti
1196 5018 1546 5076 anachoreta?
1575 5020 1635 5074 in
1665 5024 1845 5076 monte
1876 5023 2103 5077 Amano.

528 5138 795 5192 Narravit
816 5136 981 5191 nobis
1005 5135 1245 5208 quidam
1274 5138 1684 5202 Patrum,cum
1712 5136 1988 5207 Theopoli
2012 5155 2105 5194 es-

457 5227 838 5297 semus,qnod
855 5224 1182 5281 ascenderit
1200 5225 1454 5296 quadam
1475 5224 1567 5279 die
1587 5224 1642 5278 in
1662 5230 1915 5280 montem
1938 5230 2106 5282 Ama-

456 5332 597 5371 num
618 5315 927 5385 cujusdam
945 5312 1330 5369 necessitanis
1346 5329 1540 5378 causa,
1560 5313 1960 5385 inveneritque
1976 5333 2106 5387 spe-

450 5408 1029 5477 luncam.lngressus
1051 5411 1249 5460 autem
1275 5405 1333 5458 in
1355 5402 1764 5476 illam,reperit
1794 5407 2107 5464 anachore-

452 5500 572 5551 tam
608 5495 853 5567 genibus
879 5493 1467 5564 ﬂexis,manibusque
1498 5492 1554 5547 in
1589 5492 1796 5549 cmlum
1824 5497 2105 5553 extensis.

455 5585 625 5656 cuius
659 5584 850 5639 crines
880 5584 1087 5655 capitis
1119 5582 1381 5655 usquein
1404 5580 1804 5653 pavimentum
1824 5587 2103 5642 extende-

450 5678 689 5733 bantur.
724 5674 867 5730 Cum
901 5678 1095 5730 autem
1130 5677 1361 5747 putaret
1382 5689 1515 5730 eum
1547 5672 1757 5741 vivere,
1778 5680 2108 5747 prostratus

2222 4608 2601 4679 discipulum.
2634 4609 2756 4673 Quo
2788 4610 3082 4675 defuncto,
3107 4630 3243 4669 cum
3277 4631 3389 4671 non
3426 4616 3662 4673 haberet
3691 4624 3856 4668 senex

2220 4699 2615 4754 instrumenta
2642 4704 2701 4753 ut
2727 4699 2963 4756 humum
2996 4702 3217 4758 foderet
3245 4708 3303 4760 et
3333 4705 3609 4776 sepeliret
3652 4712 3854 4772 corpus

2221 4786 2439 4852 fratris,
2470 4788 2769 4843 descendit
2801 4789 2871 4843 de
2888 4794 3082 4846 monte
3099 4808 3278 4862 prope
3311 4809 3493 4864 mare,
3519 4791 3848 4859 invenitque

2218 4875 2608 4946 applicantem
2633 4893 2833 4932 navem
2846 4878 3061 4933 .Oravit
3078 4884 3271 4934 autem
3288 4880 3628 4937 nauclerum
3644 4884 3697 4935 et
3710 4889 3855 4932 nau-

2218 4967 2331 5033 tas,
2364 4969 2429 5018 ut
2459 4964 2841 5019 escenderent
2861 4982 3061 5020 secum
3084 4967 3142 5021 in
3171 4973 3526 5039 montem,et
3551 4961 3853 5041 sepelirent

2217 5052 2479 5108 fratrem.
2507 5052 2592 5108 Illi
2618 5058 2813 5109 autem
2830 5060 3100 5127 prompto
3116 5057 3311 5113 animo
3334 5059 3679 5115 obedierunt
3706 5048 3847 5114 seni.

2218 5146 2638 5213 sumentesque
2670 5142 3060 5198 instrumenta
3093 5146 3440 5215 necessaria,
3472 5138 3853 5203 ascenderunt

2218 5251 2349 5289 cum
2365 5239 2515 5301 eo,et
2532 5234 2814 5290 fodientes
2829 5234 3221 5292 humaverunt
3235 5254 3449 5308 corpus
3465 5238 3676 5296 fratris.
3700 5234 3848 5290 Unus

2220 5329 2413 5379 autem
2448 5340 2515 5379 ex
2547 5325 3371 5393 nautis,nomineThalelteus,
3396 5319 3847 5403 compunctusin

2216 5414 2431 5469 virtute
2448 5414 2625 5481 senis,
2651 5416 2857 5469 orabat
2876 5433 3011 5471 eum
3037 5422 3101 5472 ut
3122 5434 3249 5473 cum
3274 5417 3369 5475 illo
3390 5424 3731 5477 moraretur.
3753 5415 3847 5465 Se-

2216 5520 2326 5560 nex
2349 5508 2546 5559 autem
2570 5505 2690 5559 dixi
2724 5505 2773 5559 ei
2802 5521 2814 5560 :
2854 5505 2974 5562 Non
3012 5512 3175 5578 potes
3205 5507 3354 5565 ferre
3386 5507 3734 5581 paenitentiae
3766 5501 3847 5555 la;

2217 5593 2436 5648 borem.
2462 5592 2557 5646 Ait
2580 5592 2695 5647 ille:
2722 5592 2975 5662 lta,sane
2998 5594 3243 5652 tolerare
3260 5593 3849 5669 possum.Mansitqu6

2217 5698 2353 5738 cum
2385 5698 2523 5739 sene
2553 5698 2705 5739 anno
2740 5699 2877 5753 uno,
2901 5684 3153 5740 nimium
3177 5685 3235 5741 in
3267 5703 3436 5744 sacra
3456 5680 3853 5746 exercitatione
