  <div class='ocr_page' id='page_1' title='image "/cluster/home/n/w/nwhite01/storage/ocr_20150623/74/hvd.32044054758784/089.png"; bbox 0 0 4180 6338; ppageno 0'>
   <div class='ocr_carea' id='block_1_1' title="bbox 544 319 647 376">
    <p class='ocr_par' dir='ltr' id='par_1_1' title="bbox 544 319 647 376">
     <span class='ocr_line' id='line_1_1' title="bbox 544 319 647 376; baseline -0.029 0"><span class='ocrx_word' id='word_1_1' title='bbox 544 319 647 376; x_wconf 79' lang='grc'>167</span> 
     </span>
    </p>
   </div>
   <div class='ocr_carea' id='block_1_2' title="bbox 1139 445 1574 503">
    <p class='ocr_par' dir='ltr' id='par_1_2' title="bbox 1139 445 1574 503">
     <span class='ocr_line' id='line_1_2' title="bbox 1139 445 1574 503; baseline -0.009 0"><span class='ocrx_word' id='word_1_2' title='bbox 1139 446 1369 503; x_wconf 85' lang='lat' dir='ltr'>CAPUT</span> <span class='ocrx_word' id='word_1_3' title='bbox 1412 445 1574 501; x_wconf 84' lang='lat' dir='ltr'>XCV.</span> 
     </span>
    </p>
   </div>
   <div class='ocr_carea' id='block_1_3' title="bbox 712 535 1995 608">
    <p class='ocr_par' dir='ltr' id='par_1_3' title="bbox 712 535 1995 608">
     <span class='ocr_line' id='line_1_3' title="bbox 712 535 1995 608; baseline 0 -17"><span class='ocrx_word' id='word_1_4' title='bbox 712 536 827 592; x_wconf 87' lang='lat' dir='ltr'>Vita</span> <span class='ocrx_word' id='word_1_5' title='bbox 860 537 1092 592; x_wconf 82' lang='lat' dir='ltr'>Patricz&#39;i</span> <span class='ocrx_word' id='word_1_6' title='bbox 1117 539 1264 591; x_wconf 79' lang='lat' dir='ltr'>senis</span> <span class='ocrx_word' id='word_1_7' title='bbox 1304 536 1632 591; x_wconf 78' lang='lat' dir='ltr'>monasterii</span> <span class='ocrx_word' id='word_1_8' title='bbox 1661 536 1721 589; x_wconf 86' lang='lat' dir='ltr'>in</span> <span class='ocrx_word' id='word_1_9' title='bbox 1742 535 1995 608; x_wconf 83' lang='lat' dir='ltr'>Scapula.</span> 
     </span>
    </p>
   </div>
   <div class='ocr_carea' id='block_1_4' title="bbox 601 624 2177 698">
    <p class='ocr_par' dir='ltr' id='par_1_4' title="bbox 601 624 2177 698">
     <span class='ocr_line' id='line_1_4' title="bbox 601 624 2177 698; baseline 0 -16"><span class='ocrx_word' id='word_1_10' title='bbox 601 628 738 682; x_wconf 89' lang='lat' dir='ltr'>Erat</span> <span class='ocrx_word' id='word_1_11' title='bbox 766 626 1006 698; x_wconf 90' lang='lat' dir='ltr'>quidam</span> <span class='ocrx_word' id='word_1_12' title='bbox 1043 642 1219 681; x_wconf 86' lang='lat' dir='ltr'>senex</span> <span class='ocrx_word' id='word_1_13' title='bbox 1255 624 1315 679; x_wconf 90' lang='lat' dir='ltr'>in</span> <span class='ocrx_word' id='word_1_14' title='bbox 1364 625 1567 680; x_wconf 91' lang='lat' dir='ltr'>eodem</span> <span class='ocrx_word' id='word_1_15' title='bbox 1626 625 1887 681; x_wconf 86' lang='lat' dir='ltr'>coenobio</span> <span class='ocrx_word' id='word_1_16' title='bbox 1947 625 2177 682; x_wconf 79' lang='lat' dir='ltr'>abbatis</span> 
     </span>
    </p>
   </div>
   <div class='ocr_carea' id='block_1_5' title="bbox 527 712 2177 784">
    <p class='ocr_par' dir='ltr' id='par_1_5' title="bbox 527 712 2177 784">
     <span class='ocr_line' id='line_1_5' title="bbox 527 712 2177 784; baseline -0.001 -14"><span class='ocrx_word' id='word_1_17' title='bbox 527 715 836 772; x_wconf 83' lang='lat' dir='ltr'>Theodosii</span> <span class='ocrx_word' id='word_1_18' title='bbox 859 714 1044 769; x_wconf 92' lang='lat' dir='ltr'>sancti</span> <span class='ocrx_word' id='word_1_19' title='bbox 1072 713 1259 767; x_wconf 77' lang='lat' dir='ltr'>Patris</span> <span class='ocrx_word' id='word_1_20' title='bbox 1283 712 1487 780; x_wconf 80' lang='lat' dir='ltr'>nostri,</span> <span class='ocrx_word' id='word_1_21' title='bbox 1513 727 1719 782; x_wconf 84' lang='lat' dir='ltr'>genere</span> <span class='ocrx_word' id='word_1_22' title='bbox 1738 713 1976 784; x_wconf 89' lang='lat' dir='ltr'>quidem</span> <span class='ocrx_word' id='word_1_23' title='bbox 2003 713 2177 769; x_wconf 91' lang='lat' dir='ltr'>Seba-</span> 
     </span>
    </p>
   </div>
   <div class='ocr_carea' id='block_1_6' title="bbox 527 801 2176 873">
    <p class='ocr_par' dir='ltr' id='par_1_6' title="bbox 527 801 2176 873">
     <span class='ocr_line' id='line_1_6' title="bbox 527 801 2176 873; baseline -0.002 -12"><span class='ocrx_word' id='word_1_24' title='bbox 527 804 763 871; x_wconf 89' lang='lat' dir='ltr'>stensis,</span> <span class='ocrx_word' id='word_1_25' title='bbox 793 802 1028 859; x_wconf 86' lang='lat' dir='ltr'>nomine</span> <span class='ocrx_word' id='word_1_26' title='bbox 1050 806 1242 857; x_wconf 89' lang='lat' dir='ltr'>autem</span> <span class='ocrx_word' id='word_1_27' title='bbox 1268 801 1576 867; x_wconf 83' lang='lat' dir='ltr'>Patricius,</span> <span class='ocrx_word' id='word_1_28' title='bbox 1602 818 1778 857; x_wconf 86' lang='lat' dir='ltr'><strong>senex</strong></span> <span class='ocrx_word' id='word_1_29' title='bbox 1806 801 1971 857; x_wconf 83' lang='lat' dir='ltr'>valde</span> <span class='ocrx_word' id='word_1_30' title='bbox 2002 802 2176 873; x_wconf 88' lang='lat' dir='ltr'>(dice-</span> 
     </span>
    </p>
   </div>
   <div class='ocr_carea' id='block_1_7' title="bbox 525 891 2175 961">
    <p class='ocr_par' dir='ltr' id='par_1_7' title="bbox 525 891 2175 961">
     <span class='ocr_line' id='line_1_7' title="bbox 525 891 2175 961; baseline 0 -13"><span class='ocrx_word' id='word_1_31' title='bbox 525 894 624 949; x_wconf 91' lang='lat' dir='ltr'>bat</span> <span class='ocrx_word' id='word_1_32' title='bbox 652 894 806 948; x_wconf 90' lang='lat' dir='ltr'>enim</span> <span class='ocrx_word' id='word_1_33' title='bbox 829 910 890 948; x_wconf 91' lang='lat' dir='ltr'>se</span> <span class='ocrx_word' id='word_1_34' title='bbox 905 907 1031 947; x_wconf 89' lang='lat' dir='ltr'>esse</span> <span class='ocrx_word' id='word_1_35' title='bbox 1051 908 1344 946; x_wconf 91' lang='lat' dir='ltr'>annorum</span> <span class='ocrx_word' id='word_1_36' title='bbox 1367 896 1604 946; x_wconf 90' lang='lat' dir='ltr'>centum</span> <span class='ocrx_word' id='word_1_37' title='bbox 1620 895 1675 947; x_wconf 92' lang='lat' dir='ltr'>et</span> <span class='ocrx_word' id='word_1_38' title='bbox 1697 891 1995 961; x_wconf 82' lang='lat' dir='ltr'>tredecim)</span> <span class='ocrx_word' id='word_1_39' title='bbox 2014 892 2175 948; x_wconf 90' lang='lat' dir='ltr'>mitis</span> 
     </span>
    </p>
   </div>
   <div class='ocr_carea' id='block_1_8' title="bbox 525 980 2173 1054">
    <p class='ocr_par' dir='ltr' id='par_1_8' title="bbox 525 980 2173 1054">
     <span class='ocr_line' id='line_1_8' title="bbox 525 980 2173 1054; baseline -0.001 -17"><span class='ocrx_word' id='word_1_40' title='bbox 525 988 581 1038; x_wconf 93' lang='lat' dir='ltr'>et</span> <span class='ocrx_word' id='word_1_41' title='bbox 600 982 1260 1054; x_wconf 89' lang='lat' dir='ltr'>quietus.Narraverunt</span> <span class='ocrx_word' id='word_1_42' title='bbox 1291 997 1427 1053; x_wconf 87' lang='lat' dir='ltr'>ergo</span> <span class='ocrx_word' id='word_1_43' title='bbox 1445 980 1612 1036; x_wconf 90' lang='lat' dir='ltr'>nobis</span> <span class='ocrx_word' id='word_1_44' title='bbox 1633 982 1703 1036; x_wconf 90' lang='lat' dir='ltr'>de</span> <span class='ocrx_word' id='word_1_45' title='bbox 1730 980 1827 1036; x_wconf 92' lang='lat' dir='ltr'>illo</span> <span class='ocrx_word' id='word_1_46' title='bbox 1852 981 2040 1053; x_wconf 88' lang='lat' dir='ltr'>ipsius</span> <span class='ocrx_word' id='word_1_47' title='bbox 2063 981 2173 1036; x_wconf 92' lang='lat' dir='ltr'>loci</span> 
     </span>
    </p>
   </div>
   <div class='ocr_carea' id='block_1_9' title="bbox 522 1071 2172 1144">
    <p class='ocr_par' dir='ltr' id='par_1_9' title="bbox 522 1071 2172 1144">
     <span class='ocr_line' id='line_1_9' title="bbox 522 1071 2172 1144; baseline -0.002 -15"><span class='ocrx_word' id='word_1_48' title='bbox 522 1075 743 1141; x_wconf 83' lang='lat' dir='ltr'>Patres,</span> <span class='ocrx_word' id='word_1_49' title='bbox 760 1074 915 1144; x_wconf 92' lang='lat' dir='ltr'>quod</span> <span class='ocrx_word' id='word_1_50' title='bbox 940 1071 1513 1143; x_wconf 66' lang='lat' dir='ltr'>fuissetpreepositus</span> <span class='ocrx_word' id='word_1_51' title='bbox 1533 1071 1873 1126; x_wconf 81' lang='lat' dir='ltr'>monasterii</span> <span class='ocrx_word' id='word_1_52' title='bbox 1895 1073 2172 1144; x_wconf 87' lang='lat' dir='ltr'>Abazani,</span> 
     </span>
    </p>
   </div>
   <div class='ocr_carea' id='block_1_10' title="bbox 524 1160 2172 1233">
    <p class='ocr_par' dir='ltr' id='par_1_10' title="bbox 524 1160 2172 1233">
     <span class='ocr_line' id='line_1_10' title="bbox 524 1160 2172 1233; baseline -0.001 -16"><span class='ocrx_word' id='word_1_53' title='bbox 524 1162 967 1233; x_wconf 88' lang='lat' dir='ltr'>dimisissetque</span> <span class='ocrx_word' id='word_1_54' title='bbox 988 1160 1281 1233; x_wconf 69' lang='lat' dir='ltr'>praepositi</span> <span class='ocrx_word' id='word_1_55' title='bbox 1297 1160 1911 1231; x_wconf 85' lang='lat' dir='ltr'>oflicium,periculum</span> <span class='ocrx_word' id='word_1_56' title='bbox 1937 1161 2172 1233; x_wconf 85' lang='lat' dir='ltr'>etjudi-</span> 
     </span>
    </p>
   </div>
   <div class='ocr_carea' id='block_1_11' title="bbox 523 1250 2175 1322">
    <p class='ocr_par' dir='ltr' id='par_1_11' title="bbox 523 1250 2175 1322">
     <span class='ocr_line' id='line_1_11' title="bbox 523 1250 2175 1322; baseline -0.001 -15"><span class='ocrx_word' id='word_1_57' title='bbox 523 1254 679 1308; x_wconf 90' lang='lat' dir='ltr'>cium</span> <span class='ocrx_word' id='word_1_58' title='bbox 698 1252 1345 1322; x_wconf 87' lang='lat' dir='ltr'>metuens(magnorum</span> <span class='ocrx_word' id='word_1_59' title='bbox 1361 1250 1516 1304; x_wconf 90' lang='lat' dir='ltr'>enim</span> <span class='ocrx_word' id='word_1_60' title='bbox 1532 1250 1789 1305; x_wconf 87' lang='lat' dir='ltr'>virorum</span> <span class='ocrx_word' id='word_1_61' title='bbox 1804 1251 2175 1307; x_wconf 87' lang='lat' dir='ltr'>essedicebat</span> 
     </span>
    </p>
   </div>
   <div class='ocr_carea' id='block_1_12' title="bbox 522 1339 2168 1414">
    <p class='ocr_par' dir='ltr' id='par_1_12' title="bbox 522 1339 2168 1414">
     <span class='ocr_line' id='line_1_12' title="bbox 522 1339 2168 1414; baseline -0.001 -16"><span class='ocrx_word' id='word_1_62' title='bbox 522 1358 759 1414; x_wconf 86' lang='lat' dir='ltr'>pascere</span> <span class='ocrx_word' id='word_1_63' title='bbox 785 1340 1097 1396; x_wconf 75' lang='lat' dir='ltr'>rationales</span> <span class='ocrx_word' id='word_1_64' title='bbox 1119 1344 1277 1408; x_wconf 89' lang='lat' dir='ltr'>oves)</span> <span class='ocrx_word' id='word_1_65' title='bbox 1298 1357 1363 1395; x_wconf 87' lang='lat' dir='ltr'>ac</span> <span class='ocrx_word' id='word_1_66' title='bbox 1388 1340 1643 1395; x_wconf 80' lang='lat' dir='ltr'>venisset</span> <span class='ocrx_word' id='word_1_67' title='bbox 1662 1339 2016 1406; x_wconf 90' lang='lat' dir='ltr'>illuc,utsub</span> <span class='ocrx_word' id='word_1_68' title='bbox 2040 1344 2168 1396; x_wconf 89' lang='lat' dir='ltr'>ohe-</span> 
     </span>
    </p>
   </div>
   <div class='ocr_carea' id='block_1_13' title="bbox 522 1428 2081 1499">
    <p class='ocr_par' dir='ltr' id='par_1_13' title="bbox 522 1428 2081 1499">
     <span class='ocr_line' id='line_1_13' title="bbox 522 1428 2081 1499; baseline -0.001 -13"><span class='ocrx_word' id='word_1_69' title='bbox 522 1431 745 1486; x_wconf 87' lang='lat' dir='ltr'>dientia</span> <span class='ocrx_word' id='word_1_70' title='bbox 776 1428 1417 1499; x_wconf 86' lang='lat' dir='ltr'>viveret,bocjudicans</span> <span class='ocrx_word' id='word_1_71' title='bbox 1454 1428 1661 1483; x_wconf 71' lang='lat' dir='ltr'>animm</span> <span class='ocrx_word' id='word_1_72' title='bbox 1696 1428 1901 1485; x_wconf 80' lang='lat' dir='ltr'>utilius</span> <span class='ocrx_word' id='word_1_73' title='bbox 1934 1445 2081 1485; x_wconf 90' lang='lat' dir='ltr'>esse.</span> 
     </span>
    </p>
   </div>
   <div class='ocr_carea' id='block_1_14' title="bbox 1120 1543 1573 1601">
    <p class='ocr_par' dir='ltr' id='par_1_14' title="bbox 1120 1543 1573 1601">
     <span class='ocr_line' id='line_1_14' title="bbox 1120 1543 1573 1601; baseline 0 -1"><span class='ocrx_word' id='word_1_74' title='bbox 1120 1544 1350 1601; x_wconf 84' lang='lat' dir='ltr'>CAPUT</span> <span class='ocrx_word' id='word_1_75' title='bbox 1387 1543 1573 1601; x_wconf 80' lang='lat' dir='ltr'>XCVI.</span> 
     </span>
    </p>
   </div>
   <div class='ocr_carea' id='block_1_15' title="bbox 773 1635 1919 1704">
    <p class='ocr_par' dir='ltr' id='par_1_15' title="bbox 773 1635 1919 1704">
     <span class='ocr_line' id='line_1_15' title="bbox 773 1635 1919 1704; baseline -0.002 -13"><span class='ocrx_word' id='word_1_76' title='bbox 773 1638 846 1692; x_wconf 87' lang='lat' dir='ltr'>De</span> <span class='ocrx_word' id='word_1_77' title='bbox 877 1635 1085 1704; x_wconf 86' lang='lat' dir='ltr'>eodem,</span> <span class='ocrx_word' id='word_1_78' title='bbox 1116 1644 1167 1691; x_wconf 83' lang='lat' dir='ltr'>et</span> <span class='ocrx_word' id='word_1_79' title='bbox 1197 1637 1265 1690; x_wconf 88' lang='lat' dir='ltr'>de</span> <span class='ocrx_word' id='word_1_80' title='bbox 1295 1636 1526 1691; x_wconf 75' lang='lat' dir='ltr'>Iuliano</span> <span class='ocrx_word' id='word_1_81' title='bbox 1556 1635 1734 1690; x_wconf 81' lang='lat' dir='ltr'>Arabe</span> <span class='ocrx_word' id='word_1_82' title='bbox 1762 1651 1919 1690; x_wconf 61' lang='lat' dir='ltr'>caveo.</span> 
     </span>
    </p>
   </div>
   <div class='ocr_carea' id='block_1_16' title="bbox 590 1725 2172 1797">
    <p class='ocr_par' dir='ltr' id='par_1_16' title="bbox 590 1725 2172 1797">
     <span class='ocr_line' id='line_1_16' title="bbox 590 1725 2172 1797; baseline -0.002 -13"><span class='ocrx_word' id='word_1_83' title='bbox 590 1728 873 1785; x_wconf 87' lang='lat' dir='ltr'>Dicebant</span> <span class='ocrx_word' id='word_1_84' title='bbox 905 1731 1100 1782; x_wconf 88' lang='lat' dir='ltr'>autem</span> <span class='ocrx_word' id='word_1_85' title='bbox 1136 1726 1305 1781; x_wconf 91' lang='lat' dir='ltr'>nobis</span> <span class='ocrx_word' id='word_1_86' title='bbox 1337 1726 1524 1782; x_wconf 88' lang='lat' dir='ltr'>ethoc</span> <span class='ocrx_word' id='word_1_87' title='bbox 1559 1727 1629 1781; x_wconf 89' lang='lat' dir='ltr'>de</span> <span class='ocrx_word' id='word_1_88' title='bbox 1662 1726 1810 1797; x_wconf 91' lang='lat' dir='ltr'>ipso:</span> <span class='ocrx_word' id='word_1_89' title='bbox 1844 1726 1988 1782; x_wconf 91' lang='lat' dir='ltr'>Cum</span> <span class='ocrx_word' id='word_1_90' title='bbox 2020 1725 2172 1781; x_wconf 89' lang='lat' dir='ltr'>alius</span> 
     </span>
    </p>
   </div>
   <div class='ocr_carea' id='block_1_17' title="bbox 1732 321 2145 402">
    <p class='ocr_par' dir='ltr' id='par_1_17' title="bbox 1732 324 2145 380">
     <span class='ocr_line' id='line_1_17' title="bbox 1732 324 2145 380; baseline -0.007 -1"><span class='ocrx_word' id='word_1_91' title='bbox 1732 325 1831 380; x_wconf 75' lang='lat' dir='ltr'>DE</span> <span class='ocrx_word' id='word_1_92' title='bbox 1867 324 2056 380; x_wconf 80' lang='lat' dir='ltr'>VITIS</span> <span class='ocrx_word' id='word_1_93' title='bbox 2090 325 2145 379; x_wconf 49' lang='grc' dir='ltr'>ΡΑ</span> 
     </span>
    </p>
   </div>
   <div class='ocr_carea' id='block_1_18' title="bbox 2260 321 3901 402">
    <p class='ocr_par' dir='ltr' id='par_1_18' title="bbox 2260 322 3901 402">
     <span class='ocr_line' id='line_1_18' title="bbox 2260 322 3901 402; baseline -0.001 -23"><span class='ocrx_word' id='word_1_94' title='bbox 2260 323 2391 382; x_wconf 75' lang='grc' dir='ltr'>ισΜ</span> <span class='ocrx_word' id='word_1_95' title='bbox 2427 322 2642 381; x_wconf 73' lang='lat' dir='ltr'>manu</span> <span class='ocrx_word' id='word_1_96' title='bbox 2678 322 2753 379; x_wconf 84' lang='lat' dir='ltr'>x.</span> <span class='ocrx_word' id='word_1_97' title='bbox 3812 342 3901 402; x_wconf 65' lang='grc' dir='ltr'>ωε</span> 
     </span>
    </p>
   </div>
   <div class='ocr_carea' id='block_1_19' title="bbox 2211 445 3905 527">
    <p class='ocr_par' dir='ltr' id='par_1_19' title="bbox 2211 445 3905 527">
     <span class='ocr_line' id='line_1_19' title="bbox 2211 445 3905 527; baseline 0.013 -26"><span class='ocrx_word' id='word_1_98' title='bbox 2211 453 2265 518; x_wconf 80' lang='grc' dir='ltr'><strong>Α</strong></span> <span class='ocrx_word' id='word_1_99' title='bbox 2295 445 2558 503; x_wconf 89' lang='lat' dir='ltr'>lucratus</span> <span class='ocrx_word' id='word_1_100' title='bbox 2588 462 2654 505; x_wconf 90' lang='lat' dir='ltr'>es</span> <span class='ocrx_word' id='word_1_101' title='bbox 2683 461 2750 503; x_wconf 88' lang='lat' dir='ltr'>ex</span> <span class='ocrx_word' id='word_1_102' title='bbox 2764 452 3217 521; x_wconf 85' lang='lat' dir='ltr'>peccato,frater</span> <span class='ocrx_word' id='word_1_103' title='bbox 3239 453 3353 509; x_wconf 87' lang='lat' dir='ltr'>mi?</span> <span class='ocrx_word' id='word_1_104' title='bbox 3373 462 3646 527; x_wconf 87' lang='lat' dir='ltr'>quantum</span> <span class='ocrx_word' id='word_1_105' title='bbox 3677 461 3800 521; x_wconf 88' lang='lat' dir='ltr'>inde</span> <span class='ocrx_word' id='word_1_106' title='bbox 3816 468 3905 524; x_wconf 86' lang='lat' dir='ltr'>de-</span> 
     </span>
    </p>
   </div>
   <div class='ocr_carea' id='block_1_20' title="bbox 2282 535 3894 618">
    <p class='ocr_par' dir='ltr' id='par_1_20' title="bbox 2282 535 3894 618">
     <span class='ocr_line' id='line_1_20' title="bbox 2282 535 3894 618; baseline 0.014 -28"><span class='ocrx_word' id='word_1_107' title='bbox 2282 535 2626 592; x_wconf 89' lang='lat' dir='ltr'>trimentum</span> <span class='ocrx_word' id='word_1_108' title='bbox 2645 537 2890 610; x_wconf 81' lang='lat' dir='ltr'>cepisti?</span> <span class='ocrx_word' id='word_1_109' title='bbox 2910 543 3132 597; x_wconf 89' lang='lat' dir='ltr'>Eamus</span> <span class='ocrx_word' id='word_1_110' title='bbox 3147 560 3356 599; x_wconf 81' lang='lat' dir='ltr'>rursus</span> <span class='ocrx_word' id='word_1_111' title='bbox 3370 544 3427 599; x_wconf 90' lang='lat' dir='ltr'>in</span> <span class='ocrx_word' id='word_1_112' title='bbox 3444 549 3776 609; x_wconf 78' lang='lat' dir='ltr'>cccnobium.</span> <span class='ocrx_word' id='word_1_113' title='bbox 3798 556 3894 618; x_wconf 84' lang='lat' dir='ltr'>Qui</span> 
     </span>
    </p>
   </div>
   <div class='ocr_carea' id='block_1_21' title="bbox 2283 625 3900 704">
    <p class='ocr_par' dir='ltr' id='par_1_21' title="bbox 2283 625 3900 704">
     <span class='ocr_line' id='line_1_21' title="bbox 2283 625 3900 704; baseline 0.014 -26"><span class='ocrx_word' id='word_1_114' title='bbox 2283 625 2383 680; x_wconf 90' lang='lat' dir='ltr'>ait:</span> <span class='ocrx_word' id='word_1_115' title='bbox 2408 625 2531 681; x_wconf 87' lang='lat' dir='ltr'>Non</span> <span class='ocrx_word' id='word_1_116' title='bbox 2558 627 2683 698; x_wconf 85' lang='lat' dir='ltr'>jam</span> <span class='ocrx_word' id='word_1_117' title='bbox 2716 643 2956 698; x_wconf 84' lang='lat' dir='ltr'>possum</span> <span class='ocrx_word' id='word_1_118' title='bbox 2991 629 3049 684; x_wconf 93' lang='lat' dir='ltr'>in</span> <span class='ocrx_word' id='word_1_119' title='bbox 3083 635 3721 703; x_wconf 87' lang='lat' dir='ltr'>eremumvenire,vade</span> <span class='ocrx_word' id='word_1_120' title='bbox 3750 660 3900 704; x_wconf 89' lang='lat' dir='ltr'>ame:</span> 
     </span>
    </p>
   </div>
   <div class='ocr_carea' id='block_1_22' title="bbox 2283 715 3901 795">
    <p class='ocr_par' dir='ltr' id='par_1_22' title="bbox 2283 715 3901 795">
     <span class='ocr_line' id='line_1_22' title="bbox 2283 715 3901 795; baseline 0.012 -26"><span class='ocrx_word' id='word_1_121' title='bbox 2283 730 2388 787; x_wconf 87' lang='lat' dir='ltr'>ego</span> <span class='ocrx_word' id='word_1_122' title='bbox 2419 715 2575 770; x_wconf 88' lang='lat' dir='ltr'>enim</span> <span class='ocrx_word' id='word_1_123' title='bbox 2598 715 2657 771; x_wconf 93' lang='lat' dir='ltr'>in</span> <span class='ocrx_word' id='word_1_124' title='bbox 2691 717 2903 773; x_wconf 60' lang='lat' dir='ltr'>saeculo</span> <span class='ocrx_word' id='word_1_125' title='bbox 2935 735 3159 776; x_wconf 89' lang='lat' dir='ltr'>maneo.</span> <span class='ocrx_word' id='word_1_126' title='bbox 3195 721 3338 777; x_wconf 89' lang='lat' dir='ltr'>Cum</span> <span class='ocrx_word' id='word_1_127' title='bbox 3362 722 3537 795; x_wconf 84' lang='lat' dir='ltr'>igitur</span> <span class='ocrx_word' id='word_1_128' title='bbox 3566 728 3801 786; x_wconf 89' lang='lat' dir='ltr'>multum</span> <span class='ocrx_word' id='word_1_129' title='bbox 3822 750 3901 789; x_wconf 80' lang='lat' dir='ltr'>ro-</span> 
     </span>
    </p>
   </div>
   <div class='ocr_carea' id='block_1_23' title="bbox 2283 805 3902 894">
    <p class='ocr_par' dir='ltr' id='par_1_23' title="bbox 2283 805 3902 894">
     <span class='ocr_line' id='line_1_23' title="bbox 2283 805 3902 894; baseline 0.013 -36"><span class='ocrx_word' id='word_1_130' title='bbox 2283 809 2448 875; x_wconf 89' lang='lat' dir='ltr'>garet</span> <span class='ocrx_word' id='word_1_131' title='bbox 2468 821 2628 873; x_wconf 90' lang='lat' dir='ltr'>eum,</span> <span class='ocrx_word' id='word_1_132' title='bbox 2661 805 2929 876; x_wconf 87' lang='lat' dir='ltr'>nihilque</span> <span class='ocrx_word' id='word_1_133' title='bbox 2960 809 3285 880; x_wconf 84' lang='lat' dir='ltr'>proﬁceret,</span> <span class='ocrx_word' id='word_1_134' title='bbox 3318 829 3502 885; x_wconf 89' lang='lat' dir='ltr'>neque</span> <span class='ocrx_word' id='word_1_135' title='bbox 3531 832 3591 871; x_wconf 91' lang='lat' dir='ltr'>se</span> <span class='ocrx_word' id='word_1_136' title='bbox 3638 817 3729 875; x_wconf 88' lang='lat' dir='ltr'>ille</span> <span class='ocrx_word' id='word_1_137' title='bbox 3756 824 3902 894; x_wconf 89' lang='lat' dir='ltr'>sequi</span> 
     </span>
    </p>
   </div>
   <div class='ocr_carea' id='block_1_24' title="bbox 2274 892 3901 974">
    <p class='ocr_par' dir='ltr' id='par_1_24' title="bbox 2274 892 3901 974">
     <span class='ocr_line' id='line_1_24' title="bbox 2274 892 3901 974; baseline 0.012 -28"><span class='ocrx_word' id='word_1_138' title='bbox 2274 892 2401 963; x_wconf 89' lang='lat' dir='ltr'>jam</span> <span class='ocrx_word' id='word_1_139' title='bbox 2435 894 2506 947; x_wconf 87' lang='lat' dir='ltr'>ad</span> <span class='ocrx_word' id='word_1_140' title='bbox 2540 909 2798 949; x_wconf 89' lang='lat' dir='ltr'>eremum</span> <span class='ocrx_word' id='word_1_141' title='bbox 2833 895 3025 967; x_wconf 86' lang='lat' dir='ltr'>vellet,</span> <span class='ocrx_word' id='word_1_142' title='bbox 3062 899 3281 954; x_wconf 88' lang='lat' dir='ltr'>mansit</span> <span class='ocrx_word' id='word_1_143' title='bbox 3313 905 3370 955; x_wconf 90' lang='lat' dir='ltr'>et</span> <span class='ocrx_word' id='word_1_144' title='bbox 3398 902 3520 974; x_wconf 91' lang='lat' dir='ltr'>ipse</span> <span class='ocrx_word' id='word_1_145' title='bbox 3568 920 3695 961; x_wconf 90' lang='lat' dir='ltr'>cum</span> <span class='ocrx_word' id='word_1_146' title='bbox 3741 892 3901 966; x_wconf 25' lang='lat' dir='ltr'>illovin</span> 
     </span>
    </p>
   </div>
   <div class='ocr_carea' id='block_1_25' title="bbox 2282 981 3902 1063">
    <p class='ocr_par' dir='ltr' id='par_1_25' title="bbox 2282 981 3902 1063">
     <span class='ocr_line' id='line_1_25' title="bbox 2282 981 3902 1063; baseline 0.011 -27"><span class='ocrx_word' id='word_1_147' title='bbox 2282 981 2515 1037; x_wconf 70' lang='lat' dir='ltr'>saeculo:</span> <span class='ocrx_word' id='word_1_148' title='bbox 2544 981 3007 1057; x_wconf 83' lang='lat' dir='ltr'>laborabantque</span> <span class='ocrx_word' id='word_1_149' title='bbox 3037 988 3209 1044; x_wconf 88' lang='lat' dir='ltr'>ambo</span> <span class='ocrx_word' id='word_1_150' title='bbox 3234 991 3505 1047; x_wconf 89' lang='lat' dir='ltr'>manibus</span> <span class='ocrx_word' id='word_1_151' title='bbox 3528 994 3668 1063; x_wconf 90' lang='lat' dir='ltr'>suis,</span> <span class='ocrx_word' id='word_1_152' title='bbox 3698 999 3902 1055; x_wconf 70' lang='lat' dir='ltr'>utvive-</span> 
     </span>
    </p>
   </div>
   <div class='ocr_carea' id='block_1_26' title="bbox 2282 1074 2431 1125">
    <p class='ocr_par' dir='ltr' id='par_1_26' title="bbox 2282 1074 2431 1125">
     <span class='ocr_line' id='line_1_26' title="bbox 2282 1074 2431 1125; baseline 0 0"><span class='ocrx_word' id='word_1_153' title='bbox 2282 1074 2431 1125; x_wconf 85' lang='lat' dir='ltr'>rent.</span> 
     </span>
    </p>
   </div>
   <div class='ocr_carea' id='block_1_27' title="bbox 2354 1160 3902 1245">
    <p class='ocr_par' dir='ltr' id='par_1_27' title="bbox 2354 1160 3902 1245">
     <span class='ocr_line' id='line_1_27' title="bbox 2354 1160 3902 1245; baseline 0.012 -31"><span class='ocrx_word' id='word_1_154' title='bbox 2354 1160 2459 1215; x_wconf 89' lang='lat' dir='ltr'>Per</span> <span class='ocrx_word' id='word_1_155' title='bbox 2488 1161 2640 1216; x_wconf 89' lang='lat' dir='ltr'>idem</span> <span class='ocrx_word' id='word_1_156' title='bbox 2676 1166 2908 1234; x_wconf 84' lang='lat' dir='ltr'>tempus</span> <span class='ocrx_word' id='word_1_157' title='bbox 2941 1164 3122 1221; x_wconf 83' lang='lat' dir='ltr'>abbas</span> <span class='ocrx_word' id='word_1_158' title='bbox 3154 1168 3491 1238; x_wconf 85' lang='lat' dir='ltr'>Abramius,</span> <span class='ocrx_word' id='word_1_159' title='bbox 3526 1173 3623 1243; x_wconf 86' lang='lat' dir='ltr'>qui</span> <span class='ocrx_word' id='word_1_160' title='bbox 3664 1180 3902 1245; x_wconf 88' lang='lat' dir='ltr'>postmo-</span> 
     </span>
    </p>
   </div>
   <div class='ocr_carea' id='block_1_28' title="bbox 2281 1249 3903 1332">
    <p class='ocr_par' dir='ltr' id='par_1_28' title="bbox 2281 1249 3903 1332">
     <span class='ocr_line' id='line_1_28' title="bbox 2281 1249 3903 1332; baseline 0.011 -29"><span class='ocrx_word' id='word_1_161' title='bbox 2281 1249 2421 1305; x_wconf 89' lang='lat' dir='ltr'>dum</span> <span class='ocrx_word' id='word_1_162' title='bbox 2440 1250 2629 1306; x_wconf 87' lang='lat' dir='ltr'>factus</span> <span class='ocrx_word' id='word_1_163' title='bbox 2652 1257 2740 1306; x_wconf 89' lang='lat' dir='ltr'>est</span> <span class='ocrx_word' id='word_1_164' title='bbox 2761 1252 3072 1326; x_wconf 87' lang='lat' dir='ltr'>episcopus</span> <span class='ocrx_word' id='word_1_165' title='bbox 3092 1257 3323 1327; x_wconf 86' lang='lat' dir='ltr'>Ephesi,</span> <span class='ocrx_word' id='word_1_166' title='bbox 3350 1264 3407 1313; x_wconf 87' lang='lat' dir='ltr'>et</span> <span class='ocrx_word' id='word_1_167' title='bbox 3428 1277 3611 1332; x_wconf 87' lang='lat' dir='ltr'>nuper</span> <span class='ocrx_word' id='word_1_168' title='bbox 3634 1272 3903 1321; x_wconf 87' lang='lat' dir='ltr'>monaste-</span> 
     </span>
    </p>
   </div>
   <div class='ocr_carea' id='block_1_29' title="bbox 2282 1338 3897 1417">
    <p class='ocr_par' dir='ltr' id='par_1_29' title="bbox 2282 1338 3897 1417">
     <span class='ocr_line' id='line_1_29' title="bbox 2282 1338 3897 1417; baseline 0.01 -23"><span class='ocrx_word' id='word_1_169' title='bbox 2282 1338 2435 1394; x_wconf 89' lang='lat' dir='ltr'>rium</span> <span class='ocrx_word' id='word_1_170' title='bbox 2463 1342 2792 1397; x_wconf 81' lang='lat' dir='ltr'>construxit</span> <span class='ocrx_word' id='word_1_171' title='bbox 2818 1346 3322 1417; x_wconf 86' lang='lat' dir='ltr'>Coustantinopoli</span> <span class='ocrx_word' id='word_1_172' title='bbox 3357 1349 3575 1406; x_wconf 89' lang='lat' dir='ltr'>dictum</span> <span class='ocrx_word' id='word_1_173' title='bbox 3594 1353 3897 1410; x_wconf 81' lang='lat' dir='ltr'>Abramita-</span> 
     </span>
    </p>
   </div>
   <div class='ocr_carea' id='block_1_30' title="bbox 2279 1430 3903 1501">
    <p class='ocr_par' dir='ltr' id='par_1_30' title="bbox 2279 1430 3903 1501">
     <span class='ocr_line' id='line_1_30' title="bbox 2279 1430 3903 1501; baseline 0.01 -18"><span class='ocrx_word' id='word_1_174' title='bbox 2279 1446 2432 1497; x_wconf 88' lang='lat' dir='ltr'>rum,</span> <span class='ocrx_word' id='word_1_175' title='bbox 2455 1430 2644 1485; x_wconf 91' lang='lat' dir='ltr'>bonus</span> <span class='ocrx_word' id='word_1_176' title='bbox 2658 1447 2722 1486; x_wconf 89' lang='lat' dir='ltr'>ac</span> <span class='ocrx_word' id='word_1_177' title='bbox 2740 1431 2902 1487; x_wconf 90' lang='lat' dir='ltr'>mitis</span> <span class='ocrx_word' id='word_1_178' title='bbox 2919 1438 3140 1501; x_wconf 88' lang='lat' dir='ltr'>pastor,</span> <span class='ocrx_word' id='word_1_179' title='bbox 3162 1436 3489 1494; x_wconf 56' lang='lat' dir='ltr'>aedificabat</span> <span class='ocrx_word' id='word_1_180' title='bbox 3504 1443 3903 1500; x_wconf 83' lang='lat' dir='ltr'>monasterium</span> 
     </span>
    </p>
   </div>
   <div class='ocr_carea' id='block_1_31' title="bbox 2278 1522 3907 1597">
    <p class='ocr_par' dir='ltr' id='par_1_31' title="bbox 2278 1522 3907 1597">
     <span class='ocr_line' id='line_1_31' title="bbox 2278 1522 3907 1597; baseline 0.01 -24"><span class='ocrx_word' id='word_1_181' title='bbox 2278 1536 2473 1589; x_wconf 88' lang='lat' dir='ltr'>suum,</span> <span class='ocrx_word' id='word_1_182' title='bbox 2509 1523 2664 1593; x_wconf 91' lang='lat' dir='ltr'>quod</span> <span class='ocrx_word' id='word_1_183' title='bbox 2696 1522 2910 1578; x_wconf 89' lang='lat' dir='ltr'>dicitur</span> <span class='ocrx_word' id='word_1_184' title='bbox 2940 1525 3368 1597; x_wconf 73' lang='lat' dir='ltr'>Byzantiorum.</span> <span class='ocrx_word' id='word_1_185' title='bbox 3395 1531 3684 1588; x_wconf 82' lang='lat' dir='ltr'>Abeuntes</span> <span class='ocrx_word' id='word_1_186' title='bbox 3728 1538 3907 1590; x_wconf 89' lang='lat' dir='ltr'>autem</span> 
     </span>
    </p>
   </div>
   <div class='ocr_carea' id='block_1_32' title="bbox 2279 1610 3905 1686">
    <p class='ocr_par' dir='ltr' id='par_1_32' title="bbox 2279 1610 3905 1686">
     <span class='ocr_line' id='line_1_32' title="bbox 2279 1610 3905 1686; baseline 0.01 -23"><span class='ocrx_word' id='word_1_187' title='bbox 2279 1610 2310 1663; x_wconf 94' lang='lat' dir='ltr'>d</span> <span class='ocrx_word' id='word_1_188' title='bbox 2325 1626 2394 1665; x_wconf 94' lang='lat' dir='ltr'>uo</span> <span class='ocrx_word' id='word_1_189' title='bbox 2412 1610 2617 1667; x_wconf 89' lang='lat' dir='ltr'>fratres</span> <span class='ocrx_word' id='word_1_190' title='bbox 2632 1610 2974 1669; x_wconf 83' lang='lat' dir='ltr'>laborabant</span> <span class='ocrx_word' id='word_1_191' title='bbox 2989 1616 3043 1669; x_wconf 92' lang='lat' dir='ltr'>in</span> <span class='ocrx_word' id='word_1_192' title='bbox 3059 1632 3249 1686; x_wconf 90' lang='lat' dir='ltr'>opere,</span> <span class='ocrx_word' id='word_1_193' title='bbox 3261 1619 3668 1677; x_wconf 82' lang='lat' dir='ltr'>ministrantes</span> <span class='ocrx_word' id='word_1_194' title='bbox 3683 1638 3905 1679; x_wconf 76' lang='lat' dir='ltr'>caemen-</span> 
     </span>
    </p>
   </div>
   <div class='ocr_carea' id='block_1_33' title="bbox 2276 1700 3905 1779">
    <p class='ocr_par' dir='ltr' id='par_1_33' title="bbox 2276 1700 3905 1779">
     <span class='ocr_line' id='line_1_33' title="bbox 2276 1700 3905 1779; baseline 0.009 -26"><span class='ocrx_word' id='word_1_195' title='bbox 2276 1700 2464 1754; x_wconf 90' lang='lat' dir='ltr'>tariis.</span> <span class='ocrx_word' id='word_1_196' title='bbox 2498 1700 2806 1772; x_wconf 89' lang='lat' dir='ltr'>Sumptam</span> <span class='ocrx_word' id='word_1_197' title='bbox 2842 1719 2974 1758; x_wconf 86' lang='lat' dir='ltr'>vero</span> <span class='ocrx_word' id='word_1_198' title='bbox 3006 1707 3335 1762; x_wconf 87' lang='lat' dir='ltr'>mercedem</span> <span class='ocrx_word' id='word_1_199' title='bbox 3371 1710 3564 1779; x_wconf 88' lang='lat' dir='ltr'>cperis</span> <span class='ocrx_word' id='word_1_200' title='bbox 3618 1712 3905 1767; x_wconf 88' lang='lat' dir='ltr'>amborum</span> 
     </span>
    </p>
   </div>
   <div class='ocr_carea' id='block_1_34' title="bbox 521 1788 3907 1889">
    <p class='ocr_par' dir='ltr' id='par_1_34' title="bbox 521 1788 3907 1889">
     <span class='ocr_line' id='line_1_34' title="bbox 521 1788 3907 1889; baseline 0.001 -36"><span class='ocrx_word' id='word_1_201' title='bbox 521 1821 614 1875; x_wconf 70' lang='lat' dir='ltr'>hic</span> <span class='ocrx_word' id='word_1_202' title='bbox 649 1820 856 1875; x_wconf 53' lang='lat' dir='ltr'>ruisset</span> <span class='ocrx_word' id='word_1_203' title='bbox 883 1835 1080 1887; x_wconf 60' lang='lat' dir='ltr'>senex,</span> <span class='ocrx_word' id='word_1_204' title='bbox 1113 1834 1323 1889; x_wconf 63' lang='lat' dir='ltr'>genere</span> <span class='ocrx_word' id='word_1_205' title='bbox 1362 1818 1570 1882; x_wconf 53' lang='lat' dir='ltr'>Arabs,</span> <span class='ocrx_word' id='word_1_206' title='bbox 1602 1788 1879 1873; x_wconf 62' lang='lat' dir='ltr'>Juiianus</span> <span class='ocrx_word' id='word_1_207' title='bbox 1910 1818 2168 1883; x_wconf 48' lang='lat' dir='ltr'>nomine,</span> <span class='ocrx_word' id='word_1_208' title='bbox 2200 1822 2246 1887; x_wconf 83' lang='lat' dir='ltr'><strong>B</strong></span> <span class='ocrx_word' id='word_1_209' title='bbox 2279 1788 3434 1889; x_wconf 38' lang='lat' dir='ltr'>fraterillequiin-fornicationemlapsus</span> <span class='ocrx_word' id='word_1_210' title='bbox 3452 1799 3907 1889; x_wconf 84' lang='lat' dir='ltr'>fuerat,quotidie</span> 
     </span>
    </p>
   </div>
   <div class='ocr_carea' id='block_1_35' title="bbox 521 1906 2164 1982">
    <p class='ocr_par' dir='ltr' id='par_1_35' title="bbox 521 1906 2164 1982">
     <span class='ocr_line' id='line_1_35' title="bbox 521 1906 2164 1982; baseline -0.002 -16"><span class='ocrx_word' id='word_1_211' title='bbox 521 1916 730 1982; x_wconf 87' lang='lat' dir='ltr'>captus</span> <span class='ocrx_word' id='word_1_212' title='bbox 762 1908 971 1977; x_wconf 89' lang='lat' dir='ltr'>oculis,</span> <span class='ocrx_word' id='word_1_213' title='bbox 1004 1908 1130 1979; x_wconf 90' lang='lat' dir='ltr'>ipse</span> <span class='ocrx_word' id='word_1_214' title='bbox 1161 1906 1478 1978; x_wconf 87' lang='lat' dir='ltr'>aliquando</span> <span class='ocrx_word' id='word_1_215' title='bbox 1509 1907 1939 1963; x_wconf 83' lang='lat' dir='ltr'>scandalizatus</span> <span class='ocrx_word' id='word_1_216' title='bbox 1986 1912 2075 1965; x_wconf 83' lang='lat' dir='ltr'>est</span> <span class='ocrx_word' id='word_1_217' title='bbox 2104 1909 2164 1964; x_wconf 92' lang='lat' dir='ltr'>in</span> 
     </span>
    </p>
   </div>
   <div class='ocr_carea' id='block_1_36' title="bbox 520 1996 2164 2069">
    <p class='ocr_par' dir='ltr' id='par_1_36' title="bbox 520 1996 2164 2069">
     <span class='ocr_line' id='line_1_36' title="bbox 520 1996 2164 2069; baseline -0.002 -13"><span class='ocrx_word' id='word_1_218' title='bbox 520 1999 842 2056; x_wconf 89' lang='lat' dir='ltr'>Macarium</span> <span class='ocrx_word' id='word_1_219' title='bbox 869 1996 1376 2069; x_wconf 89' lang='lat' dir='ltr'>archiepiscopum</span> <span class='ocrx_word' id='word_1_220' title='bbox 1408 1996 2164 2069; x_wconf 83' lang='lat' dir='ltr'>Jerosolymitanum,nole-</span> 
     </span>
    </p>
   </div>
   <div class='ocr_carea' id='block_1_37' title="bbox 515 2085 2162 2161">
    <p class='ocr_par' dir='ltr' id='par_1_37' title="bbox 515 2085 2162 2161">
     <span class='ocr_line' id='line_1_37' title="bbox 515 2085 2162 2161; baseline -0.003 -16"><span class='ocrx_word' id='word_1_221' title='bbox 515 2092 741 2161; x_wconf 88' lang='lat' dir='ltr'>batque</span> <span class='ocrx_word' id='word_1_222' title='bbox 758 2089 1194 2143; x_wconf 88' lang='lat' dir='ltr'>communicare</span> <span class='ocrx_word' id='word_1_223' title='bbox 1214 2085 1589 2151; x_wconf 88' lang='lat' dir='ltr'>illi.Quadam</span> <span class='ocrx_word' id='word_1_224' title='bbox 1611 2102 1745 2157; x_wconf 88' lang='lat' dir='ltr'>ergo</span> <span class='ocrx_word' id='word_1_225' title='bbox 1761 2085 1853 2141; x_wconf 92' lang='lat' dir='ltr'>die</span> <span class='ocrx_word' id='word_1_226' title='bbox 1867 2086 2045 2141; x_wconf 84' lang='lat' dir='ltr'>abbas</span> <span class='ocrx_word' id='word_1_227' title='bbox 2060 2086 2162 2141; x_wconf 93' lang='lat' dir='ltr'>Ju-</span> 
     </span>
    </p>
   </div>
   <div class='ocr_carea' id='block_1_38' title="bbox 518 2175 2161 2249">
    <p class='ocr_par' dir='ltr' id='par_1_38' title="bbox 518 2175 2161 2249">
     <span class='ocr_line' id='line_1_38' title="bbox 518 2175 2161 2249; baseline -0.003 -15"><span class='ocrx_word' id='word_1_228' title='bbox 518 2179 715 2235; x_wconf 82' lang='lat' dir='ltr'>lianus</span> <span class='ocrx_word' id='word_1_229' title='bbox 737 2175 1091 2249; x_wconf 84' lang='lat' dir='ltr'>significavit</span> <span class='ocrx_word' id='word_1_230' title='bbox 1109 2175 1305 2230; x_wconf 78' lang='lat' dir='ltr'>abbati</span> <span class='ocrx_word' id='word_1_231' title='bbox 1328 2175 1714 2246; x_wconf 87' lang='lat' dir='ltr'>Simeoni,qui</span> <span class='ocrx_word' id='word_1_232' title='bbox 1745 2175 1940 2247; x_wconf 70' lang='lat' dir='ltr'>eratin</span> <span class='ocrx_word' id='word_1_233' title='bbox 1965 2180 2161 2230; x_wconf 90' lang='lat' dir='ltr'>monte</span> 
     </span>
    </p>
   </div>
   <div class='ocr_carea' id='block_1_39' title="bbox 517 2264 2159 2339">
    <p class='ocr_par' dir='ltr' id='par_1_39' title="bbox 517 2264 2159 2339">
     <span class='ocr_line' id='line_1_39' title="bbox 517 2264 2159 2339; baseline -0.002 -17"><span class='ocrx_word' id='word_1_234' title='bbox 517 2266 773 2323; x_wconf 86' lang='lat' dir='ltr'>mirabili</span> <span class='ocrx_word' id='word_1_235' title='bbox 796 2266 997 2339; x_wconf 83' lang='lat' dir='ltr'>(distat</span> <span class='ocrx_word' id='word_1_236' title='bbox 1013 2269 1211 2320; x_wconf 90' lang='lat' dir='ltr'>autem</span> <span class='ocrx_word' id='word_1_237' title='bbox 1244 2264 1758 2336; x_wconf 89' lang='lat' dir='ltr'>aTheopolimons</span> <span class='ocrx_word' id='word_1_238' title='bbox 1790 2264 1915 2337; x_wconf 90' lang='lat' dir='ltr'>ipse</span> <span class='ocrx_word' id='word_1_239' title='bbox 1942 2264 2159 2319; x_wconf 88' lang='lat' dir='ltr'>millia-</span> 
     </span>
    </p>
   </div>
   <div class='ocr_carea' id='block_1_40' title="bbox 514 2353 2154 2425">
    <p class='ocr_par' dir='ltr' id='par_1_40' title="bbox 514 2353 2154 2425">
     <span class='ocr_line' id='line_1_40' title="bbox 514 2353 2154 2425; baseline -0.002 -14"><span class='ocrx_word' id='word_1_240' title='bbox 514 2357 677 2412; x_wconf 88' lang='lat' dir='ltr'>ribus</span> <span class='ocrx_word' id='word_1_241' title='bbox 710 2356 942 2425; x_wconf 89' lang='lat' dir='ltr'>novem)</span> <span class='ocrx_word' id='word_1_242' title='bbox 974 2354 1195 2409; x_wconf 89' lang='lat' dir='ltr'>dicens:</span> <span class='ocrx_word' id='word_1_243' title='bbox 1247 2353 1445 2409; x_wconf 66' lang='lat' dir='ltr'>Caecus</span> <span class='ocrx_word' id='word_1_244' title='bbox 1497 2371 1653 2421; x_wconf 89' lang='lat' dir='ltr'>sum,</span> <span class='ocrx_word' id='word_1_245' title='bbox 1686 2357 1743 2409; x_wconf 90' lang='lat' dir='ltr'>et</span> <span class='ocrx_word' id='word_1_246' title='bbox 1801 2370 1916 2425; x_wconf 91' lang='lat' dir='ltr'>quo</span> <span class='ocrx_word' id='word_1_247' title='bbox 1949 2354 2154 2409; x_wconf 89' lang='lat' dir='ltr'>abeam</span> 
     </span>
    </p>
   </div>
   <div class='ocr_carea' id='block_1_41' title="bbox 510 2443 2153 2515">
    <p class='ocr_par' dir='ltr' id='par_1_41' title="bbox 510 2443 2153 2515">
     <span class='ocr_line' id='line_1_41' title="bbox 510 2443 2153 2515; baseline -0.004 -11"><span class='ocrx_word' id='word_1_248' title='bbox 510 2447 724 2514; x_wconf 87' lang='lat' dir='ltr'>nescio;</span> <span class='ocrx_word' id='word_1_249' title='bbox 760 2462 948 2515; x_wconf 88' lang='lat' dir='ltr'>neque</span> <span class='ocrx_word' id='word_1_250' title='bbox 970 2460 1104 2499; x_wconf 90' lang='lat' dir='ltr'>vero</span> <span class='ocrx_word' id='word_1_251' title='bbox 1126 2443 1312 2500; x_wconf 90' lang='lat' dir='ltr'>habeo</span> <span class='ocrx_word' id='word_1_252' title='bbox 1335 2444 1434 2515; x_wconf 91' lang='lat' dir='ltr'>qui</span> <span class='ocrx_word' id='word_1_253' title='bbox 1477 2443 1663 2514; x_wconf 89' lang='lat' dir='ltr'>possit</span> <span class='ocrx_word' id='word_1_254' title='bbox 1696 2443 1961 2498; x_wconf 84' lang='lat' dir='ltr'>auxiliari</span> <span class='ocrx_word' id='word_1_255' title='bbox 1987 2444 2153 2513; x_wconf 87' lang='lat' dir='ltr'>mihi,</span> 
     </span>
    </p>
   </div>
   <div class='ocr_carea' id='block_1_42' title="bbox 510 2532 2156 2599">
    <p class='ocr_par' dir='ltr' id='par_1_42' title="bbox 510 2532 2156 2599">
     <span class='ocr_line' id='line_1_42' title="bbox 510 2532 2156 2599; baseline -0.002 -7"><span class='ocrx_word' id='word_1_256' title='bbox 510 2541 567 2592; x_wconf 92' lang='lat' dir='ltr'>et</span> <span class='ocrx_word' id='word_1_257' title='bbox 594 2534 1028 2591; x_wconf 87' lang='lat' dir='ltr'>communicare</span> <span class='ocrx_word' id='word_1_258' title='bbox 1042 2533 1291 2589; x_wconf 89' lang='lat' dir='ltr'>Macario</span> <span class='ocrx_word' id='word_1_259' title='bbox 1316 2533 1797 2588; x_wconf 90' lang='lat' dir='ltr'>detrecto.Indica</span> <span class='ocrx_word' id='word_1_260' title='bbox 1812 2532 2156 2599; x_wconf 89' lang='lat' dir='ltr'>mihi,Pater</span> 
     </span>
    </p>
   </div>
   <div class='ocr_carea' id='block_1_43' title="bbox 509 2622 2155 2698">
    <p class='ocr_par' dir='ltr' id='par_1_43' title="bbox 509 2622 2155 2698">
     <span class='ocr_line' id='line_1_43' title="bbox 509 2622 2155 2698; baseline -0.001 -18"><span class='ocrx_word' id='word_1_261' title='bbox 509 2626 651 2698; x_wconf 92' lang='lat' dir='ltr'>quid</span> <span class='ocrx_word' id='word_1_262' title='bbox 686 2641 855 2695; x_wconf 87' lang='lat' dir='ltr'>agere</span> <span class='ocrx_word' id='word_1_263' title='bbox 887 2624 1129 2679; x_wconf 89' lang='lat' dir='ltr'>debeam</span> <span class='ocrx_word' id='word_1_264' title='bbox 1154 2622 1224 2677; x_wconf 90' lang='lat' dir='ltr'>de</span> <span class='ocrx_word' id='word_1_265' title='bbox 1245 2623 1549 2693; x_wconf 88' lang='lat' dir='ltr'>fratre,qui</span> <span class='ocrx_word' id='word_1_266' title='bbox 1598 2622 1921 2678; x_wconf 88' lang='lat' dir='ltr'>fornicatus</span> <span class='ocrx_word' id='word_1_267' title='bbox 1969 2627 2075 2689; x_wconf 89' lang='lat' dir='ltr'>est,</span> <span class='ocrx_word' id='word_1_268' title='bbox 2098 2627 2155 2678; x_wconf 90' lang='lat' dir='ltr'>et</span> 
     </span>
    </p>
   </div>
   <div class='ocr_carea' id='block_1_44' title="bbox 509 2711 2151 2785">
    <p class='ocr_par' dir='ltr' id='par_1_44' title="bbox 509 2711 2151 2785">
     <span class='ocr_line' id='line_1_44' title="bbox 509 2711 2151 2785; baseline -0.002 -14"><span class='ocrx_word' id='word_1_269' title='bbox 509 2718 579 2771; x_wconf 92' lang='lat' dir='ltr'>de</span> <span class='ocrx_word' id='word_1_270' title='bbox 604 2714 835 2785; x_wconf 92' lang='lat' dir='ltr'>illo,qui</span> <span class='ocrx_word' id='word_1_271' title='bbox 850 2729 1058 2768; x_wconf 90' lang='lat' dir='ltr'>secum</span> <span class='ocrx_word' id='word_1_272' title='bbox 1083 2728 1148 2768; x_wconf 92' lang='lat' dir='ltr'>eo</span> <span class='ocrx_word' id='word_1_273' title='bbox 1164 2712 1503 2783; x_wconf 89' lang='lat' dir='ltr'>juramento</span> <span class='ocrx_word' id='word_1_274' title='bbox 1518 2711 2151 2783; x_wconf 84' lang='lat' dir='ltr'>constrinxit.Respon-</span> 
     </span>
    </p>
   </div>
   <div class='ocr_carea' id='block_1_45' title="bbox 509 2798 2151 2868">
    <p class='ocr_par' dir='ltr' id='par_1_45' title="bbox 509 2798 2151 2868">
     <span class='ocr_line' id='line_1_45' title="bbox 509 2798 2151 2868; baseline 0 -12"><span class='ocrx_word' id='word_1_275' title='bbox 509 2802 596 2857; x_wconf 93' lang='lat' dir='ltr'>dit</span> <span class='ocrx_word' id='word_1_276' title='bbox 627 2805 821 2856; x_wconf 87' lang='lat' dir='ltr'>autem</span> <span class='ocrx_word' id='word_1_277' title='bbox 854 2800 1033 2855; x_wconf 87' lang='lat' dir='ltr'>abbas</span> <span class='ocrx_word' id='word_1_278' title='bbox 1052 2800 1289 2854; x_wconf 88' lang='lat' dir='ltr'>Simeon</span> <span class='ocrx_word' id='word_1_279' title='bbox 1322 2798 1789 2868; x_wconf 85' lang='lat' dir='ltr'>abbatiJuliano,</span> <span class='ocrx_word' id='word_1_280' title='bbox 1812 2799 2035 2856; x_wconf 89' lang='lat' dir='ltr'>dicens:</span> <span class='ocrx_word' id='word_1_281' title='bbox 2070 2800 2151 2856; x_wconf 91' lang='lat' dir='ltr'><strong>Ne</strong></span> 
     </span>
    </p>
   </div>
   <div class='ocr_carea' id='block_1_46' title="bbox 506 2887 2147 2960">
    <p class='ocr_par' dir='ltr' id='par_1_46' title="bbox 506 2887 2147 2960">
     <span class='ocr_line' id='line_1_46' title="bbox 506 2887 2147 2960; baseline -0.001 -14"><span class='ocrx_word' id='word_1_282' title='bbox 506 2890 765 2959; x_wconf 86' lang='lat' dir='ltr'>recedas,</span> <span class='ocrx_word' id='word_1_283' title='bbox 798 2905 984 2960; x_wconf 88' lang='lat' dir='ltr'>neque</span> <span class='ocrx_word' id='word_1_284' title='bbox 1015 2894 1070 2943; x_wconf 89' lang='lat' dir='ltr'>te</span> <span class='ocrx_word' id='word_1_285' title='bbox 1101 2888 1299 2959; x_wconf 91' lang='lat' dir='ltr'>ipsum</span> <span class='ocrx_word' id='word_1_286' title='bbox 1332 2904 1365 2942; x_wconf 89' lang='lat' dir='ltr'>a</span> <span class='ocrx_word' id='word_1_287' title='bbox 1395 2890 1598 2943; x_wconf 90' lang='lat' dir='ltr'>sancta</span> <span class='ocrx_word' id='word_1_288' title='bbox 1619 2887 1870 2944; x_wconf 84' lang='lat' dir='ltr'>Ecclesia</span> <span class='ocrx_word' id='word_1_289' title='bbox 1892 2904 2147 2960; x_wconf 85' lang='lat' dir='ltr'>separes;</span> 
     </span>
    </p>
   </div>
   <div class='ocr_carea' id='block_1_47' title="bbox 507 2976 2148 3051">
    <p class='ocr_par' dir='ltr' id='par_1_47' title="bbox 507 2976 2148 3051">
     <span class='ocr_line' id='line_1_47' title="bbox 507 2976 2148 3051; baseline -0.002 -15"><span class='ocrx_word' id='word_1_290' title='bbox 507 2995 697 3051; x_wconf 90' lang='lat' dir='ltr'>neque</span> <span class='ocrx_word' id='word_1_291' title='bbox 712 2978 867 3033; x_wconf 89' lang='lat' dir='ltr'>enim</span> <span class='ocrx_word' id='word_1_292' title='bbox 884 2977 985 3031; x_wconf 90' lang='lat' dir='ltr'>illa</span> <span class='ocrx_word' id='word_1_293' title='bbox 1001 2976 1151 3032; x_wconf 90' lang='lat' dir='ltr'>male</span> <span class='ocrx_word' id='word_1_294' title='bbox 1166 2976 1797 3047; x_wconf 87' lang='lat' dir='ltr'>habet,gratiaDomini</span> <span class='ocrx_word' id='word_1_295' title='bbox 1813 2978 1996 3033; x_wconf 88' lang='lat' dir='ltr'>nostri</span> <span class='ocrx_word' id='word_1_296' title='bbox 2009 2979 2148 3035; x_wconf 88' lang='lat' dir='ltr'>Jesu</span> 
     </span>
    </p>
   </div>
   <div class='ocr_carea' id='block_1_48' title="bbox 507 3065 2147 3137">
    <p class='ocr_par' dir='ltr' id='par_1_48' title="bbox 507 3065 2147 3137">
     <span class='ocr_line' id='line_1_48' title="bbox 507 3065 2147 3137; baseline -0.001 -12"><span class='ocrx_word' id='word_1_297' title='bbox 507 3067 724 3125; x_wconf 89' lang='lat' dir='ltr'>Christi</span> <span class='ocrx_word' id='word_1_298' title='bbox 755 3066 884 3123; x_wconf 86' lang='lat' dir='ltr'>Filii</span> <span class='ocrx_word' id='word_1_299' title='bbox 915 3067 1036 3122; x_wconf 91' lang='lat' dir='ltr'>Dei.</span> <span class='ocrx_word' id='word_1_300' title='bbox 1072 3066 1182 3121; x_wconf 86' lang='lat' dir='ltr'>Sed</span> <span class='ocrx_word' id='word_1_301' title='bbox 1216 3070 1273 3120; x_wconf 89' lang='lat' dir='ltr'>et</span> <span class='ocrx_word' id='word_1_302' title='bbox 1304 3065 1413 3120; x_wconf 92' lang='lat' dir='ltr'>hoc</span> <span class='ocrx_word' id='word_1_303' title='bbox 1464 3066 1628 3135; x_wconf 89' lang='lat' dir='ltr'>scito,</span> <span class='ocrx_word' id='word_1_304' title='bbox 1684 3067 1881 3135; x_wconf 83' lang='lat' dir='ltr'>frater,</span> <span class='ocrx_word' id='word_1_305' title='bbox 1915 3069 2065 3137; x_wconf 92' lang='lat' dir='ltr'>quod</span> <span class='ocrx_word' id='word_1_306' title='bbox 2098 3068 2147 3124; x_wconf 91' lang='lat' dir='ltr'>si</span> 
     </span>
    </p>
   </div>
   <div class='ocr_carea' id='block_1_49' title="bbox 508 3154 2148 3232">
    <p class='ocr_par' dir='ltr' id='par_1_49' title="bbox 508 3154 2148 3232">
     <span class='ocr_line' id='line_1_49' title="bbox 508 3154 2148 3232; baseline -0.001 -16"><span class='ocrx_word' id='word_1_307' title='bbox 508 3161 641 3232; x_wconf 91' lang='lat' dir='ltr'>quis</span> <span class='ocrx_word' id='word_1_308' title='bbox 674 3159 732 3213; x_wconf 91' lang='lat' dir='ltr'>in</span> <span class='ocrx_word' id='word_1_309' title='bbox 747 3156 1016 3213; x_wconf 64' lang='lat' dir='ltr'>haeresim</span> <span class='ocrx_word' id='word_1_310' title='bbox 1032 3154 1327 3223; x_wconf 87' lang='lat' dir='ltr'>inciderit,</span> <span class='ocrx_word' id='word_1_311' title='bbox 1341 3154 1397 3209; x_wconf 92' lang='lat' dir='ltr'>in</span> <span class='ocrx_word' id='word_1_312' title='bbox 1414 3155 1674 3211; x_wconf 76' lang='lat' dir='ltr'>coenobio</span> <span class='ocrx_word' id='word_1_313' title='bbox 1688 3161 1904 3223; x_wconf 90' lang='lat' dir='ltr'>vestro,</span> <span class='ocrx_word' id='word_1_314' title='bbox 1920 3156 2148 3214; x_wconf 85' lang='lat' dir='ltr'>habetis</span> 
     </span>
    </p>
   </div>
   <div class='ocr_carea' id='block_1_50' title="bbox 506 3244 2149 3319">
    <p class='ocr_par' dir='ltr' id='par_1_50' title="bbox 506 3244 2149 3319">
     <span class='ocr_line' id='line_1_50' title="bbox 506 3244 2149 3319; baseline -0.003 -13"><span class='ocrx_word' id='word_1_315' title='bbox 506 3266 702 3306; x_wconf 89' lang='lat' dir='ltr'>senem</span> <span class='ocrx_word' id='word_1_316' title='bbox 722 3262 1026 3319; x_wconf 89' lang='lat' dir='ltr'>magnum,</span> <span class='ocrx_word' id='word_1_317' title='bbox 1042 3245 1278 3301; x_wconf 88' lang='lat' dir='ltr'>nomine</span> <span class='ocrx_word' id='word_1_318' title='bbox 1291 3244 1603 3300; x_wconf 87' lang='lat' dir='ltr'>Patricium</span> <span class='ocrx_word' id='word_1_319' title='bbox 1618 3285 1630 3298; x_wconf 93' lang='lat'>.</span> <span class='ocrx_word' id='word_1_320' title='bbox 1646 3245 1748 3301; x_wconf 89' lang='lat' dir='ltr'>Hic</span> <span class='ocrx_word' id='word_1_321' title='bbox 1763 3252 1957 3301; x_wconf 88' lang='lat' dir='ltr'>autem</span> <span class='ocrx_word' id='word_1_322' title='bbox 1974 3262 2149 3302; x_wconf 88' lang='lat' dir='ltr'>senex</span> 
     </span>
    </p>
   </div>
   <div class='ocr_carea' id='block_1_51' title="bbox 498 3336 2149 3409">
    <p class='ocr_par' dir='ltr' id='par_1_51' title="bbox 498 3336 2149 3409">
     <span class='ocr_line' id='line_1_51' title="bbox 498 3336 2149 3409; baseline -0.002 -14"><span class='ocrx_word' id='word_1_323' title='bbox 498 3340 665 3409; x_wconf 84' lang='lat' dir='ltr'>juxta</span> <span class='ocrx_word' id='word_1_324' title='bbox 680 3336 1003 3394; x_wconf 89' lang='lat' dir='ltr'>sacrarium</span> <span class='ocrx_word' id='word_1_325' title='bbox 1020 3336 1389 3390; x_wconf 90' lang='lat' dir='ltr'>infraomnes</span> <span class='ocrx_word' id='word_1_326' title='bbox 1406 3340 1870 3407; x_wconf 89' lang='lat' dir='ltr'>moratur,prope</span> <span class='ocrx_word' id='word_1_327' title='bbox 1884 3337 2149 3391; x_wconf 87' lang='lat' dir='ltr'>occiden-</span> 
     </span>
    </p>
   </div>
   <div class='ocr_carea' id='block_1_52' title="bbox 501 3423 2148 3495">
    <p class='ocr_par' dir='ltr' id='par_1_52' title="bbox 501 3423 2148 3495">
     <span class='ocr_line' id='line_1_52' title="bbox 501 3423 2148 3495; baseline -0.001 -12"><span class='ocrx_word' id='word_1_328' title='bbox 501 3428 677 3484; x_wconf 87' lang='lat' dir='ltr'>talem</span> <span class='ocrx_word' id='word_1_329' title='bbox 698 3426 956 3482; x_wconf 71' lang='lat' dir='ltr'>ecclesiaa</span> <span class='ocrx_word' id='word_1_330' title='bbox 981 3441 1239 3493; x_wconf 89' lang='lat' dir='ltr'>murum;</span> <span class='ocrx_word' id='word_1_331' title='bbox 1257 3423 1582 3493; x_wconf 88' lang='lat' dir='ltr'>dicitqucet</span> <span class='ocrx_word' id='word_1_332' title='bbox 1604 3425 1728 3494; x_wconf 91' lang='lat' dir='ltr'>ipse</span> <span class='ocrx_word' id='word_1_333' title='bbox 1753 3441 1856 3495; x_wconf 90' lang='lat' dir='ltr'>pro</span> <span class='ocrx_word' id='word_1_334' title='bbox 1872 3426 2148 3481; x_wconf 86' lang='lat' dir='ltr'>omnibus</span> 
     </span>
    </p>
   </div>
   <div class='ocr_carea' id='block_1_53' title="bbox 499 3512 2145 3585">
    <p class='ocr_par' dir='ltr' id='par_1_53' title="bbox 499 3512 2145 3585">
     <span class='ocr_line' id='line_1_53' title="bbox 499 3512 2145 3585; baseline -0.002 -12"><span class='ocrx_word' id='word_1_335' title='bbox 499 3521 763 3573; x_wconf 85' lang='lat' dir='ltr'>sanctam</span> <span class='ocrx_word' id='word_1_336' title='bbox 788 3515 1110 3572; x_wconf 89' lang='lat' dir='ltr'>orationem</span> <span class='ocrx_word' id='word_1_337' title='bbox 1145 3513 1482 3584; x_wconf 86' lang='lat' dir='ltr'>oblationis,</span> <span class='ocrx_word' id='word_1_338' title='bbox 1498 3517 1554 3568; x_wconf 92' lang='lat' dir='ltr'>et</span> <span class='ocrx_word' id='word_1_339' title='bbox 1570 3512 1756 3585; x_wconf 91' lang='lat' dir='ltr'>ipsius</span> <span class='ocrx_word' id='word_1_340' title='bbox 1777 3513 1993 3569; x_wconf 90' lang='lat' dir='ltr'>oblatio</span> <span class='ocrx_word' id='word_1_341' title='bbox 2011 3531 2145 3570; x_wconf 86' lang='lat' dir='ltr'>san-</span> 
     </span>
    </p>
   </div>
   <div class='ocr_carea' id='block_1_54' title="bbox 493 3607 1011 3663">
    <p class='ocr_par' dir='ltr' id='par_1_54' title="bbox 493 3607 1011 3663">
     <span class='ocr_line' id='line_1_54' title="bbox 493 3607 1011 3663; baseline -0.008 0"><span class='ocrx_word' id='word_1_342' title='bbox 493 3611 589 3663; x_wconf 89' lang='lat' dir='ltr'>cta</span> <span class='ocrx_word' id='word_1_343' title='bbox 618 3607 1011 3663; x_wconf 84' lang='lat' dir='ltr'>existimatur.</span> 
     </span>
    </p>
   </div>
   <div class='ocr_carea' id='block_1_55' title="bbox 1067 3711 1567 3768">
    <p class='ocr_par' dir='ltr' id='par_1_55' title="bbox 1067 3711 1567 3768">
     <span class='ocr_line' id='line_1_55' title="bbox 1067 3711 1567 3768; baseline 0.002 -1"><span class='ocrx_word' id='word_1_344' title='bbox 1067 3711 1301 3767; x_wconf 87' lang='lat' dir='ltr'>CAPUT</span> <span class='ocrx_word' id='word_1_345' title='bbox 1339 3711 1567 3768; x_wconf 83' lang='lat' dir='ltr'>XCVII.</span> 
     </span>
    </p>
   </div>
   <div class='ocr_carea' id='block_1_56' title="bbox 501 3801 2142 3875">
    <p class='ocr_par' dir='ltr' id='par_1_56' title="bbox 501 3801 2142 3875">
     <span class='ocr_line' id='line_1_56' title="bbox 501 3801 2142 3875; baseline -0.001 -16"><span class='ocrx_word' id='word_1_346' title='bbox 501 3805 616 3860; x_wconf 81' lang='lat' dir='ltr'>Vita</span> <span class='ocrx_word' id='word_1_347' title='bbox 668 3807 721 3858; x_wconf 81' lang='lat' dir='ltr'>ct</span> <span class='ocrx_word' id='word_1_348' title='bbox 777 3818 925 3858; x_wconf 80' lang='lat' dir='ltr'>mors</span> <span class='ocrx_word' id='word_1_349' title='bbox 978 3801 1218 3875; x_wconf 75' lang='lat' dir='ltr'>duorum</span> <span class='ocrx_word' id='word_1_350' title='bbox 1274 3803 1521 3870; x_wconf 76' lang='lat' dir='ltr'>fratrum</span> <span class='ocrx_word' id='word_1_351' title='bbox 1574 3802 1986 3875; x_wconf 73' lang='lat' dir='ltr'>monachorum,</span> <span class='ocrx_word' id='word_1_352' title='bbox 2044 3805 2142 3875; x_wconf 86' lang='lat' dir='ltr'>qui</span> 
     </span>
    </p>
   </div>
   <div class='ocr_carea' id='block_1_57' title="bbox 656 3873 1967 3947">
    <p class='ocr_par' dir='ltr' id='par_1_57' title="bbox 656 3873 1967 3947">
     <span class='ocr_line' id='line_1_57' title="bbox 656 3873 1967 3947; baseline -0.001 -16"><span class='ocrx_word' id='word_1_353' title='bbox 656 3891 946 3947; x_wconf 85' lang='lat' dir='ltr'>nunquam</span> <span class='ocrx_word' id='word_1_354' title='bbox 978 3875 1048 3930; x_wconf 84' lang='lat' dir='ltr'>ab</span> <span class='ocrx_word' id='word_1_355' title='bbox 1080 3873 1317 3929; x_wconf 83' lang='lat' dir='ltr'>invicem</span> <span class='ocrx_word' id='word_1_356' title='bbox 1346 3873 1596 3944; x_wconf 83' lang='lat' dir='ltr'>separari</span> <span class='ocrx_word' id='word_1_357' title='bbox 1615 3874 1967 3943; x_wconf 87' lang='lat' dir='ltr'>juraverunt.</span> 
     </span>
    </p>
   </div>
   <div class='ocr_carea' id='block_1_58' title="bbox 561 3971 2135 4043">
    <p class='ocr_par' dir='ltr' id='par_1_58' title="bbox 561 3971 2135 4043">
     <span class='ocr_line' id='line_1_58' title="bbox 561 3971 2135 4043; baseline -0.001 -13"><span class='ocrx_word' id='word_1_358' title='bbox 561 3975 801 4031; x_wconf 85' lang='lat' dir='ltr'>Dicebat</span> <span class='ocrx_word' id='word_1_359' title='bbox 830 3978 1026 4029; x_wconf 86' lang='lat' dir='ltr'>autem</span> <span class='ocrx_word' id='word_1_360' title='bbox 1060 3973 1243 4027; x_wconf 90' lang='lat' dir='ltr'>abbas</span> <span class='ocrx_word' id='word_1_361' title='bbox 1259 3974 1514 4026; x_wconf 88' lang='lat' dir='ltr'>Joannes</span> <span class='ocrx_word' id='word_1_362' title='bbox 1534 3971 1902 4040; x_wconf 88' lang='lat' dir='ltr'>anachoreta,</span> <span class='ocrx_word' id='word_1_363' title='bbox 1928 3988 2135 4043; x_wconf 87' lang='lat' dir='ltr'>cogno-</span> 
     </span>
    </p>
   </div>
   <div class='ocr_carea' id='block_1_59' title="bbox 491 4060 2133 4132">
    <p class='ocr_par' dir='ltr' id='par_1_59' title="bbox 491 4060 2133 4132">
     <span class='ocr_line' id='line_1_59' title="bbox 491 4060 2133 4132; baseline -0.001 -13"><span class='ocrx_word' id='word_1_364' title='bbox 491 4069 687 4120; x_wconf 89' lang='lat' dir='ltr'>mento</span> <span class='ocrx_word' id='word_1_365' title='bbox 720 4062 974 4131; x_wconf 84' lang='lat' dir='ltr'>Rutilus,</span> <span class='ocrx_word' id='word_1_366' title='bbox 1007 4061 1245 4117; x_wconf 86' lang='lat' dir='ltr'>audisse</span> <span class='ocrx_word' id='word_1_367' title='bbox 1267 4076 1329 4115; x_wconf 91' lang='lat' dir='ltr'>se</span> <span class='ocrx_word' id='word_1_368' title='bbox 1350 4060 1421 4114; x_wconf 90' lang='lat' dir='ltr'>ab</span> <span class='ocrx_word' id='word_1_369' title='bbox 1441 4060 1649 4115; x_wconf 88' lang='lat' dir='ltr'>abbate</span> <span class='ocrx_word' id='word_1_370' title='bbox 1666 4060 1962 4132; x_wconf 90' lang='lat' dir='ltr'>Stephano</span> <span class='ocrx_word' id='word_1_371' title='bbox 1980 4062 2133 4117; x_wconf 88' lang='lat' dir='ltr'>Moa-</span> 
     </span>
    </p>
   </div>
   <div class='ocr_carea' id='block_1_60' title="bbox 488 4149 2132 4222">
    <p class='ocr_par' dir='ltr' id='par_1_60' title="bbox 488 4149 2132 4222">
     <span class='ocr_line' id='line_1_60' title="bbox 488 4149 2132 4222; baseline -0.001 -14"><span class='ocrx_word' id='word_1_372' title='bbox 488 4153 614 4208; x_wconf 88' lang='lat' dir='ltr'>bita</span> <span class='ocrx_word' id='word_1_373' title='bbox 648 4153 949 4217; x_wconf 83' lang='lat' dir='ltr'>referente,</span> <span class='ocrx_word' id='word_1_374' title='bbox 987 4150 1127 4222; x_wconf 89' lang='lat' dir='ltr'>quia</span> <span class='ocrx_word' id='word_1_375' title='bbox 1156 4166 1291 4204; x_wconf 91' lang='lat' dir='ltr'>cum</span> <span class='ocrx_word' id='word_1_376' title='bbox 1325 4157 1475 4205; x_wconf 87' lang='lat' dir='ltr'>esset</span> <span class='ocrx_word' id='word_1_377' title='bbox 1524 4149 1583 4203; x_wconf 92' lang='lat' dir='ltr'>in</span> <span class='ocrx_word' id='word_1_378' title='bbox 1635 4150 1896 4206; x_wconf 86' lang='lat' dir='ltr'>coenobio</span> <span class='ocrx_word' id='word_1_379' title='bbox 1946 4152 2132 4207; x_wconf 88' lang='lat' dir='ltr'>sancti</span> 
     </span>
    </p>
   </div>
   <div class='ocr_carea' id='block_1_61' title="bbox 487 4238 2130 4312">
    <p class='ocr_par' dir='ltr' id='par_1_61' title="bbox 487 4238 2130 4312">
     <span class='ocr_line' id='line_1_61' title="bbox 487 4238 2130 4312; baseline -0.001 -15"><span class='ocrx_word' id='word_1_380' title='bbox 487 4242 718 4297; x_wconf 87' lang='lat' dir='ltr'>abbatis</span> <span class='ocrx_word' id='word_1_381' title='bbox 746 4240 1053 4296; x_wconf 87' lang='lat' dir='ltr'>Theodosii</span> <span class='ocrx_word' id='word_1_382' title='bbox 1087 4240 1281 4310; x_wconf 85' lang='lat' dir='ltr'>magni</span> <span class='ocrx_word' id='word_1_383' title='bbox 1343 4238 1766 4294; x_wconf 88' lang='lat' dir='ltr'>monachorum</span> <span class='ocrx_word' id='word_1_384' title='bbox 1827 4240 2130 4312; x_wconf 88' lang='lat' dir='ltr'>principis,</span> 
     </span>
    </p>
   </div>
   <div class='ocr_carea' id='block_1_62' title="bbox 487 4328 2133 4401">
    <p class='ocr_par' dir='ltr' id='par_1_62' title="bbox 487 4328 2133 4401">
     <span class='ocr_line' id='line_1_62' title="bbox 487 4328 2133 4401; baseline 0 -14"><span class='ocrx_word' id='word_1_385' title='bbox 487 4336 653 4387; x_wconf 89' lang='lat' dir='ltr'>erant</span> <span class='ocrx_word' id='word_1_386' title='bbox 682 4330 801 4384; x_wconf 91' lang='lat' dir='ltr'>illic</span> <span class='ocrx_word' id='word_1_387' title='bbox 830 4330 944 4384; x_wconf 93' lang='lat' dir='ltr'>duo</span> <span class='ocrx_word' id='word_1_388' title='bbox 978 4330 1205 4399; x_wconf 78' lang='lat' dir='ltr'>fratres,</span> <span class='ocrx_word' id='word_1_389' title='bbox 1236 4329 1336 4401; x_wconf 91' lang='lat' dir='ltr'>qui</span> <span class='ocrx_word' id='word_1_390' title='bbox 1370 4329 1481 4383; x_wconf 88' lang='lat' dir='ltr'>sibi</span> <span class='ocrx_word' id='word_1_391' title='bbox 1513 4328 1760 4383; x_wconf 90' lang='lat' dir='ltr'>invicem</span> <span class='ocrx_word' id='word_1_392' title='bbox 1788 4331 2133 4401; x_wconf 84' lang='lat' dir='ltr'>juraverant</span> 
     </span>
    </p>
   </div>
   <div class='ocr_carea' id='block_1_63' title="bbox 484 4415 2128 4493">
    <p class='ocr_par' dir='ltr' id='par_1_63' title="bbox 484 4415 2128 4493">
     <span class='ocr_line' id='line_1_63' title="bbox 484 4415 2128 4493; baseline 0.001 -18"><span class='ocrx_word' id='word_1_393' title='bbox 484 4421 638 4493; x_wconf 91' lang='lat' dir='ltr'>quod</span> <span class='ocrx_word' id='word_1_394' title='bbox 669 4435 859 4491; x_wconf 89' lang='lat' dir='ltr'>neque</span> <span class='ocrx_word' id='word_1_395' title='bbox 881 4420 939 4473; x_wconf 91' lang='lat' dir='ltr'>in</span> <span class='ocrx_word' id='word_1_396' title='bbox 962 4415 1099 4485; x_wconf 77' lang='lat' dir='ltr'>vita,</span> <span class='ocrx_word' id='word_1_397' title='bbox 1134 4434 1322 4489; x_wconf 87' lang='lat' dir='ltr'>neque</span> <span class='ocrx_word' id='word_1_398' title='bbox 1350 4418 1407 4473; x_wconf 91' lang='lat' dir='ltr'>in</span> <span class='ocrx_word' id='word_1_399' title='bbox 1446 4423 1628 4473; x_wconf 91' lang='lat' dir='ltr'>morte</span> <span class='ocrx_word' id='word_1_400' title='bbox 1658 4419 1729 4473; x_wconf 89' lang='lat' dir='ltr'>ab</span> <span class='ocrx_word' id='word_1_401' title='bbox 1762 4419 2005 4475; x_wconf 85' lang='lat' dir='ltr'>invicem</span> <span class='ocrx_word' id='word_1_402' title='bbox 2036 4437 2128 4477; x_wconf 89' lang='lat' dir='ltr'>se-</span> 
     </span>
    </p>
   </div>
   <div class='ocr_carea' id='block_1_64' title="bbox 482 4508 2125 4583">
    <p class='ocr_par' dir='ltr' id='par_1_64' title="bbox 482 4508 2125 4583">
     <span class='ocr_line' id='line_1_64' title="bbox 482 4508 2125 4583; baseline 0 -17"><span class='ocrx_word' id='word_1_403' title='bbox 482 4512 855 4583; x_wconf 85' lang='lat' dir='ltr'>pararentur.</span> <span class='ocrx_word' id='word_1_404' title='bbox 878 4510 1021 4564; x_wconf 91' lang='lat' dir='ltr'>Cum</span> <span class='ocrx_word' id='word_1_405' title='bbox 1050 4524 1186 4579; x_wconf 90' lang='lat' dir='ltr'>ergo</span> <span class='ocrx_word' id='word_1_406' title='bbox 1218 4512 1459 4563; x_wconf 89' lang='lat' dir='ltr'>cunctos</span> <span class='ocrx_word' id='word_1_407' title='bbox 1492 4508 1548 4562; x_wconf 92' lang='lat' dir='ltr'>in</span> <span class='ocrx_word' id='word_1_408' title='bbox 1582 4509 1845 4564; x_wconf 75' lang='lat' dir='ltr'>cmnobio</span> <span class='ocrx_word' id='word_1_409' title='bbox 1876 4510 2125 4566; x_wconf 57' lang='lat' dir='ltr'>adifica-</span> 
     </span>
    </p>
   </div>
   <div class='ocr_carea' id='block_1_65' title="bbox 2282 1879 3907 1948">
    <p class='ocr_par' dir='ltr' id='par_1_65' title="bbox 2282 1879 3907 1948">
     <span class='ocr_line' id='line_1_65' title="bbox 2282 1879 3907 1948; baseline 0.01 -17"><span class='ocrx_word' id='word_1_410' title='bbox 2282 1894 2529 1948; x_wconf 87' lang='lat' dir='ltr'>pergens</span> <span class='ocrx_word' id='word_1_411' title='bbox 2562 1879 2621 1933; x_wconf 91' lang='lat' dir='ltr'>in</span> <span class='ocrx_word' id='word_1_412' title='bbox 2654 1881 2951 1937; x_wconf 89' lang='lat' dir='ltr'>civitatem</span> <span class='ocrx_word' id='word_1_413' title='bbox 2980 1886 3367 1941; x_wconf 88' lang='lat' dir='ltr'>consumebat</span> <span class='ocrx_word' id='word_1_414' title='bbox 3397 1888 3456 1943; x_wconf 93' lang='lat' dir='ltr'>in</span> <span class='ocrx_word' id='word_1_415' title='bbox 3484 1888 3730 1946; x_wconf 79' lang='lat' dir='ltr'>luxuria.</span> <span class='ocrx_word' id='word_1_416' title='bbox 3763 1890 3907 1947; x_wconf 83' lang='lat' dir='ltr'>Alius</span> 
     </span>
    </p>
   </div>
   <div class='ocr_carea' id='block_1_66' title="bbox 2278 1969 3909 2051">
    <p class='ocr_par' dir='ltr' id='par_1_66' title="bbox 2278 1969 3909 2051">
     <span class='ocr_line' id='line_1_66' title="bbox 2278 1969 3909 2051; baseline 0.009 -30"><span class='ocrx_word' id='word_1_417' title='bbox 2278 1984 2415 2023; x_wconf 86' lang='lat' dir='ltr'>vero</span> <span class='ocrx_word' id='word_1_418' title='bbox 2438 1969 2989 2041; x_wconf 85' lang='lat' dir='ltr'>quotidiejejunans</span> <span class='ocrx_word' id='word_1_419' title='bbox 3011 1978 3066 2028; x_wconf 90' lang='lat' dir='ltr'>et</span> <span class='ocrx_word' id='word_1_420' title='bbox 3088 1974 3366 2045; x_wconf 85' lang='lat' dir='ltr'>psallens,</span> <span class='ocrx_word' id='word_1_421' title='bbox 3389 1994 3527 2033; x_wconf 89' lang='lat' dir='ltr'>cum</span> <span class='ocrx_word' id='word_1_422' title='bbox 3552 1979 3709 2034; x_wconf 90' lang='lat' dir='ltr'>omni</span> <span class='ocrx_word' id='word_1_423' title='bbox 3731 1980 3909 2051; x_wconf 90' lang='lat' dir='ltr'>quiete</span> 
     </span>
    </p>
   </div>
   <div class='ocr_carea' id='block_1_67' title="bbox 2279 2056 3907 2137">
    <p class='ocr_par' dir='ltr' id='par_1_67' title="bbox 2279 2056 3907 2137">
     <span class='ocr_line' id='line_1_67' title="bbox 2279 2056 3907 2137; baseline 0.009 -27"><span class='ocrx_word' id='word_1_424' title='bbox 2279 2056 2528 2112; x_wconf 89' lang='lat' dir='ltr'>faciebat</span> <span class='ocrx_word' id='word_1_425' title='bbox 2548 2075 2718 2129; x_wconf 91' lang='lat' dir='ltr'>opus,</span> <span class='ocrx_word' id='word_1_426' title='bbox 2738 2061 2955 2116; x_wconf 89' lang='lat' dir='ltr'>nemini</span> <span class='ocrx_word' id='word_1_427' title='bbox 2975 2061 3200 2134; x_wconf 89' lang='lat' dir='ltr'>aliquid</span> <span class='ocrx_word' id='word_1_428' title='bbox 3224 2064 3498 2137; x_wconf 86' lang='lat' dir='ltr'>loquens.</span> <span class='ocrx_word' id='word_1_429' title='bbox 3523 2068 3787 2125; x_wconf 89' lang='lat' dir='ltr'>Videntes</span> <span class='ocrx_word' id='word_1_430' title='bbox 3810 2086 3907 2124; x_wconf 83' lang='lat' dir='ltr'>au—</span> 
     </span>
    </p>
   </div>
   <div class='ocr_carea' id='block_1_68' title="bbox 2277 2146 3908 2228">
    <p class='ocr_par' dir='ltr' id='par_1_68' title="bbox 2277 2146 3908 2228">
     <span class='ocr_line' id='line_1_68' title="bbox 2277 2146 3908 2228; baseline 0.009 -29"><span class='ocrx_word' id='word_1_431' title='bbox 2277 2149 2393 2201; x_wconf 89' lang='lat' dir='ltr'>tem</span> <span class='ocrx_word' id='word_1_432' title='bbox 2426 2146 2594 2203; x_wconf 90' lang='lat' dir='ltr'>illum</span> <span class='ocrx_word' id='word_1_433' title='bbox 2614 2149 2867 2206; x_wconf 84' lang='lat' dir='ltr'>artiﬁces</span> <span class='ocrx_word' id='word_1_434' title='bbox 2885 2150 3090 2207; x_wconf 88' lang='lat' dir='ltr'>diebus</span> <span class='ocrx_word' id='word_1_435' title='bbox 3108 2153 3361 2225; x_wconf 84' lang='lat' dir='ltr'>singulis</span> <span class='ocrx_word' id='word_1_436' title='bbox 3391 2173 3584 2228; x_wconf 89' lang='lat' dir='ltr'>neque</span> <span class='ocrx_word' id='word_1_437' title='bbox 3615 2159 3908 2214; x_wconf 90' lang='lat' dir='ltr'>comeden-</span> 
     </span>
    </p>
   </div>
   <div class='ocr_carea' id='block_1_69' title="bbox 2274 2240 3912 2322">
    <p class='ocr_par' dir='ltr' id='par_1_69' title="bbox 2274 2240 3912 2322">
     <span class='ocr_line' id='line_1_69' title="bbox 2274 2240 3912 2322; baseline 0.008 -29"><span class='ocrx_word' id='word_1_438' title='bbox 2274 2240 2415 2307; x_wconf 89' lang='lat' dir='ltr'>tem,</span> <span class='ocrx_word' id='word_1_439' title='bbox 2440 2254 2629 2310; x_wconf 90' lang='lat' dir='ltr'>neque</span> <span class='ocrx_word' id='word_1_440' title='bbox 2650 2240 2871 2314; x_wconf 89' lang='lat' dir='ltr'>aliquid</span> <span class='ocrx_word' id='word_1_441' title='bbox 2891 2241 3251 2314; x_wconf 89' lang='lat' dir='ltr'>loquentem,</span> <span class='ocrx_word' id='word_1_442' title='bbox 3274 2246 3377 2302; x_wconf 89' lang='lat' dir='ltr'>sed</span> <span class='ocrx_word' id='word_1_443' title='bbox 3396 2249 3912 2322; x_wconf 86' lang='lat' dir='ltr'>sempercogitanti</span> 
     </span>
    </p>
   </div>
   <div class='ocr_carea' id='block_1_70' title="bbox 2275 2327 3911 2410">
    <p class='ocr_par' dir='ltr' id='par_1_70' title="bbox 2275 2327 3911 2410">
     <span class='ocr_line' id='line_1_70' title="bbox 2275 2327 3911 2410; baseline 0.007 -28"><span class='ocrx_word' id='word_1_444' title='bbox 2275 2327 2549 2398; x_wconf 90' lang='lat' dir='ltr'>similem,</span> <span class='ocrx_word' id='word_1_445' title='bbox 2582 2330 2908 2386; x_wconf 92' lang='lat' dir='ltr'>retulerunt</span> <span class='ocrx_word' id='word_1_446' title='bbox 2929 2333 3000 2387; x_wconf 90' lang='lat' dir='ltr'>de</span> <span class='ocrx_word' id='word_1_447' title='bbox 3032 2332 3130 2388; x_wconf 91' lang='lat' dir='ltr'>illo</span> <span class='ocrx_word' id='word_1_448' title='bbox 3152 2339 3209 2390; x_wconf 88' lang='lat' dir='ltr'>et</span> <span class='ocrx_word' id='word_1_449' title='bbox 3237 2336 3307 2390; x_wconf 89' lang='lat' dir='ltr'>de</span> <span class='ocrx_word' id='word_1_450' title='bbox 3328 2339 3771 2395; x_wconf 87' lang='lat' dir='ltr'>conversatione</span> <span class='ocrx_word' id='word_1_451' title='bbox 3793 2340 3911 2410; x_wconf 84' lang='lat' dir='ltr'>ejus</span> 
     </span>
    </p>
   </div>
   <div class='ocr_carea' id='block_1_71' title="bbox 2274 2418 3909 2497">
    <p class='ocr_par' dir='ltr' id='par_1_71' title="bbox 2274 2418 3909 2497">
     <span class='ocr_line' id='line_1_71' title="bbox 2274 2418 3909 2497; baseline 0.008 -26"><span class='ocrx_word' id='word_1_452' title='bbox 2274 2422 2474 2473; x_wconf 89' lang='lat' dir='ltr'>sancto</span> <span class='ocrx_word' id='word_1_453' title='bbox 2506 2418 2701 2474; x_wconf 88' lang='lat' dir='ltr'>abbati</span> <span class='ocrx_word' id='word_1_454' title='bbox 2734 2421 3026 2477; x_wconf 85' lang='lat' dir='ltr'>Abramio.</span> <span class='ocrx_word' id='word_1_455' title='bbox 3059 2424 3223 2479; x_wconf 90' lang='lat' dir='ltr'>Tunc</span> <span class='ocrx_word' id='word_1_456' title='bbox 3245 2441 3501 2497; x_wconf 90' lang='lat' dir='ltr'>magnus</span> <span class='ocrx_word' id='word_1_457' title='bbox 3521 2443 3719 2483; x_wconf 82' lang='lat' dir='ltr'>revera</span> <span class='ocrx_word' id='word_1_458' title='bbox 3738 2428 3909 2484; x_wconf 87' lang='lat' dir='ltr'>Abra-</span> 
     </span>
    </p>
   </div>
   <div class='ocr_carea' id='block_1_72' title="bbox 2273 2506 3909 2587">
    <p class='ocr_par' dir='ltr' id='par_1_72' title="bbox 2273 2506 3909 2587">
     <span class='ocr_line' id='line_1_72' title="bbox 2273 2506 3909 2587; baseline 0.009 -28"><span class='ocrx_word' id='word_1_459' title='bbox 2273 2506 2428 2562; x_wconf 91' lang='lat' dir='ltr'>mius</span> <span class='ocrx_word' id='word_1_460' title='bbox 2446 2508 2747 2564; x_wconf 89' lang='lat' dir='ltr'>accersivit</span> <span class='ocrx_word' id='word_1_461' title='bbox 2766 2512 3099 2583; x_wconf 90' lang='lat' dir='ltr'>operarium</span> <span class='ocrx_word' id='word_1_462' title='bbox 3122 2513 3181 2568; x_wconf 92' lang='lat' dir='ltr'>in</span> <span class='ocrx_word' id='word_1_463' title='bbox 3205 2514 3411 2571; x_wconf 89' lang='lat' dir='ltr'>cellam</span> <span class='ocrx_word' id='word_1_464' title='bbox 3434 2533 3635 2587; x_wconf 89' lang='lat' dir='ltr'>suam,</span> <span class='ocrx_word' id='word_1_465' title='bbox 3668 2522 3723 2573; x_wconf 88' lang='lat' dir='ltr'>et</span> <span class='ocrx_word' id='word_1_466' title='bbox 3742 2519 3909 2574; x_wconf 87' lang='lat' dir='ltr'>inter-</span> 
     </span>
    </p>
   </div>
   <div class='ocr_carea' id='block_1_73' title="bbox 2272 2599 3905 2681">
    <p class='ocr_par' dir='ltr' id='par_1_73' title="bbox 2272 2599 3905 2681">
     <span class='ocr_line' id='line_1_73' title="bbox 2272 2599 3905 2681; baseline 0.007 -30"><span class='ocrx_word' id='word_1_467' title='bbox 2272 2599 2495 2668; x_wconf 78' lang='lat' dir='ltr'>rogavit</span> <span class='ocrx_word' id='word_1_468' title='bbox 2519 2616 2674 2665; x_wconf 90' lang='lat' dir='ltr'>eum,</span> <span class='ocrx_word' id='word_1_469' title='bbox 2703 2600 2923 2657; x_wconf 89' lang='lat' dir='ltr'>dicens:</span> <span class='ocrx_word' id='word_1_470' title='bbox 2957 2601 3119 2660; x_wconf 90' lang='lat' dir='ltr'>Unde</span> <span class='ocrx_word' id='word_1_471' title='bbox 3150 2621 3233 2671; x_wconf 90' lang='lat' dir='ltr'>es,</span> <span class='ocrx_word' id='word_1_472' title='bbox 3268 2606 3444 2662; x_wconf 88' lang='lat' dir='ltr'>frater</span> <span class='ocrx_word' id='word_1_473' title='bbox 3470 2612 3495 2664; x_wconf 76' lang='grc' dir='ltr'><strong><em>Ρ</em></strong></span> <span class='ocrx_word' id='word_1_474' title='bbox 3516 2616 3570 2664; x_wconf 89' lang='lat' dir='ltr'>et</span> <span class='ocrx_word' id='word_1_475' title='bbox 3621 2609 3773 2681; x_wconf 81' lang='lat' dir='ltr'>quod</span> <span class='ocrx_word' id='word_1_476' title='bbox 3821 2612 3905 2664; x_wconf 88' lang='lat' dir='ltr'>est</span> 
     </span>
    </p>
   </div>
   <div class='ocr_carea' id='block_1_74' title="bbox 2270 2688 3903 2768">
    <p class='ocr_par' dir='ltr' id='par_1_74' title="bbox 2270 2688 3903 2768">
     <span class='ocr_line' id='line_1_74' title="bbox 2270 2688 3903 2768; baseline 0.007 -27"><span class='ocrx_word' id='word_1_477' title='bbox 2270 2703 2418 2758; x_wconf 90' lang='lat' dir='ltr'>opus</span> <span class='ocrx_word' id='word_1_478' title='bbox 2444 2691 2610 2743; x_wconf 90' lang='lat' dir='ltr'>tuum</span> <span class='ocrx_word' id='word_1_479' title='bbox 2634 2690 2661 2743; x_wconf 85' lang='lat'><strong><em>?</em></strong></span> <span class='ocrx_word' id='word_1_480' title='bbox 2685 2688 2783 2745; x_wconf 88' lang='lat' dir='ltr'>llle</span> <span class='ocrx_word' id='word_1_481' title='bbox 2813 2696 3008 2747; x_wconf 88' lang='lat' dir='ltr'>autem</span> <span class='ocrx_word' id='word_1_482' title='bbox 3029 2695 3229 2750; x_wconf 85' lang='lat' dir='ltr'>omnia</span> <span class='ocrx_word' id='word_1_483' title='bbox 3258 2694 3343 2750; x_wconf 92' lang='lat' dir='ltr'>illi</span> <span class='ocrx_word' id='word_1_484' title='bbox 3368 2713 3474 2768; x_wconf 91' lang='lat' dir='ltr'>per</span> <span class='ocrx_word' id='word_1_485' title='bbox 3494 2698 3761 2755; x_wconf 83' lang='lat' dir='ltr'>ordinem</span> <span class='ocrx_word' id='word_1_486' title='bbox 3776 2715 3903 2755; x_wconf 87' lang='lat' dir='ltr'>con-</span> 
     </span>
    </p>
   </div>
   <div class='ocr_carea' id='block_1_75' title="bbox 2268 2777 3909 2856">
    <p class='ocr_par' dir='ltr' id='par_1_75' title="bbox 2268 2777 3909 2856">
     <span class='ocr_line' id='line_1_75' title="bbox 2268 2777 3909 2856; baseline 0.006 -25"><span class='ocrx_word' id='word_1_487' title='bbox 2268 2777 2459 2832; x_wconf 88' lang='lat' dir='ltr'>fessus</span> <span class='ocrx_word' id='word_1_488' title='bbox 2480 2783 2587 2847; x_wconf 92' lang='lat' dir='ltr'>est,</span> <span class='ocrx_word' id='word_1_489' title='bbox 2609 2783 2664 2833; x_wconf 91' lang='lat' dir='ltr'>et</span> <span class='ocrx_word' id='word_1_490' title='bbox 2680 2779 2819 2850; x_wconf 90' lang='lat' dir='ltr'>quia</span> <span class='ocrx_word' id='word_1_491' title='bbox 2840 2781 3037 2838; x_wconf 90' lang='lat' dir='ltr'>fratris</span> <span class='ocrx_word' id='word_1_492' title='bbox 3055 2784 3144 2838; x_wconf 89' lang='lat' dir='ltr'>sui</span> <span class='ocrx_word' id='word_1_493' title='bbox 3169 2785 3359 2856; x_wconf 89' lang='lat' dir='ltr'>gratia</span> <span class='ocrx_word' id='word_1_494' title='bbox 3382 2788 3909 2844; x_wconf 79' lang='lat' dir='ltr'>sustineretomnia</span> 
     </span>
    </p>
   </div>
   <div class='ocr_carea' id='block_1_76' title="bbox 2272 2867 3912 2941">
    <p class='ocr_par' dir='ltr' id='par_1_76' title="bbox 2272 2867 3912 2941">
     <span class='ocr_line' id='line_1_76' title="bbox 2272 2867 3912 2941; baseline 0.007 -20"><span class='ocrx_word' id='word_1_495' title='bbox 2272 2871 2332 2921; x_wconf 90' lang='lat' dir='ltr'>ut</span> <span class='ocrx_word' id='word_1_496' title='bbox 2356 2867 2512 2923; x_wconf 90' lang='lat' dir='ltr'>Deus</span> <span class='ocrx_word' id='word_1_497' title='bbox 2527 2868 2843 2941; x_wconf 87' lang='lat' dir='ltr'>(inquiens)</span> <span class='ocrx_word' id='word_1_498' title='bbox 2862 2888 3045 2927; x_wconf 90' lang='lat' dir='ltr'>meam</span> <span class='ocrx_word' id='word_1_499' title='bbox 3063 2873 3509 2932; x_wconf 88' lang='lat' dir='ltr'>tribulationem</span> <span class='ocrx_word' id='word_1_500' title='bbox 3526 2878 3726 2934; x_wconf 89' lang='lat' dir='ltr'>videns</span> <span class='ocrx_word' id='word_1_501' title='bbox 3739 2878 3912 2934; x_wconf 83' lang='lat' dir='ltr'>salvet</span> 
     </span>
    </p>
   </div>
   <div class='ocr_carea' id='block_1_77' title="bbox 2270 2957 3907 3031">
    <p class='ocr_par' dir='ltr' id='par_1_77' title="bbox 2270 2957 3907 3031">
     <span class='ocr_line' id='line_1_77' title="bbox 2270 2957 3907 3031; baseline 0.007 -22"><span class='ocrx_word' id='word_1_502' title='bbox 2270 2957 2505 3011; x_wconf 88' lang='lat' dir='ltr'>fratrem</span> <span class='ocrx_word' id='word_1_503' title='bbox 2536 2973 2751 3014; x_wconf 91' lang='lat' dir='ltr'>meum.</span> <span class='ocrx_word' id='word_1_504' title='bbox 2786 2959 2889 3016; x_wconf 90' lang='lat' dir='ltr'>His</span> <span class='ocrx_word' id='word_1_505' title='bbox 2913 2962 3153 3031; x_wconf 89' lang='lat' dir='ltr'>auditis,</span> <span class='ocrx_word' id='word_1_506' title='bbox 3186 2964 3501 3023; x_wconf 87' lang='lat' dir='ltr'>Abramius</span> <span class='ocrx_word' id='word_1_507' title='bbox 3535 2966 3682 3023; x_wconf 86' lang='lat' dir='ltr'>dixit</span> <span class='ocrx_word' id='word_1_508' title='bbox 3716 2968 3907 3023; x_wconf 81' lang='lat' dir='ltr'>fratri:</span> 
     </span>
    </p>
   </div>
   <div class='ocr_carea' id='block_1_78' title="bbox 2270 3046 3911 3114">
    <p class='ocr_par' dir='ltr' id='par_1_78' title="bbox 2270 3046 3911 3114">
     <span class='ocr_line' id='line_1_78' title="bbox 2270 3046 3911 3114; baseline 0.008 -16"><span class='ocrx_word' id='word_1_509' title='bbox 2270 3046 2338 3099; x_wconf 87' lang='lat' dir='ltr'>Et</span> <span class='ocrx_word' id='word_1_510' title='bbox 2373 3047 2652 3102; x_wconf 86' lang='lat' dir='ltr'>Dominus</span> <span class='ocrx_word' id='word_1_511' title='bbox 2684 3048 2923 3104; x_wconf 90' lang='lat' dir='ltr'>donavit</span> <span class='ocrx_word' id='word_1_512' title='bbox 2950 3050 3055 3105; x_wconf 89' lang='lat' dir='ltr'>tibi</span> <span class='ocrx_word' id='word_1_513' title='bbox 3089 3052 3347 3108; x_wconf 89' lang='lat' dir='ltr'>animam</span> <span class='ocrx_word' id='word_1_514' title='bbox 3381 3055 3586 3112; x_wconf 89' lang='lat' dir='ltr'>fratris</span> <span class='ocrx_word' id='word_1_515' title='bbox 3620 3057 3729 3114; x_wconf 87' lang='lat' dir='ltr'>tui.</span> <span class='ocrx_word' id='word_1_516' title='bbox 3778 3058 3911 3113; x_wconf 92' lang='lat' dir='ltr'>Cum</span> 
     </span>
    </p>
   </div>
   <div class='ocr_carea' id='block_1_79' title="bbox 2266 3135 3915 3218">
    <p class='ocr_par' dir='ltr' id='par_1_79' title="bbox 2266 3135 3915 3218">
     <span class='ocr_line' id='line_1_79' title="bbox 2266 3135 3915 3218; baseline 0.007 -29"><span class='ocrx_word' id='word_1_517' title='bbox 2266 3150 2400 3206; x_wconf 87' lang='lat' dir='ltr'>ergo</span> <span class='ocrx_word' id='word_1_518' title='bbox 2415 3135 2876 3193; x_wconf 89' lang='lat' dir='ltr'>dimisisseteum</span> <span class='ocrx_word' id='word_1_519' title='bbox 2894 3144 3134 3196; x_wconf 89' lang='lat' dir='ltr'>sanctus</span> <span class='ocrx_word' id='word_1_520' title='bbox 3151 3141 3915 3218; x_wconf 79' lang='lat' dir='ltr'>Abramius,exiissetquede</span> 
     </span>
    </p>
   </div>
   <div class='ocr_carea' id='block_1_80' title="bbox 2180 3201 3913 3308">
    <p class='ocr_par' dir='ltr' id='par_1_80' title="bbox 2180 3201 3913 3308">
     <span class='ocr_line' id='line_1_80' title="bbox 2180 3201 3913 3308; baseline 0.008 -32"><span class='ocrx_word' id='word_1_521' title='bbox 2180 3201 2222 3267; x_wconf 80' lang='lat' dir='ltr'>C</span> <span class='ocrx_word' id='word_1_522' title='bbox 2262 3201 2492 3293; x_wconf 59' lang='lat' dir='ltr'>cellula,</span> <span class='ocrx_word' id='word_1_523' title='bbox 2524 3241 2654 3280; x_wconf 90' lang='lat' dir='ltr'>ecce</span> <span class='ocrx_word' id='word_1_524' title='bbox 2686 3227 2863 3282; x_wconf 87' lang='lat' dir='ltr'>frater</span> <span class='ocrx_word' id='word_1_525' title='bbox 2891 3227 2986 3284; x_wconf 89' lang='lat' dir='ltr'>ille</span> <span class='ocrx_word' id='word_1_526' title='bbox 3018 3201 3579 3308; x_wconf 76' lang='lat' dir='ltr'>advenitclamansl:</span> <span class='ocrx_word' id='word_1_527' title='bbox 3614 3201 3693 3291; x_wconf 60' lang='lat' dir='ltr'>lxii</span> <span class='ocrx_word' id='word_1_528' title='bbox 3724 3201 3913 3305; x_wconf 70' lang='lat' dir='ltr'>frater,</span> 
     </span>
    </p>
   </div>
   <div class='ocr_carea' id='block_1_81' title="bbox 2256 3315 3914 3388">
    <p class='ocr_par' dir='ltr' id='par_1_81' title="bbox 2256 3315 3914 3388">
     <span class='ocr_line' id='line_1_81' title="bbox 2256 3315 3914 3388; baseline 0.008 -21"><span class='ocrx_word' id='word_1_529' title='bbox 2256 3330 2495 3369; x_wconf 88' lang='lat' dir='ltr'>assume</span> <span class='ocrx_word' id='word_1_530' title='bbox 2514 3315 2676 3369; x_wconf 90' lang='lat' dir='ltr'>mein</span> <span class='ocrx_word' id='word_1_531' title='bbox 2701 3332 2983 3388; x_wconf 89' lang='lat' dir='ltr'>eremum,</span> <span class='ocrx_word' id='word_1_532' title='bbox 3004 3324 3068 3375; x_wconf 90' lang='lat' dir='ltr'>ut</span> <span class='ocrx_word' id='word_1_533' title='bbox 3105 3320 3298 3376; x_wconf 86' lang='lat' dir='ltr'>salvus</span> <span class='ocrx_word' id='word_1_534' title='bbox 3322 3323 3486 3378; x_wconf 87' lang='lat' dir='ltr'>fiam.</span> <span class='ocrx_word' id='word_1_535' title='bbox 3510 3326 3803 3382; x_wconf 88' lang='lat' dir='ltr'>Continuo</span> <span class='ocrx_word' id='word_1_536' title='bbox 3822 3341 3914 3380; x_wconf 92' lang='lat' dir='ltr'>au-</span> 
     </span>
    </p>
   </div>
   <div class='ocr_carea' id='block_1_82' title="bbox 2256 3404 3912 3489">
    <p class='ocr_par' dir='ltr' id='par_1_82' title="bbox 2256 3404 3912 3489">
     <span class='ocr_line' id='line_1_82' title="bbox 2256 3404 3912 3489; baseline 0.01 -33"><span class='ocrx_word' id='word_1_537' title='bbox 2256 3406 2370 3457; x_wconf 89' lang='lat' dir='ltr'>tem</span> <span class='ocrx_word' id='word_1_538' title='bbox 2394 3404 2719 3476; x_wconf 89' lang='lat' dir='ltr'>assumpsit</span> <span class='ocrx_word' id='word_1_539' title='bbox 2736 3409 3250 3475; x_wconf 89' lang='lat' dir='ltr'>eum,etabierunt</span> <span class='ocrx_word' id='word_1_540' title='bbox 3269 3414 3334 3466; x_wconf 86' lang='lat' dir='ltr'>ad</span> <span class='ocrx_word' id='word_1_541' title='bbox 3361 3414 3714 3485; x_wconf 90' lang='lat' dir='ltr'>speluncam</span> <span class='ocrx_word' id='word_1_542' title='bbox 3740 3432 3912 3489; x_wconf 85' lang='lat' dir='ltr'>prope</span> 
     </span>
    </p>
   </div>
   <div class='ocr_carea' id='block_1_83' title="bbox 2256 3494 3910 3566">
    <p class='ocr_par' dir='ltr' id='par_1_83' title="bbox 2256 3494 3910 3566">
     <span class='ocr_line' id='line_1_83' title="bbox 2256 3494 3910 3566; baseline 0.007 -20"><span class='ocrx_word' id='word_1_543' title='bbox 2256 3496 2527 3548; x_wconf 90' lang='lat' dir='ltr'>sanctum</span> <span class='ocrx_word' id='word_1_544' title='bbox 2557 3494 2896 3566; x_wconf 83' lang='lat' dir='ltr'>Jordanem,</span> <span class='ocrx_word' id='word_1_545' title='bbox 2931 3504 2986 3552; x_wconf 91' lang='lat' dir='ltr'>et</span> <span class='ocrx_word' id='word_1_546' title='bbox 3014 3498 3382 3557; x_wconf 86' lang='lat' dir='ltr'>incluserunt</span> <span class='ocrx_word' id='word_1_547' title='bbox 3432 3504 3587 3560; x_wconf 83' lang='lat' dir='ltr'>89l</span> <span class='ocrx_word' id='word_1_548' title='bbox 3628 3522 3715 3561; x_wconf 91' lang='lat' dir='ltr'>se.</span> <span class='ocrx_word' id='word_1_549' title='bbox 3776 3505 3910 3560; x_wconf 86' lang='lat' dir='ltr'>Post</span> 
     </span>
    </p>
   </div>
   <div class='ocr_carea' id='block_1_84' title="bbox 2254 3581 3909 3663">
    <p class='ocr_par' dir='ltr' id='par_1_84' title="bbox 2254 3581 3909 3663">
     <span class='ocr_line' id='line_1_84' title="bbox 2254 3581 3909 3663; baseline 0.007 -27"><span class='ocrx_word' id='word_1_550' title='bbox 2254 3581 2547 3638; x_wconf 89' lang='lat' dir='ltr'>modicum</span> <span class='ocrx_word' id='word_1_551' title='bbox 2576 3599 2709 3639; x_wconf 89' lang='lat' dir='ltr'>vero</span> <span class='ocrx_word' id='word_1_552' title='bbox 2732 3587 3037 3657; x_wconf 89' lang='lat' dir='ltr'>temporis,</span> <span class='ocrx_word' id='word_1_553' title='bbox 3070 3604 3203 3644; x_wconf 90' lang='lat' dir='ltr'>cum</span> <span class='ocrx_word' id='word_1_554' title='bbox 3231 3592 3549 3663; x_wconf 80' lang='lat' dir='ltr'>magnifice</span> <span class='ocrx_word' id='word_1_555' title='bbox 3583 3594 3909 3651; x_wconf 89' lang='lat' dir='ltr'>secundum</span> 
     </span>
    </p>
   </div>
   <div class='ocr_carea' id='block_1_85' title="bbox 2248 3671 3910 3753">
    <p class='ocr_par' dir='ltr' id='par_1_85' title="bbox 2248 3671 3910 3753">
     <span class='ocr_line' id='line_1_85' title="bbox 2248 3671 3910 3753; baseline 0.008 -27"><span class='ocrx_word' id='word_1_556' title='bbox 2248 3671 2433 3726; x_wconf 90' lang='lat' dir='ltr'>Deum</span> <span class='ocrx_word' id='word_1_557' title='bbox 2467 3672 2809 3744; x_wconf 85' lang='lat' dir='ltr'>profecisset</span> <span class='ocrx_word' id='word_1_558' title='bbox 2839 3675 3048 3747; x_wconf 90' lang='lat' dir='ltr'>spiritu</span> <span class='ocrx_word' id='word_1_559' title='bbox 3083 3678 3263 3734; x_wconf 88' lang='lat' dir='ltr'>frater</span> <span class='ocrx_word' id='word_1_560' title='bbox 3285 3679 3402 3752; x_wconf 90' lang='lat' dir='ltr'>ille,</span> <span class='ocrx_word' id='word_1_561' title='bbox 3432 3682 3537 3753; x_wconf 90' lang='lat' dir='ltr'>qui</span> <span class='ocrx_word' id='word_1_562' title='bbox 3571 3683 3632 3738; x_wconf 91' lang='lat' dir='ltr'>in</span> <span class='ocrx_word' id='word_1_563' title='bbox 3661 3684 3910 3739; x_wconf 85' lang='lat' dir='ltr'>fornica-</span> 
     </span>
    </p>
   </div>
   <div class='ocr_carea' id='block_1_86' title="bbox 2246 3761 3901 3837">
    <p class='ocr_par' dir='ltr' id='par_1_86' title="bbox 2246 3761 3901 3837">
     <span class='ocr_line' id='line_1_86' title="bbox 2246 3761 3901 3837; baseline 0.007 -21"><span class='ocrx_word' id='word_1_564' title='bbox 2246 3761 2466 3817; x_wconf 91' lang='lat' dir='ltr'>tionem</span> <span class='ocrx_word' id='word_1_565' title='bbox 2493 3762 2797 3832; x_wconf 89' lang='lat' dir='ltr'>inciderat,</span> <span class='ocrx_word' id='word_1_566' title='bbox 2847 3764 3119 3837; x_wconf 84' lang='lat' dir='ltr'>migravit</span> <span class='ocrx_word' id='word_1_567' title='bbox 3176 3769 3246 3824; x_wconf 91' lang='lat' dir='ltr'>ad</span> <span class='ocrx_word' id='word_1_568' title='bbox 3296 3770 3644 3829; x_wconf 90' lang='lat' dir='ltr'>Dominum.</span> <span class='ocrx_word' id='word_1_569' title='bbox 3679 3772 3901 3830; x_wconf 84' lang='lat' dir='ltr'>Mansit</span> 
     </span>
    </p>
   </div>
   <div class='ocr_carea' id='block_1_87' title="bbox 2244 3853 3897 3934">
    <p class='ocr_par' dir='ltr' id='par_1_87' title="bbox 2244 3853 3897 3934">
     <span class='ocr_line' id='line_1_87' title="bbox 2244 3853 3897 3934; baseline 0.007 -29"><span class='ocrx_word' id='word_1_570' title='bbox 2244 3855 2437 3906; x_wconf 89' lang='lat' dir='ltr'>autem</span> <span class='ocrx_word' id='word_1_571' title='bbox 2462 3856 2760 3924; x_wconf 85' lang='lat' dir='ltr'>superstes</span> <span class='ocrx_word' id='word_1_572' title='bbox 2806 3853 2983 3910; x_wconf 88' lang='lat' dir='ltr'>frater</span> <span class='ocrx_word' id='word_1_573' title='bbox 3040 3855 3096 3911; x_wconf 92' lang='lat' dir='ltr'>in</span> <span class='ocrx_word' id='word_1_574' title='bbox 3130 3858 3332 3914; x_wconf 88' lang='lat' dir='ltr'>eadem</span> <span class='ocrx_word' id='word_1_575' title='bbox 3392 3862 3684 3933; x_wconf 87' lang='lat' dir='ltr'>spelunca</span> <span class='ocrx_word' id='word_1_576' title='bbox 3732 3864 3897 3934; x_wconf 83' lang='lat' dir='ltr'>juxta</span> 
     </span>
    </p>
   </div>
   <div class='ocr_carea' id='block_1_88' title="bbox 2235 3940 3622 4018">
    <p class='ocr_par' dir='ltr' id='par_1_88' title="bbox 2235 3940 3622 4018">
     <span class='ocr_line' id='line_1_88' title="bbox 2235 3940 3622 4018; baseline 0.01 -24"><span class='ocrx_word' id='word_1_577' title='bbox 2235 3940 2989 4012; x_wconf 86' lang='lat' dir='ltr'>juramentum,quousque</span> <span class='ocrx_word' id='word_1_578' title='bbox 3022 3949 3077 4000; x_wconf 89' lang='lat' dir='ltr'>et</span> <span class='ocrx_word' id='word_1_579' title='bbox 3109 3946 3233 4018; x_wconf 90' lang='lat' dir='ltr'>ipse</span> <span class='ocrx_word' id='word_1_580' title='bbox 3266 3956 3622 4011; x_wconf 83' lang='lat' dir='ltr'>moreretur.</span> 
     </span>
    </p>
   </div>
   <div class='ocr_carea' id='block_1_89' title="bbox 2802 4048 3322 4110">
    <p class='ocr_par' dir='ltr' id='par_1_89' title="bbox 2802 4048 3322 4110">
     <span class='ocr_line' id='line_1_89' title="bbox 2802 4048 3322 4110; baseline 0.013 -7"><span class='ocrx_word' id='word_1_581' title='bbox 2802 4048 3030 4105; x_wconf 79' lang='lat' dir='ltr'>CAPUT</span> <span class='ocrx_word' id='word_1_582' title='bbox 3077 4052 3322 4110; x_wconf 80' lang='lat' dir='ltr'>XCVIII.</span> 
     </span>
    </p>
   </div>
   <div class='ocr_carea' id='block_1_90' title="bbox 2636 4138 3500 4215">
    <p class='ocr_par' dir='ltr' id='par_1_90' title="bbox 2636 4138 3500 4215">
     <span class='ocr_line' id='line_1_90' title="bbox 2636 4138 3500 4215; baseline 0.012 -23"><span class='ocrx_word' id='word_1_583' title='bbox 2636 4142 2716 4193; x_wconf 93' lang='lat' dir='ltr'>De</span> <span class='ocrx_word' id='word_1_584' title='bbox 2751 4138 2936 4195; x_wconf 85' lang='lat' dir='ltr'>eodem</span> <span class='ocrx_word' id='word_1_585' title='bbox 2974 4144 3155 4211; x_wconf 84' lang='lat' dir='ltr'>[ratre</span> <span class='ocrx_word' id='word_1_586' title='bbox 3192 4147 3500 4215; x_wconf 80' lang='lat' dir='ltr'>superstite.</span> 
     </span>
    </p>
   </div>
   <div class='ocr_carea' id='block_1_91' title="bbox 2312 4226 3903 4301">
    <p class='ocr_par' dir='ltr' id='par_1_91' title="bbox 2312 4226 3903 4301">
     <span class='ocr_line' id='line_1_91' title="bbox 2312 4226 3903 4301; baseline 0.008 -20"><span class='ocrx_word' id='word_1_587' title='bbox 2312 4227 2389 4281; x_wconf 89' lang='lat' dir='ltr'>Ad</span> <span class='ocrx_word' id='word_1_588' title='bbox 2424 4226 2581 4282; x_wconf 92' lang='lat' dir='ltr'>hunc</span> <span class='ocrx_word' id='word_1_589' title='bbox 2616 4227 2852 4284; x_wconf 89' lang='lat' dir='ltr'>fratrem</span> <span class='ocrx_word' id='word_1_590' title='bbox 2880 4235 3010 4301; x_wconf 91' lang='lat' dir='ltr'>post</span> <span class='ocrx_word' id='word_1_591' title='bbox 3040 4236 3285 4287; x_wconf 90' lang='lat' dir='ltr'>mortem</span> <span class='ocrx_word' id='word_1_592' title='bbox 3316 4233 3562 4293; x_wconf 87' lang='lat' dir='ltr'>alterius</span> <span class='ocrx_word' id='word_1_593' title='bbox 3584 4238 3787 4295; x_wconf 88' lang='lat' dir='ltr'>fratris</span> <span class='ocrx_word' id='word_1_594' title='bbox 3813 4254 3903 4293; x_wconf 88' lang='lat' dir='ltr'>ve-</span> 
     </span>
    </p>
   </div>
   <div class='ocr_carea' id='block_1_92' title="bbox 2239 4315 3899 4394">
    <p class='ocr_par' dir='ltr' id='par_1_92' title="bbox 2239 4315 3899 4394">
     <span class='ocr_line' id='line_1_92' title="bbox 2239 4315 3899 4394; baseline 0.007 -24"><span class='ocrx_word' id='word_1_595' title='bbox 2239 4315 2407 4372; x_wconf 90' lang='lat' dir='ltr'>niens</span> <span class='ocrx_word' id='word_1_596' title='bbox 2423 4333 2595 4371; x_wconf 85' lang='lat' dir='ltr'>senex</span> <span class='ocrx_word' id='word_1_597' title='bbox 2616 4317 2854 4387; x_wconf 90' lang='lat' dir='ltr'>quidam</span> <span class='ocrx_word' id='word_1_598' title='bbox 2869 4334 2936 4373; x_wconf 87' lang='lat' dir='ltr'>ex</span> <span class='ocrx_word' id='word_1_599' title='bbox 2952 4321 3308 4378; x_wconf 90' lang='lat' dir='ltr'>monasterio</span> <span class='ocrx_word' id='word_1_600' title='bbox 3325 4322 3777 4394; x_wconf 85' lang='lat' dir='ltr'>Calamonis,ait</span> <span class='ocrx_word' id='word_1_601' title='bbox 3799 4326 3899 4382; x_wconf 90' lang='lat' dir='ltr'>illi:</span> 
     </span>
    </p>
   </div>
   <div class='ocr_carea' id='block_1_93' title="bbox 2235 4397 3910 4480">
    <p class='ocr_par' dir='ltr' id='par_1_93' title="bbox 2235 4397 3910 4480">
     <span class='ocr_line' id='line_1_93' title="bbox 2235 4397 3910 4480; baseline 0.006 -28"><span class='ocrx_word' id='word_1_602' title='bbox 2235 4398 2338 4453; x_wconf 91' lang='lat' dir='ltr'>Dic</span> <span class='ocrx_word' id='word_1_603' title='bbox 2365 4397 2533 4467; x_wconf 89' lang='lat' dir='ltr'>mihi,</span> <span class='ocrx_word' id='word_1_604' title='bbox 2550 4397 2818 4466; x_wconf 89' lang='lat' dir='ltr'>frater,in</span> <span class='ocrx_word' id='word_1_605' title='bbox 2838 4402 3001 4456; x_wconf 87' lang='lat' dir='ltr'>tanto</span> <span class='ocrx_word' id='word_1_606' title='bbox 3024 4405 3284 4474; x_wconf 88' lang='lat' dir='ltr'>tempore</span> <span class='ocrx_word' id='word_1_607' title='bbox 3308 4404 3589 4462; x_wconf 64' lang='lat' dir='ltr'>solitariae</span> <span class='ocrx_word' id='word_1_608' title='bbox 3614 4408 3772 4477; x_wconf 77' lang='lat' dir='ltr'>vitae,</span> <span class='ocrx_word' id='word_1_609' title='bbox 3795 4408 3910 4480; x_wconf 90' lang='lat' dir='ltr'>spi-</span> 
     </span>
    </p>
   </div>
   <div class='ocr_carea' id='block_1_94' title="bbox 2235 4485 3899 4559">
    <p class='ocr_par' dir='ltr' id='par_1_94' title="bbox 2235 4485 3899 4559">
     <span class='ocr_line' id='line_1_94' title="bbox 2235 4485 3899 4559; baseline 0.007 -18"><span class='ocrx_word' id='word_1_610' title='bbox 2235 4485 2542 4557; x_wconf 89' lang='lat' dir='ltr'>ritalisque</span> <span class='ocrx_word' id='word_1_611' title='bbox 2557 4487 3026 4559; x_wconf 89' lang='lat' dir='ltr'>excercitii,quid</span> <span class='ocrx_word' id='word_1_612' title='bbox 3044 4489 3305 4547; x_wconf 91' lang='lat' dir='ltr'>lucratus</span> <span class='ocrx_word' id='word_1_613' title='bbox 3320 4493 3413 4548; x_wconf 87' lang='lat' dir='ltr'>es?</span> <span class='ocrx_word' id='word_1_614' title='bbox 3435 4494 3596 4552; x_wconf 87' lang='lat' dir='ltr'>Dixit</span> <span class='ocrx_word' id='word_1_615' title='bbox 3620 4497 3672 4553; x_wconf 81' lang='lat' dir='ltr'>ei</span> <span class='ocrx_word' id='word_1_616' title='bbox 3702 4498 3899 4552; x_wconf 89' lang='lat' dir='ltr'>frater:</span> 
     </span>
    </p>
   </div>
   <div class='ocr_carea' id='block_1_95' title="bbox 481 4574 3899 4670">
    <p class='ocr_par' dir='ltr' id='par_1_95' title="bbox 481 4574 3899 4670">
     <span class='ocr_line' id='line_1_95' title="bbox 481 4574 3899 4670; baseline -0.003 -14"><span class='ocrx_word' id='word_1_617' title='bbox 481 4574 631 4667; x_wconf 75' lang='lat' dir='ltr'>rent,</span> <span class='ocrx_word' id='word_1_618' title='bbox 666 4616 820 4654; x_wconf 88' lang='lat' dir='ltr'>unus</span> <span class='ocrx_word' id='word_1_619' title='bbox 850 4615 919 4653; x_wconf 89' lang='lat' dir='ltr'>ex</span> <span class='ocrx_word' id='word_1_620' title='bbox 949 4598 1033 4653; x_wconf 90' lang='lat' dir='ltr'>eis</span> <span class='ocrx_word' id='word_1_621' title='bbox 1064 4574 1447 4670; x_wconf 73' lang='lat' dir='ltr'>impugnatus</span> <span class='ocrx_word' id='word_1_622' title='bbox 1478 4614 1511 4652; x_wconf 90' lang='lat' dir='ltr'>a</span> <span class='ocrx_word' id='word_1_623' title='bbox 1542 4596 1946 4664; x_wconf 86' lang='lat' dir='ltr'>fornicatione,</span> <span class='ocrx_word' id='word_1_624' title='bbox 1981 4599 2127 4655; x_wconf 87' lang='lat' dir='ltr'>dixit</span> <span class='ocrx_word' id='word_1_625' title='bbox 2155 4582 2203 4645; x_wconf 85' lang='lat' dir='ltr'>D</span> <span class='ocrx_word' id='word_1_626' title='bbox 2234 4574 2413 4670; x_wconf 52' lang='grc' dir='ltr'>Ῡῗλᾷθν</span> <span class='ocrx_word' id='word_1_627' title='bbox 2437 4579 2493 4629; x_wconf 60' lang='lat' dir='ltr'>et</span> <span class='ocrx_word' id='word_1_628' title='bbox 2520 4578 2651 4646; x_wconf 60' lang='lat' dir='ltr'>Poet</span> <span class='ocrx_word' id='word_1_629' title='bbox 2675 4575 2969 4670; x_wconf 17' lang='grc' dir='ltr'>άθθιῖῖξιιᾼω</span> <span class='ocrx_word' id='word_1_630' title='bbox 3000 4578 3154 4634; x_wconf 54' lang='lat' dir='ltr'>diem</span> <span class='ocrx_word' id='word_1_631' title='bbox 3178 4597 3307 4636; x_wconf 73' lang='grc' dir='ltr'>νθηι</span> <span class='ocrx_word' id='word_1_632' title='bbox 3341 4582 3412 4637; x_wconf 69' lang='lat' dir='ltr'>ad</span> <span class='ocrx_word' id='word_1_633' title='bbox 3446 4600 3566 4651; x_wconf 78' lang='lat' dir='ltr'>me.</span> <span class='ocrx_word' id='word_1_634' title='bbox 3599 4590 3660 4641; x_wconf 76' lang='lat' dir='ltr'>et</span> <span class='ocrx_word' id='word_1_635' title='bbox 3705 4586 3899 4641; x_wconf 78' lang='lat' dir='ltr'>dicam</span> 
     </span>
    </p>
   </div>
   <div class='ocr_carea' id='block_1_96' title="bbox 480 4686 2123 4758">
    <p class='ocr_par' dir='ltr' id='par_1_96' title="bbox 480 4686 2123 4758">
     <span class='ocr_line' id='line_1_96' title="bbox 480 4686 2123 4758; baseline 0 -14"><span class='ocrx_word' id='word_1_636' title='bbox 480 4689 644 4744; x_wconf 84' lang='lat' dir='ltr'>fratri</span> <span class='ocrx_word' id='word_1_637' title='bbox 669 4705 799 4744; x_wconf 91' lang='lat' dir='ltr'>suo:</span> <span class='ocrx_word' id='word_1_638' title='bbox 832 4687 1069 4743; x_wconf 91' lang='lat' dir='ltr'>Dimitte</span> <span class='ocrx_word' id='word_1_639' title='bbox 1089 4703 1198 4753; x_wconf 88' lang='lat' dir='ltr'>me,</span> <span class='ocrx_word' id='word_1_640' title='bbox 1229 4688 1425 4753; x_wconf 88' lang='lat' dir='ltr'>frater,</span> <span class='ocrx_word' id='word_1_641' title='bbox 1451 4686 1590 4757; x_wconf 89' lang='lat' dir='ltr'>quia</span> <span class='ocrx_word' id='word_1_642' title='bbox 1613 4686 1929 4758; x_wconf 90' lang='lat' dir='ltr'>impugnor</span> <span class='ocrx_word' id='word_1_643' title='bbox 1950 4706 1983 4743; x_wconf 88' lang='lat' dir='ltr'>a</span> <span class='ocrx_word' id='word_1_644' title='bbox 2010 4690 2123 4744; x_wconf 88' lang='lat' dir='ltr'>for-</span> 
     </span>
    </p>
   </div>
   <div class='ocr_carea' id='block_1_97' title="bbox 479 4772 2121 4846">
    <p class='ocr_par' dir='ltr' id='par_1_97' title="bbox 479 4772 2121 4846">
     <span class='ocr_line' id='line_1_97' title="bbox 479 4772 2121 4846; baseline -0.002 -13"><span class='ocrx_word' id='word_1_645' title='bbox 479 4776 792 4843; x_wconf 88' lang='lat' dir='ltr'>nicatione,</span> <span class='ocrx_word' id='word_1_646' title='bbox 826 4780 883 4831; x_wconf 89' lang='lat' dir='ltr'>et</span> <span class='ocrx_word' id='word_1_647' title='bbox 906 4775 1051 4830; x_wconf 87' lang='lat' dir='ltr'>ferre</span> <span class='ocrx_word' id='word_1_648' title='bbox 1076 4791 1189 4831; x_wconf 92' lang='lat' dir='ltr'>non</span> <span class='ocrx_word' id='word_1_649' title='bbox 1214 4772 1556 4846; x_wconf 67' lang='lat' dir='ltr'>prievalens,</span> <span class='ocrx_word' id='word_1_650' title='bbox 1581 4773 1707 4829; x_wconf 91' lang='lat' dir='ltr'>volo</span> <span class='ocrx_word' id='word_1_651' title='bbox 1740 4775 1810 4829; x_wconf 87' lang='lat' dir='ltr'>ad</span> <span class='ocrx_word' id='word_1_652' title='bbox 1843 4773 2121 4830; x_wconf 83' lang='lat' dir='ltr'>saeculum</span> 
     </span>
    </p>
   </div>
   <div class='ocr_carea' id='block_1_98' title="bbox 475 4862 2118 4935">
    <p class='ocr_par' dir='ltr' id='par_1_98' title="bbox 475 4862 2118 4935">
     <span class='ocr_line' id='line_1_98' title="bbox 475 4862 2118 4935; baseline -0.002 -14"><span class='ocrx_word' id='word_1_653' title='bbox 475 4866 912 4923; x_wconf 86' lang='lat' dir='ltr'>reverti.Frater</span> <span class='ocrx_word' id='word_1_654' title='bbox 928 4868 1123 4919; x_wconf 91' lang='lat' dir='ltr'>autem</span> <span class='ocrx_word' id='word_1_655' title='bbox 1139 4879 1342 4935; x_wconf 89' lang='lat' dir='ltr'>rogare</span> <span class='ocrx_word' id='word_1_656' title='bbox 1363 4862 1536 4933; x_wconf 58' lang='lat' dir='ltr'>coepit</span> <span class='ocrx_word' id='word_1_657' title='bbox 1557 4878 1685 4918; x_wconf 90' lang='lat' dir='ltr'>eum</span> <span class='ocrx_word' id='word_1_658' title='bbox 1698 4862 1940 4928; x_wconf 89' lang='lat' dir='ltr'>,dicens:</span> <span class='ocrx_word' id='word_1_659' title='bbox 1968 4863 2118 4932; x_wconf 89' lang='lat' dir='ltr'>Noli,</span> 
     </span>
    </p>
   </div>
   <div class='ocr_carea' id='block_1_99' title="bbox 476 4951 2121 5028">
    <p class='ocr_par' dir='ltr' id='par_1_99' title="bbox 476 4951 2121 5028">
     <span class='ocr_line' id='line_1_99' title="bbox 476 4951 2121 5028; baseline -0.001 -17"><span class='ocrx_word' id='word_1_660' title='bbox 476 4972 691 5028; x_wconf 67' lang='lat' dir='ltr'>quaeso,</span> <span class='ocrx_word' id='word_1_661' title='bbox 720 4956 895 5010; x_wconf 89' lang='lat' dir='ltr'>frater</span> <span class='ocrx_word' id='word_1_662' title='bbox 924 4953 1023 5023; x_wconf 85' lang='lat' dir='ltr'>mi,</span> <span class='ocrx_word' id='word_1_663' title='bbox 1058 4952 1176 5008; x_wconf 92' lang='lat' dir='ltr'>noli</span> <span class='ocrx_word' id='word_1_664' title='bbox 1209 4951 1729 5025; x_wconf 89' lang='lat' dir='ltr'>perderelaborem</span> <span class='ocrx_word' id='word_1_665' title='bbox 1750 4961 1937 5009; x_wconf 89' lang='lat' dir='ltr'>tuum.</span> <span class='ocrx_word' id='word_1_666' title='bbox 1960 4958 2121 5009; x_wconf 90' lang='lat' dir='ltr'>Tunc</span> 
     </span>
    </p>
   </div>
   <div class='ocr_carea' id='block_1_100' title="bbox 471 5042 2118 5113">
    <p class='ocr_par' dir='ltr' id='par_1_100' title="bbox 471 5042 2118 5113">
     <span class='ocr_line' id='line_1_100' title="bbox 471 5042 2118 5113; baseline -0.001 -13"><span class='ocrx_word' id='word_1_667' title='bbox 471 5046 522 5101; x_wconf 91' lang='lat' dir='ltr'>is</span> <span class='ocrx_word' id='word_1_668' title='bbox 546 5045 689 5100; x_wconf 89' lang='lat' dir='ltr'>dicit</span> <span class='ocrx_word' id='word_1_669' title='bbox 710 5045 760 5101; x_wconf 90' lang='lat' dir='ltr'>ei</span> <span class='ocrx_word' id='word_1_670' title='bbox 785 5048 933 5099; x_wconf 80' lang='lat' dir='ltr'>:Aut</span> <span class='ocrx_word' id='word_1_671' title='bbox 956 5042 1187 5098; x_wconf 89' lang='lat' dir='ltr'>dimitte</span> <span class='ocrx_word' id='word_1_672' title='bbox 1213 5058 1301 5097; x_wconf 90' lang='lat' dir='ltr'>me</span> <span class='ocrx_word' id='word_1_673' title='bbox 1315 5042 1496 5113; x_wconf 85' lang='lat' dir='ltr'>abire,</span> <span class='ocrx_word' id='word_1_674' title='bbox 1512 5046 1613 5097; x_wconf 86' lang='lat' dir='ltr'>aut</span> <span class='ocrx_word' id='word_1_675' title='bbox 1634 5051 1693 5097; x_wconf 89' lang='lat' dir='ltr'>tu</span> <span class='ocrx_word' id='word_1_676' title='bbox 1718 5043 1845 5098; x_wconf 91' lang='lat' dir='ltr'>veni</span> <span class='ocrx_word' id='word_1_677' title='bbox 1866 5060 2118 5113; x_wconf 89' lang='lat' dir='ltr'>mecum,</span> 
     </span>
    </p>
   </div>
   <div class='ocr_carea' id='block_1_101' title="bbox 475 5129 2121 5204">
    <p class='ocr_par' dir='ltr' id='par_1_101' title="bbox 475 5129 2121 5204">
     <span class='ocr_line' id='line_1_101' title="bbox 475 5129 2121 5204; baseline 0 -17"><span class='ocrx_word' id='word_1_678' title='bbox 475 5132 832 5204; x_wconf 85' lang='lat' dir='ltr'>utvoluptati</span> <span class='ocrx_word' id='word_1_679' title='bbox 854 5131 1450 5188; x_wconf 84' lang='lat' dir='ltr'>satistaeiam.Frater</span> <span class='ocrx_word' id='word_1_680' title='bbox 1470 5134 1665 5185; x_wconf 89' lang='lat' dir='ltr'>autem</span> <span class='ocrx_word' id='word_1_681' title='bbox 1680 5129 1923 5187; x_wconf 90' lang='lat' dir='ltr'>illecum</span> <span class='ocrx_word' id='word_1_682' title='bbox 1941 5131 2121 5187; x_wconf 90' lang='lat' dir='ltr'>nollet</span> 
     </span>
    </p>
   </div>
   <div class='ocr_carea' id='block_1_102' title="bbox 471 5218 2119 5293">
    <p class='ocr_par' dir='ltr' id='par_1_102' title="bbox 471 5218 2119 5293">
     <span class='ocr_line' id='line_1_102' title="bbox 471 5218 2119 5293; baseline -0.001 -15"><span class='ocrx_word' id='word_1_683' title='bbox 471 5238 605 5278; x_wconf 81' lang='lat' dir='ltr'>eum</span> <span class='ocrx_word' id='word_1_684' title='bbox 627 5222 943 5287; x_wconf 88' lang='lat' dir='ltr'>dimittere,</span> <span class='ocrx_word' id='word_1_685' title='bbox 960 5220 1104 5276; x_wconf 89' lang='lat' dir='ltr'>abiit</span> <span class='ocrx_word' id='word_1_686' title='bbox 1123 5236 1257 5276; x_wconf 89' lang='lat' dir='ltr'>cum</span> <span class='ocrx_word' id='word_1_687' title='bbox 1282 5218 1379 5274; x_wconf 94' lang='lat' dir='ltr'>illo</span> <span class='ocrx_word' id='word_1_688' title='bbox 1396 5219 1452 5274; x_wconf 89' lang='lat' dir='ltr'>in</span> <span class='ocrx_word' id='word_1_689' title='bbox 1477 5219 1791 5275; x_wconf 88' lang='lat' dir='ltr'>civitatem.</span> <span class='ocrx_word' id='word_1_690' title='bbox 1810 5224 2119 5293; x_wconf 87' lang='lat' dir='ltr'>Ingressus</span> 
     </span>
    </p>
   </div>
   <div class='ocr_carea' id='block_1_103' title="bbox 471 5307 2115 5382">
    <p class='ocr_par' dir='ltr' id='par_1_103' title="bbox 471 5307 2115 5382">
     <span class='ocr_line' id='line_1_103' title="bbox 471 5307 2115 5382; baseline 0.001 -18"><span class='ocrx_word' id='word_1_691' title='bbox 471 5309 651 5382; x_wconf 86' lang='lat' dir='ltr'>igitur</span> <span class='ocrx_word' id='word_1_692' title='bbox 671 5315 759 5365; x_wconf 87' lang='lat' dir='ltr'>est</span> <span class='ocrx_word' id='word_1_693' title='bbox 783 5310 841 5364; x_wconf 92' lang='lat' dir='ltr'>in</span> <span class='ocrx_word' id='word_1_694' title='bbox 867 5309 1192 5365; x_wconf 86' lang='lat' dir='ltr'>meretricis</span> <span class='ocrx_word' id='word_1_695' title='bbox 1211 5307 1595 5363; x_wconf 87' lang='lat' dir='ltr'>diversorium</span> <span class='ocrx_word' id='word_1_696' title='bbox 1617 5309 1665 5364; x_wconf 93' lang='lat' dir='ltr'>is</span> <span class='ocrx_word' id='word_1_697' title='bbox 1684 5308 1785 5381; x_wconf 92' lang='lat' dir='ltr'>qui</span> <span class='ocrx_word' id='word_1_698' title='bbox 1802 5310 2115 5382; x_wconf 86' lang='lat' dir='ltr'>impugna-</span> 
     </span>
    </p>
   </div>
   <div class='ocr_carea' id='block_1_104' title="bbox 467 5398 2116 5469">
    <p class='ocr_par' dir='ltr' id='par_1_104' title="bbox 467 5398 2116 5469">
     <span class='ocr_line' id='line_1_104' title="bbox 467 5398 2116 5469; baseline 0.002 -16"><span class='ocrx_word' id='word_1_699' title='bbox 467 5399 660 5454; x_wconf 88' lang='lat' dir='ltr'>balur:</span> <span class='ocrx_word' id='word_1_700' title='bbox 686 5398 864 5453; x_wconf 85' lang='lat' dir='ltr'>frater</span> <span class='ocrx_word' id='word_1_701' title='bbox 893 5404 1089 5453; x_wconf 87' lang='lat' dir='ltr'>autem</span> <span class='ocrx_word' id='word_1_702' title='bbox 1122 5398 1221 5453; x_wconf 90' lang='lat' dir='ltr'>ille</span> <span class='ocrx_word' id='word_1_703' title='bbox 1274 5398 1415 5452; x_wconf 89' lang='lat' dir='ltr'>foris</span> <span class='ocrx_word' id='word_1_704' title='bbox 1466 5402 1654 5465; x_wconf 89' lang='lat' dir='ltr'>stans,</span> <span class='ocrx_word' id='word_1_705' title='bbox 1714 5398 2010 5469; x_wconf 89' lang='lat' dir='ltr'>pulverem</span> <span class='ocrx_word' id='word_1_706' title='bbox 2046 5403 2116 5457; x_wconf 90' lang='lat' dir='ltr'>de</span> 
     </span>
    </p>
   </div>
   <div class='ocr_carea' id='block_1_105' title="bbox 466 5486 2113 5559">
    <p class='ocr_par' dir='ltr' id='par_1_105' title="bbox 466 5486 2113 5559">
     <span class='ocr_line' id='line_1_105' title="bbox 466 5486 2113 5559; baseline 0 -15"><span class='ocrx_word' id='word_1_707' title='bbox 466 5494 623 5544; x_wconf 88' lang='lat' dir='ltr'>terra</span> <span class='ocrx_word' id='word_1_708' title='bbox 643 5504 819 5559; x_wconf 90' lang='lat' dir='ltr'>super</span> <span class='ocrx_word' id='word_1_709' title='bbox 831 5494 1007 5557; x_wconf 86' lang='lat' dir='ltr'>caput</span> <span class='ocrx_word' id='word_1_710' title='bbox 1021 5504 1085 5543; x_wconf 86' lang='lat' dir='ltr'>su</span> <span class='ocrx_word' id='word_1_711' title='bbox 1098 5486 1478 5558; x_wconf 85' lang='lat' dir='ltr'>umjaciebat,</span> <span class='ocrx_word' id='word_1_712' title='bbox 1495 5491 1551 5540; x_wconf 89' lang='lat' dir='ltr'>et</span> <span class='ocrx_word' id='word_1_713' title='bbox 1564 5488 1949 5558; x_wconf 87' lang='lat' dir='ltr'>semetipsum</span> <span class='ocrx_word' id='word_1_714' title='bbox 1965 5488 2113 5544; x_wconf 84' lang='lat' dir='ltr'>affli-</span> 
     </span>
    </p>
   </div>
   <div class='ocr_carea' id='block_1_106' title="bbox 464 5573 2114 5650">
    <p class='ocr_par' dir='ltr' id='par_1_106' title="bbox 464 5573 2114 5650">
     <span class='ocr_line' id='line_1_106' title="bbox 464 5573 2114 5650; baseline 0 -16"><span class='ocrx_word' id='word_1_715' title='bbox 464 5578 657 5650; x_wconf 85' lang='lat' dir='ltr'>gebat.</span> <span class='ocrx_word' id='word_1_716' title='bbox 686 5579 1004 5647; x_wconf 87' lang='lat' dir='ltr'>Postquam</span> <span class='ocrx_word' id='word_1_717' title='bbox 1038 5592 1170 5632; x_wconf 89' lang='lat' dir='ltr'>vero</span> <span class='ocrx_word' id='word_1_718' title='bbox 1193 5575 1291 5630; x_wconf 90' lang='lat' dir='ltr'>ille</span> <span class='ocrx_word' id='word_1_719' title='bbox 1322 5573 1611 5646; x_wconf 87' lang='lat' dir='ltr'>completo</span> <span class='ocrx_word' id='word_1_720' title='bbox 1671 5576 1822 5632; x_wconf 87' lang='lat' dir='ltr'>foedo</span> <span class='ocrx_word' id='word_1_721' title='bbox 1881 5593 2053 5650; x_wconf 90' lang='lat' dir='ltr'>opere</span> <span class='ocrx_word' id='word_1_722' title='bbox 2084 5595 2114 5634; x_wconf 91' lang='lat' dir='ltr'>e</span> 
     </span>
    </p>
   </div>
   <div class='ocr_carea' id='block_1_107' title="bbox 462 5664 2107 5739">
    <p class='ocr_par' dir='ltr' id='par_1_107' title="bbox 462 5664 2107 5739">
     <span class='ocr_line' id='line_1_107' title="bbox 462 5664 2107 5739; baseline 0.001 -17"><span class='ocrx_word' id='word_1_723' title='bbox 462 5665 733 5739; x_wconf 85' lang='lat' dir='ltr'>lupanari</span> <span class='ocrx_word' id='word_1_724' title='bbox 765 5680 1039 5735; x_wconf 88' lang='lat' dir='ltr'>egressus</span> <span class='ocrx_word' id='word_1_725' title='bbox 1067 5669 1175 5733; x_wconf 88' lang='lat' dir='ltr'>est,</span> <span class='ocrx_word' id='word_1_726' title='bbox 1208 5664 1354 5721; x_wconf 83' lang='lat' dir='ltr'>dixit</span> <span class='ocrx_word' id='word_1_727' title='bbox 1384 5665 1454 5723; x_wconf 87' lang='lat' dir='ltr'>ad</span> <span class='ocrx_word' id='word_1_728' title='bbox 1497 5680 1633 5720; x_wconf 89' lang='lat' dir='ltr'>eum</span> <span class='ocrx_word' id='word_1_729' title='bbox 1684 5665 1898 5722; x_wconf 89' lang='lat' dir='ltr'>frater:</span> <span class='ocrx_word' id='word_1_730' title='bbox 1961 5669 2107 5735; x_wconf 87' lang='lat' dir='ltr'>Quid</span> 
     </span>
    </p>
   </div>
   <div class='ocr_carea' id='block_1_108' title="bbox 2238 4665 3910 4742">
    <p class='ocr_par' dir='ltr' id='par_1_108' title="bbox 2238 4665 3910 4742">
     <span class='ocr_line' id='line_1_108' title="bbox 2238 4665 3910 4742; baseline 0.006 -22"><span class='ocrx_word' id='word_1_731' title='bbox 2238 4665 2366 4721; x_wconf 88' lang='lat' dir='ltr'>tibi.</span> <span class='ocrx_word' id='word_1_732' title='bbox 2389 4670 2574 4721; x_wconf 86' lang='lat' dir='ltr'>Senex</span> <span class='ocrx_word' id='word_1_733' title='bbox 2596 4670 2793 4722; x_wconf 89' lang='lat' dir='ltr'>autem</span> <span class='ocrx_word' id='word_1_734' title='bbox 2823 4667 3046 4737; x_wconf 90' lang='lat' dir='ltr'>abiens,</span> <span class='ocrx_word' id='word_1_735' title='bbox 3071 4675 3204 4742; x_wconf 90' lang='lat' dir='ltr'>post</span> <span class='ocrx_word' id='word_1_736' title='bbox 3221 4671 3517 4729; x_wconf 86' lang='lat' dir='ltr'>decimum</span> <span class='ocrx_word' id='word_1_737' title='bbox 3538 4675 3705 4732; x_wconf 84' lang='lat' dir='ltr'>diem</span> <span class='ocrx_word' id='word_1_738' title='bbox 3732 4676 3910 4731; x_wconf 87' lang='lat' dir='ltr'>rediit</span> 
     </span>
    </p>
   </div>
   <div class='ocr_carea' id='block_1_109' title="bbox 2233 4756 3903 4836">
    <p class='ocr_par' dir='ltr' id='par_1_109' title="bbox 2233 4756 3903 4836">
     <span class='ocr_line' id='line_1_109' title="bbox 2233 4756 3903 4836; baseline 0.008 -24"><span class='ocrx_word' id='word_1_739' title='bbox 2233 4756 2575 4828; x_wconf 80' lang='lat' dir='ltr'>invenitque</span> <span class='ocrx_word' id='word_1_740' title='bbox 2594 4757 2829 4813; x_wconf 86' lang='lat' dir='ltr'>fratrem</span> <span class='ocrx_word' id='word_1_741' title='bbox 2847 4760 3135 4833; x_wconf 88' lang='lat' dir='ltr'>migrasse</span> <span class='ocrx_word' id='word_1_742' title='bbox 3152 4764 3221 4817; x_wconf 90' lang='lat' dir='ltr'>ad</span> <span class='ocrx_word' id='word_1_743' title='bbox 3239 4763 3561 4836; x_wconf 89' lang='lat' dir='ltr'>Christum,</span> <span class='ocrx_word' id='word_1_744' title='bbox 3579 4772 3642 4823; x_wconf 90' lang='lat' dir='ltr'>et</span> <span class='ocrx_word' id='word_1_745' title='bbox 3660 4772 3903 4834; x_wconf 85' lang='lat' dir='ltr'>testam,</span> 
     </span>
    </p>
   </div>
   <div class='ocr_carea' id='block_1_110' title="bbox 2234 4848 3907 4930">
    <p class='ocr_par' dir='ltr' id='par_1_110' title="bbox 2234 4848 3907 4930">
     <span class='ocr_line' id='line_1_110' title="bbox 2234 4848 3907 4930; baseline 0.005 -29"><span class='ocrx_word' id='word_1_746' title='bbox 2234 4855 2291 4911; x_wconf 88' lang='lat' dir='ltr'>in</span> <span class='ocrx_word' id='word_1_747' title='bbox 2314 4864 2433 4919; x_wconf 89' lang='lat' dir='ltr'>qua</span> <span class='ocrx_word' id='word_1_748' title='bbox 2459 4848 2547 4902; x_wconf 91' lang='lat' dir='ltr'>sic</span> <span class='ocrx_word' id='word_1_749' title='bbox 2580 4849 2869 4919; x_wconf 88' lang='lat' dir='ltr'>scriptum</span> <span class='ocrx_word' id='word_1_750' title='bbox 2901 4854 3044 4905; x_wconf 88' lang='lat' dir='ltr'>erat:</span> <span class='ocrx_word' id='word_1_751' title='bbox 3070 4850 3332 4922; x_wconf 88' lang='lat' dir='ltr'>Ignosce,</span> <span class='ocrx_word' id='word_1_752' title='bbox 3366 4853 3553 4921; x_wconf 89' lang='lat' dir='ltr'>Pater,</span> <span class='ocrx_word' id='word_1_753' title='bbox 3584 4857 3735 4930; x_wconf 89' lang='lat' dir='ltr'>quia</span> <span class='ocrx_word' id='word_1_754' title='bbox 3755 4875 3907 4912; x_wconf 88' lang='lat' dir='ltr'>nun-</span> 
     </span>
    </p>
   </div>
   <div class='ocr_carea' id='block_1_111' title="bbox 2234 4936 3919 5011">
    <p class='ocr_par' dir='ltr' id='par_1_111' title="bbox 2234 4936 3919 5011">
     <span class='ocr_line' id='line_1_111' title="bbox 2234 4936 3919 5011; baseline 0.007 -22"><span class='ocrx_word' id='word_1_755' title='bbox 2234 4951 2411 5007; x_wconf 88' lang='lat' dir='ltr'>quam</span> <span class='ocrx_word' id='word_1_756' title='bbox 2433 4980 2446 5005; x_wconf 86' lang='lat'>,</span> <span class='ocrx_word' id='word_1_757' title='bbox 2487 4936 2630 4991; x_wconf 89' lang='lat' dir='ltr'>dum</span> <span class='ocrx_word' id='word_1_758' title='bbox 2664 4952 2812 5007; x_wconf 90' lang='lat' dir='ltr'>opus</span> <span class='ocrx_word' id='word_1_759' title='bbox 2844 4938 2943 4992; x_wconf 92' lang='lat' dir='ltr'>Dei</span> <span class='ocrx_word' id='word_1_760' title='bbox 2975 4954 3228 5011; x_wconf 88' lang='lat' dir='ltr'>agerem,</span> <span class='ocrx_word' id='word_1_761' title='bbox 3262 4946 3360 4997; x_wconf 91' lang='lat' dir='ltr'>aut</span> <span class='ocrx_word' id='word_1_762' title='bbox 3386 4942 3545 5001; x_wconf 89' lang='lat' dir='ltr'>boris</span> <span class='ocrx_word' id='word_1_763' title='bbox 3568 4945 3919 5003; x_wconf 89' lang='lat' dir='ltr'>constitutis</span> 
     </span>
    </p>
   </div>
   <div class='ocr_carea' id='block_1_112' title="bbox 2230 5024 3725 5097">
    <p class='ocr_par' dir='ltr' id='par_1_112' title="bbox 2230 5024 3725 5097">
     <span class='ocr_line' id='line_1_112' title="bbox 2230 5024 3725 5097; baseline 0.01 -19"><span class='ocrx_word' id='word_1_764' title='bbox 2230 5024 2566 5097; x_wconf 90' lang='lat' dir='ltr'>psallerem,</span> <span class='ocrx_word' id='word_1_765' title='bbox 2604 5030 2861 5081; x_wconf 84' lang='lat' dir='ltr'>mentem</span> <span class='ocrx_word' id='word_1_766' title='bbox 2898 5044 3090 5083; x_wconf 89' lang='lat' dir='ltr'>meam</span> <span class='ocrx_word' id='word_1_767' title='bbox 3128 5030 3329 5087; x_wconf 91' lang='lat' dir='ltr'>dimisi</span> <span class='ocrx_word' id='word_1_768' title='bbox 3362 5031 3421 5087; x_wconf 91' lang='lat' dir='ltr'>in</span> <span class='ocrx_word' id='word_1_769' title='bbox 3471 5037 3725 5093; x_wconf 87' lang='lat' dir='ltr'>terram.</span> 
     </span>
    </p>
   </div>
   <div class='ocr_carea' id='block_1_113' title="bbox 2826 5135 3279 5194">
    <p class='ocr_par' dir='ltr' id='par_1_113' title="bbox 2826 5135 3279 5194">
     <span class='ocr_line' id='line_1_113' title="bbox 2826 5135 3279 5194; baseline 0.007 -4"><span class='ocrx_word' id='word_1_770' title='bbox 2826 5135 3061 5192; x_wconf 83' lang='lat' dir='ltr'>CAPUT</span> <span class='ocrx_word' id='word_1_771' title='bbox 3092 5136 3279 5194; x_wconf 75' lang='lat' dir='ltr'>XCIX.</span> 
     </span>
    </p>
   </div>
   <div class='ocr_carea' id='block_1_114' title="bbox 2414 5221 3727 5302">
    <p class='ocr_par' dir='ltr' id='par_1_114' title="bbox 2414 5221 3727 5302">
     <span class='ocr_line' id='line_1_114' title="bbox 2414 5221 3727 5302; baseline 0.008 -25"><span class='ocrx_word' id='word_1_772' title='bbox 2414 5223 2533 5278; x_wconf 87' lang='lat' dir='ltr'>Vita</span> <span class='ocrx_word' id='word_1_773' title='bbox 2572 5221 2802 5278; x_wconf 76' lang='lat' dir='ltr'>Antonii</span> <span class='ocrx_word' id='word_1_774' title='bbox 2830 5224 2978 5282; x_wconf 73' lang='lat' dir='ltr'>seni:</span> <span class='ocrx_word' id='word_1_775' title='bbox 3006 5227 3333 5284; x_wconf 77' lang='lat' dir='ltr'>monasterii</span> <span class='ocrx_word' id='word_1_776' title='bbox 3362 5228 3423 5284; x_wconf 82' lang='lat' dir='ltr'>in</span> <span class='ocrx_word' id='word_1_777' title='bbox 3454 5229 3727 5302; x_wconf 83' lang='lat' dir='ltr'>Scapula.</span> 
     </span>
    </p>
   </div>
   <div class='ocr_carea' id='block_1_115' title="bbox 2298 5312 3920 5388">
    <p class='ocr_par' dir='ltr' id='par_1_115' title="bbox 2298 5312 3920 5388">
     <span class='ocr_line' id='line_1_115' title="bbox 2298 5312 3920 5388; baseline 0.009 -23"><span class='ocrx_word' id='word_1_778' title='bbox 2298 5315 2695 5367; x_wconf 87' lang='lat' dir='ltr'>Narraverunt</span> <span class='ocrx_word' id='word_1_779' title='bbox 2718 5312 2889 5370; x_wconf 92' lang='lat' dir='ltr'>nobis</span> <span class='ocrx_word' id='word_1_780' title='bbox 2906 5314 3109 5372; x_wconf 87' lang='lat' dir='ltr'>Patres</span> <span class='ocrx_word' id='word_1_781' title='bbox 3122 5317 3387 5388; x_wconf 90' lang='lat' dir='ltr'>ejusdem</span> <span class='ocrx_word' id='word_1_782' title='bbox 3407 5335 3496 5374; x_wconf 90' lang='lat' dir='ltr'>mc</span> <span class='ocrx_word' id='word_1_783' title='bbox 3509 5321 3765 5377; x_wconf 87' lang='lat' dir='ltr'>nasterii</span> <span class='ocrx_word' id='word_1_784' title='bbox 3784 5338 3920 5378; x_wconf 79' lang='lat' dir='ltr'>san-</span> 
     </span>
    </p>
   </div>
   <div class='ocr_carea' id='block_1_116' title="bbox 2228 5401 3913 5467">
    <p class='ocr_par' dir='ltr' id='par_1_116' title="bbox 2228 5401 3913 5467">
     <span class='ocr_line' id='line_1_116' title="bbox 2228 5401 3913 5467; baseline 0.007 -10"><span class='ocrx_word' id='word_1_785' title='bbox 2228 5401 2304 5457; x_wconf 89' lang='lat' dir='ltr'>cti</span> <span class='ocrx_word' id='word_1_786' title='bbox 2324 5401 2513 5456; x_wconf 90' lang='lat' dir='ltr'>Patris</span> <span class='ocrx_word' id='word_1_787' title='bbox 2537 5401 2722 5456; x_wconf 90' lang='lat' dir='ltr'>nostri</span> <span class='ocrx_word' id='word_1_788' title='bbox 2746 5401 3059 5461; x_wconf 88' lang='lat' dir='ltr'>Theodosii</span> <span class='ocrx_word' id='word_1_789' title='bbox 3091 5407 3355 5464; x_wconf 91' lang='lat' dir='ltr'>dicentes</span> <span class='ocrx_word' id='word_1_790' title='bbox 3375 5426 3387 5464; x_wconf 89' lang='lat'>:</span> <span class='ocrx_word' id='word_1_791' title='bbox 3405 5408 3687 5467; x_wconf 85' lang='lat' dir='ltr'>Antehos</span> <span class='ocrx_word' id='word_1_792' title='bbox 3712 5429 3913 5467; x_wconf 77' lang='lat' dir='ltr'>annos</span> 
     </span>
    </p>
   </div>
   <div class='ocr_carea' id='block_1_117' title="bbox 2226 5490 3912 5567">
    <p class='ocr_par' dir='ltr' id='par_1_117' title="bbox 2226 5490 3912 5567">
     <span class='ocr_line' id='line_1_117' title="bbox 2226 5490 3912 5567; baseline 0.007 -22"><span class='ocrx_word' id='word_1_793' title='bbox 2226 5491 2540 5545; x_wconf 87' lang='lat' dir='ltr'>defunctus</span> <span class='ocrx_word' id='word_1_794' title='bbox 2572 5495 2661 5545; x_wconf 89' lang='lat' dir='ltr'>est</span> <span class='ocrx_word' id='word_1_795' title='bbox 2685 5490 2779 5546; x_wconf 89' lang='lat' dir='ltr'>hic</span> <span class='ocrx_word' id='word_1_796' title='bbox 2810 5509 2983 5549; x_wconf 84' lang='lat' dir='ltr'>senex</span> <span class='ocrx_word' id='word_1_797' title='bbox 3019 5495 3286 5567; x_wconf 86' lang='lat' dir='ltr'>quidam,</span> <span class='ocrx_word' id='word_1_798' title='bbox 3310 5498 3600 5554; x_wconf 84' lang='lat' dir='ltr'>Antonius</span> <span class='ocrx_word' id='word_1_799' title='bbox 3627 5502 3912 5558; x_wconf 87' lang='lat' dir='ltr'>nomine.</span> 
     </span>
    </p>
   </div>
   <div class='ocr_carea' id='block_1_118' title="bbox 2224 5578 3922 5661">
    <p class='ocr_par' dir='ltr' id='par_1_118' title="bbox 2224 5578 3922 5661">
     <span class='ocr_line' id='line_1_118' title="bbox 2224 5578 3922 5661; baseline 0.008 -28"><span class='ocrx_word' id='word_1_800' title='bbox 2224 5584 2280 5634; x_wconf 90' lang='lat' dir='ltr'>Is</span> <span class='ocrx_word' id='word_1_801' title='bbox 2312 5578 2368 5634; x_wconf 85' lang='lat' dir='ltr'>in</span> <span class='ocrx_word' id='word_1_802' title='bbox 2397 5579 2514 5634; x_wconf 90' lang='lat' dir='ltr'>vita</span> <span class='ocrx_word' id='word_1_803' title='bbox 2544 5595 2651 5635; x_wconf 89' lang='lat' dir='ltr'>sua</span> <span class='ocrx_word' id='word_1_804' title='bbox 2674 5581 3189 5655; x_wconf 85' lang='lat' dir='ltr'>maximejejuniis</span> <span class='ocrx_word' id='word_1_805' title='bbox 3218 5602 3455 5659; x_wconf 90' lang='lat' dir='ltr'>operam</span> <span class='ocrx_word' id='word_1_806' title='bbox 3488 5588 3673 5658; x_wconf 88' lang='lat' dir='ltr'>dans,</span> <span class='ocrx_word' id='word_1_807' title='bbox 3711 5592 3922 5661; x_wconf 85' lang='lat' dir='ltr'>profe-</span> 
     </span>
    </p>
   </div>
   <div class='ocr_carea' id='block_1_119' title="bbox 2224 5667 3914 5754">
    <p class='ocr_par' dir='ltr' id='par_1_119' title="bbox 2224 5667 3914 5754">
     <span class='ocr_line' id='line_1_119' title="bbox 2224 5667 3914 5754; baseline 0.009 -31"><span class='ocrx_word' id='word_1_808' title='bbox 2224 5673 2355 5724; x_wconf 89' lang='lat' dir='ltr'>tcus</span> <span class='ocrx_word' id='word_1_809' title='bbox 2386 5671 2475 5724; x_wconf 89' lang='lat' dir='ltr'>est</span> <span class='ocrx_word' id='word_1_810' title='bbox 2504 5667 2564 5725; x_wconf 91' lang='lat' dir='ltr'>in</span> <span class='ocrx_word' id='word_1_811' title='bbox 2594 5667 2791 5727; x_wconf 90' lang='lat' dir='ltr'>locum</span> <span class='ocrx_word' id='word_1_812' title='bbox 2824 5672 3429 5743; x_wconf 80' lang='lat' dir='ltr'>quiCutulasdicitur.</span> <span class='ocrx_word' id='word_1_813' title='bbox 3454 5678 3734 5743; x_wconf 88' lang='lat' dir='ltr'>Quadam</span> <span class='ocrx_word' id='word_1_814' title='bbox 3760 5696 3914 5754; x_wconf 86' lang='lat' dir='ltr'>ergo</span> 
     </span>
    </p>
   </div>
  </div>
