4180 6338
253 394 344 449 169
1544 397 1837 453 PRATUM
1878 398 1904 450 Ε

1980 397 2329 450 lRITUALE.
3529 405 3631 460 170

251 522 332 576 die
360 536 487 575 cum
518 523 667 574 esset
702 518 759 574 in
794 537 1011 586 eremo,
1046 538 1177 577 ecce
1199 522 1470 577 Saraceni
1506 522 1617 591 (23)
1651 521 1707 574 in
1740 538 1868 591 par-
1906 530 1953 589 Α
1988 520 2091 588 git.
2130 520 2292 574 Tunc
2324 520 2521 575 senior
2547 522 2761 577 certior
2785 523 2971 579 factus
2992 531 3082 579 est
3104 528 3257 597 quod
3284 532 3433 584 Deus
3455 532 3636 585 remi-

254 619 328 665 tes
356 611 477 663 illas
510 611 802 664 venientes
827 611 1101 665 viderunt
1134 628 1355 679 senem,
1385 627 1660 681 unusque
1692 627 1759 664 ex
1790 611 1873 664 eis
1982 612 2156 663 sisset
2189 610 2269 663 illi
2306 615 2633 681 peccatum,
2668 618 2724 665 et
2754 614 2995 669 veniens
3019 633 3226 671 rursus
3256 616 3313 671 in
3339 626 3629 676 monaste-

250 703 437 756 educto
467 699 658 770 gladio
689 702 847 755 venit
870 706 1073 756 contra
1103 719 1324 767 senem,
1347 701 1547 756 volens
1574 717 1780 755 necare
1806 698 1870 751 il-
1983 699 2134 751 rium
2170 715 2367 760 suum,
2401 700 2545 753 vixit
2577 702 2636 753 in
2670 717 2883 773 magna
2916 705 3296 771 continentia,
3330 708 3629 764 aadifieans

252 791 375 844 lum.
408 792 583 844 Senex
605 795 798 844 autem
835 796 895 844 ut
920 791 1061 844 vidit
1092 792 1447 845 Saracenum
1474 796 1675 844 contra
1699 805 1759 842 se
1780 804 1872 841 ve-
1982 803 2186 841 omnes
2216 788 2344 841 vitae
2367 806 2485 842 sua:
2517 789 2783 860 exemplo
2810 807 2993 861 usque
3026 798 3093 848 ad
3119 795 3272 850 diem
3295 796 3490 852 obitus
3510 798 3625 853 sui.

254 879 508 941 nientem,
543 879 778 933 intuens
800 878 854 932 in
880 879 1113 944 cmlum,
1140 881 1219 934 ait
1244 896 1256 934 :
1288 879 1521 935 Domine
1543 879 1682 933 Jesu
1705 876 1869 932 Chri-
2612 897 2844 952 CAPUT
2876 901 2995 955 CIL

252 975 343 1031 ste,
366 970 627 1022 voluntas
652 972 751 1022 tua
776 970 895 1023 liat.
928 970 1260 1040 Statimque
1291 975 1489 1039 aperta
1512 975 1598 1021 est
1620 976 1793 1029 terra,
1819 970 1875 1020 et

1980 984 2200 1038 Relalio
2223 985 2517 1055 Sophronii
2544 986 2803 1057 sap/ima:
2822 989 2887 1041 de
2916 1004 2978 1043 eo
3007 992 3147 1059 quod
3167 992 3276 1047 sibi
3304 994 3365 1048 in
3394 993 3483 1049 via
3505 1010 3629 1050 con-

251 1058 527 1111 absorbuit
555 1062 907 1112 Saracenum
935 1057 1124 1123 illum,
1152 1074 1442 1128 senexque
1478 1057 1740 1111 salvatus
1762 1060 1870 1123 est,
2690 1058 2912 1128 tigerat.

248 1153 294 1201 et
318 1146 641 1217 gloriﬁcans
673 1146 857 1201 Deum
885 1146 943 1201 in
978 1147 1400 1201 monasterium
1432 1142 1737 1217 ingressus
1761 1151 1868 1199 est.
2051 1143 2191 1197 Cum
2212 1145 2602 1208 interrogatus
2624 1150 3349 1221 essetabbasSophronius
3364 1154 3629 1225 sophista

884 1253 1118 1308 CAPUT
1150 1256 1211 1306 (λ,
1980 1233 2158 1287 frater
2179 1250 2363 1303 meus,
2388 1235 2817 1291 assistebamus
2846 1254 3024 1309 prope
3048 1240 3215 1295 illum
3240 1257 3345 1313 ego
3368 1249 3426 1297 et
3446 1244 3627 1300 abbas

634 1343 757 1397 γίια
789 1343 944 1397 patri
990 1345 1211 1397 ροηησί
1236 1340 1513 1396 monachi.
1976 1322 2234 1377 Joannes
2266 1324 2673 1389 scholasticus,
2698 1333 2754 1380 et
2783 1327 2966 1382 abbas
2990 1328 3345 1396 Quiricus,et
3367 1332 3465 1387 alii
3489 1335 3626 1404 qui-

307 1437 517 1487 Rursus
567 1438 954 1487 narraverunt
1004 1432 1171 1486 nobis
1206 1430 1458 1502 praedicti
1495 1429 1603 1485 loci
1648 1430 1867 1495 Patres,

1978 1414 2111 1464 dam
2146 1428 2212 1465 ex
2248 1412 2540 1478 Patribus,
2572 1414 2832 1485 dixitque
2856 1418 3062 1472 nobis:
3098 1422 3413 1490 Pergebam
3450 1424 3624 1479 modo

250 1523 379 1592 quod
414 1522 529 1575 illic
562 1521 738 1575 fuerit
769 1521 1008 1591 quidam
1033 1536 1228 1579 senex.
1262 1520 1467 1574 Petrus
1491 1518 1745 1584 nomine,
1768 1534 1870 1588 ge-

1976 1513 2035 1568 in
2067 1500 2179 1566 via,
2214 1507 2269 1555 et
2298 1507 2431 1556 ante
2465 1518 2555 1557 me
2588 1502 3036 1561 adulescentula:
3068 1506 3341 1563 choreae:
3374 1512 3624 1581 agebant

250 1628 363 1666 nere
409 1609 709 1673 Ponticus,
742 1610 941 1663 multis
994 1609 1401 1681 prmclarisque
1432 1610 1750 1663 virtutibus
1785 1624 1871 1660 or-

1976 1588 2501 1661 tripudiabantque
2525 1593 2787 1647 dicentes
2813 1610 2823 1648 :
2852 1593 3002 1649 Bene
3016 1596 3209 1652 veniat
3222 1599 3585 1669 Sophronius
3606 1619 3619 1669 ;

249 1707 409 1756 natus.
439 1700 514 1754 De
539 1700 651 1754 hoc
672 1680 1301 1769 sene'l‘hcodorus,qui
1320 1697 1869 1768 t‘uitepiseopusRo-

1173 1697 1869 1769 .qufUlteplS(:0pusR0-
1977 1684 2290 1734 coronatus
2323 1686 2412 1734 est
2435 1680 2818 1751 Sophronius.

249 1792 431 1849 sensis,
471 1791 707 1843 dicebat
755 1789 946 1857 nobis,
978 1790 1130 1858 quod
1164 1789 1258 1843 die
1290 1791 1545 1858 quadam
1599 1785 1870 1841 convenit
2579 1787 2811 1842 CAPUT
2859 1790 3003 1844 Clll.

245 1875 1864 1943 illumadJordaneminmonasterio‘t‘urrium,illicenim
1898 1879 1945 1943 Β
2268 1878 2399 1929 Vila
2430 1883 2480 1930 et
2531 1878 2761 1930 virtutes
2792 1878 3006 1933 abbatis
3055 1879 3333 1950 Slratigii.

251 1972 354 2039 ipse
376 1969 733 2034 morabatur,
758 1966 929 2036 eique
960 1966 1143 2019 dixit:
1171 1966 1277 2019 Fac
1298 1965 1666 2031 charitatem,
1691 1967 1868 2019 frater
2044 1962 2197 2018 89‘!
2231 1962 2512 2018 Dicebant
2539 1965 2607 2019 de
2632 1966 2841 2019 abbate
2864 1969 3160 2038 Stratigio,
3187 1970 3348 2025 Patre
3369 1972 3622 2045 insignis

248 2057 531 2122 Theodore,
548 2055 679 2109 veni
698 2071 927 2109 mecum
944 2056 1001 2108 in
1020 2061 1276 2110 montem
1294 2054 1450 2119 Sina,
1469 2053 1867 2124 quiaillucpro
1972 2052 2310 2105 monasterii
2335 2054 2518 2107 sancti
2547 2054 2730 2109 Patris
2765 2057 2946 2110 nostri
2972 2058 3307 2126 Theodosii,
3330 2071 3618 2120 monaste-

250 2146 402 2200 ﬁcisei
419 2152 619 2199 votum
638 2143 1436 2207 habeo.Quicumnolletnon
1452 2142 1869 2211 obedire,dixit
1970 2141 2039 2193 rii
2074 2141 2260 2211 ipsius
2292 2147 2516 2208 Patres,
2549 2144 2704 2213 quod
2738 2149 2857 2199 tres
2888 2145 3033 2201 istas
3063 2149 3309 2204 virtutes
3342 2156 3619 2221 possede-

252 2236 441 2288 adeum
461 2232 1869 2289 Eamus.CumverotransissentJordanemdixit
1970 2230 2045 2283 rit
2075 2246 2250 2300 supra
2281 2233 2469 2285 {etatis
2501 2238 2712 2287 nostrae
2748 2236 3085 2300 monachos,
3116 2238 3432 2307 jejunium,
3468 2240 3615 2313 vigi-

250 2325 306 2378 ad
326 2324 687 2378 Theodorum
723 2321 954 2377 senior:
990 2322 1156 2389 Veni,
1186 2322 1363 2376 frater
1391 2322 1706 2385 Theodore,
1738 2336 1866 2375 ore-
1969 2318 2078 2373 lias
2108 2325 2165 2373 et
2194 2321 2329 2390 juge
2353 2337 2521 2391 opus.

250 2429 359 2465 mus
388 2419 448 2467 ut
477 2428 671 2481 usque
703 2412 772 2464 ad
795 2417 1048 2465 montem
1078 2412 1213 2465 Sina
1237 2410 1433 2465 nullus
1465 2422 1733 2464 nostrum
1767 2426 1865 2464 co-
2588 2411 2811 2466 CAPUT
2855 2412 2990 2467 CIV.

249 2502 432 2557 taedet.
482 2502 560 2556 Ad
598 2517 776 2571 quem
807 2500 940 2554 ille:
971 2499 1138 2564 Vere,
1171 2498 1355 2567 Pater,
1403 2514 1509 2569 ego
1542 2499 1649 2554 hoc
1681 2498 1865 2553 facere
2334 2499 2452 2552 l'ila
2485 2499 2695 2554 abbatis
2727 2502 2909 2555 Nomii
2936 2503 3264 2574 presbyteri.

247 2608 341 2644 non
370 2607 634 2661 possum.
668 2589 1199 2644 Prostravitautem
1235 2605 1297 2642 se
1324 2594 1581 2647 senex,et
1601 2588 1869 2655 oravit,et
2044 2585 2313 2640 Narravit
2360 2589 2528 2641 nobis
2562 2589 2617 2641 in
2671 2590 2941 2645 ccenobio
2996 2596 3183 2648 sancti
3219 2594 3404 2650 Patris
3439 2597 3625 2652 nostri

247 2696 406 2749 usque
426 2682 491 2733 ad
509 2678 816 2733 Sinanihil
835 2676 1711 2747 comedit.Sumptisigiturillie
1735 2693 1865 2730 san-
1972 2676 2307 2741 Theodosii,
2329 2677 2510 2732 abbas
2528 2678 2914 2748 Theodosius,
2938 2680 3037 2751 qui
3063 2682 3626 2756 fuitepiscopusCa-

244 2769 330 2823 ctis
359 2768 674 2839 mysteriis,
698 2774 837 2821 tunc
860 2773 915 2820 et
934 2766 1130 2821 cibum
1155 2765 1428 2835 sumpsit.
1452 2765 1736 2819 Similiter
1756 2770 1810 2819 et
1833 2782 1865 2820 a
1974 2763 2297 2832 pituliadis,
2333 2765 2403 2819 de
2427 2766 2636 2821 abbate
2665 2767 2869 2821 Nonno
2897 2770 3254 2841 presbytero,
3278 2774 3435 2842 quod
3460 2778 3628 2829 nocte

243 2857 359 2910 Sina
383 2874 565 2927 usque
588 2856 1003 2911 Alexandriam
1030 2856 1099 2909 ad
1132 2862 1399 2909 sanctum
1425 2858 1647 2908 Menam
1676 2870 1865 2923 perve-
1972 2854 2250 2923 quadam,
2297 2859 2611 2925 antequam
2659 2855 2923 2925 pulsaret
2965 2866 3321 2915 nocturnum
3365 2862 3628 2933 signum,

247 2953 442 3009 nerunt,
463 2946 614 3000 nihil
641 2946 880 2999 omnino
902 2944 1245 3000 comedente
1268 2961 1424 2997 sene.
1452 2942 1651 3014 Ibique
1674 2944 1865 2998 denuo
1972 2943 2111 2996 dum
2139 2943 2361 3011 jaceret
2393 2944 2517 3014 ipse
2549 2945 2604 2997 in
2643 2945 2856 2999 lectulo
2890 2964 3018 3011 suo,
3053 2950 3277 3004 audivit
3307 2952 3625 3021 quemdam

246 3036 687 3095 cummunicans,
715 3040 842 3105 post
862 3032 1338 3088 communionem
1364 3034 1558 3087 cibum
1586 3034 1862 3103 sumpsit.
1974 3032 2087 3085 leni
2113 3048 2247 3086 voce
2273 3033 2587 3098 direntem,
2614 3035 2773 3105 liyrie
2798 3036 3626 3111 eleison.Cumquequinqua-

249 3124 303 3177 Et
329 3143 358 3178 α
382 3133 578 3179 sancto
603 3124 776 3179 Mena
800 3140 986 3194 usque
1009 3123 1066 3176 in
1090 3128 1353 3177 sanctam
1379 3121 1669 3177 civitatem
1696 3139 1863 3177 vene-
1971 3123 2133 3189 ginta
2157 3122 2380 3175 vicibus
2410 3122 2516 3176 hoc
2542 3120 2635 3176 ille
2662 3123 3141 3189 iterusset,voluit
3164 3126 3287 3197 ipse
3311 3128 3461 3183 scire
3492 3130 3624 3199 quis

247 3218 376 3281 runt,
398 3230 523 3267 cum
551 3212 958 3267 nihilomnino
974 3216 1271 3281 gustasset
1292 3211 1553 3265 seniorin
1582 3212 1690 3265 via.
1718 3212 1858 3265 Cum
1895 3224 1936 3291 ρ
1976 3215 2127 3264 esset
2152 3211 2246 3279 qui
2273 3210 2379 3265 hoc
2403 3209 2652 3264 dicebat.
2684 3214 2751 3266 Et
2773 3213 3086 3283 aspiciens,
3115 3214 3329 3285 inquit,
3356 3218 3410 3271 in
3436 3217 3625 3273 eccle-

247 3318 353 3356 vero
381 3305 432 3356 in
465 3307 674 3357 sancta
694 3302 906 3357 Christi
941 3301 1040 3355 Dei
1066 3301 1247 3355 nostri
1283 3302 1707 3355 resurrectione
1731 3317 1861 3371 per-
1972 3299 2124 3353 siam
2177 3315 2276 3369 per
2298 3298 2522 3352 cellulae
2553 3316 2691 3355 meae
2728 3302 3063 3366 fenestram,
3095 3304 3211 3358 vidi
3261 3322 3459 3361 senem
3495 3322 3626 3376 pro-

246 3391 456 3461 cepisset
478 3391 815 3446 veneranda
833 3394 1131 3461 mysteria,
1156 3398 1294 3443 tunc
1312 3390 1547 3444 demum
1573 3390 1793 3460 accepit
1808 3394 1864 3444 et
1970 3388 2337 3442 cumbentem
2357 3389 2605 3458 genibus
2623 3390 2832 3455 suis,et
2848 3391 3075 3447 stellam
3091 3392 3517 3450 lucidissimam
3535 3413 3632 3451 su-

246 3481 439 3535 cibum.
472 3484 533 3536 In
569 3481 684 3535 hoc
724 3496 860 3551 ergo
892 3485 1010 3534 toto
1047 3478 1147 3533 tali
1178 3484 1459 3549 tantoque
1510 3480 1717 3533 itinere
1751 3478 1864 3533 nisi
1971 3495 2072 3548 per
2093 3482 2267 3546 caput
2302 3479 2430 3547 ejus
2463 3480 2869 3534 ostendentem
2906 3480 3053 3535 mihi
3087 3483 3221 3554 quis
3243 3490 3399 3539 esset
3430 3502 3629 3540 senex.

244 3568 384 3624 tertio
415 3587 525 3625 non
559 3568 817 3625 comedit
838 3584 1037 3634 senex,
1070 3567 1251 3623 semel
1286 3568 1341 3621 in
1364 3573 1503 3623 Sina
1537 3574 1753 3637 monte,
1779 3584 1862 3623 se-
2045 3566 2207 3621 Alius
2260 3573 2454 3621 autem
2494 3567 2634 3637 quid
2651 3585 2743 3623 am
2779 3570 2847 3624 de
2880 3571 3122 3625 senibus
3170 3573 3354 3644 ipsius
3386 3573 3636 3629 ccenobii

246 3658 337 3713 mel
364 3660 417 3714 in
446 3658 821 3720 Alexandria,
852 3663 911 3713 et
936 3658 1113 3713 semel
1146 3656 1201 3710 in
1235 3662 1440 3711 sancta
1472 3656 1722 3711 civitate.
1975 3655 2232 3709 narravit
2281 3656 2451 3709 nobis
2486 3658 2555 3709 de
2588 3658 2794 3712 eodem
2861 3659 3066 3714 abbate
3119 3662 3347 3729 Nonno,
3398 3664 3638 3719 dicens:

861 3764 1090 3819 CAPUT
1138 3766 1227 3820 CI,
1989 3745 2167 3799 Nocte
2182 3744 2435 3813 quadam
2455 3744 2795 3815 priusquam
2817 3747 3352 3821 pulsaretsignum,
3371 3769 3645 3819 egressus

568 3857 690 3910 γίιη
736 3854 910 3909 pardi
952 3854 1215 3909 τηοηαοὴί
1260 3854 1509 3908 Romam;
1975 3834 2045 3888 de
2076 3831 2292 3901 cellula
2326 3833 2730 3903 mea,ibamad
2771 3835 3415 3909 ecclesiamEtaspicio
3436 3857 3637 3896 senem

309 3944 691 4000 Narravcmnt
714 3943 889 3998 etiam
915 3941 1083 3997 nobis
1114 3943 1184 3997 de
1206 3941 1318 3996 alio
1341 3946 1684 3997 senepatres
1706 3943 1864 4011 ejus.
1977 3927 2109 3978 ante
2126 3924 2431 3978 ecclesiam
2458 3928 2735 3990 stantem,
2771 3929 2828 3979 et
2852 3926 3113 3981 extensis
3134 3926 3191 3980 in
3216 3926 3423 3982 ccelum
3451 3929 3637 3983 mani-

256 4033 363 4087 dem
393 4032 757 4097 monasterii,
790 4014 1092 4086 dicentes:
1130 4031 1263 4085 Erat
1294 4030 1387 4085 hic
1421 4048 1595 4085 senex
1626 4032 1867 4102 quidam

1982 4012 2087 4066 bus
2137 4016 2442 4067 orantem:
2481 4011 2760 4067 lucebant
2811 4017 3009 4068 autem
3043 4031 3256 4070 manus
3288 4018 3413 4085 ejus
3463 4018 3633 4088 quasi

252 4122 477 4190 quiante
500 4122 1051 4191 modicumtempus
1073 4121 1511 4189 defunctusest,
1529 4122 1752 4175 Pardus
1775 4139 1870 4175 no-
1977 4098 2279 4171 lamP‘tdes
2315 4100 2495 4171 ίὲὓίε-
2533 4103 2721 4165 Quare
2754 4106 2911 4156 metu
2946 4104 3291 4174 Ρθτίθττίῖυδ
3324 4106 3559 4163 re0335i-

252 4212 399 4277 mine,
421 4228 631 4282 genere
664 4211 983 4265 Romanus.
1012 4210 1113 4264 llic
1144 4211 1282 4263 dum
1317 4215 1469 4263 esset
1494 4210 1715 4280 junior,
1742 4227 1868 4264 mu-
2624 4209 2850 4265 CAPUT
2881 4210 2991 4265 CV.

249 4298 312 4353 lio
330 4302 520 4357 fuerat.
547 4301 655 4355 Die
677 4301 857 4371 igitur
883 4300 1138 4370 quadam
1164 4299 1307 4353 abiit
1332 4298 1560 4353 Jericlio
1585 4315 1715 4352 cum
1746 4315 1870 4353 mu-
2095 4299 2207 4352 Vita
2241 4300 2419 4352 sancti
2443 4298 2591 4353 senis
2625 4298 3014 4370 Christophori,
3046 4319 3247 4369 genere
3278 4304 3526 4360 Romani.

252 4384 536 4444 lis.Etcum
554 4390 785 4444 essetin
802 4388 1184 4449 xenodochio.
1211 4388 1712 4442 inventusestillic
1730 4404 1875 4458 puer
2052 4388 2193 4441 Cum
2218 4388 2274 4441 in
2302 4387 2647 4442 Alexandria
2668 4403 2955 4455 essemus,
2981 4392 3339 4449 accessimus
3360 4395 3429 4447 ad
3454 4395 3639 4450 abba-

251 4478 1437 4549 parvulus,quem,agentediabolo,mulus
1461 4478 1616 4532 calce
1639 4494 1876 4547 percus-
1983 4479 2103 4529 tem
2139 4476 2545 4540 Theodorum,
2579 4478 2678 4546 qui
2729 4483 2853 4531 erat
2885 4477 2941 4531 in
2980 4484 3183 4534 sancta
3214 4480 3430 4551 Sophia
3460 4499 3639 4556 prope

252 4565 313 4619 sit
338 4576 385 4622 et
409 4568 640 4632 occidit,
675 4569 982 4638 ignorante
1013 4567 1119 4621 hoc
1148 4567 1356 4621 abbate
1378 4568 1586 4621 Pardo.
1612 4568 1876 4621 Al’llictus
1910 4574 1954 4637 D
1989 4566 2270 4621 Pharum.
2310 4565 2377 4618 Et
2428 4565 2681 4619 narravit
2715 4566 2883 4620 nobis
2918 4583 3117 4635 senex,
3154 4567 3388 4624 dicens:
3434 4574 3548 4641 Ego
3580 4574 3637 4627 in

252 4670 362 4709 vero
390 4674 557 4728 super
590 4658 699 4711 hoc
731 4657 980 4711 multum
1016 4658 1197 4709 abbas
1231 4657 1476 4722 Pardus,
1513 4655 1653 4709 abiit
1687 4656 1740 4708 in
1764 4657 1868 4709 Ar-
1984 4654 2249 4713 ccenobio
2283 4657 2469 4707 sancti
2507 4652 2689 4722 patris
2720 4654 2899 4707 nostri
2923 4654 3255 4723 Theodosii,
3291 4659 3441 4727 quod
3473 4660 3639 4714 estin

256 4759 460 4813 nonem,
491 4754 546 4802 et
577 4748 822 4802 effectus
853 4751 941 4801 est
968 4744 1340 4807 anachoreta,
1375 4746 1583 4815 lugens
1617 4762 1867 4815 semper,
1979 4762 2174 4803 eremo
2199 4746 2412 4799 sancta:
2437 4740 2653 4795 Christi
2679 4742 2774 4796 Dei
2799 4744 2982 4798 nostri
3008 4744 3280 4811 civitatis,
3316 4748 3525 4803 saeculo
3549 4766 3639 4805 re-

256 4833 426 4889 dicens
449 4854 461 4889 :
483 4837 597 4905 Ego
624 4836 728 4890 feci
752 4835 1159 4901 homicidium,
1210 4840 1265 4889 et
1294 4840 1355 4887 ut
1382 4834 1672 4888 homicida
1704 4834 1870 4902 inju-
1982 4832 2246 4891 nuntiavi
2275 4848 2287 4897 ;
2320 4830 2633 4900 invenique
2658 4830 2776 4883 Illic
2799 4848 2998 4886 senem
3028 4849 3305 4903 magnum
3325 4835 3509 4903 valde,
3538 4855 3641 4892 no-

257 4922 1868 4995 diciodamnatussum.Eratautemillicpropetorrentem
1982 4926 2140 4981 mine
2171 4918 2688 4989 Christophorum,
2721 4920 3049 4975 Romanum
3075 4938 3302 4991 genere.
3338 4924 3438 4979 Die
3461 4925 3642 4996 igitur

258 5009 349 5066 leo.
372 5014 697 5088 Diebusque
720 5016 973 5087 singulis
996 5015 1117 5069 ibat
1138 5016 1317 5068 abbas
1344 5014 1565 5067 Pardus
1588 5015 1655 5066 ad
1684 5014 1871 5068 cubile
1982 5015 2233 5087 quadam
2253 5014 2584 5080 prostratus
2604 5009 3072 5071 anteillum,dixi
3098 5028 3109 5065 :
3138 5016 3243 5065 Fac
3267 5012 3637 5083 charitatem,

258 5099 433 5169 leonis,
457 5104 768 5159 stimulans
789 5103 1440 5175 etprovocansleonem,
1463 5108 1874 5173 utexsurgeret
1984 5108 2168 5176 pater,
2198 5106 2253 5156 et
2283 5100 2375 5153 dic
2400 5098 2541 5152 mihi
2572 5100 2707 5169 quid
2744 5099 2800 5153 in
2825 5100 3137 5171 juvcntute
3160 5107 3258 5155 tua
3279 5105 3635 5174 operabaris.

257 5191 599 5249 etdevoraret
621 5211 754 5248 eum
783 5212 795 5260 ;
821 5193 911 5249 leo
934 5198 1129 5247 autem
1160 5192 1302 5245 nihil
1329 5192 1570 5246 omnino
1597 5191 1761 5245 illum
1789 5192 1873 5245 laa-
1984 5194 2247 5262 Cumque
2280 5188 2528 5243 multum
2557 5206 2587 5243 a
2623 5206 2715 5243 me
2739 5194 2980 5260 rogatus
3013 5190 3219 5245 fuisset
3240 5198 3641 5265 senex,agnito

258 5277 650 5338 debat.Videns
673 5289 868 5337 autem
894 5299 1091 5350 senex,
1116 5281 1417 5352 quianihil
1447 5284 1768 5351 proliceret,
1795 5282 1875 5335 ait
1985 5282 2135 5353 quod
2160 5283 2391 5351 propter
2409 5277 2720 5332 utilitatem
2742 5279 3132 5333 animaaillum
3150 5297 3648 5350 rogassem,enar-

262 5365 309 5420 in
336 5371 552 5441 seipse:
587 5372 884 5428 Dormiam
919 5372 976 5425 in
1008 5370 1118 5435 via,
1146 5388 1247 5442 per
1268 5388 1443 5441 quam
1480 5370 1566 5424 leo
1592 5370 1781 5440 pergit
1802 5370 1872 5424 ad
1985 5371 2132 5427 ravit
2166 5368 2331 5431 mihi,
2371 5368 2615 5422 dicens:
2644 5369 2888 5432 Quando
2923 5369 3133 5423 saeculo
3166 5373 3517 5441 renuntiavi,
3543 5374 3647 5441 fili,

256 5454 493 5515 ﬂuvium:
516 5478 644 5516 nam
669 5479 801 5517 cum
827 5461 1099 5516 transibit
1123 5465 1184 5514 ut
1209 5464 1301 5513 eat
1324 5460 1394 5513 ad
1421 5459 1874 5528 bibendum,de-
1988 5475 2267 5529 magnum
2285 5457 2787 5522 habuifervorem,
2807 5462 3651 5528 summamquedesideriiala-

261 5549 458 5603 vorabit
485 5568 591 5606 me.
627 5551 769 5605 Cum
796 5568 931 5622 ergo
964 5550 1206 5620 jaceret,
1233 5564 1364 5603 ecce
1396 5547 1483 5601 leo
1510 5554 1640 5618 post
1665 5548 1876 5619 puulu-
1998 5550 2265 5604 eritatem
2302 5546 2371 5601 ad
2406 5546 2792 5600 monasticam
2827 5546 3046 5611 vitam;
3080 5564 3144 5602 ac
3176 5549 3383 5605 diebus
3416 5551 3647 5621 quidem

263 5630 365 5688 lum
387 5642 558 5706 venit,
580 5646 635 5694 et
656 5640 825 5711 quasi
848 5639 1075 5694 ratione
1098 5638 1375 5709 praeditus
1400 5642 1573 5702 esset,
1599 5654 1732 5691 cum
1757 5654 1879 5693 om-
1987 5638 2299 5695 exercebar
2316 5636 2370 5689 in
2390 5634 2642 5706 regulari
2664 5635 3293 5706 psalmodia,uoctibus
3308 5658 3437 5695 vero
3454 5658 3650 5713 perge-

265 5720 508 5794 niquiete
534 5729 846 5785 transilivit
866 5744 1090 5798 senem,
1113 5743 1297 5799 neque
1312 5726 1727 5783 omninoillum
1751 5728 1880 5783 teti-
1994 5726 2211 5783 bamin
2248 5724 2688 5797 speluncam,in
2705 5741 2822 5796 qua
2852 5730 3161 5786 etsanctus
3177 5729 3562 5799 Theodosius,
3592 5735 3649 5788 et

554 5848 811 5911 Paraon.
856 5846 1121 5910 LXXIV.
3285 5847 3323 5906 δ
