4180 6338
510 385 608 438 171

505 518 581 574 cti
599 517 796 573 Patres
810 516 1019 589 reliqui
1039 533 1204 574 orare
1222 522 1665 585 consueverant;
1684 518 2162 587 descendensque
2194 510 2241 575 A

500 606 558 661 in
594 605 956 679 speluncam,
981 607 1197 662 centies
1230 607 1534 662 ﬂectebam
1560 622 1774 678 genua,
1808 613 1865 661 et
1890 606 2153 677 procide-

504 696 642 751 bam
671 696 786 750 Deo
829 712 931 767 per
958 697 1177 766 gradus
1208 696 1512 767 singulos;
1548 700 1689 751 sunt
1716 702 1907 751 autem
1941 712 2151 750 nume-

504 801 567 840 ro
600 786 796 839 decem
812 791 1026 840 etocto.
1044 785 1307 857 Cumque
1330 802 1535 857 perom
1549 802 1647 840 nes
1667 786 1886 857 gradus
1912 786 2149 841 descen-

502 874 747 936 dissem.
782 875 1191 944 permanebam
1219 874 1360 942 illic,
1392 876 1574 930 donec
1599 875 1859 946 pulsaret
1890 875 2145 946 signum.

501 962 662 1017 Tunc
696 964 849 1017 ibam
888 964 959 1017 ad
993 964 1260 1035 synaxim
1296 980 1423 1017 cum
1446 964 1738 1018 Patribus.
1780 962 1923 1017 Cum
1950 967 2145 1017 autem

500 1068 647 1122 opus
678 1051 835 1105 istud
864 1052 1135 1107 undecim
1165 1052 1338 1108 annis
1360 1053 1583 1123 absque
1606 1052 2044 1107 intermissione
2069 1052 2144 1105 fe-

497 1141 729 1207 cissem,
751 1140 1141 1210 cumjejuniis
1160 1140 1385 1208 multis,
1404 1147 1461 1197 et
1478 1141 1865 1206 continentia,
1889 1145 1945 1196 et
1973 1140 2142 1195 nudi-

494 1238 612 1288 tate
638 1249 835 1288 rerum
858 1232 1149 1302 omnium,
1177 1238 1233 1288 et
1263 1234 1614 1303 obedientia,
1640 1238 1695 1289 et
1713 1233 1912 1289 labore
1934 1250 2142 1304 corpo-

492 1322 620 1389 rali,
645 1321 771 1376 veni
808 1326 972 1376 nocte
993 1323 1249 1393 quadam
1274 1324 1598 1377 secundum
1625 1322 2140 1389 consuetudinem,

492 1415 555 1465 ut
586 1412 642 1465 in
667 1410 1009 1482 speluncam
1038 1412 1478 1466 descenderem.
1505 1411 1772 1481 Cumque
1799 1410 2139 1482 implessem

488 1498 899 1555 inclinationes
913 1500 1172 1571 corporis
1188 1516 1287 1572 per
1306 1500 1571 1571 singulos
1585 1502 1821 1571 gradus,
1835 1506 2005 1555 ventu
2018 1517 2079 1555 ru
2090 1518 2139 1555 s-

490 1604 602 1658 que
618 1604 809 1643 essem
824 1589 881 1642 in
898 1591 1187 1660 speluncas
1204 1590 1621 1660 pavimentum,
1644 1591 1832 1644 factus
1855 1588 1913 1643 in
1945 1596 2138 1643 exsta-

490 1677 562 1745 si,
586 1678 750 1732 video
773 1682 961 1732 totum
994 1678 1284 1749 spelunca
1309 1679 1709 1749 pavimentum
1736 1678 1996 1734 candelis
2025 1678 2137 1748 ple-

492 1783 656 1835 num,
691 1783 759 1821 ex
802 1768 1017 1837 quibus
1048 1767 1171 1821 aliae
1216 1768 1453 1837 quidem
1487 1785 1743 1823 accensas
1779 1774 1964 1833 erant,
2012 1767 2138 1821 alia:

1696 387 1793 440 DE
1831 387 2022 439 VITIS
2058 386 2357 439 PATRUM
2409 388 2622 443 LIBER
2660 390 2735 443 X.

3824 390 3929 445 172

2895 514 3125 571 CAPUT
3164 515 3302 572 CVI.

2256 604 2466 659 Relatio
2496 606 2712 661 abbatis
2745 607 3013 663 Theodori
3042 608 3109 663 de
3138 608 3404 663 monacho
3428 609 3569 680 Syro
3590 608 3922 664 Severiano.

2330 712 2597 767 Narravit
2617 713 2828 769 iterum
2854 715 3023 770 nobis
3050 714 3205 769 idem
3230 715 3411 770 abbas
3434 715 3800 782 Theodorus,
3827 715 3923 770 di-

2259 819 2431 858 cens:
2486 805 2924 861 Xenodochium
2968 812 3058 862 est
3090 807 3183 863 hic
3216 821 3394 878 prope
3441 807 3713 877 Pharum,
3760 806 3919 861 inter

2256 898 2518 947 sanctam
2555 894 2831 966 Sophiam
2858 901 2914 950 et
2936 900 3203 951 sanctum
3230 900 3509 950 Faustum
3542 913 3560 949 .·
3584 896 3683 967 qui
3708 901 3911 951 autem

2254 980 2337 1035 illi
2371 990 2631 1053 prazerat,
2665 986 2755 1039 die
2775 986 3031 1056 quadam
3058 986 3244 1041 oravit
3269 1002 3360 1040 me
3387 992 3451 1040 ut
3474 987 3616 1040 irem
3644 987 3701 1040 in
3725 1002 3909 1042 xeno-

2254 1070 2463 1125 dochiu
2477 1088 2529 1126 m
2542 1077 2617 1138 ,et
2635 1072 2715 1127 ibi
2739 1090 2998 1129 morarer
3014 1075 3217 1145 paucis
3239 1074 3465 1129 diebus.
3489 1074 3706 1129 Abiens
3728 1075 3914 1146 igitur

2253 1156 2446 1213 inveni
2478 1159 2594 1215 illic
2630 1163 2980 1216 monachum
3020 1164 3335 1233 quemdam
3368 1162 3625 1234 hospitio
3669 1179 3910 1234 suscep-

2251 1250 2636 1320 tum,Syrium
2657 1251 3041 1321 genere,nihil
3058 1251 3367 1306 habentem
3392 1257 3600 1323 praeter
3617 1252 3908 1319 cilicium,

2248 1346 2304 1394 et
2354 1340 2619 1411 pallium,
2649 1350 2705 1397 et
2746 1360 2925 1413 panes
2962 1359 3198 1415 paucos.
3238 1344 3437 1398 Stabat
3458 1348 3651 1398 autem
3695 1344 3755 1398 in
3789 1360 3909 1399 uno

2249 1430 2485 1499 angulo,
2519 1448 2750 1503 semper
2768 1433 2860 1486 die
2876 1437 3169 1504 noctuque
3204 1430 3487 1504 psallens,
3512 1432 3907 1488 etneminilo-

2246 1534 2455 1589 quens.
2492 1519 2770 1575 Veniente
2794 1536 2927 1575 vero
2958 1520 3050 1575 die
3082 1538 3287 1577 sancta
3322 1520 3649 1587 Dominica,
3682 1521 3799 1575 abii
3829 1523 3903 1578 ad

2244 1608 2436 1673 illum,
2462 1610 2700 1665 dicens:
2734 1611 3101 1680 Veni,frater,
3126 1612 3194 1666 ad
3222 1616 3484 1666 sanctam
3510 1611 3815 1681 Sophiam,
3841 1617 3908 1667 ut

2245 1698 2643 1754 communices
2704 1700 2926 1756 sanctis
2951 1702 3413 1771 venerandisque
3445 1700 3756 1773 mysteriis.
3792 1700 3905 1765 Qui

2245 1787 2346 1841 ait:
2367 1788 2489 1842 Non
2522 1790 2801 1844 venio.Ad
2826 1806 2999 1860 quem
3025 1806 3131 1862 ego
3157 1806 3169 1844 :
3195 1790 3439 1855 Cur,oro
3468 1794 3525 1845 te
3550 1792 3569 1844 ἓ
3602 1782 3899 1846 Aitmihi:

491 1873 629 1911 non.
662 1855 893 1927 Aspicio
912 1860 1105 1911 autem
1123 1861 1177 1911 et
1209 1858 1354 1911 duos
1374 1858 1527 1912 viros
1543 1856 1854 1928 chlamyde
1878 1857 2115 1911 indutos

2248 1877 2393 1941 Quia
2424 1879 2773 1933 Severianus
2804 1896 2958 1945 sum,
2989 1884 3047 1934 et
3079 1897 3191 1933 non
3216 1878 3587 1935 communico
3620 1878 3898 1934 Ecclesia

490 1945 853 2015 candidoque
886 1945 1088 2000 habitu
1124 1947 1391 2011 amictos,
1426 1948 1658 2001 easdem
1693 1946 1965 2001 candelas
1989 1963 2134 2017 prae-

488 2039 785 2105 parantes.
808 2035 924 2104 Ego
955 2040 1153 2089 autem
1174 2035 1295 2089 dixi
1329 2034 1448 2089 illis
1477 2036 1724 2107 :utquid
1746 2036 2028 2106 posuistis
2049 2037 2141 2090 hic

487 2122 763 2178 candelas
810 2124 978 2188 istas,
1015 2140 1117 2178 nec
1168 2124 1507 2195 permittitis
1540 2141 1644 2180 nos
1679 2125 2052 2190 descendere,
2085 2129 2142 2180 et

482 2211 693 2267 orare?
742 2212 849 2277 Qui
900 2214 1322 2283 respondentes
1355 2214 1629 2268 dixerunt
1661 2213 1846 2268 mihi:
1900 2214 2135 2268 Patrum

482 2304 736 2359 candelas
770 2308 927 2359 sunt.
960 2304 1087 2359 Dixi
1117 2310 1313 2359 autem
1338 2306 1410 2359 ad
1443 2322 1541 2359 eos
1574 2322 1811 2360 rursum
1835 2322 1847 2358 :
1872 2304 1989 2359 Cur
2010 2305 2135 2360 alia:

482 2409 550 2449 ex
572 2391 686 2447 illis
718 2392 1089 2460 ardent,alias
1117 2409 1231 2449 non
1254 2394 1281 2448 ‘I
1302 2394 1903 2465 ResponderuntzQui
1932 2394 2135 2449 volunt

482 2480 759 2536 candelas
778 2498 916 2535 suas
936 2483 1420 2549 accenderunt,et
1437 2483 1532 2553 qui
1553 2482 1906 2553 nolunt,non
1931 2500 2139 2538 accen-

480 2570 713 2625 derunt.
744 2571 847 2625 Aio
871 2570 1316 2626 adillositerum
1346 2572 1572 2626 :Facite
1596 2566 1937 2628 charitatem
1965 2591 2133 2639 ;can-

480 2658 610 2713 dela
645 2675 771 2714 mea
794 2660 980 2728 ardet,
1014 2677 1086 2715 an
1115 2676 1227 2715 non
1255 2661 1467 2715 ardet?
1501 2661 1586 2716 Illi
1614 2666 1810 2716 autem
1836 2662 2129 2717 dixerunt:

479 2746 613 2815 Ora,
646 2752 703 2802 et
748 2748 1128 2803 accendimus
1159 2748 1347 2805 illam.
1382 2750 1547 2804 Tunc
1579 2751 1708 2804 dico
1743 2750 1897 2805 illis:
1927 2751 2130 2806 Adhuc

481 2852 601 2890 oro.
641 2837 704 2890 Et
733 2837 873 2907 quid
910 2853 1094 2907 usque
1130 2838 1303 2893 modo
1336 2838 1621 2893 faciebam
1646 2839 1672 2892 ?
1707 2845 1895 2910 Atque
1927 2840 1985 2893 in
2020 2840 2129 2896 hoc

477 2925 651 2980 verbo
668 2926 737 2980 ad
756 2926 1053 2996 meipsum
1070 2944 1335 2982 reversus
1351 2945 1481 2982 sum
1495 2971 1507 2994 ,
1524 2944 1957 3000 conversusque
1974 2930 2129 2986 ultra

469 3014 597 3083 jam
631 3016 926 3069 neminem
962 3017 1096 3069 vidi.
1132 3018 1296 3071 Tunc
1328 3018 1442 3070 dixi
1478 3018 1533 3070 in
1565 3017 1825 3089 meipso:
1863 3019 2125 3074 Christo-

478 3104 1281 3178 phore,majorilabore0pus
1313 3112 1419 3162 est.
1440 3108 1693 3161 Etmane
1712 3109 1884 3176 facto,
1912 3100 2122 3164 recessi

474 3197 546 3249 de
581 3195 957 3261 monasterio,
991 3200 1047 3249 et
1082 3196 1376 3265 profectus
1408 3212 1539 3250 sum
1575 3196 1646 3251 ad
1668 3203 1927 3251 montem
1960 3197 2118 3267 Sina,

475 3282 621 3338 nihil
673 3282 864 3337 fet-ens
926 3299 1182 3345 mecum.
1217 3284 1330 3339 nisi
1364 3301 1479 3355 quo
1534 3286 1823 3340 induebar
1864 3289 2117 3341 tantum.

474 3376 736 3443 Cumque
788 3372 910 3426 illic
947 3373 1200 3443 egissem
1247 3390 1431 3429 annos
1484 3373 1935 3446 quinquaginta,
1969 3374 2125 3430 venit

479 3463 623 3517 mihi
645 3480 772 3532 vox,
799 3465 1036 3519 dicens:
1067 3466 1502 3536 Christophore,
1531 3468 1651 3521 redi
1684 3466 1743 3520 in
1794 3467 2121 3521 ccenobium

474 3557 643 3607 tuum
685 3552 785 3607 ubi
816 3553 991 3607 etiam
1024 3554 1172 3609 bene
1204 3555 1462 3621 certasti,
1500 3562 1563 3610 ut
1596 3555 1715 3610 illic
1748 3572 2123 3612 consumme-

477 3642 558 3697 ris
590 3658 721 3697 cum
763 3643 1033 3698 Patribus
1064 3644 1201 3698 tuis.
1235 3644 1302 3698 Et
1334 3645 1561 3699 modico
1588 3651 1846 3715 tempore
1890 3651 2120 3717 postea-

475 3749 653 3803 quam
714 3732 858 3787 mihi
910 3734 1022 3788 ista
1072 3733 1318 3801 dixerat,
1369 3740 1573 3790 sancta
1616 3734 1775 3789 illius
1808 3735 2005 3789 anima
2060 3736 2119 3790 in

476 3838 617 3892 pace
650 3821 957 3893 requievit.

545 3915 802 3965 Rursum
837 3910 1131 3966 enarravit
1165 3912 1331 3966 nobis
1362 3912 1517 3967 idem
1551 3912 1894 3966 Theodorus
1930 3914 1997 3967 de
2022 3929 2115 3967 eo-

470 3999 602 4054 dem
635 4001 845 4055 abbate
873 4000 1317 4070 Christophoro.
1366 4000 1621 4067 Dicebat,
1656 4000 1868 4070 inquit,
1902 4018 2114 4056 senex:

465 4089 568 4144 Die
595 4091 850 4161 quadam
886 4090 1122 4144 escendi
1152 4090 1210 4142 in
1244 4095 1508 4143 sanctam
1541 4090 1859 4155 civitatem,
1884 4095 1947 4144 ut
1977 4092 2113 4146 ado-

463 4193 652 4232 rarem
686 4182 950 4233 sanctam
987 4193 1241 4232 crucem.
1264 4177 1328 4231 Et
1357 4193 1491 4232 cum
1518 4177 1883 4243 adorassem,
1912 4183 1967 4234 et
1989 4180 2113 4249 jam

464 4267 707 4335 exirem,
738 4264 958 4337 aspicio
1002 4270 1238 4323 fratrem
1288 4269 1602 4338 quemdam
1634 4268 1693 4322 in
1742 4268 1945 4324 limine
1980 4271 2112 4325 atrii

461 4355 728 4426 pretiosas
778 4357 989 4423 crucis,
1032 4373 1222 4427 neque
1274 4357 1617 4426 intrantem,
1666 4375 1854 4429 neque
1894 4374 2110 4414 exeun-

457 4450 598 4500 tem.
635 4445 867 4516 Aspicio
893 4446 1028 4500 item
1068 4453 1123 4501 et
1158 4450 1305 4501 duos
1330 4464 1533 4501 corvos
1574 4448 1944 4518 impudenter
1979 4454 2112 4507 ante

455 4532 615 4592 illius
639 4535 843 4589 faciem
868 4536 1151 4601 volantes,
1171 4541 1228 4589 et
1250 4534 1359 4591 alis
1374 4536 1498 4591 suis
1519 4536 1719 4591 oculos
1750 4538 2102 4610 ejusimpor-

454 4620 593 4670 tune
630 4615 1016 4687 impetentes,
1064 4633 1168 4672 nec
1208 4615 1374 4671 illum
1417 4617 1633 4673 intrare
1673 4619 2098 4688 permittentes.

453 4705 716 4760 Intellexi
765 4723 899 4760 vero
948 4724 1047 4762 eos
1076 4708 1370 4762 daemones
1404 4725 1555 4771 esse,
1590 4713 1645 4762 ct
1676 4708 1789 4762 dixi
1815 4709 1937 4764 illi:
1983 4712 2100 4777 Dic,

451 4792 650 4854 frater,
680 4810 783 4848 cur
808 4800 929 4849 stas
956 4794 1010 4848 in
1034 4796 1224 4851 medio
1258 4798 1592 4864 januaz,nec
1613 4797 1797 4851 intras
1825 4796 1844 4850 Ρ
1877 4798 1985 4861 Qui
2019 4799 2103 4853 ait

451 4882 597 4937 mihi
622 4900 634 4937 :
659 4886 894 4954 Ignosce
919 4885 1077 4954 migi,
1100 4884 1267 4938 Pater
1289 4885 1390 4947 mi,
1410 4885 1795 4955 cogitationes
1821 4886 2001 4942 habeo
2033 4904 2100 4942 ex

452 4970 669 5042 quibus
686 4990 803 5028 una
835 4973 979 5027 mihi
1013 4973 1152 5028 dicit
1194 4990 1206 5027 :
1245 4974 1573 5045 Ingredere,
1603 4980 1657 5028 et
1693 4977 1933 5031 adorare
1966 4993 2096 5047 pre-

450 5060 659 5116 tiosam
711 5079 962 5117 crucem.
997 5062 1124 5117 Alia
1154 5062 1296 5117 dicit
1329 5079 1340 5116 :
1393 5063 1542 5131 Non,
1593 5065 1693 5119 sed
1725 5065 1888 5132 vade,
1924 5070 1979 5121 et
2011 5066 2096 5121 fac

449 5166 789 5217 responsum
812 5154 946 5223 (24).
981 5157 1037 5207 et
1061 5152 1175 5206 alia
1194 5152 1319 5206 vice
1342 5152 1638 5207 adorabis.
1672 5154 1787 5224 Ego
1811 5160 2007 5209 autem
2029 5161 2093 5211 ut

447 5238 663 5305 audivi,
700 5242 853 5295 tenui
891 5258 1124 5296 manum
1176 5241 1385 5312 ipsius,
1420 5247 1474 5296 et
1505 5241 1803 5297 introduxi
1848 5244 1999 5299 893
2034 5246 2092 5300 in

444 5330 765 5397 templum:
802 5336 857 5383 et
885 5332 1161 5385 continuo
1203 5332 1479 5401 fugerunt
1514 5332 1977 5403 corvi.Cumque
2012 5335 2090 5389 fe-

442 5416 654 5471 cissem
684 5418 848 5473 illum
876 5421 1118 5475 adorare
1152 5426 1415 5476 sanctam
1451 5438 1704 5489 crucem,
1738 5428 1794 5476 et
1824 5428 2087 5480 sanctam

443 5502 655 5559 Christi
690 5506 921 5561 Domini
944 5510 1453 5573 resurrectionem,
1483 5510 1683 5565 dimisi
1704 5526 1837 5565 eum
1862 5511 1919 5567 in
1949 5530 2091 5583 pace

442 5590 572 5647 Haec
603 5599 822 5661 autem,
858 5597 1047 5667 inquit
1078 5599 1443 5663 Theodorus,
1472 5599 1614 5654 mihi
1651 5616 1827 5654 senex
1857 5616 2090 5659 enarra-

440 5681 542 5749 vit,
568 5684 708 5753 quia
731 5684 872 5740 vidit
895 5703 986 5741 me
1010 5686 1262 5743 multum
1288 5690 1343 5744 in
1366 5688 1711 5745 ministeriis
1735 5689 2087 5765 distentum,

443 5775 499 5825 et
531 5772 809 5831 orationis
841 5774 1256 5848 negligentem.

2246 1966 2506 2021 Audiens
2520 1968 2793 2037 ego,quia
2818 1984 2928 2022 non
2945 1968 3409 2023 communicaret
3429 1973 3644 2022 sanctas.
3658 1972 3902 2039 etapos-

2244 2055 2320 2111 tol
2334 2056 2429 2111 icae
2446 2056 2740 2122 Ecclesiae,
2756 2056 3053 2128 simulque
3071 2058 3444 2113 vidensillius
3458 2059 3737 2129 optimam
3756 2075 3899 2113 con-

2243 2147 2658 2208 versationem,
2680 2146 2979 2217 vitamque
3000 2146 3318 2202 virtutibus
3344 2147 3599 2219 plenam,
3645 2147 3764 2202 abii
3792 2147 3897 2203 lu-

2242 2250 2385 2305 gens
2420 2236 2475 2288 in
2512 2234 2783 2290 cellulam
2808 2252 3020 2303 meam,
3054 2240 3110 2290 et
3139 2234 3337 2291 clausa
3365 2237 3566 2308 janua,
3602 2235 3895 2309 prostravi

2242 2325 2536 2396 nieipsum
2569 2324 2625 2378 in
2655 2324 2859 2380 faciem
2893 2340 3085 2380 coram
3118 2325 3361 2380 Domino
3384 2341 3487 2397 per
3512 2326 3637 2382 dies
3667 2330 3812 2395 tres,
3838 2330 3901 2383 et

2238 2416 2476 2469 orabam
2510 2414 2678 2468 illum
2712 2430 2843 2469 cum
2869 2413 3140 2485 lacrymis
3165 2415 3389 2481 multis,
3414 2416 3654 2471 dicens:
3688 2416 3895 2471 Domi-

2236 2510 2407 2557 nator
2436 2503 2664 2558 Christe
2694 2503 2848 2558 Deus
2878 2510 3093 2570 noster,
3128 2503 3224 2575 qui
3260 2511 3494 2576 propter
3529 2504 3892 2561 ineffabilem

2234 2597 2395 2647 tuam
2420 2593 2877 2663 immensamque
2902 2592 3271 2647 clementiam
3300 2592 3595 2649 inclinasti
3617 2593 3813 2663 cmlos,
3833 2600 3895 2650 et

2233 2679 2589 2736 descendisti
2622 2686 2856 2753 propter
2885 2680 3133 2736 salutem
3167 2686 3447 2750 nostram,
3476 2682 3576 2753 qui
3608 2681 3889 2738 incarna-

2233 2774 2330 2825 tus
2361 2787 2422 2825 es
2452 2787 2520 2826 ex
2547 2774 2750 2825 sancta
2774 2769 3021 2825 Domina
3055 2775 3255 2825 nostra
3289 2771 3385 2825 Dei
3419 2770 3699 2842 genitrice
3730 2788 3891 2827 sem-

2233 2877 2451 2931 perque
2482 2860 2705 2931 virgine
2740 2862 2942 2926 Maria,
2977 2859 3166 2915 revela
3199 2860 3341 2914 mihi
3374 2860 3473 2931 qui
3506 2861 3626 2916 sint
3656 2861 3753 2933 qui
3785 2862 3887 2916 be-

2232 2966 2302 3004 ne
2327 2955 2383 3004 et
2413 2954 2565 3004 recte
2581 2950 2825 3005 credunt
2848 2969 2861 3017 ;
2881 2965 3061 3005 nosne
3084 2950 3181 3019 qui
3226 2956 3437 3005 sanctas
3465 2949 3730 3006 Ecclesiae
3749 2953 3891 3023 jun-

2228 3040 2445 3107 gimur,
2479 3056 2551 3093 an
2584 3040 2682 3109 qui
2735 3040 2944 3093 Severo
2976 3040 3371 3094 consentiunt.
3408 3039 3507 3094 Die
3536 3056 3669 3095 vero
3702 3042 3886 3097 tertia

2227 3128 2388 3183 venit
2420 3128 2562 3182 mihi
2593 3145 2703 3183 vox
2736 3127 3129 3193 invisibiliter,
3177 3129 3416 3184 dicens:
3453 3128 3636 3193 Vade,
3693 3130 3883 3186 Theo-

2233 3218 2392 3283 dore,
2416 3217 2636 3287 inspice
2667 3218 2843 3272 ﬁdem
2869 3216 3076 3287 ipsius.
3101 3222 3164 3272 In
3190 3218 3513 3274 crastinum
3542 3219 3721 3291 igitur
3742 3238 3876 3291 pro-

2237 3306 2445 3374 fectus,
2481 3308 2603 3362 sedi
2639 3311 2771 3361 ante
2816 3306 3007 3374 illum,
3040 3313 3385 3379 exspectans
3418 3308 3608 3364 videre
3639 3309 3887 3380 aliquid.

2225 3398 2395 3466 juxta
2424 3397 2581 3467 quod
2616 3395 2761 3450 mihi
2792 3413 2899 3451 vox
2929 3396 3187 3451 dixerat:
3217 3402 3422 3453 etcum
3451 3399 3772 3454 mansisem
3803 3417 3891 3457 se-

2231 3487 2377 3540 dens
2409 3485 2576 3555 quasi
2608 3502 2724 3539 una
2757 3484 2919 3553 hora,
2937 3489 2993 3539 et
3025 3486 3283 3540 intuerer
3308 3486 3365 3541 in
3398 3487 3589 3557 ipsum
3623 3493 3880 3546 stantem

2230 3581 2285 3629 et
2309 3591 2445 3631 voce
2467 3575 2606 3646 Syra
2634 3573 2998 3645 psallentem,
3028 3574 3143 3628 vidi
3167 3578 3312 3630 teste
3335 3580 3472 3641 Deo,
3501 3575 3626 3641 filii,
3646 3577 3881 3633 colum-

2228 3664 2362 3718 bam
2396 3680 2569 3735 super
2602 3668 2775 3733 caput
2806 3665 2935 3734 ejus
2961 3667 3214 3718 stantem
3262 3663 3662 3734 fuliginosam,
3692 3666 3877 3721 veluti

2226 3770 2295 3809 ex
2325 3752 2575 3826 coquina
2605 3753 2956 3820 venientem,
2979 3752 3307 3823 squalidam
3341 3770 3403 3808 ac
3427 3754 3685 3810 fetidam.
3716 3758 3879 3813 Tunc

2226 3844 2433 3915 agnovi
2465 3861 2616 3908 eam,
2648 3859 2772 3913 quas
2798 3843 2941 3898 mihi
2975 3848 3345 3914 apparuerat,
3377 3843 3761 3916 caliginosam
3791 3847 3879 3903 fe-

2224 3935 2527 4004 tidamque
2576 3933 2931 3999 columbam,
2965 3932 3154 4003 ipsius
3184 3949 3312 3989 esse
3362 3934 3558 3990 tidem.
3594 3936 3723 3991 Ηωο
3764 3954 3877 3992 au-

2222 4028 2338 4077 tem
2373 4024 2541 4079 nobis
2573 4022 2829 4078 narravit
2852 4022 2909 4077 in
2939 4022 3180 4078 veritate
3203 4010 3335 4078 cuni
3372 4024 3573 4080 multis
3597 4024 3873 4099 lacrymis

2223 4117 2279 4168 et
2308 4112 2668 4185 singultibus
2697 4116 2900 4168 sancta
2930 4112 3118 4184 ipsius
3151 4113 3370 4169 anima.

2824 4236 3053 4292 CAPUT
3091 4237 3263 4293 CVII.

2695 4328 2811 4382 Vita
2852 4326 3071 4383 abbatis
3111 4327 3405 4383 Gerusimz‘.

2296 4435 2412 4491 Uno
2445 4435 2561 4489 fere
2593 4431 2868 4487 milliario
2900 4432 3080 4486 distat
3112 4448 3145 4486 a
3169 4430 3420 4487 Jurdane
3443 4434 3870 4491 monasterium

2219 4524 2372 4596 quod
2402 4522 2629 4578 abbatis
2647 4521 2934 4577 Gerasimi
2958 4521 3193 4575 dicitur.
3218 4521 3281 4576 In
3306 4521 3413 4577 hoc
3436 4524 3864 4582 monasterium

2132 4596 2180 4661 D
2212 4612 2658 4670 advenientibus
2680 4610 2849 4667 nobis
2882 4616 3267 4666 narraverunt
3289 4612 3386 4683 qui
3414 4611 3531 4667 illic
3556 4615 3872 4669 moraban-

2211 4710 2309 4759 tur
2339 4719 2509 4759 senes
2552 4702 2623 4757 de
2654 4702 2864 4755 abbate
2895 4701 3219 4771 Cerasimo,
3269 4704 3422 4772 quod
3466 4703 3560 4758 die
3605 4706 3867 4774 quadam

2212 4791 2525 4848 ambulans
2548 4806 2721 4862 super
2736 4789 3014 4845 Jordanis
3036 4790 3247 4861 ripam,
3273 4790 3508 4846 obvium
3526 4791 3731 4847 habuit
3748 4792 3872 4849 leo-

2211 4902 2343 4939 nem
2360 4884 2526 4939 valde
2541 4882 2867 4952 rugientem
2883 4927 2895 4946 ,
2910 4898 3199 4953 suspenso
3214 4882 3381 4953 pede,
3396 4883 3489 4937 cui
3506 4883 3723 4939 inﬁxus
3737 4888 3865 4940 erat

2209 4991 2277 5030 ex
2298 4974 2524 5029 calamo
2538 4971 2795 5033 aculeus,
2822 4972 2963 5026 adeo
2989 4977 3129 5027 utex
3143 4971 3252 5027 hoc
3269 4990 3368 5042 pes
3391 4972 3515 5044 ipse
3532 4973 3870 5030 intumuis-

2208 5068 2316 5128 set,
2331 5067 2387 5118 et
2401 5061 2564 5117 sanie
2580 5060 2786 5131 plenus
2800 5060 3041 5116 effectus
3056 5066 3231 5116 esset.
3253 5062 3393 5116 Cum
3421 5062 3604 5134 igitur
3618 5062 3869 5120 vidisset

2207 5153 2294 5208 leo
2310 5168 2505 5208 senem
2519 5191 2532 5213 ,
2547 5150 2889 5205 ostendebat
2902 5149 2984 5204 illi
3000 5149 3369 5206 vulneratum
3391 5169 3457 5207 ex
3472 5152 3647 5208 inﬁxo
3662 5152 3869 5210 aculeo

2206 5240 2597 5317 pedem,flens
2628 5239 3065 5309 quodammodo
3098 5245 3154 5295 et
3185 5241 3502 5297 obsecrans
3542 5245 3605 5296 ut
3638 5241 3722 5297 illi
3760 5259 3869 5298 cu-

2205 5352 2329 5390 ram
2360 5329 2682 5385 adhiberet.
2705 5331 2845 5382 Cum
2866 5344 3001 5399 ergo
3020 5328 3262 5383 vidisset
3281 5346 3417 5384 eum
3441 5346 3617 5385 senex
3638 5328 3738 5384 tali
3758 5347 3867 5386 ue-

2204 5422 2475 5479 cessitate
2490 5416 3090 5472 constrictumsedens
3104 5417 3488 5489 apprehendit
3505 5420 3633 5488 ejus
3654 5420 3865 5490 pedem

2205 5511 2594 5584 aperiensque
2631 5504 2848 5560 vulnus
2882 5506 3082 5560 eduxit
3115 5506 3385 5561 aculeum
3422 5507 3691 5572 inﬁxum,
3714 5524 3851 5563 cum

2203 5618 2417 5675 magna
2432 5595 2939 5670 putredinisc0pia
2956 5596 3385 5669 diligenterque
3400 5599 3724 5670 depurgate
3739 5599 3867 5654 vul-

2201 5694 2422 5759 nere,et
2438 5702 2630 5760 panno
2647 5683 3139 5757 alligato,dimisit
3152 5692 3423 5743 eum.Leo
3439 5692 3637 5744 autem
3653 5705 3863 5747 cumse

2198 5783 2468 5838 curatum
2482 5774 2747 5845 vidisset,
2764 5773 3164 5831 noluitsenem
3179 5775 3448 5833 deserere
3462 5776 3563 5833 sed
3579 5776 3863 5833 utcharus
