4184 6330
567 380 670 433 I75

1746 380 1843 433 DE
1882 377 2071 432 VITIS
2110 376 2410 432 PATRUM
2448 379 2661 433 LIBER
2696 382 2769 438 X.

3835 384 3921 439 I76

556 505 933 576 episcopatus
954 503 1189 558 dicens:
1217 502 1451 570 Vade,et
1474 502 1599 557 vide
1621 503 1668 558 si
1693 501 2065 574 presbyterin
2085 500 2208 555 vico
2238 504 2291 569 Α
2323 500 2482 557 vobis
2514 503 2825 561 scientiam
2858 522 3023 562 suam
3055 506 3125 560 ad
3159 504 3576 563 illuminandas
3606 507 3815 566 animas
3840 527 3921 567 ve-

556 611 663 650 suo
693 600 798 661 est,
825 594 1089 666 nihilque
1120 593 1201 649 illi
1234 593 1467 648 interim
1508 593 1688 647 dicas.
1722 594 2018 648 Profectus
2069 607 2205 662 ergo

559 702 703 757 puer
735 686 903 741 illum
936 685 1156 741 invenit
1185 684 1243 739 in
1277 684 1522 741 ecclesia
1557 691 1817 740 sanctam
1851 683 2204 739 oblationem

556 779 911 833 offerentem.
949 779 1347 847 Reversusque
1389 777 1535 831 dixit
1583 778 1874 848 episcopo,
1908 775 2026 830 illic
2077 791 2205 829 esse

557 870 1061 940 presbyterum,ac
1083 884 1217 923 eum
1240 884 1301 922 se
1326 868 1610 938 reperisse
1633 867 1970 922 offerentem
1990 865 2204 919 sacrifi-

555 959 1063 1030 cium.Episcopus
1083 964 1277 1014 autem
1303 959 1489 1030 magis
1513 975 1576 1010 ac
1599 958 1789 1030 magis
1812 961 2013 1012 contra
2035 956 2201 1009 illum

556 1047 917 1120 indignatus,
945 1049 1167 1120 juravit
1216 1050 1371 1120 quod
1425 1049 1573 1105 895
1612 1050 1669 1103 in
1704 1048 2025 1103 crastinum
2069 1062 2203 1101 eum

556 1153 690 1192 cum
717 1154 954 1193 summa
984 1137 1310 1210 ignominia
1342 1139 1658 1193 reduceret.

624 1227 899 1299 Sequenti
934 1233 1130 1283 autem
1166 1232 1332 1283 nocte
1365 1227 1638 1299 apparuit
1665 1227 1997 1299 presbytero
2029 1225 2080 1280 is
2102 1225 2205 1297 qui

558 1318 745 1389 primo
794 1323 1167 1388 apparuerat,
1201 1318 1403 1373 dicens
1438 1334 1450 1371 :
1486 1319 1652 1385 Veni,
1691 1323 1754 1371 ut
1786 1333 1986 1372 eamus
2019 1317 2114 1370 ubi
2147 1322 2203 1371 te

556 1408 866 1479 episcopus
889 1406 1207 1463 incluserat
1227 1407 1284 1462 in
1309 1407 1556 1463 civitate.
1581 1410 2016 1476 Assumensque
2035 1406 2201 1459 illum

559 1498 802 1552 adduxit
831 1514 1089 1565 rursum,
1123 1502 1179 1551 et
1212 1498 1468 1569 reposuit
1509 1498 1567 1551 in
1615 1514 1865 1565 carcere,
1897 1496 2203 1567 ignorante

556 1590 793 1643 custode
824 1588 1090 1643 carceris.
1111 1591 1273 1643 Mane
1305 1605 1434 1643 vero
1466 1587 1581 1642 diei
1614 1588 1913 1658 sequentis
1948 1587 2152 1640 didicit
2173 1603 2203 1640 e

557 1677 875 1732 carcerario
906 1678 1218 1749 episcopus
1252 1678 1387 1748 quia
1418 1678 1476 1731 in
1510 1677 1776 1732 custodia
1808 1677 2110 1748 presbyter
2140 1691 2201 1730 se

556 1768 863 1839 ignorante
881 1770 1148 1824 inventus
1169 1774 1340 1824 esset.
1364 1769 1597 1824 Mittens
1610 1770 1920 1840 episcopus
1944 1767 2202 1821 sciscita-

2315 595 2483 644 stras.

2386 678 2537 734 Dixit
2570 680 2779 736 iterum
2817 698 2829 735 :
2866 683 2922 737 Si
2957 682 3188 747 salvari,
3224 683 3352 748 ﬁlii,
3386 684 3805 757 cupitis,fugite
3832 686 3920 742 ho-

2315 769 2521 823 mines.
2550 770 2732 825 Hodie
2752 772 2907 826 enim
2932 791 3034 827 nos
3062 791 3170 827 non
3198 774 3539 828 desistimus
3572 780 3818 830 omnium
3851 783 3919 831 te-

2315 872 2439 910 rere
2468 856 3063 930 limina,omnemque
3097 862 3389 916 civitatem
3424 879 3485 917 ac
3521 864 3798 933 regionem
3827 865 3921 918 cir-

2312 945 2493 1013 cuire,
2526 947 2711 1001 sicubi
2766 951 3062 1019 possimus
3107 953 3359 1005 avaritia:
3392 951 3475 1005 vel
3518 951 3703 1007 inanis
3751 953 3920 1024 gloria

2313 1036 2482 1089 nobis
2514 1035 2657 1106 ipsis
2688 1038 2976 1108 stipendia
3010 1041 3335 1111 acquirere,
3367 1046 3424 1096 et
3469 1042 3689 1096 animas
3718 1050 3919 1099 nostras

2314 1122 2557 1193 implere
2587 1126 2865 1182 vanitate.

2384 1213 2537 1269 Dixit
2599 1216 2803 1271 iterum
2854 1234 3029 1272 senex
3063 1234 3075 1272 :
3112 1219 3430 1291 Fugiamus
3464 1221 3610 1291 jam,
3644 1221 3763 1287 lilii,
3794 1238 3921 1293 quo-

2311 1302 2466 1357 niam
2502 1306 2934 1377 appropinquat
2965 1312 3221 1379 tempus.

2382 1391 2535 1446 Dixit
2567 1397 2776 1449 iterum
2813 1412 2825 1449 :
2860 1395 2974 1459 Vae,
3006 1413 3107 1465 vas,
3132 1402 3416 1468 quantum
3450 1398 3737 1463 flebimus,
3761 1416 3922 1470 quan-

2310 1483 2557 1551 tumque
2610 1483 3023 1552 pcenitebimus
3055 1502 3158 1557 pro
3189 1502 3255 1541 eo
3287 1489 3436 1558 quod
3473 1489 3641 1543 modo
3672 1490 3920 1560 pcsnitere

2315 1570 2613 1626 nolumus.

2387 1659 2536 1714 Dixit
2565 1659 2773 1715 iterum
2812 1678 2825 1715 :
2858 1663 3055 1734 Neque
3107 1682 3237 1719 cum
3291 1665 3625 1732 laudamur,
3660 1683 3757 1721 nos
3787 1667 3922 1737 ipsos

2311 1749 2679 1804 continemus
2702 1752 2810 1805 sub
2836 1751 3392 1825 humilitate;neque
3415 1772 3622 1810 rursus
3645 1772 3766 1810 cum
3792 1755 3922 1810 vitu-

558 1861 732 1916 batur
762 1879 794 1916 a
825 1862 1161 1933 presbytero
1192 1862 1485 1932 quomodo
1518 1862 1589 1915 de
1619 1877 1847 1916 carcere
1878 1861 2111 1922 exisset,
2147 1861 2194 1912 et

2312 1839 2944 1906 peramur,toleramus.
2965 1842 3132 1897 Aliud
3161 1845 3370 1915 quippe
3397 1844 3797 1899 nobisinanem
3821 1844 3921 1913 glo-

559 1953 855 2023 quomodo
887 1970 1091 2007 rursus
1115 1953 1334 2023 absque
1354 1953 1655 2007 carcerarii
1686 1951 2205 2017 notitiaingressus

557 2048 732 2098 esset.
757 2043 864 2107 Qui
883 2044 1185 2115 respondit
1211 2061 1222 2097 :
1246 2044 1486 2099 Juvenis
1510 2044 1748 2114 quidam
1773 2039 2205 2115 speciosusval.

559 2135 630 2190 de
660 2140 717 2190 et
746 2134 967 2207 optime
988 2135 1251 2203 vestitus,
1276 2135 1648 2206 episcopatus
1666 2136 1932 2201 vestri,ut
1952 2134 2203 2198 dicebat,

560 2225 849 2293 minister,
876 2227 1105 2297 aperuit
1129 2226 1273 2281 mihi
1297 2228 1600 2296 ostium,et
1623 2227 2087 2297 przeccdcbatmc
2114 2240 2208 2278 us-

561 2331 673 2386 que
694 2316 765 2371 ad
788 2333 971 2370 unum
1003 2316 1249 2372 milliare
1270 2334 1444 2387 prepe
1470 2318 1658 2372 vicum
1686 2321 1849 2371 nocte
1872 2315 2206 2381 Dominicze,

560 2406 827 2477 idemque
850 2424 1057 2461 rursus
1081 2408 1350 2477 sequenti
1380 2412 1543 2463 nocte
1567 2408 1805 2462 veniens
1830 2407 2058 2461 reduxit
2092 2421 2203 2459 me.

553 2497 873 2567 Episcopus
898 2498 1078 2568 igitur
1098 2500 1402 2553 accersivit
1435 2516 1640 2554 omnes
1668 2516 1865 2553 servos
1898 2499 2206 2568 episcopa-

558 2593 675 2653 tus,
697 2589 799 2643 sed
824 2588 1050 2643 nullum
1085 2605 1153 2643 ex
1184 2591 1329 2660 ipsis
1362 2591 1694 2660 recognovit
1718 2588 2208 2661 presbyter.Tunc

556 2678 841 2733 intellexit
891 2680 1203 2751 cpiscopus
1235 2682 1387 2752 quod
1419 2681 1662 2752 angelus
1714 2681 1814 2735 Dei
1869 2682 2057 2734 fuerat
2107 2676 2208 2748 qui

556 2767 665 2821 hoc
697 2769 934 2839 egisset,
970 2785 1040 2824 ne
1070 2770 1258 2825 virtus
1290 2770 1610 2841 presbyteri
1657 2787 1895 2841 prorsus
1946 2767 2207 2822 occulta-

556 2857 846 2921 retur,sed
867 2863 931 2911 ut
954 2874 1157 2913 omnes
1190 2859 1565 2927 discerent,et
1583 2858 1980 2928 gloriﬁcarent
2003 2860 2204 2921 Deum,

554 2946 654 3017 qui
687 2947 1078 3018 glorificantes
1111 2964 1173 3002 se
1202 2949 1507 3018 gloriﬁcat.
1535 2950 1603 3003 Et
1633 2949 1701 3003 de
1734 2948 1861 3020 ipso
1883 2947 2047 3001 valde
2070 2948 2207 3000 aedi-

554 3036 785 3103 ﬁcatus,
812 3035 1039 3090 dimisit
1090 3035 1257 3091 illum
1291 3054 1324 3091 a
1356 3055 1415 3091 se
1470 3038 1526 3091 in
1577 3054 1738 3109 pace,
1775 3036 1958 3091 multa
2006 3041 2207 3091 contra

551 3141 650 3181 eos
682 3123 945 3180 clamans
976 3126 1078 3197 qui
1113 3125 1280 3181 illum
1319 3127 1539 3197 injuste
1569 3132 2002 3182 accusaverunt.

1166 3234 1404 3290 CAPUT
1444 3234 1589 3289 CIX.

654 3324 767 3377 Vita
796 3323 1006 3377 abbatis
1038 3322 1276 3393 Georgii,
1310 3323 1405 3393 qui
1432 3339 1715 3393 nunquam
1748 3323 2096 3376 turbabalur.

619 3411 699 3466 Dc
712 3413 922 3467 abbate
936 3413 1377 3484 Georgio,Patre
1400 3412 1739 3467 monasterii
1763 3413 1993 3467 abbatis
2009 3412 2198 3466 Theo-

549 3500 717 3563 dosii,
736 3502 990 3555 narravit
1013 3503 1180 3556 nobis
1203 3502 1383 3556 abbas
1408 3501 1772 3555 Theodosius
1797 3501 1921 3569 ejus
1944 3500 2199 3571 discipu-

548 3586 642 3643 lus
682 3590 871 3645 bouus
920 3608 984 3645 ac
1034 3593 1190 3646 mitis
1222 3598 1277 3646 et
1309 3591 1575 3661 humilis,
1611 3591 1709 3661 qui
1745 3591 1853 3645 fuit
1885 3591 2197 3661 episcopus

548 3680 946 3751 Capitoliadis,
1010 3684 1164 3753 quod
1227 3683 1531 3737 duodecim
1590 3698 1774 3736 annos
1831 3684 2198 3736 observasset

547 3785 703 3840 eum,
720 3773 767 3827 si
793 3773 873 3827 vel
900 3772 1081 3828 semel
1104 3775 1459 3841 turbaretur,
1484 3780 1542 3827 et
1566 3790 1870 3844 nunquam
1894 3773 2195 3826 turbatum

547 3862 714 3927 vidit,
740 3864 916 3935 idque
940 3866 995 3919 in
1025 3863 1133 3922 hoc
1167 3870 1448 3936 tempore,
1474 3865 1709 3934 quando
1731 3864 1922 3918 omnis
1947 3863 2195 3931 desidia,

544 3959 602 4007 et
633 3940 1005 4027 negligentia,
1040 3962 1093 4011 et
1131 3957 1507 4021 mollities,et
1538 3956 1933 4009 inobedientia
1966 3959 2192 4023 regnat.

543 4045 684 4107 Quis
706 4052 925 4113 autem,
947 4048 1156 4113 aiebat,
1183 4049 1262 4102 ita
1296 4047 1540 4101 frenavit
1564 4046 1823 4114 oculum,
1849 4045 2001 4099 sicut
2026 4046 2196 4100 Pater

545 4144 746 4192 noster
770 4146 1009 4192 sanctus
1042 4138 1372 4207 Georgius?
1420 4138 1560 4202 Quis
1593 4139 1673 4190 ita
1707 4137 1900 4203 posuit
1941 4139 2189 4207 januam

542 4233 804 4291 auribus.
858 4230 1007 4284 sicut
1056 4231 1259 4283 beatus
1293 4228 1433 4283 ille?
1475 4229 1615 4293 Quis
1647 4229 1727 4283 ita
1759 4229 2047 4283 continuit
2080 4230 2191 4284 lin-

540 4337 739 4392 guam,
772 4320 925 4373 sicut
959 4319 1118 4372 Pater
1150 4322 1394 4372 noster?
1436 4319 1716 4382 Quisnam
1752 4318 1960 4372 solaris
1993 4320 2191 4374 radius

534 4409 617 4465 ita
664 4408 979 4464 illustravit
1026 4413 1263 4470 terram,
1292 4409 1444 4462 sicut
1494 4408 1659 4463 Pater
1693 4414 1891 4463 noster
1923 4415 2186 4465 nostrum

538 4501 802 4555 omnium
836 4500 1013 4555 corda
1045 4499 1335 4553 radiavit?

1174 4610 1401 4666 CAPUT
1432 4610 1542 4668 CX.

637 4705 791 4759 Dicta
824 4705 1054 4776 egregia
1084 4702 1266 4757 sancti
1290 4703 1581 4775 cujusdam
1611 4701 1757 4755 senis
1790 4704 2069 4773 di‘gyplz'i.

601 4794 911 4865 Assumpsi
939 4792 1241 4848 dominum
1279 4808 1474 4847 meum
1504 4791 1927 4863 Sophronium,
1958 4797 2015 4846 et
2049 4809 2179 4863 per-

527 4884 785 4942 reximus
809 4886 865 4940 in
890 4885 1306 4940 monasterium
1332 4884 1482 4954 quod
1507 4884 1578 4937 ab
1604 4882 1950 4937 Alexandria
1976 4885 2175 4940 decem

522 4982 579 5033 et
600 4982 727 5034 octo
754 4994 1033 5050 passuum
1065 4976 1325 5032 millibus
1340 4976 1613 5042 distat,ad
1636 4992 1833 5030 senem
1860 4976 2173 5047 quemdam

524 5084 747 5138 magna:
779 5066 1033 5132 virtutis,
1068 5065 1399 5136 Egypt-ium
1448 5080 1680 5134 genere,
1712 5064 1945 5134 dixique
1996 5065 2119 5120 seni
2158 5083 2170 5120 :

521 5156 623 5212 Dic
655 5158 823 5213 nobis
854 5159 1118 5224 verbum,
1153 5155 1649 5224 Pater,quomodo
1684 5155 1965 5209 debemus
1994 5155 2170 5209 simul

519 5248 802 5313 habitare,
826 5249 960 5320 quia
980 5247 1257 5303 dominus
1280 5244 1550 5316 Sophiste
1574 5244 1932 5301 voluntatem
1960 5246 2172 5302 szeculo

519 5340 893 5395 renuntiandi
942 5339 1138 5395 habet.
1175 5338 1263 5393 Ait
1297 5353 1475 5392 senex
1511 5353 1522 5389 :
1560 5337 1709 5391 Bene
1745 5337 1902 5405 facis,
1940 5337 2040 5405 fili,
2080 5354 2172 5392 re-

519 5432 798 5487 nuntians
831 5431 1064 5494 saeculo,
1089 5430 1445 5500 salvansque
1476 5428 1737 5483 animum
1770 5430 2171 5487 tuam.Sedete

517 5522 770 5593 igiturin
794 5521 960 5591 cella,
995 5523 1088 5577 ubi
1112 5521 1313 5585 vultis,
1339 5520 1527 5575 sobrie
1560 5520 1966 5591 etviliganter,
2004 5522 2172 5592 quie-

514 5619 631 5670 tem
682 5630 748 5669 ac
796 5614 1094 5669 silentium
1129 5619 1449 5678 servantes,
1483 5617 1539 5667 et
1570 5611 1696 5665 sine
1731 5612 2171 5670 intermissione

511 5710 786 5772 orantes;
820 5708 877 5759 et
904 5719 1067 5775 spem
1101 5702 1287 5757 habeo
1320 5702 1378 5756 in
1415 5700 1747 5769 Deurn,lilii,
1780 5702 1936 5772 quod
1975 5705 2171 5761 mittet

2220 4590 2265 4653 D

2314 1930 2457 1981 riam
2479 1930 2937 1999 suggerit,aliud
2957 1934 3295 1988 maestitiam
3322 1934 3492 1989 nobis
3527 1934 3744 1989 miseris
3774 1934 3920 1989 facit:

2313 2016 2410 2070 ubi
2444 2034 2574 2072 vero
2602 2020 2839 2074 tristitia
2868 2027 2924 2077 et
2955 2022 3147 2078 inanis
3178 2023 3365 2095 gloria
3393 2023 3664 2090 est,nihil
3694 2023 3819 2079 boni
3847 2040 3922 2078 re-

2312 2107 2556 2178 peritur.

2384 2196 2535 2250 Dixit
2559 2197 2764 2253 iterum
2789 2216 2801 2252 :
2824 2200 3021 2256 Patres
3048 2201 3252 2270 nostri,
3276 2209 3339 2256 ut.
3366 2204 3565 2276 magni
3590 2208 3756 2275 atque
3778 2202 3926 2257 mira-

2313 2285 2815 2356 biles,pascebant
2846 2289 3098 2359 multm;
3132 2307 3237 2361 ego
3272 2298 3470 2347 autem
3508 2293 3744 2347 humilis
3773 2307 3927 2346 unam

2311 2391 2473 2429 ovem
2510 2392 2706 2447 regere
2739 2394 2849 2431 non
2884 2379 3065 2449 valeo,
3100 2381 3200 2435 sed
3247 2397 3484 2452 semper
3516 2382 3759 2438 ferarum
3791 2396 3929 2435 mor-

2313 2463 2474 2519 sibus
2508 2476 2695 2536 patec.

2382 2555 2476 2607 Ait
2500 2572 2736 2609 rursus:
2767 2556 3105 2612 Dzemonum
3134 2576 3281 2630 opus
3304 2559 3412 2615 hoc
3434 2565 3548 2625 est,
3576 2565 3638 2615 ut
3667 2576 3789 2614 cum
3822 2557 3932 2614 ani-

2316 2661 2467 2698 mam
2505 2645 2561 2698 in
2596 2653 2898 2715 peccatum
2934 2650 3270 2719 dejecerint,
3304 2656 3443 2705 tunc
3476 2668 3582 2706 nos
3612 2651 3668 2705 in
3700 2652 3936 2720 despera-

2310 2735 2525 2787 tionem
2562 2737 2948 2807 prtecipitent,
2984 2743 3047 2792 ut
3078 2740 3327 2809 perlecte
3360 2757 3466 2795 nos
3500 2742 3757 2813 perdant.
3792 2740 3931 2794 Sem-

2313 2840 2415 2893 per
2432 2823 2585 2878 enim
2608 2825 2900 2881 daemones
2919 2827 3123 2883 dicunt
3141 2829 3370 2884 animis:
3393 2830 3638 2893 Quando
3659 2829 3925 2893 morietur,

2310 2918 2365 2967 et
2390 2913 2599 2984 peribit
2633 2931 2843 2970 nomen
2887 2918 3062 2987 ejus?
3095 2918 3151 2972 Si
3187 2917 3366 2989 igitur
3397 2921 3596 2974 sobria
3628 2919 3790 2974 fuerit
3817 2916 3925 2971 ani-

2312 3018 2426 3067 ma,
2450 3010 2502 3056 et
2534 3003 2659 3073 ipsa
2692 3006 2761 3059 ad
2796 3021 2894 3060 eos
2925 3012 3161 3062 econtra
3192 3008 3494 3075 clamabit,
3515 3013 3571 3064 et
3601 3009 3747 3064 dicet
3777 3024 3789 3062 :
3818 3006 3922 3061 Non

2312 3092 2541 3157 moriar,
2565 3094 2665 3147 sed
2697 3096 2906 3163 vivam,
2940 3101 2996 3149 ct
3030 3097 3279 3151 narrabo
3309 3114 3487 3169 opera
3522 3098 3744 3153 Domini
3770 3095 3919 3168 (Psal.

2308 3182 2500 3252 cxvn).
2535 3184 2818 3247 Quoniam
2871 3185 3051 3255 igitur
3090 3203 3363 3258 magnam
3397 3187 3617 3243 habent
3646 3187 3924 3260 impuden-

2308 3272 2446 3324 tiam
2500 3272 2815 3338 daemones,
2848 3281 2904 3328 et
2953 3275 3060 3346 ipsi
3103 3294 3306 3332 rursus
3338 3277 3618 3345 clamant,
3649 3277 3921 3332 dicentes:

2304 3362 2679 3432 Transmigra
2706 3362 2761 3416 in
2799 3370 3081 3430 montem,
3113 3366 3270 3420 velut
3302 3383 3507 3437 passer
3532 3368 3700 3439 (Psal.
3734 3366 3805 3438 x).
3844 3363 3924 3420 ld-

2308 3450 2458 3504 circo
2490 3456 2546 3505 et
2576 3467 2679 3504 nos
2712 3453 2779 3506 ad
2817 3452 2948 3507 iilos
2976 3454 3168 3509 dicere
3200 3457 3483 3511 debemus
3518 3473 3531 3511 :
3566 3457 3705 3512 Nam
3737 3460 3789 3510 et
3816 3455 3923 3526 ipse

2308 3539 2460 3594 Deus
2511 3556 2696 3605 meus,
2727 3546 2782 3595 et
2812 3542 3075 3599 Salvator
3123 3561 3307 3613 meus,
3342 3547 3582 3617 adjutor
3611 3563 3791 3613 meus,
3824 3560 3921 3600 non

2304 3632 2603 3701 emigrabo
2644 3633 2809 3694 (Psal.
2846 3637 2973 3691 Liui.

2380 3723 2529 3776 Dixit
2577 3723 2787 3778 iterum
2840 3741 3015 3780 senex
3050 3742 3061 3779 :
3102 3728 3235 3783 Esto
3260 3727 3486 3797 janitor
3516 3729 3706 3785 cordis
3734 3728 3832 3793 tui,
3863 3742 3922 3781 ne

2306 3814 2479 3868 intret
2536 3815 2899 3887 peregrinus,
2934 3816 3133 3873 dicens
3168 3835 3180 3873 :
3210 3818 3416 3875 Noster
3446 3836 3532 3887 es,
3567 3838 3639 3877 an
3670 3820 3922 3876 adversa-

2304 3904 2571 3958 riorum?

2915 3999 3150 4054 CAPUT
3188 4001 3329 4056 CXI.

2440 4089 2661 4141 Furtum
2692 4089 2977 4159 cujusdam
3010 4090 3119 4145 viri
3146 4093 3292 4148 calvi
3320 4097 3372 4147 et
3401 4110 3561 4152 sacco
3590 4095 3791 4151 induti.

2368 4178 2515 4249 Ergo
2538 4184 2593 4234 et
2616 4180 2834 4236 sodalis
2859 4198 3019 4236 meus
3044 4183 3429 4253 Sophronias,
3455 4203 3591 4242 cum
3617 4187 3671 4241 in
3696 4187 3917 4241 Alexan-

2296 4268 2422 4321 dria
2448 4286 2736 4333 essemus,
2763 4272 2853 4325 die
2876 4274 3125 4343 quadam
3151 4277 3517 4345 perreximus
3539 4279 3609 4334 ad
3632 4272 3918 4333 Theodosii

2296 4358 2626 4424 ecclesiam,
2679 4360 3031 4432 obviumque
3091 4363 3407 4421 habuimus
3456 4366 3516 4422 in
3576 4368 3699 4424 vico
3747 4366 3916 4421 virum

2296 4450 2612 4518 quemdam
2646 4450 3191 4515 calvum,indutum
3225 4472 3391 4510 sacco
3422 4473 3607 4530 usque
3630 4459 3695 4513 ad
3729 4472 3916 4529 genua.

2294 4538 2614 4595 Vibebatur
2645 4548 2839 4596 autem
2873 4543 3045 4613 quasi
3078 4544 3272 4601 fatuus
3303 4554 3359 4602 et
3389 4565 3616 4605 amens.
3650 4550 3793 4605 Dixit
3820 4546 3914 4618 igi-

2298 4637 2392 4684 tur
2422 4632 2564 4685 inibi
2598 4632 2780 4688 abbas
2808 4634 3171 4704 SOpbronius
3205 4653 3218 4691 :
3254 4642 3333 4692 Da
3364 4638 3507 4693 mihi
3559 4656 3842 4705 nummos,
3871 4639 3919 4690 et

2290 4722 2517 4778 videbis
2565 4724 2839 4779 virtutem
2888 4727 3196 4782 venientis.
3243 4728 3397 4783 896
3455 4730 3602 4785 Dedi
3660 4747 3791 4803 ergo
3843 4725 3915 4782 illi

2290 4816 2548 4883 quinque
2581 4830 2889 4871 nummos:
2920 4818 3309 4890 quiacceptos
3340 4821 3501 4876 dedit
3534 4821 3617 4877 illi
3653 4821 3749 4893 qui
3776 4819 3913 4873 vide-

2287 4900 2462 4956 batur
2494 4907 2556 4957 nt
2584 4904 2804 4958 amens.
2838 4905 3071 4974 Accepit
3101 4912 3296 4962 autem
3348 4924 3446 4964 eos
3480 4909 3599 4976 ille,
3635 4908 3773 4964 nihil
3802 4922 3912 4963 om-

2286 4994 2425 5046 nino
2457 4991 2721 5062 loqucns.
2760 4993 2873 5050 Nos
2906 5000 3099 5050 autem
3134 4997 3281 5052 clam
3315 4998 3481 5055 illum
3513 5001 3695 5055 seculi
3727 5012 3910 5054 sumus

2284 5100 2314 5137 e
2345 5083 2608 5155 vestigio.
2640 5083 2742 5138 Ille
2772 5102 2904 5141 vero
2936 5103 3067 5140 cum
3101 5088 3355 5144 flexisset
3386 5108 3417 5145 a
3443 5091 3556 5155 via,
3588 5089 3833 5147 extendit
3859 5086 3911 5142 in

2284 5173 2493 5227 caelum
2518 5191 2757 5229 manum
2778 5193 2944 5230 suam
2976 5178 3271 5235 dexteram
3292 5181 3605 5238 habenten:
3630 5193 3909 5241 nummos.

2282 5269 2340 5318 et
2375 5271 2505 5336 post
2536 5264 2654 5320 haec
2690 5269 3000 5337 prostravit
3030 5286 3093 5325 se
3123 5286 3318 5327 coram
3348 5278 3485 5341 Deo,
3521 5273 3837 5345 positisque
3858 5269 3908 5325 in

2284 5361 2437 5410 terra
2471 5358 2731 5412 nummis
2759 5359 2923 5413 abiit.

2870 5451 3101 5507 CAPUT
3150 5455 3323 5509 CXII.

2356 5535 2471 5589 Vita
2500 5542 2553 5591 et
2584 5554 2731 5591 mors
2763 5540 2956 5593 Leonis
2987 5543 3245 5597 monac/ii
3272 5560 3468 5614 genere
3499 5541 3842 5616 Cappadocis.

2348 5624 2734 5693 Temporibus
2767 5629 2993 5699 imperii
3026 5631 3241 5686 Tiberii
3277 5634 3607 5689 ﬁdelissimi
3656 5629 3904 5694 Caesaris,

2278 5709 2650 5765 ascendimus
2677 5710 2735 5765 in
2768 5712 2989 5781 Gasim,
3012 5712 3381 5788 vidimusque
3413 5716 3529 5773 illic
3562 5712 3904 5789 magnumin
