4180 6338
271 438 378 493 177

1580 438 1881 494 PRATUM
1921 439 2253 497 SPIBITUA
2265 444 2377 496 LE.

3585 438 3692 495 178

271 562 488 620 divinis
522 562 691 618 rebus
727 562 1104 631 monachum,
1130 578 1338 633 genere
1367 561 1603 633 quidem
1631 561 1924 632 Cappado-
1956 564 2001 627 Α
2038 562 2295 620 dicentes
2326 582 2337 619 ε
2390 566 2489 621 Dic
2549 567 2716 622 nobis
2774 568 3033 622 verbum.
3070 566 3254 621 Senex
3313 568 3510 620 autem
3564 564 3684 618 ait:

274 670 429 719 cem,
463 651 697 706 nomine
728 656 923 704 autem
966 650 1232 705 Leonem.
1272 652 1346 705 De
1378 651 1485 706 hoc
1520 650 1686 705 multi
1750 650 1931 705 multa

283 743 464 813 digna
490 738 878 794 admiratione
912 738 1229 793 narrabant
1266 739 1452 792 nobis.
1490 738 1603 791 Nos
1636 742 1827 791 autem
1860 739 1926 791 ad

275 829 445 885 illius
479 829 877 899 pertingcntes
910 827 1195 881 familiare
1216 826 1596 897 colloquium,
1620 842 1928 897 magnaru-

274 936 385 991 que
418 920 887 989 experimentum
922 916 1217 987 capientes
1240 918 1426 970 sancti
1453 916 1629 985 hujus
1654 916 1779 982 viri,
1803 933 1928 969 ma-

270 1010 486 1081 gniﬁce
518 1006 791 1061 aedificati
826 1022 1060 1072 sumLs,
1092 1013 1148 1059 et
1198 1005 1452 1059 maxime
1503 1006 1557 1059 in
1596 1006 1927 1059 humilitate

266 1100 417 1169 ejus,
452 1103 509 1150 et
568 1095 827 1159 silentio,
861 1100 916 1149 et
976 1094 1263 1162 nuditate,
1300 1112 1490 1149 rerum
1546 1094 1834 1157 omnium,
1870 1099 1926 1147 et

262 1188 576 1252 charitate,
612 1202 788 1256 quam
847 1184 913 1238 ad
977 1200 1182 1239 omnes
1241 1184 1468 1239 habuit.
1504 1184 1738 1239 Dicebat
1790 1200 1925 1254 ergo

258 1294 495 1346 semper
523 1273 879 1329 venerabilis
922 1273 1015 1327 hic
1067 1290 1279 1329 senex:
1315 1273 1544 1327 Credite
1598 1273 1761 1338 mihi,
1800 1272 1923 1337 lilii,

257 1366 396 1439 quia
432 1380 685 1435 regnare
718 1363 924 1418 habeo.
950 1363 1067 1418 Nos
1096 1368 1288 1417 autem
1316 1363 1655 1417 dicebamus
1688 1363 1735 1417 ei
1766 1363 1925 1417 :Cre-

256 1458 325 1512 de
356 1456 561 1519 nobis,
584 1454 734 1508 abba
770 1453 898 1517 Leo,
934 1452 1069 1522 quia
1100 1452 1297 1507 nullus
1330 1470 1397 1507 ex
1428 1452 1792 1523 Cappadocia
1815 1470 1921 1505 un-

256 1561 432 1616 quam
469 1544 773 1615 regnavit;
806 1543 1200 1612 importunam
1237 1558 1372 1611 ergo
1411 1542 1589 1595 habes
1622 1541 1790 1595 istam
1829 1558 1919 1595 ro-

264 1634 640 1706 gitationem.
672 1631 773 1687 Ille
805 1648 937 1687 vero
969 1648 1173 1686 rursus
1197 1631 1448 1685 diccbat:
1474 1630 1922 1697 \'eraciter,ﬁlii,

257 1739 504 1794 regnare
539 1722 749 1776 habeo.
785 1726 961 1776 Nemo
996 1729 1188 1775 autem
1244 1727 1467 1792 poterat
1525 1737 1655 1775 eum
1710 1720 1780 1773 ab
1815 1720 1920 1774 hac

257 1812 621 1882 cogitatione
656 1826 968 1865 removere.

318 1904 467 1958 Cum
508 1902 694 1972 igitur
723 1901 1019 1956 venissent
1053 1900 1320 1965 Mazices,
1348 1906 1403 1955 et
1428 1902 1758 1955 universam
1786 1918 1913 1971 pro-

251 1991 503 2045 vinciam
521 1990 685 2045 illam
704 1991 1103 2044 devastassent
1120 2007 1183 2043 ac
1200 1990 1606 2061 diripuissent,
1633 1996 1911 2044 venerunt

246 2087 302 2135 et
323 2081 378 2135 in
402 2080 636 2147 Oasim,
655 2086 709 2133 et
731 2078 1050 2133 monachos
1071 2078 1305 2149 quidem
1331 2081 1526 2149 plures
1546 2079 1907 2141 occiderunt,

250 2170 667 2241 plurimosque
695 2169 951 2241 captivos
976 2169 1287 2222 duxerunt.
1316 2172 1471 2223 Inter
1493 2185 1640 2239 quos
1670 2184 1908 2239 accepe-

250 2264 384 2313 runt
416 2264 475 2313 et
494 2260 772 2313 abbatem
791 2258 1075 2313 Joannem
1100 2262 1245 2327 (erat
1264 2264 1457 2312 autem
1479 2257 1572 2311 hic
1590 2256 1771 2311 lector
1792 2274 1907 2311 ma-

242 2365 363 2420 gnae
398 2346 1073 2418 Constantinopolitanaz
1102 2346 1389 2412 Ecclesiae)
1413 2352 1469 2401 et
1502 2348 1771 2401 abbatem
1805 2347 1915 2399 Eu-

241 2438 543 2493 stathium
564 2437 975 2503 Romanum,et
990 2437 1258 2491 abbatem
1275 2436 1643 2491 Theodorum
1659 2435 1909 2490 Cilicem.

240 2534 399 2581 erant
433 2532 646 2581 autem
677 2531 793 2579 tres
831 2524 927 2579 isti
964 2525 1352 2580 inﬁrmantes.
1379 2530 1522 2580 Cum
1552 2542 1687 2595 ergo
1736 2526 1912 2579 vincti

240 2617 519 2681 fuissent,
556 2616 630 2670 ait
668 2615 849 2669 abbas
878 2614 1133 2670 Joannes
1169 2615 1431 2669 barbaris
1459 2632 1470 2669 :
1496 2615 1701 2669 Ducite
1731 2631 1820 2668 me
1852 2614 1908 2669 in

242 2707 570 2768 civitatem,
586 2711 641 2758 et
654 2705 865 2759 faciam
882 2708 942 2757 ut
965 2704 1276 2775 episcopus
1302 2705 1397 2757 det
1417 2721 1516 2775 pro
1535 2703 1705 2758 nobis
1723 2704 1912 2757 numi-

243 2801 431 2851 smata
472 2794 723 2865 vinginti
770 2798 1044 2864 quatuor.
1079 2793 1314 2863 Accepit
1362 2810 1498 2863 ergo
1532 2794 1698 2846 illum
1757 2811 1911 2848 unus

246 2903 309 2941 ex
342 2885 647 2949 barbaris,
675 2888 729 2937 et
752 2883 1114 2953 duxitprope
1145 2884 1457 2951 civitatem,
1490 2883 1911 2955 ingressusque

242 2981 325 3027 est
345 2972 538 3025 abbas
557 2970 815 3025 Joannes
840 2970 909 3023 ad
934 2969 1292 3041 episcopum.
1312 2971 1589 3025 Inventus
1612 2976 1907 3025 estautem

244 3061 298 3115 in
315 3062 469 3115 urbe
482 3065 539 3115 et
555 3060 738 3114 abbas
757 3059 883 3127 Leo,
898 3057 1063 3112 etalii
1083 3059 1321 3128 quidam
1340 3060 1572 3114 Patrum
1592 3066 1765 3131 atque
1781 3061 1909 3116 ideo

243 3150 382 3203 tenti
420 3166 550 3203 non
585 3152 832 3203 fuerant.
869 3151 1177 3218 Ingressus
1208 3148 1387 3219 igitur
1425 3151 1604 3205 abbas
1650 3151 1908 3205 Joannes

244 3241 409 3308 erepit
426 3254 607 3293 orare
622 3238 960 3308 episcopum
981 3238 1301 3292 utbarharo
1328 3239 1688 3295 numismata
1710 3241 1907 3306 daret;

246 3328 572 3398 episcopus
604 3333 799 3381 autem
838 3343 949 3380 non
986 3325 1155 3397 plura
1184 3344 1359 3397 quam
1394 3333 1521 3382 octo
1556 3330 1909 3383 numismata

236 3416 458 3472 habere
484 3418 763 3471 inventus
795 3422 901 3469 est.
938 3415 1257 3470 Voluerunt
1302 3433 1438 3488 ergo
1497 3418 1633 3472 dare
1667 3420 1911 3473 barbaro

240 3511 363 3560 octo
401 3524 435 3560 n
455 3505 802 3571 umismata,
830 3510 885 3557 et
919 3503 1107 3558 noluit
1138 3506 1418 3575 accipere,
1445 3506 1678 3560 dicens:
1708 3510 1814 3560 Aut
1836 3508 1913 3561 vi-

238 3596 376 3666 ginti
414 3599 688 3665 quatuor
719 3593 1081 3647 nomismata
1113 3595 1361 3664 praebete
1389 3595 1556 3657 mihi,
1577 3600 1677 3649 aut
1705 3612 1912 3650 mona-

240 3683 410 3739 chum
445 3684 607 3736 date.
644 3682 836 3736 Coacti
868 3680 1051 3752 igitur
1082 3687 1241 3749 sunt,
1262 3682 1360 3754 qui
1394 3689 1561 3737 erant
1588 3685 1645 3737 in
1678 3684 1914 3739 civitate

244 3788 457 3827 rursus
491 3772 768 3827 abbatem
800 3772 1085 3825 Joannem
1119 3772 1368 3827 barbaro
1401 3774 1539 3827 dare
1595 3773 1824 3827 flentem
1855 3777 1915 3827 et

242 3862 592 3930 eiulantem.
622 3860 880 3914 Adduxit
906 3865 1103 3914 autem
1132 3860 1298 3915 illum
1326 3862 1382 3915 in
1402 3879 1509 3916 sua
1537 3862 1917 3916 tabernacula

244 3952 563 4006 barbarus.
590 3950 731 4004 Post
764 3955 880 4004 tres
901 3965 1039 4021 ergo
1070 3950 1218 4014 dies,
1247 3953 1506 4021 sumptis
1539 3957 1668 4006 octo
1701 3952 1895 4005 numis

249 4039 743 4105 matibus,abbas
781 4039 883 4092 Leo
917 4038 973 4091 in
1008 4054 1269 4094 eremum
1306 4041 1571 4110 exiit,ubi
1597 4046 1761 4095 erant
1785 4041 1918 4094 bar-

248 4129 402 4197 bari,
437 4129 753 4198 oravitque
782 4127 938 4195 illos,
962 4128 1198 4184 dicens:
1225 4130 1481 4201 Accipite
1510 4147 1601 4185 me
1632 4148 1763 4185 cum
1789 4135 1919 4185 octn

252 4218 729 4284 numistabus,et
760 4222 880 4272 tres
909 4218 1056 4272 istos
1074 4218 1371 4283 dimittite,
1398 4221 1495 4291 qui
1522 4220 1737 4274 infirmi
1762 4224 1918 4274 sunt.

245 4323 436 4379 neque
475 4323 717 4379 pergere
740 4323 842 4378 per
862 4324 1123 4362 eremum
1151 4313 1398 4379 possunt
1420 4329 1433 4377 ;
1455 4328 1589 4365 nam
1617 4310 1922 4368 interﬁcie.

249 4398 323 4452 tis
356 4415 491 4467 eos,
524 4403 581 4451 et
614 4398 1039 4452 detrimentum
1075 4399 1377 4468 patiemini
1405 4418 1417 4456 :
1442 4417 1547 4472 ego
1578 4418 1709 4457 vero
1740 4420 1921 4458 sanus

247 4501 400 4549 sum,
434 4490 500 4541 et
531 4486 781 4540 serviam
839 4486 1021 4540 vobis.
1056 4488 1217 4542 Tunc
1274 4488 1506 4544 barbari
1566 4497 1919 4561 acceperunt

249 4576 527 4630 abbatem
560 4574 907 4641 Leonem,et
926 4582 1054 4630 octo
1082 4576 1460 4641 numismata,
1486 4578 1923 4635 etdimiserunt

2037 659 2245 709 Amate
2269 656 2593 711 nuditatem
2626 672 2816 711 rerum
2849 655 3137 720 omnium,
3161 657 3215 709 et
3236 655 3685 708 continentiam.

2036 743 2258 798 Credite
2292 745 2508 799 dicenti
2544 745 2708 815 mihi,
2745 762 2877 799 cum
2941 744 3279 799 adolescens
3339 758 3597 798 morarer
3628 743 3685 796 in

2035 832 2256 901 SQIIJI,
2309 837 2547 903 quidam
2595 851 2800 889 senum
2858 834 3060 905 Splene
3111 833 3381 899 indoluit,
3412 838 3467 887 et
3502 832 3688 885 modi-

2034 937 2167 976 cum
2204 924 2347 977 aecti
2383 927 2691 995 quaesitum
2720 930 2803 979 est
2827 927 2881 978 in
2916 930 3166 995 quatuor
3186 924 3315 992 ejus
3339 922 3444 976 loci
3481 938 3685 975 mona-

2034 1012 2251 1079 steriis,
2286 1018 2337 1067 et
2372 1014 2671 1068 inventum
2708 1032 2819 1069 non
2869 1020 2975 1068 est.
3011 1014 3192 1067 Tanta
3225 1016 3347 1067 erat
3402 1010 3553 1083 apud
3589 1026 3685 1066 eos

2032 1107 2365 1171 paupertas,
2399 1109 2455 1157 et
2488 1104 2743 1167 nuditas,
2778 1108 2833 1156 et
2867 1102 3245 1157 continentia.
3279 1104 3458 1155 Erant
3489 1104 3681 1154 autem

2032 1189 2111 1244 ibi
2148 1194 2347 1245 Patres
2379 1192 2545 1262 quasi
2583 1196 2667 1246 ter
2699 1191 2856 1245 mille
2888 1204 2941 1245 et
2973 1190 3298 1263 quingenti.

2624 1309 2855 1364 CAPUT
2888 1308 3079 1365 CXIV.

2383 1398 2498 1452 Vita
2528 1398 2741 1453 abbatis
2771 1400 3018 1453 Dam’elis
3056 1396 3327 1467 ASgg/plii.

2100 1504 2368 1560 Narravit
2399 1513 2593 1559 autem
2629 1506 2799 1560 nobis
2851 1510 3092 1559 sanctus
3136 1520 3310 1558 senex
3370 1503 3438 1556 de
3471 1502 3680 1557 abbate

2027 1593 2265 1649 Daniele
2291 1598 2581 1665 Egyptio,
2616 1595 2854 1648 dicens:
2888 1595 3167 1649 Ascendit
3198 1609 3371 1647 senex
3414 1592 3538 1662 ipse
3586 1591 3679 1645 die

2028 1684 2280 1753 quadam
2315 1684 2370 1737 in
2398 1684 2787 1750 Therenuten,
2818 1688 2881 1737 ut
2908 1700 3055 1744 opus
3080 1697 3367 1737 manuum
3391 1696 3676 1735 suaruum

2023 1773 2321 1827 venderet.
2346 1771 2700 1827 Adolescens
2725 1778 2917 1826 autem
2945 1772 3183 1841 quidam
3209 1770 3563 1839 precabatur
3584 1785 3675 1823 se-

2025 1877 2181 1929 nem,
2216 1861 2452 1915 dicens:
2487 1866 2595 1915 Per
2652 1861 2853 1929 Deum,
2885 1862 3100 1925 senior,
3134 1860 3259 1914 veni
3312 1860 3369 1912 in
3432 1859 3667 1912 domum

1946 1934 1990 1996 Β
2024 1966 2237 2016 meam,
2265 1953 2321 2003 et
2353 1949 2440 2003 fac
2472 1950 2787 2004 orationem
2825 1966 3003 2020 super
3023 1964 3259 2003 uxorem
3296 1963 3509 2013 meam,
3531 1947 3671 2017 quia

2027 2038 2242 2093 sterilis
2275 2048 2378 2092 est.
2406 2040 2593 2093 Senex
2620 2046 2812 2093 autem
2850 2038 3192 2107 compulsus
3226 2055 3257 2091 a
3280 2038 3495 2106 juvene
3527 2035 3670 2090 abiit

2028 2143 2158 2181 cum
2186 2127 2285 2181 illo
2321 2129 2373 2181 in
2401 2128 2639 2181 domum
2667 2145 2854 2191 suam,
2883 2128 3134 2197 fecitque
3152 2128 3472 2181 orationem
3496 2141 3674 2195 super

2029 2232 2264 2270 uxorem
2301 2218 2451 2285 ejus,
2484 2223 2541 2269 et
2571 2216 2798 2271 volente
2821 2217 2935 2271 Deo
2961 2216 3173 2269 mulier
3196 2217 3251 2269 in
3275 2220 3438 2268 utero
3464 2230 3671 2267 conce-

2025 2306 2259 2375 pit.Viri
2283 2322 2418 2373 ergo
2441 2306 2677 2376 quidam
2701 2323 2812 2359 non
2849 2306 3129 2360 timentes
3156 2305 3338 2359 Deum
3374 2307 3673 2373 cmperunt

2028 2394 2149 2449 seni
2175 2394 2499 2461 detrahere,
2526 2401 2583 2449 et
2606 2396 2828 2449 dicere:
2860 2395 2997 2448 Vere
3014 2394 3249 2463 juvenis
3275 2393 3386 2446 iste
3412 2392 3675 2445 infecun-

2026 2485 2137 2538 dus
2173 2484 2395 2547 est,sed
2435 2484 2646 2538 mulier
2679 2502 2711 2539 a
2736 2500 2874 2537 sene
2900 2500 3208 2554 prmgnans
3230 2484 3382 2536 facta
3403 2481 3685 2535 est.Venit

2026 2573 2209 2645 igitur
2247 2572 2366 2626 hinc
2400 2573 2551 2626 fama
2584 2574 2651 2627 ad
2686 2573 2847 2627 senis
2907 2588 3100 2634 aures,
3133 2576 3189 2625 et
3219 2570 3457 2641 scripsit
3503 2585 3677 2623 senex

2026 2663 2237 2716 marito
2254 2661 2770 2731 mulieris,dicens:
2788 2665 2933 2717 Cum
2953 2661 3681 2732 pepererituxortua,nun-

2024 2752 2109 2806 tia
2139 2751 2299 2817 mihi,
2325 2751 2467 2804 Cum
2495 2767 2631 2821 ergo
2659 2750 2978 2822 peperisset
3012 2766 3155 2803 uxor
3176 2748 3337 2803 illius
3353 2747 3675 2818 senisigni-

2022 2840 2489 2910 flcavitjuvenis,
2513 2841 2748 2895 dicens:
2775 2840 2881 2893 Per
2908 2841 3084 2894 Deum
3110 2844 3166 2892 et
3196 2838 3487 2892 orationes
3519 2842 3673 2901 tuas,

2022 2928 2207 2994 Pater,
2235 2928 2436 2999 genuit
2464 2946 2610 2983 uxor
2662 2945 2811 2984 mea.
2846 2929 3007 2983 Tunc
3057 2928 3238 2981 abbas
3284 2924 3487 2980 Daniel
3516 2925 3663 2979 897

2018 3016 2321 3087 ingressus
2354 3018 2433 3071 ait
2456 3019 2657 3085 juveni
2684 3035 2695 3071 :
2722 3018 2828 3072 Fac
2859 3017 3192 3086 prandium.
3213 3020 3268 3069 et
3288 3032 3429 3068 voca
3449 3030 3667 3084 cogna-

2021 3111 2184 3161 toset
2216 3107 2435 3160 amicos
2480 3115 2626 3161 tuos.
2671 3108 2812 3162 Cum
2839 3106 3672 3177 iuiturprandcrent,sumens

2020 3212 2195 3251 senex
2227 3195 2538 3265 puerulum
2575 3196 2633 3249 in
2670 3196 2937 3250 manibus
2970 3211 3164 3248 curam
3222 3193 3498 3247 omnibus
3530 3191 3675 3245 dixit

1940 3298 1981 3365 ς
2019 3284 2346 3341 int‘antulo:
2382 3284 2522 3347 Quis
2556 3291 2645 3339 est
2676 3294 2840 3355 pater
2870 3290 3030 3349 tuus,
3064 3283 3306 3338 infans?
3336 3283 3434 3334 Ait
3478 3286 3670 3335 autem

2018 3376 2213 3429 infans
2242 3390 2252 3426 :
2280 3375 2406 3439 Hic,
2442 3375 2757 3429 ostendens
2788 3374 2969 3445 digito
3004 3390 3211 3428 manus
3236 3372 3672 3441 suaajuvencm.

2020 3466 2153 3522 Erat
2186 3468 2381 3522 autem
2418 3464 2745 3519 infantulus
2779 3464 3003 3517 dierum
3036 3462 3197 3533 vigiti
3235 3461 3513 3531 quinque.

2632 3579 2863 3637 CAPUT
2902 3579 3062 3635 CXV.

2274 3682 2685 3738 Ailmom'tiones
2715 3678 2927 3732 abbatis
2956 3678 3185 3733 Joannis
3219 3675 3425 3730 Cilicis.

2096 3792 2333 3846 Dicebat
2361 3790 2541 3844 abbas
2572 3788 2830 3842 Joannes
2861 3785 3004 3838 Cilix
3062 3783 3409 3854 praepositus
3443 3782 3671 3853 ltaythu

2026 3881 2347 3936 fratribus:
2384 3877 2533 3945 Filii,
2557 3876 2727 3931 sicuti
2764 3874 3023 3945 fugimus
3045 3873 3351 3937 mundum,
3379 3871 3671 3939 fugiamus

2024 3967 2533 4039 concupiscentiae
2565 3966 2755 4019 carnis
2785 3965 2830 4031 (I
2858 3964 3017 4019 Joan.
3054 3962 3135 4031 ιι).

2095 4058 2253 4115 Dixit
2282 4058 2493 4112 iterum
2525 4072 2537 4110 :
2569 4054 2874 4109 Imitemur
2900 4053 3093 4107 Patres
3117 4054 3371 4116 nostros,
3403 4047 3504 4119 qui
3536 4064 3670 4102 cum

2024 4155 2187 4204 tanta
2215 4147 2559 4202 austeritate
2592 4145 2720 4198 vitae
2752 4148 2809 4197 et
2868 4140 3101 4197 silentio
3149 4139 3427 4194 sederunt
3458 4138 3514 4191 in
3550 4137 3673 4192 loco

2026 4240 2157 4295 isto.

2099 4327 2250 4382 Dixit
2284 4327 2495 4381 iterum
2528 4340 2539 4376 :
2575 4322 2656 4377 Nc
2688 4320 3057 4375 sordidemus
3089 4318 3281 4374 locum
3315 4317 3516 4383 istum,
3550 4315 3677 4381 lilii,

2028 4433 2202 4489 quem
2237 4422 2435 4487 patres
2468 4412 2651 4467 nostri
2673 4428 2703 4463 a
2733 4409 3099 4465 dazmonibus
3120 4407 3604 4463 emundaverunt.

2097 4506 2192 4560 Ait
2224 4520 2431 4558 rursus
2460 4518 2471 4555 :
2508 4502 2693 4555 Locus
2716 4499 2825 4553 iste
2855 4498 3297 4565 monachorum,
3332 4512 3447 4549 non
3489 4510 3673 4563 nego-

2026 4596 2304 4650 tiatorum
2336 4598 2444 4647 est.

248 4665 380 4719 “'03
413 4671 559 4718 πεδ-
588 4664 746 4717 Abl“
776 4680 914 4735 θτεο
939 4665 1121 4719 abbas
1148 4665 1257 4720 L30
1286 4682 1472 4737 υετιυθ
1495 4668 1564 4720 ad
1594 4670 1904 4737 quemdam
1938 4674 1983 4737 D
2091 4685 2237 4739 Dixit
2271 4684 2484 4737 iterum
2521 4696 2534 4735 :
2572 4678 2765 4734 Inveni
2803 4676 2895 4731 hic
2928 4692 3117 4740 senes,
3153 4676 3250 4745 qui
3303 4674 3678 4744 septuaginta

249 4751 475 4819 locum,
508 4758 727 4808 etcum
768 4771 882 4825 prae
926 4753 1223 4809 debilitate
1280 4771 1517 4825 pergere
1581 4758 1743 4810 ultra
1800 4775 1911 4811 non

254 4849 478 4912 posset,
534 4844 767 4896 barbari
833 4842 1267 4897 decollaverunt
1320 4860 1475 4898 eum.
1530 4846 1915 4918 tmplevitque

257 4933 439 4987 abbas
465 4934 578 4987 Leo
612 4933 972 5003 Scripturam
1007 4934 1298 4989 dicentem
1329 4952 1341 4989 :
1379 4935 1656 5005 Majorem
1689 4938 1794 4992 hac
1826 4939 1914 4991 di-

255 5020 570 5077 lectionem
607 5039 777 5079 nemo
805 5022 979 5077 habet
1002 5040 1177 5093 quam
1210 5030 1273 5078 ut
1304 5031 1480 5095 ponat
1502 5026 1635 5097 quis
1658 5028 1912 5081 animam

256 5126 429 5165 suam
467 5127 575 5177 pro
608 5112 815 5166 amicis
849 5112 975 5166 suis
1006 5114 1177 5183 (Joan.
1206 5114 1321 5183 xv).
1352 5114 1515 5169 Tunc
1548 5132 1651 5169 nos
1686 5133 1918 5187 quoque

264 5200 652 5267 cognovimus
684 5201 969 5270 quidnam
1002 5206 1158 5257 esset
1187 5204 1340 5273 quod
1374 5203 1618 5265 dixerat.
1654 5206 1800 5271 Quia
1835 5223 1917 5259 re-

257 5302 446 5357 gnare
479 5288 688 5344 habeo.
727 5290 1017 5345 Veraciter
1062 5292 1216 5345 enim
1282 5294 1564 5364 regnavit,
1599 5295 1696 5365 qui
1733 5296 1917 5366 posuit

262 5380 530 5432 animam
564 5394 731 5432 suam
769 5395 871 5449 pro
901 5380 1105 5434 amicis
1135 5380 1279 5436 suis.

852 5493 1085 5550 CAPUT
1117 5495 1319 5553 CXIII.

536 5581 850 5637 Admom'lio
881 5583 1093 5637 abbatis
1119 5587 1347 5640 Joannis
1372 5588 1435 5642 de
1466 5590 1655 5643 Petra.

333 5679 418 5733 Ad
458 5680 727 5735 abbatem
761 5681 1047 5736 Joannem
1083 5683 1152 5738 de
1204 5684 1372 5740 Petra
1408 5689 1655 5755 perrexi,
1686 5693 1921 5759 sumpto

271 5786 505 5826 mecum
536 5776 592 5826 et
648 5770 835 5827 sodali
887 5772 1233 5845 Sophronio,
1268 5775 1712 5848 rogavimusque
1753 5779 1919 5833 illum

2026 4790 2213 4829 annos
2246 4773 2352 4825 hoc
2384 4772 2585 4824 eodem
2619 4770 2677 4822 in
2725 4767 2849 4822 loco
2882 4771 3138 4834 egerant,
3171 4764 3366 4818 herbis
3398 4762 3590 4818 solum
3622 4768 3678 4816 et

2025 4862 2356 4935 palmarum
2394 4859 2681 4913 fructibus
2715 4858 2991 4909 viventes.

2098 4951 2256 5005 Dixit
2289 4949 2497 5002 iterum
2526 4964 2700 5002 senex
2730 4964 2739 4998 :
2768 4944 3151 5015 Septuaginta
3167 4946 3223 4998 et
3246 4959 3346 4998 sex
3370 4957 3554 4995 annos
3574 4940 3673 4994 ha-

2026 5040 2133 5094 beo
2167 5038 2220 5092 in
2258 5038 2365 5092 hoc
2401 5036 2544 5099 loco,
2580 5034 2765 5089 multa
2798 5033 2947 5087 mala
2980 5036 3033 5086 et
3074 5031 3334 5086 horenda
3365 5044 3678 5101 perpessus

2028 5146 2061 5184 a
2092 5128 2477 5182 dmmonibus.

2631 5212 2866 5268 CAPUT
2884 5210 3072 5265 CXVI.

2032 5318 2105 5371 De
2134 5314 2313 5386 fratre
2345 5315 2436 5368 cui
2463 5313 2604 5383 falso
2636 5310 3001 5379 objiciebalur
3022 5308 3362 5363 subtraxisse
3382 5308 3680 5362 numisma.

2104 5421 2371 5477 Narravit
2393 5420 2558 5475 nobis
2585 5419 2766 5473 abbas
2792 5417 3050 5471 Andreas
3074 5415 3420 5484 Messenius,
3440 5416 3577 5469 dum
3598 5432 3681 5469 es-

2032 5527 2234 5566 semus
2256 5511 2310 5564 in
2338 5508 2587 5581 Raythu,
2605 5507 2804 5561 dicens
2822 5524 2833 5560 :
2851 5510 2988 5559 Cum
3007 5521 3193 5560 essem
3220 5503 3581 5567 adolescens,
3597 5521 3681 5558 re-

2031 5601 2320 5656 cessimus
2342 5617 2446 5669 ego
2480 5603 2534 5652 et
2568 5597 2747 5652 abbas
2776 5612 2937 5650 meus
2962 5596 3030 5649 de
3057 5595 3306 5667 ltaythu,
3327 5599 3381 5648 et
3411 5593 3679 5648 venimus

2032 5691 2089 5745 in
2115 5690 2504 5755 Palazstiuam;
2526 5687 2845 5741 mausimu:
2872 5689 3067 5739 autem
3091 5685 3240 5755 apud
3268 5699 3463 5739 senem
3482 5699 3677 5751 quern-

2034 5782 2189 5835 dam.
2227 5784 2409 5834 Senex
2450 5794 2583 5847 ergo
2620 5775 2719 5848 qui
2766 5775 3023 5846 suscepit
3058 5791 3182 5841 nos,
3208 5772 3461 5827 habebat
3493 5786 3672 5825 unum
