4180 6338
483 394 592 451 179

1680 392 1776 443 DE
1813 390 2006 443 VITIS
2040 390 2340 443 PATRUM
2378 389 2593 442 LIBER
2629 390 2704 442 X.

3797 393 3895 449 180

484 520 807 587 numisma,
832 517 985 590 quod
1012 516 1110 572 ubi
1132 514 1460 588 possuisset
1489 530 1588 584 per
1610 528 1864 569 errorem
1896 510 2136 578 oblitus,
2170 518 2221 582 Α
2254 511 2538 567 diaconus
2570 512 2879 567 ordinatus
2911 512 3141 583 fuisset,
3172 514 3402 569 vocavit
3434 513 3773 571 ministrum
3804 534 3896 573 su-

485 610 822 683 suspicatus
852 614 941 664 est
972 605 1345 678 quodjunior
1373 619 1477 675 ego
1502 606 1734 658 furatus
1754 602 1899 656 illud
1926 616 2136 656 essem.

486 700 722 756 Dicebat
753 715 885 769 ergo
919 712 1094 752 senex
1115 694 1385 750 Patribus
1419 692 1527 748 loci
1550 691 1762 763 ipsius,
1786 690 1929 762 quia
1965 690 2141 745 frater

482 792 744 846 Andreas
764 786 1062 841 numisma
1086 783 1323 855 accepit.
1343 782 1504 847 Quod
1519 798 1652 835 cum
1674 781 1929 834 audisset
1960 780 2143 833 abbas

485 896 673 946 meus,
698 875 922 931 vocavit
948 890 1063 940 me,
1086 879 1142 927 et
1164 876 1243 927 ait
1263 871 1424 927 mihi:
1450 870 1553 926 Dic
1574 870 1828 932 Andrea,
1853 873 1915 922 tu
1942 867 2143 921 numi-

486 985 616 1026 sma
650 966 807 1021 senis
839 962 1113 1035 accepisti
1137 962 1163 1018 ?
1187 962 1272 1015 Ad
1302 978 1475 1032 quem
1515 976 1654 1031 ego:
1684 959 1942 1029 Ignosce,
1968 957 2141 1021 abba,

488 1074 594 1129 ego
628 1055 773 1111 nihil
831 1053 1048 1123 accepi.
1083 1052 1380 1107 Habebam
1438 1058 1635 1104 autem
1688 1047 1950 1120 pallium,
1986 1045 2142 1117 quod

490 1147 691 1202 abiens
720 1143 954 1199 vendidi
1018 1142 1398 1207 numismate,
1428 1145 1483 1195 et
1514 1138 1805 1207 accipiens
1848 1136 2147 1191 numisma

489 1237 787 1309 profectus
818 1250 949 1288 sum
981 1233 1053 1287 ad
1084 1248 1304 1295 senem,
1334 1235 1389 1284 et
1420 1234 1750 1300 prostratus
1785 1227 1867 1280 illi
1917 1224 2145 1280 veniam

490 1324 888 1398 petii,etdixi:
915 1326 1153 1393 Ignosce
1178 1320 1344 1387 mihi,
1366 1320 1536 1386 abba,
1553 1318 1689 1389 quia
1712 1317 1960 1371 Satanas
1986 1315 2150 1368 dece-

490 1414 575 1487 pit
600 1431 711 1481 me,
736 1417 791 1468 et
817 1413 1010 1483 accepi
1036 1409 1331 1465 numisma
1356 1407 1906 1463 tuum.Eratautem
1944 1402 2062 1457 illic
2093 1407 2152 1457 et

490 1502 789 1559 saecularis
812 1501 1070 1571 quidam.
1094 1500 1186 1553 Ait
1218 1501 1287 1552 ad
1316 1513 1403 1551 me
1428 1511 1605 1552 senex
1634 1512 1646 1550 :
1672 1494 1852 1560 Vade,
1880 1492 1984 1558 illi,
2004 1490 2150 1545 nihil

492 1590 744 1664 perdidi.
762 1594 978 1645 Iterum
996 1588 1173 1660 igitur
1189 1590 1517 1657 prostratus
1530 1583 1760 1639 veniam
1780 1581 2046 1654 petebam
2064 1579 2151 1633 dio

494 1698 661 1737 cens:
682 1681 783 1735 Per
806 1679 1135 1741 Dominum,
1152 1676 1323 1744 abba,
1341 1675 1536 1744 accipe
1558 1673 1879 1737 numisma,
1896 1686 2026 1725 ecce
2044 1668 2153 1723 hoc

493 1774 617 1826 est:
642 1774 697 1824 et
719 1770 807 1823 fac
833 1766 1339 1836 mihiorationem,
1361 1764 1639 1836 quoniam
1672 1763 1923 1817 Satanas
1956 1757 2153 1813 immi-

496 1860 573 1915 sit
605 1857 748 1912 mihi
782 1863 844 1912 ut
872 1858 1095 1911 furarer
1153 1854 1322 1921 illud,
1357 1858 1413 1907 et
1472 1852 1789 1921 affligerem
1842 1866 1964 1903 vos.
1998 1846 2151 1903 Dixit

492 1947 707 2002 iterum
723 1960 928 2000 senex:
959 1944 1083 2011 Fili,
1108 1959 1223 1997 non
1252 1941 1475 2013 perdidi
1501 1941 1848 2010 quidquam.
1880 1941 2025 1993 Cum
2048 1951 2147 1990 ve-

493 2052 556 2090 ro
584 2034 669 2088 illi
721 2051 834 2087 non
861 2033 1315 2103 acquiescerem,
1349 2034 1490 2084 tunc
1522 2028 1605 2083 ait
1655 2026 1797 2081 mihi
1846 2024 2143 2080 saecularis

491 2124 588 2180 ille
608 2140 621 2179 :
640 2123 799 2188 Vere,
814 2122 1049 2176 domine
1064 2122 1257 2188 frater,
1276 2120 1548 2173 hesterno
1562 2118 1655 2171 die
1670 2133 1801 2171 cum
1824 2115 1937 2170 huc
1955 2112 2146 2169 venis-

495 2229 644 2282 sem,
670 2212 861 2267 inveni
895 2228 1090 2266 senem
1120 2209 1443 2280 plorantem
1468 2211 1525 2261 et
1546 2210 1930 2277 prostratum,
1948 2208 2144 2275 peten-

496 2307 734 2373 temque
756 2300 978 2355 veniam
1014 2300 1071 2353 in
1105 2316 1319 2368 magna
1342 2296 1659 2351 afﬂictione
1681 2294 1883 2357 animi,
1910 2294 2147 2361 dixique

494 2390 577 2445 illi
607 2408 619 2445 :
650 2391 755 2444 Fac
786 2389 1159 2453 charitatem;
1186 2386 1325 2458 quid
1353 2391 1441 2441 est
1462 2385 1617 2456 quod
1654 2383 1880 2439 habes?
1903 2382 1972 2436 Et
2002 2380 2149 2434 dixit

495 2479 642 2534 mihi
672 2495 879 2534 senex:
907 2480 1051 2544 Quia
1076 2480 1314 2531 fratrem
1338 2475 1563 2545 injuste
1584 2471 2146 2541 calumniaexagita-

496 2568 573 2637 vi,
590 2569 793 2623 dicens
808 2568 959 2639 quod
977 2566 1277 2621 numisma
1293 2565 1521 2619 furatus
1540 2567 1713 2628 esset,
1731 2566 1788 2616 et
1805 2576 1936 2616 ecce
1956 2558 2147 2613 inveni

494 2656 665 2714 illud.
682 2658 844 2712 Tunc
860 2672 1037 2712 senex
1058 2655 1380 2711 aediﬁcatus
1401 2653 1557 2709 estin
1577 2651 1853 2723 me,quod
1880 2666 2014 2705 cum
2033 2664 2147 2703 non

500 2748 858 2817 accepissem
895 2746 1212 2811 numisma,
1246 2744 1551 2797 detulerim
1597 2740 1743 2796 illud
1798 2740 1869 2794 ad
1901 2754 2033 2793 eum
2064 2736 2148 2791 di-

498 2852 637 2894 cens
665 2852 678 2891 :
713 2836 921 2907 Accipe
949 2834 1270 2898 numisma,
1302 2848 1406 2903 ego
1438 2831 1593 2887 enim
1614 2829 1757 2884 illud
1792 2828 1936 2900 cepi.

1087 2958 1318 3013 CAPUT
1351 2956 1564 3013 CXVII.

595 3057 671 3107 De
692 3053 869 3121 fratre
897 3048 1241 3105 daemonium
1270 3048 1336 3101 ab
1368 3047 1564 3101 abbate
1595 3044 1814 3100 Andrca
1843 3051 2059 3099 sanato.

574 3166 1028 3239 Fraterquidam
1043 3164 1386 3220 daemonium
1402 3162 1621 3217 habens
1636 3160 1964 3216 accessitad
1981 3159 2157 3215 abba-

507 3263 625 3313 tem
661 3257 988 3311 Simeonem
1022 3254 1311 3326 Stylitem,
1344 3252 1399 3306 in
1427 3250 1833 3306 admirabilem
1883 3252 2159 3315 montem,
2198 3284 2239 3349 Ο

516 3364 727 3418 rogans
747 3350 808 3400 ut
834 3362 936 3418 pro
959 3360 1019 3399 se
1038 3350 1247 3409 oraret,
1268 3347 1324 3397 et
1345 3342 1626 3412 effugaret
1643 3340 1716 3394 ab
1735 3355 1800 3395 eo
1819 3340 2165 3393 dismonem.

518 3435 677 3492 Dixit
696 3435 746 3489 ei
798 3436 982 3489 abbas
1040 3434 1271 3488 Simeon
1301 3448 1312 3485 :
1342 3431 1444 3485 Ubi
1500 3430 1786 3483 moraris?
1816 3428 1922 3492 Qui
1972 3427 2089 3482 ait:
2123 3428 2181 3480 In

527 3525 779 3597 Raythu.
813 3524 894 3577 Ad
931 3538 1103 3593 quem
1139 3537 1353 3575 senex:
1380 3520 1575 3583 Miror,
1610 3516 1826 3588 inquit,
1856 3519 2048 3583 frater,
2082 3532 2187 3570 cur

536 3618 699 3670 tanto
730 3618 783 3669 te
816 3612 1013 3667 labore
1046 3609 1399 3681 fatigaveris,
1436 3612 1777 3677 tantumque
1807 3606 2032 3660 itineris
2058 3622 2185 3676 per-

536 3704 749 3775 egeris,
776 3707 835 3756 ut
867 3702 1090 3755 venires
1113 3700 1182 3753 ad
1210 3716 1299 3753 me
1321 3703 1678 3768 peecatorem
1706 3696 2027 3759 hominem,
2053 3710 2183 3747 cum

539 3793 683 3848 tales
702 3809 764 3847 ac
791 3795 981 3846 tantos
1004 3794 1205 3845 Patres
1221 3787 1506 3843 babeasin
1525 3785 1878 3841 monasterio
1895 3790 2013 3839 tuo.
2030 3783 2188 3838 Vade

537 3884 719 3953 igitur
749 3882 818 3937 ad
840 3881 1106 3936 abbatem
1127 3881 1440 3943 Andream,
1465 3882 1521 3931 et
1539 3873 1856 3947 rogaillum
1875 3877 2189 3944 utoretpro

538 3977 615 4040 te,
641 3978 697 4027 et
716 3972 910 4026 statim
932 3969 1157 4023 curabit
1178 3974 1253 4021 te.
1271 3967 1443 4021 Venit
1461 3965 1640 4035 igitur
1659 3964 1834 4017 frater
1852 3963 1906 4015 in
1934 3961 2187 4032 Raythu;

538 4067 593 4116 et
611 4058 888 4115 sicutsibi
913 4060 1283 4112 mandaverat
1304 4056 1509 4109 beatus
1528 4054 1785 4117 Simeon,
1802 4050 2114 4121 prostravit
2129 4067 2191 4105 se

540 4151 647 4215 illi,
682 4166 895 4220 rogans
929 4153 985 4200 et
1015 4147 1253 4199 dicens:
1290 4144 1403 4195 Ora
1437 4158 1537 4213 pro
1591 4157 1705 4205 me,
1741 4140 1931 4194 Pater.
1964 4139 2109 4193 Dixit
2138 4140 2187 4193 ei

540 4239 719 4293 abbas
752 4238 1053 4293 Andreas:
1085 4232 1322 4303 Accepit
1352 4230 1597 4303 gratiam
1632 4230 1813 4299 hujus
1870 4229 2191 4285 curationis

542 4327 725 4382 abbas
755 4325 1012 4381 Simeon.
1047 4326 1311 4391 (Eumque
1342 4319 1577 4374 fecisset
1627 4319 1973 4385 orationem,
2007 4317 2187 4373 conli-

542 4433 658 4471 nuo
691 4416 1009 4469 mundatus
1040 4416 1129 4466 est
1160 4412 1354 4475 frater,
1380 4414 1436 4463 et
1466 4407 1683 4481 gratias
1712 4408 1967 4463 reddidit
1994 4408 2129 4464 Deo.

1104 4534 1339 4590 CAPUT
1382 4533 1629 4590 CXVIII.

764 4628 884 4682 Vita
914 4626 1083 4680 Mena:
1108 4622 1329 4678 diaconi
1358 4623 1611 4676 monachi
1642 4623 1699 4676 in
1732 4622 1970 4692 Raythu.

614 4746 883 4802 Narravit
915 4742 1084 4797 nobis
1115 4742 1295 4797 abbas
1327 4740 1562 4811 Sergius
1588 4740 1645 4794 in
1670 4740 1893 4812 Baythu
1918 4741 1989 4795 de
2013 4740 2187 4795 fratre

544 4838 795 4909 quodam
834 4832 952 4887 illic
994 4832 1258 4893 diacono,
1291 4830 1453 4883 Mena
1502 4829 1757 4897 nomine,
1790 4835 1846 4883 et
1895 4829 1977 4883 ait
2004 4848 2016 4883 :
2042 4830 2185 4883 Cum

544 4920 1083 4993 exissetaliquando
1100 4923 1291 4972 Menas
1306 4919 1373 4971 ad
1395 4917 1808 4984 ministerium,
1824 4922 2190 4971 reversusest

546 5016 616 5070 ad
652 5013 931 5070 saeculum
960 5027 971 5064 :
999 5010 1135 5079 quid
1170 5015 1362 5061 autem
1399 5005 1480 5059 illi
1513 5006 1840 5077 contigerit,
1872 5006 2187 5073 nescimus,

547 5104 660 5158 nisi
685 5104 821 5173 quia
841 5099 1075 5169 reliquit
1102 5096 1484 5151 monasticum
1509 5095 1771 5149 habitum
1796 5102 1850 5151 et
1871 5096 2187 5162 saecularis,

545 5194 787 5247 effectus
819 5195 927 5245 est.
965 5189 1107 5243 Post
1134 5184 1385 5240 multum
1418 5200 1551 5237 vero
1586 5185 1865 5256 temporis
1897 5188 2190 5257 protectus

546 5286 635 5337 est
662 5279 1025 5349 'l‘beopolim,
1053 5282 1260 5330 etcum
1290 5274 1501 5327 rediret
1534 5275 1882 5339 Seleuciam,
1908 5277 2047 5328 vidit
2072 5292 2191 5328 ino-

548 5369 867 5425 nasterium
888 5366 1070 5420 sancti
1099 5366 1327 5419 abbatis
1350 5364 1639 5418 Simeonis
1662 5364 1880 5435 Stylitm
1906 5365 1973 5417 de
1998 5364 2188 5435 longe,

547 5466 602 5515 et
622 5458 870 5512 aitinlra
888 5474 946 5511 se
973 5474 984 5510 :
1009 5454 1431 5519 Ascendam,et
1454 5453 1655 5507 videbo
1682 5470 1954 5523 magnum
1981 5454 2191 5507 Simeo-

549 5564 716 5610 nem;
740 5560 996 5616 unquam
1016 5542 1168 5597 enim
1185 5558 1315 5595 eum
1344 5542 1584 5596 viderat.
1602 5543 1846 5596 Euntem
1862 5559 1994 5597 vero
2018 5548 2193 5615 etjam

549 5635 832 5692 columnae
866 5631 1433 5705 appropinquantem
1466 5636 1529 5684 ut
1555 5630 1694 5684 vidit
1722 5632 1902 5685 abbas
1933 5632 2189 5699 Simeon,

550 5725 829 5781 divinitus
862 5736 1184 5794 agnoscens
1218 5720 1372 5789 quod
1404 5725 1555 5774 esset
1590 5719 1935 5792 monachus,
1968 5726 2024 5778 et
2054 5724 2191 5795 quia

2251 616 2374 668 um,
2408 601 2647 657 dicens:
2685 603 2833 656 Aifer
2859 601 2971 656 huc
3004 603 3259 659 forﬁces.
3293 603 3564 675 Cumque
3596 605 3896 675 attulisset,

2249 690 2329 744 ait
2360 689 2479 744 illi:
2517 691 2866 746 Benedictus
2899 691 3225 760 Dominus;
3261 693 3437 748 tonde
3488 692 3680 760 illum,
3714 704 3901 751 osten-

2249 779 2395 835 dens
2421 796 2555 834 eum
2586 781 2790 852 digito,
2819 788 2983 836 erant
3014 783 3171 837 enim
3204 783 3284 837 ibi
3309 782 3480 837 multi
3507 783 3663 838 circa
3684 784 3900 840 colum—

2252 885 2410 926 nam.
2446 870 2784 925 Admiratus
2815 875 3009 926 autem
3044 871 3141 927 ille
3178 872 3235 926 in
3269 872 3441 927 verbo
3493 872 3676 939 senis,
3708 874 3902 929 simul-

2252 960 2585 1028 quetimore
2605 976 2817 1030 magno
2834 961 3300 1031 comprehensus
3317 962 3764 1033 suscepittonsu
3777 981 3904 1034 ram,

2255 1047 2399 1101 nihil
2420 1048 2661 1103 omnino
2687 1048 2935 1120 loquens
2961 1070 2979 1117 ;
3006 1050 3292 1106 intellexit
3312 1051 3469 1105 enim
3495 1051 3633 1123 quia
3657 1052 3805 1107 Deus
3827 1070 3905 1109 re-

2251 1136 2502 1192 velasset
2535 1138 2658 1192 seni
2693 1140 2765 1193 de
2799 1155 2881 1194 se.
2912 1143 3053 1194 Cum
3090 1140 3361 1195 minister
3390 1156 3530 1212 ergo
3549 1140 3701 1196 898
3725 1147 3905 1197 toton-

2256 1225 2441 1280 disset
2465 1226 2656 1291 illum,
2682 1230 2762 1282 ait
2786 1229 2835 1283 ei
2859 1244 3110 1299 magnus
3133 1231 3369 1285 Simeon
3395 1246 3408 1286 :
3438 1230 3551 1285 Fac
3575 1233 3905 1285 orationem.

2257 1315 2507 1370 diaconi.
2545 1317 2612 1371 Et
2643 1332 2775 1372 cum
2810 1325 3055 1384 orasset,
3089 1318 3168 1373 ait
3199 1317 3295 1374 illo
3344 1319 3600 1375 iterum:
3634 1324 3809 1391 Perge
3854 1322 3909 1375 in

2258 1405 2508 1476 Raythu,
2526 1406 2679 1460 unde
2707 1407 2882 1461 etiam
2908 1408 3097 1462 existi.
3124 1407 3363 1463 Dicente
3390 1412 3589 1463 autem
3615 1407 3713 1463 illo
3737 1425 3796 1465 se
3817 1425 3908 1464 ve-

2261 1494 2592 1561 recundari,
2630 1499 2989 1567 Petrumque
3021 1502 3294 1569 aspectus
3356 1498 3506 1553 ferre
3564 1514 3681 1553 non
3715 1515 3909 1569 posse:

2260 1599 2469 1638 rursus
2494 1584 2576 1637 ait
2598 1584 2679 1637 illi
2702 1586 2887 1640 abbas
2914 1585 3147 1641 Simeon
3176 1603 3188 1640 :
3214 1587 3393 1641 Crede
3430 1586 3606 1655 mihi,
3659 1587 3759 1650 ﬁli,
3786 1588 3913 1659 quia

2261 1671 2447 1727 vereri
2471 1673 2709 1727 omnino
2734 1691 2845 1729 non
2872 1675 3087 1743 debes;
3113 1674 3287 1730 hilari
3311 1676 3470 1730 enim
3501 1675 3646 1731 facie
3676 1680 3731 1731 et
3759 1682 3911 1747 grato

2262 1758 2460 1814 animo
2485 1764 2537 1814 te
2562 1761 2887 1833 suscipient
2914 1762 3135 1833 Patres,
3159 1763 3570 1835 gaudiumque
3598 1763 3713 1819 illis
3733 1766 3844 1831 fiet,
3862 1772 3916 1821 et

2262 1848 2572 1904 exsultatio
2590 1850 2645 1904 in
2664 1852 3040 1908 conversione
3062 1855 3260 1907 tua.Et
3282 1853 3389 1908 hoc
3412 1858 3615 1909 autem
3639 1853 3800 1923 scito,
3818 1852 3912 1929 fili,

2259 1938 2393 2008 quia
2410 1943 2559 1993 Deus
2581 1941 2812 2011 signum
2841 1941 2895 1995 in
2921 1946 2975 1996 te
3001 1942 3261 1998 facturus
3282 1947 3456 1997 estut
3480 1959 3760 2013 agnoscas
3777 1959 3912 2015 quo-

2260 2028 2417 2081 niam
2449 2030 2668 2098 ignovit
2689 2030 2794 2083 tibi
2820 2030 2981 2087 illius
3003 2032 3295 2087 immensa
3319 2038 3371 2087 et
3404 2032 3722 2087 inelfabilis
3745 2033 3897 2087 boni-

2259 2121 2350 2170 tas
2378 2123 2679 2187 peccatum
2708 2119 2887 2175 istud.
2914 2120 3255 2177 Venientem
3276 2122 3459 2193 igitur
3481 2123 3541 2176 in
3568 2124 3789 2194 Raythu
3814 2139 3903 2176 su-

2262 2205 2418 2276 pinis
2452 2208 2726 2263 manibus
2760 2216 3110 2280 exceperunt
3139 2215 3352 2280 patres,
3390 2211 3796 2282 miseruntque
3826 2211 3906 2281 ip-

2263 2309 2393 2347 sum
2430 2295 2487 2347 in
2524 2302 2793 2350 sanctum
2828 2298 3456 2362 sacrarium.Quadam
3482 2299 3663 2370 igitur
3684 2298 3772 2354 die
3804 2298 3911 2353 Do-

2264 2382 2481 2437 minica
2513 2400 2644 2438 cum
2693 2386 2868 2440 ferret
2900 2391 3170 2441 sanctum
3232 2391 3287 2441 et
3324 2387 3623 2444 viviﬁcum
3684 2387 3916 2459 sangui-

2265 2488 2397 2525 nem
2427 2473 2621 2543 magni
2678 2478 2772 2527 Dei
2826 2483 2883 2529 et
2906 2475 3225 2530 Salvatoris
3276 2478 3460 2531 nostri
3510 2477 3649 2532 Jesu
3690 2474 3916 2542 Christi,

2266 2562 2545 2616 continuo
2562 2562 2701 2617 exiit
2727 2562 3073 2635 orulusejus
3100 2582 3293 2633 unus;
3336 2570 3597 2637 atqueex
3627 2566 3734 2621 hoc
3763 2565 3918 2636 signo

2270 2657 2667 2721 cognoverunt
2710 2652 2909 2707 Patres
2950 2655 3085 2724 quia
3129 2654 3449 2726 ignovisset
3494 2655 3578 2708 illi
3632 2660 3774 2710 Deus
3806 2668 3899 2725 pec

2270 2745 2466 2794 catum
2484 2740 2663 2807 istud,
2683 2741 2851 2811 juxta
2869 2744 3107 2797 verbum
3130 2744 3327 2816 magni
3358 2743 3677 2800 Simeonis.

2872 2859 3104 2915 CAPUT
3129 2859 3316 2916 CXIX.

2273 2945 2347 3000 De
2375 2944 2629 3002 damonis
2656 2946 2755 3016 qui
2784 2950 2845 3001 in
2874 2948 3067 3002 habitu
3116 2948 3371 3003 monachi
3397 2951 3676 3020 profectus
3732 2952 3803 3003 est
3856 2945 3920 3000 ad

2584 3020 2781 3073 cellam
2810 3020 3096 3089 cujusdam
3126 3022 3271 3076 senis
3298 3020 3355 3075 in
3389 3022 3633 3092 Raythu.

2350 3114 2588 3169 Dicebat
2620 3116 2790 3170 nobis
2820 3116 3001 3171 abbas
3035 3118 3322 3172 Eusebius
3348 3119 3654 3191 presbyter
3672 3116 3919 3187 ejusdem

2279 3205 2621 3258 monasterii
2654 3204 3042 3274 Raythu,com
3075 3206 3145 3260 ad
3171 3205 3338 3261 illum
3364 3207 3755 3274 venissemus,
3776 3205 3915 3275 quod

2280 3293 2504 3347 daemon
2539 3293 2594 3347 in
2634 3294 2832 3348 habitu
2868 3295 3139 3349 monachi
3176 3297 3469 3367 prot'ectus
3495 3296 3694 3351 fuitad
3725 3294 3914 3350 cellam

2288 3381 2445 3437 senis
2476 3387 2531 3435 et
2562 3398 2696 3437 cum
2719 3383 3291 3454 pulsassetjanuam,
3315 3386 3547 3456 aperuit
3568 3402 3757 3448 senex,
3777 3382 3921 3439 etdi-

2286 3471 2370 3526 xit
2401 3470 2485 3525 illi
2512 3489 2523 3526 :
2549 3472 2681 3526 Ora.
2704 3473 2939 3527 Daemon
2964 3479 3159 3527 autem
3193 3476 3273 3528 ait
3297 3491 3308 3528 :
3331 3474 3398 3528 Et
3427 3492 3585 3529 nunc
3604 3479 3657 3529 et
3690 3487 3924 3544 semper,

2288 3565 2343 3615 et
2374 3561 2430 3614 in
2466 3561 2679 3616 saecula
2718 3561 3084 3617 saeculorum.
3118 3564 3322 3617 Amen.
3354 3568 3545 3619 Senex
3588 3568 3777 3619 autem
3811 3577 3925 3615 rur-

2290 3667 2390 3705 sus
2422 3650 2596 3705 dixit:
2632 3650 2764 3705 Ora.
2801 3652 2866 3706 Et
2926 3651 3150 3707 dtCH'lOD
3210 3651 3483 3707 similiter
3515 3653 3634 3708 ait:
3668 3652 3848 3715 Nunc,
3876 3652 3927 3703 et

2291 3754 2545 3809 semper,
2578 3745 2634 3794 et
2667 3741 2721 3794 in
2755 3740 2968 3795 saecula
3000 3740 3370 3796 saeculorum.
3407 3744 3609 3797 Amen.
3641 3742 3799 3795 Tunc
3840 3754 3923 3793 se-

2291 3845 2419 3897 nex,
2454 3830 2583 3893 Ora,
2619 3835 2679 3883 et
2709 3831 2841 3885 dic:
2876 3830 3071 3885 Gloria
3097 3830 3277 3895 Patri,
3310 3834 3366 3885 et
3398 3830 3567 3903 Filio,
3600 3837 3657 3887 et
3700 3827 3922 3901 Spiritui

2292 3925 2515 3985 sancto,
2551 3919 2723 3973 etiam
2760 3937 2939 3985 nunc,
2970 3924 3027 3975 et
3053 3936 3305 3991 semper,
3337 3927 3393 3975 et
3423 3920 3481 3974 in
3516 3920 3724 3976 saacula
3757 3931 3924 3972 saecu-

2292 4006 2503 4062 lorum.
2539 4014 2745 4062 Amen.
2780 4013 2897 4063 Hoc
2924 4015 3119 4064 autem
3156 4025 3290 4064 cum
3324 4009 3571 4066 dixisset
3600 4025 3791 4076 senex,
3820 4005 3925 4059 da!-

2293 4111 2429 4151 mon
2464 4096 2631 4168 quasi
2664 4098 2780 4152 vim
2814 4115 3027 4169 passus
3063 4098 3211 4168 igne,
3244 4098 3502 4154 evanuit.

2896 4214 3126 4269 CAPUT
3158 4213 3325 4269 CXX.

2321 4307 2398 4357 De
2426 4302 2606 4357 (ribus
2642 4304 2923 4359 Monachis
2950 4303 3193 4429 Imhortuis
3226 4306 3469 4359 inventis
3500 4322 3534 4359 a
3559 4300 3909 4378 piscatoribus

3031 4376 3293 4429 aronitis.

3031 4376 3293 4430 arom’tis.

2366 4472 2688 4527 Narraveru
2702 4478 2763 4527 nt
2781 4474 2947 4529 nobis
2964 4473 3288 4529 Pharonitae
3306 4474 3647 4546 piscatores,
3665 4472 3926 4529 dicentes:

2295 4560 2397 4615 Die
2421 4562 2671 4632 quadam
2700 4563 2917 4619 ivimus
2938 4564 2994 4617 in
3021 4563 3273 4618 Buchrin
3295 4568 3457 4618 trans
3480 4581 3638 4619 mare
3658 4562 3926 4623 Rubrum,

2220 4639 2264 4703 D
2296 4655 2504 4705 etcum
2534 4651 2819 4721 plurimos
2843 4653 3035 4725 pisces
3056 4654 3443 4723 cepissemus,
3469 4653 3681 4709 reversi
3712 4662 3927 4712 sumus,

2298 4744 2355 4794 et
2380 4740 2648 4795 venimus
2681 4757 2858 4811 prope
2890 4740 3213 4795 Pereleum.
3247 4740 3637 4812 Volentesque
3666 4734 3927 4794 transfre-

2298 4834 2419 4882 tare
2451 4829 2507 4882 in
2542 4828 2788 4897 Raytbu,
2824 4829 3100 4900 prohibiti
3127 4846 3387 4884 sumusa
3408 4830 3596 4885 ventis
3615 4820 3925 4885 contrariis,

2301 4934 2366 4971 ac
2401 4918 2576 4971 maris
2606 4923 2951 4989 tempestate
2982 4919 3199 4972 detenti
3233 4935 3440 4973 sumus
3474 4936 3575 4989 per
3605 4918 3725 4973 dies
3756 4927 3925 4969 nonu-

2300 5008 2482 5078 ginta.
2518 5006 2825 5062 Venientes
2857 5012 3049 5063 autem
3088 5008 3142 5061 in
3177 5008 3471 5078 quoddam
3502 5009 3809 5062 maximum
3837 5000 3927 5052 de-

2301 5103 2549 5161 sertum,
2586 5098 2916 5153 invenimus
2947 5099 3152 5153 subter
3184 5114 3367 5152 unum
3400 5114 3604 5153 saxum
3653 5102 3766 5152 tres
3797 5106 3929 5147 ana-

2302 5186 2570 5241 choretas
2603 5187 2932 5253 defunctos,
2964 5187 3201 5242 indutos
3233 5187 3475 5242 colobiis
3500 5188 3568 5243 de
3600 5188 3785 5242 sibine
3807 5177 3929 5251 (26),

2304 5276 2666 5346 melotesque
2702 5277 2930 5331 illorum
2960 5278 3123 5345 juxta
3156 5293 3255 5331 eos
3277 5282 3442 5330 erant
3468 5266 3931 5349 positaz.Accepi-

2306 5382 2435 5419 mus
2456 5366 2649 5434 itaque
2667 5364 2816 5431 illos,
2833 5371 2889 5419 et
2922 5366 3196 5420 duximus
3217 5367 3284 5420 ad
3313 5383 3539 5425 navem.
3558 5364 3929 5427 continuoque

2304 5460 2558 5508 aestuans
2586 5472 2742 5509 mare
2776 5455 3158 5526 tranquillum
3186 5459 3400 5510 t'actum
3431 5463 3536 5523 est,
3559 5463 3613 5511 et
3645 5450 3789 5507 venti
3809 5460 3927 5501 con-

2306 5544 2465 5599 trarii
2503 5544 2558 5598 in
2587 5550 2949 5615 opportunos
2972 5547 3235 5601 conversi
3270 5546 3516 5601 sunt.Et
3549 5534 3923 5601 transfretavi-

2306 5650 2437 5688 mus
2473 5635 2748 5688 secundis
2774 5635 2983 5699 ventis,
3008 5640 3060 5688 et
3085 5636 3351 5691 venimus
3376 5635 3432 5690 in
3460 5634 3683 5704 Raytbu
3705 5649 3717 5687 :
3740 5630 3922 5684 Patres

2304 5727 2497 5780 autem
2532 5722 2887 5794 sepelierunt
2913 5739 3010 5779 eos
3043 5739 3175 5779 cum
3208 5724 3469 5796 antiquis
3500 5723 3753 5780 senibus.
