4180 6338
306 403 417 458 181

912 528 1139 583 CAPUT
1171 527 1369 584 CXXI.

308 618 440 673 Vita
474 620 520 672 et
549 632 699 671 mors
729 616 946 671 abbatis
979 616 1235 688 Gregorii
1293 618 1620 686 Byzantini,
1653 626 1703 672 et
1734 619 1969 673 alterius

600 688 851 759 Gregorii
882 688 1210 745 Pbaronita:
1252 690 1368 755 eius
1398 689 1680 759 discipuli.

377 778 780 833 Narraverunt
813 777 981 833 nobis
1014 777 1201 849 ipsius
1259 777 1367 832 loci
1403 778 1599 832 Patres
1632 779 1701 832 de
1761 777 1965 833 abbate

299 867 587 940 Gregorio
620 868 956 935 Byzantino,
975 867 1332 938 etdiscipulo
1358 867 1483 937 ejus
1508 868 1717 922 abbate
1748 866 1960 938 Grego-

299 959 387 1013 rio
422 957 767 1023 Pharonite,
801 957 953 1026 quod
990 958 1044 1011 in
1082 955 1273 1011 insula
1296 956 1549 1027 quadam
1578 956 1757 1011 maris
1777 956 1957 1011 Rubri

296 1047 652 1103 manserint.
682 1046 784 1100 Illa
813 1062 944 1100 vero
972 1044 1162 1100 insula
1193 1062 1404 1116 aquam
1426 1063 1536 1099 non
1557 1046 1830 1105 habebat,
1858 1044 1957 1099 sed

294 1153 365 1192 ex
398 1135 730 1191 continenti
763 1135 1084 1190 atl'erebant
1116 1152 1329 1207 aquam
1365 1135 1474 1189 sibi
1508 1135 1567 1188 in
1603 1152 1745 1189 usus
1794 1150 1953 1189 suos.

293 1226 785 1280 Habebantenim
805 1230 982 1279 ratem
997 1265 1009 1289 ,
1027 1241 1093 1279 cu
1106 1242 1158 1277 m
1177 1241 1293 1295 qua
1307 1224 1625 1283 exibant.et
1639 1223 1957 1278 efferebant

293 1330 545 1386 aquam.
565 1313 827 1376 Quadam
851 1318 1045 1368 autem
1065 1314 1156 1368 die
1180 1314 1728 1368 dimiseruntratem
1748 1312 1803 1366 in
1830 1330 1954 1367 ma-

292 1402 646 1475 re,ligantes
664 1402 821 1457 illam
848 1404 918 1457 ad
943 1419 1150 1457 saxum
1170 1404 1483 1473 quoddam.
1504 1402 1679 1456 Nocte
1703 1418 1835 1455 vero
1854 1401 1953 1455 illa

288 1493 443 1548 facta
476 1499 572 1548 est
607 1492 1110 1555 undavehemens,
1133 1496 1419 1561 ruptoque
1435 1492 1569 1545 fune
1594 1492 1762 1561 periit
1788 1490 1946 1543 ratis.

286 1582 651 1637 Mansernnt
670 1586 866 1636 autem
888 1580 1087 1635 Patres
1112 1580 1195 1634 illi
1212 1597 1326 1634 non
1342 1580 1643 1649 habentes,
1662 1580 1817 1634 unde
1836 1580 1944 1633 sibi

285 1687 506 1743 aquam
533 1670 848 1725 deterrent.
872 1670 1145 1725 Postocto
1176 1670 1373 1739 itaque
1410 1685 1641 1724 menses
1666 1674 1949 1723 venerunt

285 1759 571 1815 monachi
609 1760 681 1813 de
711 1758 1035 1831 Raythu,et
1058 1760 1625 1814 inveneruntambos
1658 1762 1941 1813 mortuos.

286 1851 653 1905 Invenerunt
682 1854 873 1903 autem
906 1853 963 1902 et
1003 1849 1059 1903 in
1118 1849 1290 1903 dorso
1324 1848 1639 1902 testudinis
1690 1848 1770 1902 ita
1799 1848 1942 1901 scri-

284 1947 456 2011 ptum
485 1957 498 1993 :
538 1940 716 1993 Abbas
739 1938 1029 2006 Gregorius
1055 1937 1371 1993 Pharonites
1391 1937 1590 2007 viginti
1617 1946 1667 1992 et
1694 1942 1806 1992 octo
1828 1936 1942 1991 (lie-

289 2032 387 2085 bus
416 2047 631 2101 aquam
654 2045 762 2083 non
797 2030 1004 2091 bibens,
1032 2029 1317 2097 defunctus
1348 2033 1457 2083 est:
1481 2045 1577 2097 ego
1615 2031 1802 2083 autem
1830 2028 1945 2083 dies

284 2120 528 2188 triginta
560 2125 766 2190 septem
796 2119 1059 2189 transegi,
1083 2134 1155 2172 ex
1185 2135 1287 2188 quo
1304 2134 1413 2173 non
1436 2118 1569 2172 bibi.
1607 2118 1945 2173 Invenimus

283 2226 417 2265 vero
444 2208 658 2263 ambos
674 2207 953 2279 integros,
973 2211 1393 2279 sumentesqne
1412 2206 1942 2278 illos,sepelivimus

280 2299 338 2353 in
369 2298 637 2371 Raythu.

875 2377 1111 2432 CAPUT
1155 2376 1369 2431 CXXII.

275 2471 350 2524 De
374 2469 607 2524 duobus
631 2466 945 2533 monachis,
968 2466 1065 2537 qui
1089 2466 1226 2520 nudi
1252 2466 1488 2533 ingrcssi
1504 2468 1632 2520 sunt
1653 2464 1941 2521 cerlesiam

345 2550 408 2596 ut
438 2542 943 2608 communicarent,
974 2554 1072 2593 nec
1100 2540 1205 2593 visi
1232 2546 1361 2592 sunt
1391 2540 1458 2591 ab
1500 2539 1691 2607 aliqua
1722 2538 1835 2591 nisi
1873 2540 1939 2593 ab

343 2614 551 2667 abbate
585 2611 882 2683 Stephano.

340 2702 644 2756 Venimus
670 2701 739 2755 ad
759 2701 1026 2755 abbatem
1065 2698 1424 2768 Stephanum
1451 2697 1852 2769 Cappadocem
1878 2698 1935 2753 in

272 2790 413 2845 Sina
445 2795 674 2859 monte,
715 2789 1085 2859 narravitque
1117 2787 1303 2848 nobis,
1325 2786 1545 2842 dicens:
1573 2788 1716 2843 Cum
1750 2804 1936 2843 essent

271 2897 383 2951 ego
411 2880 473 2935 in
501 2879 737 2952 Raythu
774 2884 907 2934 ante
939 2878 1045 2932 hos
1091 2892 1297 2942 annos,
1334 2876 1539 2946 quinta
1563 2876 1703 2931 feria
1752 2876 1934 2931 Cinnae

276 2970 545 3037 Domini,
570 2985 728 3024 eram
763 2968 821 3022 in
841 2967 1103 3023 ecclesia.
1138 2966 1402 3037 Cumque
1423 2971 1937 3021 consummarctur

270 3064 477 3115 sancta
496 3058 1068 3128 oblatio,Patresque
1088 3072 1290 3111 omnes
1317 3056 1679 3121 assisterent,
1705 3072 1833 3110 ecce
1849 3057 1931 3110 vi-

270 3150 374 3204 deo
409 3151 572 3203 duos
604 3147 891 3219 quosdam
927 3145 1309 3201 anachoretas
1341 3144 1646 3200 ecclesiam
1680 3144 1926 3215 ingredi,

1620 404 1919 459 PRATUM
1958 405 2410 460 SPIBITUALE.

1994 530 2045 595 Î‘
2080 545 2237 595 nere;
2268 530 2400 586 volo
2429 530 2584 586 enim
2620 529 2927 586 ecclesiam
2956 528 3283 601 Babylonis,
3319 544 3445 599 quae
3477 526 3535 581 in
3558 527 3728 597 Egy-

3624 400 3732 457 182

2077 624 2173 689 pto
2205 624 2313 685 est,
2347 620 2427 673 illi
2463 621 2712 675 credere.
2773 618 3096 687 Tacuitque
3148 635 3343 687 senex,
3378 623 3434 671 et
3482 616 3724 671 dimisso

2074 722 2186 772 me,
2211 708 2355 762 abiit
2386 726 2418 763 a
2450 724 2542 764 me
2576 712 2862 779 quantum
2895 711 2982 762 est
3005 708 3202 775 jactus
3236 705 3545 777 Iapidis.Et
3584 721 3717 759 cum

2072 797 2219 851 duas
2252 797 2425 851 horas
2460 798 2518 853 in
2550 798 2812 852 oratione
2844 796 3218 867 complesset,
3245 794 3400 849 venit
3423 795 3491 849 ad
3518 810 3628 862 me,
3662 798 3719 848 et

2069 884 2345 939 osculans
2372 886 2576 939 faciem
2612 900 2823 953 meam,
2859 885 2940 940 ait
2980 884 3166 938 mihi:
3202 883 3305 938 Fili
3347 882 3713 948 charissime,

2068 974 2214 1029 bene
2246 975 2488 1042 venisti;
2524 975 2675 1030 Deus
2708 974 2862 1029 enim
2897 981 2949 1029 te
2982 975 3095 1029 huc
3130 973 3395 1042 adduxit,
3437 976 3501 1027 ut
3552 988 3713 1027 com-

2066 1068 2309 1121 mendes
2342 1071 2505 1120 terrae
2537 1083 2750 1138 corpus
2784 1082 3003 1121 meum.
3039 1064 3165 1119 Dixi
3218 1070 3411 1119 autem
3444 1063 3516 1119 ei:
3567 1064 3716 1126 Quot

2064 1173 2250 1211 annos
2277 1156 2335 1211 in
2369 1157 2475 1211 hoc
2509 1156 2631 1211 loco
2663 1157 2864 1221 habes,
2899 1156 3079 1211 abba?
3107 1156 3258 1209 Dixit
3289 1156 3358 1210 ad
3394 1171 3523 1209 me:
3557 1156 3714 1219 Qua-

2062 1246 2330 1317 draginta
2346 1253 2402 1302 et
2424 1248 2689 1318 quinque
2722 1263 2903 1302 annos
2937 1246 3174 1318 impleo.
3199 1248 3267 1301 Et
3282 1243 3713 1317 apparuitmihi

2059 1338 2377 1407 faciesejus
2407 1343 2689 1409 tanquam
2723 1338 2900 1409 ignis.
2928 1339 2999 1392 Et
3019 1338 3100 1393 ait
3129 1335 3294 1392 mihi:
3319 1337 3430 1391 Pax
3450 1335 3578 1399 tibi,
3605 1334 3711 1404 fili,

2058 1434 2115 1482 et
2143 1444 2244 1483 ora
2276 1446 2376 1499 pro
2408 1445 2519 1484 me.
2550 1430 2614 1483 Et
2643 1428 2764 1483 haec
2796 1430 3000 1484 dicens
3027 1427 3333 1483 collocavit
3355 1426 3712 1497 seipsum,et

2058 1517 2360 1587 requievit.
2398 1519 2513 1590 Ego
2548 1522 2766 1584 autem,
2799 1518 3013 1573 effossa
3044 1517 3246 1582 humo,
3282 1514 3516 1586 sepelivi
3546 1530 3705 1582 eum,

2054 1611 2110 1663 et
2140 1613 2273 1678 post
2303 1609 2452 1663 duos
2490 1610 2614 1663 dies
2646 1607 2863 1663 recessi
2895 1607 3233 1679 gloriï¬cans
3262 1606 3470 1661 Deum.

2620 1726 2853 1781 CAPUT
2892 1724 3129 1781 CXXIV.

2612 1815 2870 1885 Ejusdem
2910 1815 3133 1869 relatio.

2128 1929 2392 1984 Narravit
2421 1932 2615 1985 autem
2645 1930 2816 1985 nobis
2848 1935 2901 1985 et
2933 1930 3041 1985 hoc
3074 1944 3268 1997 senex,
3302 1928 3518 1984 dicens:
3554 1932 3702 1983 Ante

2054 2036 2239 2075 annos
2254 2020 2457 2090 viginti
2473 2020 2618 2075 duos
2635 2020 2868 2075 ascendi
2887 2019 3350 2090 inPorphyritcm
3371 2017 3568 2073 volens
3583 2017 3701 2071 illic

2053 2106 2290 2161 morari:
2308 2107 2501 2177 accepi
2518 2112 2714 2161 autem
2739 2112 2797 2161 et
2816 2106 3173 2177 discipulum
3204 2122 3397 2159 meum
3414 2104 3700 2159 Joannem

2052 2195 2456 2250 mecum.Cum
2473 2212 2608 2267 ergo
2632 2196 2773 2251 illuc
2788 2195 3177 2261 venissemus,
3198 2195 3531 2249 invenimus
3555 2195 3702 2249 duos

2050 2284 2455 2349 anachoretas,
2492 2286 2940 2355 mansimusque
2958 2300 3132 2356 prope
3165 2283 3471 2338 illos.Erat
3501 2287 3697 2338 autem

2049 2374 2197 2429 alter
2228 2373 2465 2444 quidem
2498 2390 2567 2428 ex
2595 2374 2685 2429 his
2719 2373 2938 2439 Galata,
2974 2372 3211 2427 nomine
3242 2373 3497 2440 Paulus;
3549 2372 3696 2426 alter

2047 2478 2179 2515 vero
2213 2460 2529 2527 Melitinus,
2564 2460 2798 2515 nomine
2831 2460 3194 2526 Theodorus,
3224 2475 3289 2513 ex
3341 2458 3696 2513 monasterio

2048 2551 2235 2605 fuerat
2269 2549 2497 2604 abbatis
2529 2548 3142 2621 Euthymii.Ferebant
3164 2552 3357 2603 autem
3392 2547 3695 2603 colobiaex

2045 2640 2295 2711 pellibus
2326 2639 2696 2695 bubalorum.
2735 2639 2922 2694 Mansi
2955 2644 3151 2694 autem
3184 2638 3303 2692 illic
3332 2638 3512 2692 ferme
3546 2637 3691 2693 duos

2046 2747 2251 2795 annos,
2273 2730 2761 2800 distabamusque
2793 2730 2863 2784 ab
2881 2729 3127 2783 invicem
3150 2728 3316 2799 quasi
3334 2728 3565 2783 duobus
3580 2732 3694 2783 sta-

2044 2819 2287 2874 diis.Die
2317 2824 2511 2875 autem
2547 2820 2800 2891 quadam
2818 2835 2948 2873 cum
2981 2818 3209 2873 sederet
3228 2820 3484 2871 Joannes
3517 2816 3691 2872 disci-

2045 2909 2222 2980 pulus
2255 2924 2441 2977 meus,
2468 2906 2760 2979 percussit
2786 2923 2919 2961 eum
2943 2922 3207 2977 serpens,
3241 2904 3560 2975 statimque
3589 2904 3693 2959 de-

2044 3001 2283 3054 functus
2312 3004 2420 3067 est,
2456 2998 2805 3069 sanguinem
2840 3015 2908 3053 ex
2940 2998 3217 3053 omnibus
3250 2996 3516 3069 partibus
3558 2996 3688 3050 fun-

2042 3089 2280 3143 dens.ln
2314 3086 2501 3142 multa
2532 3086 3287 3159 igiturangustiaexistens,
3316 3086 3431 3140 abii
3464 3085 3531 3140 ad
3551 3102 3689 3140 ana-

2042 3175 2344 3231 choretas:
2381 3174 2478 3245 qui
2514 3174 2713 3229 statim
2748 3180 2813 3229 ut
2840 3175 3113 3229 viderunt
3147 3189 3233 3229 me
3284 3173 3579 3228 turbatum
3632 3177 3690 3227 et

267 3244 434 3335 "39}
467 3241 675 3335 ante?)
704 3235 866 3335 â€œuim
890 3236 1207 3335 â€œ"â€œfâ€™sqfâ€™fâ€™
1228 3234 1458 3335 patrm?
1490 3232 1641 3335 aliis
1664 3235 1929 3335 animfd'
1960 3265 2003 3331 C
2043 3266 2352 3331 attlictum,
2386 3232 2699 3335 antequam
2733 3264 2955 3335 aliquid
2982 3265 3233 3319 dicerem
3249 3265 3318 3318 ad
3334 3280 3454 3329 eos,
3479 3264 3687 3318 dicunt

268 3328 442 3382 vertit
468 3327 633 3398 quod
669 3324 809 3380 nudi
842 3328 1058 3389 essent,
1088 3322 1199 3377 nisi
1231 3338 1335 3395 ego
1359 3322 1541 3378 solus.
1576 3324 1717 3378 Cum
1751 3324 1931 3395 igitur

270 3417 822 3471 communicassent
841 3414 1135 3469 Dominico
1151 3412 1374 3483 corpori
1393 3412 1755 3483 etsaugnini,
1780 3413 1930 3467 exie-

265 3512 404 3560 runt
428 3506 508 3560 de
532 3504 798 3570 ecclesia,
834 3503 1163 3570 etabibaat;
1184 3518 1288 3572 ego
1304 3507 1499 3556 autem
1520 3518 1636 3555 una
1659 3517 1788 3555 cum
1811 3500 1929 3554 illis

264 3596 436 3649 exivi.
481 3595 628 3649 Cum
664 3610 799 3665 ergo
830 3591 1050 3664 egressi
1078 3607 1366 3655 essemus,
1397 3590 1681 3662 prostravi
1702 3606 1789 3645 me
1812 3589 1927 3645 illis

265 3685 507 3741 dicens:
549 3684 741 3737 Facite
774 3682 1139 3748 charitatem,
1172 3680 1413 3752 accipite
1459 3694 1551 3733 me
1600 3679 1925 3733 vobiscum.

267 3777 693 3845 Cognoverunt
708 3776 899 3827 autem
920 3770 1058 3842 quia
1070 3770 1158 3823 vid
1169 3786 1328 3825 eram
1344 3768 1474 3823 illos
1489 3769 1763 3833 nudos,et
1776 3768 1929 3822 dixe-

266 3870 403 3918 runt
438 3862 615 3917 mihi:
647 3861 798 3916 Bene
830 3863 1019 3925 sedes,
1048 3860 1304 3930 quiesce.
1341 3860 1566 3913 Rursus
1595 3874 1699 3929 ego
1759 3875 1927 3927 roga-

264 3952 395 4007 bam
436 3952 578 4006 illos
620 3954 684 4005 ut
716 3950 1047 4021 acciperent
1073 3965 1163 4003 me
1193 3965 1413 4004 secum.
1447 3949 1609 4002 Tunc
1655 3948 1929 4001 dixerunt

266 4041 432 4095 mihi:
479 4040 603 4095 Non
641 4044 808 4110 potes
841 4038 1148 4093 nobiscum
1174 4053 1322 4107 esse,
1366 4036 1525 4107 sede,
1575 4036 1726 4090 bona
1770 4034 1924 4089 enim

266 4132 372 4184 tihi
400 4131 583 4186 sedes
606 4134 713 4183 est.
748 4127 1047 4183 Facientes
1072 4130 1263 4181 autem
1292 4125 1432 4180 mihi
1464 4126 1809 4192 orationem,
1844 4126 1928 4178 vi-

266 4221 454 4275 dente
474 4236 568 4273 me
587 4235 765 4288 super
795 4233 980 4288 aquas
996 4215 1343 4271 Rubri899
1360 4215 1540 4269 maris
1566 4215 1808 4285 pedibus
1842 4214 1927 4267 in-

264 4309 465 4381 gressi
499 4314 664 4374 sunt,
696 4312 751 4363 et
780 4312 944 4362 trans
977 4322 1136 4360 mare
1168 4304 1452 4359 abierunt.

856 4394 1085 4452 CAPUT
1112 4393 1357 4450 CXXIII.

682 4486 799 4542 Vita
833 4485 1051 4540 abbatis
1091 4485 1297 4538 Zosimi
1330 4482 1534 4537 Cilicis.

341 4576 721 4635 Perreximus
736 4576 805 4630 ad
824 4575 1091 4629 abbatem
1106 4571 1640 4627 ZosimumCilicem
1660 4571 1716 4625 in
1737 4575 1928 4626 monte

271 4668 435 4731 Sina,
457 4667 557 4721 ubi
582 4665 940 4729 morabatur;
963 4678 1061 4717 ren
1074 4670 1232 4717 uerat
1248 4661 1405 4717 enim
1422 4660 1822 4731 episcopatum
1839 4677 1926 4715 se-
1960 4636 2005 4698 D

270 4773 401 4827 nex,
434 4761 498 4811 et
524 4755 778 4809 redierat
808 4754 865 4806 in
898 4750 1192 4819 cellulam,
1220 4767 1411 4805 suam.
1439 4750 1573 4804 Erat
1608 4754 1797 4803 autem
1842 4749 1928 4804 vir

277 4862 506 4918 magnae
533 4841 927 4907 abstinentiae,
943 4838 1311 4911 narravitque
1326 4839 1515 4907 nobis,
1535 4838 1755 4893 dicens:
1778 4838 1921 4893 Cum

268 4949 460 4989 essem
493 4932 723 5004 junior,
754 4930 903 4986 exivi
926 4930 996 4984 de
1018 4928 1177 4997 Sina,
1197 4932 1252 4983 et
1273 4928 1387 4983 abii
1408 4928 1464 4981 in
1486 4932 1923 4982 Ammoniacem

270 5029 331 5079 ut
355 5022 481 5078 illic
506 5038 789 5087 morarer,
815 5018 1127 5090 iuvenique
1154 5018 1230 5073 ibi
1250 5034 1449 5073 senem
1475 5017 1748 5072 vestitum
1774 5016 1925 5072 colo-

266 5114 360 5168 bio
392 5114 468 5167 de
499 5111 911 5166 sibino.Senex
942 5113 1137 5162 autem
1173 5112 1234 5161 ut
1264 5106 1408 5161 vidit
1440 5123 1551 5171 me,
1580 5107 1922 5177 priusquam

266 5202 436 5256 illum
472 5201 818 5267 salutarem,
849 5198 929 5252 ait
962 5196 1127 5251 mihi:
1164 5195 1311 5259 Quid
1338 5196 1450 5250 huc
1482 5195 1790 5259 advenisti,
1816 5197 1922 5249 Zo-

268 5292 447 5347 sime?
481 5289 648 5357 vade,
683 5306 795 5343 non
820 5288 976 5342 enim
1004 5290 1166 5357 potes
1197 5284 1291 5341 hic
1323 5286 1543 5339 sedere.
1573 5284 1923 5339 Existimans

271 5388 469 5437 autem
506 5380 646 5452 quia
668 5376 1038 5449 cognovisset
1057 5392 1168 5443 me,
1190 5375 1474 5446 prostravi
1502 5390 1592 5429 me
1608 5379 1739 5428 ante
1757 5374 1920 5428 illum

272 5472 498 5526 dicens:
538 5471 644 5524 Fac
667 5467 1035 5529 charitatem,
1070 5465 1257 5529 Pater,
1292 5466 1443 5518 unde
1479 5480 1569 5517 me
1596 5464 1777 5518 nosti?
1824 5464 1921 5518 Se-

275 5578 385 5615 nex
419 5566 613 5615 autem
648 5557 793 5611 dixit
823 5554 1307 5610 mihizAnteduos
1340 5553 1465 5608 dies
1487 5554 1759 5625 apparuit
1783 5553 1921 5607 mihi

278 5650 546 5721 quidam,
579 5648 801 5703 dicens:
836 5646 975 5701 Ecce
1005 5644 1134 5699 veni
1167 5648 1225 5699 et
1256 5643 1322 5698 ad
1353 5647 1405 5698 te
1438 5643 1755 5698 monachus
1790 5644 1921 5714 qui-

279 5739 439 5808 dam,
464 5736 699 5794 nomine
730 5735 993 5791 Zosimus
1018 5752 1031 5802 ;
1052 5750 1164 5791 non
1193 5732 1494 5806 permittas
1524 5749 1655 5789 eum
1692 5732 1784 5788 hic
1808 5750 1922 5788 ma-

2038 3353 2217 3408 mihi:
2252 3353 2399 3418 Quid
2436 3357 2545 3418 est,
2578 3352 2732 3407 abba
2762 3352 3017 3408 Zosime?
3047 3356 3318 3407 mortuus
3349 3357 3439 3406 est
3469 3351 3687 3406 frater?

2035 3444 2174 3499 Dico
2204 3442 2357 3497 illis:
2397 3444 2475 3497 Ita
2509 3460 2673 3509 sane,
2703 3447 2972 3498 mortuus
3002 3446 3106 3499 est.
3158 3442 3471 3497 Venientes
3502 3441 3684 3513 igitur

2037 3550 2289 3597 mecum,
2314 3534 2693 3604 videntesque
2720 3533 2916 3604 ipsum
2972 3533 3031 3588 in
3064 3538 3217 3589 terra
3237 3534 3555 3603 jacentem,
3588 3533 3679 3587 di-

2035 3629 2177 3678 cunt
2210 3623 2354 3677 mihi
2383 3640 2395 3676 :
2423 3622 2545 3678 Noli
2574 3623 3090 3689 contristari,abha
3118 3623 3343 3677 Zosime
3364 3642 3378 3690 ;
3400 3623 3567 3677 adest
3588 3621 3678 3676 di-

2033 3713 2237 3767 vinum
2267 3711 2649 3781 adjutorium.
2674 3710 3079 3782 Vocantesque
3114 3714 3348 3766 fratrem
3374 3711 3681 3766 dixerunt:

2038 3804 2237 3858 Frater
2255 3802 2537 3865 Joannes,
2569 3818 2765 3870 surge,
2798 3802 2935 3871 quia
2962 3818 3135 3857 senex
3168 3807 3222 3855 te
3281 3818 3429 3871 opus
3490 3802 3685 3855 habet.

2036 3892 2441 3962 Continuoque
2468 3891 2713 3947 surrexit
2750 3892 3008 3946 fraterde
3028 3895 3201 3946 terra.
3221 3893 3557 3955 Qumrentes
3580 3908 3687 3945 au-

2036 3986 2151 4037 tem
2186 3981 2455 4050 bestiam,
2489 3986 2545 4035 et
2579 3980 2958 4047 invenientes,
2993 3983 3305 4035 tenuerunt
3336 3995 3485 4045 eam,
3528 3984 3585 4033 et
3625 3980 3683 4033 in

2035 4076 2351 4143 conspectu
2388 4076 2586 4125 nostro
2616 4070 2776 4125 illam
2804 4071 2861 4126 in
2898 4072 3042 4126 duas
3062 4074 3256 4142 partes
3279 4069 3681 4140 disruperunt.

2034 4160 2197 4214 Tunc
2221 4159 2424 4212 dicunt
2443 4157 2589 4211 mihi
2616 4157 2808 4212 :Abba
2824 4159 3073 4224 Zosime,
3093 4159 3236 4213 vade
3258 4159 3313 4211 in
3333 4158 3507 4213 Sina:
3534 4159 3687 4214 Deus

2037 4248 2192 4303 enim
2218 4247 2705 4301 tibicommittere
2728 4246 2852 4300 vult
2872 4246 3177 4302 ecclesiam
3207 4246 3690 4318 Babylonis.Con-

2035 4338 2199 4392 tinuo
2216 4336 2415 4408 itaque
2436 4336 2790 4391 recessimus
2808 4352 2934 4391 nos.
2962 4339 3231 4407 Cumque
3244 4337 3610 4393 venissemus
3630 4338 3686 4392 in

2036 4424 2197 4489 Sina,
2234 4427 2367 4494 post
2397 4438 2616 4493 paucos
2650 4422 2772 4477 dies
2795 4423 2977 4477 abbas
2998 4424 3265 4478 misitme
3296 4429 3353 4479 et
3383 4424 3530 4479 duos
3546 4424 3691 4479 alios

2035 4511 2095 4564 in
2120 4510 2513 4565 ministerium
2540 4509 2594 4563 in
2616 4510 3053 4576 Alexandriam;
3072 4514 3398 4581 teneasque
3412 4526 3519 4565 nos
3543 4528 3691 4582 papa

2040 4597 2467 4653 Alexandrinus
2500 4597 2878 4652 beatissimus
2913 4597 3288 4667 Apollinaris,
3322 4614 3525 4653 omnes
3571 4604 3688 4653 tres

2044 4689 2178 4743 fecit
2207 4689 2534 4760 episcopos,
2570 4704 2757 4743 unum
2814 4688 3051 4758 quidem
3086 4688 3473 4760 Heliopoleos,
3508 4689 3687 4745 alium

2038 4777 2482 4849 Leontopoleos,
2518 4794 2610 4833 me
2642 4794 2775 4832 vero
2804 4780 2862 4831 in
2896 4777 3249 4847 Babylonem
3282 4779 3461 4835 misit.

2615 4892 2857 4947 CAPUT
2910 4893 3112 4949 CXXV.

2178 4994 2398 5047 Factum
2418 4992 2714 5063 pulchrum
2736 4992 2949 5047 abbatis
2969 4992 3153 5063 Sergii
3176 4994 3539 5052 anachoreta}.

2106 5109 2502 5163 Narraverunt
2534 5108 2704 5162 nobis
2730 5109 2965 5179 quidam
2989 5115 3217 5179 patrum
3250 5111 3306 5165 in
3332 5110 3466 5165 Sina
3496 5112 3567 5166 de
3583 5112 3683 5166 ab-

2036 5198 2169 5253 batc
2187 5198 2381 5268 Sergio
2400 5197 2774 5267 anachoreta,
2794 5198 2944 5269 quod
2962 5215 3090 5253 cum
3108 5201 3502 5255 morareturin
3524 5203 3683 5267 Sina,

2035 5286 2612 5343 constituebatillum
2635 5286 3203 5360 dispensatorsuper
3227 5289 3523 5346 burdones
3552 5293 3679 5363 (27).

2034 5378 2177 5432 Cum
2212 5393 2349 5447 ergo
2378 5376 2469 5430 die
2502 5378 2783 5447 quadam,
2806 5383 3155 5447 properaret,
3184 5394 3313 5433 ecce
3349 5379 3687 5452 leojacebat

2034 5467 2093 5521 in
2126 5467 2217 5519 via
2250 5482 2261 5519 :
2300 5482 2470 5535 porro
2504 5466 3325 5539 burdonarii,burdonesque,
3348 5471 3469 5525 viso
3494 5471 3680 5541 leone,

2034 5554 2244 5609 timore
2272 5554 2541 5624 correpti,
2574 5559 2961 5609 recesserunt.
2998 5557 3159 5611 Tunc
3204 5558 3384 5613 abbas
3443 5560 3681 5632 Sergius

2034 5660 2275 5699 sumens
2308 5645 2377 5698 de
2413 5660 2548 5714 pera
2581 5660 2756 5698 unam
2792 5642 3103 5716 eulogiam,
3140 5649 3429 5718 profectus
3479 5653 3568 5705 est
3608 5650 3677 5703 ad

2037 5733 2285 5799 leonem,
2306 5731 2568 5802 dixitque
2600 5730 2651 5787 ei
2680 5748 2689 5785 :
2714 5732 2919 5804 Accipe
2942 5732 3229 5807 eulogiam
3252 5737 3486 5793 Patrum
3511 5742 3568 5791 et
3590 5754 3680 5791 re-
