4180 6338
491 384 600 440 183

1688 386 1784 438 DE
1820 385 2012 439 VITIS
2048 383 2351 442 PATRUM
2389 385 2604 440 LIBER
2640 387 2712 441 X.

3787 383 3880 440 184

492 511 632 567 cede
657 511 731 565 de
758 510 874 578 via,
903 512 968 564 ut
995 512 1387 564 transeamus.
1420 512 1782 581 Sumptaque
1812 508 1899 564 leo
1923 508 2150 579 eulogia
2178 513 2233 578 Î‘
2261 509 2734 579 contempserim.
2781 509 3028 581 Scripsit
3057 513 3256 564 autem
3285 512 3340 566 et
3386 508 3497 565 hoc
3530 509 3599 565 ad
3623 523 3750 564 eum
3775 526 3787 565 :
3817 509 3886 566 Ut

495 600 758 655 recessit.

1063 686 1294 742 CAPUT
1328 687 1571 742 CXXVI.

621 781 852 849 Egregia
884 779 1159 849 responsio
1187 778 1400 832 abbatis
1433 777 1622 832 Orenti
1645 779 1848 832 montis
1881 777 2019 831 Sina

569 869 848 925 Dicebant
880 869 1048 924 nobis
1077 869 1344 939 ejusdem
1380 869 1485 922 loci
1515 868 1701 922 sancti
1727 868 1928 921 Patres
1945 867 2016 920 de
2038 866 2145 920 ab-

497 957 630 1013 bate
660 958 893 1020 ()rento,
929 961 1082 1028 quod
1111 958 1206 1011 die
1236 958 1491 1028 quadam
1516 955 1819 1012 Dominica
1843 955 2146 1019 ingressus

496 1051 582 1102 est
613 1063 790 1102 senex
819 1047 877 1100 in
911 1045 1214 1101 ecclesiam
1249 1062 1415 1100 verso
1448 1062 1588 1116 sago
1622 1062 1750 1108 suo,
1787 1044 1862 1098 ita
1897 1050 1959 1098 ut
2007 1043 2148 1097 foris

494 1135 744 1190 villosus
765 1141 942 1190 esset.
975 1140 1179 1189 Stante
1207 1135 1386 1205 igitur
1415 1151 1481 1189 eo
1514 1135 1572 1188 in
1623 1133 1821 1200 choro,
1859 1136 2150 1188 venerunt

499 1224 739 1296 quidam
770 1225 843 1278 de
868 1225 1376 1294 dispensatoribus
1408 1223 1538 1289 loci,
1572 1229 1629 1278 et
1661 1224 1936 1277 dixerunt
1984 1221 2147 1276 seni:

499 1314 616 1369 Cur
643 1312 746 1375 ita,
771 1314 952 1378 Pater,
984 1313 1289 1384 ingressus
1321 1329 1382 1368 es
1414 1329 1692 1368 converso
1709 1328 1849 1381 sago
1865 1316 1963 1364 tuo
1981 1312 2037 1364 in
2053 1325 2148 1364 eo-

503 1403 741 1457 clesiam
773 1403 842 1456 ad
869 1402 1220 1457 derisionem
1256 1407 1516 1456 nostram
1549 1418 1740 1455 coram
1778 1399 2098 1470 peregrinis
2127 1397 2154 1452 ?

506 1490 828 1561 Respondit
858 1491 908 1545 ei
943 1507 1138 1546 senex.
1182 1490 1298 1545 Vos
1347 1490 1638 1545 evertistis
1671 1490 1832 1555 Sina,
1896 1495 1950 1543 et
1983 1503 2153 1542 nemo

506 1581 673 1634 vobis
719 1579 865 1634 dixit
913 1579 1154 1648 aliquid.
1188 1585 1245 1634 et
1301 1596 1407 1650 ego
1462 1579 1601 1647 quia
1644 1577 1901 1634 converti
1944 1592 2152 1647 sagum

511 1685 730 1736 meum,
765 1669 960 1723 dicitis
989 1668 1130 1722 mihi
1160 1685 1172 1722 :
1197 1670 1384 1734 Quare
1406 1667 1697 1723 convertis
1719 1683 1925 1736 sagum
1958 1663 2156 1720 tuum?

513 1759 616 1824 Ite,
651 1758 924 1829 corrigite
954 1774 1082 1828 quae
1115 1758 1427 1826 evertistis,
1460 1767 1516 1811 et
1554 1773 1656 1825 ego
1706 1756 1997 1826 corrigam
2030 1770 2155 1824 quas

517 1847 717 1902 everti.

1066 1935 1295 1990 CAPUT
1336 1935 1604 1990 CXXVII.

525 2024 643 2080 Vita
665 2023 878 2079 abbatis
909 2023 1127 2091 Georgii
1147 2026 1328 2077 sancti
1343 2026 1547 2078 montis
1561 2023 1780 2087 Sina,et
1811 2039 1950 2076 anus
1981 2023 2162 2091 cujus-

944 2096 1077 2151 dam
1106 2111 1176 2150 ex
1211 2096 1424 2150 Galatia
1455 2097 1734 2166 Phrygiae.

585 2185 851 2241 Narravit
883 2185 1050 2239 nobis
1065 2184 1361 2239 abbatissa
1379 2183 1653 2239 Damiana
1667 2183 1952 2250 solitaria,
1977 2187 2163 2236 mater

513 2275 745 2331 abbatis
761 2273 1593 2344 Athenogenis900episc0pi
1615 2272 2159 2335 Petrensis,tlicens:

519 2365 911 2434 Eratquidam
948 2364 1130 2418 abbas
1181 2364 1239 2417 in
1265 2371 1466 2417 sancto
1501 2370 1695 2418 monte
1724 2364 1884 2430 Sina,
1929 2361 2163 2416 nomine

515 2452 824 2522 Georgius,
862 2467 1088 2520 magna;
1122 2451 1355 2504 virtutis
1386 2456 1443 2504 et
1472 2449 1841 2505 abstinentia:
1875 2449 1979 2503 vir.
2016 2447 2163 2502 Huic

513 2541 710 2596 abbati
738 2541 980 2607 Georgio
1001 2540 1197 2612 magni
1229 2539 1465 2594 Sabbati
1485 2541 1578 2594 die
1604 2539 1829 2594 sedenti
1865 2539 1919 2592 in
1953 2537 2165 2593 cellula

515 2647 625 2684 sua
649 2629 804 2684 venit
826 2627 1183 2683 desiderium
1217 2628 1710 2683 faciendisacrum
1726 2629 1877 2682 diem
1903 2643 2164 2681 resurre-

519 2717 734 2774 ctionis
767 2718 824 2771 in
845 2723 1045 2772 sancta
1071 2718 1324 2785 civitate,
1350 2723 1405 2771 et
1431 2733 1663 2772 sumere
1684 2717 2015 2772 veneranda
2038 2732 2163 2786 my-

523 2807 702 2862 steria
722 2803 779 2858 in
804 2808 1008 2858 sancta
1028 2802 1238 2858 Christi
1256 2803 1353 2858 Dei
1373 2804 1554 2860 nostri
1571 2803 2012 2858 Resurrectione
2028 2803 2161 2873 (28).

523 2894 628 2950 Per
657 2899 840 2949 totam
873 2911 1009 2965 ergo
1040 2895 1192 2948 diem
1215 2911 1412 2949 senior
1443 2885 1782 2963 huiusmodi
1815 2892 2166 2964 cogitatione

520 2983 948 3040 sollicitabatur
977 2988 1031 3037 et
1063 2983 1284 3038 orabat.
1311 2982 1452 3037 Cum
1479 2983 1815 3055 itaquesero
1836 2983 2050 3038 factum
2075 2998 2164 3037 es-

527 3079 635 3139 set,
669 3072 825 3127 venit
855 3071 1183 3143 discipulus
1213 3073 1342 3142 eius
1377 3072 1577 3127 dicens
1599 3073 1671 3126 ei:
1704 3073 1869 3138 .lube,
1892 3076 2074 3139 Pater,
2105 3075 2169 3124 ut

528 3178 734 3219 camus
767 3162 835 3216 ad
854 3162 1142 3229 synaxim.
1168 3161 1351 3216 Senex
1368 3167 1556 3215 autem
1578 3161 1876 3232 respondit
1896 3160 1968 3216 ei:
1997 3161 2166 3226 Vade,

2253 599 2397 654 sciat
2427 599 2727 654 beatitudo
2754 605 2972 663 vestra,
3009 605 3261 669 postsex
3293 614 3527 654 menses
3546 598 3766 653 Christo
3789 599 3886 654 Do-

2253 687 2412 741 mino
2441 704 2505 742 ac
2539 688 2652 742 Deo
2685 693 2884 741 nostro
2916 688 3093 742 simul
3119 688 3420 742 occursuri
3448 703 3675 756 sumus,
3695 693 3751 741 et
3777 687 3886 742 illic

2255 778 2510 832 adorabo
2529 793 2648 832 vos.
2675 777 2906 847 Egressi
2928 777 3124 846 itaque
3151 777 3470 848 presbyteri
3497 777 3776 830 dederunt
3796 793 3884 846 pa-

2253 867 2520 920 triarchae
2545 866 2789 920 litteras:
2816 867 3091 920 dixerunt
3112 871 3306 920 autem
3332 865 3518 920 ethoc
3544 865 3884 936 ei,quoniam

2256 971 2433 1010 senex
2459 956 2672 1009 multos
2693 971 2878 1010 annos
2910 955 3184 1023 habebat,
3209 971 3278 1009 ex
3308 971 3421 1025 quo
3452 971 3565 1009 non
3593 959 3816 1007 venerat
3837 957 3887 1008 in

2258 1044 2653 1098 PBIEPSIIDQII].
2693 1043 3095 1098 ostendebant
3128 1046 3265 1099 item
3299 1050 3356 1099 et
3386 1043 3611 1098 litteras
3649 1042 3892 1113 episcopi

2260 1134 2430 1187 Phari
2469 1133 2645 1187 simul
2678 1137 3077 1187 contestantes
3127 1134 3280 1204 quod
3323 1134 3502 1187 ferme
3534 1133 3888 1202 septuaginta

2261 1239 2447 1276 annos
2479 1222 2718 1276 haberet
2748 1239 2943 1289 senex,
2977 1239 3047 1276 ex
3076 1239 3191 1293 quo
3225 1223 3295 1277 de
3322 1227 3526 1277 sancto
3555 1226 3745 1275 monte
3763 1220 3892 1275 Sina

2263 1327 2374 1366 non
2401 1312 2898 1366 exierat.8anctus
2923 1329 3055 1364 vero
3087 1328 3150 1366 ac
3172 1311 3526 1366 mitissimus
3549 1315 3749 1366 Petrus
3769 1310 3892 1364 atie-

2265 1403 2427 1452 rebat
2449 1403 2626 1454 testes
2647 1416 2745 1454 eos
2768 1400 2870 1470 qui
2903 1407 3042 1454 tunc
3062 1400 3129 1453 ad
3142 1403 3372 1454 fuerant
3400 1397 3705 1468 episcopos
3724 1403 3778 1451 et
3796 1395 3894 1450 cle-

2266 1487 2437 1554 ricos,
2471 1487 2730 1542 dicentes
2756 1504 2768 1542 :
2805 1487 2949 1543 Vere
2973 1503 3082 1542 nos
3101 1503 3300 1542 senem
3334 1485 3613 1549 vidimus,
3636 1490 3690 1539 et
3715 1500 3895 1540 omnes

2265 1577 2463 1630 osculo
2490 1585 2694 1630 sancto
2723 1576 2887 1630 illum
2921 1576 3324 1630 salutavimus.
3361 1579 3684 1645 Postquam
3732 1573 3897 1644 igitur

2267 1665 2492 1735 impleti
2518 1672 2655 1719 sunt
2674 1681 2773 1720 sex
2792 1681 3045 1726 menses.
3072 1681 3167 1734 req
3180 1664 3481 1719 uieverunt
3502 1664 3563 1717 in
3589 1678 3723 1734 pace
3737 1679 3898 1717 senex

2269 1764 2322 1809 et
2349 1753 2698 1824 patriarcha,
2724 1754 2893 1824 juxta
2953 1753 3176 1808 scilicet
3228 1752 3416 1822 ipsius
3449 1753 3608 1808 senis
3666 1751 3896 1822 prophe-

2190 1881 2238 1945 Î’
2273 1845 2438 1898 tiam.

2350 1932 2612 1987 Narravit
2645 1932 2811 1988 nobis
2841 1933 3043 1988 eadem
3088 1930 3390 2005 abbatissa
3419 1931 3705 1986 Damiana
3733 1929 3902 1985 ethoc

2279 2022 2500 2076 dicens:
2545 2023 2644 2076 Die
2675 2028 2877 2076 sancto
2913 2026 3277 2088 Parasceves,
3312 2025 3624 2090 antequam
3658 2020 3903 2073 include-

2281 2127 2395 2174 rer,
2425 2110 2538 2164 abii
2572 2114 2641 2165 ad
2677 2117 2946 2166 sanctum
2967 2111 3237 2165 Cosmam
3259 2116 3315 2164 et
3332 2109 3778 2172 Damianum,et
3799 2108 3902 2162 illic

2280 2206 2458 2254 totam
2496 2209 2720 2254 noctem
2749 2201 2961 2272 peregi.
2995 2200 3166 2254 Venit
3193 2199 3391 2268 itaque
3431 2215 3562 2254 sero
3596 2215 3740 2253 anus
3765 2214 3905 2268 qua:-

2277 2291 2408 2344 dain
2442 2305 2508 2345 ex
2537 2290 2762 2345 Galatia
2790 2291 3072 2361 Phrygiae,
3105 2296 3162 2345 et
3199 2289 3376 2343 dabat
3423 2289 3701 2344 omnibus
3729 2286 3819 2358 qui
3853 2287 3904 2340 in

2277 2385 2389 2433 tem
2404 2378 2494 2448 plo
2522 2386 2688 2432 erant
2717 2380 2832 2433 duo
2851 2378 3225 2433 minutazdie
3257 2378 3434 2449 igitur
3455 2379 3709 2448 quadam
3727 2377 3906 2447 neptis

2279 2484 2428 2534 mea,
2460 2473 2515 2520 et
2549 2467 2876 2522 tidelissimi
2907 2468 3276 2538 imperatoris
3301 2467 3584 2531 Mauritii,
3608 2465 3904 2521 veniensin

2275 2561 2532 2611 sanctam
2566 2556 2858 2610 civitatem
2890 2555 3170 2612 orationis
3201 2557 3410 2627 gratia,
3441 2555 3659 2627 egitibi
3699 2569 3902 2609 annum

2277 2644 2592 2716 integrum.
2618 2645 2921 2715 Assumpsi
2944 2660 3081 2716 ergo
3100 2662 3248 2709 eam,
3274 2648 3331 2699 et
3351 2644 3566 2698 adduxi
3592 2644 3659 2698 ad
3685 2657 3903 2698 sanetos

2277 2734 2548 2788 Cosmum
2571 2734 3013 2788 etDamianum.
3038 2739 3180 2788 Lâ€˜um
3209 2733 3386 2803 igitur
3417 2733 3477 2787 in
3495 2733 3745 2788 oratorio
3767 2746 3907 2786 esse-

2278 2838 2434 2888 mus,
2467 2823 2558 2876 aio
2590 2832 2850 2894 cognatae
2873 2840 3048 2878 meze:
3076 2823 3236 2886 Vide,
3266 2821 3406 2892 tilia,
3431 2823 3575 2894 quia
3597 2821 3906 2877 venitanus

2278 2911 2543 2981 quaedam
2570 2913 2718 2965 dans
2748 2912 2863 2965 duo
2889 2912 3113 2965 minuta
3138 2915 3227 2978 (ea
3245 2913 3398 2966 enim
3427 2912 3568 2966 mihi
3593 2912 3800 2982 saepius
3820 2910 3906 2964 de-

2278 3002 2486 3069 derat),
2505 3017 2671 3055 sume
2690 3000 2888 3064 illa,ne
2903 2999 3231 3072 superbiae.
3255 2999 3362 3054 Illa
3393 3007 3591 3056 autem
3610 3000 3907 3072 indignans

2279 3089 2527 3144 dicebat:
2562 3089 2902 3145 Mandatum
2938 3090 3118 3144 habeo
3177 3089 3468 3160 accipere?
3505 3091 3667 3144 Tunc
3714 3088 3824 3144 dixi
3862 3088 3908 3143 ei

2278 3179 2484 3244 Etiam,
2503 3179 2695 3248 accipe
2718 3198 2737 3245 ;
2757 3177 2964 3232 mulier
2985 3178 3139 3232 enim
3160 3183 3359 3232 sancta
3380 3183 3470 3233 est.
3496 3185 3551 3234 et
3574 3195 3792 3246 magna:
3809 3177 3909 3231 vir-

529 3257 586 3306 et
622 3258 879 3321 lempore
901 3255 1115 3305 sanctis
1137 3251 1570 3305 communionis
1594 3252 1720 3304 veni
1739 3251 1806 3304 ad
1827 3266 1939 3315 me,
1963 3259 2010 3302 et
2036 3265 2164 3320 per-

2282 3269 2461 3323 tutis:
2501 3245 2797 3321 totaâ€”enim
2836 3267 3200 3322 hebdomada
3227 3269 3476 3337 jejunat,
3526 3273 3583 3321 et
3639 3265 3908 3338 quidquid

529 3356 686 3412 gain.
703 3339 1382 3408 Mausititaquesenenex
1401 3340 1455 3392 in
1473 3338 1786 3394 cellula.C.u
1801 3356 1851 3391 m
1869 3344 2060 3391 autem
2079 3340 2172 3391 ad-

527 3429 785 3482 venisset
813 3434 1044 3495 tempus
1075 3433 1288 3480 sancta:
1303 3429 1740 3482 communionis
1762 3431 1815 3480 in
1835 3433 2038 3481 sancta
2061 3427 2174 3480 lte-

528 3516 914 3582 surrectione,
948 3515 1218 3570 inventus
1255 3520 1342 3569 est
1364 3532 1539 3571 senex
1575 3533 1750 3586 prope
1778 3515 2174 3584 archiepisco-

530 3606 673 3660 bum
707 3605 942 3658 beatum
970 3607 1229 3664 Petrum.
1259 3604 1360 3674 qui
1392 3605 1639 3675 praihuit
1670 3605 1751 3658 illi
1778 3621 1908 3660 cum
1940 3605 2175 3676 presby-

530 3694 672 3749 teris
687 3698 948 3747 sanctam
967 3693 1465 3749 communionem.
1498 3694 1716 3749 Videas
1731 3694 2051 3765 igitureum
2078 3710 2176 3763 pa-

532 3781 811 3845 triarcha.
835 3782 1170 3838 dixitMenae
1193 3782 1448 3854 syncello
1471 3800 1574 3838 seu
1599 3783 1880 3838 assessori
1915 3800 2018 3838 suo
2043 3785 2178 3849 ('29):

532 3872 776 3937 Quando
801 3873 961 3925 venit
989 3871 1172 3924 abbas
1205 3872 1421 3925 montis
1452 3873 1590 3927 Sina
1612 3873 1640 3926 â€˜?
1699 3873 2014 3942 Respondit
2045 3873 2175 3925 ille:

537 3961 642 4016 Per
673 3965 967 4015 orationes
997 3965 1237 4026 vestras,
1270 3960 1526 4027 domine,
1553 3978 1664 4015 non
1699 3961 1811 4014 vidi
1847 3961 2010 4014 illum
2064 3960 2177 4014 nisi

535 4067 689 4104 nunc
704 4049 1094 4103 solummodo.
1110 4049 1191 4102 'Iâ€˜u
1205 4066 1270 4101 nc
1285 4051 1367 4102 ait
1387 4050 1736 4119 patriarcha:
1756 4049 1950 4103 Dicilti
1987 4055 2176 4104 utnon

533 4140 788 4204 recedat;
817 4137 942 4191 volo
966 4139 1118 4192 enim
1154 4143 1218 4190 ut
1241 4154 1468 4191 mecum
1494 4144 1689 4193 sumat
1707 4138 2178 4194 cihum.lllevero

533 4228 826 4296 prolectus
861 4227 913 4278 id
938 4225 1083 4278 dixit
1125 4227 1273 4278 seni.
1327 4229 1429 4291 Qui
1461 4229 1578 4282 ait:
1613 4227 1893 4282 Voluntas
1922 4229 2015 4283 Dei
2054 4230 2176 4285 fiat.

531 4322 671 4370 Cum
706 4330 842 4385 ergo
865 4330 1040 4368 senex
1063 4314 1384 4370 dimisisset
1409 4332 1678 4387 synaxes,
1703 4319 1939 4373 adorato
1974 4322 2178 4372 sancto

530 4407 937 4466 monumento,
972 4403 1242 4458 inventus
1266 4410 1354 4459 est
1377 4405 1434 4459 in
1459 4405 1666 4460 cellula
1701 4423 1829 4460 sua.
1857 4410 1921 4460 Et
1944 4424 2074 4462 ecce
2097 4407 2184 4461 div

534 4491 802 4564 scipulus
833 4490 1022 4562 ipsius
1047 4491 1320 4562 pulsavit,
1350 4499 1408 4548 et
1457 4494 1638 4548 dixit:
1695 4496 1877 4564 Pater,
1928 4496 2082 4562 veni,
2116 4499 2181 4551 ut

2279 3358 2336 3410 in
2374 3357 2739 3409 hebdomade
2773 3355 3044 3409 laborans
3071 3357 3349 3424 lucratur,
3383 3363 3584 3428 erogat
3610 3357 3702 3411 his
3732 3355 3825 3428 qui
3857 3355 3906 3408 in

2281 3444 2498 3516 templo
2533 3444 2932 3498 inveuiuntur.
2968 3445 3066 3499 Est
3097 3450 3290 3500 autem
3327 3445 3502 3500 vidua
3533 3445 3701 3518 quasi
3741 3460 3910 3498 anno-

2283 3550 2410 3588 rum
2438 3533 2934 3603 octoginta.Sume
2956 3533 3264 3604 igiturduo
3290 3535 3542 3602 minuta,
3575 3540 3631 3588 et
3653 3535 3725 3588 da
3747 3532 3910 3587 illatu

2284 3641 2517 3694 quoque
2550 3622 2735 3677 alteri:
2774 3627 3000 3677 tantum
3026 3639 3096 3678 ne
3128 3639 3372 3694 respuas
3389 3623 3724 3679 anusistius
3751 3619 3911 3676 sacri-

2285 3715 2506 3767 ï¬cium.
2541 3713 2654 3768 Ista
2687 3713 2854 3767 nobis
2889 3711 3291 3782 loquentibus,
3322 3729 3452 3768 ecce
3481 3729 3671 3768 annus
3694 3711 3914 3766 veniens

2285 3805 2400 3857 duo
2434 3805 2660 3856 minuta
2689 3803 3002 3872 erogabat;
3038 3802 3395 3872 veniensque
3425 3802 3590 3856 dedit
3621 3799 3759 3856 mihi
3790 3812 3910 3852 cum

2286 3892 2446 3947 enini
2479 3890 2748 3951 silentio;
2771 3891 2930 3946 dedit
2952 3896 3148 3946 autem
3182 3897 3235 3945 et
3271 3891 3426 3960 ucpti
3476 3908 3638 3961 meai,
3689 3890 3912 3943 dicens:

2283 3984 2493 4051 Accipe
2524 3980 2659 4042 ista,
2691 3985 2747 4033 et
2779 3981 3036 4035 comede.
3071 3981 3213 4035 Cum
3247 3997 3383 4050 ergo
3406 3980 3669 4044 abiisset,
3693 3977 3915 4050 agnovi-

2287 4085 2419 4124 mus
2452 4071 2604 4138 quod
2640 4068 2793 4123 Deus
2820 4069 2904 4123 illi
2938 4069 3251 4124 revelasset
3279 4069 3432 4140 quod
3455 4069 3738 4135 dixeram,
3766 4066 3835 4130 ei,
3859 4067 3916 4118 ut

2287 4157 2572 4224 acciperet
2602 4167 2654 4210 et
2675 4157 2839 4209 alteri
2874 4160 3116 4227 pauperi
3147 4158 3328 4212 daret.
3364 4157 3527 4213 Misit
3559 4157 3732 4228 igitur
3753 4167 3916 4209 unum

2286 4245 2794 4316 expuerissuis,et
2817 4246 3131 4300 deduobus
3166 4245 3409 4301 minutis
3441 4246 3586 4302 emit
3617 4245 3919 4317 lupinos,et

2287 4335 2556 4388 comedit.
2585 4336 2973 4389 Asseverabat
3004 4339 3200 4389 autem
3235 4351 3426 4390 coram
3455 4335 3574 4391 Deo
3606 4336 3916 4401 dicens,eos

2290 4426 2568 4494 tanquam
2602 4423 2712 4478 mel
2746 4423 2947 4478 dulces
2982 4424 3182 4494 fuisse,
3211 4425 3288 4480 ita
3315 4429 3374 4479 ut
3398 4425 3712 4480 miraretur
3732 4428 3784 4478 et
3804 4420 3916 4495 glo-

2288 4512 2539 4568 riticaret
2570 4519 2776 4581 Deum,
2803 4513 2901 4583 qui
2936 4513 3036 4567 dat
3064 4514 3310 4585 gratiam
3347 4514 3530 4570 servis
3560 4513 3705 4570 suis.

532 4579 1154 4637 communices.Senex
1168 4597 1299 4636 vero
1323 4583 1614 4653 profectus
1637 4583 1694 4638 in
1719 4581 2027 4638 ecclesiam
2046 4600 2174 4638 cum
2213 4605 2260 4666 D

529 4669 820 4741 discipulo
853 4685 983 4733 suo,
1017 4670 1229 4724 iterum
1255 4673 2174 4743 sumpsitvenerandamysteria.

527 4764 734 4815 Petrus
765 4762 959 4812 autem
991 4757 1468 4831 archiepiscopus
1499 4761 2066 4833 contristatus,quod
2088 4761 2171 4816 illi

528 4849 875 4905 inobedicns
910 4846 1134 4914 fuisset,
1172 4853 1302 4918 post
1324 4848 1755 4905 solemnitatem
1782 4851 2026 4920 misitgad
2053 4851 2174 4920 epi-

527 4955 770 5011 scopum
796 4936 959 4991 Phari
986 4937 1255 4992 abbatem
1285 4938 1775 5003 Photinum,etad
1805 4946 1995 5010 patres
2014 4939 2176 5003 Sina,

531 5036 595 5084 ut
626 5030 898 5083 abbatem
932 5026 1002 5081 ad
1030 5041 1088 5080 se
1125 5027 1435 5083 mitterent.
1461 5029 1599 5084 Cum
1635 5047 1769 5100 ergo
1802 5029 2054 5084 venisset
2081 5031 2178 5099 qui

533 5117 802 5172 attulerat
820 5115 1062 5180 litteras,
1081 5116 1617 5187 dedissetqucillns,
1633 5119 1786 5172 misit
1803 5126 1856 5172 et
1873 5135 2043 5172 senex
2063 5123 2176 5172 tres

533 5205 1209 5277 presbyteros,abbatem
1237 5206 1462 5260 scilicet
1484 5208 1843 5278 Stephanum
1873 5209 2174 5278 Cappado-

532 5310 681 5360 cem,
703 5309 978 5363 magnum
1006 5293 1170 5347 illum
1195 5294 1404 5358 virum,
1430 5298 1599 5362 cuius
1622 5303 1678 5349 et
1702 5315 1878 5367 supra
1904 5297 2170 5351 memini~

533 5399 666 5436 mus
701 5387 852 5452 (Cap.
891 5383 1035 5451 4'32);
1073 5389 1125 5435 ct
1154 5383 1423 5437 abbatem
1459 5385 1781 5454 Zosimum,
1807 5387 1976 5455 cujus
2000 5387 2174 5439 etiam

535 5472 810 5542 superius
843 5471 1194 5524 mentionem
1226 5472 1471 5526 iecimus
1495 5475 1643 5544 (Cap.
1675 5477 1808 5538 133),
1831 5481 1884 5527 ct
1907 5476 2175 5529 abbatem

535 5559 854 5616 Dulcitium
882 5559 1231 5626 Romanum,
1261 5563 1329 5613 ad
1353 5563 1769 5632 patriarcham,
1799 5563 2178 5635 purgavitqne

543 5665 603 5704 se
633 5649 826 5720 ipsum
851 5647 1046 5702 senior
1066 5649 1324 5703 scribens
1348 5668 1413 5705 ac
1445 5653 1682 5707 dicens:
1716 5654 1879 5707 Absit
1911 5669 1942 5707 a
1966 5669 2076 5718 me,
2101 5655 2176 5707 mi

545 5737 782 5792 domine
805 5736 1196 5805 sanctissime,
1234 5743 1293 5792 ut
1325 5746 1592 5796 sanctum
1627 5740 1902 5812 angelum
1934 5745 2186 5799 vestrum

2822 4655 3046 4710 CAPUT
3093 4655 3395 4711 CXXVIII.

2261 4746 2418 4798 Vita
2459 4744 2711 4815 Adelphii
2758 4746 2999 4815 episcopi
3045 4745 3320 4814 Ara/leui,
3368 4749 3420 4801 et
3449 4745 3517 4800 de
3547 4746 3700 4802 beato
3727 4746 3923 4800 Joanne

2929 4818 3298 4887 Chysostomo.

2358 4939 2723 4994 Pcrreximus
2752 4940 2821 4993 ad
2857 4939 3126 4994 abbatem
3157 4939 3544 4995 Athanasium
3569 4941 3623 4994 in
3647 4939 3925 4994 monaste-

2288 5031 2436 5086 rium
2473 5032 2657 5085 sancti
2697 5031 2882 5084 l'atris
2915 5033 3096 5085 nostri
3130 5034 3316 5095 Sabae,
3341 5033 3714 5104 narravitque
3744 5027 3920 5089 nobis,

2288 5120 2508 5174 dirvns:
2525 5122 2729 5174 Audivi
2761 5123 3040 5174 referente
3055 5121 3261 5175 abbate
3277 5119 3924 5191 Athenogeneepiscopo

2292 5210 2488 5271 lâ€™ctraâ€˜,
2525 5210 2642 5262 tilio
2676 5210 2984 5263 abbatissa:
3022 5211 3330 5277 Damianw,
3369 5211 3480 5264 tale
3514 5208 3770 5280 aliquid:

2363 5299 2614 5352 Fratrem
2655 5298 2852 5351 habuit
2887 5298 3014 5352 avia
3036 5315 3164 5353 mea
3193 5299 3442 5366 J0anna,
3477 5299 3711 5353 nomine
3759 5291 3923 5349 Adcl-

2292 5388 2513 5458 pliium,
2550 5388 2892 5458 cpisrnpum
2916 5390 2946 5440 Î‘
2961 5404 3010 5440 ra
3025 5388 3200 5452 bessi,
3230 5405 3481 5443 sororem
3501 5403 3732 5459 quoque
3755 5385 3920 5437 abba-

2292 5481 2493 5531 tissam
2535 5475 2867 5530 monasterii
2888 5477 3222 5531 mulierum.
3255 5479 3516 5542 Quadam
3539 5494 3669 5530 vero
3687 5475 3776 5529 die
3791 5471 3926 5526 abiit

2290 5567 2600 5636 episcopus
2635 5567 2701 5618 ad
2731 5565 3153 5619 monasterium
3173 5559 3924 5635 visitandzesororisgratia-

2291 5655 2359 5708 Et
2388 5670 2518 5707 cum
2541 5654 2784 5708 intraret
2803 5654 3010 5708 atrium
3035 5655 3556 5721 monasterii,viilit
3583 5655 3726 5708 901
3754 5664 3918 5706 unam

2292 5745 2360 5800 de
2393 5744 2691 5799 sororibus
2725 5761 2754 5798 a
2776 5745 3036 5800 daemone
3067 5750 3416 5818 correptam,
3447 5746 3576 5801 etin
3603 5744 3921 5816 pavimento
