4180 6338
306 416 419 473 185

1616 424 1921 479 PRATUM
1958 422 2292 479 SPIRITUA
2303 424 2409 476 LE.

3618 421 3723 477 186

306 543 653 615 projeotam.
709 545 1046 602 Convooans
1104 547 1286 620 igitur
1344 548 1655 619 episCOpus
1702 562 1958 602 sororem
1992 548 2043 614 Α
2078 562 2254 617 quam
2278 564 2431 604 unus
2454 549 2578 603 sine
2602 548 2782 604 altero
2806 547 3259 619 proficiscentes.
3284 549 3545 615 Quadam
3583 561 3719 619 ergo

302 652 492 702 suam,
524 637 605 690 ait
635 636 757 691 illi:
794 637 1063 694 Placetne
1094 641 1201 695 tibi
1254 646 1317 695 ut
1349 657 1514 695 soror
1544 642 1655 695 ista
1687 640 1963 712 pertube-

302 730 399 780 tur
432 743 467 780 a
496 726 781 791 daemone,
814 733 869 782 et
915 728 1384 785 dehonestetur?
1420 736 1503 784 An
1546 729 1776 796 ignoras
1828 729 1965 801 quia

293 816 587 886 judicium
611 822 807 887 portas
821 820 1085 873 omnium
1105 836 1396 885 sororum,
1414 825 1478 875 ut
1499 820 1963 882 abhatissa‘IQuaa

298 905 444 957 dixit
468 904 515 958 ci
544 905 647 958 :Et
676 922 779 976 ego
804 907 943 978 quid
974 924 1213 979 possum
1237 909 1424 964 facere
1444 909 1723 965 adversus
1748 909 1965 963 daemo-

306 1010 439 1048 nem
467 995 494 1047 ?
525 993 848 1067 Episcopus
878 1003 1073 1051 autem
1110 1014 1345 1053 rursum
1385 999 1530 1053 dixit
1587 1000 1636 1053 ei
1667 1015 1678 1052 :
1712 999 1777 1053 Et
1823 998 1959 1069 quid

298 1082 395 1137 hic
433 1087 519 1137 tot
580 1082 751 1138 annis
809 1084 997 1140 facis?
1056 1087 1347 1158 Factaque
1400 1087 1682 1156 oratione,
1737 1087 1963 1159 episco-

295 1188 409 1244 pus
470 1176 838 1229 mundavita
901 1177 1165 1231 daemone
1226 1195 1479 1233 sororem
1518 1178 1699 1233 illam.

371 1263 603 1317 Rursus
639 1263 790 1318 idem
827 1265 1011 1320 abbas
1043 1267 1399 1322 Athanasius
1423 1268 1681 1323 narravit
1704 1268 1869 1323 nobis
1894 1270 1962 1323 de

293 1352 499 1405 eodem
538 1352 813 1424 episcopo
844 1355 1153 1426 Adelphio,
1173 1356 1395 1423 dicens,
1423 1374 1549 1413 sese
1572 1358 1959 1413 venerabilem

290 1439 589 1495 Joannam
624 1459 881 1497 sororem
916 1443 1105 1515 ipsius
1149 1447 1231 1499 ita
1284 1448 1627 1500 reterentem
1684 1448 1957 1501 audisse:

294 1529 446 1583 Cum
486 1532 907 1587 sanctissimus
942 1535 1254 1606 episc0pus
1278 1536 1959 1607 ConstantinOpolitanus

292 1618 557 1675 Joannes
580 1622 1029 1693 Chrysostomus
1048 1623 1106 1677 in
1133 1624 1423 1679 Cususum
1451 1625 1505 1677 in
1532 1625 1798 1679 exsilium
1825 1625 1957 1680 mis-

294 1718 527 1778 susest,
550 1711 607 1763 in
639 1712 812 1766 domo
839 1716 1041 1767 nostra
1065 1713 1300 1767 mansit.
1323 1713 1397 1767 Ex
1424 1713 1730 1785 hooigitur
1752 1715 1954 1786 ingen-

294 1804 409 1853 tem
441 1816 552 1853 con
568 1800 866 1855 ﬁdentiam
884 1806 941 1855 et
960 1802 1303 1856 cbaritatem
1321 1802 1640 1857 habuimus
1655 1804 1723 1858 ad
1747 1803 1953 1857 Deum.

292 1887 536 1944 Dicebat
565 1905 703 1970 ergo
731 1889 908 1944 frater
931 1906 1097 1946 meus
1120 1890 1439 1963 Adelphius
1464 1908 1477 1945 :
1504 1892 1647 1947 Cum
1672 1893 1729 1946 in
1750 1892 1953 1947 exsilio
1983 1922 2029 1987 Β

291 1983 485 2031 mortu
499 1995 573 2032 us
586 1983 741 2033 esset
764 1979 1000 2033 beatissi
1014 1981 1296 2036 musJoan
1308 1997 1429 2047 nes,
1446 1981 1700 2036 dolorem
1730 1982 1944 2053 pertuli

284 2066 718 2134 incredibilem,
743 2071 893 2139 quod
917 2068 1050 2124 talis
1073 2085 1136 2122 ac
1160 2074 1357 2123 tantus
1384 2073 1489 2135 vir,
1518 2071 1793 2142 orbisque
1822 2088 1942 2126 ma-

283 2155 823 2226 gister,lmtiﬁcans
865 2158 1177 2213 Ecclesiam
1211 2159 1307 2213 Dei
1332 2177 1363 2214 a
1395 2158 1605 2214 throno
1642 2178 1748 2214 suo
1781 2161 1945 2216 exsul

282 2246 608 2300 defunctus
631 2252 745 2304 est.
771 2246 1136 2318 Deprecabar
1176 2249 1551 2320 ergo,inquit,
1586 2250 1769 2305 Deum
1812 2267 1943 2306 cum

286 2334 499 2388 multis
536 2333 837 2407 lacrymis,
872 2342 935 2391 ut
967 2337 1274 2393 ostendere
1304 2338 1445 2392 mihi
1494 2339 1851 2411 dignaretur,
1888 2341 1944 2395 in

282 2440 395 2493 quo
425 2429 595 2478 statu
620 2429 794 2490 esset,
820 2430 875 2479 et
896 2443 968 2479 an
994 2442 1127 2480 cum
1156 2426 1502 2495 patriarcbis
1523 2429 1946 2485 adnumeratus

281 2516 456 2567 esset.
481 2513 631 2568 Cum
664 2530 799 2583 ergo
832 2514 1057 2570 diutius
1080 2532 1363 2582 orassem,
1391 2516 1447 2571 in
1471 2516 1686 2572 exstasi
1708 2518 1949 2573 effectus

280 2618 437 2670 sum,
466 2602 794 2673 aspexique
818 2604 1005 2657 virum
1033 2603 1209 2658 nimis
1232 2606 1583 2675 speciosum,
1610 2607 1709 2678 qui
1746 2613 1947 2663 tenens

282 2708 532 2746 manum
554 2692 851 2745 dexteram
873 2709 1083 2758 meam,
1100 2693 1450 2749 adduxitme
1466 2694 1522 2749 in
1538 2695 1729 2751 locum
1749 2714 1949 2767 quem-

276 2781 409 2835 dam
429 2780 733 2835 illustrem
746 2780 1197 2851 etgloriosissim
1211 2785 1787 2855 um,ostendehatque
1804 2786 1948 2842 mihi

285 2869 551 2925 ecclesiae
577 2872 859 2925 doctores.
878 2870 993 2941 Ego
1016 2888 1148 2927 vero
1171 2872 1734 2945 circumspiciebam,
1757 2878 1948 2932 videre

287 2960 1088 3031 quaerensquemcupieham,
1107 2962 1676 3032 magnumJoannem
1696 2965 1945 3021 dilectis-

280 3050 502 3105 simum
533 3064 757 3103 meum.
782 3052 923 3103 Cum
940 3066 1075 3121 ergo
1097 3052 1455 3108 ostendisset
1476 3055 1616 3109 mihi
1642 3072 1867 3123 omnes,
1894 3061 1950 3110 et

216 3181 221 3187 .
288 3137 777 3208 uniuscujusque
806 3139 1106 3211 proprium
1144 3156 1351 3195 nomen
1388 3142 1790 3213 expressisset,
1818 3162 1946 3198 rur-

2072 635 2165 690 die
2189 637 2364 705 venit,
2394 639 2688 692 nesciente
2712 638 2866 693 socio
2913 655 3041 705 suo,
3062 637 3208 692 alter
3231 640 3297 692 ad
3322 639 3486 693 illum
3514 658 3526 706 ;
3554 654 3720 692 cum-

2073 740 2185 794 que
2218 726 2411 796 plures
2438 728 2608 782 horas
2633 727 3172 797 pulsaretjanuam,
3198 727 3383 781 noluit
3424 727 3504 780 illi
3541 742 3717 782 senex

2072 814 2314 883 aperire,
2340 815 2418 869 ita
2454 822 2514 869 ut
2538 814 2827 869 illctzedio
2860 815 3121 868 devictus
3169 822 3571 869 reverteretur.
3611 819 3718 869 Rc-

2070 902 2311 956 vertenti
2335 909 2526 957 autem
2555 904 2808 959 occurrit
2839 904 3060 957 amicus
3082 904 3485 975 cjus,pergens
3507 910 3562 958 et
3592 905 3716 975 ipse

2071 994 2141 1048 ad
2168 995 2451 1066 Stylitem,
2477 1012 2827 1065 rursuu-que
2854 996 3077 1049 reduxit
3098 1012 3230 1048 eum
3256 1012 3477 1057 secum,
3504 1002 3566 1048 ut
3588 1011 3713 1049 am-

2075 1086 2147 1141 bo
2194 1086 2367 1140 simul
2425 1088 2872 1158 ingrederentur
2919 1088 2986 1141 ad
3016 1103 3235 1141 senem.
3262 1086 3403 1141 Cum
3428 1102 3563 1156 ergo
3586 1086 3712 1154 pul-

2068 1179 2267 1228 sarent
2294 1177 2557 1244 ianuam,
2592 1174 2892 1229 mandavit
2930 1189 3106 1228 senex
3163 1179 3228 1227 ut
3270 1174 3370 1244 qui
3426 1176 3713 1244 posterior

2066 1276 2319 1333 venerat,
2374 1264 2777 1335 ingrederetur
2833 1264 3016 1318 solus.
3074 1268 3484 1335 Ingressusque
3530 1268 3714 1335 posto-

2069 1353 2186 1407 rior
2220 1354 2388 1423 rmpit
2413 1370 2615 1425 rogare
2635 1370 2853 1420 senem,
2880 1359 3019 1407 utet
3045 1353 3195 1407 alius
3227 1353 3510 1407 introiret.
3529 1355 3711 1406 Senex

2064 1448 2257 1499 autem
2290 1444 2435 1497 dixit
2464 1444 2512 1498 ei
2547 1460 2608 1498 se
2641 1460 2754 1498 non
2784 1459 2950 1511 posse
2976 1443 3142 1496 illum
3176 1442 3705 1513 suscipere.Perse-

2064 1532 2284 1587 veranti
2305 1548 2436 1587 vero
2466 1539 2521 1587 et
2542 1550 2641 1602 per
2667 1534 2915 1587 multam
2933 1531 3136 1585 horam
3162 1530 3497 1602 deprecanti
3517 1531 3704 1585 aitse-

2065 1622 2363 1677 nex:Deus
2380 1621 2544 1676 illum
2562 1628 2878 1687 aversatur,
2902 1621 3069 1687 ﬁli,et
3090 1638 3194 1692 ego
3223 1621 3387 1675 illum
3409 1622 3708 1690 suscipere

2063 1728 2175 1766 non
2196 1727 2456 1783 pessum.
2473 1717 2733 1783 Cumque
2749 1712 2816 1766 ad
2836 1711 3065 1783 propria
3082 1711 3711 1781 rediissent,postduos

2064 1800 2746 1857 diesilledel‘unetusest.

2626 1905 2857 1961 CAPUT
2905 1905 3134 1961 CXXX.

2059 1994 2469 2050 Admonitiones
2481 1995 2694 2050 abbatis
2708 1994 3013 2059 Athanasii,
3030 1999 3081 2049 et
3102 1993 3380 2049 mirabilis
3397 1993 3513 2063 ejus
3544 1993 3703 2049 visio.

2129 2084 2367 2139 Dicebat
2423 2084 2576 2138 idem
2640 2085 2821 2139 abbas
2870 2084 3487 2139 Athanasius:Patres
3519 2081 3705 2138 nostri

2058 2174 2500 2237 continentiam,
2534 2177 2589 2227 et
2646 2178 3071 2245 paupertatem,
3106 2190 3171 2227 ac
3229 2174 3581 2241 nuditatem,
3616 2188 3708 2226 re-

2060 2280 2188 2318 rum
2224 2266 2485 2319 omnium
2522 2282 2708 2335 usque
2740 2266 2808 2319 ad
2858 2269 3105 2320 mortem
3158 2270 3534 2319 servaverunt
3559 2284 3572 2331 ;
3599 2280 3708 2319 nos

2056 2358 2250 2408 autem
2284 2359 2516 2408 ventres
2547 2358 2777 2408 nostros
2808 2359 2859 2409 et
2894 2370 3201 2409 crumenas
3231 2353 3630 2409 dilatavimus.

2132 2443 2284 2496 Dixit
2314 2443 2521 2497 iterum
2558 2460 2766 2496 senex:
2796 2444 2913 2497 Sub
2946 2443 3213 2497 Patribus
3243 2442 3457 2496 nostris
3488 2443 3544 2494 in
3580 2447 3711 2494 stu-

2060 2531 2155 2586 dio
2201 2536 2341 2599 erat,
2375 2532 2785 2586 distractiones
2843 2530 3023 2586 animi
3056 2532 3269 2595 vitare;
3306 2531 3520 2585 uestris
3570 2546 3704 2585 vero

2060 2621 2426 2691 temporibus
2458 2620 2572 2674 olla
2602 2620 2874 2688 obtinuit,
2908 2625 2964 2675 et
2985 2637 3133 2690 opus
3167 2636 3471 2673 manuum.

2132 2710 2402 2764 Narravit
2434 2710 2602 2765 nobis
2631 2714 2686 2763 et
2714 2710 2867 2764 istud
2903 2710 3084 2764 abbas
3116 2708 3472 2763 Athanasius
3519 2708 3589 2762 de
3620 2724 3706 2774 se,

2060 2799 2254 2863 Venit,
2287 2800 2584 2870 inquiens,
2622 2798 2761 2852 mihi
2790 2798 3102 2868 aliquando
3134 2798 3427 2867 cogitatio,
3461 2798 3661 2851 dicens
3692 2814 3704 2850 :

2061 2889 2206 2954 Quid
2244 2893 2415 2959 putas
2447 2888 2558 2943 erit
2589 2888 2953 2943 certantibus
2975 2892 3029 2941 ct
3052 2904 3163 2941 non
3198 2888 3561 2942 certantibus
3585 2886 3612 2939 ‘I
3640 2890 3708 2941 Et

2060 2995 2193 3034 cum
2227 2981 2414 3033 tactus
2447 2994 2636 3033 essem
2662 2978 2719 3031 in
2746 2978 3126 3041 extasi,venit
3149 2977 3219 3031 ad
3250 2993 3339 3032 me
3360 2976 3599 3047 quidam
3626 2976 3710 3030 di-

2061 3084 2198 3123 cens
2230 3068 2411 3122 mihi:
2444 3073 2694 3136 Sequere
2727 3084 2851 3133 me;
2881 3068 3239 3138 adduxitque
3274 3083 3363 3121 me
3418 3066 3474 3119 in
3503 3082 3705 3137 quem-

2062 3160 2195 3213 dam
2213 3158 2406 3213 locum
2432 3157 2672 3228 plenum
2704 3156 2947 3211 luminis
2971 3163 3028 3211 et
3050 3156 3266 3225 gloriae,
3295 3154 3592 3225 statuique
3616 3170 3707 3209 me

282 3245 384 3283 sus
412 3233 633 3282 tenens
658 3244 748 3283 me
781 3245 881 3299 per
905 3229 1373 3297 manum,cduxit
1398 3248 1489 3286 me
1514 3232 1811 3305 loras.Ego
1836 3252 1943 3289 au-

2062 3248 2225 3317 juxta
2250 3264 2425 3301 unam
2449 3248 2716 3316 januam,
2734 3246 2907 3315 cujus
2929 3246 3150 3315 species
3171 3245 3428 3299 enarrari
3453 3261 3566 3298 non
3593 3260 3696 3313 po-

278 3323 391 3372 tem
428 3318 735 3389 sequebar
756 3316 921 3371 illum
950 3318 1330 3390 tristis,quod
1357 3337 1468 3375 non
1503 3321 1779 3378 vidissem
1810 3340 1939 3379 cum

279 3408 559 3479 patribus
591 3412 647 3460 et
679 3406 943 3462 Ecclesiaa
985 3410 1282 3479 magistris
1343 3412 1574 3465 beatum
1630 3416 1938 3468 Joannem.

280 3496 421 3550 Cum
468 3496 667 3566 itaque
697 3497 1024 3567 egrederer,
1050 3498 1097 3551 is
1126 3499 1222 3568 qui
1246 3501 1712 3569 prmeratjanuae,
1737 3519 1939 3573 appre-

278 3586 561 3642 hendens
588 3603 680 3641 me
699 3588 842 3641 dixit
867 3588 1008 3642 mihi
1028 3604 1040 3642 :
1064 3590 1208 3655 Quid
1236 3590 1415 3646 habes
1437 3592 1464 3646 ?
1495 3592 1611 3646 Cur
1632 3593 1815 3647 tristis
1838 3594 1941 3649 es?

279 3693 462 3731 nemo
496 3693 761 3748 unquam
778 3676 1229 3749 hucingressus,
1248 3680 1809 3736 tristisexivit.Tunc
1826 3678 1940 3735 dixi

274 3765 386 3820 illi:
417 3770 557 3821 Haec
590 3766 734 3821 mihi
760 3783 934 3822 causa
962 3769 1227 3823 mmroris
1269 3773 1379 3834 est,
1405 3772 1554 3840 quod
1600 3774 1941 3828 amantissi~

272 3873 437 3910 mum
480 3856 595 3910 mei
630 3856 917 3911 Joannem
951 3859 1289 3929 episc0pum
1342 3862 1939 3931 Constantinopolita-

274 3962 413 3999 num
457 3962 576 4000 una
596 3962 727 3999 cum
756 3947 981 4000 caeteris
1001 3946 1340 4002 doctoribus
1380 3966 1491 4003 non
1518 3950 1656 4005 vidi.
1684 3950 1937 4006 Rursum

273 4035 419 4089 dixit
461 4034 605 4089 mihi
633 4035 953 4091 :Joannem
988 4036 1134 4090 dicis
1169 4038 1517 4107 poenitentia:
1550 4040 1756 4095 ducem
1782 4042 1808 4095 ?
1837 4043 1940 4096 Aio

275 4140 416 4193 ego:
453 4123 623 4179 Illum
677 4141 836 4179 sane.
872 4125 1255 4196 Rcspondens
1313 4132 1505 4182 autem
1569 4130 1713 4183 dixit
1764 4132 1936 4185 mihi:

277 4213 484 4285 Ipsum
521 4213 701 4268 homo
736 4213 792 4269 in
824 4230 994 4270 carne
1024 4215 1220 4270 vivens
1252 4217 1444 4271 videre
1479 4235 1588 4273 non
1626 4222 1831 4290 potest,
1868 4221 1940 4275 il~

276 4303 347 4357 lic
379 4304 547 4358 enim
584 4304 832 4371 assistit,
867 4304 962 4359 ubi
995 4304 1244 4359 thronus
1274 4310 1362 4362 est
1394 4308 1643 4361 Domini.

871 4419 1103 4475 CAPUT
1133 4420 1355 4477 CXXIX

767 4510 882 4564 Vita
910 4511 1197 4580 cujusdam
1226 4512 1465 4581 Stylilze.

2053 3343 2187 3391 test:
2204 3337 2589 3391 audiebamus
2608 3340 2800 3390 autem
2823 3334 3069 3389 interius
3089 3333 3252 3404 quasi
3279 3331 3704 3386 multitudinem

2052 3425 2540 3481 innumerabilem
2557 3424 2924 3479 laudantium
2944 3427 3146 3477 Deum.
3165 3428 3426 3491 Cumque
3445 3420 3705 3490 pulsare-

2052 3532 2209 3581 mus,
2246 3515 2466 3568 audivit
2496 3514 2790 3584 quispiam
2846 3514 3028 3576 intus,
3060 3518 3118 3566 et
3149 3511 3303 3566 902
3338 3510 3519 3565 dixit:
3549 3508 3695 3573 Quid

2052 3604 2267 3657 vultis?
2291 3603 2377 3657 Ait
2406 3604 2613 3657 ductor
2636 3619 2801 3657 meus
2824 3620 2836 3655 :
2863 3601 3092 3667 ingredi
3111 3600 3409 3654 volumus.
3437 3598 3702 3669 Respon-

2052 3694 2135 3745 dit
2169 3692 2302 3745 ille:
2337 3692 2459 3745 Non
2495 3692 2607 3745 huc
2654 3692 3013 3759 ingredietur
3072 3690 3364 3759 quispiam
3427 3688 3484 3741 in
3518 3686 3702 3757 negli-

2051 3781 2251 3852 gentia
2283 3784 2537 3850 degens;
2573 3781 2672 3835 sed
2702 3780 2747 3833 si
2784 3781 2999 3833 intrare
3028 3778 3229 3845 vultis,
3256 3776 3427 3842 abite,
3463 3781 3701 3842 certate,

2052 3870 2197 3924 nihil
2228 3871 2583 3924 aestimantes
2615 3870 2897 3922 vanitates
2917 3864 3135 3919 saeculi.

2619 3974 2849 4029 CAPUT
2878 3973 3121 4028 LXXXI.

2362 4066 2477 4121 Vita
2505 4064 2721 4120 abbatis
2751 4065 2963 4117 Zarha’i
2992 4072 3202 4117 sanctae
3232 4061 3385 4116 Sion.

2121 4156 2388 4211 Narravit
2410 4156 2579 4210 nobis
2610 4156 2927 4223 Procopius
2960 4150 3346 4208 scholasticus
3379 4149 3706 4221 Porphyre-

2050 4249 2237 4301 onites
2270 4246 2340 4299 de
2372 4246 2579 4299 abbate
2605 4243 2861 4307 Zachzeo,
2898 4242 3097 4296 dicens
3128 4242 3285 4295 :Duo
3329 4240 3435 4293 ﬁlii
3492 4241 3605 4295 mei
3645 4241 3703 4295 in

2050 4340 2305 4389 Caesarea
2325 4334 2614 4404 degebant
2640 4357 2653 4399 ;
2679 4332 2831 4386 facta
2853 4335 2939 4386 est
2967 4335 3162 4384 autem
3189 4329 3244 4383 in
3280 4328 3543 4383 Caesarea
3575 4346 3704 4384 ma-

2050 4444 2161 4497 gna
2181 4425 2525 4487 mortalitas,
2544 4440 2765 4495 egoque
2781 4423 3330 4493 atfligebarpropter
3348 4421 3497 4475 filios
3517 4438 3701 4489 meos,

2052 4532 2122 4569 ne
2143 4520 2527 4578 morerentur,
2546 4520 2601 4567 et
2625 4514 2964 4583 ignorabam
2991 4512 3129 4580 quid
3152 4526 3406 4580 agerem.
3422 4510 3700 4565 Dicebam

345 4609 552 4662 Abbas
577 4606 731 4661 idem
759 4607 1112 4662 Athanasius
1133 4610 1392 4665 narravit
1412 4610 1601 4677 nobis,
1625 4612 1860 4667 audisse
1880 4632 1943 4669 se
1977 4623 2018 4687 ι)
2054 4611 2247 4658 alitem
2271 4604 2330 4657 in
2357 4620 2446 4656 me
2474 4604 2599 4672 ἱρεο
2629 4619 2640 4655 ε
2666 4601 2724 4655 Si
2759 4601 2988 4655 mittam
3011 4606 3067 4653 ει
3099 4598 3377 4668 accipiam
3408 4614 3507 4652 908
3540 4599 3700 4665 inde.

276 4702 619 4751 narrantem
638 4697 906 4751 abbatem
924 4697 1359 4769 Athenogenem
1378 4701 1716 4770 episc0pum
1736 4704 1936 4771 Petrae,

279 4787 431 4854 quod
453 4786 513 4839 in
538 4785 836 4856 provincia
855 4802 960 4840 sua
976 4786 1396 4856 l'ueritStylites
1411 4790 1748 4859 quidam,ad
1768 4810 1939 4863 quem

277 4890 481 4929 omnes
500 4873 603 4945 qui
627 4874 959 4937 veniebant,
986 4876 1231 4929 inferius
1270 4882 1495 4932 stantes
1529 4877 1939 4948 loquebantur,

278 4980 342 5018 eo
360 4965 519 5035 quod
548 4979 661 5017 non
687 4963 1181 5019 haberetscalam.
1209 4966 1265 5019 Si
1301 4968 1533 5036 quando
1558 4968 1736 5038 igitur
1758 4970 1937 5026 dixis-

279 5062 368 5109 set
397 5053 481 5106 il‘.i
519 5054 738 5107 frater:
773 5051 913 5106 Volo
947 5053 1048 5106 tibi
1084 5054 1274 5107 dicere
1304 5056 1713 5125 cogitationem
1744 5077 1757 5124 ;
1784 5060 1936 5114 dice-

280 5144 376 5197 bat
411 5143 615 5213 etipse
647 5140 727 5195 illi
762 5141 1060 5197 lenivoce:
1082 5142 1222 5195 Veni
1252 5144 1322 5197 ad
1356 5146 1576 5215 gradus
1608 5146 1931 5215 columnas;

281 5231 524 5301 ibatque
558 5231 681 5300 ipse
711 5230 781 5283 ad
818 5229 991 5284 aliam
1026 5231 1311 5286 columnae
1346 5238 1567 5299 partem
1596 5252 1608 5300 ;
1634 5240 1689 5288 et
1735 5236 1811 5289 ita
1852 5236 1934 5291 lo-

284 5322 624 5389 quebantur
654 5324 883 5389 mutuo,
918 5321 1127 5390 Stylita
1155 5322 1389 5391 quidem
1416 5325 1688 5394 superius
1720 5330 1934 5391 stante,

283 5407 460 5459 fratre
493 5411 690 5459 autem
726 5407 989 5459 inferius.
1019 5406 1369 5461 Cmterorum
1402 5424 1537 5462 vero
1569 5411 1669 5480 qui
1701 5412 1935 5466 assiste-

277 5493 440 5557 bant,
472 5491 672 5545 nullus
704 5507 770 5544 ea
801 5507 929 5560 qua:
963 5492 1312 5546 dicebantur
1342 5494 1544 5547 audire
1578 5501 1823 5565 poterat.

352 5580 587 5630 Dicebat
619 5582 671 5630 et
707 5575 812 5630 hoc
845 5577 1027 5631 abbas
1048 5577 1457 5648 Athenogenes
1484 5581 1553 5634 de
1586 5582 1787 5635 eodem
1813 5587 1934 5653 Sty-

278 5663 404 5729 lita,
429 5666 582 5735 quod
603 5667 719 5719 duo
743 5665 1052 5720 saeculares
1075 5683 1137 5720 se
1163 5672 1367 5720 mutuo
1396 5668 1563 5722 valde
1595 5669 1928 5740 diligentes,

278 5754 599 5824 pergebant
618 5754 686 5807 ad
717 5768 849 5808 eum
874 5753 1074 5808 multis
1098 5756 1268 5809 annis
1288 5758 1457 5811 ambo
1480 5758 1677 5827 simul,
1704 5764 1758 5813 et
1777 5777 1926 5814 nun-

2051 4693 2197 4747 iram
2233 4692 2332 4747 Dei
2369 4696 2564 4759 fugere
2590 4690 2862 4759 possibile
2893 4706 3005 4742 non
3034 4692 3122 4743 est
3148 4706 3160 4753 ;
3189 4689 3288 4741 sed
3322 4687 3369 4741 si
3402 4688 3697 4741 dimittam

2049 4798 2147 4836 eos
2180 4781 2318 4843 illic,
2349 4782 2694 4843 morientur,
2728 4783 2785 4833 et
2843 4795 2955 4833 non
2989 4778 3193 4831 videbo
3234 4776 3383 4831 illos.
3416 4776 3701 4831 Nescicns

2050 4870 2246 4941 itaque
2280 4871 2417 4941 quid
2454 4885 2621 4940 agere
2650 4869 2947 4928 deberem.
2971 4867 3088 4921 dixi
3115 4883 3127 4920 :
3158 4865 3381 4920 Vadam
3414 4865 3483 4919 ad
3519 4865 3700 4918 abha-

2048 4964 2163 5013 tem
2196 4959 2522 5024 Zachasum,
2557 4964 2613 5012 et
2644 4957 2797 5026 quod
2858 4956 3069 5010 dixerit
3123 4956 3266 5009 mihi
3316 4954 3423 5008 hoc
3460 4954 3694 5010 faciam.

2050 5048 2275 5103 Perrexi
2312 5048 2488 5113 igitur
2520 5048 2574 5100 in
2611 5051 2870 5100 sanctam
2912 5046 3049 5099 Sion
3082 5046 3225 5113 (illic
3275 5044 3428 5096 enim
3463 5058 3699 5111 semper

2048 5138 2407 5207 morabatur)
2425 5142 2478 5190 et
2502 5153 2613 5190 non
2634 5135 2826 5189 inveni
2854 5132 3159 5189 eum.Veni
3186 5138 3379 5185 autem
3400 5131 3456 5184 in
3477 5130 3692 5185 atrium

2046 5238 2258 5281 sanctae
2290 5224 2594 5280 MariaeDei
2629 5223 2923 5295 geniticis,
2963 5229 3019 5277 et
3067 5221 3259 5275 inveni
3295 5218 3459 5274 illum
3492 5225 3694 5274 stran-

2046 5321 2162 5370 tem
2199 5318 2253 5368 in
2292 5314 2506 5385 angulo
2539 5315 2691 5375 atrii,
2716 5313 2949 5381 dixique
2981 5312 3061 5364 illi
3096 5312 3164 5364 de
3189 5310 3323 5363 ﬁliis
3358 5309 3520 5363 meis.
3546 5311 3689 5364 Cum

2044 5423 2180 5475 ergo
2210 5422 2300 5459 me
2331 5405 2613 5470 audisset,
2649 5403 2714 5455 ad
2753 5403 3044 5456 Orientem
3078 5415 3391 5454 conversus
3412 5404 3500 5453 est
3519 5405 3576 5453 et
3603 5398 3691 5453 in-

2042 5496 2231 5549 tendit
2256 5495 2310 5547 in
2335 5492 2541 5547 caelum
2570 5490 2760 5562 quasi,
2782 5508 2881 5560 per
2903 5491 3077 5543 horas
3100 5488 3427 5554 duas,nibil
3450 5488 3690 5543 omnino

2042 5584 2307 5654 loquens.
2340 5583 2503 5636 Tunc
2538 5596 2673 5635 vero
2706 5595 3021 5633 conversus
3070 5580 3137 5633 ad
3176 5594 3289 5643 me,
3326 5578 3470 5633 dixit
3500 5577 3642 5632 mihi
3671 5593 3683 5631 :

2040 5673 2296 5739 Contide,
2332 5687 2396 5725 ac
2430 5670 2547 5724 noli
2598 5668 2809 5739 al‘fligi;
2844 5667 2946 5721 lilii
2980 5668 3065 5721 tui
3124 5684 3239 5722 non
3273 5666 3595 5721 morientur
3625 5666 3683 5719 in

2039 5762 2145 5816 hac
2180 5768 2361 5833 peste,
2396 5761 2493 5815 sed
2530 5762 2585 5813 et
2617 5762 2746 5829 post
2779 5758 2925 5813 duas
2957 5758 3082 5812 dies
3114 5756 3373 5811 cessabit
3402 5756 3473 5810 de
3503 5759 3683 5809 Caesa-
