4180 6338
508 383 615 440 187

1709 390 1800 442 DE
1838 389 2029 443 VITIS
2067 388 2364 446 PATRUM
2401 392 2614 447 LIBER
2652 390 2727 444 Χ.
3804 387 3899 441 188

506 526 609 565 rea
641 509 986 565 mortalitas.
1020 510 1178 574 Quod
1213 514 1270 565 et
1302 510 1513 565 factum
1546 514 1635 567 est
1679 511 1850 581 juxta
1909 510 2150 567 verbum
2183 518 2235 585 Α
2267 512 2509 569 dianum
2542 512 2897 586 stipendium
2933 526 3140 567 novem
3173 508 3421 564 minuta.
3453 506 3735 564 Veniebat
3778 525 3905 582 ergo

507 599 690 663 senis,
724 604 790 654 Et
819 599 933 654 ista
985 600 1224 671 quidem
1284 600 1599 671 Procopius
1656 600 2065 670 scholasticus,
2100 607 2164 656 ut

508 688 649 760 dixi,
680 690 971 745 enarravit
1001 688 1193 744 nobis.

1060 796 1291 854 CAPUT
1323 796 1601 857 CXXXII.

1182 888 1256 941 De
1274 887 1483 943 eodem.

577 975 775 1030 Abbas
833 978 1026 1029 autem
1077 974 1421 1046 Cyprianus,
1457 982 1839 1049 cognomento
1887 979 2158 1049 Cuculas,

507 1064 679 1133 cujus
713 1062 1134 1117 monasterium
1160 1069 1248 1117 est
1270 1069 1429 1119 extra
1454 1071 1674 1136 portam
1702 1065 1993 1137 Caesareae,
2023 1084 2159 1121 nar-

511 1154 660 1207 ravit
683 1153 874 1216 nobis,
899 1169 1031 1207 cum
1058 1154 1126 1206 ad
1153 1153 1319 1209 illum
1342 1157 1730 1226 venissemus,
1754 1157 1953 1212 dicens
1978 1175 1990 1213 :
2013 1158 2157 1213 Cum

512 1244 771 1295 vastaret
802 1240 1003 1295 urbem
1037 1240 1206 1295 istam
1242 1258 1393 1297 saeva
1416 1242 1515 1298 illa
1544 1248 1600 1298 et
1631 1243 1921 1299 horrenda
1953 1251 2160 1301 morta-

507 1330 621 1395 tas,
656 1324 865 1379 inclusi
903 1327 1194 1397 meipsum
1224 1326 1279 1380 in
1310 1328 1456 1383 cella
1488 1345 1635 1400 mea,
1670 1330 1991 1401 deprecans
2043 1332 2156 1386 cle-

508 1412 789 1467 mentiam
823 1412 1074 1480 Domini,
1103 1417 1165 1468 ut
1191 1414 1375 1469 nostri
1410 1414 1788 1471 misereretur
1809 1420 1865 1471 et
1883 1422 2161 1473 averteret

508 1502 915 1557 imminentem
951 1502 1099 1557 iram
1129 1520 1142 1571 ;
1170 1503 1443 1574 venitque
1470 1504 1613 1559 mihi
1647 1522 1752 1560 vox
1784 1506 1986 1563 dicens
2010 1524 2023 1562 :
2046 1510 2157 1562 Ab-

508 1592 613 1648 bas
650 1593 925 1649 Zachzeus
957 1595 1179 1665 accepit
1209 1594 1360 1649 hanc
1396 1596 1669 1667 gratiam.

1052 1702 1286 1758 CAPUT
1316 1702 1609 1758 CXXXIII.

505 1797 583 1849 De
614 1796 801 1848 sancto
860 1793 1147 1869 yenacho,
1170 1796 1275 1869 qui
1328 1798 1695 1869 Saracenuin,
1726 1801 2040 1869 venatorem
2061 1813 2160 1869 per

850 1865 981 1921 duo:
1008 1866 1129 1921 dies
1156 1865 1493 1922 immobilem
1542 1866 1807 1922 reddidit.

575 1953 843 2009 Narravit
862 1959 1186 2010 Saracenus
1206 1955 1461 2026 gentilis,
1481 1972 1550 2010 ex
1569 1955 1660 2011 his
1678 1956 1779 2027 qui
1797 1956 1853 2011 in
1882 1956 2163 2016 Clismate

2191 1881 2239 1946 B

2270 619 2449 675 prope
2481 620 2572 659 me
2606 604 2662 657 in
2698 600 3121 659 monasterium
3151 598 3517 665 Eliotarum,
3553 598 3910 653 comedebat-

2271 709 2383 760 que
2409 693 2607 748 decem
2644 692 2835 749 solum
2889 690 3143 763 lupinos,
3179 692 3235 743 et
3268 690 3360 743 die
3418 691 3545 743 tota
3600 686 3911 745 laborabat.

2268 782 2411 837 Cum
2448 784 2642 855 itaque
2672 784 2905 839 fecisset
2936 782 3005 836 de
3038 779 3303 835 mercede
3335 795 3444 833 sua
3475 778 3704 833 minuta
3731 779 3914 833 numi-

2269 876 2525 926 smatum
2552 873 2752 938 trium,
2781 871 2861 925 ait
2886 870 3027 924 mihi
3056 886 3068 924 :
3096 869 3305 939 Accipe
3330 867 3607 938 pretium,
3632 873 3689 921 et
3710 866 3912 923 librum

2270 965 2326 1015 et
2358 962 2499 1016 valle
2530 962 2599 1016 ad
2636 960 2939 1016 dominum
2974 974 3188 1013 suum:
3223 963 3279 1012 et
3308 956 3355 1011 si
3390 956 3630 1028 quidem
3665 955 3783 1010 vult
3814 956 3915 1010 mi-

2269 1055 2432 1115 nuta,
2452 1050 2526 1104 da
2558 1048 2673 1117 illi;
2696 1051 2785 1104 sin
2818 1053 3017 1103 autem
3042 1065 3157 1102 non
3182 1047 3326 1113 vult,
3352 1046 3531 1101 redde
3562 1045 3645 1100 illi
3681 1044 3911 1099 librum.

2268 1139 2385 1211 Ego
2419 1140 2600 1211 igitur
2646 1140 2885 1194 veniens
2910 1138 3173 1192 nuntiavi
3209 1137 3316 1192 hac
3341 1136 3544 1192 abbati
3581 1136 3787 1190 Petro:
3821 1137 3915 1207 qui

2267 1245 2455 1299 neque
2491 1229 2766 1299 pretium,
2794 1244 2983 1299 neque
3005 1228 3221 1282 librum
3244 1226 3508 1297 accipere
3533 1225 3913 1280 volebat.Per-

2267 1318 2426 1373 suasi
2486 1323 2680 1373 tamen
2744 1317 2794 1372 ei
2854 1323 2918 1372 ut
2977 1317 3279 1387 pecuniam
3350 1315 3675 1387 acciperet,
3732 1331 3910 1386 neque

2269 1408 2609 1478 repudiaret
2642 1407 3007 1463 anachoreta;
3037 1406 3315 1473 laborem,
3349 1421 3529 1476 quam
3564 1404 3799 1459 tandem
3830 1420 3916 1492 ac:

2267 1496 2439 1567 cepit.
2475 1496 2543 1551 Et
2579 1513 2822 1568 pergens
2845 1513 2947 1565 ego
2979 1496 3110 1551 dedi
3147 1494 3366 1549 librum
3402 1494 3797 1562 anachoreta;
3823 1498 3912 1564 qui

2266 1586 2530 1657 gaudens
2565 1586 2847 1641 remeavit
2880 1588 2936 1639 in
2969 1600 3254 1640 eremum.

2828 1691 3054 1748 CAPUT
3086 1688 3350 1747 CXXXV.

2266 1784 2340 1839 De
2369 1784 2613 1855 quinque
2632 1784 2946 1853 virginibus
2977 1783 3276 1855 quae‘exire
3295 1778 3596 1836 voluerunt
3616 1797 3645 1836 ε
3661 1783 3917 1837 monaste-

2589 1858 2693 1920 rio,
2722 1852 2773 1911 et
2804 1873 2836 1909 a
2868 1852 3077 1911 ammon
3090 1852 3140 1909 io
3160 1856 3420 1923 correptae
3450 1862 3602 1907 sunt.

2341 1955 2495 2009 903
2528 1956 2905 2010 Aecessimus
2938 1954 3007 2007 ad
3044 1952 3455 2007 Eunuchorum
3492 1950 3912 2006 mon‘asterium

513 2042 917 2111 morabantur,
955 2045 1070 2099 haec
1113 2045 1283 2100 nobis
1322 2044 1524 2101 dicens
1558 2063 1571 2101 :
1606 2050 1749 2102 Cum
1777 2046 2057 2104 abiissem
2089 2052 2161 2105 ad
2261 2045 2430 2114 juxta
2449 2048 2717 2099 sanctum
2738 2043 3050 2098 Jordanem
3072 2059 3176 2113 ego
3199 2046 3257 2096 et
3280 2042 3457 2096 frater
3479 2057 3650 2096 meus
3671 2039 3911 2111 Sephro-

511 2137 771 2186 montem
806 2132 1037 2187 abbatis
1066 2133 1322 2200 Antonii,
1352 2139 1699 2202 utvenarer,
1726 2152 1974 2208 pergens
2004 2141 2161 2211 aspi-

512 2220 599 2274 cio
634 2221 986 2276 monachum
1013 2222 1067 2275 in
1096 2227 1292 2277 monte
1316 2224 1639 2287 sedentem,
1665 2229 2081 2297 tenentemque
2101 2227 2162 2281 li-

514 2309 706 2375 brum,
741 2315 800 2365 et
825 2310 1135 2381 legentem.
1170 2313 1417 2367 Ascendi
1453 2312 1634 2383 igitur
1674 2315 1743 2369 ad
1786 2331 1919 2370 eum
1961 2317 2161 2373 volens

513 2397 677 2452 illum
714 2399 957 2467 caedere,
992 2400 1258 2455 fortassis
1291 2406 1485 2456 autem
1517 2402 1693 2457 etiam
1728 2420 1953 2459 necare.
1987 2406 2161 2461 Cum-

508 2503 623 2557 que
654 2487 941 2543 venissem
976 2506 1154 2561 prope
1185 2489 1378 2559 illum,
1401 2492 1660 2547 extendit
1687 2498 1891 2549 contra
1914 2512 2005 2549 me
2038 2513 2160 2551 ma-

507 2593 650 2631 num
679 2594 847 2633 suam
872 2578 1189 2646 dexteram,
1216 2579 1418 2636 dicens
1444 2597 1455 2636 :
1481 2582 1617 2651 Sta;
1643 2582 1853 2654 egique
1878 2583 1993 2639 illic
2013 2585 2160 2642 duos

507 2667 656 2735 dies,
690 2674 747 2723 et
777 2670 923 2725 duas
956 2674 1155 2727 noctes
1179 2671 1341 2726 nullo
1374 2673 1545 2729 modo
1581 2675 1794 2729 moveri
1842 2675 2160 2746 praevalens

509 2772 578 2811 ex
611 2774 676 2812 eo
708 2758 857 2829 loco,
890 2759 991 2813 ubi
1049 2776 1232 2815 eram.
1267 2762 1432 2817 Tunc
1488 2762 1603 2816 dixi
1640 2762 1762 2818 illi:
1796 2767 1906 2818 Per
1952 2769 2158 2834 Deum,

508 2862 681 2911 quem
711 2847 877 2917 colis,
898 2847 1128 2904 dimitte
1152 2865 1265 2905 me.
1290 2849 1391 2904 Ille
1417 2854 1609 2905 autem
1634 2851 1781 2906 dixit
1805 2852 1949 2907 mihi
1967 2869 1980 2908 :
1998 2853 2157 2910 Vade

506 2935 563 2990 in
602 2952 760 3007 pace.
781 2937 852 2991 Et
888 2937 967 2993 ita
998 2939 1263 2994 recedere
1290 2940 1445 3010 potui
1471 2938 1710 3011 deloco,
1736 2941 1794 2996 in
1831 2958 1947 3013 quo
1974 2959 2156 3000 eram.

1042 3043 1270 3099 CAPUT
1311 3044 1621 3103 CXXXIV.

923 3134 1042 3189 Vita
1086 3134 1343 3190 Theodori
1368 3136 1734 3192 anachoreta.

578 3220 938 3277 Anacboreta
961 3223 1197 3294 quidam
1220 3228 1343 3279 erat
1366 3225 1423 3278 in
1450 3225 1716 3296 partibus
1736 3226 1924 3282 sancti
1945 3228 2154 3284 Jorda-
2189 3239 2231 3307 ρ

508 3311 625 3377 nis,
661 3310 897 3366 nomine
927 3312 1289 3367 Theodorus.
1316 3314 1417 3367 Hic
1447 3314 1603 3369 venit
1625 3315 1696 3370 ad
1729 3315 1934 3370 cellam
1969 3332 2157 3372 meam

508 3400 752 3455 dicens:
788 3401 900 3456 Fac
941 3401 1312 3470 cbaritatem,
1346 3404 1498 3458 abba
1552 3408 1829 3475 Joannes,
1861 3410 1919 3461 et
1971 3422 2163 3476 quaere

512 3489 659 3544 mihi
684 3489 923 3561 librum,
948 3490 1047 3563 qui
1072 3492 1367 3547 contineat
1389 3497 1574 3548 totum
1596 3498 2033 3550 Testamentum
2059 3514 2161 3552 no-

506 3594 667 3633 vum.
687 3581 960 3645 Quazrens
985 3580 1165 3652 igitur
1198 3582 1415 3651 inveni,
1444 3582 1582 3653 quia
1605 3584 1786 3639 abbas
1810 3584 2037 3655 Petrus,
2061 3585 2161 3656 qui

504 3671 709 3738 postea
766 3669 877 3724 fuit
934 3668 1320 3726 Chalcedonis
1379 3672 1713 3743 episcopus,
1748 3672 1918 3729 talem
1979 3674 2160 3730 habe-

504 3762 615 3812 ret.
640 3758 772 3813 Abii
797 3759 1079 3829 itaque,et
1101 3760 1215 3815 dixi
1249 3762 1297 3815 ei
1327 3781 1341 3828 ;
1371 3768 1427 3816 et
1450 3763 1707 3817 ostendit
1736 3762 1901 3818 illum
1928 3764 2072 3820 mihi
2106 3767 2159 3818 in

506 3847 872 3903 membranis
902 3849 1071 3905 valde
1103 3850 1417 3922 pulchrum
1449 3852 1583 3923 (30).
1610 3852 1806 3907 Eldixi
1842 3852 1931 3907 ei:
1968 3854 2160 3917 Quan-

505 3940 633 3990 tum
668 3936 867 3992 valet?
895 3939 995 4008 qui
1033 3940 1368 4010 respondit:
1402 3941 1535 3994 Tria
1596 3943 1976 3996 nomismata.
2012 3941 2162 3998 Diin

508 4024 721 4080 iterum
756 4027 939 4081 mihi:
973 4029 1059 4082 Tu
1092 4028 1257 4082 illum
1291 4044 1483 4082 emere
1515 4029 1622 4094 vis,
1646 4046 1717 4083 an
1750 4029 1949 4084 alius?
1974 4031 2038 4085 Et
2070 4032 2161 4087 aio

506 4114 622 4169 illi:
648 4115 830 4171 Crede
856 4115 1022 4179 mihi,
1040 4117 1230 4184 Pater,
1249 4117 1599 4173 anachoreta
1619 4118 1814 4189 ipsum
1839 4119 1981 4174 vult.
2001 4124 2159 4175 Tunc

507 4203 589 4257 ait
617 4204 762 4257 mihi
795 4204 976 4259 abbas
1008 4210 1243 4261 Petrus:
1276 4207 1335 4261 Si
1395 4207 1746 4263 anachoreta
1788 4209 1980 4281 ipsum
2013 4210 2159 4281 vult,

506 4295 692 4367 gratis
723 4294 894 4350 illum
926 4296 1335 4369 accipe.Sumc
1366 4303 1561 4355 autem
1594 4304 1650 4355 et
1679 4300 1792 4356 tria
1823 4301 1935 4357 ista
1966 4304 2159 4358 numi-

505 4388 719 4447 smata,
752 4388 810 4439 et
838 4384 886 4438 si
919 4386 1157 4456 quidem
1196 4386 1383 4458 placet
1416 4388 1497 4442 illi
1532 4388 1702 4455 liber,
1735 4393 1926 4446 teneat
1955 4390 2156 4461 illum;

504 4471 596 4529 sin
612 4477 804 4528 autem
820 4472 902 4527 illi
923 4490 1035 4529 non
1059 4474 1270 4546 placet,
1292 4493 1423 4531 ecce
1440 4477 1621 4533 habes
1641 4479 1753 4534 tria
1775 4480 2157 4551 numismata,

504 4579 632 4619 eme
656 4562 739 4617 illi
762 4564 934 4632 juxta
958 4569 1158 4621 votum
1185 4571 1787 4640 suum.Sumensergo
1808 4570 2157 4640 librum,de-

507 4652 618 4707 tuli
643 4652 1009 4708 anachoreta
1041 4672 1053 4709 :
1078 4656 1177 4726 qui
1202 4660 1435 4727 sumpto
1457 4656 1601 4712 libro
1624 4658 1769 4713 abiit
1789 4658 1845 4712 in
1870 4674 2155 4715 eremum.

505 4743 648 4797 Cum
681 4747 875 4797 autem
902 4743 1048 4799 duos
1085 4744 1200 4800 fere
1234 4761 1465 4800 menses
1488 4745 1726 4817 egisset,
1751 4747 1982 4804 rediens
2013 4765 2148 4803 ana-

503 4831 745 4887 choreta
774 4833 933 4887 venit
964 4833 1021 4887 in
1055 4834 1259 4889 cellam
1297 4851 1510 4902 meam,
1537 4836 1771 4891 dicens:
1797 4836 1972 4905 Scito,
2009 4838 2158 4893 abba

501 4922 782 4989 Joannes,
801 4921 935 4992 quia
960 4923 1235 4994 cogitatio
1260 4940 1388 4977 mea
1408 4939 1497 4977 me
1521 4924 1749 4996 afﬂigit,
1770 4942 1835 4979 eo
1855 4927 2007 4997 quod
2035 4944 2158 4994 gra-

504 5012 585 5066 tis
616 5010 802 5067 habeo
831 5011 1072 5067 librum.
1106 5012 1209 5067 Aio
1232 5018 1426 5067 autem
1461 5014 1532 5068 ad
1559 5013 1900 5069 illumzNoli
1927 5033 2025 5086 pro
2050 5016 2158 5072 hoc

502 5100 683 5171 afﬂigi
710 5121 723 5168 ;
754 5102 934 5156 abbas
960 5106 1165 5157 Petrus
1184 5102 1345 5157 dives
1372 5106 1461 5157 est
1483 5107 1537 5157 et
1578 5104 1787 5171 bonus,
1821 5106 2156 5178 gaudetque

506 5186 563 5240 in
598 5187 726 5242 hoc.
760 5189 854 5243 Ait
886 5190 1028 5244 mihi
1064 5207 1271 5245 rursus
1310 5190 1696 5247 anachoreta:
1725 5194 1862 5249 Vere
1896 5211 2007 5249 non
2061 5211 2152 5250 re-

508 5277 768 5347 quiesco,
804 5279 915 5333 nisi
950 5281 1200 5352 pretium
1243 5281 1335 5334 do.
1367 5280 1506 5335 Dico
1539 5281 1660 5336 illi:
1696 5282 1754 5336 Et
1790 5282 1971 5338 habes
2025 5302 2152 5355 pre-

514 5365 688 5435 tium,
724 5372 787 5420 ut
813 5369 965 5423 des?
998 5369 1147 5423 Dicit
1180 5369 1364 5424 mihi:
1400 5370 1556 5438 Non;
1592 5371 1689 5425 sed
1725 5372 1798 5426 da
1830 5372 1969 5426 mihi
2029 5390 2153 5428 sac-

509 5471 659 5520 cum,
686 5460 857 5511 utme
878 5457 1138 5529 induam,
1163 5466 1287 5515 erat
1316 5460 1469 5515 enim
1503 5460 1719 5515 nudus.
1742 5462 1883 5517 Dedi
1909 5478 2043 5533 ergo
2066 5462 2151 5517 illi

507 5562 741 5601 saccum
760 5552 816 5601 et
830 5547 1155 5618 palliolum,
1170 5556 1225 5605 et
1240 5550 1402 5615 abiit,
1418 5550 1834 5621 opersriusque
1854 5552 2042 5607 factus
2064 5558 2153 5608 est

505 5638 565 5692 in
599 5654 664 5691 eo
698 5637 847 5703 lacu,
881 5656 1052 5708 quem
1090 5640 1223 5694 fecit
1263 5641 1593 5710 patriarcha
1649 5640 2148 5714 Jerosolymorum

502 5726 761 5783 Joannes
792 5726 848 5781 in
884 5726 1082 5798 Sigma
1114 5729 1247 5798 [Gr.,
1284 5728 1463 5795 Sina],
1490 5728 2149 5803 accipiebatquequoti-

2270 2134 2426 2187 nius.
2462 2132 2844 2202 Narravitque
2880 2132 3047 2186 nobis
3066 2131 3246 2186 abbas
3270 2129 3545 2186 Nicelaus
3574 2129 3763 2201 ipsius
3794 2144 3913 2183 mo-

2270 2223 2510 2277 nasterii
2544 2222 2865 2293 presbyter,
2890 2221 3118 2276 dicens:
3146 2222 3207 2275 In
3235 2219 3470 2291 regione
3491 2236 3617 2275 mea
3639 2220 3785 2289 (erat
3815 2234 3913 2271 au-

2270 2317 2386 2367 tem
2403 2328 2467 2366 ex
2486 2311 2675 2381 Lycia)
2697 2311 3120 2365 monasterium
3146 2310 3436 2380 virginum
3464 2313 3558 2363 est
3582 2310 3762 2363 ferme
3784 2324 3917 2377 qua-

2270 2401 2562 2471 draginta.
2600 2404 2659 2455 In
2698 2401 2806 2455 hoc
2830 2416 2966 2472 ergo
2996 2399 3350 2455 monasterio
3383 2398 3650 2470 quinque
3676 2397 3921 2467 virgines

2270 2490 2383 2545 sibi
2432 2490 2681 2545 invicem
2727 2489 3113 2544 condixerunt
3145 2493 3209 2542 ut
3260 2493 3434 2542 noctu
3470 2489 3543 2542 de
3579 2485 3920 2541 monasterio

2269 2581 2560 2651 fugerent,
2594 2585 2650 2633 et
2680 2578 3012 2649 acciperent
3068 2577 3243 2631 viros.
3276 2578 3453 2632 Nocte
3503 2592 3640 2631 vero
3673 2575 3917 2646 quadam

2268 2685 2402 2724 cum
2432 2669 2754 2723 dormirent
2774 2666 3255 2723 sanctimoniales
3286 2682 3514 2734 omnes,
3544 2665 3663 2720 illis
3686 2662 3916 2719 consul-

2268 2758 2530 2813 tantibus
2550 2763 2615 2811 ut
2659 2758 3015 2811 vestimenta
3055 2773 3157 2811 sua
3183 2756 3516 2827 acciperent
3546 2760 3603 2811 et
3636 2756 3913 2825 fugerent,

2267 2848 2546 2903 continuo
2574 2847 2835 2919 quinque
2858 2862 3064 2901 omnes
3089 2862 3120 2901 a
3142 2845 3430 2900 daemonio
3455 2848 3737 2916 correpta;
3762 2847 3912 2898 sunt.

2267 2940 2389 3003 Quo
2422 2937 2594 3003 facto,
2630 2954 2741 2991 non
2776 2935 3033 3007 amplius
3065 2935 3329 2990 exierunt
3357 2950 3387 2989 e
3419 2934 3795 2999 monasterio,
3818 2931 3911 2985 sed

2265 3026 2542 3081 confessas
2566 3030 2800 3096 peccata
2822 3042 2949 3091 sua,
2970 3024 3186 3097 gratias
3212 3028 3459 3096 egerunt
3482 3024 3621 3094 Deo,
3640 3023 3911 3078 dicentes:

2266 3114 2497 3170 Gratias
2514 3115 2744 3187 agimus
2763 3130 3112 3186 magnorum
3137 3112 3413 3169 indultori
3443 3128 3757 3168 munerum
3780 3116 3911 3177 Deo,

2271 3204 2367 3275 qui
2403 3204 2696 3276 ﬂagellum
2731 3202 2841 3260 hoc
2873 3204 3045 3259 nobis
3075 3202 3328 3271 induxit,
3361 3207 3426 3258 ut
3455 3204 3668 3258 anima:
3713 3206 3912 3256 nostrae

2271 3310 2385 3349 non
2420 3292 2693 3365 perirent.

2819 3383 3053 3438 CAPUT
3086 3382 3370 3439 CXXXVI.

2268 3472 2343 3527 De
2361 3473 2631 3527 charitate
2652 3472 2863 3527 abbatis
2876 3471 3080 3527 Sisinii
3096 3488 3234 3544 erga
3256 3472 3545 3527 mulierem
3571 3471 3915 3526 Saracenam.

2340 3570 2608 3625 Narravit
2636 3574 2831 3626 autem
2868 3569 3036 3624 nobis
3067 3576 3125 3624 et
3154 3570 3335 3624 abbas
3366 3570 3630 3625 Joannes
3660 3566 3914 3639 ejusdem

2271 3660 2605 3716 monasterii
2641 3659 2968 3732 presbyter,
2995 3658 3193 3714 dicens
3220 3675 3231 3713 :
3260 3658 3473 3713 Audivi
3506 3658 3581 3713 ab
3605 3656 3809 3713 abbate
3835 3654 3915 3707 Si-

2269 3749 2419 3804 sinio
2449 3750 2801 3805 anachoreta
2832 3750 3114 3803 referente
3146 3766 3211 3802 ac
3236 3748 3501 3803 dicente:
3530 3748 3637 3803 Die
3670 3745 3909 3818 quadam

2268 3855 2423 3893 eram
2459 3840 2515 3893 in
2542 3837 2821 3910 spelunca
2848 3854 2975 3893 mea
3007 3854 3185 3910 prope
3210 3841 3479 3893 sanctum
3508 3835 3914 3899 Jordanem,et

2268 3943 2401 3982 cum
2447 3927 2755 3998 psallerem
2787 3926 3069 3993 Tertiam,
3111 3923 3914 3999 ecceSaracenaqumdamin-

2268 4033 2472 4088 gressa
2492 4015 2551 4070 in
2578 4016 2915 4087 speluncam
2944 4032 3157 4082 meam,
3182 4015 3381 4087 posuit
3401 4032 3463 4072 se
3484 4032 3678 4071 coram
3704 4028 3794 4069 me
3815 4026 3913 4066 nu-

2269 4106 2418 4162 dans
2448 4105 2829 4176 semetipsum
2858 4122 2871 4160 :
2896 4121 3002 4176 ego
3032 4122 3164 4160 vero
3189 4104 3460 4160 turbatus
3491 4121 3606 4161 non
3641 4120 3793 4171 sum,
3816 4098 3910 4155 sed

2268 4196 2511 4268 impleta
2542 4194 2871 4267 psalmodia
2904 4212 3033 4250 mea
3064 4212 3197 4250 cum
3232 4195 3391 4249 omni
3418 4196 3612 4266 quiete
3632 4200 3688 4250 et
3717 4193 3914 4248 timore

2266 4285 2391 4353 Dei,
2424 4284 2539 4340 dixi
2573 4287 2640 4340 ad
2672 4284 2830 4339 illam
2866 4284 3135 4355 Syriaca:
3170 4284 3339 4351 Sede,
3372 4289 3435 4339 ut
3466 4283 3678 4355 loquar
3709 4279 3832 4346 tibi,
3864 4280 3915 4331 et

2266 4379 2408 4430 tunc
2442 4375 2648 4429 faciam
2702 4374 2858 4445 quod
2917 4374 3024 4428 vis.
3056 4376 3190 4436 Qua:
3247 4378 3309 4427 ut
3372 4374 3612 4443 resedit,
3647 4370 3762 4427 dixi
3792 4366 3905 4423 illi:

2265 4463 2599 4521 Christiana
2629 4480 2803 4532 es,an
2836 4462 3113 4535 gentilis?
3130 4464 3264 4528 Quae
3289 4462 3397 4518 ait:
3418 4455 3912 4537 Christiana.Dixi

2268 4555 2333 4608 ad
2359 4554 2521 4608 illam
2556 4553 2764 4608 iterum
2793 4570 2803 4608 :
2843 4554 2909 4607 Et
2950 4552 3141 4608 nescis
3172 4552 3309 4623 quia
3338 4552 3436 4623 qui
3472 4545 3909 4613 fornicantur,in

2269 4640 2628 4713 supplicium
2653 4640 2824 4697 eunt?
2845 4642 2980 4705 Quae
3004 4642 3082 4695 ait
3099 4658 3111 4696 :
3131 4640 3472 4713 Scioplane.
3489 4640 3653 4696 Tunc
3671 4638 3786 4695 dixi
3811 4633 3908 4688 illi:

2268 4734 2381 4785 Cur
2410 4747 2546 4803 ergo
2579 4731 2850 4787 fornicari
2881 4733 2973 4785 vis
2998 4730 3025 4785 ‘I
3050 4729 3410 4802 Respondit:
3438 4729 3579 4795 Quia
3615 4727 3825 4785 esurio.
3848 4722 3910 4777 Et

2268 4823 2360 4877 aio
2392 4823 2461 4877 ad
2495 4838 2622 4877 eam
2652 4838 2664 4877 :
2690 4820 2817 4876 Noli
2844 4819 3142 4882 fornicari,
3177 4823 3274 4873 sed
3310 4820 3437 4874 veni
3471 4818 3748 4889 quotidie,
3781 4812 3911 4870 etut

2266 4919 2421 4968 Deus
2443 4910 2821 4983 disposuerit,
2845 4910 2993 4965 dabo
3018 4909 3122 4963 tibi
3147 4908 3342 4963 cibum
3360 4913 3548 4963 tuum.
3566 4909 3647 4963 Ex
3667 4905 3766 4961 illa
3782 4915 3909 4972 ergo

2267 5001 2363 5055 die
2391 5000 2657 5055 veniebat
2688 5000 2757 5054 ad
2794 5015 2883 5053 me
2911 4998 3119 5053 diebus
3141 4997 3416 5069 singulis,
3443 5003 3499 5052 et
3530 4998 3576 5053 si
3605 4996 3741 5069 quid
3766 4993 3909 5048 Deus

2268 5090 2540 5145 mittebat
2572 5088 2743 5154 mihi,
2777 5088 3091 5159 prebebam
3123 5086 3205 5141 illi
3239 5086 3458 5155 cibum,
3492 5098 3798 5157 quousque
3828 5095 3909 5134 re-

2271 5180 2421 5235 cessi
2454 5180 2523 5234 de
2559 5178 2675 5233 illis
2708 5177 2870 5232 locis.

2801 5284 3030 5339 CAPUT
3062 5283 3382 5340 CXXXVII.

2412 5376 2625 5431 Relatio
2656 5377 2874 5429 abbatis
2902 5375 3132 5430 Joannis
3162 5373 3226 5427 de
3256 5373 3455 5429 abbate
3490 5373 3776 5428 Callinico.

2338 5466 2489 5521 Dixit
2514 5466 2725 5519 iterum
2752 5464 2905 5519 idem
2933 5464 3116 5519 abbas
3141 5464 3397 5519 Joannes
3418 5479 3430 5517 :
3448 5464 3592 5519 Cum
3613 5475 3797 5519 essem
3813 5457 3903 5527 ju-

2266 5571 2390 5620 nor,
2425 5553 2734 5623 cupiebam
2769 5568 3012 5625 pergere
3043 5554 3114 5606 ad
3140 5567 3387 5622 magnos
3424 5556 3483 5606 et
3520 5540 3905 5607 nominatissi-

2265 5660 2393 5698 mos
2428 5641 2648 5711 Patres,
2670 5646 2730 5695 ut
2752 5640 2825 5695 ab
2848 5641 2930 5694 eis
2959 5638 3327 5695 benedicerer
3356 5642 3411 5693 et
3441 5635 3899 5695 aedificarer.Au-

2264 5732 2429 5787 diens
2461 5730 2641 5803 igitur
2669 5731 2738 5787 de
2770 5730 2978 5786 abbate
3008 5726 3283 5786 Callinico
3317 5743 3531 5801 magno
3562 5727 3683 5797 illo,
3716 5722 3811 5798 qui
3843 5720 3895 5773 in
