4180 6338
341 403 453 459 189

1662 406 1964 459 PRATUM
1999 406 2447 463 SPIRITUALE.

3654 405 3758 461 190

334 529 695 585 monasterio
714 528 947 584 abbatis
968 527 1130 584 Sabaa
1157 528 1426 583 inclusus
1451 530 1595 595 erat,
1616 527 1993 599 oraviquem-
2024 530 2078 597 Α
2109 531 2389 603 Gregorii.
2421 532 2584 587 Tunc
2616 533 2699 588 ait
2727 534 2799 588 ad
2833 548 2925 588 me
2956 548 3131 588 senex
3165 550 3178 588 :
3223 532 3349 597 Fili,
3380 547 3487 604 ego
3518 532 3650 603 quis
3684 532 3759 587 sit

334 623 475 676 dam
505 638 575 676 ex
606 620 1000 676 familiaribus
1034 619 1219 688 illius,
1246 624 1305 674 ut
1329 635 1421 674 me
1444 620 1514 674 ad
1542 619 1707 673 illum
1733 620 1998 675 duceret.

334 712 469 767 Abii
504 711 704 781 itaque
727 710 799 764 ad
824 708 1016 765 illum.
1044 708 1319 763 Assidens
1341 723 1472 762 vero
1501 707 1547 761 is
1573 707 1671 778 qui
1699 723 1787 761 me
1815 707 1999 761 addu-

332 808 501 859 xerat
532 802 710 855 frater
741 801 810 853 ad
847 800 1165 854 fenestram
1198 798 1377 867 senis,
1396 814 1495 868 per
1518 796 1765 851 multam
1793 798 2000 852 horam

332 893 688 963 loquebatur
717 907 849 944 curn
882 906 947 944 eo
976 909 990 957 ;
1026 905 1127 958 ego
1149 904 1280 944 vero
1304 888 1362 942 in
1388 887 1611 959 meipso
1646 888 1997 958 cogitabam,

334 986 477 1056 quia
528 998 832 1053 nunquam
882 981 1107 1036 viderat
1156 996 1246 1035 me
1302 979 1518 1049 senior,
1556 996 1626 1033 ne
1688 980 1831 1033 forte
1886 995 1997 1034 non

329 1079 498 1146 grate
529 1074 856 1143 susciperet
889 1086 999 1125 me.
1024 1069 1166 1129 Cum
1192 1085 1324 1124 vero
1359 1069 1537 1124 frater
1559 1068 1655 1124 ille
1682 1069 1994 1138 recederet,

331 1165 606 1237 permisit
641 1179 731 1217 me
761 1161 1012 1233 ingredi,
1035 1166 1091 1215 et
1112 1160 1370 1215 salutare
1402 1175 1627 1228 senem,
1654 1164 1711 1214 et
1733 1158 1996 1213 benedici

328 1257 404 1311 ab
437 1271 527 1325 eo,
558 1254 762 1309 dicens
813 1252 884 1306 ad
936 1267 1070 1306 eum
1118 1266 1129 1305 :
1172 1250 1285 1305 Ora
1315 1254 1371 1305 et
1400 1266 1501 1320 pro
1533 1250 1643 1305 isto
1678 1265 1841 1303 servo
1898 1254 1996 1303 tuo

333 1348 523 1412 Pater,
559 1346 701 1417 quia
749 1344 903 1398 inter
955 1343 1179 1415 primos
1210 1342 1326 1396 huc
1354 1342 1531 1396 venit.
1566 1342 1751 1395 Senex
1799 1345 1993 1395 autem

333 1438 483 1493 dixit
515 1455 530 1493 :
568 1439 835 1508 Agnosco
868 1434 1060 1501 illum,
1093 1432 1198 1487 ﬁli.
1234 1437 1379 1487 Nam
1440 1438 1573 1486 ante
1615 1432 1821 1500 viginti
1872 1431 1995 1486 dies

328 1530 612 1585 descendi
645 1529 717 1584 ad
750 1532 1023 1583 sanctum
1049 1526 1391 1589 Jordanem,
1417 1530 1472 1579 et
1492 1524 1748 1579 occurrit
1768 1523 1911 1577 mihi
1936 1523 1993 1577 in

322 1620 442 1687 via,
477 1620 679 1673 dicens
714 1634 727 1671 :
766 1617 879 1672 Ora
910 1632 1012 1688 pro
1049 1630 1164 1685 me,
1197 1618 1264 1668 Et
1293 1630 1398 1685 ego
1426 1612 1781 1684 interrogavi
1815 1628 1949 1667 eum
1977 1627 1989 1666 :

322 1710 493 1775 Quod
529 1717 615 1763 est
648 1724 861 1763 nomen
895 1711 1060 1760 tuum
1086 1705 1114 1759 ?
1145 1704 1348 1775 Aitque
1382 1703 1527 1757 mihi
1560 1720 1573 1758 :
1606 1702 1995 1757 Joannes.Ex-

320 1804 466 1853 tunc
496 1797 675 1867 igitur
700 1812 955 1867 agnosco
986 1811 1141 1850 eum.
1170 1794 1286 1848 Hoc
1318 1794 1566 1848 audiens
1588 1808 1694 1863 ego
1718 1792 1991 1862 cognovi,

321 1889 469 1960 quia
492 1889 731 1960 quando
754 1885 1001 1959 cogitavi
1020 1885 1295 1942 accedere
1309 1886 1379 1940 ad
1406 1883 1880 1950 illum,revelavit
1906 1883 1986 1939 illi
2024 1900 2067 1965 Β

320 1979 482 2034 Deus
514 1984 571 2035 et
603 1994 813 2034 nomen
848 1993 1067 2042 meum,
1103 1982 1161 2030 et
1192 1975 1325 2046 quis
1354 1991 1567 2029 essem.

844 2066 1076 2123 CAPUT
1116 2064 1465 2120 CXXXVIII.

320 2154 405 2204 De
435 2150 631 2204 abbate
660 2148 847 2219 Sergio
876 2147 1235 2211 anachoreta,
1268 2155 1323 2201 ct
1351 2146 1415 2200 de
1447 2144 1708 2200 monacho
1757 2147 1980 2215 gentili.

874 2220 971 2290 qui
1003 2218 1315 2289 baptizatus
1346 2228 1443 2273 est.

384 2308 659 2366 Narravit
690 2314 881 2365 autem
918 2309 1088 2364 nobis
1119 2312 1175 2363 et
1204 2308 1309 2362 hoc
1334 2307 1488 2362 idem
1513 2321 1709 2374 senex,
1734 2306 1935 2361 dicens
1964 2323 1975 2361 :

310 2400 462 2455 Cum
490 2404 647 2455 esset
668 2399 851 2454 abbas
874 2399 1116 2469 Sergius
1134 2397 1486 2453 anachoreta
1510 2396 1569 2450 in
1597 2396 1983 2467 Roban,post'

302 2507 487 2561 quam
522 2494 846 2546 recesserat
869 2490 1125 2557 degSina,
1149 2488 1308 2544 misit
1331 2488 1447 2542 huc
1474 2488 1530 2542 in
1558 2486 1978 2542 monasterium

305 2581 671 2635 monachum
698 2580 1008 2652 quemdam
1036 2581 1342 2649 juvenem,
1372 2584 1437 2632 ut
1457 2578 1978 2649 baptizaretur.ln-

304 2672 717 2742 terrogantibu
734 2688 759 2724 s
775 2675 968 2725 autem
986 2669 1154 2725 nobis
1172 2685 1411 2725 causam
1433 2686 1538 2724 cur
1560 2686 1713 2723 nunc
1728 2668 1981 2739 baptiza-

308 2760 776 2829 retur,aitnobis
802 2760 1070 2816 minister
1091 2759 1278 2832 ipsius
1304 2758 1533 2815 abbatis
1555 2759 1735 2830 Sergii
1753 2775 1766 2813 :
1784 2758 1977 2813 Abbas

308 2854 559 2923 Sergius
579 2852 815 2924 quando
840 2853 905 2905 ad
924 2867 1033 2908 nos
1056 2849 1442 2918 venit,volens
1458 2850 1513 2903 in
1532 2866 1726 2905 eremo
1744 2866 1977 2905 manere

314 2943 820 3012 nobiscum,hunc
846 2943 993 2998 mihi
1020 2942 1452 2997 instituendum
1478 2942 1865 3013 tradiditzego
1881 2958 1977 2996 au-

313 3040 435 3091 tem
466 3034 637 3090 illum
669 3034 989 3107 plurimum
1023 3032 1414 3099 admonui,ne
1445 3048 1506 3087 se
1538 3032 1674 3087 huic
1706 3032 1977 3087 instituto

313 3125 754 3181 inconsiderate
778 3142 844 3179 ac
866 3124 993 3180 sine
1022 3123 1366 3196 probatione
1391 3123 1685 3178 addiceret
1703 3126 1846 3179 Cum
1874 3140 1974 3177 au-

314 3220 435 3271 tem
453 3215 623 3270 illum
642 3216 885 3285 ejusque
899 3216 1289 3270 constantiam
1321 3213 1974 3285 pervidissem,sumens

315 3324 452 3362 eum
479 3307 599 3361 abii
627 3306 695 3360 ad
723 3306 1141 3361 senem.Senex
1166 3311 1361 3360 autem
1393 3321 1523 3359 mox
1546 3310 1606 3360 ut
1629 3304 1772 3359 vidit
1794 3304 1982 3373 illum,

311 3402 640 3468 antequam
669 3397 992 3469 quidquam
1017 3395 1102 3450 illi
1128 3396 1504 3467 quuerer,ait
1531 3395 1670 3449 mihi
1692 3412 1980 3450 seorsum:

312 3487 464 3551 Quid
497 3489 624 3543 vult
659 3489 837 3542 frater
867 3488 1026 3543 iste?
1060 3487 1177 3543 Dixi
1214 3494 1409 3542 autem
1444 3488 1495 3541 ei
1531 3504 1543 3541 :
1574 3487 1712 3542 Orat
1747 3504 1983 3543 manere

314 3578 834 3633 nobiscum.Tunc
862 3577 1008 3633 dixit
1032 3577 1204 3632 mihi:
1226 3578 1427 3645 Crede,
1451 3577 1772 3645 frater,iste
1796 3578 1981 3649 bapti-

315 3672 485 3723 zatus
517 3684 633 3722 non
658 3674 767 3734 est,
794 3669 893 3723 sed
921 3669 1113 3723 adduc
1143 3668 1309 3722 illum
1338 3668 1393 3722 in
1420 3668 1842 3722 monasterium
1878 3669 1985 3723 Eu-

317 3758 681 3827 nucborum,
702 3769 755 3814 et
779 3759 864 3814 fac
890 3758 1055 3814 illum
1082 3759 1363 3830 baptizari
1388 3759 1446 3814 in
1471 3762 1671 3813 sancto
1703 3758 1978 3815 Jordane.

320 3847 441 3915 Ego
473 3852 670 3901 autem
699 3848 769 3901 ad
801 3850 975 3902 verba
997 3847 1153 3903 senis
1188 3851 1460 3916 stupens,
1486 3848 1834 3917 interrogavi
1868 3848 1981 3902 fra-

322 3940 470 3990 trem
502 3938 636 4006 quis
667 3941 841 4006 esset,
867 3940 923 3991 et
970 3937 1125 3991 unde
1155 3941 1326 3991 esset.
1358 3935 1460 3992 Ille
1493 3948 1686 3991 autem
1716 3952 1783 3989 ex
1814 3936 1977 3991 Occi-

317 4025 495 4079 dente
526 4042 592 4080 se
622 4041 752 4080 esse
784 4026 885 4095 ait,
914 4031 1303 4098 parentesque
1347 4024 1563 4081 habere
1611 4025 1882 4095 gentiles,
1914 4043 1981 4082 ac

317 4114 547 4169 nescire
562 4120 764 4169 utrum
789 4115 1120 4187 baptizatus
1141 4120 1315 4183 esset,
1340 4131 1411 4169 an
1438 4131 1574 4170 non.
1600 4116 1765 4170 Tunc
1784 4116 1981 4186 itaque

314 4203 758 4259 catecbizantes
790 4220 947 4271 eum,
983 4203 1229 4259 fecimus
1276 4203 1335 4257 in
1383 4204 1636 4259 Jordane
1677 4203 1977 4275 baptizari,

314 4295 765 4367 permansitque
799 4294 855 4349 in
890 4294 1271 4359 monasterio,
1310 4298 1419 4349 Deo
1451 4294 1673 4365 gratias
1704 4310 1907 4365 agens.

858 4384 1096 4442 CAPUT
1134 4384 1442 4440 CXXXIX.

312 4464 618 4521 Prasdictio
652 4465 867 4520 abbatis
895 4465 1089 4533 Sergii
1108 4465 1173 4519 de
1194 4464 1450 4533 Gregorio
1477 4466 1775 4537 prazposito
1792 4481 1980 4521 mona-

930 4539 1091 4592 sterii
1121 4537 1344 4592 Pharan
1356 4581 1368 4593 .

2110 622 2292 676 abbas
2342 622 2676 691 Gregorius,
2714 622 2949 691 nescio;
3004 623 3109 678 hoc
3162 627 3391 678 tantum
3444 622 3587 688 scio,
3619 622 3759 693 quia

2108 712 2503 784 patriarcham
2549 714 2745 784 excepi
2800 714 2858 767 in
2907 712 3243 784 speluncam
3278 728 3491 768 meam.
3524 712 3667 766 Nam
3701 718 3757 767 et

2110 801 2350 871 pallium
2385 808 2653 857 sanctum
2688 802 2855 857 illum
2892 804 3168 857 ferentem
3216 801 3354 866 vidi,
3389 808 3445 856 et
3495 802 3754 873 Evange-

2108 890 2279 946 lium.
2313 891 2473 955 Quod
2522 892 2606 946 ita
2653 891 2871 947 factum
2922 898 3009 947 est
3045 909 3056 945 :
3093 896 3221 961 post
3247 908 3345 945 sex
3377 891 3530 946 enim
3564 908 3750 947 annos

2109 983 2303 1052 ipsum
2340 982 2611 1035 abbatem
2636 982 2999 1052 Gregorium,
3031 983 3108 1034 ita
3143 981 3448 1036 ordinante
3481 980 3617 1045 Deo,
3643 998 3753 1051 pa-

2107 1070 2420 1125 triarcham
2480 1070 2961 1141 Theopolitanum
3022 1071 3239 1126 factum
3289 1070 3565 1141 vidimus,
3600 1070 3753 1127 sicut

2108 1159 2450 1230 praedixerat
2481 1176 2676 1215 senex.

2708 1250 2939 1305 CAPUT
2979 1250 3140 1305 CXL.

2199 1339 2319 1393 Vita
2348 1339 2584 1410 ejusdem
2618 1339 2870 1408 Gregorii
2897 1339 3234 1411 patriarchae
3265 1339 3663 1409 Theopolitani.

2173 1427 2454 1483 Dicebant
2482 1428 2722 1499 quidam
2755 1446 2960 1484 senum
2993 1431 3063 1484 de
3094 1430 3200 1484 hoc
3222 1428 3551 1499 patriarcha
3569 1430 3755 1485 Theo-

2100 1515 2357 1587 politano
2374 1518 2831 1589 Gregorio,quod
2849 1518 2940 1574 bis
2957 1518 3203 1573 maxime
3217 1516 3528 1573 virtutibus
3544 1518 3752 1574 fuisset

2102 1605 2375 1677 insignis,
2434 1607 2822 1679 eleemosynis
2884 1607 3126 1672 scilicet,
3186 1607 3538 1677 injuriarum
3598 1608 3746 1661 obli-

2099 1695 3157 1768 vione,etlacrymis.Habebatautem
3191 1702 3246 1751 et
3276 1696 3743 1768 compassionem

2099 1785 2415 1840 maximam
2443 1787 2513 1840 ad
2548 1802 2648 1841 eos
2675 1786 2773 1856 qui
2806 1786 3145 1857 peccabant.
3182 1786 3439 1848 Quarum
3480 1786 3744 1841 omnium

2100 1889 2294 1930 rerum
2321 1890 2427 1930 nos
2457 1891 2607 1947 saepe
2634 1875 3029 1947 experimenta
3059 1875 3344 1946 cepimus.

2695 1989 2926 2045 CAPUT
2966 1990 3154 2046 CXLI.

2384 2080 2631 2135 Prudens
2656 2080 2932 2152 responsio
2954 2080 3166 2135 abbatis
3197 2080 3459 2152 Olympii.

2171 2179 2370 2234 Frater
2412 2181 2651 2251 quidam
2704 2179 2861 2235 venit
2892 2180 2962 2234 ad
2996 2180 3265 2236 abbatem
3318 2179 3651 2252 Olympium
3690 2180 3746 2235 in

2099 2268 2521 2323 monasterium
2546 2270 2776 2324 abbatis
2808 2268 3091 2324 Gerasimi
3127 2287 3303 2340 prope
3332 2270 3671 2333 Jordanem;
3692 2275 3749 2325 et

2096 2357 2243 2412 dixit
2271 2373 2320 2412 ei
2359 2374 2370 2411 :
2407 2359 2587 2427 Abba,
2620 2360 2912 2428 quomodo
2964 2360 3131 2413 sedes
3187 2360 3244 2412 in
3297 2358 3579 2428 spelunca
3629 2359 3743 2413 ista

2095 2451 2330 2517 propter
2350 2454 2523 2502 aestus
2557 2447 3113 2519 magnitudinem,et
3136 2447 3454 2519 cyniphes?
3476 2452 3738 2519 Respon-

2096 2534 2183 2588 dit
2207 2535 2256 2589 ei
2294 2552 2469 2590 senex
2503 2552 2516 2590 :
2554 2536 2804 2603 Fili,ista
2827 2537 3044 2591 idcirco
3070 2536 3340 2599 tolero,ut
3374 2536 3587 2589 futuris
3609 2552 3739 2591 cru-

2093 2623 2345 2679 ciatibus
2376 2624 2623 2692 liberer;
2670 2624 2798 2680 ideo
2844 2625 3123 2697 cyniphes
3159 2624 3365 2695 patior,
3396 2629 3458 2679 ut
3492 2624 3738 2678 immor-

2092 2713 2271 2768 talem
2308 2714 2582 2783 effugiam
2612 2731 2867 2769 vermem
2894 2740 2907 2781 ;
2936 2714 3205 2769 similiter
3238 2719 3292 2768 et
3323 2720 3527 2768 reatum
3588 2713 3745 2768 hunc

2090 2803 2336 2872 perfero,
2364 2802 2705 2872 sempiterni
2753 2803 2903 2872 ignis
2949 2802 3241 2875 supplicia
3285 2807 3585 2871 metuens;
3621 2802 3743 2856 haec

2089 2892 2246 2947 enim
2263 2898 2401 2947 sunt
2417 2892 2785 2963 temporalia;
2804 2892 2905 2947 illa
2919 2909 3050 2948 vero
3071 2893 3242 2947 linem
3265 2890 3493 2947 nullum
3513 2892 3746 2946 habent.

2675 2999 2909 3055 CAPUT
2949 3000 3166 3055 CXLII.

2262 3087 2385 3143 Atia
2412 3088 2658 3159 prudens
2692 3091 2967 3159 responsio
2998 3089 3213 3143 abbatis
3245 3087 3575 3143 Alexandri.

2169 3186 2368 3241 Frater
2414 3186 2563 3241 alius
2605 3187 2856 3258 perrexit
2889 3187 2959 3242 ad
3003 3187 3271 3242 abbatem
3326 3185 3746 3256 Alexandrum,

2017 3262 2059 3330 C
2099 3275 2286 3347 ipsius
2320 3275 2655 3330 monasterii
2683 3275 2911 3331 abbatis
2934 3275 3214 3330 Gerasimi
3236 3274 3579 3338 antistitem.
3598 3276 3750 3331 etait

2098 3364 2181 3420 illi
2216 3382 2229 3420 :
2264 3365 2453 3433 Abba,
2480 3364 2607 3419 volo
2640 3382 2706 3419 ex
2734 3382 2797 3419 eo
2827 3364 2974 3435 loco,
3013 3365 3109 3419 ubi
3144 3365 3366 3430 habito,
3400 3365 3743 3433 discedere;

2096 3454 2263 3510 valde
2284 3456 2442 3510 enim
2462 3454 2663 3509 acedia
2687 3459 2743 3509 et
2764 3455 2933 3509 taedio
2966 3456 3147 3508 animi
3176 3454 3398 3509 laboro.
3426 3455 3745 3525 Respondit

2096 3545 2146 3600 ei
2168 3546 2349 3599 abbas
2374 3544 2735 3599 Alexander:
2762 3546 2949 3610 Istud,
2975 3544 3079 3610 fili,
3103 3545 3339 3615 signum
3373 3548 3459 3599 est
3481 3543 3617 3615 quia
3640 3561 3745 3599 nec

2097 3648 2337 3698 regnum
2372 3633 2673 3698 cmlorum,
2692 3649 2796 3689 nec
2821 3640 3103 3689 aeternum
3130 3635 3454 3689 cruciatum
3476 3634 3534 3687 in
3552 3641 3743 3689 mente

2097 3722 2451 3776 babes.Nam
2476 3722 2523 3775 si
2549 3722 2658 3776 ista
2681 3721 2930 3776 sollicita
2950 3722 3275 3776 intentione
3297 3721 3745 3791 cogitares,nul-

2095 3810 2210 3865 lam
2245 3810 2301 3864 in
2336 3809 2479 3865 cella
2509 3815 2608 3865 tua
2637 3810 2896 3865 acediam
2930 3809 3200 3865 sentires.

2663 3918 2893 3974 CAPUT
2935 3918 3169 3973 CXLIII.

2182 4010 2311 4064 Vita
2342 4008 2513 4065 David
2547 4010 2824 4065 latronum
2843 4010 3153 4152 lprippipis,
3181 4013 3374 4078 postea
3406 4007 3662 4062 monachi

2814 4097 2841 4135 e
2886 4097 2944 4136 ec
2975 4098 3014 4135 ι.

2814 4097 3014 4136 εηεειῑ.

2162 4182 2305 4237 Cum
2338 4180 2707 4235 venissemus
2740 4179 2795 4234 in
2826 4179 3201 4246 Thebaidem,
3237 4177 3619 4233 convenimus
3646 4194 3739 4233 so-

2090 4271 2349 4343 pbistam
2385 4268 2781 4324 Philemonem
2811 4270 2869 4324 in
2895 4269 3037 4324 urbe
3071 4268 3335 4323 Antinoo.
3362 4267 3741 4338 Narravitque

2091 4360 2261 4416 nobis
2286 4358 2554 4414 utilitatis
2580 4363 2789 4414 nostra:
2812 4358 3001 4429 gratia
3024 4359 3094 4413 de
3115 4357 3342 4413 latrone
3356 4356 3741 4428 quodam,no-

2090 4449 2247 4504 mine
2266 4448 2467 4517 David,
2488 4447 2588 4519 qui
2607 4448 2760 4519 apud
2782 4447 3177 4517 Hermopolim
3207 4445 3495 4518 plurimos
3527 4462 3739 4517 exspo-

2088 4538 2287 4604 Iiabat,
2321 4537 2516 4608 plures
2548 4536 2721 4591 etiam
2754 4536 3162 4604 interficiebat,
3194 4540 3249 4591 et
3280 4536 3591 4591 innumera
3617 4552 3743 4606 per-

395 4627 469 4680 De
501 4626 611 4680 hoc
646 4626 856 4680 abbate
883 4626 1085 4697 Sergio
1117 4626 1473 4681 anachoreta
1507 4626 1764 4681 narravit
1812 4625 1979 4681 nobis
2013 4638 2058 4700 ι)
2092 4628 2359 4700 petrabat
2388 4626 2558 4693 mala,
2595 4626 2676 4681 ita
2726 4631 2791 4681 ut
2843 4626 3041 4681 nullus
3071 4626 3121 4681 ei
3156 4626 3212 4680 in
3248 4625 3338 4680 bis
3369 4623 3737 4680 crudelitatis

313 4715 501 4771 abbas
520 4714 761 4786 Sergius
787 4715 1095 4770 Armenius
1110 4717 1238 4785 ejus
1261 4715 1775 4786 disciputus,quod
1803 4714 1979 4786 pluri-

316 4820 480 4858 mum
504 4804 617 4859 sibi
643 4805 930 4860 molestus
954 4805 1125 4859 fuerit
1155 4805 1335 4859 abbas
1367 4804 1704 4875 Gregorius,
1728 4804 1828 4874 qui
1853 4808 1975 4857 erat

316 4893 674 4964 praepositus
695 4893 850 4948 90-1
877 4892 1217 4947 monasterii
1247 4892 1493 4957 Pharan,
1520 4891 1766 4947 utillum
1803 4893 1973 4946 duce-

314 4986 408 5037 ret
435 4983 504 5035 ad
540 4998 763 5037 senem.
800 4982 902 5037 Die
949 4998 1085 5053 ergo
1129 4982 1377 5053 quadam
1423 4982 1665 5035 adduxit
1700 4980 1865 5035 illum
1899 4982 1968 5034 ad

312 5073 536 5141 ipsum.
558 5071 694 5125 Erat
716 5076 911 5126 autem
936 5086 1111 5126 senex
1135 5076 1272 5126 tunc
1294 5072 1445 5125 circa
1472 5071 1766 5142 regionem
1795 5070 1972 5126 maris

312 5162 555 5216 Mortui.
584 5160 729 5215 Cum
760 5160 934 5230 igitur
953 5160 1340 5216 vidisseteum
1377 5159 1970 5227 senex,libentissime

306 5248 611 5314 salutavit,
648 5248 945 5319 allataque
982 5264 1131 5317 aqua
1179 5248 1317 5303 lavit
1366 5249 1540 5319 pedes
1590 5250 1739 5316 ejus,
1773 5264 1837 5301 ac
1870 5263 1972 5317 per

304 5344 490 5392 totam
532 5338 688 5393 diem
722 5337 1048 5393 collocutus
1085 5355 1216 5392 cum
1242 5354 1309 5392 eo
1328 5338 1397 5391 de
1428 5336 1807 5391 aedificatione
1839 5336 1967 5391 aui~

301 5445 443 5491 mm,
471 5429 567 5483 die
598 5428 709 5483 alia
742 5428 972 5483 dimisit
1013 5444 1167 5484 eum.
1206 5428 1516 5498 Postquam
1553 5443 1685 5481 vero
1716 5427 1970 5481 abcessit

301 5517 493 5572 abbas
517 5517 856 5588 Gregorius,
883 5518 1025 5583 dixi,
1051 5518 1261 5588 inquit,
1289 5533 1393 5589 ego
1417 5516 1541 5573 seni
1570 5534 1580 5571 ;
1606 5515 1752 5585 Scis,
1780 5521 1964 5584 Pater,

305 5606 905 5679 quiascandalizatus
923 5624 1076 5673 sum,
1104 5607 1255 5678 quod
1280 5623 1411 5661 cum
1437 5605 1719 5677 plurimos
1742 5605 1964 5676 cpisco-

307 5713 446 5770 pos,
480 5697 874 5769 presbyteros,
906 5701 964 5753 et
1013 5698 1159 5753 alios
1206 5697 1469 5752 duxerim
1523 5696 1591 5751 ad
1635 5700 1709 5765 te,
1745 5696 1965 5751 nullius

309 5800 583 5857 unquam
616 5786 854 5842 illorum
886 5786 1062 5858 pedes
1094 5786 1298 5843 levasti
1335 5785 1446 5841 nisi
1479 5788 1708 5841 tantum
1740 5785 1966 5840 abbatis

2088 4716 2363 4788 operibus
2384 4716 2630 4770 conferri
2653 4720 3117 4786 posset,eratque
3141 4712 3740 4769 famosissimusinter

2086 4822 2309 4860 omnes.
2350 4805 2443 4859 Die
2476 4820 2605 4859 vero
2639 4804 2887 4875 quadam
2922 4819 3055 4857 cum
3092 4807 3381 4857 exerceret
3430 4801 3738 4856 latrocinia

2084 4911 2217 4949 cum
2252 4894 2421 4949 sociis
2458 4892 2587 4963 plus
2619 4910 2796 4963 quam
2829 4892 3091 4964 triginta,
3123 4891 3354 4946 rediens
3406 4890 3461 4944 in
3516 4895 3736 4945 semet—

2080 4983 2301 5055 ipsum,
2336 4988 2841 5053 compunctusque
2871 4982 2928 5035 in
2981 4982 3071 5036 his
3119 4999 3245 5053 qua:
3298 4982 3737 5050 perpetraverat

2081 5071 2647 5134 sceleribus,relictis
2663 5070 2836 5127 sociis
2851 5071 2993 5126 abiit
3008 5071 3077 5125 ad
3097 5068 3520 5126 monasterium
3535 5068 3633 5122 .Cu
3646 5086 3735 5122 m-

2081 5177 2192 5233 que
2226 5160 2485 5232 pulsaret
2513 5160 2849 5215 monasterii
2875 5162 3147 5231 januam,
3182 5159 3321 5214 exiit
3350 5156 3646 5220 ostiarius,
3674 5162 3731 5212 et

2080 5250 2225 5304 dixit
2254 5250 2301 5304 ei
2340 5266 2351 5304 :
2387 5250 2536 5314 Quid
2569 5250 2697 5304 vis?
2734 5249 3010 5321 Princeps
3041 5254 3240 5304 autem
3273 5247 3563 5303 latronum
3599 5247 3680 5301 ait
3715 5264 3727 5302 :

2078 5340 2399 5394 Monachus
2433 5339 2551 5393 fieri
2585 5338 2727 5394 volo.
2767 5341 3071 5409 Ingressus
3102 5354 3235 5393 vero
3268 5337 3545 5392 ostiarius
3580 5355 3729 5391 nun-

2078 5428 2243 5483 tiavit
2290 5430 2481 5483 abbati
2537 5430 2607 5482 de
2658 5428 2778 5482 illo.
2836 5434 3114 5499 Egressus
3169 5428 3237 5481 ad
3293 5426 3459 5481 illum
3520 5425 3726 5495 abbas,

2077 5522 2133 5573 et
2179 5518 2381 5573 videns
2438 5518 2577 5589 quia
2628 5519 2753 5587 jam
2810 5534 2985 5571 senex
3043 5522 3217 5583 esset,
3271 5515 3418 5571 dixit
3460 5516 3558 5571 ei:
3600 5516 3722 5573 Non

2079 5615 2239 5680 potes
2273 5608 2367 5663 hic
2401 5624 2672 5671 manere;
2711 5606 2961 5661 multum
2996 5608 3151 5661 enim
3189 5606 3445 5661 laborem
3473 5608 3723 5661 tolerant

2076 5698 2306 5765 fratres,
2333 5699 2801 5768 abstinentiaque
2834 5713 3047 5768 magna
3076 5702 3183 5765 est,
3211 5705 3264 5753 et
3296 5701 3357 5753 tu
3390 5713 3520 5751 cum
3554 5695 3721 5749 aliter

2075 5792 2349 5843 assuetus
2373 5786 2910 5858 sis,districtionem
2936 5786 3563 5843 monasteriiferrenon
3580 5799 3724 5854 prre~
