4180 6338
474 399 571 455 191

1658 403 1754 455 DE
1792 402 1984 455 VITIS
2024 402 2324 456 PATRUM
2362 402 2575 456 LIBER
2612 402 2684 455 X.

3793 399 3890 455 192

470 530 651 587 vales.
679 530 778 587 Ille
801 535 993 587 autem
1017 531 1242 600 orabat,
1266 530 1507 586 dicens:
1534 530 1742 601 Utique
1766 530 1973 585 faciam
1998 546 2118 583 om.
2154 534 2212 598 A
2242 528 2615 585 illustrantur
2668 528 2963 602 operibus.
2997 528 3107 585 Ubi
3138 547 3271 585 vero
3304 529 3459 585 Deus
3494 532 3604 599 est,
3641 530 3775 602 quis
3806 531 3888 586 iu-

474 622 1007 688 nia,tantummodo
1031 621 1265 691 suspice
1289 620 1589 675 me.Pnrro
1608 620 1789 674 abbas
1813 619 1869 673 in
1890 624 2126 674 senten—

472 712 555 767 tia
587 728 692 765 sua
724 711 1093 780 persistebat,
1119 709 1321 764 dicens
1357 726 1368 762 :
1406 709 1532 765 Non
1566 714 1730 779 potes
1762 708 1931 764 ferre.
1965 708 2129 762 Tunc

473 801 555 856 ait
584 799 668 854 illi
704 799 997 854 latronum
1034 798 1306 871 princeps
1334 815 1345 850 :
1370 802 1442 852 Ut
1465 798 1639 865 scias,
1664 814 1770 869 ego
1793 814 1922 853 sum
1946 798 2125 851 David

473 891 747 962 princeps
778 888 1096 954 latronum,
1131 892 1187 942 et
1222 887 1436 941 idcirco
1460 887 1589 941 veni
1626 887 1759 950 huc,
1786 891 1851 940 ut
1882 887 2126 941 deﬂeam

472 983 711 1049 peccata
745 994 894 1032 mea.
929 978 987 1031 Si
1022 983 1217 1031 autem
1251 993 1342 1031 me
1376 978 1675 1047 suscipere
1706 976 1987 1043 nolueris,
2018 977 2128 1030 sub

465 1068 854 1138 jurejurando
879 1066 982 1120 tibi
1007 1070 1298 1137 protestor
1320 1082 1422 1138 per
1443 1082 1574 1120 eum
1602 1066 1701 1137 qui
1722 1066 1778 1119 in
1803 1064 2127 1120 ccelohabi—

472 1161 579 1223 tat,
605 1155 741 1227 quia
770 1172 977 1210 rursus
1005 1156 1072 1209 ad
1102 1156 1356 1226 priorem
1391 1159 1609 1209 statum
1645 1155 1936 1219 remeabo,
1961 1158 2017 1209 et
2038 1171 2127 1208 as-

474 1245 732 1316 sumptis
755 1260 983 1300 mecum
1009 1244 1183 1299 sociis
1212 1244 1377 1311 meis,
1404 1261 1507 1299 vos
1530 1259 1733 1299 omnes
1755 1243 2128 1311 interficiam,

473 1340 788 1406 totumque
823 1333 1249 1389 monasterium
1275 1340 1556 1389 evertam.
1578 1333 1930 1391 llisauditis.
1950 1331 2129 1387 abbas

475 1424 738 1496 suscepit
769 1440 901 1478 eum
934 1423 1091 1477 intra
1114 1420 2126 1492 monasterium,toudensqueillum

471 1512 717 1569 tradidit
741 1513 791 1567 ei
812 1512 1151 1583 religiosum
1178 1512 1660 1583 habitum.Cmpit
1683 1512 1861 1582 igitur
1881 1510 1939 1566 in
1966 1510 2132 1582 spiri-

472 1603 576 1658 tali
612 1602 819 1657 militia
840 1608 1153 1657 veteranus
1178 1603 1285 1655 tiro
1309 1617 1592 1673 pugnare.
1612 1600 2131 1656 etabstinentiaaac

472 1691 836 1758 obedientiae,
853 1690 1329 1762 humilitatisque
1352 1690 1565 1745 studiis
1583 1694 1827 1745 cunctos
1852 1690 2134 1760 quierant

473 1782 535 1836 in
570 1781 926 1835 monasterio
958 1782 1374 1834 transcendere
1406 1785 1594 1846 (erant.
1625 1784 1821 1833 autem
1858 1778 1974 1832 fere
2006 1794 2133 1848 sep-

2232 620 2435 675 sidiari
2468 620 2642 687 valet,
2675 624 2777 675 aut
2801 636 3007 675 nocere
3041 619 3298 690 poterit?

2305 709 2457 764 Dixit
2478 709 2688 765 iterum
2715 728 2726 765 :
2754 709 3069 764 Hominum
3088 708 3270 764 virtus
3295 709 3497 763 nonin
3526 713 3737 764 natura
3757 725 3887 764 con-

2233 798 2539 867 sistit,ha'c
2558 798 2712 853 enim
2729 797 3027 853 variabilis
3043 798 3265 863 est,sed
3294 799 3348 851 in
3376 797 3686 868 proposito
3713 797 3889 867 pieta-

2232 887 2331 956 tis,
2364 893 2421 942 et
2455 888 2508 941 in
2546 887 2643 942 Dei
2694 890 3003 956 adjutorio.
3039 890 3331 942 Curemus
3383 886 3587 957 itaque
3636 886 3889 941 animam

2234 981 2519 1045 nostram,
2551 976 2675 1042 filii,
2706 976 3207 1046 quemadmodum
3235 981 3289 1030 et
3316 993 3537 1048 corpus
3572 976 3843 1031 facimus.

2306 1066 2532 1121 Rursus
2551 1068 2632 1120 ait
2654 1083 2829 1121 senex
2856 1082 2867 1119 :
2892 1065 3253 1136 Colligamus
3285 1066 3501 1119 anima:
3536 1065 3890 1135 curationes,

2234 1154 2343 1210 hoc
2375 1161 2463 1210 est
2496 1154 3130 1225 pietatem,justitiam,
3156 1153 3897 1225 humilitatem,subjectio-

2234 1260 2392 1299 nem.
2424 1245 2714 1299 Maximus
2748 1245 2903 1299 enim
2939 1244 3268 1299 animarum
3320 1244 3594 1298 medicus
3632 1243 3897 1299 Christus

2235 1334 2392 1388 Deus
2445 1341 2643 1388 noster
2689 1350 2865 1404 prope
2914 1339 3023 1399 est,
3059 1332 3298 1403 vultque
3347 1349 3560 1388 curare
3613 1349 3742 1387 nos.
3775 1336 3895 1388 Non

2236 1439 2373 1495 ergo
2406 1424 2799 1495 negligamus,
2835 1440 3021 1495 neque
3053 1439 3459 1495 aspernemur.

2310 1515 2401 1567 Ait
2426 1531 2698 1569 rursum:
2730 1514 2902 1569 Docet
2922 1532 3026 1569 nos
3052 1514 3337 1569 Dominus
3361 1514 3598 1568 sobrios
3622 1530 3691 1567 ac
3715 1513 3897 1584 fruga-

2238 1606 2323 1661 Ies
2372 1623 2519 1673 esse,
2554 1624 2659 1662 nos
2712 1613 2907 1662 autem
2944 1607 3144 1662 miseri
3179 1622 3281 1678 per
3309 1605 3556 1661 delicias
3588 1604 3900 1660 deﬂuimus

2238 1697 2295 1751 in
2328 1698 2677 1769 voluptates.

2311 1790 2464 1844 Dixit
2514 1789 2724 1843 iterum
2775 1805 2997 1843 senex:
3034 1788 3535 1844 Commendemus
3589 1804 3698 1843 nos
3747 1786 3901 1858 ipsos

470 1871 744 1942 tuaginta
776 1869 1357 1964 monachi),cunclos
1392 1867 2129 1964 aediﬁcans,omuibusque
2163 1899 2208 1964 B
2241 1883 2384 1947 Deo,
2421 1882 2923 1952 quemadmodum
2986 1882 3067 1935 ait
3124 1880 3339 1936 paulus
3390 1880 3571 1951 (nam.
3608 1878 3709 1947 νι),
3739 1878 3901 1949 quasi

470 1960 724 2016 existens
745 1961 929 2014 forma
951 1958 1208 2023 virtutis,
1235 1964 1291 2013 et
1316 1959 1647 2013 sanctitatis
1666 1956 2129 2027 exemplum.Die

468 2065 604 2104 vero
636 2048 890 2119 quadam
927 2049 1165 2103 sedente
1188 2047 1286 2102 illo
1309 2048 1364 2102 in
1392 2064 1500 2101 sua
1532 2046 1764 2113 cellula,
1791 2046 2010 2100 missus
2042 2050 2131 2099 est

474 2139 544 2194 ad
579 2154 713 2193 eum
749 2136 992 2208 angelus
1024 2137 1148 2201 Dei,
1171 2136 1409 2191 dicens:
1438 2136 1641 2204 David,
1666 2134 1867 2200 David,
1906 2135 2132 2190 remisit

479 2228 583 2282 tibi
620 2232 771 2281 Deus
804 2231 1039 2298 peccata
1070 2232 1190 2293 tua,
1216 2231 1273 2281 et
1294 2226 1410 2281 eris
1432 2243 1499 2281 ex
1523 2241 1678 2280 nunc
1702 2225 1866 2293 signa
1891 2225 2128 2279 faciens.

478 2317 586 2381 Qui
640 2315 999 2386 respondens
1048 2315 1235 2369 dixit:
1274 2314 1520 2370 Credere
1554 2331 1666 2370 non
1700 2330 1943 2386 possum
1977 2314 2127 2385 quod

477 2404 673 2461 omnia
706 2408 945 2475 peccata
977 2420 1106 2458 mea
1133 2403 1234 2458 illa
1265 2403 1430 2474 plura
1452 2420 1623 2474 quam
1652 2420 1829 2458 arena
1851 2402 2033 2457 maris
2056 2411 2134 2457 at-

479 2511 591 2566 que
608 2492 1019 2565 graviora,tam
1038 2493 1191 2547 brevi
1210 2496 1470 2563 tempore
1488 2491 1628 2546 mihi
1648 2490 1937 2547 remiserit
1960 2492 2131 2546 Deus.

478 2582 582 2639 Cui
618 2581 862 2653 angelus
895 2580 1010 2635 ait:
1037 2580 1097 2635 Si
1121 2580 1405 2636 sacerdoti
1428 2580 1717 2635 Zacharize
1740 2582 1852 2652 (31)
1876 2597 1989 2635 non
2014 2596 2135 2634 cre-

480 2672 643 2728 denti
675 2670 995 2737 mihi,cum
1033 2670 1115 2723 illi
1150 2670 1334 2723 ﬁlium
1370 2670 1697 2741 pollicerer,
1734 2687 1849 2724 non
1885 2670 2134 2740 peperci,

484 2762 583 2817 sed
611 2762 739 2831 ejus
764 2760 915 2814 vinxi
942 2758 1635 2831 linguam,docensillum
1655 2776 1767 2813 non
1787 2759 1996 2813 debere
2010 2774 2139 2812 esse

486 2852 637 2907 905
676 2848 1044 2903 ineredulum
1076 2847 1169 2903 his
1193 2865 1319 2920 qua:
1344 2864 1373 2902 a
1400 2864 1490 2903 me
1523 2848 2009 2917 dicebantur,nec
2034 2847 2139 2901 tibi

486 2939 721 3011 quidem
748 2938 1082 3009 pareiturus
1104 2954 1237 2992 sum
1267 2955 1278 2992 :
1306 2936 1519 2992 idcirco
1538 2938 1653 2993 eris
1686 2938 1894 2991 amodo
1919 2953 2027 2992 non
2056 2936 2139 2989 lo-

485 3045 693 3101 quens.
721 3028 897 3082 David
917 3036 1108 3081 autem
1128 3031 1455 3098 prostratus
1471 3026 1762 3081 humiait:
1779 3026 1923 3080 Cum
1948 3042 2140 3081 essem

480 3120 540 3173 in
567 3116 798 3184 saeculo,
826 3116 1044 3171 nefaria
1076 3116 1287 3171 SCBiCl‘.t
1313 3116 1550 3175 faciens.
1574 3122 1629 3169 et
1654 3115 1980 3170 humanum
2008 3132 2142 3170 san-

479 3208 718 3279 guinem
773 3205 1047 3271 fundens,
1078 3205 1397 3272 loquebar;
1452 3206 1621 3258 modo
1654 3206 1890 3275 quando
1925 3206 2139 3259 servire

480 3294 761 3364 Deovolo,
788 3293 1111 3365 laudesque
1135 3292 1215 3346 illi
1243 3294 1894 3364 offerre,tunclinguam
1923 3309 2134 3360 meam,

484 3402 558 3441 ne
580 3384 810 3454 loquar,
842 3383 1035 3454 ligas?
1066 3382 1390 3452 Respondit
1423 3381 1505 3435 illi
1539 3384 1786 3453 angelus
1822 3400 1834 3436 :
1868 3384 2010 3438 Cum
2038 3383 2138 3435 im-

488 3473 678 3546 plebis
710 3471 1051 3543 psalmodiis
1082 3487 1389 3536 canonem,
1422 3470 1702 3542 loqueris,
1732 3476 1933 3541 przrter
1968 3487 2139 3525 cano-

488 3579 620 3618 nem
646 3577 777 3615 vero
800 3559 1034 3631 penitus
1068 3559 1305 3613 tacebis.
1333 3560 1493 3624 Quod
1527 3567 1584 3613 et
1616 3560 1830 3613 factum
1866 3565 1972 3625 est,
2011 3560 2140 3630 plu-

486 3652 752 3721 rimaque
782 3666 883 3721 per
908 3649 1074 3703 illum
1099 3655 1252 3704 Deus
1269 3648 1552 3703 miracula
1567 3648 2144 3704 ostendit.Psallebat

486 3740 667 3812 igitur
690 3738 968 3809 psalmos,
994 3737 1221 3792 nullum
1255 3755 1388 3792 vero
1417 3739 1658 3792 verbum
1692 3738 1871 3792 alium
1902 3738 2142 3793 omnino

488 3830 647 3900 loqui
675 3833 920 3901 poterat.
944 3828 1048 3892 Qui
1074 3844 1211 3882 vero
1232 3828 1401 3882 nobis
1435 3828 1542 3881 ista
1576 3828 1855 3893 narravit,
1890 3845 1950 3882 se
1973 3828 2139 3882 illum

488 3919 707 3975 vidisse
739 3918 1060 3987 asserebat,
1093 3924 1149 3972 et
1176 3918 1359 3972 Deum
1392 3917 1772 3987 gloriﬁcasse.

1063 4058 1292 4113 CAPUT
1338 4057 1574 4112 CXLIV.

525 4168 943 4223 Admonilz'ones
976 4165 1141 4218 unius
1172 4180 1241 4219 ex
1269 4164 1489 4218 senibus
1520 4168 1616 4235 qui
1645 4168 1801 4219 erant
1834 4167 1892 4219 in
1925 4165 2107 4221 Celtis.

495 4307 502 4315 ’
565 4305 1056 4376 Dicebatquidam
1071 4321 1099 4359 e
1115 4304 1355 4361 senibus
1372 4305 1650 4362 fratribus
1666 4305 2012 4378 quierautin
2028 4306 2147 4363 Cel'

494 4398 568 4453 lis
596 4397 754 4451 :Non
787 4398 1136 4466 appetamus
1170 4395 1452 4467 ngyptiis
1477 4396 1693 4451 servire
1722 4395 2145 4468 voluptatibus,

493 4504 623 4560 quae
657 4484 945 4541 Pharaoni
979 4486 1308 4556 pernicioso
1336 4488 1582 4556 tyranno
1602 4485 1883 4541 obnoxios
1905 4485 2144 4541 faciunt.

570 4575 721 4630 Dixit
752 4575 962 4629 iterum
993 4573 1264 4629 :Utinam
1295 4579 1578 4643 quantum
1614 4574 1794 4629 studii
1821 4577 1972 4629 circa
1993 4574 2149 4633 mala

493 4665 718 4720 habent
774 4664 1068 4730 homines,
1119 4668 1349 4718 tantum
1413 4663 1695 4719 haberent
1752 4664 1905 4719 circa
1951 4665 2141 4734 bona;

493 4762 552 4812 et
584 4756 792 4825 ingens
823 4755 893 4808 ad
929 4753 1265 4823 spectacula
1293 4754 1583 4824 studium,
1618 4758 1676 4807 et
1706 4754 1775 4810 ad
1805 4771 1983 4810 vanas
2015 4758 2135 4810 tur-

492 4860 713 4917 pesque
768 4842 1195 4912 solemnitates,
1232 4860 1332 4897 nec
1384 4859 1498 4896 non
1551 4844 1877 4903 avaritiam,
1912 4848 1967 4900 et
2016 4844 2141 4899 ina-

491 4951 619 4989 nem
675 4932 923 5004 gloriam
985 4936 1161 5003 atque
1223 4932 1597 5002 injuslitiam,
1645 4934 2029 4989 transferrent
2071 4934 2140 4988 ad

492 5025 764 5079 affectum
795 5020 1383 5094 pietatis.Nunquam
1416 5023 1671 5092 profecto
1703 5023 2144 5094 ignorassemus

497 5118 786 5184 quantum
813 5129 846 5167 a
872 5112 980 5166 Deo
1001 5110 1272 5167 honorati
1305 5128 1532 5178 sumus,
1557 5116 1607 5166 et
1630 5118 1832 5168 contra
1850 5114 2143 5169 daemones

503 5218 845 5273 possumus.

573 5290 726 5344 Dixit
746 5290 957 5345 iterum
981 5306 1177 5345 senex:
1199 5291 1312 5345 Deo
1330 5291 1519 5361 majus
1542 5290 1687 5345 nihil
1711 5295 1819 5353 est,
1843 5291 1945 5346 sed
1961 5308 2146 5363 neque

501 5396 628 5451 par,
656 5395 839 5448 neque
863 5381 1015 5449 quod
1041 5397 1151 5435 non
1182 5380 1431 5435 maxime
1466 5380 1821 5436 inferiussit.
1850 5381 1995 5446 Quid
2011 5398 2147 5453 ergo

499 5468 620 5523 illis
646 5468 855 5523 fortius
872 5486 934 5523 ac
952 5470 1200 5537 beatius,
1225 5470 1322 5540 qui
1340 5469 1522 5525 Deum
1539 5469 1755 5525 habent
1778 5471 2105 5540 adjutorem
2123 5472 2150 5526 ?

574 5556 957 5613 Dixititerum
984 5574 997 5611 :
1026 5557 1505 5630 Ubiquequidem
1523 5559 1799 5622 Deusest,
1826 5559 1936 5629 piis
1952 5564 2147 5616 autem

504 5651 559 5702 et
581 5646 637 5700 in
662 5644 955 5717 spirituali
977 5648 1247 5701 exercitio
1272 5648 1628 5704 sudantibus
1653 5648 2150 5720 propinquat;non

452 5766 455 5767 ν
504 5735 598 5791 his
630 5734 730 5806 qui
765 5734 1125 5807 professione
1158 5736 1281 5793 sola
1329 5737 1729 5801 bonestanlur,
1765 5738 1861 5793 sed
1914 5737 2003 5793 his
2052 5739 2153 5809 qui

2240 1990 2303 2029 ex
2339 1973 2588 2027 mortuis
2632 1973 2914 2041 viventes,
2941 1988 3129 2043 neque
3165 1971 3473 2042 praeteritis
3509 1969 3900 2034 intendentes,

2234 2062 2650 2118 obliviscamur
2696 2062 3020 2128 anteriora;
3047 2062 3144 2115 sed
3184 2060 3517 2116 secundum
3567 2058 3901 2113 destinatio-

2237 2167 2373 2207 nem
2411 2167 2834 2221 persequamur
2866 2150 2935 2205 ad
2971 2150 3233 2204 bravium
3272 2165 3547 2221 supernae
3580 2148 3900 2204 vocationis

2240 2238 2468 2309 (Philip.
2502 2238 2608 2307 ιιι).

2316 2325 2722 2396 Interrogatus
2750 2323 2845 2377 hic
2877 2340 3049 2378 senex
3075 2341 3106 2376 a
3131 2323 3301 2377 fratre
3320 2323 3757 2395 quodam,quid
3782 2340 3901 2377 cau-

2245 2431 2320 2469 sa:
2354 2418 2509 2468 esset
2541 2429 2645 2467 cur
2675 2412 2911 2465 assidue
2952 2411 3249 2481 judicaret
3282 2412 3515 2479 fratres,
3554 2411 3855 2481 respondit
3888 2425 3900 2464 :

2241 2504 2386 2568 Quia
2413 2504 2661 2559 necdum
2691 2508 2744 2557 te
2770 2504 2962 2574 ipsum
2990 2503 3602 2573 cognovisti.Namqui
3630 2520 3692 2558 sc
3712 2502 3900 2574 ipsum

2243 2596 2422 2663 novit,
2459 2596 2700 2650 fratrum
2736 2594 2877 2649 vitia
2909 2612 3021 2648 non
3055 2593 3285 2664 aspicit.

2824 2693 3052 2748 CAPUT
3094 2693 3305 2749 CXLV.

2248 2788 2378 2844 Vita
2411 2786 2557 2841 beati
2587 2783 2859 2840 Gennadii
2884 2784 3225 2855 patriarcha
3274 2779 3900 2855 Conslantinopolilani,

2652 2866 2703 2911 el
2735 2856 2802 2910 de
2829 2857 2946 2920 eius
2980 2856 3178 2911 lectore
3209 2855 3487 2911 Chai-isto.

2314 2964 2685 3021 Accessimus
2736 2964 2794 3017 in
2847 2963 3174 3018 coenobium
3207 2964 3360 3034 quod
3396 2963 3616 3018 dicitur
3644 2960 3898 3024 Salama,

2246 3073 2400 3111 nouo
2426 3056 2495 3110 ab
2522 3054 2873 3110 Alexandria
2907 3053 3181 3108 milliario
3203 3053 3902 3120 distans,invenimusque

2248 3144 2367 3199 illic
2390 3145 2539 3199 duos
2562 3143 2932 3214 presbyteros
2954 3141 3900 3213 sencs,quidixeruntnobis,Con-

2170 3255 2212 3322 ρ
2250 3233 2792 3303 stautinopolitanaa
2821 3231 3090 3287 Ecclesiae
3121 3250 3181 3287 se
3212 3249 3341 3286 esse
3372 3234 3900 3304 presbyteros,nar-

2250 3326 2572 3394 rabantque
2607 3324 2775 3378 nobis
2807 3324 2875 3378 de
2908 3325 3073 3378 beato
3093 3325 3391 3377 Gennadio
3418 3322 3902 3389 Constantinopo-

2245 3417 2427 3472 litano
2460 3414 2809 3487 patriarcha,
2844 3416 2996 3485 quod
3028 3415 3201 3469 fuerit
3233 3414 3612 3479 mitissimus,
3650 3418 3704 3468 et
3737 3427 3896 3467 mun-

2247 3509 2359 3562 dus
2392 3524 2652 3577 corpore,
2690 3506 3061 3576 multumque
3093 3508 3419 3560 continens.

2318 3595 2601 3651 Dicebant
2623 3594 2804 3649 ethoc
2830 3593 2994 3648 nobis
3019 3595 3089 3647 de
3114 3593 3258 3663 ipso,
3286 3593 3442 3664 quod
3468 3610 3603 3648 eum
3635 3589 3896 3647 molesta-

2248 3691 2404 3740 retur
2425 3702 2458 3738 a
2476 3682 2747 3754 plurimis
2771 3683 2840 3736 de
2862 3682 3114 3753 quodam
3133 3680 3341 3736 clerico
3359 3681 3537 3736 nimis
3557 3681 3891 3749 delinquen-

2246 3780 2322 3843 te,
2347 3774 2608 3830 Charisio
2640 3774 2896 3841 nomine,
2923 3771 3227 3827 accersivit
3254 3788 3384 3826 eum
3421 3769 3777 3842 patriarcha,
3803 3768 3887 3837 ip'

2248 3879 2499 3934 sumque
2522 3862 2835 3916 emendare
2856 3867 3102 3915 conatus
3119 3860 3379 3913 est.Cum
3397 3875 3532 3913 vero
3549 3856 3692 3912 nihil
3710 3857 3892 3909 incre-

2248 3952 2442 4023 pando
2482 3951 2808 4021 proficeret,
2861 3947 3130 4019 permisit
3160 3947 3322 4001 illum
3358 3953 3601 4017 paterna
3634 3952 3688 4000 et
3716 3941 3887 3999 eccle-

2248 4042 2490 4098 siastica
2523 4057 2770 4095 censura
2804 4037 3434 4110 ﬂagellari.P0stquam
3453 4054 3590 4094 vero
3623 4031 3892 4091 didicitin

2250 4130 2411 4188 nullo
2426 4131 2723 4186 meliorem
2744 4131 2889 4198 ﬁeri,
2914 4146 3103 4200 neque
3119 4129 3428 4199 perverba,
3453 4144 3645 4199 neque
3670 4143 3770 4198 per
3794 4121 3894 4176 ﬂa-

2250 4220 2840 4295 gella(vacabatenim
2862 4218 3190 4274 homicidiis
3206 4223 3265 4271 et
3289 4217 3533 4287 magicis
3549 4210 3892 4289 praestigiis),

2252 4313 2434 4367 misso
2467 4311 2719 4382 quodam
2766 4307 3141 4379 apocrisiario
3197 4324 3302 4363 suo
3347 4307 3535 4376 jussit
3582 4312 3644 4362 ut
3692 4305 3896 4358 diceret

2253 4407 2451 4456 sancto
2476 4397 3226 4469 martyriEleutherio(erat
3249 4395 3400 4451 enim
3430 4396 3613 4451 lector
3639 4394 3694 4447 in
3719 4390 3895 4464 ipsius

2268 4489 2859 4556 oratorioCharisius)
2874 4506 2886 4543 :
2901 4488 3065 4544 Miles
3082 4492 3239 4554 tuus,
3256 4491 3457 4542 sancte
3473 4485 3575 4541 Dei
3593 4477 3893 4540 Eleutheri,

2257 4580 2508 4635 multum
2528 4583 2929 4650 peccatorest;
2959 4577 3322 4631 autemeuda
3361 4574 3552 4640 illum,
3578 4569 3893 4629 autexcide.

2260 4668 2621 4739 Venitigitur
2640 4666 3057 4739 apocrisiarius
3082 4668 3136 4719 in
3163 4665 3792 4731 oratorium,stansque
3808 4671 3897 4711 an-

2259 4762 2315 4813 te
2337 4758 2539 4827 altare,
2569 4773 2632 4811 ac
2659 4757 2971 4810 intendens
3002 4756 3072 4810 ad
3102 4753 3437 4825 sepulcrum
3486 4752 3774 4822 martyris,
3805 4760 3896 4801 ex-

2257 4848 2624 4917 tendensque
2660 4860 2900 4899 manum
2937 4860 3101 4898 suam
3137 4843 3218 4897 ait
3251 4841 3493 4913 martyri
3529 4859 3541 4896 :
3576 4831 3898 4894 Patriarcha

2261 4936 2602 4991 Gennadius
2635 4934 2929 5001 significat
2958 4934 3143 4998 vobis,
3180 4938 3381 4987 sancte
3422 4929 3639 4985 Christi
3690 4928 3897 4991 martyr

2260 5023 2579 5088 Eleutheri,
2608 5040 2709 5093 per
2735 5038 2825 5077 me
2848 5028 3232 5094 peccatorem,
3258 5022 3395 5091 quia
3419 5019 3586 5074 miles
3608 5023 3737 5071 tuus
3757 5007 3895 5067 mul-

2261 5118 2388 5168 tum
2423 5118 2640 5183 peccat.
2664 5114 2777 5166 Aut
2808 5114 3057 5166 emenda
3086 5110 3276 5176 illum,
3298 5115 3399 5165 aut
3422 5108 3665 5179 praecide
3686 5097 3896 5159 eum'ln

2262 5204 2585 5257 crastinum
2601 5218 2733 5257 vero
2750 5204 3017 5255 mortuus
3039 5200 3311 5254 inventus
3326 5196 3707 5253 estscelerum
3722 5187 3898 5261 opifex

2261 5291 2589 5357 Charisius,
2623 5296 2681 5346 et
2728 5307 2933 5345 omnes
2994 5289 3383 5359 obstupefacti
3442 5274 3899 5358 glorificaverunt

2264 5381 2471 5437 Deum.

2847 5467 3077 5523 CAPUT
3117 5466 3340 5523 CXLVI.

2505 5556 2646 5613 l’isz’o
2677 5556 2906 5625 Eulogii
2932 5556 3265 5628 patriarcha:
3296 5549 3687 5610 Alexandrini.

2340 5647 2482 5701 Cum
2517 5663 2783 5701 essemus
2825 5646 2880 5700 in
2917 5647 3118 5701 eodem
3153 5646 3435 5713 coenobio,
3465 5639 3715 5700 narravit
3744 5628 3897 5690 nobis

2268 5738 2450 5795 abbas
2479 5740 2695 5806 Menas,
2731 5735 2979 5792 ccenobii
3011 5735 3197 5807 ipsius
3232 5735 3505 5802 Pater,de
3536 5733 3733 5791 sancto
3764 5735 3896 5797 papa
