4180 6338
268 395 365 449 193

1575 393 1872 447 PRATUM
1910 392 2359 449 SPIRITUALE.

264 516 638 575 Alexandrino
656 513 1123 586 Eulogio,dicens
1142 532 1153 569 :
1172 516 1620 585 Noctequadam
1638 532 1770 571 cum
1788 515 1897 571 sibi
1932 518 1983 583 Α

269 607 600 663 matutinum
636 604 863 657 laudem
900 601 1298 657 celebraretin
1316 606 1693 675 episcopatus
1716 609 1907 657 orato-

268 695 513 761 rio,vidit
529 710 701 763 prope
718 709 776 747 se
791 690 1314 746 assistereJulianu
1331 708 1385 745 m
1403 692 1906 746 archidiaconum.

268 786 433 848 Quem
452 783 955 835 utviditturbatus
972 786 1078 846 est,
1104 797 1207 833 cur
1236 781 1445 837 fuisset
1462 782 1907 852 aususingredi,

270 874 402 927 nihil
440 872 523 924 illi
559 872 859 933 nuntians,
884 871 1069 923 tacuit
1102 876 1316 924 tamen.
1346 871 1409 923 Et
1448 888 1579 925 cum
1610 870 1913 939 implesset

274 961 575 1033 psalmum,
610 959 1000 1031 proslravitse
1023 960 1207 1013 humi.
1232 960 1509 1014 I’ecithoc
1534 961 1688 1014 906
1716 961 1910 1029 ipsum

270 1058 319 1106 et
347 1051 395 1104 is
424 1050 612 1119 quiin
647 1050 842 1119 specie
864 1047 1082 1101 Iuliani
1109 1048 1507 1103 archidiaconi
1536 1054 1907 1120 apparuerat.

274 1140 473 1195 Deinde
489 1155 622 1192 cum
640 1139 899 1192 oratione
918 1138 1065 1191 facta
1082 1138 1432 1192 surrexisset
1449 1137 1799 1209 patriarcha,
1819 1136 1914 1190 ille

271 1228 647 1284 nihilominus
665 1228 722 1281 in
746 1227 1346 1297 pavimentojacebat.
1370 1227 1699 1282 Conversus
1717 1232 1910 1281 autem

273 1319 516 1391 pontifex
549 1318 693 1370 dicit
728 1315 848 1371 illi:
885 1316 1177 1378 Quamdiu
1214 1332 1327 1369 non
1355 1314 1597 1385 surgis?
1631 1315 1727 1369 Ait
1754 1332 1765 1370 :
1791 1314 1914 1368 Nisi

274 1408 403 1463 mihi
436 1408 562 1478 ipse
583 1421 823 1460 insnum
844 1406 1106 1475 porrigas
1121 1405 1379 1475 eterigas
1398 1422 1510 1467 me,
1538 1420 1777 1476 surgere
1798 1420 1912 1458 non

276 1514 521 1571 possum.
556 1497 723 1551 Tunc
754 1496 1011 1550 extendit
1047 1511 1282 1550 manum
1313 1512 1477 1548 suam
1513 1493 1814 1566 Eulogius,
1850 1510 1916 1549 ac

276 1597 464 1642 tenens
498 1587 681 1641 erexit
716 1585 899 1651 illum,
934 1583 1223 1655 coepitque
1255 1584 1466 1639 iterum
1490 1583 1756 1655 psallere.
1778 1587 1918 1637 Post

276 1676 565 1749 paululum
588 1680 787 1729 autem
808 1689 1147 1738 conversus,
1171 1674 1461 1727 neminem
1480 1672 1634 1725 vidit.
1660 1675 1799 1726 t‘um
1820 1672 1920 1743 igi-

276 1765 666 1835 turimplesset
684 1762 1001 1817 matutinas
1016 1761 1475 1827 laudes,vocavit
1490 1761 1918 1815 cubicularium

3563 402 3665 458 194

2548 518 2779 574 CAPUT
2828 518 3125 576 CXLVIII.

2019 609 2157 662 Visio
2190 608 2447 664 Theodori
2475 612 2713 681 episcori
2743 612 2965 735 LDarnae
3002 610 3067 666 de
3104 612 3285 667 eodem
3339 612 3655 671 beatissimo

2782 698 2932 735 εοηρ.

2782 698 2932 736 εοηρ.

2084 786 2421 840 Theodorus
2448 789 2863 841 sanctissimus
2887 788 3197 859 episcopus
3241 790 3443 845 Darnze
3467 794 3664 849 civita-

2016 876 2110 940 tis,
2130 893 2253 946 qua:
2274 878 2327 930 in
2346 877 2642 944 Libyaest,
2669 878 2919 930 narravit
2942 879 3127 941 nobis,
3146 879 3345 933 dicens
3366 898 3376 933 :
3394 884 3531 936 Cum
3569 899 3663 938 es-

2016 981 2135 1019 svm
2173 966 2568 1019 cubicularius
2585 968 2766 1018 sancti
2788 984 2945 1036 papm
2968 966 3213 1035 Eulogii,
3232 968 3343 1021 vidi
3363 970 3417 1022 in
3438 973 3664 1027 somnis

2017 1054 2202 1107 virum
2222 1055 2489 1108 reverond
2506 1056 2513 1105 ἑ
2534 1054 2565 1107 li
2578 1054 2733 1108 abitu
2746 1061 2990 1119 s,statur
3012 1078 3020 1105 ι
3044 1073 3277 1125 procero
3293 1059 3666 1120 m,dicentem

2020 1144 2159 1195 mihi
2191 1162 2201 1198 :
2239 1144 2455 1197 Nuntia
2491 1160 2683 1197 meum
2721 1161 2877 1213 papas
2912 1144 3152 1213 Eulopio
3198 1147 3534 1201 adventum.
3582 1150 3663 1202 Ad

2019 1248 2190 1301 quem
2221 1248 2359 1303 ego:
2395 1232 2535 1295 Quis
2567 1233 2924 1301 es,dumine,
2962 1234 3249 1302 quijubes
3275 1240 3336 1289 ut
3360 1238 3620 1292 nuntiem
3644 1239 3670 1292 ?

2022 1321 2400 1392 Respondens
2434 1321 2530 1375 ille
2554 1321 2697 1374 dixit
2725 1320 2863 1375 mihi
2896 1338 2906 1375 :
2934 1326 3053 1392 Ego
3076 1339 3206 1376 sum
3234 1324 3343 1379 Leo
3370 1325 3668 1382 Romanus

2021 1411 2294 1480 pontifex.
2316 1410 2619 1481 Ingressus
2648 1410 2823 1480 igitur
2847 1428 2952 1481 ego
2973 1411 3255 1478 nuntiavi,
3275 1413 3473 1470 dicens
3494 1433 3506 1469 :
3527 1416 3673 1471 San-

2020 1500 2785 1555 ctissimusetbeatissimus
2806 1518 2950 1571 papa
2973 1502 3079 1555 Leo
3097 1502 3368 1556 Romana:
3391 1506 3547 1560 sedis
3571 1523 3668 1561 an-

2020 1591 2185 1643 tistes
2219 1590 2525 1643 convenire
2560 1606 2658 1643 vos
2690 1590 2835 1642 vult.
2893 1594 3031 1643 Cum
3086 1591 3192 1645 hoc
3226 1593 3489 1648 audisset
3522 1612 3672 1665 papa

2021 1677 2324 1748 Eulogius,
2359 1694 2677 1747 exsurgens
2711 1678 2973 1733 concitus
2995 1680 3252 1734 cucurrit
3278 1681 3330 1734 in
3354 1699 3667 1740 occursum

2022 1767 2169 1835 ejus.
2197 1767 2646 1838 Salutantesque
2680 1768 3021 1829 seinvicem,
3042 1771 3300 1822 oratione
3323 1772 3490 1837 facta,
3513 1790 3668 1828 rese-

276 1851 868 1923 suum,dixitqueilli:
897 1851 1010 1904 Cur
1028 1868 1139 1905 non
1162 1850 1524 1905 annuntiasti
1548 1850 1687 1903 mihi
1724 1848 1913 1903 archi-
1946 1884 1993 1949 Β
2024 1855 3161 1911 derunt.Tuncverodivinuseteximius
3186 1858 3667 1917 Leodixitsaucto

278 1942 489 1999 diaconi
510 1942 882 2014 ingressum;
909 1941 1009 1995 sed
1028 1940 1105 1994 ita
1130 1957 1246 1994 non
1268 1938 1817 1994 nuntiatusintravil
1840 1938 1911 1992 ad

282 2049 359 2087 me
389 2032 492 2086 hac
510 2031 795 2085 nocte?at
820 2028 915 2084 ille
931 2045 1113 2099 neque
1131 2030 1346 2083 vidisse
1373 2046 1435 2084 se
1450 2028 1705 2099 aliquem
1732 2042 1917 2097 neque

279 2124 602 2193 ingressum
631 2137 756 2174 esse
774 2119 1141 2173 asseveravit.
1162 2118 1284 2172 Non
1303 2118 1547 2172 credidit
1563 2116 1915 2188 patriarcha,

280 2212 366 2265 sed
382 2211 458 2264 ait
474 2210 660 2265 :Voca
678 2208 818 2262 mihi
836 2208 950 2263 huc
966 2207 1527 2262 hucostiarium.Cui
1544 2205 1792 2260 venienti
1810 2205 1913 2259 ait:

282 2301 465 2357 Nonne
483 2300 791 2369 ingressus
806 2303 892 2353 est
909 2297 1304 2352 hchulianus
1319 2295 1919 2351 archidiaccnus‘?llle

278 2404 394 2443 vero
424 2406 557 2443 cum
586 2385 1464 2457 juramentoafﬁrmabatillum
1490 2385 1917 2455 nequeingres-

281 2495 395 2533 sum
429 2493 625 2549 neque
647 2490 949 2546 egressum
982 2491 1129 2530 esse.
1165 2473 1359 2528 Tacui!
1382 2474 1619 2543 quidem
1657 2480 1793 2527 tunc
1814 2490 1917 2544 pa-

279 2568 513 2621 triarcha
534 2584 547 2619 :
571 2581 747 2619 utane
772 2569 968 2619 autem
998 2564 1168 2628 facto,
1187 2562 1919 2617 ascenditarchidiaconus

282 2656 564 2722 Julianus,
604 2659 672 2707 ut
697 2656 985 2720 adoraret,
1015 2652 1275 2723 dixitque
1306 2651 1389 2705 illi
1421 2651 1673 2721 pontifex
1701 2652 1921 2716 :Quare

281 2762 381 2799 non
395 2744 643 2800 servasti
664 2742 950 2808 ordinem,
972 2741 1376 2796 archidiacone
1394 2740 1649 2808 Juliane,
1670 2741 1767 2795 sed
1786 2739 1920 2794 abs-

283 2852 381 2906 que
412 2834 628 2889 nuntio
662 2832 977 2885 ascendisti
1014 2832 1081 2884 ad
1129 2847 1219 2884 me
1274 2836 1439 2885 nocte
1474 2830 1630 2883 ista?
1668 2830 1773 2892 Qui
1801 2829 1917 2882 ait:

283 2924 375 2978 Per
390 2925 687 2979 orationes
706 2920 928 2975 domini
953 2920 1085 2986 mei,
1117 2934 1300 2989 neque
1326 2920 1435 2972 huc
1454 2919 1714 2983 escendi,
1736 2933 1921 2987 neque

284 3014 345 3068 de
376 3015 543 3068 domo
578 3010 883 3070 descendi,
917 3008 1029 3063 nisi
1062 3009 1333 3063 horaista
1358 3013 1609 3062 tantum.
1634 3004 1923 3060 Intellexit

288 3109 412 3157 tunc
445 3117 700 3171 magnus
733 3098 1010 3169 Eulogius
1044 3097 1336 3151 Iulianum
1365 3114 1425 3151 se
1457 3095 1673 3150 vidisse
1707 3102 1921 3159 marty-

290 3204 419 3255 rem,
454 3191 793 3242 hortantem
827 3201 888 3239 se
920 3185 989 3239 ad
1017 3184 1367 3238 erectiouem
1402 3184 1605 3254 templi
1627 3183 1741 3247 sui,
1766 3181 1920 3253 quod

2025 1944 2266 2015 Eulogio
2291 1962 2301 1997 :
2323 1944 2445 1999 Scis
2466 1962 2645 2015 quare
2666 1944 2775 1998 huc
2802 1946 3054 1999 venerim
3082 1948 3149 1999 ad
3176 1964 3276 2001 vos
3298 1948 3324 2001 ‘?
3348 1948 3669 2020 Respondit

2023 2033 2158 2089 ille:
2196 2034 2340 2087 Non.
2381 2035 2474 2087 Ait
2508 2033 2655 2105 ipsi:
2692 2032 2832 2087 Veni
2870 2041 2931 2086 ut
2963 2034 3125 2088 vobis
3156 2036 3377 2105 gratias
3410 2054 3665 2109 agerem,

2024 2122 2153 2191 quia
2178 2124 2283 2177 rite
2301 2128 2355 2176 et
2380 2123 2684 2193 magniﬁce
2708 2140 2805 2193 pro
2829 2124 3079 2192 epistola
3103 2142 3230 2179 mea
3256 2129 3668 2199 respondistis,

2026 2228 2200 2282 quam
2228 2212 2575 2282 scripseram
2598 2212 2668 2265 ad
2691 2213 2922 2265 fratrem
2947 2229 3139 2266 meum
3162 2214 3502 2271 Flavianum
3527 2218 3667 2273 Con-

2025 2299 2611 2369 stantinOpolitanum
2648 2300 3060 2369 patriarcham,
3088 2319 3320 2357 sensum
3343 2305 3579 2374 quidem
3615 2313 3671 2362 et

2025 2390 2373 2442 sententiam
2392 2405 2577 2443 meam
2594 2389 3349 2458 aperientes,h:ereticorum
3367 2399 3551 2448 autem
3571 2412 3672 2452 ora

2026 2478 2419 2533 obstruentes.
2455 2476 2609 2531 Scito
2631 2483 2848 2541 autem,
2870 2478 3061 2546 frater,
3084 2480 3224 2549 quia
3249 2497 3361 2533 non
3384 2482 3525 2535 mihi
3548 2489 3670 2538 tan-

2026 2574 2149 2621 tum
2186 2574 2440 2623 vestrum
2474 2565 3009 2621 divinumlaborem
3045 2570 3428 2641 studiumque
3460 2579 3673 2627 contu-

2025 2657 2197 2723 listis,
2216 2658 2313 2710 sed
2334 2656 2508 2710 etiam
2526 2672 2799 2726 supremo
2815 2657 3054 2710 culmini
3074 2659 3465 2727 apostolorum
3489 2666 3671 2730 Petro,

2028 2754 2083 2801 et
2102 2747 2209 2816 ipsi
2233 2764 2345 2817 prie
2365 2745 2639 2800 omnibus
2665 2762 2787 2813 qua:
2808 2761 2840 2798 a
2872 2745 3039 2799 nobis
3061 2746 3672 2820 praedicaturveritati,

2028 2852 2154 2905 qua:
2187 2843 2278 2889 est
2316 2834 2587 2889 Christus
2619 2834 2772 2888 Deus
2805 2839 3017 2887 noster.
3056 2837 3177 2890 Ista
3199 2853 3310 2890 non
3337 2838 3515 2892 semel
3546 2844 3674 2893 tan-

2029 2930 2176 2991 tum,
2213 2924 2313 2978 sed
2348 2925 2438 2978 bis
2470 2930 2673 2993 terque
2705 2923 3094 2994 conspiciens,
3130 2926 3285 2979 trina
3314 2928 3677 2995 apparitione

2030 3014 2298 3066 firmatus
2315 3013 2577 3067 enarravi
2597 3017 2799 3066 sancto
2831 3030 2988 3083 papae
3010 3013 3270 3085 Eulogio.
3306 3016 3557 3078 Quicum
3579 3034 3676 3071 au-

2029 3101 3229 3173 disset,lacrymatusest,extendensquein
3246 3103 3676 3161 ccelummanus

2036 3208 2195 3255 suas,
2232 3191 2345 3245 Deo
2376 3190 2594 3257 gratias
2626 3188 2824 3243 retulit
2865 3190 3098 3245 dicens:
3132 3192 3358 3247 Gratias
3407 3194 3511 3247 tibi
3546 3212 3676 3265 ago,

288 3293 345 3332 ex
374 3284 638 3349 tempore
654 3276 833 3329 ferme
850 3273 1169 3327 resolutum
1200 3278 1256 3325 et
1279 3270 1920 3342 antiquatum,ruinam
1955 3244 1997 3310 (ἶ
2037 3279 2371 3333 dominator
2400 3278 2626 3331 Christe
2656 3277 2805 3331 Deus
2839 3284 3059 3343 noster,
3091 3282 3229 3349 quia
3246 3297 3375 3336 cum
3400 3244 3678 3353 indiggus

289 3368 365 3421 sui
385 3368 755 3430 minabatur;
774 3379 1100 3432 magnaque
1114 3378 1247 3416 cum
1274 3361 1573 3415 alacritate
1588 3359 1929 3415 amantissi-

289 3472 406 3510 mus
432 3453 715 3526 martyris
748 3451 1002 3524 porrexit
1035 3468 1270 3515 manus,
1304 3453 1551 3520 ejusque
1571 3449 1752 3504 erexit
1780 3455 1927 3503 tem-

288 3544 457 3615 plum,
483 3562 513 3597 a
540 3540 947 3597 fundamentis
966 3541 1160 3611 ipsum
1179 3540 1519 3594 instaurans
1546 3544 1601 3593 et
1619 3538 1929 3608 omnigeno

289 3640 478 3689 ornatu
516 3632 855 3697 illustrans,
890 3636 953 3685 ut
983 3646 1148 3684 sacro
1182 3629 1419 3701 martyri
1454 3628 1857 3683 conveniebat.

832 3764 1066 3821 CAPUT
1109 3762 1378 3818 CXLVII.

294 3860 561 3915 atii-abitis
579 3854 893 3913 emendatio
908 3854 1154 3923 epistolae
1172 3853 1315 3908 beati
1333 3852 1526 3906 Leonis
1550 3849 1779 3907 Romani
1798 3866 1933 3921 pon-

640 3928 806 3999 tiﬁcis
837 3926 907 3980 ad
948 3924 1279 3982 Flavianum
1327 3926 1576 3995 scripta}.

353 4029 621 4085 Narravit
640 4028 812 4083 nobis
830 4031 886 4081 et
902 4026 1013 4081 hoc
1035 4025 1215 4081 abbas
1234 4030 1435 4079 Menas
1458 4024 1721 4092 ejusdem
1742 4039 1933 4079 caeno-

296 4120 363 4175 bii
394 4121 580 4189 Pater,
622 4118 860 4173 audisse
893 4134 954 4173 se
1007 4116 1275 4171 eumdem
1320 4116 1589 4170 abbatem
1626 4115 1936 4187 Eulogium

294 4210 744 4266 Alexandrinum
791 4205 1179 4278 patriarcham
1235 4203 1566 4259 dicentem:
1619 4208 1764 4259 Cum
1801 4220 1937 4274 pro-

300 4299 471 4355 fectus
492 4314 690 4355 essem
712 4294 1529 4365 ConstantinOpolim,fruitus
1562 4309 1691 4348 sum
1729 4298 1938 4347 contu-

296 4386 701 4444 berniodomni
726 4385 982 4451 Gregorii
1010 4383 1251 4439 Romani
1273 4381 1697 4457 archidiaconi,
1719 4381 1937 4436 summi

299 4476 674 4548 etsingularis
689 4475 793 4529 viri
813 4491 826 4541 ;
845 4474 1217 4544 narravitque
1244 4472 1383 4526 mihi
1401 4472 1469 4525 de
1486 4471 1857 4525 sanctissimo
1876 4487 1941 4526 ac

300 4565 628 4623 beatissimo
665 4564 976 4635 l.eone(32)
1010 4562 1271 4617 Romano
1292 4560 1583 4632 pontifice,
1609 4561 1808 4615 dicens
1832 4560 1937 4615 ha-

300 4655 408 4709 beri
438 4656 728 4727 scriptum
760 4652 819 4707 in
852 4651 1096 4707 ecclesia
1128 4650 1409 4718 Romana,
1441 4649 1594 4719 quod
1631 4664 1764 4703 cum
1795 4649 1936 4704 scri-

305 4744 501 4813 psisset
531 4741 841 4815 epistolam
870 4742 937 4795 ad
960 4744 1228 4795 sanctum
1252 4738 1589 4793 Flavianum
1611 4738 1935 4792 Constanti-

306 4833 691 4903 nopolitanum
727 4831 1068 4901 episcopum
1103 4833 1305 4882 contra
1325 4827 1532 4898 impios
1552 4826 1847 4898 Eutychen
1869 4843 1935 4882 ac

307 4919 645 4985 Nestorium.
679 4918 941 4991 posuerit
968 4935 1094 4973 eam
1128 4934 1304 4989 super
1332 4915 1629 4971 tumulum
1656 4916 1937 4987 principis

307 5014 691 5079 apostolorum
726 5008 905 5071 Petri,
938 5012 993 5062 et
1011 5006 1375 5062 orationibus
1399 5021 1462 5059 ac
1479 5004 1694 5075 vigiliis
1719 5006 1938 5074 etjeju-

309 5099 411 5154 niis
438 5116 671 5164 vacans,
691 5096 939 5153 oraverit
956 5095 1147 5168 ipsum
1167 5111 1463 5149 summum
1485 5092 1836 5164 apostolum,
1858 5094 1939 5147 di-

308 5203 466 5243 cens:
505 5189 564 5244 Si
593 5188 731 5258 quid
770 5192 832 5240 ut
862 5186 1037 5240 homo
1068 5184 1152 5239 vel
1205 5184 1398 5238 minus
1431 5187 1599 5238 caute
1634 5183 1819 5253 posui,
1852 5181 1938 5236 vel

308 5276 467 5331 etiam
498 5276 693 5342 omisi,
727 5280 813 5341 tu,
847 5274 991 5329 cuia
1016 5273 1254 5328 domino
1284 5273 1393 5326 Deo
1422 5272 1718 5325 Salvatore
1741 5276 1938 5325 nostro

308 5364 431 5420 Iesu
460 5366 687 5421 Christo
720 5369 777 5419 et
809 5363 977 5419 sedes
1008 5362 1130 5417 haec
1160 5366 1216 5418 et
1246 5360 1455 5417 eclesia
1485 5361 1801 5416 commissa
1830 5366 1938 5429 est,

310 5456 559 5509 emenda.
579 5458 715 5510 Post
733 5452 1120 5525 quadraginta
1137 5468 1269 5505 vvro
1296 5451 1421 5505 dies
1440 5450 1712 5521 apparuit
1734 5451 1779 5505 ei
1803 5467 1939 5521 apo-

314 5542 488 5601 stolus
519 5545 730 5609 oranti,
762 5547 820 5597 et
852 5541 998 5597 dixit
1027 5541 1115 5596 ei:
1172 5541 1333 5612 Legi,
1380 5544 1433 5595 et
1464 5540 1794 5595 emendavi.
1829 5542 1941 5596 Su-

315 5646 581 5704 mensque
608 5632 915 5705 epistolam
949 5631 1018 5685 de
1060 5630 1326 5701 sepulcro
1348 5628 1496 5683 beati
1519 5630 1692 5695 Petri,
1717 5632 1946 5701 aperuit

314 5735 432 5777 eam
460 5727 516 5779 et
538 5722 755 5779 invenit
786 5718 1111 5793 apostolica
1142 5735 1320 5776 manu
1351 5719 1745 5776 emendatam.

1969 4610 2011 4675 D

2034 3367 2168 3433 sim,
2189 3368 2450 3422 veritatis
2469 3373 2580 3420 tuas
2620 3383 2939 3437 praeconem
2970 3385 3060 3422 me
3093 3370 3278 3423 facere
3300 3370 3575 3441 dignatus
3594 3389 3678 3441 es,

2034 3463 2092 3512 et
2125 3456 2520 3527 perorationes
2551 3472 2846 3509 servorum
2880 3461 3114 3510 tuorum
3168 3458 3319 3512 Petri
3352 3476 3417 3514 ac
3449 3460 3677 3528 Leonis,

2036 3562 2269 3617 parvam
2303 3544 2659 3600 etmodicam
2690 3544 3053 3600 alacritatem
3082 3552 3363 3613 nostrain,
3396 3554 3679 3620 tanquam

2038 3636 2151 3688 duo
2184 3634 2367 3687 viduae
2392 3633 2639 3701 minuta,
2674 3650 2906 3687 summa
2926 3640 2983 3688 et
3016 3634 3296 3689 ineffabili
3323 3637 3683 3709 benignitate

2037 3728 2140 3776 tua
2171 3722 2467 3792 suscipere
2494 3722 2773 3792 dignatus
2802 3738 2885 3776 es.

2603 3845 2834 3901 CAPUT
2873 3845 3110 3900 CXLIX.

2041 3936 2327 4008 Stupenda
2358 3935 2566 3989 relatio
2595 3936 2751 4008 Amos
2779 3936 3127 4003 patriam/ue
3155 3938 3606 4008 Jerosolymitanz'
3623 3940 3690 3995 (te

2289 4008 2642 4061 sanctissimo
2675 4007 2847 4061 Leone
2877 4008 3130 4076 pontiﬁce
3180 4007 3436 4065 Romano.

2114 4114 2255 4169 Cum
2290 4111 2688 4168 descendisset
2710 4113 2891 4166 abbas
2912 4113 3147 4168 Ammos
3166 4113 3615 4187 Jerosolymam,
3636 4121 3693 4172 et

2044 4202 2374 4275 patriarcha
2413 4202 2718 4255 ordinatus
2750 4205 2924 4266 esset,
2956 4201 3104 4255 907
3159 4208 3452 4257 venerunt
3484 4220 3690 4261 omnes

2046 4291 2535 4347 monasteriorum
2558 4289 2735 4343 eremi
2754 4290 3015 4355 abbates,
3034 4292 3586 4359 utadorarenteum,
3608 4295 3693 4348 in-

2046 4385 2134 4435 ter
2164 4398 2311 4451 quos
2328 4379 2489 4435 adfui
2520 4384 2576 4433 et
2593 4395 2698 4449 ego
2714 4395 2843 4432 cum
2870 4380 3079 4435 abbate
3098 4396 3247 4437 meo.
3270 4382 3571 4453 Coepitque
3595 4400 3691 4453 pa-

2048 4470 2302 4525 triarcha
2342 4469 2533 4523 dicere
2581 4469 2883 4537 patribus:
2934 4468 3104 4523 Orate
3140 4487 3239 4540 pro
3286 4488 3398 4537 me,
3452 4472 3689 4541 Patres;

2051 4575 2330 4631 magnum
2352 4557 2505 4612 enim
2539 4574 2687 4611 onus
2710 4563 2768 4611 et
2802 4558 3165 4612 intolerabile
3189 4560 3331 4613 mihi
3359 4560 3691 4630 injunctum

2044 4656 2155 4715 est,
2173 4648 2597 4719 sacerdotiique
2615 4646 2869 4717 dignitas
2887 4662 2976 4701 me
2996 4652 3171 4702 terret
3187 4648 3520 4704 immodice.
3541 4650 3691 4705 Petri

2046 4739 2200 4793 enim
2233 4743 2287 4792 et
2310 4736 2471 4791 Pauli
2500 4741 2555 4790 et
2580 4734 2862 4790 similium
2887 4742 2975 4790 est
2998 4753 3195 4807 regere
3218 4738 3534 4793 rationales
3561 4740 3693 4793 ani-

2050 4843 2207 4882 mas:
2242 4842 2348 4897 ego
2379 4830 2574 4880 autem
2608 4824 2805 4878 infelix
2835 4832 3103 4895 peccator
3130 4843 3285 4882 sum.
3335 4827 3465 4882 Plus
3498 4832 3692 4883 autem

2047 4932 2224 4988 quam
2241 4920 2445 4970 ceetera
2466 4915 2640 4969 timeo
2659 4914 3091 4968 ordinationum
3117 4917 3403 4969 sarcinam
3423 4936 3435 4983 ;
3456 4933 3589 4970 nam
3609 4917 3692 4970 in-

2048 5007 2174 5061 veni
2209 5006 2492 5075 scriptum
2529 5005 2665 5074 quia
2699 5004 3074 5058 beatissimus
3107 5009 3161 5058 et
3192 5005 3433 5077 aequalis
3467 5006 3695 5075 angelis

2050 5113 2199 5169 papa
2231 5096 2360 5157 Leo,
2396 5093 2497 5163 qui
2550 5097 2943 5147 Romanorum
2997 5093 3263 5148 Ecclesiae
3307 5095 3557 5163 praefuit,
3592 5110 3695 5165 per

2050 5183 2441 5256 quadraginta
2455 5182 2579 5235 dies
2598 5182 2983 5251 perseveravit
3003 5182 3073 5235 ad
3091 5182 3427 5251 sepulcrum
3445 5184 3695 5253 apostoli

2053 5271 2447 5342 Petri,vigiliis
2474 5270 2913 5325 etorationibus
2932 5271 3235 5337 insistens,
3273 5278 3596 5344 petensque
3623 5274 3693 5328 ab

2052 5362 2314 5434 apostolo
2348 5365 2409 5415 ut
2428 5378 2529 5431 pro
2548 5376 2607 5414 se
2627 5361 2776 5429 apud
2798 5360 2979 5414 Deum
2997 5360 3401 5424 intercederet,
3420 5367 3479 5417 ut
3496 5362 3693 5417 dimit-

2054 5450 2431 5509 terentursibi
2453 5454 2686 5520 peccata
2700 5466 2825 5502 sua.
2840 5450 3215 5520 Impletisque
3232 5452 3435 5506 diebus
3450 5453 3700 5522 quadra-

2053 5544 2239 5615 ginta,
2273 5539 2546 5613 apparuit
2577 5539 2625 5593 ei
2661 5538 2959 5607 apostolus
2994 5544 3219 5606 Petrus,
3254 5542 3492 5596 dicens:
3528 5539 3697 5596 Oravi

2057 5650 2158 5705 pro
2192 5638 2267 5699 te,
2301 5638 2357 5685 et
2378 5628 2623 5683 dimissa
2645 5636 2784 5682 sunt
2801 5628 2903 5682 tibi
2929 5629 3125 5683 omnia
3144 5634 3379 5700 peccata
3406 5634 3528 5695 tua,
3550 5646 3697 5700 prse-

2056 5727 2327 5793 terquam
2376 5716 2772 5789 impositionis
2825 5733 3100 5773 manum:
3152 5718 3259 5775 hoc
3303 5718 3459 5774 enim
3505 5718 3698 5777 solum
