4184 6330
528 381 630 435 195

1718 383 1816 435 DE
1855 382 2043 436 VITIS
2078 380 2379 437 PATRUM
2416 382 2631 437 LIBER
2670 382 2744 436 Χ.

3822 380 3912 434 196

522 509 629 563 abs
653 511 709 562 te
741 506 1093 578 requiratur,
1127 507 1249 563 sive
1278 507 1446 575 bene,
1479 505 1597 563 sive
1630 505 1898 562 fortassis
1915 504 2085 562 aliter
2104 505 2164 560 id
2192 512 2241 575 Α
2278 503 3767 578 consideratoquejudicio,etmagnalonganimitate
3787 521 3913 577 pro-

519 597 730 668 egeris.

1163 703 1393 760 CAPUT
1423 705 1529 761 CL.

687 821 804 876 Vita
832 823 883 875 et
907 823 1167 876 sanctitas
1195 819 1433 891 episcOpz'
1463 819 1709 875 civitati:
1740 818 2001 875 Rumetli.

590 965 858 1020 Narravit
882 963 1048 1019 nobis
1071 963 1249 1018 abbas
1281 963 1683 1018 Theodoretus
1704 965 2040 1024 Romamne,
2074 960 2168 1015 di-

520 1069 657 1108 cens
675 1070 687 1106 :
706 1054 806 1108 Est
821 1055 1022 1125 procul
1039 1071 1066 1107 a
1086 1053 1341 1107 Romana
1356 1052 1497 1106 urbe
1512 1049 2165 1122 breveoppidum,quod

518 1142 848 1198 Rumellum
890 1142 1139 1197 dicitur:
1173 1141 1230 1195 in
1263 1158 1329 1195 eo
1362 1141 1641 1213 oppidulo
1690 1140 1997 1212 episcopus
2043 1143 2169 1194 erat

519 1249 744 1303 magnae
769 1232 999 1286 virtutis
1017 1236 1071 1286 et
1090 1230 1301 1285 meriti.
1325 1230 1425 1285 Die
1443 1247 1578 1300 ergo
1594 1230 1844 1302 quadam
1872 1229 2164 1284 habitato-

516 1338 610 1376 res
644 1321 843 1393 oppidi
863 1322 1109 1392 ingressi
1136 1326 1277 1375 sunt
1300 1323 1368 1374 ad
1407 1319 1813 1375 beatissimum
1838 1318 2163 1372 Romanum

517 1411 840 1467 antistitem
874 1412 1219 1481 Agapetum,
1244 1414 1583 1465 accusantes
1609 1409 1944 1480 episcopum
1964 1424 2165 1475 suum,

520 1517 585 1555 ac
616 1501 917 1555 dicentes:
954 1500 1100 1563 Quia
1149 1499 1206 1553 in
1250 1499 1612 1555 sanotiﬁcato
1643 1516 1778 1554 vase
1828 1498 2160 1552 manducet.

519 1589 785 1644 Pontifex
805 1594 1002 1643 autem
1023 1588 1147 1643 solo
1168 1589 1369 1643 auditu
1386 1587 1714 1659 perculsus,
1735 1587 1915 1641 mittit
1935 1587 2083 1641 duos
2097 1601 2165 1640 ex

516 1677 763 1745 clericis,
786 1682 850 1732 ut
867 1677 1124 1732 vinctum
1144 1677 1504 1748 episcopum,
1522 1681 1579 1732 et
1597 1677 1843 1749 pedibus
1861 1678 1970 1732 iter
1986 1690 2162 1745 agen-

512 1772 632 1821 tem
664 1767 907 1822 Romam
932 1768 1351 1837 perducerent;
1379 1768 1705 1821 venientem
1728 1783 1861 1821 vero
1883 1766 2160 1820 continuo

2276 597 2500 652 cedere.

2907 684 3137 740 CAPUT
3167 684 3296 740 CLI.

2275 777 2483 833 Relatio
2514 775 2725 832 abbatis
2746 774 2981 831 Joannis
3013 776 3196 831 Persae
3224 774 3289 830 de
3324 774 3641 831 beatissimo
3664 775 3911 845 Gregorio

2725 849 2988 905 Romana:
3018 846 3174 902 urbis
3204 848 3467 918 episcopo.

2346 964 2715 1020 Perreximus
2747 965 2815 1020 ad
2851 964 3121 1020 abbatem
3142 964 3427 1019 Joannem
3456 967 3912 1033 Persam,narra-

2273 1058 2390 1126 vitq
2404 1071 2472 1109 ue
2488 1054 2655 1109 nobis
2670 1055 2741 1109 de
2759 1070 2965 1125 magno
2997 1052 3274 1123 Gregorio
3301 1053 3640 1107 beatissimo
3654 1052 3912 1108 Romane

2277 1143 2439 1198 urbis
2487 1143 2784 1215 episcopo,
2815 1144 3015 1197 dicens
3045 1160 3058 1198 :
3091 1143 3235 1198 Cum
3286 1142 3521 1196 ivissem
3555 1142 3819 1207 Romam,
3857 1146 3914 1196 ut

2276 1234 2580 1287 adorarem
2599 1232 2669 1287 ad
2685 1231 3019 1302 sepulcrum
3035 1238 3376 1288 sanctorum
3402 1230 3801 1303 apostolorum
3815 1235 3911 1287 Pe-

2272 1323 2345 1377 tri
2361 1326 2417 1376 et
2432 1321 2613 1387 Pauli,
2635 1329 2969 1391 staremque
2981 1321 3072 1375 die
3092 1321 3347 1391 quadam
3364 1320 3421 1373 in
3440 1320 3633 1375 medio
3651 1320 3913 1389 civitatis,

2272 1412 2446 1467 audio
2480 1427 2691 1482 papam
2724 1410 3069 1482 Gregorium
3090 1408 3398 1481 perlocum
3421 1407 3591 1463 illum
3634 1408 3909 1464 transitu-

2270 1517 2436 1567 rum;
2470 1498 2717 1570 cogitavi
2749 1498 2949 1570 itaque
3004 1500 3245 1554 adorare
3294 1497 3482 1552 illum.
3531 1498 3676 1553 Cum
3726 1503 3909 1553 autem

2269 1606 2445 1661 prope
2495 1604 2589 1643 me
2637 1598 2791 1643 esset
2828 1604 2998 1659 papa,
3045 1588 3382 1658 videretque
3423 1603 3515 1641 me
3552 1587 3817 1658 progredi
3851 1591 3910 1641 ut

2269 1680 2571 1734 adorarem
2605 1676 2775 1731 illum
2807 1676 3039 1747 (loquor
3067 1682 3183 1732 Deo
3206 1681 3376 1746 teste,
3412 1676 3668 1747 lratres),
3693 1677 3910 1749 primus

2268 1770 2394 1840 ipse
2427 1767 2740 1839 prostravit
2770 1782 2831 1821 se
2862 1765 3029 1821 humi
3062 1783 3257 1821 coram
3279 1782 3390 1833 me,
3416 1782 3601 1837 neque
3634 1773 3766 1821 ante
3788 1782 3907 1820 sur-

513 1856 747 1911 misitin
763 1859 1236 1911 carcerem.Cum
1259 1872 1395 1927 ergo
1412 1861 1530 1910 tres
1546 1855 1737 1911 diesin
1754 1870 1983 1911 carcere
2010 1854 2161 1926 egis—
2187 1873 2235 1937 Β
2268 1858 2434 1923 rexit,
2466 1873 2642 1927 quam
2679 1872 2767 1911 me
2799 1856 2987 1927 primo
3018 1856 3343 1911 surrexisse
3365 1859 3651 1911 cerneret.
3683 1855 3752 1911 Et
3783 1871 3906 1911 cum

509 1950 599 1999 set
629 1946 964 2017 episcopus,
996 1946 1153 2000 venit
1199 1946 1535 2000 Uominicus
1567 1946 1711 2000 dies.
1746 1946 1816 1999 Et
1846 1961 1978 1999 cum
2014 1959 2162 2015 papa

505 2034 853 2107 quiesceret,
878 2033 1253 2090 illucescente
1275 2034 1575 2090 Dominico
1602 2035 1693 2090 die
1716 2034 1832 2088 vidi
1858 2034 1914 2087 in
1934 2032 2160 2089 somnis

505 2125 821 2194 quemdam
855 2128 1145 2178 astantem
1178 2124 1313 2191 sibi,
1339 2140 1405 2179 ac
1428 2125 1757 2179 dicentem:
1792 2123 1909 2178 Hac
1931 2124 2024 2178 die
2051 2122 2155 2177 Do-

510 2213 728 2268 minica
759 2228 949 2284 neque
980 2217 1044 2267 tu
1072 2212 1282 2268 oti’eras
1314 2212 1635 2268 salutarem
1660 2213 1940 2279 hostiam,
1969 2226 2158 2282 neque

503 2302 656 2357 alius
687 2302 982 2373 quispiam
1016 2301 1422 2373 episcoporum
1460 2303 1560 2373 qui
1590 2308 1730 2357 sunt
1762 2302 1820 2356 in
1856 2301 1999 2356 urbe
2020 2300 2154 2365 ista,

506 2391 619 2445 nisi
643 2391 802 2446 solus
826 2392 1134 2462 episcopus
1158 2407 1331 2462 quem
1361 2391 1540 2446 habes
1563 2407 1791 2446 carcere
1816 2390 2108 2445 inclusum
2138 2406 2152 2456 ;

503 2480 673 2535 illum
707 2480 862 2535 enim
883 2480 1055 2535 hodie
1074 2480 1277 2536 offerre
1302 2480 1452 2542 volo.
1477 2482 1933 2554 Expergel’actus
1955 2484 2151 2534 autem

500 2587 673 2641 papa,
701 2576 757 2625 et
773 2570 843 2625 de
864 2570 1085 2625 visione
1099 2587 1273 2640 quam
1290 2570 1513 2625 viderat
1527 2571 1830 2636 haesitans,
1847 2568 2076 2625 dicebat
2093 2570 2152 2623 in

498 2660 693 2731 seipso
714 2676 725 2711 :
744 2657 940 2713 Talem
964 2662 1168 2714 contra
1186 2658 1353 2714 illum
1374 2660 1808 2715 accusationem
1825 2658 2079 2730 suscepi,
2096 2663 2153 2713 et

498 2748 624 2818 ipse
654 2747 832 2801 habet
863 2746 1070 2801 oderre
1092 2748 1119 2801 ‘I
1149 2747 1322 2803 Venit
1353 2748 1529 2819 igitur
1561 2748 1610 2803 ei
1644 2748 1902 2803 secundo
1933 2764 2039 2803 vox
2089 2748 2147 2801 in

496 2836 744 2902 visione,
766 2836 966 2890 dicens
994 2852 1005 2888 :
1033 2835 1160 2891 Dixi
1178 2835 1281 2891 tibi
1310 2845 1365 2890 ut
1393 2836 1704 2908 episcopus
1724 2837 1821 2909 qui
1845 2836 2011 2892 estin
2030 2853 2151 2891 car-

499 2940 630 2979 cere
661 2924 824 2980 solus
857 2925 1080 2979 otl‘erat.
1104 2925 1436 2996 Ambigenti
1471 2926 1663 2981 adhuc
1685 2925 1853 2981 tertio
1876 2926 2149 2997 apparuit

499 3014 583 3068 illi
617 3017 811 3068 eadem
846 3017 1135 3084 repetens.
1164 3014 1611 3086 Expergefaetus
1640 3022 1837 3069 autem
1868 3016 2146 3087 pontifex,

503 3103 667 3159 misit
698 3104 757 3158 in
791 3118 1106 3167 carcerem,
1134 3108 1191 3157 et
1220 3106 1500 3159 accersito
1521 3106 1589 3160 ad
1612 3122 1673 3161 se
1704 3106 1997 3176 episcopo,
2025 3121 2147 3175 per-

500 3193 848 3248 contabatur
876 3208 1033 3257 eum,
1086 3192 1326 3247 dicens:
1376 3195 1534 3257 Quod
1589 3199 1677 3248 est
1724 3211 1871 3265 opus
1920 3193 2143 3248 tuum?

500 3281 823 3353 Episcopus
846 3285 1039 3336 autem
1061 3279 1139 3334 illi
1159 3280 1302 3335 nihil
1324 3281 1481 3337 aliud
1503 3283 1822 3355 respondit,
1842 3284 1955 3339 nisi
1978 3300 1989 3339 :
2011 3283 2141 3338 Pec-

498 3375 826 3425 catorsum.
845 3374 985 3424 Cum
1004 3387 1135 3425 vero
1154 3371 1425 3443 episcopo
1446 3374 1793 3444 persuadere
1810 3389 1920 3427 non
1946 3374 2142 3444 posset

496 3464 563 3514 ut
594 3458 755 3514 aliud
788 3460 1026 3528 diceret,
1060 3464 1195 3515 tunc
1231 3461 1309 3515 ait
1332 3462 1403 3516 ad
1457 3478 1589 3517 eum
1640 3479 1828 3534 papa:
1861 3463 2045 3517 Hodie
2075 3466 2137 3515 tu

498 3548 702 3603 offerre
735 3548 933 3604 debes.
966 3553 1110 3603 Cum
1144 3565 1281 3620 ergo
1314 3555 1515 3605 sancto
1547 3550 1715 3606 altari
1745 3552 2145 3615 assisteret,et

498 3655 651 3709 papa
664 3637 1018 3709 propeillum
1039 3643 1275 3708 astaret,
1291 3640 1551 3696 diaconis
1574 3640 1754 3697 altare
1777 3640 2143 3697 circumdan-

496 3727 859 3798 tibus,coepit
881 3732 1080 3783 sancta
1095 3728 1411 3785 missarum
1427 3730 1711 3787 solemnia
1729 3732 2059 3803 episcopus.
2074 3731 2145 3786 Et

498 3832 631 3870 cum
647 3816 1660 3887 complessetorationemoblationis,
1678 3825 1992 3891 antequam
2011 3835 2143 3875 con-

496 3904 761 3961 cluderet
792 3906 1004 3977 ipsam,
1039 3907 1213 3977 cmpit
1242 3909 1522 3974 secundo,
1556 3925 1622 3963 ac
1648 3908 1925 3979 deinceps
1951 3906 2143 3977 tertio,

494 4002 551 4049 et
582 4000 790 4066 quarto
808 3995 996 4049 dicere
1016 3997 1201 4066 ipsam
1222 4004 1440 4051 sanctae
1461 3997 1774 4052 oblationis
1796 3998 2142 4053 orationem.

493 4084 734 4139 Cunctis
765 4100 898 4139 vero
914 4100 1038 4138 eam
1058 4101 1281 4140 moram
1301 4086 1543 4140 moleste
1561 4087 1907 4153 ferentibus,
1928 4087 2071 4142 dicit
2091 4087 2143 4143 ei

496 4174 757 4243 pontifex
785 4189 797 4225 :
831 4172 977 4235 Quid
1004 4173 1111 4227 hoc
1137 4179 1247 4238 est,
1272 4175 1422 4244 quod
1451 4176 1574 4246 jam
1596 4182 1805 4245 quarto
1838 4176 1986 4232 hanc
2016 4193 2144 4232 ora-

496 4262 720 4316 tionem
752 4261 974 4327 dixisti,
1008 4278 1113 4317 nec
1145 4279 1273 4318 eam
1293 4264 1596 4321 concludis
1619 4265 1646 4319 ?
1664 4266 1828 4321 Tunc
1847 4266 2147 4337 respondit

494 4350 839 4421 episcopus:
862 4351 1108 4421 Ignosce
1121 4351 1286 4419 mihi,
1307 4354 1679 4410 Patersancte
1695 4373 1709 4423 ;
1728 4355 1868 4427 quia
1889 4372 2003 4411 non
2026 4355 2144 4410 vidi

487 4440 659 4509 juxta
708 4442 1193 4496 consuetudinem
1237 4443 1425 4497 sancti
1479 4443 1733 4515 Spiritus
1771 4445 2144 4512 descensum,

493 4528 710 4585 idcirco
747 4545 861 4583 non
885 4530 1192 4585 terminavi
1214 4532 1557 4589 orationem.
1578 4534 1710 4601 Sed,
1730 4539 1926 4589 sancte
1945 4535 2024 4589 mi
2043 4534 2145 4589 do-

495 4617 677 4682 mine,
711 4618 1023 4675 diaconum
1058 4619 1224 4675 illum
1272 4638 1450 4693 prope
1482 4639 1572 4677 me
1611 4625 2007 4688 assistentem,
2040 4623 2143 4694 qui
2176 4607 2220 4673 D

494 4705 794 4761 {labellum
820 4707 930 4777 (33)
954 4712 1132 4776 tenet,
1158 4712 1229 4765 ab
1253 4711 1420 4766 altari
1443 4728 1675 4767 remove
1700 4729 1712 4780 ;
1737 4728 1842 4782 ego
1864 4713 2022 4767 enim
2054 4711 2137 4768 illi

493 4796 686 4852 dicere
716 4813 831 4851 non
865 4798 1066 4854 audeo.
1103 4805 1262 4854 Tunc
1287 4802 1459 4871 jussu
1484 4801 1596 4856 divi
1626 4802 1867 4873 Agapeti
1900 4802 2143 4857 recessit

492 4885 803 4954 diaconus,
837 4891 893 4941 et
911 4888 1192 4944 continuo
1214 4890 1357 4944 vidit
1384 4890 1693 4962 episcopus
1711 4898 1767 4947 et
1785 4909 1933 4965 papa
1950 4889 2140 4947 sancti

491 4974 747 5045 Spiritus
763 4976 1100 5032 adventum.
1124 4979 1233 5033 Sed
1254 4983 1311 5033 et
1326 4979 1542 5046 velum,
1563 4981 1714 5051 quod
1736 4980 1906 5036 altari
1928 4998 2138 5053 super—

490 5063 834 5134 impositum
863 5071 1010 5132 erat,
1038 5066 1187 5122 ultro
1221 5069 1911 5141 sublatumest,texitque
1927 5086 2137 5142 papam

493 5154 902 5227 ctepiscopum
928 5161 984 5211 et
1005 5156 1280 5214 diaconos
1295 5176 1500 5215 omnes
1523 5159 1622 5230 qui
1645 5164 1845 5215 sancto
1859 5158 2024 5215 altari
2040 5176 2137 5215 as-

489 5244 717 5311 tabant,
750 5246 920 5315 quasi
950 5261 1052 5318 per
1076 5252 1195 5303 tres
1229 5248 1426 5304 horas.

560 5363 719 5414 Tunc
735 5363 1097 5417 venerandus
1118 5365 1231 5435 Aga
1244 5369 1430 5435 petas,
1450 5365 1650 5437 agnita
1667 5365 1975 5421 sanctitate
1990 5364 2139 5435 epis-

486 5447 615 5517 copi
630 5464 697 5502 ex
714 5455 1017 5519 perspecto
1034 5452 1337 5523 miraculo,
1363 5470 1662 5526 quamque
1694 5454 1899 5509 falsam
1918 5454 2138 5510 calum-

488 5535 645 5590 niam
683 5553 997 5607 perpessus
1033 5545 1187 5595 esset
1236 5558 1620 5613 cognoscens,
1652 5544 1806 5614 quod
1856 5542 2020 5598 illum
2056 5543 2136 5598 ita

488 5630 789 5680 vexaverat
805 5628 990 5683 tristis
1005 5628 1267 5699 effectus,
1282 5631 1484 5685 statuit
1502 5633 1747 5703 nonjam
1763 5631 2020 5703 amplius
2036 5648 2137 5703 per

491 5712 931 5786 subreptionem
976 5715 1284 5789 quidpiam
1340 5735 1532 5792 agere,
1583 5721 1683 5777 sed
1729 5737 1863 5777 cum
1907 5725 2135 5778 maturo

2267 1946 2454 2001 multa
2470 1944 2801 1999 humilitate
2819 1944 3086 1999 salutans
3104 1960 3412 2012 me,manu
3432 1961 3541 1999 sua
3556 1945 3671 1999 tria
3693 1945 3907 1999 numis-

2266 2041 2422 2091 mata
2452 2033 2715 2095 tradidit.
2740 2034 2954 2104 jubens
2988 2032 3135 2088 mihi
3168 2034 3305 2089 dare
3353 2050 3723 2105 quaecunque
3752 2036 3909 2089 erant

2266 2124 2615 2179 necessaria.
2638 2123 2964 2178 Glorificavi
2987 2124 3184 2195 itaque
3205 2123 3359 2178 908
3380 2124 3588 2189 Deum,
3622 2125 3776 2193 quod
3797 2128 3910 2177 tan-

2264 2219 2383 2270 tam
2416 2212 2495 2267 illi
2530 2211 2856 2268 contulerat
2886 2212 3309 2283 humilitatem,
3341 2218 3397 2268 et
3430 2212 3907 2282 misericordiam,

2262 2309 2319 2358 et
2348 2300 2690 2357 charitatem
2721 2302 2793 2357 ad
2823 2318 3049 2358 omnes.

2867 2419 3095 2475 CAPUT
3144 2418 3305 2474 CLII.

2266 2512 2388 2567 Vita
2418 2514 2473 2566 et
2500 2510 2649 2566 dicta
2679 2509 2932 2565 Marcelli
2964 2506 3279 2579 Scythz'otaz,
3310 2507 3520 2563 abbatis
3578 2505 3907 2563 monasterii

2936 2581 3240 2635 Monidion.

2333 2688 2699 2745 Accessimus
2723 2689 2792 2743 ad
2819 2687 3090 2743 abbatem
3114 2685 3451 2742 Marcellum
3474 2686 3832 2758 Scythiotam
3848 2685 3903 2740 in

2261 2779 2683 2835 monasterium
2719 2777 3040 2841 Monidion,
3060 2775 3381 2847 volensque
3411 2775 3609 2831 senior
3639 2776 3905 2847 prodesse

2261 2868 2452 2934 nobis,
2487 2867 2765 2934 narravit,
2799 2866 3037 2920 dicens:
3073 2868 3313 2931 Quando
3344 2880 3505 2918 eram
3533 2864 3589 2918 in
3618 2864 3907 2935 provincia

2259 2973 2388 3011 mea
2414 2958 2559 3028 (erat
2572 2960 2766 3011 autem
2784 2952 3358 3027 exApamia),auriga
3376 2970 3408 3023 q
3421 2953 3616 3007 uidam
3641 2953 3756 3007 illic
3769 2957 3902 3017 erat,

2257 3048 2495 3102 nomine
2514 3044 3167 3111 Phileremus.Quadam
3186 3044 3575 3114 ergodiecum
3593 3049 3902 3117 superatus

2257 3137 2487 3202 fuisset,
2507 3140 2883 3190 surrexerunt
2909 3134 3009 3205 qui
3034 3150 3102 3189 ex
3116 3140 3276 3204 parte
3292 3134 3419 3204 ejus
3433 3137 3622 3202 erant,
3644 3134 3898 3189 claman-

2173 3236 2214 3302 ρ
2254 3231 2343 3281 tes
2371 3225 2422 3281 ei
2449 3243 2461 3281 :
2496 3225 2857 3280 Phileremus
2890 3240 3166 3279 coronam
3201 3222 3506 3278 incivitate
3536 3240 3653 3279 non
3674 3222 3891 3293 accipit.

2250 3316 2392 3370 Cum
2444 3315 2642 3385 itaque
2692 3314 2979 3367 venissem
3031 3313 3410 3384 postmodum
3443 3312 3501 3366 in
3536 3310 3891 3384 Scytbim,si

2246 3404 2482 3475 quando
2517 3420 2608 3458 me
2638 3404 2898 3474 pulsaret
2926 3400 3201 3473 cogitatio
3227 3417 3371 3469 mea,
3400 3404 3464 3455 ut
3487 3401 3813 3457 recederem
3836 3400 3889 3454 in

2248 3494 2564 3558 civitatem,
2590 3496 2691 3546 aut
2717 3490 2937 3558 villam,
2964 3490 3239 3546 continuo
3263 3490 3529 3545 dicebam
3557 3490 3611 3543 in
3642 3489 3883 3558 meipso:

2249 3579 2541 3648 Marcelle,
2574 3579 2937 3634 Phileremus
2960 3594 3234 3633 coronam
3260 3577 3318 3631 in
3342 3577 3576 3631 civitate
3599 3594 3717 3632 non
3750 3575 3888 3631 acci-

2249 3672 2351 3743 pit.
2386 3675 2457 3725 Et
2486 3668 2701 3724 Christi
2726 3667 2914 3739 gratia
2938 3667 3049 3721 ista
3071 3666 3346 3738 cogitatio
3371 3667 3503 3721 fecit
3523 3669 3585 3720 ut
3606 3666 3680 3721 de
3700 3663 3888 3738 Scytbi

2251 3777 2364 3815 non
2397 3758 2703 3830 egrederer
2742 3772 2844 3827 per
2873 3773 3060 3811 annos
3102 3756 3345 3827 triginta
3375 3755 3661 3826 quinque,
3720 3755 3893 3808 donec

2248 3848 2548 3904 venientes
2579 3846 2809 3902 barbari
2847 3845 3366 3917 apprehenderunt
3396 3860 3509 3911 me,
3543 3851 3596 3899 et
3627 3842 3893 3899 vendide-

2249 3943 2391 3993 runt
2423 3935 2746 4007 Pentapoli,
2780 3935 3164 4007 Scythimque
3184 3933 3611 3989 desolaverunt.

2323 4026 2480 4081 Idem
2502 4025 2683 4081 abbas
2711 4022 3022 4078 Marcellus
3047 4023 3210 4095 quasi
3233 4024 3301 4079 de
3332 4022 3445 4078 alio
3474 4038 3613 4078 sene
3638 4025 3894 4079 morante

2250 4115 2307 4169 in
2340 4114 2532 4187 Scythi
2585 4114 2735 4185 (ipse
2783 4118 2976 4167 autem
3027 4112 3173 4184 erat)
3225 4112 3483 4168 narravit
3516 4111 3721 4168 dicens
3750 4110 3893 4182 quod

2250 4208 2416 4259 nocte
2431 4202 2684 4275 quadam
2712 4202 3029 4257 surrexerit
3045 4206 3103 4256 ut
3120 4202 3244 4274 psal
3257 4219 3379 4257 mos
3391 4218 3457 4257 ex
3473 4218 3635 4256 more
3649 4204 3891 4259 caneret.

2248 4296 2513 4364 Cumque
2546 4291 2791 4363 psallere
2822 4291 3113 4362 cmpisset,
3151 4292 3376 4347 audivit
3406 4307 3603 4348 vocem
3642 4290 3893 4347 buccina

2251 4381 2419 4454 quasi
2436 4380 2711 4436 bellicum
2727 4379 3072 4451 clangentis,
3094 4387 3153 4435 tu
3165 4381 3484 4452 rbatusque
3499 4397 3671 4436 senex
3692 4379 3895 4451 cogita-

2250 4472 2369 4537 bat,
2403 4470 2642 4526 dicens:
2686 4469 2849 4525 Unde
2878 4470 2985 4524 hoc
3020 4470 3075 4525 in
3099 4469 3223 4525 loco
3242 4485 3349 4525 vox
3366 4470 3631 4525 buccinae
3654 4472 3891 4541 perstre-

2251 4560 2382 4632 pit?
2415 4558 2633 4614 milites
2650 4558 2745 4613 hic
2765 4576 2877 4613 non
2899 4564 3059 4627 sunt,
3080 4558 3295 4615 bellum
3315 4560 3447 4615 hinc
3472 4559 3657 4615 abest.
3685 4558 3893 4613 Etcum

2252 4650 2366 4706 ista
2394 4664 2589 4705 secum
2632 4648 2910 4719 volveret,
2955 4649 3177 4704 daemon
3230 4665 3405 4720 prepe
3454 4647 3622 4704 illum
3665 4646 3893 4703 veniens

2249 4739 2396 4794 dixit
2443 4737 2544 4794 ei:
2594 4737 2804 4809 Utique
2858 4736 3075 4792 bellum
3136 4742 3243 4793 est.
3298 4738 3358 4794 Si
3400 4754 3535 4809 ergo
3577 4731 3893 4809 oppugnari

2250 4844 2315 4882 ac
2347 4842 2679 4899 repugnare
2710 4844 2825 4882 non
2858 4826 2965 4896 vis,
3000 4832 3166 4896 vade,
3211 4827 3424 4895 dormi,
3463 4831 3521 4882 et
3550 4842 3667 4881 non
3717 4836 3891 4896 oppu-

2249 4916 2542 4989 gnaberis.

2322 5004 2470 5059 Dixit
2496 5004 2706 5060 iterum
2741 5020 2915 5060 senex
2942 5004 3208 5059 :Credite
3229 5003 3394 5073 mihi,
3426 5003 3614 5070 ﬁlioli,
3647 5000 3790 5057 nihil
3819 5001 3892 5053 ita

2250 5094 2575 5165 perturbat,
2624 5097 2682 5148 et
2731 5094 3005 5162 concitat,
3056 5098 3114 5148 et
3153 5093 3370 5159 irritat,
3422 5097 3478 5149 et
3525 5090 3811 5159 vulnerat,
3840 5090 3892 5142 et

2248 5184 2459 5254 perdit,
2496 5188 2672 5253 atque
2717 5183 3048 5251 contristat,
3099 5189 3156 5238 et
3197 5187 3401 5237 contra
3434 5199 3545 5238 nos
3575 5180 3892 5237 commovet

2248 5273 2565 5339 daemones,
2582 5272 2898 5343 ipsumque
2915 5272 3258 5345 perditionis
3273 5277 3573 5327 auctorem
3595 5272 3888 5332 Satanam,

2247 5360 2399 5417 sicut
2432 5367 2714 5432 perpetua
2746 5361 3111 5432 psalmorum
3155 5362 3483 5417 meditatio.
3530 5360 3673 5416 Nam
3706 5355 3892 5414 omnis

2246 5451 2485 5522 quidem
2501 5450 2695 5505 divina
2708 5451 3007 5522 Scriptura
3024 5450 3185 5506 utilis
3202 5451 3368 5505 nobis
3382 5449 3891 5516 estcontristatque

2246 5557 2361 5595 non
2385 5538 2752 5595 mediocriter
2769 5541 3087 5607 daemones,
3110 5558 3224 5596 non
3250 5545 3445 5595 tamen
3471 5540 3554 5596 ita
3570 5539 3720 5595 sicut
3742 5532 3889 5607 psal-

2245 5629 2482 5686 terium.
2518 5628 2681 5684 Sicut
2710 5630 2943 5685 enimin
2975 5631 3339 5702 plebesiuna
3357 5627 3886 5701 parslaudetimpe-

2246 5723 2523 5784 ratorem.
2554 5717 2668 5775 alia
2698 5735 2835 5791 pars
2863 5719 2937 5776 ob
2983 5718 3042 5775 id
3094 5735 3213 5776 non
3260 5718 3663 5786 contristatur,
3707 5724 3887 5785 neque
