4180 6338
280 370 387 425 197

1599 388 1896 441 PRATUM
1938 389 2389 447 SPIRITUALE.

3596 409 3697 464 198

278 502 548 553 movetur
569 504 773 556 contra
797 500 1139 572 laudantes;
1175 523 1310 562 cum
1335 524 1467 563 vero
1494 510 1563 564 ad
1598 509 1845 580 injurias
1877 515 1934 567 et
1965 516 2017 582 Α
2122 514 2273 571 Dixit
2302 517 2515 574 iterum
2549 537 2724 577 senex
2759 540 2771 577 :
2808 525 3123 595 Fugiamus
3155 536 3401 587 matrem
3435 534 3700 592 omnium

282 587 672 644 contumelias
706 607 822 646 non
856 590 1227 650 laudantium
1262 598 1524 653 conversi
1560 599 1943 668 fuerint,tunc

280 676 561 731 adversus
594 694 693 733 eos
727 681 1094 751 excitantur;
1152 684 1232 738 ita
1283 692 1340 741 et
1388 688 1685 744 dmmones
1719 707 1833 745 non
1862 690 1943 745 ita

284 773 1433 842 commoventurnequecontristanturin
1454 778 1585 833 aliis
1602 780 1826 849 Scriptu
1839 781 1939 848 ris,

283 857 785 924 quemadmodum
813 860 867 915 in
895 862 1462 931 psalmis.Namcum
1484 868 1742 938 psalmos
1764 870 1941 924 medi-

281 949 502 1010 temur,
540 948 748 1016 partim
784 950 1020 1020 quidem
1061 954 1227 1009 nobis
1255 955 1401 1026 ipsis
1434 963 1614 1013 Deum
1646 957 1937 1013 laudando

279 1050 543 1104 oramus,
572 1038 785 1107 partim
812 1055 945 1095 vero
980 1042 1934 1118 maledictisinsequimurdaemo-

276 1139 403 1178 nes.
420 1122 641 1181 Utcum
658 1126 943 1185 dicimus:
971 1130 1245 1189 Miserere
1264 1135 1398 1201 mei,
1416 1136 1591 1203 Deus,
1608 1138 1933 1193 secundum

274 1228 550 1282 magnam
570 1215 1029 1274 misericordiam
1051 1225 1229 1291 tuam,
1248 1228 1302 1278 et
1324 1241 1456 1280 secu
1471 1228 1649 1280 ndum
1669 1226 1933 1282 multitu-

271 1300 474 1357 dinem
493 1304 938 1362 miserationum
958 1314 1191 1365 tuarum
1209 1313 1333 1368 dele
1350 1314 1718 1386 iniquitatem
1745 1334 1931 1372 meam

269 1392 446 1461 (Psal.
468 1392 539 1461 ι).
557 1397 625 1446 Et
646 1394 860 1449 iterum
880 1412 892 1451 :
910 1396 990 1452 Ne
1010 1399 1284 1469 projicias
1300 1419 1390 1457 me
1406 1421 1437 1456 a
1453 1405 1595 1459 facie
1610 1410 1793 1473 tua,et
1808 1407 1931 1477 spi-

272 1479 459 1535 ritum
491 1486 763 1538 sanctum
801 1488 1051 1542 tuumne
1078 1489 1693 1564 auferasame(lbid.).
1722 1495 1824 1550 Et:
1850 1499 1931 1551 Ne

270 1572 554 1640 projicias
589 1590 681 1629 me
722 1576 780 1629 in
820 1581 1081 1649 tempore
1118 1584 1463 1651 senectutis,
1483 1603 1615 1641 cum
1655 1589 1931 1648 defecerit

267 1660 460 1715 virtus
477 1677 628 1727 mea,
651 1680 721 1719 ne
744 1665 1117 1739 derelinquas
1140 1675 1407 1742 me(P.sal.
1429 1677 1577 1748 Lxx),
1595 1680 1763 1735 nobis
1782 1680 1928 1753 ipsis

268 1765 537 1806 oramus.
573 1753 739 1809 Tunc
764 1772 895 1811 vero
919 1762 1331 1830 persequimur
1348 1766 1661 1835 damones,
1679 1787 1811 1825 cum
1836 1773 1925 1826 di-

270 1839 468 1894 cimus
492 1842 667 1912 (Psal.
693 1852 860 1913 vau)
888 1863 900 1900 :
926 1848 1215 1922 Exsurgat
1265 1852 1435 1921 Deus,
1465 1860 1522 1910 et
1561 1858 1926 1931 dissipentur

270 1927 496 1984 inimici
520 1931 742 2002 ejus,et
765 1934 987 2007 fugiant
1010 1938 1110 2009 qui
1128 1941 1377 1998 oderunt
1398 1960 1530 2001 eum
1555 1965 1588 2002 a
1610 1948 1753 2006 facie
1774 1951 1922 2021 ejus.

267 2020 589 2075 Etrursus:
615 2020 741 2076 Vidi
770 2024 1018 2095 impium
1036 2034 1532 2100 superexaltatum
1556 2043 1612 2092 et
1634 2020 1921 2095 elevatum

268 2107 423 2161 sicut
444 2109 653 2165 cedros
686 2111 918 2182 Libani;
954 2123 1011 2171 et
1041 2120 1304 2191 transivi,
1329 2129 1383 2177 et
1412 2140 1541 2181 ecce
1594 2144 1707 2183 non
1760 2136 1920 2185 erat:

266 2197 513 2265 quaesivi
546 2215 704 2266 eum,
732 2206 789 2255 et
812 2219 924 2258 non
957 2210 1045 2260 est
1077 2207 1344 2266 iuventus
1377 2212 1538 2269 locus
1578 2218 1705 2285 eius
1746 2219 1919 2287 (Psal.

265 2287 479 2356 xxxvi).
504 2288 570 2342 Et
591 2288 737 2344 illud
762 2306 775 2345 :
801 2293 1042 2349 Gladius
1067 2313 1265 2353 eorum
1291 2301 1471 2358 intret
1489 2304 1544 2359 in
1569 2308 1744 2362 corda
1766 2308 1924 2379 ipso-

268 2391 396 2429 rum
450 2375 659 2446 (lbid.).
696 2380 759 2433 Et
810 2380 1023 2438 iterum
1058 2402 1070 2439 :
1108 2386 1324 2445 Lacum
1358 2393 1605 2462 aperuit,
1639 2401 1694 2451 et
1726 2375 1924 2453 effodit

266 2478 422 2528 eum,
457 2470 516 2519 et
546 2466 749 2522 incidit
782 2469 839 2524 in
873 2472 1098 2530 foveam
1133 2493 1308 2547 quam
1345 2481 1497 2539 fecit.
1541 2488 1923 2543 Cunvertatur

266 2552 431 2607 dolor
462 2555 594 2624 ejus
626 2557 681 2610 in
716 2567 891 2630 caput
919 2564 1068 2632 ejus,
1104 2570 1159 2619 et
1191 2568 1248 2621 in
1282 2573 1557 2628 verticem
1588 2574 1777 2647 ipsius
1807 2577 1919 2632 ini-

266 2641 465 2711 quitas
498 2644 628 2712 ejus
660 2646 973 2706 descendet
1002 2652 1176 2723 (Psal.
1210 2665 1327 2712 νη).

336 2738 495 2794 Dixit
547 2741 754 2799 iterum
806 2763 981 2803 senex
1015 2767 1027 2803 :
1063 2751 1292 2809 Credite
1320 2758 1485 2826 mihi,
1518 2760 1644 2828 filii,
1680 2762 1915 2820 dicenti.

257 3096 447 3151 tualia
476 3114 658 3168 quam
693 3104 1021 3174 sensibilis;
1044 3108 1123 3163 ita
1149 3128 1361 3184 magna
1391 3118 1658 3176 confusio
1681 3124 1915 3196 etigno-

258 3184 445 3240 minia
475 3192 566 3241 est
598 3191 884 3248 monacho
918 3196 1014 3264 qui
1036 3197 1316 3271 relinquit
1342 3208 1731 3266 monasticum
1754 3184 1916 3270 babi-

254 3278 409 3341 tum,
444 3276 677 3333 etiamsi
710 3280 1000 3338 efficiatur
1028 3285 1367 3359 imperator.

330 3371 489 3427 Dixit
540 3373 755 3432 iterum
790 3394 804 3433 :
840 3380 1019 3439 Homo
1072 3387 1397 3447 similitudo
1428 3393 1529 3449 Dei
1562 3396 1670 3453 fuit
1701 3401 1772 3456 ab
1809 3402 1921 3456 ini-

256 3460 364 3529 tio,
395 3462 587 3518 factus
619 3473 709 3520 est
740 3474 934 3526 autem
986 3474 1311 3534 similitudo
1358 3481 1554 3539 bestia
1604 3493 1917 3561 postquam

260 3566 295 3604 ει
324 3554 444 3606 Deo
476 3553 691 3609 excidit
721 3556 874 3628 (Gen.
910 3566 972 3629 ι).

336 3638 565 3697 Rursus
608 3643 691 3697 ait
742 3663 755 3701 :
800 3648 987 3705 Etiam
1017 3658 1227 3711 natura
1256 3659 1467 3716 excitat
1497 3668 1918 3737 concupiscen-

260 3727 398 3793 tias,
435 3730 664 3803 fratres,
692 3736 793 3791 sed
837 3738 1001 3811 jugis
1045 3747 1102 3798 et
1149 3744 1376 3804 intenta
1406 3727 1762 3810 abstinentia
1812 3758 1918 3815 has

249 3816 435 3873 etiam
470 3822 816 3894 exstinguit.

323 3907 484 3964 Dixit
517 3910 729 3967 iterum
764 3931 936 3972 senex
959 3936 971 3973 :
994 3922 1255 3992 Agnosce
1289 3929 1684 3998 experimento
1703 3934 1915 3993 bonam

251 3996 463 4065 vitam,
494 4016 688 4073 neque
713 4005 838 4074 jam
870 4018 933 4061 ut
964 4008 1257 4070 invalidus
1289 4017 1521 4076 timeas.

325 4087 418 4142 Ait
448 4105 658 4145 rursus
691 4108 704 4147 :
729 4093 857 4149 Noli
881 4098 1101 4167 mirari,
1128 4102 1174 4156 si
1204 4103 1378 4161 homo
1400 4124 1533 4166 cum
1557 4111 1914 4187 sis,angelus

252 4174 379 4231 fieri
404 4178 944 4254 possis.Proposita
966 4189 1122 4246 enim
1154 4192 1259 4249 tibi
1290 4200 1380 4251 est
1412 4215 1517 4269 par
1547 4174 1914 4277 angelisglo-

252 4264 365 4331 ria,
382 4283 631 4338 eamque
652 4274 1008 4343 agonotbeta
1031 4285 1229 4335 noster
1260 4264 1910 4364 certa-ntibus‘spondet.

323 4363 485 4419 Dixit
508 4364 724 4423 iterum
749 4388 960 4429 senex:
988 4375 1144 4432 Nihil
1165 4378 1247 4435 ita
1270 4386 1383 4439 Deo
1408 4363 1726 4446 monachos
1744 4392 1914 4447 fami-

246 4449 430 4506 liares
466 4454 666 4525 efficit,
702 4464 764 4513 ut
814 4461 1060 4531 pulchra
1101 4473 1159 4522 et
1200 4469 1447 4528 honesta
1467 4482 1523 4531 et
1553 4482 1664 4533 Deo
1695 4483 1913 4551 gratis-

248 4540 405 4597 sima
436 4546 697 4615 castitas,
734 4565 860 4621 qua:
892 4551 1044 4609 sicut
1075 4562 1320 4615 sanctus
1361 4568 1419 4617 et
1464 4566 1700 4624 divinus
1727 4570 1911 4643 Spiri-

246 4634 343 4685 tus
377 4637 692 4692 attestatur
723 4655 825 4709 per
855 4640 1092 4702 beatum
1123 4648 1394 4719 Paulum,
1434 4634 1803 4717 honestatem
1854 4666 1912 4719 et
1940 4640 1987 4703 D
2090 4682 2329 4740 Dicebat
2351 4686 2498 4743 etho

247 4726 749 4791 perseverantiam
773 4729 999 4802 jugiter
1028 4740 1273 4794 vacandi
1308 4741 1554 4801 Domino
1605 4749 1731 4805 sine
1786 4752 1912 4808 dis-

245 4812 542 4866 tractione
567 4821 807 4885 praestat
837 4821 882 4890 (Ι
914 4821 1039 4879 Cor.
1076 4831 1199 4897 vn).

320 4897 477 4954 Dixit
502 4901 717 4960 iterum
754 4924 766 4961 :
799 4908 1342 4977 Filii,dimittamus
1375 4924 1611 4993 nuptias
1645 4944 1912 4998 procrea-

247 4988 592 5061 tionemque
619 4993 931 5055 liberorum
966 5001 1060 5059 his
1092 5007 1193 5077 qui
1219 5012 1447 5066 terrena
1480 5015 1820 5087 respiciunt,
1855 5026 1912 5077 et

248 5082 565 5150 presentia
596 5085 952 5162 desiderant,
981 5112 1085 5151 nec
1116 5098 1315 5156 futura
1347 5082 1910 5182 meditantur,atque

247 5169 316 5222 ad
334 5176 625 5229 aeternoru
639 5194 689 5231 in
706 5178 927 5236 bonoru
940 5201 993 5237 m
1008 5187 1455 5257 acquisitionem
1471 5210 1583 5250 non
1600 5200 1795 5254 attend
1808 5206 1911 5257 unt

250 5262 308 5311 et
334 5276 368 5313 a
400 5265 832 5334 temporalibus
864 5275 922 5325 et
953 5279 1374 5335 momentaneis
1406 5282 1551 5354 eripi
1587 5295 1907 5358 nequeunt.

249 5346 407 5403 Dixit
434 5349 681 5409 iterum:
709 5356 1120 5419 Festineznusa
1143 5368 1361 5422 carnali
1389 5371 1504 5427 vita
1529 5374 1799 5446 migrare,
1823 5380 1907 5434 si-

246 5436 363 5490 cuti
379 5441 638 5499 carnalis
660 5446 840 5502 Israel
866 5450 939 5504 ab
959 5456 1227 5526 Egyptia
1249 5458 1532 5516 servitute
1563 5436 1901 5540 (Εέεοιίλέιν).

314 5535 417 5591 Ait
445 5555 656 5595 rursus
686 5559 699 5596 :
733 5546 1019 5604 Praeclara
1049 5556 1106 5607 et
1138 5553 1331 5610 dulcia
1370 5558 1472 5613 Dei
1523 5576 1771 5621 munera
1800 5567 1906 5623 ha-

244 5622 456 5766 ll)emus
490 5632 813 5706 proposita,
839 5636 1069 5709 fratres,
1096 5658 1202 5714 pro
1234 5646 1497 5703 saeculari
1531 5649 1779 5710 molesta
1809 5622 1905 5713 vo-

275 5719 498 5766 notate.

275 5719 498 5785 aptate.

1956 1897 2003 1962 Β

2052 604 2341 661 malorum
2376 609 2685 665 avaritiam
2720 614 2763 681 (I
2794 614 2925 670 Tim.
2960 618 3060 688 v1).

2643 728 2874 785 CAPUT
2910 733 3101 789 CLlIl.

2118 812 2409 883 Responsio
2455 816 2707 873 Monac/ii
2756 825 3081 945 ηιοῖιαδιθνὶἰ
3124 826 3340 897 Raythu
3368 828 3437 883 ad
3464 836 3696 898 [mtrem

2696 906 2837 945 swcu
2867 911 3041 945 arem.

2696 906 3041 949 ςιῖθσιιιανεγη.

2117 980 2269 1035 909
2292 987 2407 1037 Duo
2428 983 2631 1040 fratres
2658 991 2967 1045 saeculares
2986 998 3151 1047 erant
3172 996 3694 1071 Constantinopoli,

2046 1068 2297 1125 multum
2334 1073 2610 1143 religiosi,
2629 1076 3002 1151 multumque
3027 1084 3385 1151 jejunantes.
3405 1068 3568 1143 Unus
3588 1090 3693 1161 igi-

2044 1160 2141 1210 tur
2164 1176 2230 1211 ex
2253 1159 2344 1213 his
2368 1162 2604 1218 veniens
2628 1166 2683 1219 in
2711 1168 2961 1237 Reythu,
2985 1171 3195 1226 smculo
3242 1174 3692 1245 abrenuntiavit,

2043 1251 2095 1300 et
2116 1247 2304 1304 factus
2327 1255 2413 1304 est
2440 1253 2925 1311 monachus.Post
2946 1258 3377 1329 aliquantulum
3402 1281 3534 1320 vero
3552 1271 3692 1321 tem-

2042 1337 2198 1405 poris
2220 1339 2376 1393 venit
2399 1346 2456 1394 et
2476 1343 2775 1399 saecularis
2802 1346 2977 1401 frater
3008 1349 3135 1419 ejus
3159 1351 3212 1403 in
3240 1351 3485 1424 Raythu,
3523 1361 3585 1411 ut
3607 1356 3691 1411 vi-

2040 1424 2205 1481 deret
2232 1426 2467 1483 tratrem
2502 1447 2674 1485 suum
2704 1434 3075 1491 monachum.
3104 1441 3244 1494 Cum
3272 1457 3408 1512 ergo
3432 1460 3685 1500 morare-

2040 1518 2139 1566 tur
2168 1517 2323 1586 apud
2359 1533 2514 1587 eum,
2542 1519 2680 1574 vidit
2712 1523 3010 1581 saecularis
3035 1527 3265 1583 fratrem
3284 1547 3459 1586 suum
3484 1551 3686 1589 mona-

2038 1602 2214 1656 chum
2271 1622 2331 1659 se
2364 1605 2719 1664 reﬁcientem
2755 1628 2906 1667 nona
2936 1614 3100 1686 hora,
3135 1618 3688 1694 scandalizatusque

2036 1690 2184 1745 dixit
2218 1692 2300 1746 illi
2337 1711 2349 1747 :
2387 1695 2585 1751 Frater
2631 1716 2765 1755 cum
2816 1718 2977 1758 esses
3026 1705 3349 1773 saecularis,
3379 1727 3683 1781 nunquam

2035 1788 2166 1832 ante
2189 1779 2329 1834 solis
2353 1799 2621 1839 occasum
2648 1790 2923 1844 sumebas
2946 1790 3329 1849 cibum.’I‘unc
3353 1799 3431 1851 ait
3454 1798 3535 1853 illi
3562 1816 3686 1856 mo-

2035 1867 2256 1923 nachus
2289 1888 2301 1924 :
2339 1873 2622 1943 Profecto,
2660 1876 2857 1944 frater,
2893 1883 3127 1949 quando
3160 1900 3317 1940 eram
3351 1886 3410 1941 in
3444 1889 3681 1961 saeculo,

2033 1972 2205 2011 aures
2230 1974 2369 2013 meae
2396 1962 2731 2019 nutriebant
2753 1983 2844 2021 mc
2866 1992 2878 2033 ;
2902 1973 3213 2026 vanaenim
3236 1973 3537 2031 hominum
3558 1980 3685 2050 glo-

2032 2044 2118 2099 ria
2135 2050 2190 2100 et
2211 2047 2336 2102 laus
2362 2066 2475 2104 non
2502 2054 2875 2111 mediocriter
2892 2075 2978 2113 me
2994 2060 3684 2141 reﬁciebantJejuniique

2031 2133 2292 2191 laborem
2327 2138 2600 2196 leviorem
2630 2144 2973 2202 reddebant.

2626 2258 2861 2316 CAPUT
2900 2264 3079 2320 CLIV.

2280 2342 2395 2397 l'ila
2426 2344 2683 2401 Theodori
2710 2352 3020 2419 saecularis,
3052 2356 3290 2411 hominis
3320 2358 3436 2413 Dei.

2100 2437 2339 2495 Dicebat
2383 2443 2564 2498 abbas
2613 2445 2899 2504 Jordanes
2948 2450 3245 2509 solitarius
3282 2471 3294 2508 ε
3328 2456 3468 2513 Tres
3499 2459 3679 2515 simul

2029 2526 2394 2583 anachoreta;
2419 2533 2780 2601 perreximus
2794 2537 2865 2591 ad
2881 2538 3149 2594 abbatem
3168 2542 3469 2600 Nicolaum
3485 2547 3544 2601 in
3562 2553 3683 2603 tor-

2029 2619 2246 2671 rentem
2276 2620 2627 2675 Betasimum
2645 2622 2822 2692 (inter
2841 2632 3108 2683 sanctum
3134 2631 3289 2686 enim
3316 2633 3606 2704 Elpidium
3625 2641 3682 2693 et

2028 2706 2445 2762 monasterium
2462 2710 2616 2778 quod
2633 2711 3305 2787 diciturPeregrinorum
3326 2722 3381 2775 in
3396 2724 3681 2795 spelunca

2027 2794 2995 2873 morabaturﬁnvenimusquecum
3010 2806 3109 2862 illo
3124 2812 3461 2868 saecularem
3478 2831 3682 2885 quem-

2027 2881 2594 2953 dam.Luquentibus
2609 2894 2802 2945 autem
2820 2893 2990 2949 nobis
3003 2896 3074 2950 de
3088 2897 3181 2950 ani
3196 2915 3299 2953 mae
3314 2881 3680 2970 salute,dixit

2025 2969 2205 3023 abbas
2219 2971 2492 3029 Nicolaus
2507 2977 2770 3032 steculari
2793 2996 2804 3032 :
2827 2981 2920 3035 Dic
2938 2982 3107 3038 nobis
3121 2990 3249 3040 ettu
3268 2969 3515 3059 aliquid.
3530 2992 3641 3049 Res
3660 3025 3675 3036 -

2025 3060 2230 3128 pondit
2262 3062 2580 3131 secularis,
2608 3071 2663 3120 et
2694 3066 2775 3122 ait
2808 3085 2821 3122 :
2855 3070 3001 3134 Quid
3036 3074 3203 3129 vobis
3236 3079 3512 3146 prodesse
3544 3099 3678 3153 pos-

2024 3148 2203 3203 sum?
2236 3148 2469 3207 Utinam
2493 3155 2576 3209 vel
2612 3156 2755 3210 mihi
2792 3158 2900 3228 ipsi
2936 3162 3215 3230 prodesse
3244 3148 3682 3226 valerem.Dixit

1949 3262 1991 3329 Ο
2029 3236 2079 3291 ei
2100 3254 2305 3294 senex:
2333 3243 2577 3298 Prorsus
2602 3244 2821 3316 aliquid
2841 3248 3110 3306 dicturus
3124 3268 3206 3308 es.
3225 3254 3681 3314 Tuncaitszecu-

2029 3324 2200 3382 laris:
2226 3328 2417 3384 Habeo
2444 3332 2648 3402 viginti
2674 3335 2822 3390 duos
2841 3354 3047 3409 annos,
3071 3356 3268 3412 exquo
3289 3352 3679 3418 praeterquam

2028 3415 2283 3471 Sabbato
2300 3422 2357 3473 et
2377 3421 2679 3477 Dominico
2705 3424 2796 3480 die
2820 3442 3122 3498 nunquam
3146 3448 3237 3485 me
3262 3432 3351 3488 sol
3374 3415 3684 3492 comeden-

2024 3509 2141 3559 tem
2194 3506 2353 3562 vidit.
2384 3510 2517 3564 Erat
2564 3516 2758 3568 autem
2796 3518 3190 3575 mercenarius
3223 3522 3277 3576 in
3309 3522 3449 3579 villa
3479 3526 3678 3584 divitis

2026 3591 2309 3661 hominis,
2332 3597 2518 3668 iniqui
2543 3605 2599 3653 et
2620 3602 2940 3667 avari,cum
2963 3622 3078 3677 quo
3104 3610 3293 3665 mansi
3317 3613 3489 3669 annis
3512 3615 3686 3687 quin-

2026 3681 2338 3749 decim,die
2360 3692 2655 3758 noctuque
2678 3707 2948 3761 operans,
2967 3712 3157 3766 neque
3181 3703 3505 3758 mercedem
3532 3705 3679 3759 mihi

2026 3772 2269 3827 reddere
2299 3773 2550 3841 volebat,
2578 3779 2677 3832 sed
2714 3796 2814 3850 per
2846 3798 3031 3838 annos
3065 3786 3332 3858 singulos
3376 3792 3681 3863 affligebat

2024 3876 2139 3915 non
2167 3861 2555 3919 mediocriter.
2584 3868 2783 3938 Itaque
2814 3869 2932 3925 dixi
2969 3872 3024 3925 in
3064 3875 3284 3944 meipso
3314 3894 3327 3931 :
3355 3861 3676 3949 Theodore,

2024 3950 2070 4004 si
2097 3949 2435 4009 toleraveris
2469 3953 2624 4009 hunc
2655 3956 2869 4019 virum,
2905 3977 3008 4031 pro
3041 3965 3332 4032 mercede,
3359 3983 3535 4039 quam
3569 3970 3679 4025 tibi

2024 4040 2215 4106 debet,
2232 4040 2508 4098 caelorum
2535 4062 2773 4115 regnum
2796 4047 2900 4103 tibi
2926 4053 3298 4122 przeparabit.
3321 4058 3552 4113 Servavi
3576 4077 3680 4115 au-

2022 4133 2139 4184 tem
2154 4135 2436 4202 etcorpus
2461 4150 2652 4190 meum
2682 4138 2967 4192 mundum
2984 4141 3277 4199 amuliere
3292 4162 3479 4217 usque
3495 4148 3551 4202 in
3570 4148 3678 4203 ho-

2021 4218 2292 4274 diernum
2325 4221 2648 4279 diem.Htec
2682 4242 2785 4281 nos
2819 4243 2951 4282 cum
2984 4230 3673 4309 audivissemus,magni-

2021 4308 2126 4364 fice
2155 4308 2424 4365 mdificati
2454 4329 2685 4368 sumus.

2641 4430 2868 4489 CAPUT
2907 4438 3057 4493 CLV.

2056 4515 2267 4571 Relalz'o
2297 4516 2792 4604 abbatis_.lordani.s_
2820 4523 2883 4604 de
2912 4527 3088 4604 tribus
3137 4528 3427 4587 Saracenis
3462 4535 3642 4604 quise

2502 4590 2737 4647 invicem
2770 4596 3188 4667 interfecerunt.

2503 4705 2532 4742 c
2555 4690 2722 4746 nobis
2745 4692 2814 4747 de
2842 4693 3052 4751 abbate
3070 4697 3304 4755 Nicolao
3325 4701 3507 4757 abbas
3536 4703 3674 4758 Jor-

2022 4772 2238 4829 danes:
2267 4775 2571 4846 Narrabat,
2598 4779 3504 4860 inquit,senex,quiaimperante
3530 4792 3677 4849 fide-

2022 4859 2613 4935 lissimoimperatore
2635 4870 3173 4943 Mauritio,quando
3197 4877 3485 4936 Namanes
3505 4882 3681 4937 Sara-

2020 4967 2297 5008 cenorum
2331 4956 2585 5011 nationis
2619 4959 2735 5013 dux
2764 4963 3017 5032 praedam
3046 4967 3337 5036 egit,cum
3371 4968 3679 5028 circuirem

2021 5054 2126 5110 ego
2152 5058 2330 5113 prope
2367 5046 2661 5101 Arnonem
2685 5052 2742 5102 et
2763 5050 3070 5117 Aidonem,
3097 5054 3318 5125 aspicio
3351 5056 3675 5115 Saracenos

2019 5136 2160 5196 tres,
2185 5130 2673 5190 habentessecum
2710 5154 2891 5194 unum
2925 5140 3355 5198 adolescentem
3375 5145 3672 5202 valdef‘or-

2022 5234 2569 5286 mosum,annorum
2597 5225 3282 5299 fermeviginti,vinctum
3302 5238 3476 5305 atque
3494 5237 3677 5308 capti-

2019 5322 2173 5361 vum.
2201 5308 2272 5363 Ut
2301 5326 2437 5382 ergo
2469 5312 2614 5368 vidit
2662 5332 2754 5371 me
2800 5316 3162 5385 adolescens,
3199 5321 3335 5376 ﬂere
3387 5329 3585 5396 coepit,
3619 5333 3679 5383 et

2019 5411 2205 5463 orare,
2227 5402 2292 5451 ut
2314 5399 2386 5453 ab
2410 5400 2493 5456 eis
2518 5402 2683 5458 illum
2709 5406 3048 5475 acciperem.
3078 5409 3191 5481 Ego
3214 5417 3408 5468 autem
3434 5414 3645 5471 Sarace
3662 5449 3679 5461 -

2019 5500 2125 5539 nos
2149 5502 2351 5557 rogare
2375 5490 2543 5562 ccepi,
2569 5497 2631 5547 ut
2653 5492 3016 5551 dimitterent
3035 5499 3365 5556 eum.Unus
3388 5510 3584 5559 autem
3611 5505 3679 5560 il-

2017 5572 2208 5629 lorum
2244 5575 2439 5634 Graeco
2464 5598 2733 5637 sermone
2758 5587 3077 5657 respondit,
3104 5594 3161 5643 et
3183 5590 3263 5645 ait
3288 5607 3300 5645 ε
3324 5591 3447 5647 Non
3472 5593 3677 5649 dimit-

2018 5664 2200 5719 timus
2223 5682 2380 5723 eum.
2406 5670 2476 5724 Et
2496 5687 2602 5743 ego
2625 5688 2856 5729 rursum
2882 5674 3000 5732 illis
3026 5678 3141 5734 dixi
3169 5696 3182 5735 :
3209 5682 3464 5755 Accipite
3486 5698 3600 5751 me,
3617 5691 3675 5740 et

2015 5751 2175 5810 hunc
2205 5754 2502 5829 dimittite,
2536 5760 2676 5831 quia
2705 5762 3105 5836 fatigationem
3140 5785 3255 5826 non
3289 5751 3675 5828 sustinet.Ait
