4092 6324
467 328 569 384 199

1661 319 1753 370 DE
1794 317 1982 372 VITIS
2019 318 2319 372 PATRUM
2357 318 2570 373 LIBER
2607 320 2677 374 X.

3740 322 3833 379 200

464 451 608 509 mihi
633 455 688 507 et
712 450 836 522 ipse
866 461 1108 504 rursus:
1137 444 1259 501 Non
1295 441 1649 497 dimittimus
1678 456 1832 494 eum.
1870 439 1990 493 Dixi
2024 439 2108 494 eis
2140 445 2191 511 Α
2226 439 2320 504 tis,
2354 445 2516 497 sexto
2551 443 2730 498 ferme
2761 441 2950 513 lapide
2981 440 3052 495 ab
3082 441 3166 496 eis
3198 441 3446 506 distans,
3481 441 3627 498 circa
3671 446 3832 502 maris

462 541 632 598 tertio
657 539 796 596 :vVel
818 537 1068 610 pretium
1098 551 1199 607 pro
1223 531 1322 587 illo
1344 548 1458 587 non
1483 528 1776 601 accipitis?
1798 529 1942 584 Date
1965 527 2108 583 mihi

463 632 654 698 illum,
689 634 744 684 et
792 625 1079 699 quidquid
1143 621 1444 695 petieritis,
1477 637 1582 691 ego
1632 620 1871 673 afferam
1919 617 2106 672 vobis.

465 719 817 792 Respondit:
845 721 964 772 Non
993 728 1309 784 possumus
1332 710 1436 764 tibi
1457 710 1593 763 dare
1614 707 2108 773 illum,sacerdoti

461 810 619 866 enim
646 812 846 862 nostro
869 799 1421 876 promisimus,quia
1446 799 1495 854 si
1526 799 1664 868 quid
1690 797 1998 868 pulchrum
2021 812 2110 852 ce-

463 900 748 973 perimus,
774 897 1086 951 offeramus
1110 891 1251 948 illud
1277 891 1347 958 ei,
1375 888 1648 960 utipsam
1672 887 1728 941 in
1751 886 2110 941 sacriﬁcium

462 989 684 1046 offerat.
712 986 818 1042 Sed
847 986 990 1039 vade
1017 985 1130 1051 iam
1159 998 1170 1036 :
1203 996 1339 1034 nam
1363 979 1410 1033 si
1439 993 1660 1032 moram
1687 975 1913 1040 feceris,
1938 979 2113 1046 caput

461 1085 631 1133 tuum
658 1079 716 1130 in
736 1082 948 1130 terram
973 1067 1463 1144 projiciam.Tunc
1481 1070 1808 1137 prostratus
1827 1081 1931 1136 ego
1947 1063 2109 1118 humi

462 1165 578 1222 dixi
615 1183 628 1222 :
653 1163 914 1220 Salvator
934 1165 1133 1216 noster
1155 1156 1384 1212 Christe
1411 1155 1584 1220 Deus,
1613 1153 1838 1209 salvum
1866 1153 1952 1208 fac
1985 1168 2111 1207 ser-

461 1274 596 1312 vum
630 1261 819 1310 tuum.
844 1254 912 1308 Et
941 1252 1218 1307 continuo
1251 1255 1369 1303 tres
1398 1245 1669 1302 Saraceni
1702 1243 1986 1299 daemonio
2019 1259 2110 1296 re-

463 1345 600 1418 pleti
623 1343 948 1416 evaginatis
963 1339 1092 1412 glad
1105 1340 1175 1394 iis
1189 1354 1249 1394 se
1265 1337 1508 1391 invicem
1527 1334 2110 1390 conciderunt.Assu-

463 1449 748 1504 mensque
805 1447 910 1503 ego
961 1428 1385 1485 adolescentem
1421 1425 1477 1478 in
1513 1423 1854 1495 speluncam
1898 1436 2108 1486 meam,

462 1521 638 1577 refovi
673 1520 860 1584 illum,
886 1525 940 1574 et
966 1520 1083 1588 jam
1116 1516 1304 1571 ncluit
1348 1514 1613 1569 recedere
1635 1529 1668 1566 a
1701 1528 1789 1565 me
1819 1530 1832 1579 ;
1888 1512 1984 1565 sed
2019 1525 2108 1564 reo

463 1613 745 1668 nuntians
774 1609 1153 1679 saeculo,cum
1190 1609 1408 1677 septem
1445 1619 1629 1658 annos
1655 1602 1713 1655 in
1745 1600 1949 1656 habitu
1988 1615 2109 1654 mo-

462 1703 687 1758 nastico
720 1695 1357 1772 implesset,requievit.
1380 1695 1516 1748 Erat
1545 1697 1738 1747 autem
1771 1705 1980 1762 genere
1997 1693 2110 1760 Ty-

462 1791 607 1847 rius.

1054 1875 1288 1930 CAPUT
1328 1871 1514 1928 CLVI.

560 1968 850 2039 Responsio
881 1965 1165 2037 cujusdam
1201 1964 1356 2018 Senis
1385 1962 1452 2016 ad
1482 1960 1614 2015 duos
1642 1955 2010 2030 philosogihos.

533 2059 657 2114 Duo
685 2054 1022 2129 philosophi
1051 2056 1334 2108 venerant
1366 2049 1682 2120 aliquando
1709 2048 1776 2101 ad
1809 2061 2029 2106 senem.
2055 2047 2112 2098 et

461 2149 706 2204 orabant
734 2161 866 2201 eum
894 2149 954 2199 ut
975 2145 1058 2199 eis
1081 2142 1318 2196 verbum
1341 2137 1740 2193 aedificationis
1763 2133 2109 2189 diceret.Se-

464 2254 573 2293 nex
589 2253 724 2290 vero
748 2234 993 2289 tacebat.
1013 2233 1265 2287 Rursum
1294 2225 1624 2300 philosophi
1651 2220 2109 2280 dixeruntzNihil

463 2325 782 2396 respondes
805 2323 992 2390 nobis,
1017 2326 1182 2376 Pater
1202 2322 1229 2373 ‘t
1259 2320 1421 2373 Tunc
1444 2333 1619 2372 senex
1641 2314 1883 2369 dixiteis
1910 2329 1922 2365 :
1944 2311 2106 2378 Quod

461 2414 710 2471 studiosi
747 2413 980 2482 quidem
1014 2405 1700 2480 sitiseloquentize,scio;
1735 2403 1886 2476 quod
1907 2406 2104 2457 autem

465 2521 575 2559 non
599 2503 719 2558 veri
741 2501 869 2556 sitis
894 2499 1244 2571 philosophi,
1281 2497 1527 2552 affirmo.
1549 2494 1814 2558 Quandiu
1840 2492 1994 2546 enim
2023 2491 2106 2545 lo-

461 2594 556 2663 qui
579 2591 825 2657 discitis,
851 2590 1015 2662 quasi
1039 2588 1196 2660 loqui
1222 2585 1492 2642 nesciatis
1514 2584 1540 2637 '?
1573 2584 1658 2639 Sit
1687 2598 1824 2654 ergo
1847 2580 2104 2652 philoso-

458 2682 605 2752 phiae
629 2686 831 2735 vestras
855 2696 1001 2750 opus
1015 2694 1248 2749 seraper
1272 2674 1538 2730 meditari
1563 2669 2103 2740 mortem,silentio-

455 2786 568 2842 que
599 2774 655 2825 et
686 2767 867 2839 quieti
901 2783 1002 2822 vos
1029 2764 1398 2821 assuefacite.

1046 2871 1280 2928 CAPUT
1320 2869 1525 2924 CLVII.

445 2966 652 3022 Retatz’o
682 2965 922 3020 duorum
952 2961 1349 3018 monachorum
1400 2958 1726 3014 monasterii
1769 2956 2102 3011 Subevorum

603 3037 875 3109 Syrorum
907 3036 974 3090 de
1000 3051 1157 3100 cane,
1191 3035 1287 3104 qui
1310 3030 1485 3104 fratri
1516 3031 1662 3084 viam
1691 3027 1942 3084 ostendit.

521 3136 1006 3205 Perreximusego
1021 3133 1348 3202 etsophista
1362 3129 1790 3200 Sophroniusin
1810 3131 2097 3181 monaste-

449 3225 602 3280 rium
661 3225 989 3280 Calamcnis
1015 3225 1183 3294 juxta
1213 3227 1483 3277 sanctum
1513 3219 1850 3282 Jordanem,
1885 3217 1954 3271 ad
1990 3216 2092 3270 ab-

447 3316 643 3370 batem
675 3314 1094 3375 Alexandrum,
1129 3310 1579 3380 invenimusque
1607 3308 1757 3379 apud
1786 3323 1919 3362 eum
1948 3306 2096 3361 duos

449 3405 769 3460 monachos
791 3401 1128 3458 monasterii
1144 3396 2097 3469 SubevorumSyrorum.Narrave-

445 3498 586 3547 runt
615 3500 806 3548 autem
842 3491 1030 3556 nobis,
1065 3490 1322 3545 dicentes
1357 3504 1370 3543 :
1410 3495 1552 3542 Ante
1583 3487 1690 3541 hos
1724 3487 1920 3541 decem
1949 3484 2097 3556 {dies

443 3581 603 3637 venit
633 3583 869 3652 quidam
901 3579 1340 3652 peregrinorum
1366 3580 1669 3648 susceptor
1695 3575 2096 3643 eleemosynas

443 3687 713 3743 erogans,
734 3677 790 3726 et
813 3669 1051 3725 veniens
1082 3668 1137 3722 in
1173 3667 1390 3723 Subiba
1422 3667 1725 3730 Besorum,
1754 3665 1913 3720 dedit
1934 3663 2095 3718 eulo-

444 3758 1340 3832 giam.Rogavitigiturabbatcm
1359 3755 1958 3824 monasterii,dicens:
1986 3754 2096 3808 Fac

444 3848 874 3919 charitatem,et
897 3847 1061 3902 mitte
1096 3847 1151 3901 in
1188 3847 1515 3917 proximum
1542 3841 1956 3899 monasterium
1993 3846 2097 3912 Sy-

443 3955 666 4004 rorum,
694 3943 758 3992 ut
784 3937 1244 4006 accipiant9|0
1267 3940 1321 3989 et
1344 3933 1762 4003 ipsivenientes
1779 3930 2092 4001 eulogiam,

440 4031 497 4081 et
520 4026 792 4080 nuntient
817 4024 1172 4079 monasterio
1195 4020 1843 4078 Charembeutveniant
1872 4024 1928 4074 et
1957 4018 2092 4090 ipsi.

439 4119 600 4168 'I‘nnc
635 4115 818 4168 abbas
854 4113 1014 4167 misit
1047 4113 1280 4167 fratrem
1314 4112 1381 4164 ad
1416 4110 1685 4165 abbatem
1733 4109 2094 4163 Subevorum

441 4204 742 4274 Syrorum.
771 4202 1069 4256 Profectus
1095 4202 1293 4271 itaque
1317 4201 1512 4266 frater,
1539 4199 1686 4254 dixit
1707 4198 1759 4253 ei
1784 4214 1796 4252 :
1821 4197 1959 4253 Veni
1995 4213 2092 4251 us-

443 4309 555 4363 que
588 4293 657 4346 ad
695 4293 1120 4346 monasterium
1154 4290 1452 4359 Besorum,
1479 4288 1683 4342 nuntia
1715 4304 1846 4342 vero
1878 4292 1932 4342 et
1966 4303 2093 4340 mo-

444 4379 696 4435 nasterio
721 4379 1061 4448 Charembe,
1085 4384 1147 4434 ut
1167 4378 1399 4434 veniant
1421 4383 1476 4432 et
1499 4375 1981 4448 ipsi.’Respondit
2004 4391 2092 4430 se-

444 4487 553 4525 nex
580 4487 591 4524 :
621 4469 838 4536 Frater,
860 4468 1118 4539 ignosce,
1142 4469 1277 4539 quia
1297 4466 1523 4522 nullum
1545 4466 1730 4522 habeo
1761 4483 1932 4532 quem
1961 4464 2091 4520 mit.

2224 529 2443 586 labium
2481 547 2495 586 :
2530 531 2772 603 proinde
2804 532 3023 586 habent
3059 529 3418 586 anachoreta}
3450 535 3502 586 et
3532 530 3644 589 illic
3676 533 3836 590 mini-

2223 625 2432 675 strum.
2466 621 2823 692 Quacunque
2855 637 2991 692 ergo
3018 619 3160 674 hora
3193 619 3390 673 volunt
3411 620 3476 672 ad
3502 618 3721 676 hortum
3745 640 3835 693 pro

2222 707 2479 766 oleribus
2501 710 2751 777 mitteze,
2769 713 3038 766 sternunt
3057 707 3588 776 asinum,etdicunt
3605 710 3651 765 ei
3670 727 3681 763 :
3697 710 3839 768 Vade

2222 798 2281 852 in
2313 798 2549 854 hortum
2582 799 2653 855 ad
2688 800 3049 868 ministrum,
3081 803 3138 853 et
3169 798 3309 852 all‘er
3349 798 3514 853 nobis
3545 798 3711 854 olera.
3743 802 3848 865 Qui

2223 903 2353 943 mox
2387 889 2452 942 ad
2489 889 2868 944 hortulanum
2900 887 3062 944 solus
3094 888 3269 953 vadit,
3304 893 3582 958 stansque
3612 894 3736 941 ante
3758 891 3839 958 ja-

2222 977 2618 1048 nuam,capite
2638 976 2854 1048 pulsat.
2886 975 3093 1032 Statim
3120 975 3300 1046 igitur
3321 993 3584 1045 egressus
3600 975 3841 1032 hortula-

2223 1082 2335 1120 nus
2358 1066 2551 1137 ipsum
2577 1065 2834 1121 oleribus
2858 1073 3484 1136 onerat,onustumque
3509 1066 3844 1120 dimittit.Vi-

2223 1155 2474 1226 dareque
2498 1159 2584 1210 est
2608 1154 2837 1210 asinum
2863 1155 3120 1226 quotidie
3146 1153 3333 1210 solum
3363 1155 3844 1224 ascendentem,et

2224 1244 3206 1311 descendentem,etministrantem
3239 1244 3478 1299 senibus
3510 1242 3843 1312 tantum,alii

2220 1348 2354 1388 vero
2388 1333 2530 1388 nulli
2563 1333 3004 1404 obsequentem.

2817 1449 3045 1505 CAPUT
3086 1448 3268 1504 CLIX.

2301 1540 2416 1596 Vita
2445 1538 2658 1595 abbatis
2688 1538 2989 1609 Sophroniz'
3015 1538 3283 1604 solitarii,
3315 1543 3366 1594 et
3396 1537 3778 1593 admonitiones

2568 1611 2739 1667 Mena?
2765 1609 2919 1665 ducis
2948 1610 3180 1666 σωροί)ῑί
3208 1609 3523 1664 Seueriani.

2297 1699 2526 1754 Dicebat
2558 1699 2736 1753 abbas
2761 1699 2958 1753 Menas
2983 1697 3233 1752 antistes
3258 1696 3502 1752 emnobii
3528 1693 3742 1750 abbalis
3763 1698 3844 1748 Se-

2144 1805 2188 1870 Β
2220 1788 2442 1843 voriani
2489 1789 2558 1842 de
2607 1787 2818 1842 abbate
2845 1786 3170 1859 Sephronio
3203 1786 3488 1853 solitario,
3523 1785 3673 1857 quod
3706 1783 3842 1838 circa

2223 1894 2383 1933 mare
2417 1879 2707 1933 Mortuum
2734 1882 2995 1932 moratus
3021 1877 3097 1931 sit
3120 1879 3314 1930 nudus
3346 1893 3450 1948 per
3480 1892 3659 1930 annos
3683 1874 3844 1927 ferme

2222 1967 2613 2039 septuaginta,
2647 1967 2858 2022 herbas
2890 1965 2948 2021 in
2983 1965 3172 2021 cibum
3209 1982 3473 2020 sumens.

2292 2058 2359 2112 Et
2381 2058 2488 2112 hoc
2511 2074 2715 2111 rursus
2749 2056 2818 2110 de
2853 2056 2951 2110 illo
2985 2055 3236 2117 dicebat,
3261 2055 3501 2109 audisse
3525 2070 3582 2108 se
3614 2069 3845 2107 narran-

2219 2151 2336 2203 tem
2360 2162 2582 2210 senem,
2607 2145 2964 2201 etdicentem
2993 2162 3005 2198 ε
3032 2143 3199 2200 Oravi
3229 2143 3536 2199 Dominum
3560 2159 3627 2197 ne
3648 2141 3845 2196 daemo-

2220 2254 2322 2290 nes
2342 2235 2631 2307 spelunca:
2665 2251 2802 2290 meae
2837 2233 3319 2305 propinquarent.
3348 2232 3710 2306 Aspiciebam
3727 2245 3846 2285 vero

2220 2326 2514 2379 dar-mones
2546 2323 2865 2392 venientes,
2901 2326 3240 2392 stantesque
3263 2339 3295 2376 a
3327 2321 3500 2393 longe
3530 2320 3713 2375 tribus
3743 2318 3847 2373 fere

2217 2413 2442 2468 stadiis.
2473 2429 2661 2482 neque
2693 2411 2942 2466 ulterius
2976 2410 3448 2482 appropinquare
3478 2408 3745 2465 valentes.

2292 2504 2444 2557 Idem
2491 2502 2670 2558 abbas
2719 2507 2917 2557 Menas
2967 2500 3198 2554 dicebat
3228 2501 3477 2555 cosnobii
3536 2497 3842 2553 fratribus:

2216 2591 2554 2663 Fugiamus,
2577 2590 2700 2658 filii,
2733 2589 3100 2645 saecularium
3131 2589 3463 2661 colloquia;
3498 2587 3681 2644 solent
3705 2585 3845 2641 enim

2214 2698 2422 2736 nocere
2445 2681 2786 2751 junioribus
2819 2679 3144 2734 monachis.

2284 2770 2519 2826 Dicebat.
2550 2770 2762 2824 iterum
2797 2785 2970 2823 senex
3007 2785 3019 2822 :
3051 2769 3256 2824 Omnis
3288 2772 3433 2822 mtas
3467 2764 3844 2839 pmnilentiam

2213 2876 2381 2930 agere
2412 2859 2867 2928 debet,juvenes
2899 2857 3075 2911 simul
3099 2874 3163 2912 ac
3194 2873 3386 2920 senes,
3412 2864 3480 2910 ut
3504 2862 3711 2910 (eterna
3741 2852 3847 2905 vita

2213 2950 2321 3003 frui
2347 2965 2477 3003 cum
2504 2947 2689 3019 gloria
2707 2953 2761 3002 et
2777 2948 2946 3001 laude
2962 2961 3293 3000 mereamur
3309 2961 3320 2998 :
3335 2943 3842 3017 juvenesquidem,

2210 3038 2349 3110 quia
2374 3039 2429 3092 in
2457 3037 2596 3091 flore
2618 3035 2826 3101 aetatis,
2853 3053 2984 3090 cum
3012 3037 3190 3090 fervet
3211 3033 3705 3106 concupiscentia,
3730 3047 3846 3086 cer-

2208 3128 2386 3182 vicem
2422 3143 2588 3181 suam
2624 3127 2963 3196 subjugum
3001 3125 3294 3195 pudicitiae
3329 3125 3655 3188 miserunt;
3687 3134 3843 3175 senes

2210 3234 2363 3281 vero,
2389 3216 2525 3286 quia
2549 3215 2812 3269 inclitam
2836 3214 2946 3269 sibi
2971 3231 3039 3268 ex
3059 3213 3263 3269 multis
3287 3213 3654 3286 temporibus
3673 3207 3844 3264 malo-

2206 3323 2334 3361 rum
2353 3304 2830 3376 anticipationem
2847 3303 3163 3358 transferre
3178 3304 3248 3357 ad
3265 3302 3501 3358 meliora
3521 3303 3842 3374 potuerunt.

2825 3417 3060 3474 CAPUT
3101 3418 3246 3473 CLX.

2236 3508 2509 3579 Quomodo
2538 3509 2754 3566 dromon
2789 3508 3124 3588 apparuerit
3155 3506 3375 3588 quidam
3404 3506 3528 3562 seni
3556 3509 3614 3562 in
3642 3504 3816 3576 forma

2778 3580 2944 3650 pueri
2966 3580 3281 3649 nigerrimi.

2276 3671 2538 3726 Narravit
2558 3669 2728 3725 nobis
2753 3670 2932 3723 abbas
2959 3667 3448 3737 Paulus,antistes
3475 3663 3718 3723 ccenobii
3747 3661 3846 3716 ab-

2206 3761 2358 3815 batis
2385 3757 2950 3829 Thcognostis,quia
2977 3756 3191 3811 dixerit
3215 3771 3390 3811 senex
3424 3757 3664 3828 quidam
3685 3753 3846 3806 :Cum

2205 3851 2296 3904 die
2347 3850 2600 3920 quadam
2654 3849 2914 3902 sederem
2949 3845 3005 3900 in
3041 3845 3253 3901 cellula
3284 3863 3434 3909 mea,
3474 3853 3848 3917 eperarerque

2205 3939 2480 3994 manibus
2497 3937 2939 4008 meis(tcxebam
2961 3941 3148 3989 autem
3167 3935 3586 4002 canistrum,et
3601 3931 3845 4005 psalmos

2204 4028 2581 4099 repetebam),
2605 4042 2736 4081 ecce
2770 4043 2869 4097 per
2902 4025 3215 4080 fenestram
3249 4024 3559 4096 ingressus
3581 4026 3669 4077 est
3691 4016 3847 4092 quasi

2205 4134 2348 4190 puer
2379 4117 2662 4188 EthiOps,
2695 4121 2750 4170 et
2782 4119 2943 4168 stans
2994 4131 3189 4168 coram
3243 4128 3356 4180 me,
3391 4113 3612 4168 saltare
3657 4108 3843 4180 cmpit,

2205 4204 2593 4278 psallentique
2623 4204 2765 4258 mihi
2799 4203 2980 4258 dixit:
3014 4207 3222 4272 Senex,
3256 4219 3448 4257 nonne
3482 4204 3632 4259 bene
3661 4194 3848 4254 salte?

2206 4296 2320 4349 Eho
2345 4302 2532 4348 aute'n
2562 4293 2703 4348 nihil
2730 4292 3024 4365 respondi.
3059 4293 3283 4347 Rursus
3305 4292 3388 4347 ait
3411 4291 3555 4346 mihi
3576 4290 3722 4346 :Non
3747 4283 3845 4341 tibi

2203 4384 2390 4456 placet
2425 4384 2543 4438 haec
2575 4382 2807 4438 saltatio
2841 4398 2968 4436 mea
2990 4381 3018 4435 ?
3059 4381 3215 4436 Nihil
3247 4385 3438 4435 autem
3476 4373 3848 4452 respondenti

2209 4474 2350 4529 mihi
2387 4474 2469 4528 ait
2504 4491 2516 4528 :
2551 4474 2692 4527 Ecce
2726 4476 2897 4542 putas
2931 4476 3004 4535 te,
3033 4471 3182 4525 male
3216 4487 3411 4538 senex,
3436 4484 3716 4543 magnum
3748 4463 3848 4520 ali—

446 4564 590 4620 tam»
613 4558 711 4612 8εά
737 4560 822 4612 Γθο
852 4558 1165 4629 Perfecta!“
1200 4557 1568 4621 (maritalem,
1591 4560 1648 4610 Ct
1673 4571 1918 4627 ρθνεοηε
1950 4555 2096 4625 ipse,
2128 4549 2174 4612 Ι)
2208 4563 2344 4636 quid
2376 4578 2566 4634 agere.
2591 4561 2727 4616 Dico
2760 4560 2888 4628 tibi,
2913 4560 3052 4630 quia
3075 4565 3130 4615 et
3153 4560 3208 4615 in
3235 4561 3602 4632 sexagesimo
3633 4556 3848 4628 quinto,

441 4647 649 4702 nuntia
669 4646 1085 4702 eis.Aitautem
1112 4647 1319 4702 frater:
1347 4645 1661 4716 Nunquam
1684 4643 1820 4697 illuc
1840 4642 2088 4714 perrexi,

438 4753 544 4792 nec
568 4736 719 4791 viam
746 4736 887 4790 scio.
910 4739 1071 4790 Tunc
1095 4736 1175 4790 ait
1197 4753 1369 4791 senex
1393 4735 1583 4790 catulo
1609 4750 1714 4788 suo
1740 4750 1752 4788 :
1780 4733 1938 4787 Vade
1957 4748 2090 4786 cum

437 4827 614 4881 fratre
638 4825 751 4880 isto
775 4825 1041 4896 usquead
1064 4824 1487 4879 monasterium
1509 4822 1918 4889 Charcmbe,ut
1944 4837 2059 4876 nun
2078 4849 2090 4861 -

439 4915 543 4969 tiet
573 4915 656 4970 eis
688 4915 843 4985 quod
869 4912 1012 4967 vult.
1040 4913 1188 4968 Abiit
1221 4930 1357 4984 ergo
1389 4913 1549 4968 canis
1581 4929 1712 4967 cum
1759 4912 1958 4974 fratre,
1984 4911 2091 4964 do-

438 5019 543 5058 nec
568 5005 774 5060 statuit
802 5002 1156 5073 illumjuxta
1180 5003 1791 5072 monasteriijanuam.
1815 5000 2092 5055 Ostende-

439 5097 572 5147 ωιιί
602 5098 794 5148 autem
833 5092 1002 5147 nobis
1035 5098 1091 5147 et
1122 5108 1326 5148 canem
1361 5092 1581 5164 ipsum,
1610 5091 1710 5163 qui
1743 5090 1857 5147 ista
1891 5106 2094 5145 narra-

439 5186 689 5250 verunt;
726 5182 1015 5236 habebant
1046 5182 1200 5236 enim
1234 5181 1399 5236 illum
1433 5198 1654 5237 secum.

1010 5287 1243 5342 CAPUT
1281 5288 1515 5343 CLVIII.

438 5377 509 5428 De
525 5375 682 5430 asino
701 5377 797 5446 qui
816 5380 1142 5432 monasterio
1175 5382 1488 5443 nuncupata
1512 5377 1717 5448 Marpos
1733 5377 2085 5432 inservz‘ebat.

509 5473 674 5528 Mons
700 5479 786 5527 est
816 5475 968 5529 circa
1002 5492 1161 5532 mare
1191 5481 1507 5542 Mortuum,
1538 5477 1637 5548 qui
1669 5475 1896 5530 Mardos
1928 5492 2092 5530 voca-

440 5567 554 5628 tur,
589 5562 853 5618 excelsus
887 5563 1069 5617 valde.
1107 5565 1160 5618 In
1193 5581 1257 5619 eo
1292 5571 1486 5620 monte
1533 5565 1896 5620 anachoretee
1929 5580 2088 5619 com-

442 5657 775 5708 morantur:
793 5657 1092 5709 estautem
1113 5652 1228 5709 illis
1248 5658 1305 5710 et
1324 5653 1531 5711 hortus
1553 5655 1622 5709 ad
1646 5653 1904 5710 radicem
1930 5670 2089 5710 mon-

2201 4659 2256 4709 et
2301 4653 2360 4706 in
2408 4649 2768 4722 sexagesimo
2818 4656 2980 4704 sexto
3012 4653 3067 4704 et
3097 4648 3157 4703 in
3187 4648 3554 4719 sexagesimo
3606 4644 3848 4718 septimo

2203 4744 2429 4815 psalmo
2461 4739 2692 4796 errasti.
2739 4743 2902 4793 Tunc
2925 4754 3175 4804 surgens
3206 4754 3312 4810 ego
3345 4754 3541 4794 coram
3574 4737 3689 4793 Deo
3722 4733 3852 4790 ado-

2203 4832 2319 4888 ravi
2355 4836 2733 4904 prosternens
2769 4844 2880 4896 me,
2915 4831 2973 4883 et
3006 4827 3103 4883 ille
3135 4826 3388 4884 evanuit.

2800 4941 3034 4998 CAPUT
3075 4942 3266 4999 CLXI.

2299 5037 2413 5091 Vita
2439 5034 2654 5089 abbatis
2687 5035 2841 5088 Isaac
2884 5033 3112 5097 Thebzez',
3150 5037 3200 5087 et
3230 5032 3496 5103 quomodo
3525 5031 3691 5088 etiam
3720 5031 3774 5085 ei

2415 5105 2688 5178 apparuit
2718 5105 2933 5161 dazmon
2968 5106 3025 5158 in
3061 5103 3236 5172 ﬁgura
3271 5104 3648 5160 adolescentis.

2272 5205 2449 5277 Lycos
2471 5202 2789 5258 Thebaidis
2823 5201 3029 5256 civitas
3052 5211 3138 5256 est
3162 5219 3174 5257 :
3197 5202 3268 5256 ab
3291 5200 3400 5257 hac
3421 5219 3587 5258 mons
3611 5199 3844 5273 quidam

2201 5312 2299 5350 sex
2316 5293 2574 5348 millibus
2592 5308 2874 5363 passuum
2894 5290 3556 5362 distat,hubitantquein
3575 5307 3640 5345 eo
3661 5302 3855 5344 mona-

2199 5384 2293 5440 chi
2314 5383 2407 5438 alii
2436 5383 2672 5454 quidem
2699 5381 2754 5434 in
2781 5379 3102 5452 speluncis,
3126 5379 3431 5435 aliiautem
3451 5380 3505 5435 in
3522 5377 3848 5436 cellis.Pro-

2198 5475 2331 5528 fecti
2364 5489 2498 5543 ergo
2545 5488 2652 5526 nos
2710 5468 2872 5534 illuc,
2906 5469 3287 5523 convenimus
3340 5469 3606 5525 abbatem
3670 5469 3847 5531 Isaac,

2198 5563 2510 5618 Thebanum
2532 5577 2777 5632 genere;
2803 5557 3588 5629 narravitquenobissenior,
3614 5558 3848 5612 dicens:

2197 5653 2340 5709 Ante
2372 5667 2557 5708 annos
2590 5648 3022 5723 quinquaginta
3044 5647 3190 5704 duos
3221 5664 3354 5704 cum
3385 5663 3657 5721 operarer
3685 5659 3854 5703 cono-
