4092 6324
250 382 343 436 201

1556 381 1854 438 PRATUM
1893 380 2345 436 BPIRITUALE.
3561 384 3633 437 20

259 506 719 578 pionem(34,)in
754 508 1071 564 laborando
1095 508 1762 580 erravi,afﬂigebarque,
1782 505 1918 578 quia
1948 504 2001 569 Α
2035 502 2131 557 bet
2162 501 2250 557 leo
2277 505 2298 556 Ρ
2326 502 2396 556 Et
2426 501 2507 557 ait
2538 501 2712 556 mibi:
2738 502 2904 558 Male.
2929 504 3131 560 Etdixi
3163 506 3233 561 ad
3258 522 3410 561 eum.
3435 508 3623 572 Quare
3644 510 3672 563 Ἰ

269 612 523 651 errorem
558 612 664 651 nec
698 600 952 669 reperire
984 614 1088 654 nec
1144 600 1457 654 emendare
1488 598 1773 653 valebam.
1806 598 1914 652 To-

2030 590 2393 663 Respondit:
2423 592 2713 647 Praeterita
2744 592 2834 647 die
2866 593 3025 647 venit
3053 594 3190 661 huc,
3221 600 3287 649 ut
3335 597 3536 658 darem
3584 597 3671 652 illi

268 692 392 739 tum
417 702 554 755 ergo
578 687 732 741 diem
758 688 1124 759 consumpsi,
1143 704 1235 744 me
1260 689 1479 743 frustra
1501 688 1838 753 concidens,
1862 690 1919 740 et
2026 683 2404 751 manducare,
2427 682 2632 736 videns
2664 699 2795 737 vero
2828 684 2955 751 ejus
2988 691 3249 739 mentum
3283 688 3569 757 sanguine
3591 688 3672 743 in-

255 774 395 844 quid
429 790 668 845 agerem
697 776 1065 847 ignorabam.
1098 780 1167 833 Et
1197 795 1329 833 cum
1370 779 1489 833 fere
1521 779 1913 847 desperarem,

250 878 383 917 ecce
416 880 518 933 per
553 864 867 920 fenestram
903 869 1208 936 ingressus
1239 867 1581 922 adolescens
1613 867 1693 919 ait
1725 864 1868 919 mihi
1898 882 1911 919 :

254 950 505 1006 Errasti:
531 954 631 1008 sed
659 955 733 1009 da
756 955 900 1008 mihi
924 972 1072 1025 opus
1095 960 1159 1009 ut
1182 955 1326 1010 illud
1350 956 1662 1027 corrigam.
1690 956 1787 1010 Aio
1810 973 1911 1010 au-

252 1045 370 1095 tem
404 1042 474 1096 ad
508 1041 676 1097 illum
704 1061 716 1098 :
742 1043 901 1098 Vade
920 1044 1249 1109 hinc,absit
1271 1045 1379 1101 hoc
1401 1065 1431 1099 a
1456 1063 1564 1101 me.
1594 1046 1914 1117 Respondit

247 1129 397 1183 mihi
431 1136 488 1185 et
519 1132 645 1203 ipse
672 1150 684 1188 :
712 1132 879 1189 Certe
911 1134 1195 1189 damnum
1230 1135 1334 1189 tibi
1366 1141 1472 1203 est,
1500 1136 1547 1191 si
1585 1136 1731 1190 male
1764 1152 1911 1206 opus

242 1220 451 1274 facias.
480 1220 643 1276 Tunc
666 1222 785 1276 dixi
815 1222 896 1277 ei:
920 1223 1047 1278 Noli
1077 1225 1148 1279 de
1170 1224 1279 1279 hoc
1300 1224 1426 1296 ipse
1448 1242 1648 1279 curam
1688 1240 1906 1296 gerere,

243 1308 341 1365 Ait
369 1310 442 1364 ad
476 1326 569 1365 me
600 1311 828 1367 denuo:
870 1312 1149 1369 Misereor
1166 1313 1280 1383 tui,
1301 1313 1439 1385 quia
1462 1314 1714 1369 laborem
1738 1320 1907 1370 tuum

241 1398 468 1468 perdis.
503 1399 572 1454 Et
603 1400 880 1472 respondi
910 1401 997 1456 illi
1027 1417 1042 1457 ε
1074 1402 1224 1457 Male
1257 1403 1369 1457 huc
1400 1404 1632 1469 venisti,
1658 1408 1713 1458 et
1745 1409 1829 1467 tu,
1853 1408 1909 1458 et

238 1487 345 1559 qui
378 1493 434 1543 te
466 1489 860 1547 adduxerunt.
895 1490 1047 1546 Dixit
1080 1496 1276 1546 autem
1330 1493 1474 1547 mihi
1502 1510 1515 1547 :
1550 1493 1689 1548 Vere
1721 1498 1780 1546 tu
1816 1510 1908 1549 me

238 1577 363 1632 huc
391 1577 713 1642 adduxisti,
748 1583 804 1633 et
836 1596 1004 1634 meus
1036 1596 1119 1635 es.
1153 1580 1254 1634 Aio
1297 1580 1367 1635 ad
1404 1581 1567 1635 illum
1619 1598 1763 1652 ego:
1793 1583 1908 1637 Cur

238 1664 391 1720 hoc?
414 1666 742 1737 Respondit
763 1667 857 1722 ille
880 1668 1026 1723 mihi
1053 1686 1065 1724 :
1093 1670 1237 1734 Quia
1258 1674 1376 1724 tres
1402 1671 1525 1725 dies
1570 1672 1904 1726 Dominicos

232 1754 409 1825 egisti
442 1756 917 1825 communicans,
942 1762 999 1812 et
1028 1758 1303 1813 inimicus
1336 1776 1399 1814 es
1429 1759 1603 1814 vinici
1637 1762 1742 1815 tui.
1779 1760 1904 1815 Dixi

232 1848 439 1899 autem
466 1845 553 1898 illi
582 1862 593 1899 :
627 1846 910 1901 Mentiris.
935 1848 1097 1902 Tunc
1119 1848 1244 1918 ipse
1270 1848 1410 1902 mihi
1438 1866 1451 1903 :
1479 1854 1600 1903 Non
1628 1852 1896 1918 mentior;

236 1950 382 1988 nam
419 1940 659 2005 propter
681 1935 1027 1991 lenticulam
1064 1938 1250 1991 iratus
1272 1954 1333 1992 es
1365 1938 1469 1992 illi.
1495 1940 1562 1993 Et
1592 1955 1697 2010 ego
1742 1955 1898 2009 sum,

238 2023 341 2094 qui
364 2040 619 2095 praesum
645 2024 741 2079 ira:
770 2031 825 2080 et
852 2026 1146 2081 memoriis
1170 2026 1543 2098 injuriarum.
1570 2029 1642 2083 Es
1689 2031 1898 2085 amodo

238 2128 436 2167 meus.
455 2113 606 2169 9“
635 2113 755 2169 Illis
781 2130 885 2186 ego
904 2114 1143 2185 auditis,
1162 2133 1292 2171 mox
1306 2132 1579 2189 egressus
1601 2118 1895 2185 cellulam,

230 2202 354 2258 abii
392 2204 467 2259 ad
506 2204 767 2273 fratrem,
793 2211 850 2260 et
881 2212 1213 2277 prostratus
1246 2208 1317 2262 ab
1351 2208 1449 2263 illo
1472 2210 1698 2265 veniam
1738 2209 1897 2281 petii,

230 2292 720 2364 reconciliatique
738 2310 965 2351 sumus.
990 2296 1275 2353 Reversus
1294 2304 1487 2353 autem
1512 2299 1704 2353 inveni
1727 2298 1895 2354 illum

229 2382 607 2437 destruxisse
637 2388 693 2437 et
722 2384 1051 2453 cepionem,
1087 2390 1142 2440 et
1191 2391 1445 2442 stoream
1506 2388 1563 2442 in
1611 2403 1728 2459 qua
1759 2404 1893 2459 pro-

228 2475 461 2526 stratus
494 2472 840 2543 eram,quod
874 2472 1145 2529 charitati
1180 2480 1391 2530 nostrae
1423 2476 1729 2531 invideret.

833 2570 1065 2626 CAPUT
1098 2572 1301 2627 CLXII.

226 2658 537 2729 Responsio
567 2658 784 2735 abbatis
817 2660 1074 2735 Theodori
1119 2663 1471 2733 Pentapolini
1519 2680 1684 2735 super
1738 2664 1890 2720 solu-

724 2732 868 2786 tione
897 2732 1173 2787 abstinent
1184 2738 1249 2787 iae
1279 2732 1414 2789 vini.

305 2820 535 2886 Quinto
562 2820 787 2875 decimo
813 2820 888 2874 ab
910 2820 1256 2878 Alexendria
1289 2823 1565 2879 milliario
1597 2833 1893 2881 monaste-

225 2909 391 2963 rium
418 2913 531 2977 est,
551 2910 705 2979 quod
719 2914 962 2965 vocatur
985 2909 1285 2976 Calamon,
1310 2912 1461 2966 inter
1483 2918 1762 2969 Octavum
1791 2916 1889 2970 de-

224 3000 458 3053 cimum
495 3004 553 3053 et
585 2998 884 3070 Mapbora.
912 3002 970 3054 In
998 2999 1107 3055 hoc
1129 3000 1386 3055 vidimus
1409 3002 1682 3058 abbatem
1705 3004 1887 3061 Tbeo-

222 3089 441 3142 dorum
477 3086 992 3159 Pentapolitanum
1023 3090 1170 3160 (erat
1200 3094 1394 3145 autem
1446 3091 1753 3148 nobiscum
1786 3095 1884 3149 So-

218 3177 425 3247 pbista
448 3176 846 3247 SOpbronius)
868 3182 926 3231 et
949 3176 1448 3249 interrogavimus
1470 3196 1600 3234 eum
1626 3198 1637 3235 :
1657 3182 1877 3237 Bonum

2027 771 2267 837 fectum,
2293 770 2409 825 dixi
2443 770 2525 824 illi
2556 787 2568 825 :
2602 771 2748 835 Quid
2782 772 3284 829 est?Ioobediens
3316 774 3473 829 fuisti
3506 776 3672 846 mihi,

2022 864 2079 914 et
2138 876 2344 914 carnes
2404 860 2794 914 manducasti.
2827 860 3175 917 Benedictus
3222 864 3522 930 Dominus,
3557 882 3671 919 non

2020 949 2137 1015 iam
2172 949 2367 1005 tribuo
2396 949 2499 1003 tibi
2537 952 2600 1003 ut
2623 950 2895 1005 comedas
2919 950 3113 1005 cibum
3150 951 3385 1008 Patrum
3410 953 3673 1013 carnium

2021 1040 2361 1107 devorator;
2390 1041 2610 1094 recede.
2643 1040 2746 1095 Ille
2766 1057 2899 1095 vero
2922 1042 3220 1097 discedere
3243 1043 3672 1100 nolebat.’I‘uno

2021 1133 2258 1199 accepto
2289 1128 2574 1196 funiculo,
2610 1128 2915 1200 triplicans
2962 1130 3152 1197 illum,
3184 1135 3301 1187 tres
3358 1131 3441 1187 illi
3470 1132 3672 1204 plagas

2018 1234 2152 1272 cum
2186 1234 2252 1273 eo
2284 1218 2439 1281 dedi,
2474 1222 2531 1272 et
2567 1219 2826 1273 recessit.

2608 1306 2841 1362 CAPUT
2872 1306 3099 1363 CLXIV.

2017 1394 2310 1467 Responsio
2342 1395 2561 1451 abbatis
2588 1397 2812 1521 Victqyis
2842 1394 3099 1478 solitarii
3118 1398 3191 1452 ad
3218 1396 3547 1454 monachum
3566 1416 3672 1471 pu-

2658 1484 2707 1521 sz
2758 1484 3022 1521 amntem.

2658 1484 3022 1522 sutammem.

2090 1550 2289 1603 Frater
2317 1551 2477 1603 venit
2508 1551 2577 1603 ad
2612 1548 2880 1603 abbatem
2916 1550 3200 1605 Victorem
3248 1550 3575 1605 solitarium
3610 1552 3667 1606 in

2016 1637 2440 1691 monasterium
2470 1638 2673 1704 Elusae,
2697 1646 2747 1692 et
2784 1637 2927 1691 dixit
2951 1638 3031 1692 ei:
3059 1638 3204 1703 Quid
3232 1639 3667 1708 faciam,Pater,

2015 1726 2153 1796 quia
2184 1727 2521 1780 dominatur
2552 1726 2696 1779 mibi
2731 1726 2925 1796 passio
2960 1727 3498 1797 pusillanimitatis?
3525 1728 3667 1784 Res-

2016 1815 2219 1885 pondit
2252 1830 2425 1869 senex
2454 1830 2465 1867 :
2493 1814 2731 1869 Morbus
2766 1814 2974 1869 animae
3004 1821 3111 1871 est.
3135 1816 3294 1871 Sicut
3320 1818 3475 1871 enim
3509 1818 3664 1889 capti

2010 1904 2108 1971 [an
2135 1919 2246 1958 non
2277 1903 2413 1973 aegri
2433 1904 2480 1972 ‘2]
2499 1904 2684 1957 oculis
2707 1904 2936 1973 quando
2971 1904 3155 1975 magis
3180 1906 3505 1976 patiuntur,
3530 1907 3664 1977 plus

2008 1992 2116 2046 sibi
2151 1992 2421 2046 videntur
2452 1990 2646 2045 lumen
2681 1992 2923 2057 intueri,
2954 1994 3053 2063 qui
3085 2009 3221 2048 vero
3252 2011 3429 2050 sanos
3490 1995 3664 2051 habet

2007 2080 2228 2149 oculos,
2262 2082 2597 2148 modicum;
2634 2082 2714 2137 ita
2757 2086 2811 2136 et
2861 2082 3274 2152 pusillanimes
3328 2090 3384 2139 et
3435 2085 3662 2141 modica

2002 2172 2323 2226 tentatione
2343 2171 2458 2226 cito
2492 2171 3007 2241 perturbantur,et
3027 2188 3299 2243 magnam
3337 2174 3497 2228 illam
3532 2190 3662 2231 esse

2003 2259 2375 2329 existimant;
2410 2261 2508 2331 qui
2544 2276 2675 2315 vero
2734 2260 2933 2316 anima
2993 2261 3121 2316 sani
3180 2267 3341 2330 sunt,
3380 2263 3567 2335 magis
3599 2265 3658 2319 in

2004 2349 2434 2405 tentationibus
2468 2350 2744 2420 gaudent.

2587 2439 2821 2495 CAPUT
2868 2438 3073 2495 CLXV.

2331 2527 2459 2583 Vita
2493 2529 2727 2583 latronis
2758 2530 3066 2598 nuncupati
3098 2529 3338 2600 Cyriaci.

2072 2616 2340 2670 Narravit
2369 2617 2609 2687 quidam
2644 2617 2735 2670 vir
2767 2616 2957 2670 fidelis
3016 2620 3087 2672 de
3117 2617 3343 2673 latrone
3377 2620 3655 2689 quodam,

1997 2704 2237 2777 Cyriaco
2299 2705 2556 2768 nomine.
2618 2706 2717 2775 qui
2780 2704 3087 2761 latrocinia
3144 2708 3445 2762 exercebat
3502 2709 3656 2764 circa

2000 2794 2241 2859 Emaus,
2264 2810 2390 2864 quas
2414 2799 2501 2849 est
2533 2794 2851 2864 Nicopolis,
2878 2796 2978 2864 qui
3024 2797 3167 2851 adeo
3198 2799 3565 2853 truculentus
3597 2802 3655 2853 et

1999 2882 2280 2937 immanis
2307 2883 2437 2950 fuit,
2463 2883 2717 2953 utlupus
2734 2888 3059 2939 vocaretur.
3085 2885 3183 2940 Hic
3215 2902 3412 2941 secum
3445 2886 3653 2943 habuit

1996 2974 2141 3029 alios
2170 2975 2463 3029 latrocinii
2501 2975 2709 3040 socios,
2743 2992 2857 3029 non
2909 2977 3097 3031 solum
3130 2976 3520 3047 Christianos,
3552 2995 3645 3034 ve-

1994 3080 2123 3118 rum
2158 3068 2213 3118 et
2242 3064 2474 3119 Judeeos
2508 3070 2565 3118 et
2595 3065 3042 3119 Samaritamos.
3075 3066 3338 3129 Quadam
3373 3084 3509 3137 ergo
3555 3068 3651 3123 die

1997 3151 2239 3223 profecti
2266 3153 2651 3223 suntquidam
2676 3168 2744 3206 ex
2766 3170 2905 3223 agro
2929 3154 3272 3224 Nicopoleos
3298 3157 3355 3210 in
3382 3160 3648 3213 sanctam

215 3224 332 3331 est,
361 3224 564 3334 Pater:
586 3224 923 3336 quotieslvel
946 3266 1057 3337 ipsi
1080 3267 1149 3321 ad
1175 3224 1431 3339 :quuem
1456 3269 1772 3341 pergimus,
1793 3272 1881 3327 vel
1911 3224 1957 3293 Ο
1997 3242 2292 3341 είγίιθίοφ
2313 3241 2924 3341 ngnahebdﬁmaf’a’
2946 3248 3007 3296 Ut
3026 3244 3653 3341 pner,bapti_snmmi“u'

214 3354 259 3409 si
296 3353 441 3425 quis
468 3354 633 3409 venit
653 3355 722 3409 ad
752 3371 878 3422 nos,
906 3354 1021 3409 vini
1048 3356 1467 3412 abstinentiam
1494 3359 1758 3414 solvere?
1784 3362 1884 3416 Ite-

210 3443 463 3515 spondit
499 3443 670 3498 nobis
719 3444 934 3512 senior,
970 3448 1028 3499 et
1086 3444 1207 3499 ait:
1242 3445 1386 3502 Non.
1423 3448 1527 3502 Aio
1582 3454 1776 3504 autem
1812 3451 1881 3505 ad

221 3550 363 3588 eum
398 3550 410 3587 :
447 3532 511 3587 Et
544 3533 842 3602 quomodo
885 3534 1111 3604 antiqui
1147 3534 1345 3589 Patres
1404 3535 1754 3593 solvebant?
1786 3541 1886 3594 Re-

205 3621 461 3693 spondit
486 3636 666 3676 senex
689 3637 701 3673 :
723 3620 957 3692 Antiqui
985 3622 1278 3689 Patres,ut
1304 3625 1498 3694 magni
1518 3632 1573 3679 et
1596 3632 1883 3697 potentes,

208 3719 266 3766 et
297 3710 540 3766 solvere
574 3715 865 3781 poterant,
899 3716 955 3766 et
1008 3712 1221 3766 iterum
1274 3712 1495 3784 ligare;
1524 3720 1723 3771 nostra
1753 3732 1883 3772 vero

217 3800 552 3871 generatio,
588 3799 717 3867 ﬁlii,
752 3802 972 3854 solvere
1002 3817 1066 3855 ac
1098 3800 1277 3871 ligare
1309 3819 1424 3857 non
1458 3804 1714 3860 sufficit:
1748 3822 1884 3861 nam

215 3891 266 3945 si
292 3889 603 3944 solvamus
633 3888 810 3943 ritum
838 3889 1201 3945 abstinentiae
1226 3896 1460 3959 nostrae,
1488 3910 1601 3947 non
1628 3893 1885 3965 amplius

217 3980 355 4034 vita:
396 3983 610 4033 nostra
643 3978 927 4050 religiosa:
959 3980 1362 4035 austeritatem
1394 3982 1739 4039 retinemus.

803 4076 1032 4132 CAPUT
1069 4078 1309 4133 CLXIII.

619 4166 732 4220 Vita
766 4165 980 4221 abbatis
1015 4168 1175 4221 Pauli
1206 4168 1500 4224 Helladici.

291 4253 546 4310 Dicebat
578 4253 761 4309 abbas
792 4253 1135 4323 Alexander,
1162 4258 1502 4312 monasterii
1527 4258 1882 4328 Calamonis,

222 4343 387 4416 quod
422 4347 510 4398 est
542 4359 721 4414 prope
749 4342 1089 4413 Jordanem,
1122 4343 1314 4401 Pater:
1338 4346 1439 4401 Die
1470 4349 1724 4417 quadam
1749 4366 1880 4403 cum

221 4449 423 4491 essem
452 4433 610 4503 apud
638 4432 911 4488 abbatem
936 4431 1181 4487 Paulum
1206 4433 1565 4490 Helladicum
1589 4436 1647 4490 in
1672 4438 1883 4509 spclaeo

219 4523 442 4594 ipsius,
470 4538 605 4577 ecce
636 4521 879 4591 quidam
917 4521 1155 4577 veniens
1186 4521 1459 4592 pulsavit,
1492 4542 1883 4598 egressusque

221 4612 430 4667 senior
460 4611 692 4681 aperuit
722 4611 796 4677 ei,
825 4615 880 4665 et
911 4611 1211 4682 proferens
1237 4629 1441 4683 panem
1472 4620 1528 4669 et
1558 4616 1709 4669 cicer
1729 4618 1882 4672 infu-

224 4718 391 4765 sum,
417 4700 613 4772 posuit
645 4705 778 4755 ante
810 4700 1000 4764 illum,
1024 4705 1081 4755 et
1105 4702 1514 4758 manducabat.
1541 4705 1656 4775 Ego
1690 4712 1883 4761 autem

227 4791 518 4863 putabam
553 4790 690 4861 quia
721 4789 1066 4861 peregrinus
1096 4795 1267 4859 esset,
1295 4797 1349 4845 et
1372 4792 1659 4860 aspiciens
1684 4811 1784 4865 per
1806 4798 1883 4852 fe-

228 4886 523 4947 nestram,
557 4879 671 4932 vidi
702 4879 841 4949 quia
872 4879 960 4934 leo
991 4884 1136 4934 erat.
1161 4879 1287 4935 Dixi
1323 4882 1517 4951 itaque
1548 4885 1670 4938 seni
1704 4901 1721 4938 :
1751 4887 1888 4953 Cur,

228 4972 427 5031 Pater,
465 4967 687 5039 praebes
719 4966 800 5021 illi
865 4968 1246 5038 manducare,
1274 4970 1365 5023 dic
1424 4971 1567 5025 mihi
1601 4988 1836 5029 causam
1860 4975 1888 5032 ῗ

228 5057 334 5121 Qui
353 5056 437 5112 ait
460 5055 602 5111 mibi
622 5072 633 5108 :
657 5055 801 5120 Quia
826 5055 992 5110 illum
1017 5058 1217 5112 monui
1237 5065 1293 5112 ut
1314 5060 1605 5115 neminem
1635 5062 1887 5130 laederet,

226 5163 421 5219 neque
477 5144 806 5211 hominem,
843 5160 1034 5215 neque
1078 5145 1442 5215 jumentum,
1474 5149 1715 5207 dicens:
1748 5151 1887 5209 Veni

228 5237 523 5308 quotidie,
546 5241 603 5291 et
622 5234 771 5289 dabo
795 5232 900 5289 tibi
928 5234 1127 5291 cibum
1151 5241 1337 5292 tuum.
1363 5240 1430 5293 Et
1450 5254 1581 5295 ecce
1603 5242 1726 5312 jam
1758 5262 1888 5315 sep-

228 5327 419 5380 timus
442 5324 539 5379 hic
566 5325 785 5380 mensis
807 5328 918 5392 est,
942 5341 1010 5379 ex
1030 5341 1143 5395 quo
1160 5325 1252 5380 bis
1275 5327 1536 5396 quotidie
1559 5330 1811 5396 advenit,
1835 5337 1891 5388 et

235 5415 308 5470 do
340 5413 426 5469 illi
462 5413 839 5468 manducare.

302 5504 568 5559 Rursum
605 5506 732 5574 post
758 5517 974 5574 paucos
997 5501 1122 5558 dies
1147 5504 1369 5575 perrexi
1394 5507 1463 5561 ad
1490 5524 1645 5576 eum,
1664 5511 1889 5581 volens,

229 5596 303 5649 ab
337 5593 438 5649 illo
471 5609 665 5648 emere
707 5609 807 5647 vas
838 5590 1153 5661 vinarium,
1186 5593 1242 5649 id
1303 5595 1522 5667 quippe
1579 5606 1699 5655 erat
1728 5603 1889 5661 senis

231 5699 406 5755 opus,
437 5689 493 5738 et
518 5681 642 5737 dixi
673 5680 727 5736 ei
752 5697 765 5734 :
792 5679 940 5744 Quid
972 5686 1082 5747 est,
1114 5682 1337 5738 Pater?
1368 5688 1661 5755 quomodo
1693 5706 1755 5745 se
1790 5692 1888 5747 ba-

561 5803 823 5864 ΡΑι-ιοι..
861 5800 1125 5864 LXXIV.

1992 3330 2287 3385 minarent
2316 3329 2469 3385 ﬁlios
2503 3347 2663 3385 suos.
2690 3332 2853 3395 Quod
2882 3348 3015 3385 cum
3049 3333 3345 3401 fecissent,
3369 3337 3425 3387 et
3459 3349 3648 3390 rever-

1990 3416 2329 3472 terenturin
2350 3434 2555 3489 agrum
2582 3417 3520 3486 suum,utcelebrarentsanctum
3546 3426 3648 3477 Re-

1990 3505 2369 3560 surrectionis
2410 3506 2588 3574 diem,
2624 3515 3003 3562 occurrerunt
3035 3506 3151 3563 illis
3182 3508 3457 3577 latrones,
3481 3509 3648 3581 prin-

1991 3594 2115 3665 cipe
2151 3611 2259 3649 suo
2293 3594 2535 3649 absente
2565 3612 2576 3649 :
2612 3599 2667 3649 et
2699 3594 2805 3649 viri
2840 3596 3076 3666 quidem
3112 3597 3249 3667 fuga
3293 3602 3640 3666 evaserunt;

1992 3683 2270 3737 mulieres
2304 3688 2521 3751 autem,
2557 3684 2830 3754 projectis
2893 3702 3080 3755 nuper
3136 3687 3445 3756 baptizatis
3480 3687 3639 3758 filiis,

1990 3776 2303 3825 tenuerunt
2338 3772 2555 3825 IIebrazi
2588 3776 2645 3825 ct
2677 3772 3050 3835 Samaritani,
3075 3777 3131 3827 et
3153 3773 3485 3829 habuerunt
3515 3792 3636 3830 eas.

1990 3858 2371 3931 Fugientibus
2407 3860 2587 3930 igitur
2614 3860 2756 3915 viris
2788 3861 2993 3914 obvius
3025 3862 3135 3915 fuit
3156 3862 3447 3917 latronum
3474 3865 3635 3934 prin-

1990 3964 2147 4019 ceps,
2181 3954 2238 4003 et
2266 3950 2348 4003 ait
2382 3947 2537 4003 illis:
2572 3948 2682 4002 Cur
2716 3948 2965 4020 fugitis?
2997 3949 3085 4004 Illi
3116 3957 3313 4005 autem
3346 3952 3638 4018 dixerunt,

1987 4038 2123 4108 quid
2158 4037 2270 4092 sibi
2296 4037 2655 4107 contigisset.
2681 4041 2931 4093 Sumens
2956 4054 3090 4110 ergo
3113 4038 3245 4095 illos
3266 4040 3421 4095 venit
3443 4041 3511 4095 ad
3541 4058 3636 4097 so-

1988 4128 2107 4182 cios
2135 4145 2294 4197 suos,
2319 4127 2741 4198 inveniensque
2768 4128 3021 4183 infantes
3046 4128 3105 4182 in
3136 4128 3379 4184 humum
3415 4131 3641 4201 projec-

1986 4222 2096 4283 tos,
2121 4234 2251 4271 cum
2277 4217 2612 4271 sciscitatus
2635 4222 2791 4272 esset
2814 4218 3055 4287 quinam
3078 4218 3185 4272 hoc
3209 4218 3643 4288 fecissent,sce-

1986 4305 2124 4360 leris
2148 4305 2461 4360 decollavit
2479 4310 2765 4371 auctores,
2788 4307 2920 4359 redd
2933 4322 3153 4377 ensque
3166 4306 3307 4362 viris
3321 4307 3470 4363 filios
3485 4313 3643 4379 (nam

1986 4411 2217 4459 uxores,
2256 4394 2397 4464 quia
2429 4395 2747 4465 inquinata:
2783 4396 3032 4464 fuerant,
3058 4396 3308 4467 recipere
3339 4398 3497 4468 passi
3528 4415 3645 4453 non

1987 4490 2146 4551 sunt)
2168 4481 2413 4538 salvavit
2437 4500 2534 4538 eos
2566 4483 2864 4539 latronum
2887 4485 3183 4556 princeps,
3209 4493 3264 4541 et
3284 4487 3513 4542 reduxit
3546 4504 3649 4542 us-

1922 4578 1964 4642 D
1999 4590 2111 4645 que
2142 4572 2214 4627 ad
2246 4588 2452 4644 agrum
2486 4572 2838 4627 suum.Post
2874 4574 3169 4628 modicum
3204 4592 3335 4630 vero
3366 4576 3648 4647 temporis

1998 4667 2195 4716 tentus
2217 4667 2303 4716 est
2324 4659 2618 4715 latronum
2646 4661 2940 4733 princeps,
2962 4665 3191 4732 egitque
3216 4665 3271 4717 in
3296 4681 3524 4721 carcere
3548 4667 3646 4720 de-

1996 4768 2116 4805 cem
2152 4767 2361 4818 annos,
2397 4749 2715 4820 nullusque
2745 4751 3079 4821 principum
3113 4752 3275 4807 illum
3310 4754 3540 4823 occidit,
3576 4755 3647 4809 ad

1997 4844 2361 4910 postremum
2394 4855 2527 4893 vero
2559 4842 2733 4893 etiam
2769 4840 3074 4894 absolutus
3104 4846 3211 4896 est.
3245 4842 3482 4898 Dicebat
3512 4859 3653 4914 ergo

1997 4944 2265 5000 semper:
2304 4928 2444 4999 quia
2473 4934 2708 4998 propter
2739 4927 2995 4981 infantes
3022 4928 3152 4983 illos
3180 4947 3439 4985 amaram
3474 4931 3652 5003 effugi

2000 5022 2243 5072 mortem
2258 5017 2653 5086 .Aspiciebant
2670 5016 2824 5071 enim
2842 5016 2973 5071 illos
2988 5017 3391 5087 frequenterin
3406 5020 3651 5075 sommis

1996 5106 2259 5161 dicentes
2290 5106 2430 5160 mihi
2455 5123 2467 5160 :
2493 5105 2618 5160 Noli
2648 5106 2993 5168 limere,nos
3018 5124 3119 5177 pro
3143 5112 3197 5161 te
3232 5108 3649 5180 satisfacimus,

2002 5193 2195 5251 Locuti
2228 5199 2426 5250 autem
2462 5200 2665 5265 postea
2695 5210 2829 5249 cum
2864 5194 2966 5249 illo
2999 5211 3204 5249 sumus
3236 5210 3340 5265 ego
3386 5201 3442 5251 et
3471 5198 3653 5254 abbas

1998 5288 2253 5339 Joannes
2288 5284 2590 5355 presbyter
2623 5284 2961 5339 monasterii
2996 5284 3654 5355 Eunuchorum,ethaec

2000 5375 2263 5429 eamdem
2296 5372 2465 5427 nobis
2499 5373 2620 5443 ipse
2655 5373 2931 5441 narravit,
2963 5372 3301 5443 glorificans
3330 5381 3534 5432 Deum.

2578 5461 2807 5515 CAPUT
2839 5462 2963 5516 CLX
2978 5465 3063 5517 VI.

2009 5553 2124 5606 Vita
2158 5551 2393 5607 latronis
2424 5548 2680 5623 monachi
2700 5550 2903 5623 _cﬂe_cti
2930 5557 2981 5606 et
3040 5559 3224 5623 postea
3278 5556 3338 5608 in
3392 5556 3658 5612 saeculari

2574 5620 2771 5676 habitu
2800 5620 3081 5679 decollati.

2076 5704 2233 5761 912
2261 5703 2498 5759 Dicebat
2527 5702 2709 5759 abbas
2734 5702 3081 5761 Sabbatius:
3106 5705 3250 5762 Cum
3301 5708 3562 5763 sederem
3594 5706 3653 5761 in

3292 5827 3329 5882 Ἰ
