  <div class='ocr_page' id='page_1' title='image "/cluster/home/n/w/nwhite01/storage/ocr_20150623/74/hvd.32044054758784/107.png"; bbox 0 0 4184 6330; ppageno 0'>
   <div class='ocr_carea' id='block_1_1' title="bbox 543 352 3929 426">
    <p class='ocr_par' dir='ltr' id='par_1_1' title="bbox 543 352 3929 426">
     <span class='ocr_line' id='line_1_1' title="bbox 543 352 3929 426; baseline -0.008 -2"><span class='ocrx_word' id='word_1_1' title='bbox 543 370 656 426; x_wconf 86' lang='lat'>203</span> <span class='ocrx_word' id='word_1_2' title='bbox 1736 361 1832 413; x_wconf 78' lang='lat' dir='ltr'>nn</span> <span class='ocrx_word' id='word_1_3' title='bbox 1869 355 2060 412; x_wconf 84' lang='lat' dir='ltr'>vrris</span> <span class='ocrx_word' id='word_1_4' title='bbox 2096 352 2397 413; x_wconf 66' lang='lat' dir='ltr'>suam</span> <span class='ocrx_word' id='word_1_5' title='bbox 2432 352 2650 407; x_wconf 85' lang='lat' dir='ltr'>LIBER</span> <span class='ocrx_word' id='word_1_6' title='bbox 2687 353 2763 409; x_wconf 86' lang='lat' dir='ltr'>x.</span> <span class='ocrx_word' id='word_1_7' title='bbox 3832 361 3929 418; x_wconf 57' lang='lat'>204</span> 
     </span>
    </p>
   </div>
   <div class='ocr_carea' id='block_1_2' title="bbox 549 477 3425 556">
    <p class='ocr_par' dir='ltr' id='par_1_2' title="bbox 549 477 3425 556">
     <span class='ocr_line' id='line_1_2' title="bbox 549 477 3425 556; baseline -0.01 0"><span class='ocrx_word' id='word_1_8' title='bbox 549 494 905 556; x_wconf 89' lang='lat' dir='ltr'>monasterio</span> <span class='ocrx_word' id='word_1_9' title='bbox 938 490 1167 549; x_wconf 83' lang='lat' dir='ltr'>abbatis</span> <span class='ocrx_word' id='word_1_10' title='bbox 1198 486 1461 552; x_wconf 88' lang='lat' dir='ltr'>Firmini,</span> <span class='ocrx_word' id='word_1_11' title='bbox 1493 483 1651 539; x_wconf 84' lang='lat' dir='ltr'>venit</span> <span class='ocrx_word' id='word_1_12' title='bbox 1678 482 1825 538; x_wconf 90' lang='lat' dir='ltr'>latro</span> <span class='ocrx_word' id='word_1_13' title='bbox 1858 478 2097 552; x_wconf 90' lang='lat' dir='ltr'>quidam</span> <span class='ocrx_word' id='word_1_14' title='bbox 2123 477 2192 531; x_wconf 90' lang='lat' dir='ltr'>ad</span> <span class='ocrx_word' id='word_1_15' title='bbox 2228 480 2282 545; x_wconf 78' lang='grc' dir='ltr'>Α</span> <span class='ocrx_word' id='word_1_16' title='bbox 2845 480 3078 540; x_wconf 85' lang='lat' dir='ltr'>CAPUT</span> <span class='ocrx_word' id='word_1_17' title='bbox 3126 484 3425 543; x_wconf 49' lang='lat' dir='ltr'>CLXVIII.</span> 
     </span>
    </p>
   </div>
   <div class='ocr_carea' id='block_1_3' title="bbox 550 566 3614 647">
    <p class='ocr_par' dir='ltr' id='par_1_3' title="bbox 550 566 3614 647">
     <span class='ocr_line' id='line_1_3' title="bbox 550 566 3614 647; baseline -0.005 0"><span class='ocrx_word' id='word_1_18' title='bbox 550 590 817 647; x_wconf 88' lang='lat' dir='ltr'>abbatem</span> <span class='ocrx_word' id='word_1_19' title='bbox 844 585 1142 642; x_wconf 87' lang='lat' dir='ltr'>Zozimum</span> <span class='ocrx_word' id='word_1_20' title='bbox 1175 580 1434 644; x_wconf 79' lang='lat' dir='ltr'>Cilicem,</span> <span class='ocrx_word' id='word_1_21' title='bbox 1468 584 1521 632; x_wconf 89' lang='lat' dir='ltr'>et</span> <span class='ocrx_word' id='word_1_22' title='bbox 1574 574 1823 647; x_wconf 80' lang='lat' dir='ltr'>rogabat</span> <span class='ocrx_word' id='word_1_23' title='bbox 1877 586 2079 625; x_wconf 91' lang='lat' dir='ltr'>senem</span> <span class='ocrx_word' id='word_1_24' title='bbox 2113 566 2202 621; x_wconf 92' lang='lat' dir='ltr'>di-</span> <span class='ocrx_word' id='word_1_25' title='bbox 2658 567 2813 625; x_wconf 78' lang='lat' dir='ltr'>Dicta</span> <span class='ocrx_word' id='word_1_26' title='bbox 2844 571 3060 630; x_wconf 78' lang='lat' dir='ltr'>abbatis</span> <span class='ocrx_word' id='word_1_27' title='bbox 3101 575 3415 633; x_wconf 68' lang='lat' dir='ltr'>Alexandri</span> <span class='ocrx_word' id='word_1_28' title='bbox 3442 576 3614 633; x_wconf 80' lang='lat' dir='ltr'>senis.</span> 
     </span>
    </p>
   </div>
   <div class='ocr_carea' id='block_1_4' title="bbox 550 652 3939 740">
    <p class='ocr_par' dir='ltr' id='par_1_4' title="bbox 550 652 3939 740">
     <span class='ocr_line' id='line_1_4' title="bbox 550 652 3939 740; baseline -0.004 -5"><span class='ocrx_word' id='word_1_29' title='bbox 550 695 689 736; x_wconf 88' lang='lat' dir='ltr'>oens</span> <span class='ocrx_word' id='word_1_30' title='bbox 717 695 730 734; x_wconf 91' lang='lat'>:</span> <span class='ocrx_word' id='word_1_31' title='bbox 762 677 872 732; x_wconf 88' lang='lat' dir='ltr'>Fac</span> <span class='ocrx_word' id='word_1_32' title='bbox 903 672 1275 736; x_wconf 87' lang='lat' dir='ltr'>charitatem,</span> <span class='ocrx_word' id='word_1_33' title='bbox 1312 684 1414 740; x_wconf 90' lang='lat' dir='ltr'>per</span> <span class='ocrx_word' id='word_1_34' title='bbox 1470 666 1653 721; x_wconf 91' lang='lat' dir='ltr'>Deum</span> <span class='ocrx_word' id='word_1_35' title='bbox 1706 667 1763 718; x_wconf 91' lang='lat' dir='ltr'>te</span> <span class='ocrx_word' id='word_1_36' title='bbox 1803 676 2029 733; x_wconf 80' lang='lat' dir='ltr'>precor,</span> <span class='ocrx_word' id='word_1_37' title='bbox 2064 658 2205 729; x_wconf 90' lang='lat' dir='ltr'>quia</span> <span class='ocrx_word' id='word_1_38' title='bbox 2380 652 2621 709; x_wconf 84' lang='lat' dir='ltr'>Dicebat</span> <span class='ocrx_word' id='word_1_39' title='bbox 2650 656 2833 715; x_wconf 86' lang='lat' dir='ltr'>abbas</span> <span class='ocrx_word' id='word_1_40' title='bbox 2864 662 3191 722; x_wconf 83' lang='lat' dir='ltr'>Alexander</span> <span class='ocrx_word' id='word_1_41' title='bbox 3221 683 3397 722; x_wconf 82' lang='lat' dir='ltr'>senex</span> <span class='ocrx_word' id='word_1_42' title='bbox 3419 666 3699 722; x_wconf 79' lang='lat' dir='ltr'>fratribus</span> <span class='ocrx_word' id='word_1_43' title='bbox 3723 682 3736 721; x_wconf 90' lang='lat'>:</span> <span class='ocrx_word' id='word_1_44' title='bbox 3760 668 3939 722; x_wconf 88' lang='lat' dir='ltr'>Patres</span> 
     </span>
    </p>
   </div>
   <div class='ocr_carea' id='block_1_5' title="bbox 553 741 3942 828">
    <p class='ocr_par' dir='ltr' id='par_1_5' title="bbox 553 741 3942 828">
     <span class='ocr_line' id='line_1_5' title="bbox 553 741 3942 828; baseline -0.004 -5"><span class='ocrx_word' id='word_1_45' title='bbox 553 768 758 823; x_wconf 90' lang='lat' dir='ltr'>multis</span> <span class='ocrx_word' id='word_1_46' title='bbox 777 759 1411 821; x_wconf 86' lang='lat' dir='ltr'>homicidiisobnoxius</span> <span class='ocrx_word' id='word_1_47' title='bbox 1426 754 1709 811; x_wconf 85' lang='lat' dir='ltr'>sum.Fac</span> <span class='ocrx_word' id='word_1_48' title='bbox 1725 749 2203 811; x_wconf 84' lang='lat' dir='ltr'>memonachum,</span> <span class='ocrx_word' id='word_1_49' title='bbox 2312 741 2497 796; x_wconf 87' lang='lat' dir='ltr'>nostri</span> <span class='ocrx_word' id='word_1_50' title='bbox 2530 743 2758 801; x_wconf 89' lang='lat' dir='ltr'>deserta</span> <span class='ocrx_word' id='word_1_51' title='bbox 2790 755 2846 803; x_wconf 89' lang='lat' dir='ltr'>et</span> <span class='ocrx_word' id='word_1_52' title='bbox 2877 752 3289 812; x_wconf 80' lang='lat' dir='ltr'>tribulationes</span> <span class='ocrx_word' id='word_1_53' title='bbox 3347 755 3822 828; x_wconf 82' lang='lat' dir='ltr'>persequebatur,</span> <span class='ocrx_word' id='word_1_54' title='bbox 3852 770 3942 811; x_wconf 89' lang='lat' dir='ltr'>nos</span> 
     </span>
    </p>
   </div>
   <div class='ocr_carea' id='block_1_6' title="bbox 551 832 3545 926">
    <p class='ocr_par' dir='ltr' id='par_1_6' title="bbox 551 832 3545 926">
     <span class='ocr_line' id='line_1_6' title="bbox 551 832 3545 926; baseline -0.004 -13"><span class='ocrx_word' id='word_1_55' title='bbox 551 862 618 913; x_wconf 93' lang='lat' dir='ltr'>ut</span> <span class='ocrx_word' id='word_1_56' title='bbox 642 857 765 926; x_wconf 92' lang='lat' dir='ltr'>jam</span> <span class='ocrx_word' id='word_1_57' title='bbox 799 854 1036 909; x_wconf 84' lang='lat' dir='ltr'>tandem</span> <span class='ocrx_word' id='word_1_58' title='bbox 1068 850 1349 906; x_wconf 80' lang='lat' dir='ltr'>desistam</span> <span class='ocrx_word' id='word_1_59' title='bbox 1383 864 1415 901; x_wconf 90' lang='lat' dir='ltr'>a</span> <span class='ocrx_word' id='word_1_60' title='bbox 1464 842 1785 901; x_wconf 86' lang='lat' dir='ltr'>sceleribus</span> <span class='ocrx_word' id='word_1_61' title='bbox 1816 840 1986 894; x_wconf 88' lang='lat' dir='ltr'>meis.</span> <span class='ocrx_word' id='word_1_62' title='bbox 2020 838 2207 891; x_wconf 80' lang='lat' dir='ltr'>Senex</span> <span class='ocrx_word' id='word_1_63' title='bbox 2312 834 2510 926; x_wconf 62' lang='lat' dir='ltr'>autem</span> <span class='ocrx_word' id='word_1_64' title='bbox 2545 832 2807 891; x_wconf 85' lang='lat' dir='ltr'>civitates</span> <span class='ocrx_word' id='word_1_65' title='bbox 2836 843 2890 894; x_wconf 91' lang='lat' dir='ltr'>et</span> <span class='ocrx_word' id='word_1_66' title='bbox 2919 843 3182 914; x_wconf 87' lang='lat' dir='ltr'>requiem</span> <span class='ocrx_word' id='word_1_67' title='bbox 3217 845 3545 916; x_wconf 85' lang='lat' dir='ltr'>sequimur.</span> 
     </span>
    </p>
   </div>
   <div class='ocr_carea' id='block_1_7' title="bbox 552 919 3943 1006">
    <p class='ocr_par' dir='ltr' id='par_1_7' title="bbox 552 919 3943 1006">
     <span class='ocr_line' id='line_1_7' title="bbox 552 919 3943 1006; baseline -0.004 -4"><span class='ocrx_word' id='word_1_68' title='bbox 552 963 685 1002; x_wconf 89' lang='lat' dir='ltr'>vero</span> <span class='ocrx_word' id='word_1_69' title='bbox 707 945 1022 1000; x_wconf 89' lang='lat' dir='ltr'>exhortans</span> <span class='ocrx_word' id='word_1_70' title='bbox 1059 940 1245 1006; x_wconf 89' lang='lat' dir='ltr'>illum,</span> <span class='ocrx_word' id='word_1_71' title='bbox 1268 937 1404 993; x_wconf 85' lang='lat' dir='ltr'>fecit</span> <span class='ocrx_word' id='word_1_72' title='bbox 1434 932 1811 997; x_wconf 88' lang='lat' dir='ltr'>monachum,</span> <span class='ocrx_word' id='word_1_73' title='bbox 1835 934 1893 985; x_wconf 88' lang='lat' dir='ltr'>et</span> <span class='ocrx_word' id='word_1_74' title='bbox 1932 930 2205 983; x_wconf 87' lang='lat' dir='ltr'>sanctum</span> <span class='ocrx_word' id='word_1_75' title='bbox 2383 919 2538 975; x_wconf 85' lang='lat' dir='ltr'>Dixit</span> <span class='ocrx_word' id='word_1_76' title='bbox 2567 921 2778 981; x_wconf 84' lang='lat' dir='ltr'>iterum</span> <span class='ocrx_word' id='word_1_77' title='bbox 2813 945 3020 987; x_wconf 80' lang='lat' dir='ltr'>senex:</span> <span class='ocrx_word' id='word_1_78' title='bbox 3046 935 3163 989; x_wconf 87' lang='lat' dir='ltr'>Sub</span> <span class='ocrx_word' id='word_1_79' title='bbox 3187 934 3457 990; x_wconf 89' lang='lat' dir='ltr'>Patribus</span> <span class='ocrx_word' id='word_1_80' title='bbox 3487 932 3705 990; x_wconf 84' lang='lat' dir='ltr'>nostris</span> <span class='ocrx_word' id='word_1_81' title='bbox 3726 934 3943 988; x_wconf 87' lang='lat' dir='ltr'>virtutes</span> 
     </span>
    </p>
   </div>
   <div class='ocr_carea' id='block_1_8' title="bbox 554 1008 3942 1092">
    <p class='ocr_par' dir='ltr' id='par_1_8' title="bbox 554 1008 3942 1092">
     <span class='ocr_line' id='line_1_8' title="bbox 554 1008 3942 1092; baseline -0.004 -2"><span class='ocrx_word' id='word_1_82' title='bbox 554 1036 607 1091; x_wconf 89' lang='lat' dir='ltr'>ei</span> <span class='ocrx_word' id='word_1_83' title='bbox 626 1034 892 1090; x_wconf 91' lang='lat' dir='ltr'>habitum</span> <span class='ocrx_word' id='word_1_84' title='bbox 919 1030 1099 1086; x_wconf 87' lang='lat' dir='ltr'>dedit.</span> <span class='ocrx_word' id='word_1_85' title='bbox 1119 1030 1254 1083; x_wconf 84' lang='lat' dir='ltr'>Post</span> <span class='ocrx_word' id='word_1_86' title='bbox 1278 1025 1574 1081; x_wconf 87' lang='lat' dir='ltr'>modicum</span> <span class='ocrx_word' id='word_1_87' title='bbox 1597 1038 1730 1077; x_wconf 88' lang='lat' dir='ltr'>vero</span> <span class='ocrx_word' id='word_1_88' title='bbox 1752 1017 2035 1089; x_wconf 88' lang='lat' dir='ltr'>temporis</span> <span class='ocrx_word' id='word_1_89' title='bbox 2064 1014 2211 1069; x_wconf 84' lang='lat' dir='ltr'>dixit</span> <span class='ocrx_word' id='word_1_90' title='bbox 2313 1008 2444 1064; x_wconf 72' lang='lat' dir='ltr'>ista:</span> <span class='ocrx_word' id='word_1_91' title='bbox 2464 1010 2763 1083; x_wconf 80' lang='lat' dir='ltr'>vigebant,</span> <span class='ocrx_word' id='word_1_92' title='bbox 2789 1020 3025 1077; x_wconf 88' lang='lat' dir='ltr'>nuditas</span> <span class='ocrx_word' id='word_1_93' title='bbox 3049 1028 3106 1078; x_wconf 90' lang='lat' dir='ltr'>et</span> <span class='ocrx_word' id='word_1_94' title='bbox 3128 1022 3433 1080; x_wconf 86' lang='lat' dir='ltr'>humilitas</span> <span class='ocrx_word' id='word_1_95' title='bbox 3457 1042 3470 1092; x_wconf 91' lang='lat'>;</span> <span class='ocrx_word' id='word_1_96' title='bbox 3498 1024 3559 1079; x_wconf 89' lang='lat' dir='ltr'>in</span> <span class='ocrx_word' id='word_1_97' title='bbox 3583 1022 3750 1079; x_wconf 88' lang='lat' dir='ltr'>nobis</span> <span class='ocrx_word' id='word_1_98' title='bbox 3770 1026 3942 1078; x_wconf 88' lang='lat' dir='ltr'>autem</span> 
     </span>
    </p>
   </div>
   <div class='ocr_carea' id='block_1_9' title="bbox 555 1099 3213 1183">
    <p class='ocr_par' dir='ltr' id='par_1_9' title="bbox 555 1099 3213 1183">
     <span class='ocr_line' id='line_1_9' title="bbox 555 1099 3213 1183; baseline -0.004 -3"><span class='ocrx_word' id='word_1_99' title='bbox 555 1125 627 1180; x_wconf 90' lang='lat' dir='ltr'>ad</span> <span class='ocrx_word' id='word_1_100' title='bbox 648 1122 818 1178; x_wconf 89' lang='lat' dir='ltr'>illum</span> <span class='ocrx_word' id='word_1_101' title='bbox 843 1120 1040 1178; x_wconf 87' lang='lat' dir='ltr'>senior</span> <span class='ocrx_word' id='word_1_102' title='bbox 1064 1135 1077 1174; x_wconf 76' lang='grc' dir='ltr'>ε</span> <span class='ocrx_word' id='word_1_103' title='bbox 1104 1118 1282 1173; x_wconf 87' lang='lat' dir='ltr'>Crede</span> <span class='ocrx_word' id='word_1_104' title='bbox 1306 1114 1473 1183; x_wconf 91' lang='lat' dir='ltr'>mihi,</span> <span class='ocrx_word' id='word_1_105' title='bbox 1499 1113 1602 1181; x_wconf 92' lang='lat' dir='ltr'>ﬁli,</span> <span class='ocrx_word' id='word_1_106' title='bbox 1628 1128 1742 1167; x_wconf 88' lang='lat' dir='ltr'>non</span> <span class='ocrx_word' id='word_1_107' title='bbox 1785 1112 1953 1180; x_wconf 86' lang='lat' dir='ltr'>potes</span> <span class='ocrx_word' id='word_1_108' title='bbox 1984 1105 2080 1160; x_wconf 92' lang='lat' dir='ltr'>hic</span> <span class='ocrx_word' id='word_1_109' title='bbox 2107 1105 2210 1159; x_wconf 91' lang='lat' dir='ltr'>ha-</span> <span class='ocrx_word' id='word_1_110' title='bbox 2315 1099 2559 1154; x_wconf 80' lang='lat' dir='ltr'>avaritia</span> <span class='ocrx_word' id='word_1_111' title='bbox 2592 1106 2648 1156; x_wconf 92' lang='lat' dir='ltr'>et</span> <span class='ocrx_word' id='word_1_112' title='bbox 2678 1108 2955 1177; x_wconf 85' lang='lat' dir='ltr'>superbia</span> <span class='ocrx_word' id='word_1_113' title='bbox 2987 1117 3213 1183; x_wconf 86' lang='lat' dir='ltr'>regnat.</span> 
     </span>
    </p>
   </div>
   <div class='ocr_carea' id='block_1_10' title="bbox 555 1188 3945 1279">
    <p class='ocr_par' dir='ltr' id='par_1_10' title="bbox 555 1188 3945 1279">
     <span class='ocr_line' id='line_1_10' title="bbox 555 1188 3945 1279; baseline -0.004 -9"><span class='ocrx_word' id='word_1_114' title='bbox 555 1215 779 1279; x_wconf 85' lang='lat' dir='ltr'>bitare;</span> <span class='ocrx_word' id='word_1_115' title='bbox 805 1226 945 1265; x_wconf 90' lang='lat' dir='ltr'>nam</span> <span class='ocrx_word' id='word_1_116' title='bbox 969 1208 1016 1263; x_wconf 90' lang='lat' dir='ltr'>si</span> <span class='ocrx_word' id='word_1_117' title='bbox 1042 1205 1297 1263; x_wconf 91' lang='lat' dir='ltr'>audierit</span> <span class='ocrx_word' id='word_1_118' title='bbox 1320 1218 1616 1275; x_wconf 85' lang='lat' dir='ltr'>princeps,</span> <span class='ocrx_word' id='word_1_119' title='bbox 1638 1197 1860 1255; x_wconf 84' lang='lat' dir='ltr'>tenebit</span> <span class='ocrx_word' id='word_1_120' title='bbox 1881 1201 1938 1251; x_wconf 87' lang='lat' dir='ltr'>te</span> <span class='ocrx_word' id='word_1_121' title='bbox 1960 1215 1973 1263; x_wconf 89' lang='lat'>;</span> <span class='ocrx_word' id='word_1_122' title='bbox 2001 1191 2210 1249; x_wconf 88' lang='lat' dir='ltr'>simili-</span> <span class='ocrx_word' id='word_1_123' title='bbox 2386 1188 2481 1241; x_wconf 90' lang='lat' dir='ltr'>Ait</span> <span class='ocrx_word' id='word_1_124' title='bbox 2500 1205 2735 1248; x_wconf 87' lang='lat' dir='ltr'>rursus:</span> <span class='ocrx_word' id='word_1_125' title='bbox 2763 1194 2963 1254; x_wconf 85' lang='lat' dir='ltr'>Patres</span> <span class='ocrx_word' id='word_1_126' title='bbox 2988 1202 3171 1256; x_wconf 86' lang='lat' dir='ltr'>nostri</span> <span class='ocrx_word' id='word_1_127' title='bbox 3195 1219 3501 1274; x_wconf 87' lang='lat' dir='ltr'>nunquam</span> <span class='ocrx_word' id='word_1_128' title='bbox 3529 1202 3707 1257; x_wconf 84' lang='lat' dir='ltr'>facies</span> <span class='ocrx_word' id='word_1_129' title='bbox 3729 1217 3857 1257; x_wconf 87' lang='lat' dir='ltr'>suas</span> <span class='ocrx_word' id='word_1_130' title='bbox 3875 1199 3945 1256; x_wconf 87' lang='lat' dir='ltr'>la-</span> 
     </span>
    </p>
   </div>
   <div class='ocr_carea' id='block_1_11' title="bbox 559 1276 3948 1364">
    <p class='ocr_par' dir='ltr' id='par_1_11' title="bbox 559 1276 3948 1364">
     <span class='ocr_line' id='line_1_11' title="bbox 559 1276 3948 1364; baseline -0.004 -6"><span class='ocrx_word' id='word_1_131' title='bbox 559 1309 648 1359; x_wconf 87' lang='lat' dir='ltr'>ter</span> <span class='ocrx_word' id='word_1_132' title='bbox 669 1276 863 1356; x_wconf 80' lang='lat' dir='ltr'>autem</span> <span class='ocrx_word' id='word_1_133' title='bbox 886 1303 942 1354; x_wconf 91' lang='lat' dir='ltr'>et</span> <span class='ocrx_word' id='word_1_134' title='bbox 964 1293 1379 1353; x_wconf 89' lang='lat' dir='ltr'>adversariitui</span> <span class='ocrx_word' id='word_1_135' title='bbox 1399 1292 1690 1347; x_wconf 89' lang='lat' dir='ltr'>necabunt</span> <span class='ocrx_word' id='word_1_136' title='bbox 1711 1286 1913 1347; x_wconf 88' lang='lat' dir='ltr'>te.Sed</span> <span class='ocrx_word' id='word_1_137' title='bbox 1936 1283 2071 1339; x_wconf 91' lang='lat' dir='ltr'>audi</span> <span class='ocrx_word' id='word_1_138' title='bbox 2100 1297 2210 1345; x_wconf 93' lang='lat' dir='ltr'>me,</span> <span class='ocrx_word' id='word_1_139' title='bbox 2316 1276 2532 1332; x_wconf 75' lang='lat' dir='ltr'>vabant</span> <span class='ocrx_word' id='word_1_140' title='bbox 2558 1298 2572 1346; x_wconf 89' lang='lat'>;</span> <span class='ocrx_word' id='word_1_141' title='bbox 2612 1297 2716 1338; x_wconf 90' lang='lat' dir='ltr'>nos</span> <span class='ocrx_word' id='word_1_142' title='bbox 2748 1289 2942 1343; x_wconf 90' lang='lat' dir='ltr'>autem</span> <span class='ocrx_word' id='word_1_143' title='bbox 2972 1288 3202 1347; x_wconf 88' lang='lat' dir='ltr'>lavacra</span> <span class='ocrx_word' id='word_1_144' title='bbox 3232 1291 3471 1364; x_wconf 89' lang='lat' dir='ltr'>publica</span> <span class='ocrx_word' id='word_1_145' title='bbox 3504 1290 3824 1361; x_wconf 88' lang='lat' dir='ltr'>balneaque</span> <span class='ocrx_word' id='word_1_146' title='bbox 3850 1289 3948 1345; x_wconf 83' lang='lat' dir='ltr'>fre-</span> 
     </span>
    </p>
   </div>
   <div class='ocr_carea' id='block_1_12' title="bbox 563 1370 2698 1447">
    <p class='ocr_par' dir='ltr' id='par_1_12' title="bbox 563 1370 2698 1447">
     <span class='ocr_line' id='line_1_12' title="bbox 563 1370 2698 1447; baseline -0.01 0"><span class='ocrx_word' id='word_1_147' title='bbox 563 1397 620 1447; x_wconf 89' lang='lat' dir='ltr'>et</span> <span class='ocrx_word' id='word_1_148' title='bbox 650 1392 861 1445; x_wconf 88' lang='lat' dir='ltr'>ducam</span> <span class='ocrx_word' id='word_1_149' title='bbox 892 1392 949 1443; x_wconf 89' lang='lat' dir='ltr'>te</span> <span class='ocrx_word' id='word_1_150' title='bbox 999 1387 1058 1441; x_wconf 92' lang='lat' dir='ltr'>in</span> <span class='ocrx_word' id='word_1_151' title='bbox 1099 1384 1431 1440; x_wconf 84' lang='lat' dir='ltr'>coenobium</span> <span class='ocrx_word' id='word_1_152' title='bbox 1464 1379 1695 1436; x_wconf 80' lang='lat' dir='ltr'>abbatis</span> <span class='ocrx_word' id='word_1_153' title='bbox 1728 1374 1999 1432; x_wconf 89' lang='lat' dir='ltr'>Dorolhei</span> <span class='ocrx_word' id='word_1_154' title='bbox 2034 1385 2212 1444; x_wconf 83' lang='lat' dir='ltr'>prope</span> <span class='ocrx_word' id='word_1_155' title='bbox 2318 1370 2698 1436; x_wconf 86' lang='lat' dir='ltr'>quentamus.</span> 
     </span>
    </p>
   </div>
   <div class='ocr_carea' id='block_1_13' title="bbox 564 1454 3947 1551">
    <p class='ocr_par' dir='ltr' id='par_1_13' title="bbox 564 1454 3947 1551">
     <span class='ocr_line' id='line_1_13' title="bbox 564 1454 3947 1551; baseline -0.004 -16"><span class='ocrx_word' id='word_1_156' title='bbox 564 1480 778 1535; x_wconf 84' lang='lat' dir='ltr'>Gazam</span> <span class='ocrx_word' id='word_1_157' title='bbox 810 1482 866 1533; x_wconf 90' lang='lat' dir='ltr'>et</span> <span class='ocrx_word' id='word_1_158' title='bbox 889 1476 1206 1546; x_wconf 86' lang='lat' dir='ltr'>Majunam.</span> <span class='ocrx_word' id='word_1_159' title='bbox 1235 1471 1572 1543; x_wconf 88' lang='lat' dir='ltr'>Illucigitur</span> <span class='ocrx_word' id='word_1_160' title='bbox 1593 1468 1712 1523; x_wconf 88' lang='lat' dir='ltr'>ivit.</span> <span class='ocrx_word' id='word_1_161' title='bbox 1734 1464 1840 1521; x_wconf 92' lang='lat' dir='ltr'>Ubi</span> <span class='ocrx_word' id='word_1_162' title='bbox 1864 1478 1995 1519; x_wconf 92' lang='lat' dir='ltr'>cum</span> <span class='ocrx_word' id='word_1_163' title='bbox 2022 1477 2211 1516; x_wconf 88' lang='lat' dir='ltr'>mora-</span> <span class='ocrx_word' id='word_1_164' title='bbox 2387 1454 2544 1551; x_wconf 83' lang='lat' dir='ltr'>Dixit</span> <span class='ocrx_word' id='word_1_165' title='bbox 2574 1457 2780 1518; x_wconf 87' lang='lat' dir='ltr'>iterum</span> <span class='ocrx_word' id='word_1_166' title='bbox 2813 1481 3027 1523; x_wconf 84' lang='lat' dir='ltr'>senex:</span> <span class='ocrx_word' id='word_1_167' title='bbox 3062 1469 3184 1526; x_wconf 87' lang='lat' dir='ltr'>Heu</span> <span class='ocrx_word' id='word_1_168' title='bbox 3217 1470 3385 1536; x_wconf 91' lang='lat' dir='ltr'>mihi,</span> <span class='ocrx_word' id='word_1_169' title='bbox 3409 1470 3537 1537; x_wconf 84' lang='lat' dir='ltr'>ﬁlii,</span> <span class='ocrx_word' id='word_1_170' title='bbox 3556 1469 3696 1541; x_wconf 89' lang='lat' dir='ltr'>quia</span> <span class='ocrx_word' id='word_1_171' title='bbox 3738 1483 3947 1524; x_wconf 88' lang='lat' dir='ltr'>conver-</span> 
     </span>
    </p>
   </div>
   <div class='ocr_carea' id='block_1_14' title="bbox 565 1550 3947 1630">
    <p class='ocr_par' dir='ltr' id='par_1_14' title="bbox 565 1550 3947 1630">
     <span class='ocr_line' id='line_1_14' title="bbox 565 1550 3947 1630; baseline -0.004 -6"><span class='ocrx_word' id='word_1_172' title='bbox 565 1574 666 1624; x_wconf 90' lang='lat' dir='ltr'>tus</span> <span class='ocrx_word' id='word_1_173' title='bbox 697 1582 823 1623; x_wconf 83' lang='lat' dir='ltr'>esse</span> <span class='ocrx_word' id='word_1_174' title='bbox 849 1565 1023 1622; x_wconf 91' lang='lat' dir='ltr'>annis</span> <span class='ocrx_word' id='word_1_175' title='bbox 1054 1578 1283 1630; x_wconf 84' lang='lat' dir='ltr'>novem,</span> <span class='ocrx_word' id='word_1_176' title='bbox 1304 1560 1728 1628; x_wconf 88' lang='lat' dir='ltr'>didicissetque</span> <span class='ocrx_word' id='word_1_177' title='bbox 1761 1551 2126 1625; x_wconf 85' lang='lat' dir='ltr'>psalterium,</span> <span class='ocrx_word' id='word_1_178' title='bbox 2160 1552 2215 1603; x_wconf 92' lang='lat' dir='ltr'>et</span> <span class='ocrx_word' id='word_1_179' title='bbox 2318 1550 2603 1630; x_wconf 79' lang='lat' dir='ltr'>sationem</span> <span class='ocrx_word' id='word_1_180' title='bbox 2626 1565 2759 1607; x_wconf 90' lang='lat' dir='ltr'>vere</span> <span class='ocrx_word' id='word_1_181' title='bbox 2780 1555 3100 1626; x_wconf 85' lang='lat' dir='ltr'>angelicam</span> <span class='ocrx_word' id='word_1_182' title='bbox 3127 1559 3549 1617; x_wconf 87' lang='lat' dir='ltr'>destruximus.</span> <span class='ocrx_word' id='word_1_183' title='bbox 3571 1559 3669 1614; x_wconf 84' lang='lat' dir='ltr'>Ait</span> <span class='ocrx_word' id='word_1_184' title='bbox 3689 1566 3871 1614; x_wconf 89' lang='lat' dir='ltr'>autem</span> <span class='ocrx_word' id='word_1_185' title='bbox 3891 1557 3947 1611; x_wconf 88' lang='lat' dir='ltr'>ad</span> 
     </span>
    </p>
   </div>
   <div class='ocr_carea' id='block_1_15' title="bbox 564 1628 3950 1721">
    <p class='ocr_par' dir='ltr' id='par_1_15' title="bbox 564 1628 3950 1721">
     <span class='ocr_line' id='line_1_15' title="bbox 564 1628 3950 1721; baseline -0.004 -8"><span class='ocrx_word' id='word_1_186' title='bbox 564 1662 837 1714; x_wconf 88' lang='lat' dir='ltr'>cunctam</span> <span class='ocrx_word' id='word_1_187' title='bbox 854 1653 1242 1709; x_wconf 87' lang='lat' dir='ltr'>monasticam</span> <span class='ocrx_word' id='word_1_188' title='bbox 1259 1637 2213 1714; x_wconf 84' lang='lat' dir='ltr'>observationem,rediitrursusin</span> <span class='ocrx_word' id='word_1_189' title='bbox 2317 1628 2485 1687; x_wconf 90' lang='lat' dir='ltr'>illum</span> <span class='ocrx_word' id='word_1_190' title='bbox 2509 1636 2692 1694; x_wconf 89' lang='lat' dir='ltr'>abbas</span> <span class='ocrx_word' id='word_1_191' title='bbox 2711 1641 3052 1702; x_wconf 91' lang='lat' dir='ltr'>Vincentius</span> <span class='ocrx_word' id='word_1_192' title='bbox 3074 1648 3401 1721; x_wconf 89' lang='lat' dir='ltr'>discipulus</span> <span class='ocrx_word' id='word_1_193' title='bbox 3424 1649 3587 1719; x_wconf 85' lang='lat' dir='ltr'>ejus:</span> <span class='ocrx_word' id='word_1_194' title='bbox 3607 1647 3819 1702; x_wconf 88' lang='lat' dir='ltr'>Inﬁrmi</span> <span class='ocrx_word' id='word_1_195' title='bbox 3838 1662 3950 1718; x_wconf 87' lang='lat' dir='ltr'>pro-</span> 
     </span>
    </p>
   </div>
   <div class='ocr_carea' id='block_1_16' title="bbox 564 1721 3951 1824">
    <p class='ocr_par' dir='ltr' id='par_1_16' title="bbox 564 1721 3951 1824">
     <span class='ocr_line' id='line_1_16' title="bbox 564 1721 3951 1824; baseline -0.004 -22"><span class='ocrx_word' id='word_1_196' title='bbox 564 1745 810 1802; x_wconf 85' lang='lat' dir='ltr'>Firmini</span> <span class='ocrx_word' id='word_1_197' title='bbox 836 1742 1287 1807; x_wconf 86' lang='lat' dir='ltr'>monasterium,</span> <span class='ocrx_word' id='word_1_198' title='bbox 1313 1740 1381 1793; x_wconf 89' lang='lat' dir='ltr'>ad</span> <span class='ocrx_word' id='word_1_199' title='bbox 1415 1740 1703 1824; x_wconf 84' lang='lat' dir='ltr'>senem,et</span> <span class='ocrx_word' id='word_1_200' title='bbox 1724 1733 1805 1789; x_wconf 88' lang='lat' dir='ltr'>ait</span> <span class='ocrx_word' id='word_1_201' title='bbox 1825 1731 1907 1786; x_wconf 89' lang='lat' dir='ltr'>illi</span> <span class='ocrx_word' id='word_1_202' title='bbox 1930 1748 1943 1785; x_wconf 88' lang='lat'>:</span> <span class='ocrx_word' id='word_1_203' title='bbox 1969 1731 2073 1785; x_wconf 85' lang='lat' dir='ltr'>Fac</span> <span class='ocrx_word' id='word_1_204' title='bbox 2104 1727 2216 1783; x_wconf 88' lang='lat' dir='ltr'>mi—</span> <span class='ocrx_word' id='word_1_205' title='bbox 2318 1721 2470 1778; x_wconf 83' lang='lat' dir='ltr'>fectu</span> <span class='ocrx_word' id='word_1_206' title='bbox 2502 1742 2729 1798; x_wconf 89' lang='lat' dir='ltr'>sumus,</span> <span class='ocrx_word' id='word_1_207' title='bbox 2754 1736 2945 1790; x_wconf 89' lang='lat' dir='ltr'>Pater.</span> <span class='ocrx_word' id='word_1_208' title='bbox 2974 1736 3142 1802; x_wconf 91' lang='lat' dir='ltr'>Dicit,</span> <span class='ocrx_word' id='word_1_209' title='bbox 3167 1737 3217 1793; x_wconf 92' lang='lat' dir='ltr'>ei</span> <span class='ocrx_word' id='word_1_210' title='bbox 3250 1754 3427 1793; x_wconf 87' lang='lat' dir='ltr'>senex</span> <span class='ocrx_word' id='word_1_211' title='bbox 3452 1755 3464 1793; x_wconf 92' lang='lat'>:</span> <span class='ocrx_word' id='word_1_212' title='bbox 3487 1737 3637 1802; x_wconf 83' lang='lat' dir='ltr'>Quid</span> <span class='ocrx_word' id='word_1_213' title='bbox 3668 1734 3951 1801; x_wconf 86' lang='lat' dir='ltr'>dicis,Vin-</span> 
     </span>
    </p>
   </div>
   <div class='ocr_carea' id='block_1_17' title="bbox 567 1814 3952 1927">
    <p class='ocr_par' dir='ltr' id='par_1_17' title="bbox 567 1814 3952 1927">
     <span class='ocr_line' id='line_1_17' title="bbox 567 1814 3952 1927; baseline -0.004 -35"><span class='ocrx_word' id='word_1_214' title='bbox 567 1835 948 1894; x_wconf 85' lang='lat' dir='ltr'>sericordiam</span> <span class='ocrx_word' id='word_1_215' title='bbox 982 1848 1234 1899; x_wconf 89' lang='lat' dir='ltr'>mecum,</span> <span class='ocrx_word' id='word_1_216' title='bbox 1270 1830 1451 1893; x_wconf 87' lang='lat' dir='ltr'>Pater,</span> <span class='ocrx_word' id='word_1_217' title='bbox 1487 1814 1544 1882; x_wconf 84' lang='lat' dir='ltr'>et</span> <span class='ocrx_word' id='word_1_218' title='bbox 1573 1827 1647 1881; x_wconf 93' lang='lat' dir='ltr'>da</span> <span class='ocrx_word' id='word_1_219' title='bbox 1694 1822 1837 1878; x_wconf 90' lang='lat' dir='ltr'>mihi</span> <span class='ocrx_word' id='word_1_220' title='bbox 1866 1820 2217 1876; x_wconf 87' lang='lat' dir='ltr'>vestimenta</span> <span class='ocrx_word' id='word_1_221' title='bbox 2256 1864 2298 1927; x_wconf 67' lang='grc' dir='ltr'>Β</span> <span class='ocrx_word' id='word_1_222' title='bbox 2321 1814 2497 1884; x_wconf 86' lang='lat' dir='ltr'>centi,</span> <span class='ocrx_word' id='word_1_223' title='bbox 2532 1818 2671 1886; x_wconf 90' lang='lat' dir='ltr'>quia</span> <span class='ocrx_word' id='word_1_224' title='bbox 2696 1821 2913 1878; x_wconf 88' lang='lat' dir='ltr'>inﬁrmi</span> <span class='ocrx_word' id='word_1_225' title='bbox 2948 1842 3157 1881; x_wconf 91' lang='lat' dir='ltr'>sumus</span> <span class='ocrx_word' id='word_1_226' title='bbox 3180 1828 3206 1882; x_wconf 87' lang='lat'>?</span> <span class='ocrx_word' id='word_1_227' title='bbox 3236 1828 3417 1884; x_wconf 87' lang='lat' dir='ltr'>Crede</span> <span class='ocrx_word' id='word_1_228' title='bbox 3450 1827 3619 1894; x_wconf 92' lang='lat' dir='ltr'>mihi,</span> <span class='ocrx_word' id='word_1_229' title='bbox 3653 1825 3753 1892; x_wconf 89' lang='lat' dir='ltr'>ﬁli,</span> <span class='ocrx_word' id='word_1_230' title='bbox 3783 1824 3952 1896; x_wconf 76' lang='lat' dir='ltr'>Olym-</span> 
     </span>
    </p>
   </div>
   <div class='ocr_carea' id='block_1_18' title="bbox 576 1904 3954 1990">
    <p class='ocr_par' dir='ltr' id='par_1_18' title="bbox 576 1904 3954 1990">
     <span class='ocr_line' id='line_1_18' title="bbox 576 1904 3954 1990; baseline -0.004 -9"><span class='ocrx_word' id='word_1_231' title='bbox 576 1942 706 1981; x_wconf 89' lang='lat' dir='ltr'>mea</span> <span class='ocrx_word' id='word_1_232' title='bbox 738 1922 1062 1990; x_wconf 72' lang='lat' dir='ltr'>saecularia,</span> <span class='ocrx_word' id='word_1_233' title='bbox 1093 1925 1150 1976; x_wconf 90' lang='lat' dir='ltr'>et</span> <span class='ocrx_word' id='word_1_234' title='bbox 1182 1921 1370 1989; x_wconf 88' lang='lat' dir='ltr'>recipe</span> <span class='ocrx_word' id='word_1_235' title='bbox 1401 1914 1746 1971; x_wconf 83' lang='lat' dir='ltr'>monastica.</span> <span class='ocrx_word' id='word_1_236' title='bbox 1778 1910 1983 1965; x_wconf 86' lang='lat' dir='ltr'>Senior</span> <span class='ocrx_word' id='word_1_237' title='bbox 2026 1912 2221 1963; x_wconf 87' lang='lat' dir='ltr'>autem</span> <span class='ocrx_word' id='word_1_238' title='bbox 2258 1904 2298 1927; x_wconf 83' lang='lat'>”</span> <span class='ocrx_word' id='word_1_239' title='bbox 2336 1904 2449 1975; x_wconf 90' lang='lat' dir='ltr'>pici</span> <span class='ocrx_word' id='word_1_240' title='bbox 2472 1923 2713 1978; x_wconf 89' lang='lat' dir='ltr'>corpore</span> <span class='ocrx_word' id='word_1_241' title='bbox 2734 1915 2791 1966; x_wconf 91' lang='lat' dir='ltr'>et</span> <span class='ocrx_word' id='word_1_242' title='bbox 2808 1913 3036 1971; x_wconf 82' lang='lat' dir='ltr'>robusti</span> <span class='ocrx_word' id='word_1_243' title='bbox 3060 1932 3291 1987; x_wconf 86' lang='lat' dir='ltr'>sumus,</span> <span class='ocrx_word' id='word_1_244' title='bbox 3316 1918 3416 1973; x_wconf 81' lang='lat' dir='ltr'>sed</span> <span class='ocrx_word' id='word_1_245' title='bbox 3441 1916 3644 1973; x_wconf 89' lang='lat' dir='ltr'>anima</span> <span class='ocrx_word' id='word_1_246' title='bbox 3660 1920 3850 1971; x_wconf 87' lang='lat' dir='ltr'>nostra</span> <span class='ocrx_word' id='word_1_247' title='bbox 3867 1912 3954 1967; x_wconf 89' lang='lat' dir='ltr'>im-</span> 
     </span>
    </p>
   </div>
   <div class='ocr_carea' id='block_1_19' title="bbox 579 1995 2223 2069">
    <p class='ocr_par' dir='ltr' id='par_1_19' title="bbox 579 1995 2223 2069">
     <span class='ocr_line' id='line_1_19' title="bbox 579 1995 2223 2069; baseline -0.013 -1"><span class='ocrx_word' id='word_1_248' title='bbox 579 2013 772 2069; x_wconf 89' lang='lat' dir='ltr'>tristis</span> <span class='ocrx_word' id='word_1_249' title='bbox 798 2013 1038 2067; x_wconf 75' lang='lat' dir='ltr'>effectus</span> <span class='ocrx_word' id='word_1_250' title='bbox 1069 2008 1151 2064; x_wconf 88' lang='lat' dir='ltr'>ait</span> <span class='ocrx_word' id='word_1_251' title='bbox 1172 2007 1257 2061; x_wconf 91' lang='lat' dir='ltr'>illi</span> <span class='ocrx_word' id='word_1_252' title='bbox 1283 2023 1295 2061; x_wconf 92' lang='lat'>:</span> <span class='ocrx_word' id='word_1_253' title='bbox 1329 2002 1723 2069; x_wconf 86' lang='lat' dir='ltr'>Cur,ﬁli‘?Qui</span> <span class='ocrx_word' id='word_1_254' title='bbox 1746 1998 2105 2069; x_wconf 84' lang='lat' dir='ltr'>respondens</span> <span class='ocrx_word' id='word_1_255' title='bbox 2124 1995 2223 2048; x_wconf 91' lang='lat' dir='ltr'>ait:</span> 
     </span>
    </p>
   </div>
   <div class='ocr_carea' id='block_1_20' title="bbox 575 2084 2223 2170">
    <p class='ocr_par' dir='ltr' id='par_1_20' title="bbox 575 2084 2223 2170">
     <span class='ocr_line' id='line_1_20' title="bbox 575 2084 2223 2170; baseline -0.012 -12"><span class='ocrx_word' id='word_1_256' title='bbox 575 2105 722 2159; x_wconf 90' lang='lat' dir='ltr'>Ecce</span> <span class='ocrx_word' id='word_1_257' title='bbox 754 2116 961 2156; x_wconf 90' lang='lat' dir='ltr'>novem</span> <span class='ocrx_word' id='word_1_258' title='bbox 992 2099 1079 2170; x_wconf 91' lang='lat' dir='ltr'>(ut</span> <span class='ocrx_word' id='word_1_259' title='bbox 1110 2097 1283 2164; x_wconf 84' lang='lat' dir='ltr'>nosti,</span> <span class='ocrx_word' id='word_1_260' title='bbox 1308 2095 1497 2163; x_wconf 89' lang='lat' dir='ltr'>Pater)</span> <span class='ocrx_word' id='word_1_261' title='bbox 1522 2109 1706 2148; x_wconf 88' lang='lat' dir='ltr'>annos</span> <span class='ocrx_word' id='word_1_262' title='bbox 1737 2089 1825 2161; x_wconf 89' lang='lat' dir='ltr'>egi</span> <span class='ocrx_word' id='word_1_263' title='bbox 1849 2089 1907 2143; x_wconf 90' lang='lat' dir='ltr'>in</span> <span class='ocrx_word' id='word_1_264' title='bbox 1943 2084 2223 2151; x_wconf 63' lang='lat' dir='ltr'>coenobio,</span> 
     </span>
    </p>
   </div>
   <div class='ocr_carea' id='block_1_21' title="bbox 578 2174 2229 2263">
    <p class='ocr_par' dir='ltr' id='par_1_21' title="bbox 578 2174 2229 2263">
     <span class='ocr_line' id='line_1_21' title="bbox 578 2174 2229 2263; baseline -0.013 -15"><span class='ocrx_word' id='word_1_265' title='bbox 578 2196 636 2249; x_wconf 88' lang='lat' dir='ltr'>et</span> <span class='ocrx_word' id='word_1_266' title='bbox 667 2194 954 2263; x_wconf 91' lang='lat' dir='ltr'>quantum</span> <span class='ocrx_word' id='word_1_267' title='bbox 987 2186 1148 2259; x_wconf 89' lang='lat' dir='ltr'>potui</span> <span class='ocrx_word' id='word_1_268' title='bbox 1183 2184 1465 2256; x_wconf 85' lang='lat' dir='ltr'>jejunavi,</span> <span class='ocrx_word' id='word_1_269' title='bbox 1498 2187 1555 2238; x_wconf 89' lang='lat' dir='ltr'>et</span> <span class='ocrx_word' id='word_1_270' title='bbox 1608 2180 1976 2236; x_wconf 87' lang='lat' dir='ltr'>continenter</span> <span class='ocrx_word' id='word_1_271' title='bbox 2002 2174 2139 2238; x_wconf 87' lang='lat' dir='ltr'>vixi,</span> <span class='ocrx_word' id='word_1_272' title='bbox 2171 2176 2229 2227; x_wconf 92' lang='lat' dir='ltr'>et</span> 
     </span>
    </p>
   </div>
   <div class='ocr_carea' id='block_1_22' title="bbox 581 2265 2230 2347">
    <p class='ocr_par' dir='ltr' id='par_1_22' title="bbox 581 2265 2230 2347">
     <span class='ocr_line' id='line_1_22' title="bbox 581 2265 2230 2347; baseline -0.013 -11"><span class='ocrx_word' id='word_1_273' title='bbox 581 2297 715 2336; x_wconf 91' lang='lat' dir='ltr'>cum</span> <span class='ocrx_word' id='word_1_274' title='bbox 739 2278 899 2335; x_wconf 89' lang='lat' dir='ltr'>omni</span> <span class='ocrx_word' id='word_1_275' title='bbox 922 2276 1134 2347; x_wconf 90' lang='lat' dir='ltr'>quiete,</span> <span class='ocrx_word' id='word_1_276' title='bbox 1152 2279 1209 2329; x_wconf 91' lang='lat' dir='ltr'>et</span> <span class='ocrx_word' id='word_1_277' title='bbox 1226 2275 1437 2329; x_wconf 88' lang='lat' dir='ltr'>timore</span> <span class='ocrx_word' id='word_1_278' title='bbox 1457 2272 1560 2328; x_wconf 90' lang='lat' dir='ltr'>Dei</span> <span class='ocrx_word' id='word_1_279' title='bbox 1583 2271 1664 2325; x_wconf 92' lang='lat' dir='ltr'>fui</span> <span class='ocrx_word' id='word_1_280' title='bbox 1689 2270 1746 2324; x_wconf 94' lang='lat' dir='ltr'>in</span> <span class='ocrx_word' id='word_1_281' title='bbox 1771 2265 2153 2337; x_wconf 89' lang='lat' dir='ltr'>subjectione,</span> <span class='ocrx_word' id='word_1_282' title='bbox 2173 2265 2230 2316; x_wconf 90' lang='lat' dir='ltr'>et</span> 
     </span>
    </p>
   </div>
   <div class='ocr_carea' id='block_1_23' title="bbox 580 2357 2230 2439">
    <p class='ocr_par' dir='ltr' id='par_1_23' title="bbox 580 2357 2230 2439">
     <span class='ocr_line' id='line_1_23' title="bbox 580 2357 2230 2439; baseline -0.013 -13"><span class='ocrx_word' id='word_1_283' title='bbox 580 2370 702 2426; x_wconf 89' lang='lat' dir='ltr'>scio</span> <span class='ocrx_word' id='word_1_284' title='bbox 733 2367 874 2439; x_wconf 90' lang='lat' dir='ltr'>quia</span> <span class='ocrx_word' id='word_1_285' title='bbox 902 2366 1063 2421; x_wconf 88' lang='lat' dir='ltr'>illius</span> <span class='ocrx_word' id='word_1_286' title='bbox 1094 2364 1325 2419; x_wconf 85' lang='lat' dir='ltr'>inﬁnita</span> <span class='ocrx_word' id='word_1_287' title='bbox 1356 2360 1588 2416; x_wconf 87' lang='lat' dir='ltr'>bonitas</span> <span class='ocrx_word' id='word_1_288' title='bbox 1620 2357 1806 2413; x_wconf 81' lang='lat' dir='ltr'>multa</span> <span class='ocrx_word' id='word_1_289' title='bbox 1836 2360 2072 2427; x_wconf 88' lang='lat' dir='ltr'>peccata</span> <span class='ocrx_word' id='word_1_290' title='bbox 2102 2368 2230 2407; x_wconf 91' lang='lat' dir='ltr'>mea</span> 
     </span>
    </p>
   </div>
   <div class='ocr_carea' id='block_1_24' title="bbox 579 2442 2229 2521">
    <p class='ocr_par' dir='ltr' id='par_1_24' title="bbox 579 2442 2229 2521">
     <span class='ocr_line' id='line_1_24' title="bbox 579 2442 2229 2521; baseline -0.012 -6"><span class='ocrx_word' id='word_1_291' title='bbox 579 2456 808 2515; x_wconf 88' lang='lat' dir='ltr'>remisit</span> <span class='ocrx_word' id='word_1_292' title='bbox 831 2455 975 2510; x_wconf 82' lang='lat' dir='ltr'>mihi</span> <span class='ocrx_word' id='word_1_293' title='bbox 993 2471 1006 2521; x_wconf 90' lang='lat'>;</span> <span class='ocrx_word' id='word_1_294' title='bbox 1025 2457 1423 2509; x_wconf 89' lang='lat' dir='ltr'>verumtamen</span> <span class='ocrx_word' id='word_1_295' title='bbox 1449 2448 1667 2521; x_wconf 89' lang='lat' dir='ltr'>aspicio</span> <span class='ocrx_word' id='word_1_296' title='bbox 1683 2446 1898 2518; x_wconf 72' lang='lat' dir='ltr'>saepius</span> <span class='ocrx_word' id='word_1_297' title='bbox 1918 2442 2229 2515; x_wconf 88' lang='lat' dir='ltr'>puerulum</span> 
     </span>
    </p>
   </div>
   <div class='ocr_carea' id='block_1_25' title="bbox 580 2531 2231 2611">
    <p class='ocr_par' dir='ltr' id='par_1_25' title="bbox 580 2531 2231 2611">
     <span class='ocr_line' id='line_1_25' title="bbox 580 2531 2231 2611; baseline -0.012 -8"><span class='ocrx_word' id='word_1_298' title='bbox 580 2551 892 2611; x_wconf 90' lang='lat' dir='ltr'>astantem,</span> <span class='ocrx_word' id='word_1_299' title='bbox 908 2548 965 2598; x_wconf 91' lang='lat' dir='ltr'>et</span> <span class='ocrx_word' id='word_1_300' title='bbox 981 2544 1273 2597; x_wconf 89' lang='lat' dir='ltr'>dicentem</span> <span class='ocrx_word' id='word_1_301' title='bbox 1300 2538 1469 2594; x_wconf 90' lang='lat' dir='ltr'>mihi:</span> <span class='ocrx_word' id='word_1_302' title='bbox 1493 2539 1607 2593; x_wconf 87' lang='lat' dir='ltr'>Cur</span> <span class='ocrx_word' id='word_1_303' title='bbox 1625 2553 1716 2591; x_wconf 91' lang='lat' dir='ltr'>me</span> <span class='ocrx_word' id='word_1_304' title='bbox 1734 2532 2001 2590; x_wconf 90' lang='lat' dir='ltr'>occidisti</span> <span class='ocrx_word' id='word_1_305' title='bbox 2021 2531 2047 2584; x_wconf 70' lang='lat'>‘2</span> <span class='ocrx_word' id='word_1_306' title='bbox 2069 2532 2231 2585; x_wconf 83' lang='lat' dir='ltr'>Hunc</span> 
     </span>
    </p>
   </div>
   <div class='ocr_carea' id='block_1_26' title="bbox 580 2619 2231 2704">
    <p class='ocr_par' dir='ltr' id='par_1_26' title="bbox 580 2619 2231 2704">
     <span class='ocr_line' id='line_1_26' title="bbox 580 2619 2231 2704; baseline -0.012 -11"><span class='ocrx_word' id='word_1_307' title='bbox 580 2642 775 2693; x_wconf 88' lang='lat' dir='ltr'>autem</span> <span class='ocrx_word' id='word_1_308' title='bbox 804 2633 1027 2704; x_wconf 87' lang='lat' dir='ltr'>aspicio</span> <span class='ocrx_word' id='word_1_309' title='bbox 1058 2632 1117 2686; x_wconf 92' lang='lat' dir='ltr'>in</span> <span class='ocrx_word' id='word_1_310' title='bbox 1152 2629 1398 2697; x_wconf 89' lang='lat' dir='ltr'>somnis,</span> <span class='ocrx_word' id='word_1_311' title='bbox 1424 2634 1481 2683; x_wconf 89' lang='lat' dir='ltr'>et</span> <span class='ocrx_word' id='word_1_312' title='bbox 1519 2627 1578 2681; x_wconf 93' lang='lat' dir='ltr'>in</span> <span class='ocrx_word' id='word_1_313' title='bbox 1617 2624 1883 2689; x_wconf 89' lang='lat' dir='ltr'>ecclesia,</span> <span class='ocrx_word' id='word_1_314' title='bbox 1904 2626 1961 2679; x_wconf 90' lang='lat' dir='ltr'>et</span> <span class='ocrx_word' id='word_1_315' title='bbox 1990 2637 2125 2676; x_wconf 90' lang='lat' dir='ltr'>cum</span> <span class='ocrx_word' id='word_1_316' title='bbox 2159 2619 2231 2673; x_wconf 90' lang='lat' dir='ltr'>ad</span> 
     </span>
    </p>
   </div>
   <div class='ocr_carea' id='block_1_27' title="bbox 582 2710 2232 2793">
    <p class='ocr_par' dir='ltr' id='par_1_27' title="bbox 582 2710 2232 2793">
     <span class='ocr_line' id='line_1_27' title="bbox 582 2710 2232 2793; baseline -0.012 -12"><span class='ocrx_word' id='word_1_317' title='bbox 582 2723 1061 2781; x_wconf 91' lang='lat' dir='ltr'>communionem</span> <span class='ocrx_word' id='word_1_318' title='bbox 1093 2735 1291 2793; x_wconf 75' lang='lat' dir='ltr'>pergo,</span> <span class='ocrx_word' id='word_1_319' title='bbox 1315 2722 1372 2772; x_wconf 90' lang='lat' dir='ltr'>et</span> <span class='ocrx_word' id='word_1_320' title='bbox 1415 2717 1473 2770; x_wconf 93' lang='lat' dir='ltr'>in</span> <span class='ocrx_word' id='word_1_321' title='bbox 1508 2712 1810 2769; x_wconf 82' lang='lat' dir='ltr'>refectorio</span> <span class='ocrx_word' id='word_1_322' title='bbox 1853 2712 1975 2766; x_wconf 68' lang='lat' dir='ltr'>haec</span> <span class='ocrx_word' id='word_1_323' title='bbox 2028 2710 2232 2765; x_wconf 89' lang='lat' dir='ltr'>eadem</span> 
     </span>
    </p>
   </div>
   <div class='ocr_carea' id='block_1_28' title="bbox 584 2798 2234 2877">
    <p class='ocr_par' dir='ltr' id='par_1_28' title="bbox 584 2798 2234 2877">
     <span class='ocr_line' id='line_1_28' title="bbox 584 2798 2234 2877; baseline -0.012 -8"><span class='ocrx_word' id='word_1_324' title='bbox 584 2812 730 2870; x_wconf 87' lang='lat' dir='ltr'>nihil</span> <span class='ocrx_word' id='word_1_325' title='bbox 759 2812 1049 2867; x_wconf 89' lang='lat' dir='ltr'>dicentem</span> <span class='ocrx_word' id='word_1_326' title='bbox 1076 2828 1090 2877; x_wconf 85' lang='lat'>;</span> <span class='ocrx_word' id='word_1_327' title='bbox 1114 2813 1171 2863; x_wconf 92' lang='lat' dir='ltr'>et</span> <span class='ocrx_word' id='word_1_328' title='bbox 1200 2806 1286 2863; x_wconf 92' lang='lat' dir='ltr'>vel</span> <span class='ocrx_word' id='word_1_329' title='bbox 1319 2822 1437 2861; x_wconf 87' lang='lat' dir='ltr'>una</span> <span class='ocrx_word' id='word_1_330' title='bbox 1459 2804 1601 2859; x_wconf 88' lang='lat' dir='ltr'>hora</span> <span class='ocrx_word' id='word_1_331' title='bbox 1623 2820 1737 2858; x_wconf 91' lang='lat' dir='ltr'>non</span> <span class='ocrx_word' id='word_1_332' title='bbox 1773 2801 1914 2857; x_wconf 89' lang='lat' dir='ltr'>sinit</span> <span class='ocrx_word' id='word_1_333' title='bbox 1948 2816 2038 2854; x_wconf 90' lang='lat' dir='ltr'>me</span> <span class='ocrx_word' id='word_1_334' title='bbox 2071 2798 2234 2869; x_wconf 90' lang='lat' dir='ltr'>quie-</span> 
     </span>
    </p>
   </div>
   <div class='ocr_carea' id='block_1_29' title="bbox 585 2885 2233 2969">
    <p class='ocr_par' dir='ltr' id='par_1_29' title="bbox 585 2885 2233 2969">
     <span class='ocr_line' id='line_1_29' title="bbox 585 2885 2233 2969; baseline -0.011 -11"><span class='ocrx_word' id='word_1_335' title='bbox 585 2918 768 2959; x_wconf 90' lang='lat' dir='ltr'>scere.</span> <span class='ocrx_word' id='word_1_336' title='bbox 786 2902 916 2955; x_wconf 91' lang='lat' dir='ltr'>Ideo</span> <span class='ocrx_word' id='word_1_337' title='bbox 952 2900 1170 2969; x_wconf 86' lang='lat' dir='ltr'>itaque,</span> <span class='ocrx_word' id='word_1_338' title='bbox 1197 2896 1385 2962; x_wconf 89' lang='lat' dir='ltr'>Pater,</span> <span class='ocrx_word' id='word_1_339' title='bbox 1414 2894 1575 2948; x_wconf 89' lang='lat' dir='ltr'>abire</span> <span class='ocrx_word' id='word_1_340' title='bbox 1598 2892 1748 2955; x_wconf 88' lang='lat' dir='ltr'>volo,</span> <span class='ocrx_word' id='word_1_341' title='bbox 1772 2896 1833 2945; x_wconf 92' lang='lat' dir='ltr'>ut</span> <span class='ocrx_word' id='word_1_342' title='bbox 1864 2906 1966 2961; x_wconf 91' lang='lat' dir='ltr'>pro</span> <span class='ocrx_word' id='word_1_343' title='bbox 1991 2885 2233 2960; x_wconf 91' lang='lat' dir='ltr'>puerulo</span> 
     </span>
    </p>
   </div>
   <div class='ocr_carea' id='block_1_30' title="bbox 588 2978 2234 3054">
    <p class='ocr_par' dir='ltr' id='par_1_30' title="bbox 588 2978 2234 3054">
     <span class='ocr_line' id='line_1_30' title="bbox 588 2978 2234 3054; baseline -0.011 -7"><span class='ocrx_word' id='word_1_344' title='bbox 588 2990 827 3048; x_wconf 90' lang='lat' dir='ltr'>moriar.</span> <span class='ocrx_word' id='word_1_345' title='bbox 854 2990 1093 3044; x_wconf 86' lang='lat' dir='ltr'>Frustra</span> <span class='ocrx_word' id='word_1_346' title='bbox 1122 2985 1300 3054; x_wconf 91' lang='lat' dir='ltr'>enim,</span> <span class='ocrx_word' id='word_1_347' title='bbox 1320 2983 1519 3040; x_wconf 87' lang='lat' dir='ltr'>etsine</span> <span class='ocrx_word' id='word_1_348' title='bbox 1541 2981 1660 3037; x_wconf 89' lang='lat' dir='ltr'>ulla</span> <span class='ocrx_word' id='word_1_349' title='bbox 1681 2997 1858 3035; x_wconf 89' lang='lat' dir='ltr'>causa</span> <span class='ocrx_word' id='word_1_350' title='bbox 1880 2978 2065 3033; x_wconf 88' lang='lat' dir='ltr'>occidi</span> <span class='ocrx_word' id='word_1_351' title='bbox 2092 2992 2234 3047; x_wconf 91' lang='lat' dir='ltr'>pue-</span> 
     </span>
    </p>
   </div>
   <div class='ocr_carea' id='block_1_31' title="bbox 590 3066 2233 3149">
    <p class='ocr_par' dir='ltr' id='par_1_31' title="bbox 590 3066 2233 3149">
     <span class='ocr_line' id='line_1_31' title="bbox 590 3066 2233 3149; baseline -0.01 -14"><span class='ocrx_word' id='word_1_352' title='bbox 590 3076 1031 3149; x_wconf 30' lang='lat' dir='ltr'>rulum’ipsum.</span> <span class='ocrx_word' id='word_1_353' title='bbox 1060 3074 1327 3146; x_wconf 85' lang='lat' dir='ltr'>Sumptis</span> <span class='ocrx_word' id='word_1_354' title='bbox 1350 3089 1488 3145; x_wconf 88' lang='lat' dir='ltr'>ergo</span> <span class='ocrx_word' id='word_1_355' title='bbox 1519 3068 2052 3139; x_wconf 84' lang='lat' dir='ltr'>vestimentissuis,</span> <span class='ocrx_word' id='word_1_356' title='bbox 2077 3066 2233 3121; x_wconf 75' lang='lat' dir='ltr'>exiit.</span> 
     </span>
    </p>
   </div>
   <div class='ocr_carea' id='block_1_32' title="bbox 594 3157 2239 3233">
    <p class='ocr_par' dir='ltr' id='par_1_32' title="bbox 594 3157 2239 3233">
     <span class='ocr_line' id='line_1_32' title="bbox 594 3157 2239 3233; baseline -0.01 -9"><span class='ocrx_word' id='word_1_357' title='bbox 594 3170 822 3224; x_wconf 89' lang='lat' dir='ltr'>Etcum</span> <span class='ocrx_word' id='word_1_358' title='bbox 855 3167 939 3222; x_wconf 88' lang='lat' dir='ltr'>sic</span> <span class='ocrx_word' id='word_1_359' title='bbox 969 3165 1215 3220; x_wconf 90' lang='lat' dir='ltr'>indutus</span> <span class='ocrx_word' id='word_1_360' title='bbox 1249 3157 1888 3233; x_wconf 82' lang='lat' dir='ltr'>pergeret-Diospolim,</span> <span class='ocrx_word' id='word_1_361' title='bbox 1921 3160 2119 3212; x_wconf 87' lang='lat' dir='ltr'>tentus</span> <span class='ocrx_word' id='word_1_362' title='bbox 2150 3158 2239 3210; x_wconf 89' lang='lat' dir='ltr'>est</span> 
     </span>
    </p>
   </div>
   <div class='ocr_carea' id='block_1_33' title="bbox 594 3251 1443 3329">
    <p class='ocr_par' dir='ltr' id='par_1_33' title="bbox 594 3251 1443 3329">
     <span class='ocr_line' id='line_1_33' title="bbox 594 3251 1443 3329; baseline -0.009 -15"><span class='ocrx_word' id='word_1_363' title='bbox 594 3265 648 3314; x_wconf 90' lang='lat' dir='ltr'>et</span> <span class='ocrx_word' id='word_1_364' title='bbox 677 3256 947 3329; x_wconf 87' lang='lat' dir='ltr'>sequenti</span> <span class='ocrx_word' id='word_1_365' title='bbox 979 3255 1072 3310; x_wconf 93' lang='lat' dir='ltr'>die</span> <span class='ocrx_word' id='word_1_366' title='bbox 1102 3251 1443 3309; x_wconf 83' lang='lat' dir='ltr'>deoollatus.</span> 
     </span>
    </p>
   </div>
   <div class='ocr_carea' id='block_1_34' title="bbox 1155 3390 1685 3451">
    <p class='ocr_par' dir='ltr' id='par_1_34' title="bbox 1155 3390 1685 3451">
     <span class='ocr_line' id='line_1_34' title="bbox 1155 3390 1685 3451; baseline -0.009 0"><span class='ocrx_word' id='word_1_367' title='bbox 1155 3392 1388 3451; x_wconf 87' lang='lat' dir='ltr'>CAPUT</span> <span class='ocrx_word' id='word_1_368' title='bbox 1422 3390 1685 3447; x_wconf 87' lang='lat' dir='ltr'>CLXVII.</span> 
     </span>
    </p>
   </div>
   <div class='ocr_carea' id='block_1_35' title="bbox 814 3494 2027 3561">
    <p class='ocr_par' dir='ltr' id='par_1_35' title="bbox 814 3494 2027 3561">
     <span class='ocr_line' id='line_1_35' title="bbox 814 3494 2027 3561; baseline -0.011 0"><span class='ocrx_word' id='word_1_369' title='bbox 814 3504 935 3561; x_wconf 78' lang='lat' dir='ltr'>Vita</span> <span class='ocrx_word' id='word_1_370' title='bbox 964 3512 1015 3560; x_wconf 78' lang='lat' dir='ltr'>et</span> <span class='ocrx_word' id='word_1_371' title='bbox 1042 3518 1187 3559; x_wconf 87' lang='lat' dir='ltr'>mors</span> <span class='ocrx_word' id='word_1_372' title='bbox 1218 3501 1431 3557; x_wconf 79' lang='lat' dir='ltr'>abbatis</span> <span class='ocrx_word' id='word_1_373' title='bbox 1460 3496 1727 3554; x_wconf 68' lang='lat' dir='ltr'>Pwmenis</span> <span class='ocrx_word' id='word_1_374' title='bbox 1756 3494 2027 3551; x_wconf 78' lang='lat' dir='ltr'>solitarii.</span> 
     </span>
    </p>
   </div>
   <div class='ocr_carea' id='block_1_36' title="bbox 668 3635 2243 3716">
    <p class='ocr_par' dir='ltr' id='par_1_36' title="bbox 668 3635 2243 3716">
     <span class='ocr_line' id='line_1_36' title="bbox 668 3635 2243 3716; baseline -0.008 -12"><span class='ocrx_word' id='word_1_375' title='bbox 668 3648 908 3704; x_wconf 72' lang='lat' dir='ltr'>Dicebit</span> <span class='ocrx_word' id='word_1_376' title='bbox 938 3647 1117 3702; x_wconf 89' lang='lat' dir='ltr'>abbas</span> <span class='ocrx_word' id='word_1_377' title='bbox 1140 3642 1559 3716; x_wconf 82' lang='lat' dir='ltr'>Agathonicus,</span> <span class='ocrx_word' id='word_1_378' title='bbox 1579 3640 1822 3696; x_wconf 87' lang='lat' dir='ltr'>antistes</span> <span class='ocrx_word' id='word_1_379' title='bbox 1846 3635 2093 3694; x_wconf 75' lang='lat' dir='ltr'>omnobii</span> <span class='ocrx_word' id='word_1_380' title='bbox 2117 3652 2243 3692; x_wconf 82' lang='lat' dir='ltr'>cas-</span> 
     </span>
    </p>
   </div>
   <div class='ocr_carea' id='block_1_37' title="bbox 595 3726 2244 3798">
    <p class='ocr_par' dir='ltr' id='par_1_37' title="bbox 595 3726 2244 3798">
     <span class='ocr_line' id='line_1_37' title="bbox 595 3726 2244 3798; baseline -0.009 -5"><span class='ocrx_word' id='word_1_381' title='bbox 595 3737 718 3793; x_wconf 89' lang='lat' dir='ltr'>telli</span> <span class='ocrx_word' id='word_1_382' title='bbox 743 3736 930 3792; x_wconf 86' lang='lat' dir='ltr'>sancti</span> <span class='ocrx_word' id='word_1_383' title='bbox 955 3734 1137 3790; x_wconf 88' lang='lat' dir='ltr'>Patris</span> <span class='ocrx_word' id='word_1_384' title='bbox 1162 3732 1338 3789; x_wconf 83' lang='lat' dir='ltr'>nostri</span> <span class='ocrx_word' id='word_1_385' title='bbox 1360 3733 1552 3788; x_wconf 78' lang='lat' dir='ltr'>Sabae:</span> <span class='ocrx_word' id='word_1_386' title='bbox 1580 3730 1854 3786; x_wconf 90' lang='lat' dir='ltr'>Descendi</span> <span class='ocrx_word' id='word_1_387' title='bbox 1874 3728 1965 3784; x_wconf 91' lang='lat' dir='ltr'>die</span> <span class='ocrx_word' id='word_1_388' title='bbox 1990 3726 2244 3798; x_wconf 87' lang='lat' dir='ltr'>quadam</span> 
     </span>
    </p>
   </div>
   <div class='ocr_carea' id='block_1_38' title="bbox 597 3815 2248 3896">
    <p class='ocr_par' dir='ltr' id='par_1_38' title="bbox 597 3815 2248 3896">
     <span class='ocr_line' id='line_1_38' title="bbox 597 3815 2248 3896; baseline -0.008 -15"><span class='ocrx_word' id='word_1_389' title='bbox 597 3826 657 3881; x_wconf 91' lang='lat' dir='ltr'>in</span> <span class='ocrx_word' id='word_1_390' title='bbox 685 3827 944 3891; x_wconf 84' lang='lat' dir='ltr'>Ruba,ut</span> <span class='ocrx_word' id='word_1_391' title='bbox 974 3839 1277 3896; x_wconf 84' lang='lat' dir='ltr'>pergerem</span> <span class='ocrx_word' id='word_1_392' title='bbox 1301 3823 1369 3877; x_wconf 91' lang='lat' dir='ltr'>ad</span> <span class='ocrx_word' id='word_1_393' title='bbox 1396 3822 1666 3876; x_wconf 88' lang='lat' dir='ltr'>abbatem</span> <span class='ocrx_word' id='word_1_394' title='bbox 1694 3824 2019 3874; x_wconf 83' lang='lat' dir='ltr'>Poemenem</span> <span class='ocrx_word' id='word_1_395' title='bbox 2047 3815 2248 3871; x_wconf 89' lang='lat' dir='ltr'>solita-</span> 
     </span>
    </p>
   </div>
   <div class='ocr_carea' id='block_1_39' title="bbox 600 3906 2247 3986">
    <p class='ocr_par' dir='ltr' id='par_1_39' title="bbox 600 3906 2247 3986">
     <span class='ocr_line' id='line_1_39' title="bbox 600 3906 2247 3986; baseline -0.008 -14"><span class='ocrx_word' id='word_1_396' title='bbox 600 3917 779 3973; x_wconf 90' lang='lat' dir='ltr'>rium.</span> <span class='ocrx_word' id='word_1_397' title='bbox 800 3916 945 3970; x_wconf 89' lang='lat' dir='ltr'>Cum</span> <span class='ocrx_word' id='word_1_398' title='bbox 971 3931 1107 3986; x_wconf 89' lang='lat' dir='ltr'>ergo</span> <span class='ocrx_word' id='word_1_399' title='bbox 1130 3912 1480 3985; x_wconf 89' lang='lat' dir='ltr'>reperissem</span> <span class='ocrx_word' id='word_1_400' title='bbox 1496 3927 1655 3975; x_wconf 89' lang='lat' dir='ltr'>eum,</span> <span class='ocrx_word' id='word_1_401' title='bbox 1673 3916 1729 3963; x_wconf 84' lang='lat' dir='ltr'>et</span> <span class='ocrx_word' id='word_1_402' title='bbox 1750 3908 2026 3963; x_wconf 86' lang='lat' dir='ltr'>dixissem</span> <span class='ocrx_word' id='word_1_403' title='bbox 2051 3906 2132 3960; x_wconf 90' lang='lat' dir='ltr'>illi</span> <span class='ocrx_word' id='word_1_404' title='bbox 2154 3920 2247 3959; x_wconf 93' lang='lat' dir='ltr'>co-</span> 
     </span>
    </p>
   </div>
   <div class='ocr_carea' id='block_1_40' title="bbox 602 3995 2247 4077">
    <p class='ocr_par' dir='ltr' id='par_1_40' title="bbox 602 3995 2247 4077">
     <span class='ocr_line' id='line_1_40' title="bbox 602 3995 2247 4077; baseline -0.008 -17"><span class='ocrx_word' id='word_1_405' title='bbox 602 4005 916 4077; x_wconf 88' lang='lat' dir='ltr'>gitationes</span> <span class='ocrx_word' id='word_1_406' title='bbox 932 4019 1255 4068; x_wconf 86' lang='lat' dir='ltr'>meas,sero</span> <span class='ocrx_word' id='word_1_407' title='bbox 1270 4001 1497 4055; x_wconf 88' lang='lat' dir='ltr'>dimisit</span> <span class='ocrx_word' id='word_1_408' title='bbox 1514 4015 1604 4053; x_wconf 92' lang='lat' dir='ltr'>me</span> <span class='ocrx_word' id='word_1_409' title='bbox 1621 3998 1679 4052; x_wconf 89' lang='lat' dir='ltr'>in</span> <span class='ocrx_word' id='word_1_410' title='bbox 1697 4014 1870 4052; x_wconf 90' lang='lat' dir='ltr'>unam</span> <span class='ocrx_word' id='word_1_411' title='bbox 1889 3995 2247 4067; x_wconf 81' lang='lat' dir='ltr'>speluncam;</span> 
     </span>
    </p>
   </div>
   <div class='ocr_carea' id='block_1_41' title="bbox 603 4084 2247 4160">
    <p class='ocr_par' dir='ltr' id='par_1_41' title="bbox 603 4084 2247 4160">
     <span class='ocr_line' id='line_1_41' title="bbox 603 4084 2247 4160; baseline -0.007 -11"><span class='ocrx_word' id='word_1_412' title='bbox 603 4100 726 4150; x_wconf 88' lang='lat' dir='ltr'>erat</span> <span class='ocrx_word' id='word_1_413' title='bbox 741 4099 933 4148; x_wconf 91' lang='lat' dir='ltr'>autem</span> <span class='ocrx_word' id='word_1_414' title='bbox 952 4090 1401 4160; x_wconf 84' lang='lat' dir='ltr'>hiems;l’uitque</span> <span class='ocrx_word' id='word_1_415' title='bbox 1418 4086 1697 4143; x_wconf 88' lang='lat' dir='ltr'>nocteilla</span> <span class='ocrx_word' id='word_1_416' title='bbox 1712 4086 1897 4157; x_wconf 85' lang='lat' dir='ltr'>frigus</span> <span class='ocrx_word' id='word_1_417' title='bbox 1914 4084 2247 4149; x_wconf 85' lang='lat' dir='ltr'>maximum,</span> 
     </span>
    </p>
   </div>
   <div class='ocr_carea' id='block_1_42' title="bbox 605 4176 2250 4252">
    <p class='ocr_par' dir='ltr' id='par_1_42' title="bbox 605 4176 2250 4252">
     <span class='ocr_line' id='line_1_42' title="bbox 605 4176 2250 4252; baseline -0.007 -13"><span class='ocrx_word' id='word_1_418' title='bbox 605 4201 670 4239; x_wconf 89' lang='lat' dir='ltr'>ac</span> <span class='ocrx_word' id='word_1_419' title='bbox 700 4182 880 4237; x_wconf 91' lang='lat' dir='ltr'>nimia</span> <span class='ocrx_word' id='word_1_420' title='bbox 910 4182 961 4235; x_wconf 91' lang='lat' dir='ltr'>vi</span> <span class='ocrx_word' id='word_1_421' title='bbox 994 4180 1209 4252; x_wconf 89' lang='lat' dir='ltr'>algoris</span> <span class='ocrx_word' id='word_1_422' title='bbox 1237 4178 1443 4249; x_wconf 88' lang='lat' dir='ltr'>obrigi.</span> <span class='ocrx_word' id='word_1_423' title='bbox 1468 4176 1722 4232; x_wconf 88' lang='lat' dir='ltr'>Veniens</span> <span class='ocrx_word' id='word_1_424' title='bbox 1747 4192 1882 4246; x_wconf 86' lang='lat' dir='ltr'>ergo</span> <span class='ocrx_word' id='word_1_425' title='bbox 1906 4176 1973 4229; x_wconf 89' lang='lat' dir='ltr'>ad</span> <span class='ocrx_word' id='word_1_426' title='bbox 2012 4190 2104 4228; x_wconf 92' lang='lat' dir='ltr'>me</span> <span class='ocrx_word' id='word_1_427' title='bbox 2128 4189 2250 4227; x_wconf 88' lang='lat' dir='ltr'>ma-</span> 
     </span>
    </p>
   </div>
   <div class='ocr_carea' id='block_1_43' title="bbox 604 4262 2250 4335">
    <p class='ocr_par' dir='ltr' id='par_1_43' title="bbox 604 4262 2250 4335">
     <span class='ocr_line' id='line_1_43' title="bbox 604 4262 2250 4335; baseline -0.006 -8"><span class='ocrx_word' id='word_1_428' title='bbox 604 4288 678 4327; x_wconf 89' lang='lat' dir='ltr'>ne</span> <span class='ocrx_word' id='word_1_429' title='bbox 710 4271 925 4335; x_wconf 88' lang='lat' dir='ltr'>senior,</span> <span class='ocrx_word' id='word_1_430' title='bbox 959 4269 1038 4323; x_wconf 83' lang='lat' dir='ltr'>ait</span> <span class='ocrx_word' id='word_1_431' title='bbox 1071 4268 1252 4323; x_wconf 81' lang='lat' dir='ltr'>mihi:</span> <span class='ocrx_word' id='word_1_432' title='bbox 1288 4266 1433 4330; x_wconf 86' lang='lat' dir='ltr'>Quid</span> <span class='ocrx_word' id='word_1_433' title='bbox 1468 4271 1576 4331; x_wconf 90' lang='lat' dir='ltr'>est,</span> <span class='ocrx_word' id='word_1_434' title='bbox 1612 4264 1693 4319; x_wconf 87' lang='lat' dir='ltr'>ﬁli</span> <span class='ocrx_word' id='word_1_435' title='bbox 1718 4269 1739 4320; x_wconf 79' lang='grc' dir='ltr'><em>Ρ</em></span> <span class='ocrx_word' id='word_1_436' title='bbox 1768 4266 1870 4319; x_wconf 90' lang='lat' dir='ltr'>Aio</span> <span class='ocrx_word' id='word_1_437' title='bbox 1923 4264 1991 4318; x_wconf 89' lang='lat' dir='ltr'>ad</span> <span class='ocrx_word' id='word_1_438' title='bbox 2042 4262 2250 4317; x_wconf 90' lang='lat' dir='ltr'>illum:</span> 
     </span>
    </p>
   </div>
   <div class='ocr_carea' id='block_1_44' title="bbox 602 4350 2251 4432">
    <p class='ocr_par' dir='ltr' id='par_1_44' title="bbox 602 4350 2251 4432">
     <span class='ocr_line' id='line_1_44' title="bbox 602 4350 2251 4432; baseline -0.006 -17"><span class='ocrx_word' id='word_1_439' title='bbox 602 4361 844 4432; x_wconf 86' lang='lat' dir='ltr'>Ignosce</span> <span class='ocrx_word' id='word_1_440' title='bbox 881 4357 1049 4425; x_wconf 90' lang='lat' dir='ltr'>mihi,</span> <span class='ocrx_word' id='word_1_441' title='bbox 1072 4358 1261 4423; x_wconf 86' lang='lat' dir='ltr'>Pater,</span> <span class='ocrx_word' id='word_1_442' title='bbox 1288 4356 1497 4410; x_wconf 87' lang='lat' dir='ltr'>duram</span> <span class='ocrx_word' id='word_1_443' title='bbox 1555 4354 1767 4425; x_wconf 88' lang='lat' dir='ltr'>pertuli</span> <span class='ocrx_word' id='word_1_444' title='bbox 1797 4359 2024 4408; x_wconf 90' lang='lat' dir='ltr'>noctem</span> <span class='ocrx_word' id='word_1_445' title='bbox 2059 4368 2127 4406; x_wconf 89' lang='lat' dir='ltr'>ex</span> <span class='ocrx_word' id='word_1_446' title='bbox 2152 4350 2251 4405; x_wconf 88' lang='lat' dir='ltr'>fri-</span> 
     </span>
    </p>
   </div>
   <div class='ocr_carea' id='block_1_45' title="bbox 600 4441 2253 4523">
    <p class='ocr_par' dir='ltr' id='par_1_45' title="bbox 600 4441 2253 4523">
     <span class='ocr_line' id='line_1_45' title="bbox 600 4441 2253 4523; baseline -0.007 -17"><span class='ocrx_word' id='word_1_447' title='bbox 600 4466 758 4523; x_wconf 88' lang='lat' dir='ltr'>gore.</span> <span class='ocrx_word' id='word_1_448' title='bbox 786 4447 938 4504; x_wconf 83' lang='lat' dir='ltr'>Dixit</span> <span class='ocrx_word' id='word_1_449' title='bbox 958 4451 1151 4503; x_wconf 86' lang='lat' dir='ltr'>autem</span> <span class='ocrx_word' id='word_1_450' title='bbox 1178 4446 1321 4501; x_wconf 88' lang='lat' dir='ltr'>mihi</span> <span class='ocrx_word' id='word_1_451' title='bbox 1342 4448 1507 4516; x_wconf 87' lang='lat' dir='ltr'>:Ego,</span> <span class='ocrx_word' id='word_1_452' title='bbox 1531 4444 1635 4506; x_wconf 87' lang='lat' dir='ltr'>ﬁli,</span> <span class='ocrx_word' id='word_1_453' title='bbox 1659 4444 1843 4515; x_wconf 83' lang='lat' dir='ltr'>frigus</span> <span class='ocrx_word' id='word_1_454' title='bbox 1868 4441 2096 4497; x_wconf 89' lang='lat' dir='ltr'>nullum</span> <span class='ocrx_word' id='word_1_455' title='bbox 2125 4458 2253 4496; x_wconf 84' lang='lat' dir='ltr'>sen-</span> 
     </span>
    </p>
   </div>
   <div class='ocr_carea' id='block_1_46' title="bbox 601 4531 2250 4603">
    <p class='ocr_par' dir='ltr' id='par_1_46' title="bbox 601 4531 2250 4603">
     <span class='ocr_line' id='line_1_46' title="bbox 601 4531 2250 4603; baseline -0.005 -11"><span class='ocrx_word' id='word_1_456' title='bbox 601 4538 673 4593; x_wconf 87' lang='lat' dir='ltr'>si.</span> <span class='ocrx_word' id='word_1_457' title='bbox 705 4538 949 4592; x_wconf 89' lang='lat' dir='ltr'>Miratus</span> <span class='ocrx_word' id='word_1_458' title='bbox 981 4554 1110 4592; x_wconf 89' lang='lat' dir='ltr'>sum</span> <span class='ocrx_word' id='word_1_459' title='bbox 1138 4536 1302 4589; x_wconf 86' lang='lat' dir='ltr'>valde</span> <span class='ocrx_word' id='word_1_460' title='bbox 1326 4534 1433 4588; x_wconf 89' lang='lat' dir='ltr'>hoc</span> <span class='ocrx_word' id='word_1_461' title='bbox 1465 4534 1731 4601; x_wconf 84' lang='lat' dir='ltr'>audiens,</span> <span class='ocrx_word' id='word_1_462' title='bbox 1752 4540 1870 4587; x_wconf 87' lang='lat' dir='ltr'>erat</span> <span class='ocrx_word' id='word_1_463' title='bbox 1904 4531 2119 4603; x_wconf 87' lang='lat' dir='ltr'>quippe</span> <span class='ocrx_word' id='word_1_464' title='bbox 2142 4546 2250 4585; x_wconf 90' lang='lat' dir='ltr'>nu-</span> 
     </span>
    </p>
   </div>
   <div class='ocr_carea' id='block_1_47' title="bbox 2337 1994 2683 2056">
    <p class='ocr_par' dir='ltr' id='par_1_47' title="bbox 2337 1994 2683 2056">
     <span class='ocr_line' id='line_1_47' title="bbox 2337 1994 2683 2056; baseline 0.017 -7"><span class='ocrx_word' id='word_1_465' title='bbox 2337 1994 2548 2051; x_wconf 86' lang='lat' dir='ltr'>beoilla</span> <span class='ocrx_word' id='word_1_466' title='bbox 2577 2005 2683 2056; x_wconf 83' lang='lat' dir='ltr'>est.</span> 
     </span>
    </p>
   </div>
   <div class='ocr_carea' id='block_1_48' title="bbox 2406 2086 3958 2152">
    <p class='ocr_par' dir='ltr' id='par_1_48' title="bbox 2406 2086 3958 2152">
     <span class='ocr_line' id='line_1_48' title="bbox 2406 2086 3958 2152; baseline 0.004 -13"><span class='ocrx_word' id='word_1_467' title='bbox 2406 2086 2564 2141; x_wconf 82' lang='lat' dir='ltr'>Dixit</span> <span class='ocrx_word' id='word_1_468' title='bbox 2593 2089 2802 2147; x_wconf 90' lang='lat' dir='ltr'>iterum</span> <span class='ocrx_word' id='word_1_469' title='bbox 2830 2109 2842 2147; x_wconf 90' lang='lat'>:</span> <span class='ocrx_word' id='word_1_470' title='bbox 2872 2094 3123 2151; x_wconf 85' lang='lat' dir='ltr'>Multum</span> <span class='ocrx_word' id='word_1_471' title='bbox 3156 2097 3462 2152; x_wconf 87' lang='lat' dir='ltr'>comedere</span> <span class='ocrx_word' id='word_1_472' title='bbox 3489 2100 3547 2152; x_wconf 88' lang='lat' dir='ltr'>et</span> <span class='ocrx_word' id='word_1_473' title='bbox 3575 2095 3772 2150; x_wconf 88' lang='lat' dir='ltr'>bibere</span> <span class='ocrx_word' id='word_1_474' title='bbox 3799 2096 3851 2148; x_wconf 85' lang='lat' dir='ltr'>et</span> <span class='ocrx_word' id='word_1_475' title='bbox 3874 2091 3958 2145; x_wconf 86' lang='lat' dir='ltr'>be-</span> 
     </span>
    </p>
   </div>
   <div class='ocr_carea' id='block_1_49' title="bbox 2338 2178 3960 2253">
    <p class='ocr_par' dir='ltr' id='par_1_49' title="bbox 2338 2178 3960 2253">
     <span class='ocr_line' id='line_1_49' title="bbox 2338 2178 3960 2253; baseline 0.002 -24"><span class='ocrx_word' id='word_1_476' title='bbox 2338 2192 2410 2230; x_wconf 91' lang='lat' dir='ltr'>ne</span> <span class='ocrx_word' id='word_1_477' title='bbox 2441 2178 2637 2233; x_wconf 86' lang='lat' dir='ltr'>vestiri</span> <span class='ocrx_word' id='word_1_478' title='bbox 2673 2197 2991 2251; x_wconf 87' lang='lat' dir='ltr'>possumus</span> <span class='ocrx_word' id='word_1_479' title='bbox 3017 2203 3032 2253; x_wconf 89' lang='lat'>;</span> <span class='ocrx_word' id='word_1_480' title='bbox 3058 2185 3353 2241; x_wconf 86' lang='lat' dir='ltr'>abstinere</span> <span class='ocrx_word' id='word_1_481' title='bbox 3380 2190 3581 2242; x_wconf 91' lang='lat' dir='ltr'>autem</span> <span class='ocrx_word' id='word_1_482' title='bbox 3604 2188 3663 2241; x_wconf 90' lang='lat' dir='ltr'>et</span> <span class='ocrx_word' id='word_1_483' title='bbox 3690 2178 3960 2239; x_wconf 84' lang='lat' dir='ltr'>humiliari</span> 
     </span>
    </p>
   </div>
   <div class='ocr_carea' id='block_1_50' title="bbox 2339 2266 2769 2327">
    <p class='ocr_par' dir='ltr' id='par_1_50' title="bbox 2339 2266 2769 2327">
     <span class='ocr_line' id='line_1_50' title="bbox 2339 2266 2769 2327; baseline 0.016 -7"><span class='ocrx_word' id='word_1_484' title='bbox 2339 2282 2455 2321; x_wconf 90' lang='lat' dir='ltr'>non</span> <span class='ocrx_word' id='word_1_485' title='bbox 2487 2266 2769 2327; x_wconf 91' lang='lat' dir='ltr'>valemus.</span> 
     </span>
    </p>
   </div>
   <div class='ocr_carea' id='block_1_51' title="bbox 2412 2357 3958 2435">
    <p class='ocr_par' dir='ltr' id='par_1_51' title="bbox 2412 2357 3958 2435">
     <span class='ocr_line' id='line_1_51' title="bbox 2412 2357 3958 2435; baseline 0.003 -24"><span class='ocrx_word' id='word_1_486' title='bbox 2412 2357 2637 2414; x_wconf 81' lang='lat' dir='ltr'>Rursus</span> <span class='ocrx_word' id='word_1_487' title='bbox 2660 2360 2942 2417; x_wconf 69' lang='lat' dir='ltr'>dixit:Vae</span> <span class='ocrx_word' id='word_1_488' title='bbox 2966 2363 3095 2435; x_wconf 90' lang='lat' dir='ltr'>tibi,</span> <span class='ocrx_word' id='word_1_489' title='bbox 3120 2364 3568 2431; x_wconf 63' lang='lat' dir='ltr'>Alexander,v&amp;e</span> <span class='ocrx_word' id='word_1_490' title='bbox 3593 2363 3697 2420; x_wconf 88' lang='lat' dir='ltr'>tibi</span> <span class='ocrx_word' id='word_1_491' title='bbox 3725 2387 3740 2431; x_wconf 84' lang='lat'>;</span> <span class='ocrx_word' id='word_1_492' title='bbox 3763 2362 3958 2433; x_wconf 86' lang='lat' dir='ltr'>quanta</span> 
     </span>
    </p>
   </div>
   <div class='ocr_carea' id='block_1_52' title="bbox 2339 2446 3846 2524">
    <p class='ocr_par' dir='ltr' id='par_1_52' title="bbox 2339 2446 3846 2524">
     <span class='ocr_line' id='line_1_52' title="bbox 2339 2446 3846 2524; baseline 0.003 -23"><span class='ocrx_word' id='word_1_493' title='bbox 2339 2446 2449 2501; x_wconf 89' lang='lat' dir='ltr'>erit</span> <span class='ocrx_word' id='word_1_494' title='bbox 2479 2447 2744 2506; x_wconf 83' lang='lat' dir='ltr'>confusio</span> <span class='ocrx_word' id='word_1_495' title='bbox 2774 2454 2874 2507; x_wconf 90' lang='lat' dir='ltr'>tua</span> <span class='ocrx_word' id='word_1_496' title='bbox 2905 2454 3141 2524; x_wconf 88' lang='lat' dir='ltr'>quando</span> <span class='ocrx_word' id='word_1_497' title='bbox 3174 2455 3363 2510; x_wconf 67' lang='lat' dir='ltr'>caeteri</span> <span class='ocrx_word' id='word_1_498' title='bbox 3398 2455 3846 2511; x_wconf 78' lang='lat' dir='ltr'>coronabantur.</span> 
     </span>
    </p>
   </div>
   <div class='ocr_carea' id='block_1_53' title="bbox 2914 2560 3416 2618">
    <p class='ocr_par' dir='ltr' id='par_1_53' title="bbox 2914 2560 3416 2618">
     <span class='ocr_line' id='line_1_53' title="bbox 2914 2560 3416 2618; baseline 0.006 -5"><span class='ocrx_word' id='word_1_499' title='bbox 2914 2560 3145 2617; x_wconf 84' lang='lat' dir='ltr'>CAPUT</span> <span class='ocrx_word' id='word_1_500' title='bbox 3176 2561 3416 2618; x_wconf 83' lang='lat' dir='ltr'>CLXIX.</span> 
     </span>
    </p>
   </div>
   <div class='ocr_carea' id='block_1_54' title="bbox 2346 2645 3966 2779">
    <p class='ocr_par' dir='ltr' id='par_1_54' title="bbox 2346 2645 3966 2779">
     <span class='ocr_line' id='line_1_54' title="bbox 2346 2645 3966 2779; baseline 0.002 -81"><span class='ocrx_word' id='word_1_501' title='bbox 2346 2645 2464 2699; x_wconf 79' lang='lat' dir='ltr'>Vita</span> <span class='ocrx_word' id='word_1_502' title='bbox 2493 2646 2642 2701; x_wconf 80' lang='lat' dir='ltr'>sem‘s</span> <span class='ocrx_word' id='word_1_503' title='bbox 2661 2648 2949 2719; x_wconf 77' lang='lat' dir='ltr'>cujusdam</span> <span class='ocrx_word' id='word_1_504' title='bbox 2970 2652 3310 2779; x_wconf 53' lang='lat' dir='ltr'>capgipcalis</span> <span class='ocrx_word' id='word_1_505' title='bbox 3330 2653 3388 2706; x_wconf 79' lang='lat' dir='ltr'>in</span> <span class='ocrx_word' id='word_1_506' title='bbox 3412 2648 3750 2708; x_wconf 80' lang='lat' dir='ltr'>monasterio</span> <span class='ocrx_word' id='word_1_507' title='bbox 3781 2646 3966 2704; x_wconf 77' lang='lat' dir='ltr'>abbatis</span> 
     </span>
     <span class='ocr_line' id='line_1_55' title="bbox 3117 2740 3237 2779; baseline 0.017 -2"><span class='ocrx_word' id='word_1_508' title='bbox 3117 2740 3237 2779; x_wconf 65' lang='grc' dir='ltr'>εδει.</span> 
     </span>
    </p>
   </div>
   <div class='ocr_carea' id='block_1_55' title="bbox 3117 2740 3237 2779">
    <p class='ocr_par' dir='ltr' id='par_1_55' title="bbox 3117 2740 3237 2779">
     <span class='ocr_line' id='line_1_56' title="bbox 3117 2740 3237 2779; baseline 0.017 -2"><span class='ocrx_word' id='word_1_509' title='bbox 3117 2740 3215 2779; x_wconf 72' lang='grc' dir='ltr'>ιδει</span> <span class='ocrx_word' id='word_1_510' title='bbox 3224 2767 3237 2779; x_wconf 90' lang='grc'>.</span> 
     </span>
    </p>
   </div>
   <div class='ocr_carea' id='block_1_56' title="bbox 2413 2806 3964 2885">
    <p class='ocr_par' dir='ltr' id='par_1_56' title="bbox 2413 2806 3964 2885">
     <span class='ocr_line' id='line_1_57' title="bbox 2413 2806 3964 2885; baseline 0 -24"><span class='ocrx_word' id='word_1_511' title='bbox 2413 2806 2549 2862; x_wconf 89' lang='lat' dir='ltr'>Erat</span> <span class='ocrx_word' id='word_1_512' title='bbox 2565 2822 2740 2863; x_wconf 86' lang='lat' dir='ltr'>senex</span> <span class='ocrx_word' id='word_1_513' title='bbox 2758 2809 2991 2880; x_wconf 87' lang='lat' dir='ltr'>quidam</span> <span class='ocrx_word' id='word_1_514' title='bbox 3012 2811 3073 2866; x_wconf 92' lang='lat' dir='ltr'>in</span> <span class='ocrx_word' id='word_1_515' title='bbox 3096 2811 3293 2885; x_wconf 76' lang='lat' dir='ltr'>Scythi</span> <span class='ocrx_word' id='word_1_516' title='bbox 3316 2816 3528 2883; x_wconf 89' lang='lat' dir='ltr'>captus</span> <span class='ocrx_word' id='word_1_517' title='bbox 3550 2810 3733 2868; x_wconf 91' lang='lat' dir='ltr'>oculi</span> <span class='ocrx_word' id='word_1_518' title='bbox 3778 2810 3833 2865; x_wconf 91' lang='lat' dir='ltr'>in</span> <span class='ocrx_word' id='word_1_519' title='bbox 3856 2822 3964 2862; x_wconf 86' lang='lat' dir='ltr'>mo-</span> 
     </span>
    </p>
   </div>
   <div class='ocr_carea' id='block_1_57' title="bbox 2344 2895 3966 2969">
    <p class='ocr_par' dir='ltr' id='par_1_57' title="bbox 2344 2895 3966 2969">
     <span class='ocr_line' id='line_1_58' title="bbox 2344 2895 3966 2969; baseline 0 -20"><span class='ocrx_word' id='word_1_520' title='bbox 2344 2895 2599 2951; x_wconf 89' lang='lat' dir='ltr'>nasterio</span> <span class='ocrx_word' id='word_1_521' title='bbox 2630 2898 2860 2953; x_wconf 87' lang='lat' dir='ltr'>abbatis</span> <span class='ocrx_word' id='word_1_522' title='bbox 2888 2900 3051 2955; x_wconf 90' lang='lat' dir='ltr'>Sisci.</span> <span class='ocrx_word' id='word_1_523' title='bbox 3071 2901 3335 2957; x_wconf 88' lang='lat' dir='ltr'>Distabat</span> <span class='ocrx_word' id='word_1_524' title='bbox 3354 2906 3554 2957; x_wconf 88' lang='lat' dir='ltr'>autem</span> <span class='ocrx_word' id='word_1_525' title='bbox 3585 2900 3730 2956; x_wconf 92' lang='lat' dir='ltr'>cella</span> <span class='ocrx_word' id='word_1_526' title='bbox 3749 2896 3919 2969; x_wconf 90' lang='lat' dir='ltr'>ipsius</span> <span class='ocrx_word' id='word_1_527' title='bbox 3938 2910 3966 2949; x_wconf 86' lang='lat' dir='ltr'>a</span> 
     </span>
    </p>
   </div>
   <div class='ocr_carea' id='block_1_58' title="bbox 2345 2986 3968 3060">
    <p class='ocr_par' dir='ltr' id='par_1_58' title="bbox 2345 2986 3968 3060">
     <span class='ocr_line' id='line_1_59' title="bbox 2345 2986 3968 3060; baseline -0.001 -22"><span class='ocrx_word' id='word_1_528' title='bbox 2345 2989 2520 3054; x_wconf 90' lang='lat' dir='ltr'>puteo</span> <span class='ocrx_word' id='word_1_529' title='bbox 2545 2986 2660 3040; x_wconf 88' lang='lat' dir='ltr'>fere</span> <span class='ocrx_word' id='word_1_530' title='bbox 2684 2986 2841 3042; x_wconf 92' lang='lat' dir='ltr'>mille</span> <span class='ocrx_word' id='word_1_531' title='bbox 2863 2989 3157 3059; x_wconf 88' lang='lat' dir='ltr'>passibus,</span> <span class='ocrx_word' id='word_1_532' title='bbox 3178 2993 3235 3045; x_wconf 89' lang='lat' dir='ltr'>et</span> <span class='ocrx_word' id='word_1_533' title='bbox 3257 3006 3564 3060; x_wconf 90' lang='lat' dir='ltr'>nunquam</span> <span class='ocrx_word' id='word_1_534' title='bbox 3590 3005 3794 3059; x_wconf 88' lang='lat' dir='ltr'>passus</span> <span class='ocrx_word' id='word_1_535' title='bbox 3818 2989 3898 3042; x_wconf 89' lang='lat' dir='ltr'>est</span> <span class='ocrx_word' id='word_1_536' title='bbox 3917 2988 3968 3038; x_wconf 89' lang='lat' dir='ltr'>ut</span> 
     </span>
    </p>
   </div>
   <div class='ocr_carea' id='block_1_59' title="bbox 2344 3072 3967 3148">
    <p class='ocr_par' dir='ltr' id='par_1_59' title="bbox 2344 3072 3967 3148">
     <span class='ocr_line' id='line_1_60' title="bbox 2344 3072 3967 3148; baseline 0.002 -21"><span class='ocrx_word' id='word_1_537' title='bbox 2344 3072 2455 3127; x_wconf 91' lang='lat' dir='ltr'>sibi</span> <span class='ocrx_word' id='word_1_538' title='bbox 2470 3073 2619 3129; x_wconf 89' lang='lat' dir='ltr'>alius</span> <span class='ocrx_word' id='word_1_539' title='bbox 2635 3075 2865 3131; x_wconf 79' lang='lat' dir='ltr'>afferret</span> <span class='ocrx_word' id='word_1_540' title='bbox 2878 3094 3115 3148; x_wconf 89' lang='lat' dir='ltr'>aquam,</span> <span class='ocrx_word' id='word_1_541' title='bbox 3131 3079 3230 3134; x_wconf 90' lang='lat' dir='ltr'>sed</span> <span class='ocrx_word' id='word_1_542' title='bbox 3248 3079 3397 3134; x_wconf 90' lang='lat' dir='ltr'>facto</span> <span class='ocrx_word' id='word_1_543' title='bbox 3412 3079 3573 3145; x_wconf 84' lang='lat' dir='ltr'>fune,</span> <span class='ocrx_word' id='word_1_544' title='bbox 3598 3093 3777 3133; x_wconf 92' lang='lat' dir='ltr'>unum</span> <span class='ocrx_word' id='word_1_545' title='bbox 3806 3073 3967 3147; x_wconf 80' lang='lat' dir='ltr'>ipsius</span> 
     </span>
    </p>
   </div>
   <div class='ocr_carea' id='block_1_60' title="bbox 2346 3161 3968 3239">
    <p class='ocr_par' dir='ltr' id='par_1_60' title="bbox 2346 3161 3968 3239">
     <span class='ocr_line' id='line_1_61' title="bbox 2346 3161 3968 3239; baseline 0.001 -24"><span class='ocrx_word' id='word_1_546' title='bbox 2346 3167 2523 3233; x_wconf 90' lang='lat' dir='ltr'>caput</span> <span class='ocrx_word' id='word_1_547' title='bbox 2548 3165 2617 3219; x_wconf 90' lang='lat' dir='ltr'>ad</span> <span class='ocrx_word' id='word_1_548' title='bbox 2641 3168 2882 3234; x_wconf 90' lang='lat' dir='ltr'>puteum</span> <span class='ocrx_word' id='word_1_549' title='bbox 2916 3167 3136 3239; x_wconf 89' lang='lat' dir='ltr'>ligavit,</span> <span class='ocrx_word' id='word_1_550' title='bbox 3153 3172 3209 3224; x_wconf 91' lang='lat' dir='ltr'>et</span> <span class='ocrx_word' id='word_1_551' title='bbox 3232 3167 3483 3223; x_wconf 89' lang='lat' dir='ltr'>alterum</span> <span class='ocrx_word' id='word_1_552' title='bbox 3505 3168 3565 3223; x_wconf 91' lang='lat' dir='ltr'>in</span> <span class='ocrx_word' id='word_1_553' title='bbox 3590 3166 3736 3224; x_wconf 88' lang='lat' dir='ltr'>cella</span> <span class='ocrx_word' id='word_1_554' title='bbox 3757 3161 3968 3222; x_wconf 86' lang='lat' dir='ltr'>sua.Ja-</span> 
     </span>
    </p>
   </div>
   <div class='ocr_carea' id='block_1_61' title="bbox 2270 3243 3971 3329">
    <p class='ocr_par' dir='ltr' id='par_1_61' title="bbox 2270 3243 3971 3329">
     <span class='ocr_line' id='line_1_62' title="bbox 2270 3243 3971 3329; baseline -0.002 -21"><span class='ocrx_word' id='word_1_555' title='bbox 2270 3243 2312 3308; x_wconf 88' lang='lat' dir='ltr'>C</span> <span class='ocrx_word' id='word_1_556' title='bbox 2352 3251 2520 3307; x_wconf 89' lang='lat' dir='ltr'>cebat</span> <span class='ocrx_word' id='word_1_557' title='bbox 2551 3258 2748 3309; x_wconf 87' lang='lat' dir='ltr'>autem</span> <span class='ocrx_word' id='word_1_558' title='bbox 2782 3255 2939 3311; x_wconf 85' lang='lat' dir='ltr'>funis</span> <span class='ocrx_word' id='word_1_559' title='bbox 2970 3256 3026 3311; x_wconf 90' lang='lat' dir='ltr'>in</span> <span class='ocrx_word' id='word_1_560' title='bbox 3060 3261 3234 3313; x_wconf 89' lang='lat' dir='ltr'>terra.</span> <span class='ocrx_word' id='word_1_561' title='bbox 3270 3258 3511 3323; x_wconf 88' lang='lat' dir='ltr'>Quando</span> <span class='ocrx_word' id='word_1_562' title='bbox 3544 3273 3683 3329; x_wconf 88' lang='lat' dir='ltr'>ergo</span> <span class='ocrx_word' id='word_1_563' title='bbox 3725 3252 3971 3327; x_wconf 86' lang='lat' dir='ltr'>pergebat</span> 
     </span>
    </p>
   </div>
   <div class='ocr_carea' id='block_1_62' title="bbox 2348 3339 3972 3418">
    <p class='ocr_par' dir='ltr' id='par_1_62' title="bbox 2348 3339 3972 3418">
     <span class='ocr_line' id='line_1_63' title="bbox 2348 3339 3972 3418; baseline 0.001 -24"><span class='ocrx_word' id='word_1_564' title='bbox 2348 3339 2583 3397; x_wconf 85' lang='lat' dir='ltr'>haurire</span> <span class='ocrx_word' id='word_1_565' title='bbox 2615 3344 2725 3398; x_wconf 90' lang='lat' dir='ltr'>sibi</span> <span class='ocrx_word' id='word_1_566' title='bbox 2758 3361 2993 3415; x_wconf 90' lang='lat' dir='ltr'>aquam,</span> <span class='ocrx_word' id='word_1_567' title='bbox 3043 3363 3223 3418; x_wconf 89' lang='lat' dir='ltr'>supra</span> <span class='ocrx_word' id='word_1_568' title='bbox 3253 3346 3453 3402; x_wconf 83' lang='lat' dir='ltr'>funem</span> <span class='ocrx_word' id='word_1_569' title='bbox 3486 3345 3845 3402; x_wconf 89' lang='lat' dir='ltr'>ambulabat.</span> <span class='ocrx_word' id='word_1_570' title='bbox 3874 3340 3972 3397; x_wconf 84' lang='lat' dir='ltr'>Hoc</span> 
     </span>
    </p>
   </div>
   <div class='ocr_carea' id='block_1_63' title="bbox 2349 3432 3972 3508">
    <p class='ocr_par' dir='ltr' id='par_1_63' title="bbox 2349 3432 3972 3508">
     <span class='ocr_line' id='line_1_64' title="bbox 2349 3432 3972 3508; baseline 0.001 -25"><span class='ocrx_word' id='word_1_571' title='bbox 2349 3434 2543 3485; x_wconf 87' lang='lat' dir='ltr'>autem</span> <span class='ocrx_word' id='word_1_572' title='bbox 2564 3432 2811 3488; x_wconf 85' lang='lat' dir='ltr'>faciebat</span> <span class='ocrx_word' id='word_1_573' title='bbox 2829 3450 3026 3505; x_wconf 87' lang='lat' dir='ltr'>senex,</span> <span class='ocrx_word' id='word_1_574' title='bbox 3052 3439 3116 3490; x_wconf 88' lang='lat' dir='ltr'>ut</span> <span class='ocrx_word' id='word_1_575' title='bbox 3134 3436 3419 3491; x_wconf 88' lang='lat' dir='ltr'>inveniret</span> <span class='ocrx_word' id='word_1_576' title='bbox 3439 3440 3711 3508; x_wconf 88' lang='lat' dir='ltr'>puteum.</span> <span class='ocrx_word' id='word_1_577' title='bbox 3735 3435 3867 3490; x_wconf 90' lang='lat' dir='ltr'>Cum</span> <span class='ocrx_word' id='word_1_578' title='bbox 3888 3446 3972 3486; x_wconf 87' lang='lat' dir='ltr'>au-</span> 
     </span>
    </p>
   </div>
   <div class='ocr_carea' id='block_1_64' title="bbox 2348 3524 3969 3596">
    <p class='ocr_par' dir='ltr' id='par_1_64' title="bbox 2348 3524 3969 3596">
     <span class='ocr_line' id='line_1_65' title="bbox 2348 3524 3969 3596; baseline 0.001 -25"><span class='ocrx_word' id='word_1_579' title='bbox 2348 3524 2466 3573; x_wconf 90' lang='lat' dir='ltr'>tem</span> <span class='ocrx_word' id='word_1_580' title='bbox 2490 3537 2667 3577; x_wconf 89' lang='lat' dir='ltr'>arena</span> <span class='ocrx_word' id='word_1_581' title='bbox 2685 3528 2918 3594; x_wconf 90' lang='lat' dir='ltr'>propter</span> <span class='ocrx_word' id='word_1_582' title='bbox 2943 3529 3182 3580; x_wconf 85' lang='lat' dir='ltr'>ventum</span> <span class='ocrx_word' id='word_1_583' title='bbox 3213 3525 3545 3596; x_wconf 84' lang='lat' dir='ltr'>operuisset</span> <span class='ocrx_word' id='word_1_584' title='bbox 3582 3526 3800 3588; x_wconf 88' lang='lat' dir='ltr'>funem,</span> <span class='ocrx_word' id='word_1_585' title='bbox 3829 3524 3969 3576; x_wconf 90' lang='lat' dir='ltr'>tene-</span> 
     </span>
    </p>
   </div>
   <div class='ocr_carea' id='block_1_65' title="bbox 2350 3607 3969 3685">
    <p class='ocr_par' dir='ltr' id='par_1_65' title="bbox 2350 3607 3969 3685">
     <span class='ocr_line' id='line_1_66' title="bbox 2350 3607 3969 3685; baseline -0.001 -23"><span class='ocrx_word' id='word_1_586' title='bbox 2350 3607 2657 3680; x_wconf 89' lang='lat' dir='ltr'>batipsum</span> <span class='ocrx_word' id='word_1_587' title='bbox 2676 3628 2879 3680; x_wconf 90' lang='lat' dir='ltr'>manu,</span> <span class='ocrx_word' id='word_1_588' title='bbox 2894 3618 2949 3667; x_wconf 89' lang='lat' dir='ltr'>et</span> <span class='ocrx_word' id='word_1_589' title='bbox 2970 3614 3319 3685; x_wconf 83' lang='lat' dir='ltr'>excutiebat,</span> <span class='ocrx_word' id='word_1_590' title='bbox 3333 3618 3388 3670; x_wconf 92' lang='lat' dir='ltr'>et</span> <span class='ocrx_word' id='word_1_591' title='bbox 3433 3631 3645 3670; x_wconf 88' lang='lat' dir='ltr'>rursus</span> <span class='ocrx_word' id='word_1_592' title='bbox 3660 3613 3821 3668; x_wconf 90' lang='lat' dir='ltr'>illum</span> <span class='ocrx_word' id='word_1_593' title='bbox 3837 3607 3969 3664; x_wconf 68' lang='lat'>9|!</span> 
     </span>
    </p>
   </div>
   <div class='ocr_carea' id='block_1_66' title="bbox 2351 3697 3971 3775">
    <p class='ocr_par' dir='ltr' id='par_1_66' title="bbox 2351 3697 3971 3775">
     <span class='ocr_line' id='line_1_67' title="bbox 2351 3697 3971 3775; baseline -0.001 -24"><span class='ocrx_word' id='word_1_594' title='bbox 2351 3697 2411 3752; x_wconf 90' lang='lat' dir='ltr'>in</span> <span class='ocrx_word' id='word_1_595' title='bbox 2443 3703 2599 3754; x_wconf 90' lang='lat' dir='ltr'>terra</span> <span class='ocrx_word' id='word_1_596' title='bbox 2651 3702 2922 3771; x_wconf 89' lang='lat' dir='ltr'>ponebat,</span> <span class='ocrx_word' id='word_1_597' title='bbox 2943 3707 3000 3757; x_wconf 88' lang='lat' dir='ltr'>et</span> <span class='ocrx_word' id='word_1_598' title='bbox 3030 3719 3208 3775; x_wconf 87' lang='lat' dir='ltr'>super</span> <span class='ocrx_word' id='word_1_599' title='bbox 3236 3720 3369 3759; x_wconf 91' lang='lat' dir='ltr'>eum</span> <span class='ocrx_word' id='word_1_600' title='bbox 3404 3703 3768 3760; x_wconf 87' lang='lat' dir='ltr'>ambulabat.</span> <span class='ocrx_word' id='word_1_601' title='bbox 3802 3700 3971 3756; x_wconf 83' lang='lat' dir='ltr'>Frater</span> 
     </span>
    </p>
   </div>
   <div class='ocr_carea' id='block_1_67' title="bbox 2353 3784 3970 3867">
    <p class='ocr_par' dir='ltr' id='par_1_67' title="bbox 2353 3784 3970 3867">
     <span class='ocr_line' id='line_1_68' title="bbox 2353 3784 3970 3867; baseline -0.001 -26"><span class='ocrx_word' id='word_1_602' title='bbox 2353 3792 2545 3843; x_wconf 91' lang='lat' dir='ltr'>autem</span> <span class='ocrx_word' id='word_1_603' title='bbox 2575 3790 2814 3861; x_wconf 90' lang='lat' dir='ltr'>quidam</span> <span class='ocrx_word' id='word_1_604' title='bbox 2839 3792 3081 3863; x_wconf 85' lang='lat' dir='ltr'>rogabat</span> <span class='ocrx_word' id='word_1_605' title='bbox 3103 3809 3325 3863; x_wconf 89' lang='lat' dir='ltr'>senem,</span> <span class='ocrx_word' id='word_1_606' title='bbox 3351 3798 3415 3849; x_wconf 88' lang='lat' dir='ltr'>ut</span> <span class='ocrx_word' id='word_1_607' title='bbox 3435 3810 3497 3850; x_wconf 89' lang='lat' dir='ltr'>se</span> <span class='ocrx_word' id='word_1_608' title='bbox 3519 3793 3875 3867; x_wconf 83' lang='lat' dir='ltr'>permitteret</span> <span class='ocrx_word' id='word_1_609' title='bbox 3900 3784 3970 3841; x_wconf 91' lang='lat' dir='ltr'>illi</span> 
     </span>
    </p>
   </div>
   <div class='ocr_carea' id='block_1_68' title="bbox 2353 3876 3974 3953">
    <p class='ocr_par' dir='ltr' id='par_1_68' title="bbox 2353 3876 3974 3953">
     <span class='ocr_line' id='line_1_69' title="bbox 2353 3876 3974 3953; baseline 0.001 -22"><span class='ocrx_word' id='word_1_610' title='bbox 2353 3876 2927 3950; x_wconf 80' lang='lat' dir='ltr'>atferreaquam.Cui</span> <span class='ocrx_word' id='word_1_611' title='bbox 2950 3882 3255 3952; x_wconf 86' lang='lat' dir='ltr'>respondit</span> <span class='ocrx_word' id='word_1_612' title='bbox 3285 3899 3490 3938; x_wconf 87' lang='lat' dir='ltr'>senex:</span> <span class='ocrx_word' id='word_1_613' title='bbox 3521 3883 3627 3937; x_wconf 89' lang='lat' dir='ltr'>Fili</span> <span class='ocrx_word' id='word_1_614' title='bbox 3645 3878 3845 3953; x_wconf 85' lang='lat' dir='ltr'>viginti</span> <span class='ocrx_word' id='word_1_615' title='bbox 3868 3877 3974 3947; x_wconf 88' lang='lat' dir='ltr'>jam</span> 
     </span>
    </p>
   </div>
   <div class='ocr_carea' id='block_1_69' title="bbox 2354 3966 3976 4043">
    <p class='ocr_par' dir='ltr' id='par_1_69' title="bbox 2354 3966 3976 4043">
     <span class='ocr_line' id='line_1_70' title="bbox 2354 3966 3976 4043; baseline 0.006 -24"><span class='ocrx_word' id='word_1_616' title='bbox 2354 3971 2410 4020; x_wconf 88' lang='lat' dir='ltr'>et</span> <span class='ocrx_word' id='word_1_617' title='bbox 2426 3966 2540 4021; x_wconf 91' lang='lat' dir='ltr'>duo</span> <span class='ocrx_word' id='word_1_618' title='bbox 2553 3967 2691 4022; x_wconf 91' lang='lat' dir='ltr'>anni</span> <span class='ocrx_word' id='word_1_619' title='bbox 2710 3973 2926 4025; x_wconf 85' lang='lat' dir='ltr'>suntex</span> <span class='ocrx_word' id='word_1_620' title='bbox 2940 3986 3055 4042; x_wconf 92' lang='lat' dir='ltr'>quo</span> <span class='ocrx_word' id='word_1_621' title='bbox 3072 3970 3217 4026; x_wconf 92' lang='lat' dir='ltr'>mihi</span> <span class='ocrx_word' id='word_1_622' title='bbox 3236 3987 3467 4043; x_wconf 90' lang='lat' dir='ltr'>semper</span> <span class='ocrx_word' id='word_1_623' title='bbox 3483 3971 3568 4027; x_wconf 91' lang='lat' dir='ltr'>ita</span> <span class='ocrx_word' id='word_1_624' title='bbox 3586 3971 3754 4027; x_wconf 89' lang='lat' dir='ltr'>hausi</span> <span class='ocrx_word' id='word_1_625' title='bbox 3771 3979 3976 4038; x_wconf 62' lang='lat' dir='ltr'>aquam,</span> 
     </span>
    </p>
   </div>
   <div class='ocr_carea' id='block_1_70' title="bbox 2354 4054 3648 4117">
    <p class='ocr_par' dir='ltr' id='par_1_70' title="bbox 2354 4054 3648 4117">
     <span class='ocr_line' id='line_1_71' title="bbox 2354 4054 3648 4117; baseline 0.007 -10"><span class='ocrx_word' id='word_1_626' title='bbox 2354 4058 2411 4108; x_wconf 90' lang='lat' dir='ltr'>et</span> <span class='ocrx_word' id='word_1_627' title='bbox 2438 4054 2697 4112; x_wconf 86' lang='lat' dir='ltr'>laborem</span> <span class='ocrx_word' id='word_1_628' title='bbox 2727 4074 2923 4113; x_wconf 90' lang='lat' dir='ltr'>meum</span> <span class='ocrx_word' id='word_1_629' title='bbox 2956 4064 3017 4114; x_wconf 89' lang='lat' dir='ltr'>tu</span> <span class='ocrx_word' id='word_1_630' title='bbox 3050 4061 3221 4115; x_wconf 90' lang='lat' dir='ltr'>modo</span> <span class='ocrx_word' id='word_1_631' title='bbox 3253 4060 3484 4116; x_wconf 80' lang='lat' dir='ltr'>auferre</span> <span class='ocrx_word' id='word_1_632' title='bbox 3514 4061 3648 4117; x_wconf 84' lang='lat' dir='ltr'>vis?</span> 
     </span>
    </p>
   </div>
   <div class='ocr_carea' id='block_1_71' title="bbox 2950 4166 3410 4223">
    <p class='ocr_par' dir='ltr' id='par_1_71' title="bbox 2950 4166 3410 4223">
     <span class='ocr_line' id='line_1_72' title="bbox 2950 4166 3410 4223; baseline 0.004 -2"><span class='ocrx_word' id='word_1_633' title='bbox 2950 4166 3177 4223; x_wconf 89' lang='lat' dir='ltr'>CAPUT</span> <span class='ocrx_word' id='word_1_634' title='bbox 3202 4167 3410 4223; x_wconf 83' lang='lat' dir='ltr'>CLXX.</span> 
     </span>
    </p>
   </div>
   <div class='ocr_carea' id='block_1_72' title="bbox 2360 4251 3977 4327">
    <p class='ocr_par' dir='ltr' id='par_1_72' title="bbox 2360 4251 3977 4327">
     <span class='ocr_line' id='line_1_73' title="bbox 2360 4251 3977 4327; baseline 0.006 -22"><span class='ocrx_word' id='word_1_635' title='bbox 2360 4251 2493 4307; x_wconf 80' lang='lat' dir='ltr'>Vita</span> <span class='ocrx_word' id='word_1_636' title='bbox 2522 4255 2811 4320; x_wconf 79' lang='lat' dir='ltr'>cuiusdam</span> <span class='ocrx_word' id='word_1_637' title='bbox 2847 4261 3061 4313; x_wconf 61' lang='lat' dir='ltr'>sancta?</span> <span class='ocrx_word' id='word_1_638' title='bbox 3114 4258 3371 4313; x_wconf 79' lang='lat' dir='ltr'>mulieris</span> <span class='ocrx_word' id='word_1_639' title='bbox 3399 4258 3461 4312; x_wconf 76' lang='lat' dir='ltr'>in</span> <span class='ocrx_word' id='word_1_640' title='bbox 3490 4272 3674 4315; x_wconf 77' lang='lat' dir='ltr'>eremo</span> <span class='ocrx_word' id='word_1_641' title='bbox 3716 4255 3977 4327; x_wconf 62' lang='lat' dir='ltr'>tle/uncle?-</span> 
     </span>
    </p>
   </div>
   <div class='ocr_carea' id='block_1_73' title="bbox 2428 4353 3978 4436">
    <p class='ocr_par' dir='ltr' id='par_1_73' title="bbox 2428 4353 3978 4436">
     <span class='ocr_line' id='line_1_74' title="bbox 2428 4353 3978 4436; baseline -0.001 -22"><span class='ocrx_word' id='word_1_642' title='bbox 2428 4359 2773 4416; x_wconf 83' lang='lat' dir='ltr'>Distabalab</span> <span class='ocrx_word' id='word_1_643' title='bbox 2793 4363 3167 4435; x_wconf 84' lang='lat' dir='ltr'>Jerosolymis</span> <span class='ocrx_word' id='word_1_644' title='bbox 3190 4364 3307 4419; x_wconf 91' lang='lat' dir='ltr'>fere</span> <span class='ocrx_word' id='word_1_645' title='bbox 3326 4363 3529 4435; x_wconf 83' lang='lat' dir='ltr'>viginti</span> <span class='ocrx_word' id='word_1_646' title='bbox 3563 4356 3838 4436; x_wconf 84' lang='lat' dir='ltr'>passuum</span> <span class='ocrx_word' id='word_1_647' title='bbox 3867 4353 3978 4412; x_wconf 87' lang='lat' dir='ltr'>mil-</span> 
     </span>
    </p>
   </div>
   <div class='ocr_carea' id='block_1_74' title="bbox 2354 4442 3978 4524">
    <p class='ocr_par' dir='ltr' id='par_1_74' title="bbox 2354 4442 3978 4524">
     <span class='ocr_line' id='line_1_75' title="bbox 2354 4442 3978 4524; baseline -0.002 -23"><span class='ocrx_word' id='word_1_648' title='bbox 2354 4447 2511 4503; x_wconf 91' lang='lat' dir='ltr'>libus</span> <span class='ocrx_word' id='word_1_649' title='bbox 2539 4452 2958 4506; x_wconf 89' lang='lat' dir='ltr'>monasterium</span> <span class='ocrx_word' id='word_1_650' title='bbox 2984 4452 3303 4524; x_wconf 91' lang='lat' dir='ltr'>quoddam,</span> <span class='ocrx_word' id='word_1_651' title='bbox 3329 4453 3482 4523; x_wconf 91' lang='lat' dir='ltr'>quod</span> <span class='ocrx_word' id='word_1_652' title='bbox 3505 4448 3835 4524; x_wconf 89' lang='lat' dir='ltr'>Sampsonis</span> <span class='ocrx_word' id='word_1_653' title='bbox 3856 4442 3978 4501; x_wconf 88' lang='lat' dir='ltr'>dici-</span> 
     </span>
    </p>
   </div>
   <div class='ocr_carea' id='block_1_75' title="bbox 2355 4539 3983 4597">
    <p class='ocr_par' dir='ltr' id='par_1_75' title="bbox 2355 4539 3983 4597">
     <span class='ocr_line' id='line_1_76' title="bbox 2355 4539 3983 4597; baseline -0.002 -6"><span class='ocrx_word' id='word_1_654' title='bbox 2355 4542 2470 4592; x_wconf 89' lang='lat' dir='ltr'>tur.</span> <span class='ocrx_word' id='word_1_655' title='bbox 2496 4539 2573 4593; x_wconf 87' lang='lat' dir='ltr'>Ex</span> <span class='ocrx_word' id='word_1_656' title='bbox 2596 4539 2703 4594; x_wconf 89' lang='lat' dir='ltr'>hoc</span> <span class='ocrx_word' id='word_1_657' title='bbox 2726 4540 3082 4596; x_wconf 89' lang='lat' dir='ltr'>monasterio</span> <span class='ocrx_word' id='word_1_658' title='bbox 3104 4541 3218 4596; x_wconf 92' lang='lat' dir='ltr'>duo</span> <span class='ocrx_word' id='word_1_659' title='bbox 3241 4540 3441 4597; x_wconf 85' lang='lat' dir='ltr'>Patres</span> <span class='ocrx_word' id='word_1_660' title='bbox 3460 4541 3732 4597; x_wconf 88' lang='lat' dir='ltr'>abierunt</span> <span class='ocrx_word' id='word_1_661' title='bbox 3751 4540 3817 4595; x_wconf 90' lang='lat' dir='ltr'>ad</span> <span class='ocrx_word' id='word_1_662' title='bbox 3840 4549 3983 4591; x_wconf 91' lang='lat' dir='ltr'>mou-</span> 
     </span>
    </p>
   </div>
   <div class='ocr_carea' id='block_1_76' title="bbox 601 4616 3975 4703">
    <p class='ocr_par' dir='ltr' id='par_1_76' title="bbox 601 4616 3975 4703">
     <span class='ocr_line' id='line_1_77' title="bbox 601 4616 3975 4703; baseline -0.006 -9"><span class='ocrx_word' id='word_1_663' title='bbox 601 4629 733 4683; x_wconf 75' lang='lat' dir='ltr'>dUS-</span> <span class='ocrx_word' id='word_1_664' title='bbox 768 4627 834 4681; x_wconf 67' lang='lat' dir='ltr'>Et</span> <span class='ocrx_word' id='word_1_665' title='bbox 869 4625 987 4681; x_wconf 72' lang='grc' dir='ltr'>ἀίΧί</span> <span class='ocrx_word' id='word_1_666' title='bbox 1041 4626 1113 4680; x_wconf 73' lang='grc' dir='ltr'>διά</span> <span class='ocrx_word' id='word_1_667' title='bbox 1174 4641 1307 4680; x_wconf 71' lang='lat' dir='ltr'>eum</span> <span class='ocrx_word' id='word_1_668' title='bbox 1337 4641 1348 4679; x_wconf 75' lang='grc' dir='ltr'>ε</span> <span class='ocrx_word' id='word_1_669' title='bbox 1381 4624 1489 4678; x_wconf 70' lang='lat' dir='ltr'>F30</span> <span class='ocrx_word' id='word_1_670' title='bbox 1548 4622 1917 4689; x_wconf 56' lang='lat' dir='ltr'>Charitaiem,</span> <span class='ocrx_word' id='word_1_671' title='bbox 1952 4619 2246 4693; x_wconf 81' lang='lat' dir='ltr'>quomodo</span> <span class='ocrx_word' id='word_1_672' title='bbox 2278 4616 2326 4683; x_wconf 87' lang='lat' dir='ltr'>D</span> <span class='ocrx_word' id='word_1_673' title='bbox 2359 4632 2473 4682; x_wconf 90' lang='lat' dir='ltr'>tem</span> <span class='ocrx_word' id='word_1_674' title='bbox 2494 4628 3571 4703; x_wconf 83' lang='lat' dir='ltr'>Sinaorationisgratia,reversiquein</span> <span class='ocrx_word' id='word_1_675' title='bbox 3587 4626 3975 4686; x_wconf 88' lang='lat' dir='ltr'>monasterium</span> 
     </span>
    </p>
   </div>
   <div class='ocr_carea' id='block_1_77' title="bbox 604 4710 2253 4786">
    <p class='ocr_par' dir='ltr' id='par_1_77' title="bbox 604 4710 2253 4786">
     <span class='ocr_line' id='line_1_78' title="bbox 604 4710 2253 4786; baseline -0.005 -14"><span class='ocrx_word' id='word_1_676' title='bbox 604 4720 825 4772; x_wconf 89' lang='lat' dir='ltr'>tantam</span> <span class='ocrx_word' id='word_1_677' title='bbox 861 4714 1093 4786; x_wconf 86' lang='lat' dir='ltr'>frigoris</span> <span class='ocrx_word' id='word_1_678' title='bbox 1124 4712 1498 4783; x_wconf 88' lang='lat' dir='ltr'>asperitatem</span> <span class='ocrx_word' id='word_1_679' title='bbox 1533 4728 1648 4766; x_wconf 90' lang='lat' dir='ltr'>non</span> <span class='ocrx_word' id='word_1_680' title='bbox 1672 4710 1950 4766; x_wconf 74' lang='lat' dir='ltr'>sensisti?</span> <span class='ocrx_word' id='word_1_681' title='bbox 1973 4710 2128 4765; x_wconf 89' lang='lat' dir='ltr'>Dixit</span> <span class='ocrx_word' id='word_1_682' title='bbox 2149 4726 2253 4764; x_wconf 90' lang='lat' dir='ltr'>au-</span> 
     </span>
    </p>
   </div>
   <div class='ocr_carea' id='block_1_78' title="bbox 599 4799 2253 4871">
    <p class='ocr_par' dir='ltr' id='par_1_78' title="bbox 599 4799 2253 4871">
     <span class='ocr_line' id='line_1_79' title="bbox 599 4799 2253 4871; baseline -0.004 -11"><span class='ocrx_word' id='word_1_683' title='bbox 599 4809 720 4861; x_wconf 90' lang='lat' dir='ltr'>tem</span> <span class='ocrx_word' id='word_1_684' title='bbox 753 4803 900 4859; x_wconf 91' lang='lat' dir='ltr'>mihi</span> <span class='ocrx_word' id='word_1_685' title='bbox 926 4820 939 4858; x_wconf 90' lang='lat'>:</span> <span class='ocrx_word' id='word_1_686' title='bbox 963 4802 1135 4858; x_wconf 90' lang='lat' dir='ltr'>Venit</span> <span class='ocrx_word' id='word_1_687' title='bbox 1156 4801 1267 4870; x_wconf 91' lang='lat' dir='ltr'>leo,</span> <span class='ocrx_word' id='word_1_688' title='bbox 1289 4805 1345 4856; x_wconf 89' lang='lat' dir='ltr'>et</span> <span class='ocrx_word' id='word_1_689' title='bbox 1369 4800 1909 4871; x_wconf 85' lang='lat' dir='ltr'>obdormivitjuxta</span> <span class='ocrx_word' id='word_1_690' title='bbox 1934 4816 2025 4854; x_wconf 92' lang='lat' dir='ltr'>me</span> <span class='ocrx_word' id='word_1_691' title='bbox 2043 4804 2098 4854; x_wconf 89' lang='lat' dir='ltr'>et</span> <span class='ocrx_word' id='word_1_692' title='bbox 2128 4799 2253 4869; x_wconf 84' lang='lat' dir='ltr'>ipse</span> 
     </span>
    </p>
   </div>
   <div class='ocr_carea' id='block_1_79' title="bbox 604 4889 2255 4960">
    <p class='ocr_par' dir='ltr' id='par_1_79' title="bbox 604 4889 2255 4960">
     <span class='ocr_line' id='line_1_80' title="bbox 604 4889 2255 4960; baseline -0.004 -10"><span class='ocrx_word' id='word_1_693' title='bbox 604 4910 697 4950; x_wconf 91' lang='lat' dir='ltr'>me</span> <span class='ocrx_word' id='word_1_694' title='bbox 728 4892 1012 4950; x_wconf 86' lang='lat' dir='ltr'>calefecit.</span> <span class='ocrx_word' id='word_1_695' title='bbox 1035 4891 1452 4947; x_wconf 89' lang='lat' dir='ltr'>Verumtamen</span> <span class='ocrx_word' id='word_1_696' title='bbox 1488 4890 1615 4945; x_wconf 89' lang='lat' dir='ltr'>dico</span> <span class='ocrx_word' id='word_1_697' title='bbox 1636 4889 2255 4960; x_wconf 80' lang='lat' dir='ltr'>tibi,frater,quoniam</span> 
     </span>
    </p>
   </div>
   <div class='ocr_carea' id='block_1_80' title="bbox 605 4979 2255 5049">
    <p class='ocr_par' dir='ltr' id='par_1_80' title="bbox 605 4979 2255 5049">
     <span class='ocr_line' id='line_1_81' title="bbox 605 4979 2255 5049; baseline -0.004 -10"><span class='ocrx_word' id='word_1_698' title='bbox 605 5001 638 5039; x_wconf 88' lang='lat' dir='ltr'>a</span> <span class='ocrx_word' id='word_1_699' title='bbox 668 4984 806 5040; x_wconf 88' lang='lat' dir='ltr'>feris</span> <span class='ocrx_word' id='word_1_700' title='bbox 837 4981 1204 5038; x_wconf 88' lang='lat' dir='ltr'>devorandus</span> <span class='ocrx_word' id='word_1_701' title='bbox 1228 4997 1381 5036; x_wconf 91' lang='lat' dir='ltr'>sum.</span> <span class='ocrx_word' id='word_1_702' title='bbox 1403 4980 1501 5035; x_wconf 76' lang='lat' dir='ltr'>Aio</span> <span class='ocrx_word' id='word_1_703' title='bbox 1535 4980 1604 5035; x_wconf 86' lang='lat' dir='ltr'>ad</span> <span class='ocrx_word' id='word_1_704' title='bbox 1639 4979 1841 5034; x_wconf 90' lang='lat' dir='ltr'>illum:</span> <span class='ocrx_word' id='word_1_705' title='bbox 1867 4980 2002 5048; x_wconf 90' lang='lat' dir='ltr'>Cur,</span> <span class='ocrx_word' id='word_1_706' title='bbox 2026 4981 2255 5049; x_wconf 78' lang='lat' dir='ltr'>quaeso?</span> 
     </span>
    </p>
   </div>
   <div class='ocr_carea' id='block_1_81' title="bbox 600 5069 2253 5141">
    <p class='ocr_par' dir='ltr' id='par_1_81' title="bbox 600 5069 2253 5141">
     <span class='ocr_line' id='line_1_82' title="bbox 600 5069 2253 5141; baseline -0.004 -12"><span class='ocrx_word' id='word_1_707' title='bbox 600 5073 669 5129; x_wconf 90' lang='lat' dir='ltr'>Et</span> <span class='ocrx_word' id='word_1_708' title='bbox 692 5074 836 5129; x_wconf 89' lang='lat' dir='ltr'>dixit</span> <span class='ocrx_word' id='word_1_709' title='bbox 862 5071 1004 5127; x_wconf 91' lang='lat' dir='ltr'>mihi</span> <span class='ocrx_word' id='word_1_710' title='bbox 1031 5088 1043 5125; x_wconf 89' lang='lat'>:</span> <span class='ocrx_word' id='word_1_711' title='bbox 1073 5072 1129 5125; x_wconf 91' lang='lat' dir='ltr'>ln</span> <span class='ocrx_word' id='word_1_712' title='bbox 1163 5069 1457 5141; x_wconf 87' lang='lat' dir='ltr'>provincia</span> <span class='ocrx_word' id='word_1_713' title='bbox 1478 5072 1677 5124; x_wconf 87' lang='lat' dir='ltr'>nostra</span> <span class='ocrx_word' id='word_1_714' title='bbox 1698 5084 1830 5123; x_wconf 92' lang='lat' dir='ltr'>cum</span> <span class='ocrx_word' id='word_1_715' title='bbox 1854 5085 2039 5124; x_wconf 88' lang='lat' dir='ltr'>essem</span> <span class='ocrx_word' id='word_1_716' title='bbox 2064 5073 2253 5139; x_wconf 68' lang='lat' dir='ltr'>(erant</span> 
     </span>
    </p>
   </div>
   <div class='ocr_carea' id='block_1_82' title="bbox 602 5158 2250 5231">
    <p class='ocr_par' dir='ltr' id='par_1_82' title="bbox 602 5158 2250 5231">
     <span class='ocr_line' id='line_1_83' title="bbox 602 5158 2250 5231; baseline -0.004 -12"><span class='ocrx_word' id='word_1_717' title='bbox 602 5168 793 5219; x_wconf 89' lang='lat' dir='ltr'>autem</span> <span class='ocrx_word' id='word_1_718' title='bbox 826 5161 1000 5217; x_wconf 88' lang='lat' dir='ltr'>ambo</span> <span class='ocrx_word' id='word_1_719' title='bbox 1031 5160 1269 5228; x_wconf 85' lang='lat' dir='ltr'>Galatae)</span> <span class='ocrx_word' id='word_1_720' title='bbox 1302 5164 1500 5231; x_wconf 82' lang='lat' dir='ltr'>pastor</span> <span class='ocrx_word' id='word_1_721' title='bbox 1553 5158 1748 5213; x_wconf 90' lang='lat' dir='ltr'>ovium</span> <span class='ocrx_word' id='word_1_722' title='bbox 1793 5175 1977 5228; x_wconf 85' lang='lat' dir='ltr'>eram,</span> <span class='ocrx_word' id='word_1_723' title='bbox 2010 5163 2066 5213; x_wconf 88' lang='lat' dir='ltr'>et</span> <span class='ocrx_word' id='word_1_724' title='bbox 2109 5175 2250 5213; x_wconf 87' lang='lat' dir='ltr'>coa-</span> 
     </span>
    </p>
   </div>
   <div class='ocr_carea' id='block_1_83' title="bbox 596 5248 2246 5323">
    <p class='ocr_par' dir='ltr' id='par_1_83' title="bbox 596 5248 2246 5323">
     <span class='ocr_line' id='line_1_84' title="bbox 596 5248 2246 5323; baseline -0.002 -18"><span class='ocrx_word' id='word_1_725' title='bbox 596 5251 811 5323; x_wconf 90' lang='lat' dir='ltr'>tempsi</span> <span class='ocrx_word' id='word_1_726' title='bbox 844 5254 1240 5309; x_wconf 65' lang='lat' dir='ltr'>transeuntem</span> <span class='ocrx_word' id='word_1_727' title='bbox 1294 5248 1688 5320; x_wconf 90' lang='lat' dir='ltr'>peregrinum,</span> <span class='ocrx_word' id='word_1_728' title='bbox 1724 5251 1779 5301; x_wconf 89' lang='lat' dir='ltr'>et</span> <span class='ocrx_word' id='word_1_729' title='bbox 1808 5265 1834 5301; x_wconf 89' lang='lat' dir='ltr'>a</span> <span class='ocrx_word' id='word_1_730' title='bbox 1869 5248 2116 5303; x_wconf 85' lang='lat' dir='ltr'>canibus</span> <span class='ocrx_word' id='word_1_731' title='bbox 2147 5264 2246 5302; x_wconf 90' lang='lat' dir='ltr'>co-</span> 
     </span>
    </p>
   </div>
   <div class='ocr_carea' id='block_1_84' title="bbox 595 5336 2246 5404">
    <p class='ocr_par' dir='ltr' id='par_1_84' title="bbox 595 5336 2246 5404">
     <span class='ocr_line' id='line_1_85' title="bbox 595 5336 2246 5404; baseline -0.003 -8"><span class='ocrx_word' id='word_1_732' title='bbox 595 5346 821 5396; x_wconf 90' lang='lat' dir='ltr'>mestus</span> <span class='ocrx_word' id='word_1_733' title='bbox 851 5345 959 5396; x_wconf 88' lang='lat' dir='ltr'>est.</span> <span class='ocrx_word' id='word_1_734' title='bbox 994 5339 1136 5394; x_wconf 90' lang='lat' dir='ltr'>Cum</span> <span class='ocrx_word' id='word_1_735' title='bbox 1170 5338 1325 5393; x_wconf 91' lang='lat' dir='ltr'>enim</span> <span class='ocrx_word' id='word_1_736' title='bbox 1358 5337 1526 5391; x_wconf 88' lang='lat' dir='ltr'>illum</span> <span class='ocrx_word' id='word_1_737' title='bbox 1561 5336 1785 5391; x_wconf 88' lang='lat' dir='ltr'>salvare</span> <span class='ocrx_word' id='word_1_738' title='bbox 1840 5353 2098 5404; x_wconf 85' lang='lat' dir='ltr'>possem,</span> <span class='ocrx_word' id='word_1_739' title='bbox 2132 5353 2246 5391; x_wconf 90' lang='lat' dir='ltr'>non</span> 
     </span>
    </p>
   </div>
   <div class='ocr_carea' id='block_1_85' title="bbox 591 5426 2243 5498">
    <p class='ocr_par' dir='ltr' id='par_1_85' title="bbox 591 5426 2243 5498">
     <span class='ocr_line' id='line_1_86' title="bbox 591 5426 2243 5498; baseline -0.001 -16"><span class='ocrx_word' id='word_1_740' title='bbox 591 5430 737 5498; x_wconf 90' lang='lat' dir='ltr'>feci;</span> <span class='ocrx_word' id='word_1_741' title='bbox 775 5429 875 5484; x_wconf 90' lang='lat' dir='ltr'>sed</span> <span class='ocrx_word' id='word_1_742' title='bbox 910 5427 1110 5484; x_wconf 89' lang='lat' dir='ltr'>dimisi</span> <span class='ocrx_word' id='word_1_743' title='bbox 1143 5444 1301 5493; x_wconf 89' lang='lat' dir='ltr'>eum,</span> <span class='ocrx_word' id='word_1_744' title='bbox 1334 5431 1389 5482; x_wconf 90' lang='lat' dir='ltr'>et</span> <span class='ocrx_word' id='word_1_745' title='bbox 1421 5444 1455 5482; x_wconf 91' lang='lat' dir='ltr'>a</span> <span class='ocrx_word' id='word_1_746' title='bbox 1485 5427 1733 5481; x_wconf 89' lang='lat' dir='ltr'>canibus</span> <span class='ocrx_word' id='word_1_747' title='bbox 1775 5426 2102 5496; x_wconf 87' lang='lat' dir='ltr'>discerptus</span> <span class='ocrx_word' id='word_1_748' title='bbox 2135 5429 2243 5494; x_wconf 88' lang='lat' dir='ltr'>est,</span> 
     </span>
    </p>
   </div>
   <div class='ocr_carea' id='block_1_86' title="bbox 588 5515 2243 5591">
    <p class='ocr_par' dir='ltr' id='par_1_86' title="bbox 588 5515 2243 5591">
     <span class='ocr_line' id='line_1_87' title="bbox 588 5515 2243 5591; baseline -0.002 -17"><span class='ocrx_word' id='word_1_749' title='bbox 588 5519 829 5591; x_wconf 85' lang='lat' dir='ltr'>scioque</span> <span class='ocrx_word' id='word_1_750' title='bbox 855 5517 991 5590; x_wconf 88' lang='lat' dir='ltr'>quia</span> <span class='ocrx_word' id='word_1_751' title='bbox 1021 5524 1077 5572; x_wconf 87' lang='lat' dir='ltr'>et</span> <span class='ocrx_word' id='word_1_752' title='bbox 1109 5534 1215 5588; x_wconf 89' lang='lat' dir='ltr'>ego</span> <span class='ocrx_word' id='word_1_753' title='bbox 1238 5516 1319 5571; x_wconf 88' lang='lat' dir='ltr'>ita</span> <span class='ocrx_word' id='word_1_754' title='bbox 1342 5516 1488 5571; x_wconf 91' lang='lat' dir='ltr'>mori</span> <span class='ocrx_word' id='word_1_755' title='bbox 1513 5517 1715 5572; x_wconf 91' lang='lat' dir='ltr'>debeo.</span> <span class='ocrx_word' id='word_1_756' title='bbox 1742 5515 1902 5578; x_wconf 89' lang='lat' dir='ltr'>Quod</span> <span class='ocrx_word' id='word_1_757' title='bbox 1937 5519 1993 5571; x_wconf 70' lang='lat' dir='ltr'>et.</span> <span class='ocrx_word' id='word_1_758' title='bbox 2026 5515 2243 5571; x_wconf 86' lang='lat' dir='ltr'>factum</span> 
     </span>
    </p>
   </div>
   <div class='ocr_carea' id='block_1_87' title="bbox 590 5603 2246 5680">
    <p class='ocr_par' dir='ltr' id='par_1_87' title="bbox 590 5603 2246 5680">
     <span class='ocr_line' id='line_1_88' title="bbox 590 5603 2246 5680; baseline -0.002 -16"><span class='ocrx_word' id='word_1_759' title='bbox 590 5612 715 5676; x_wconf 88' lang='lat' dir='ltr'>est;</span> <span class='ocrx_word' id='word_1_760' title='bbox 748 5612 881 5680; x_wconf 88' lang='lat' dir='ltr'>post</span> <span class='ocrx_word' id='word_1_761' title='bbox 912 5611 1027 5662; x_wconf 89' lang='lat' dir='ltr'>tres</span> <span class='ocrx_word' id='word_1_762' title='bbox 1059 5605 1216 5661; x_wconf 90' lang='lat' dir='ltr'>enim</span> <span class='ocrx_word' id='word_1_763' title='bbox 1250 5622 1434 5661; x_wconf 89' lang='lat' dir='ltr'>annos</span> <span class='ocrx_word' id='word_1_764' title='bbox 1466 5623 1500 5661; x_wconf 91' lang='lat' dir='ltr'>a</span> <span class='ocrx_word' id='word_1_765' title='bbox 1552 5604 1779 5670; x_wconf 89' lang='lat' dir='ltr'>bestiis,</span> <span class='ocrx_word' id='word_1_766' title='bbox 1815 5608 1877 5659; x_wconf 91' lang='lat' dir='ltr'>ut</span> <span class='ocrx_word' id='word_1_767' title='bbox 1909 5603 2155 5674; x_wconf 89' lang='lat' dir='ltr'>dixerat,</span> <span class='ocrx_word' id='word_1_768' title='bbox 2187 5608 2246 5661; x_wconf 89' lang='lat' dir='ltr'>et</span> 
     </span>
    </p>
   </div>
   <div class='ocr_carea' id='block_1_88' title="bbox 589 5695 1221 5771">
    <p class='ocr_par' dir='ltr' id='par_1_88' title="bbox 589 5695 1221 5771">
     <span class='ocr_line' id='line_1_89' title="bbox 589 5695 1221 5771; baseline 0.002 -23"><span class='ocrx_word' id='word_1_769' title='bbox 589 5695 720 5771; x_wconf 89' lang='lat' dir='ltr'>ipse</span> <span class='ocrx_word' id='word_1_770' title='bbox 752 5696 1084 5767; x_wconf 89' lang='lat' dir='ltr'>discerptus</span> <span class='ocrx_word' id='word_1_771' title='bbox 1114 5699 1221 5750; x_wconf 89' lang='lat' dir='ltr'>est.</span> 
     </span>
    </p>
   </div>
   <div class='ocr_carea' id='block_1_89' title="bbox 2366 4712 3977 4777">
    <p class='ocr_par' dir='ltr' id='par_1_89' title="bbox 2366 4712 3977 4777">
     <span class='ocr_line' id='line_1_90' title="bbox 2366 4712 3977 4777; baseline -0.006 -3"><span class='ocrx_word' id='word_1_772' title='bbox 2366 4724 2748 4774; x_wconf 85' lang='lat' dir='ltr'>narraverunt</span> <span class='ocrx_word' id='word_1_773' title='bbox 2770 4720 2938 4774; x_wconf 89' lang='lat' dir='ltr'>nobis</span> <span class='ocrx_word' id='word_1_774' title='bbox 2962 4720 3221 4775; x_wconf 90' lang='lat' dir='ltr'>dicentes</span> <span class='ocrx_word' id='word_1_775' title='bbox 3248 4739 3259 4775; x_wconf 92' lang='lat'>:</span> <span class='ocrx_word' id='word_1_776' title='bbox 3285 4720 3429 4775; x_wconf 88' lang='lat' dir='ltr'>Cum</span> <span class='ocrx_word' id='word_1_777' title='bbox 3453 4721 3911 4777; x_wconf 87' lang='lat' dir='ltr'>adoravissemus</span> <span class='ocrx_word' id='word_1_778' title='bbox 3929 4712 3977 4766; x_wconf 89' lang='lat' dir='ltr'>in</span> 
     </span>
    </p>
   </div>
   <div class='ocr_carea' id='block_1_90' title="bbox 2364 4807 3980 4881">
    <p class='ocr_par' dir='ltr' id='par_1_90' title="bbox 2364 4807 3980 4881">
     <span class='ocr_line' id='line_1_91' title="bbox 2364 4807 3980 4881; baseline -0.007 -17"><span class='ocrx_word' id='word_1_779' title='bbox 2364 4815 2566 4864; x_wconf 90' lang='lat' dir='ltr'>sancto</span> <span class='ocrx_word' id='word_1_780' title='bbox 2618 4814 2833 4876; x_wconf 90' lang='lat' dir='ltr'>monte,</span> <span class='ocrx_word' id='word_1_781' title='bbox 2868 4814 2924 4865; x_wconf 91' lang='lat' dir='ltr'>et</span> <span class='ocrx_word' id='word_1_782' title='bbox 2965 4812 3088 4880; x_wconf 88' lang='lat' dir='ltr'>jam</span> <span class='ocrx_word' id='word_1_783' title='bbox 3141 4814 3587 4881; x_wconf 85' lang='lat' dir='ltr'>reverteremur,</span> <span class='ocrx_word' id='word_1_784' title='bbox 3621 4807 3854 4878; x_wconf 86' lang='lat' dir='ltr'>contigit</span> <span class='ocrx_word' id='word_1_785' title='bbox 3891 4815 3980 4857; x_wconf 87' lang='lat' dir='ltr'>nos</span> 
     </span>
    </p>
   </div>
   <div class='ocr_carea' id='block_1_91' title="bbox 2363 4887 3977 4969">
    <p class='ocr_par' dir='ltr' id='par_1_91' title="bbox 2363 4887 3977 4969">
     <span class='ocr_line' id='line_1_92' title="bbox 2363 4887 3977 4969; baseline -0.004 -17"><span class='ocrx_word' id='word_1_786' title='bbox 2363 4897 2541 4953; x_wconf 88' lang='lat' dir='ltr'>eremi</span> <span class='ocrx_word' id='word_1_787' title='bbox 2573 4898 2741 4954; x_wconf 85' lang='lat' dir='ltr'>devia</span> <span class='ocrx_word' id='word_1_788' title='bbox 2772 4899 3019 4953; x_wconf 89' lang='lat' dir='ltr'>errando</span> <span class='ocrx_word' id='word_1_789' title='bbox 3052 4898 3242 4969; x_wconf 88' lang='lat' dir='ltr'>sequi,</span> <span class='ocrx_word' id='word_1_790' title='bbox 3271 4899 3721 4968; x_wconf 86' lang='lat' dir='ltr'>ferebamurque</span> <span class='ocrx_word' id='word_1_791' title='bbox 3766 4894 3905 4950; x_wconf 87' lang='lat' dir='ltr'>sicut</span> <span class='ocrx_word' id='word_1_792' title='bbox 3928 4887 3977 4942; x_wconf 88' lang='lat' dir='ltr'>in</span> 
     </span>
    </p>
   </div>
   <div class='ocr_carea' id='block_1_92' title="bbox 2348 4976 3980 5072">
    <p class='ocr_par' dir='ltr' id='par_1_92' title="bbox 2348 4976 3980 5072">
     <span class='ocr_line' id='line_1_93' title="bbox 2348 4976 3980 5072; baseline -0.008 -29"><span class='ocrx_word' id='word_1_793' title='bbox 2348 4986 2564 5072; x_wconf 80' lang='lat' dir='ltr'>pelago</span> <span class='ocrx_word' id='word_1_794' title='bbox 2598 5004 2699 5058; x_wconf 90' lang='lat' dir='ltr'>per</span> <span class='ocrx_word' id='word_1_795' title='bbox 2730 4987 2976 5042; x_wconf 81' lang='lat' dir='ltr'>inediam</span> <span class='ocrx_word' id='word_1_796' title='bbox 3011 4986 3391 5042; x_wconf 87' lang='lat' dir='ltr'>solitudinem</span> <span class='ocrx_word' id='word_1_797' title='bbox 3423 4988 3549 5043; x_wconf 90' lang='lat' dir='ltr'>dies</span> <span class='ocrx_word' id='word_1_798' title='bbox 3581 4986 3876 5059; x_wconf 90' lang='lat' dir='ltr'>plurimos.</span> <span class='ocrx_word' id='word_1_799' title='bbox 3896 4976 3980 5035; x_wconf 88' lang='lat' dir='ltr'>Die</span> 
     </span>
    </p>
   </div>
   <div class='ocr_carea' id='block_1_93' title="bbox 2358 5069 3982 5149">
    <p class='ocr_par' dir='ltr' id='par_1_93' title="bbox 2358 5069 3982 5149">
     <span class='ocr_line' id='line_1_94' title="bbox 2358 5069 3982 5149; baseline -0.006 -18"><span class='ocrx_word' id='word_1_800' title='bbox 2358 5093 2491 5132; x_wconf 91' lang='lat' dir='ltr'>vero</span> <span class='ocrx_word' id='word_1_801' title='bbox 2508 5078 2760 5148; x_wconf 82' lang='lat' dir='ltr'>quadam</span> <span class='ocrx_word' id='word_1_802' title='bbox 2776 5076 3094 5148; x_wconf 90' lang='lat' dir='ltr'>aspicimus</span> <span class='ocrx_word' id='word_1_803' title='bbox 3111 5077 3181 5131; x_wconf 90' lang='lat' dir='ltr'>de</span> <span class='ocrx_word' id='word_1_804' title='bbox 3198 5076 3517 5149; x_wconf 83' lang='lat' dir='ltr'>longinquo</span> <span class='ocrx_word' id='word_1_805' title='bbox 3532 5076 3862 5148; x_wconf 88' lang='lat' dir='ltr'>speluncam</span> <span class='ocrx_word' id='word_1_806' title='bbox 3877 5069 3982 5124; x_wconf 85' lang='lat' dir='ltr'>bre-</span> 
     </span>
    </p>
   </div>
   <div class='ocr_carea' id='block_1_94' title="bbox 2357 5157 3976 5237">
    <p class='ocr_par' dir='ltr' id='par_1_94' title="bbox 2357 5157 3976 5237">
     <span class='ocr_line' id='line_1_95' title="bbox 2357 5157 3976 5237; baseline -0.004 -17"><span class='ocrx_word' id='word_1_807' title='bbox 2357 5182 2507 5232; x_wconf 83' lang='lat' dir='ltr'>vem,</span> <span class='ocrx_word' id='word_1_808' title='bbox 2525 5168 2595 5221; x_wconf 90' lang='lat' dir='ltr'>ad</span> <span class='ocrx_word' id='word_1_809' title='bbox 2616 5184 2788 5236; x_wconf 88' lang='lat' dir='ltr'>quam</span> <span class='ocrx_word' id='word_1_810' title='bbox 2815 5170 3140 5231; x_wconf 87' lang='lat' dir='ltr'>tendentes,</span> <span class='ocrx_word' id='word_1_811' title='bbox 3158 5166 3424 5237; x_wconf 88' lang='lat' dir='ltr'>cumjam</span> <span class='ocrx_word' id='word_1_812' title='bbox 3451 5166 3744 5237; x_wconf 74' lang='lat' dir='ltr'>spelunca:</span> <span class='ocrx_word' id='word_1_813' title='bbox 3766 5157 3976 5235; x_wconf 81' lang='lat' dir='ltr'>propin~</span> 
     </span>
    </p>
   </div>
   <div class='ocr_carea' id='block_1_95' title="bbox 2358 5247 3980 5326">
    <p class='ocr_par' dir='ltr' id='par_1_95' title="bbox 2358 5247 3980 5326">
     <span class='ocr_line' id='line_1_96' title="bbox 2358 5247 3980 5326; baseline -0.006 -17"><span class='ocrx_word' id='word_1_814' title='bbox 2358 5272 2699 5326; x_wconf 80' lang='lat' dir='ltr'>queremus,</span> <span class='ocrx_word' id='word_1_815' title='bbox 2724 5256 3018 5311; x_wconf 87' lang='lat' dir='ltr'>cernimus</span> <span class='ocrx_word' id='word_1_816' title='bbox 3051 5254 3327 5325; x_wconf 87' lang='lat' dir='ltr'>exiguum</span> <span class='ocrx_word' id='word_1_817' title='bbox 3361 5255 3604 5324; x_wconf 90' lang='lat' dir='ltr'>fontem,</span> <span class='ocrx_word' id='word_1_818' title='bbox 3630 5259 3685 5309; x_wconf 88' lang='lat' dir='ltr'>et</span> <span class='ocrx_word' id='word_1_819' title='bbox 3712 5252 3857 5308; x_wconf 86' lang='lat' dir='ltr'>circa</span> <span class='ocrx_word' id='word_1_820' title='bbox 3877 5247 3980 5302; x_wconf 87' lang='lat' dir='ltr'>fon-</span> 
     </span>
    </p>
   </div>
   <div class='ocr_carea' id='block_1_96' title="bbox 2358 5343 3981 5415">
    <p class='ocr_par' dir='ltr' id='par_1_96' title="bbox 2358 5343 3981 5415">
     <span class='ocr_line' id='line_1_97' title="bbox 2358 5343 3981 5415; baseline -0.006 -17"><span class='ocrx_word' id='word_1_821' title='bbox 2358 5350 2472 5399; x_wconf 89' lang='lat' dir='ltr'>tem</span> <span class='ocrx_word' id='word_1_822' title='bbox 2492 5345 2704 5400; x_wconf 88' lang='lat' dir='ltr'>herbas</span> <span class='ocrx_word' id='word_1_823' title='bbox 2724 5345 2998 5407; x_wconf 88' lang='lat' dir='ltr'>modicas,</span> <span class='ocrx_word' id='word_1_824' title='bbox 3017 5348 3071 5399; x_wconf 89' lang='lat' dir='ltr'>et</span> <span class='ocrx_word' id='word_1_825' title='bbox 3086 5343 3329 5415; x_wconf 84' lang='lat' dir='ltr'>vestigia</span> <span class='ocrx_word' id='word_1_826' title='bbox 3342 5343 3595 5399; x_wconf 86' lang='lat' dir='ltr'>hominis</span> <span class='ocrx_word' id='word_1_827' title='bbox 3612 5361 3625 5412; x_wconf 90' lang='lat'>;</span> <span class='ocrx_word' id='word_1_828' title='bbox 3646 5343 3981 5398; x_wconf 86' lang='lat' dir='ltr'>dicebamus-</span> 
     </span>
    </p>
   </div>
   <div class='ocr_carea' id='block_1_97' title="bbox 2356 5426 3979 5506">
    <p class='ocr_par' dir='ltr' id='par_1_97' title="bbox 2356 5426 3979 5506">
     <span class='ocr_line' id='line_1_98' title="bbox 2356 5426 3979 5506; baseline -0.009 -17"><span class='ocrx_word' id='word_1_829' title='bbox 2356 5450 2470 5504; x_wconf 92' lang='lat' dir='ltr'>que</span> <span class='ocrx_word' id='word_1_830' title='bbox 2493 5436 2643 5503; x_wconf 88' lang='lat' dir='ltr'>apud</span> <span class='ocrx_word' id='word_1_831' title='bbox 2670 5451 2775 5489; x_wconf 92' lang='lat' dir='ltr'>nos</span> <span class='ocrx_word' id='word_1_832' title='bbox 2798 5434 2992 5506; x_wconf 86' lang='lat' dir='ltr'>ipsos:</span> <span class='ocrx_word' id='word_1_833' title='bbox 3023 5433 3164 5488; x_wconf 89' lang='lat' dir='ltr'>Vere</span> <span class='ocrx_word' id='word_1_834' title='bbox 3192 5433 3295 5488; x_wconf 89' lang='lat' dir='ltr'>hoc</span> <span class='ocrx_word' id='word_1_835' title='bbox 3318 5433 3376 5487; x_wconf 92' lang='lat' dir='ltr'>in</span> <span class='ocrx_word' id='word_1_836' title='bbox 3402 5432 3528 5489; x_wconf 92' lang='lat' dir='ltr'>loco</span> <span class='ocrx_word' id='word_1_837' title='bbox 3551 5448 3752 5488; x_wconf 87' lang='lat' dir='ltr'>servus</span> <span class='ocrx_word' id='word_1_838' title='bbox 3772 5427 3866 5483; x_wconf 92' lang='lat' dir='ltr'>Dei</span> <span class='ocrx_word' id='word_1_839' title='bbox 3886 5426 3979 5480; x_wconf 88' lang='lat' dir='ltr'>est.</span> 
     </span>
    </p>
   </div>
   <div class='ocr_carea' id='block_1_98' title="bbox 2355 5517 3980 5595">
    <p class='ocr_par' dir='ltr' id='par_1_98' title="bbox 2355 5517 3980 5595">
     <span class='ocr_line' id='line_1_99' title="bbox 2355 5517 3980 5595; baseline -0.005 -17"><span class='ocrx_word' id='word_1_840' title='bbox 2355 5522 2609 5594; x_wconf 91' lang='lat' dir='ltr'>Ingressi</span> <span class='ocrx_word' id='word_1_841' title='bbox 2634 5523 2813 5595; x_wconf 88' lang='lat' dir='ltr'>igitur</span> <span class='ocrx_word' id='word_1_842' title='bbox 2835 5522 3130 5579; x_wconf 89' lang='lat' dir='ltr'>neminem</span> <span class='ocrx_word' id='word_1_843' title='bbox 3156 5521 3434 5589; x_wconf 87' lang='lat' dir='ltr'>vidimus;</span> <span class='ocrx_word' id='word_1_844' title='bbox 3458 5519 3787 5578; x_wconf 88' lang='lat' dir='ltr'>solumme</span> <span class='ocrx_word' id='word_1_845' title='bbox 3809 5517 3980 5571; x_wconf 83' lang='lat' dir='ltr'>autem</span> 
     </span>
    </p>
   </div>
   <div class='ocr_carea' id='block_1_99' title="bbox 2353 5608 3980 5685">
    <p class='ocr_par' dir='ltr' id='par_1_99' title="bbox 2353 5608 3980 5685">
     <span class='ocr_line' id='line_1_100' title="bbox 2353 5608 3980 5685; baseline -0.003 -18"><span class='ocrx_word' id='word_1_846' title='bbox 2353 5612 2663 5682; x_wconf 88' lang='lat' dir='ltr'>cujusdam</span> <span class='ocrx_word' id='word_1_847' title='bbox 2705 5612 2994 5685; x_wconf 89' lang='lat' dir='ltr'>vagientis</span> <span class='ocrx_word' id='word_1_848' title='bbox 3018 5627 3220 5668; x_wconf 88' lang='lat' dir='ltr'>vocem</span> <span class='ocrx_word' id='word_1_849' title='bbox 3253 5610 3661 5669; x_wconf 89' lang='lat' dir='ltr'>audiebamus.</span> <span class='ocrx_word' id='word_1_850' title='bbox 3696 5608 3834 5665; x_wconf 90' lang='lat' dir='ltr'>Cum</span> <span class='ocrx_word' id='word_1_851' title='bbox 3862 5614 3980 5671; x_wconf 77' lang='lat' dir='ltr'>ergo</span> 
     </span>
    </p>
   </div>
   <div class='ocr_carea' id='block_1_100' title="bbox 2352 5686 3980 5773">
    <p class='ocr_par' dir='ltr' id='par_1_100' title="bbox 2352 5686 3980 5773">
     <span class='ocr_line' id='line_1_101' title="bbox 2352 5686 3980 5773; baseline -0.002 -17"><span class='ocrx_word' id='word_1_852' title='bbox 2352 5702 2451 5757; x_wconf 90' lang='lat' dir='ltr'>diu</span> <span class='ocrx_word' id='word_1_853' title='bbox 2477 5702 2915 5773; x_wconf 83' lang='lat' dir='ltr'>quaesissemus,</span> <span class='ocrx_word' id='word_1_854' title='bbox 2935 5700 3273 5758; x_wconf 90' lang='lat' dir='ltr'>invenimus</span> <span class='ocrx_word' id='word_1_855' title='bbox 3294 5699 3474 5758; x_wconf 90' lang='lat' dir='ltr'>veluti</span> <span class='ocrx_word' id='word_1_856' title='bbox 3495 5694 3915 5773; x_wconf 54' lang='lat' dir='ltr'>praesepiumﬁt</span> <span class='ocrx_word' id='word_1_857' title='bbox 3930 5686 3980 5742; x_wconf 75' lang='lat' dir='ltr'>in</span> 
     </span>
    </p>
   </div>
  </div>
