4184 6330
551 360 656 413 207

1744 364 1840 415 DE
1880 363 2072 416 VITIS
2111 362 2410 417 PATRUM
2449 362 2661 418 LIBER
2701 364 2769 417 X.

3843 361 3932 418 208

554 484 897 557 compulsus
917 488 1005 540 est
1020 482 1586 555 Constantinopolim
1607 498 1865 555 pergere,
1891 485 2194 556 ingressus
2225 488 2275 551 Α
2306 484 2673 555 Alexandria,
2698 483 2955 540 narravit
2977 484 3170 551 nobis,
3191 483 3394 541 dicens
3420 499 3432 538 :
3465 486 3606 539 Cum
3639 499 3821 540 essem
3846 485 3936 555 ju-

553 590 664 645 que
693 578 785 630 est
809 590 1032 629 navem.
1066 574 1213 628 Cum
1244 589 1375 627 vero
1395 572 1556 627 navis
1579 573 1800 628 diutius
1837 573 2196 628 detineretur

552 665 611 720 in
647 664 873 737 pelago,
897 664 1105 719 defecit
1129 678 1301 733 aqua,
1321 666 1604 732 erantque
1636 666 1823 717 nautas
1857 667 1912 717 et
1936 667 2196 718 vectores

550 755 611 810 in
645 771 855 824 magna
882 754 1168 808 anxietate
1190 755 1246 807 et
1267 751 1690 823 desperatione.
1718 753 1976 820 Surgens
2000 757 2194 806 autem

552 843 923 909 anachoreta,
958 847 1014 897 et
1040 842 1376 912 expandens
1408 840 1465 895 in
1489 840 1698 895 ccelum
1723 857 1935 895 manus
1959 857 2098 895 suas
2122 839 2194 894 ad

553 936 760 1000 Deum,
793 933 893 1005 qui
926 932 1111 989 salvat
1156 932 1226 987 de
1271 935 1455 985 morte
1486 930 1713 986 animas
1765 935 2017 995 nostras,
2047 932 2196 984 facta

550 1024 833 1094 oratione,
857 1022 1109 1094 signavit
1145 1037 1301 1075 mare
1333 1022 1500 1090 signo
1533 1020 1745 1081 crucis.
1777 1024 1833 1075 et
1868 1021 1946 1074 ait
1977 1020 2192 1086 nautis;

549 1112 897 1170 Benedictus
928 1110 1235 1177 Dominus,
1260 1109 1487 1164 haurite
1532 1114 1819 1180 quantum
1853 1126 2017 1181 aquae
2048 1125 2197 1179 opus

547 1203 796 1260 habetis.
833 1200 1345 1273 Impleveruntque
1402 1200 1597 1253 omnia
1629 1216 1766 1255 vasa
1796 1216 1903 1254 sua
1946 1200 2015 1254 de
2047 1198 2194 1253 mari

546 1310 700 1365 aqua
729 1290 923 1359 dulci;
954 1294 1011 1345 et
1035 1304 1240 1345 omnes
1272 1287 1748 1359 glorificaverunt
1786 1290 1986 1343 Deum.

1100 1395 1324 1451 CAPUT
1366 1395 1640 1451 CLXXIV.

544 1493 767 1548 Factum
795 1486 1055 1544 nauclerz'
1084 1486 1197 1541 viri
1226 1484 1928 1611 religtz'osz',tqztipluviama
1968 1486 2195 1541 Domino

1201 1573 1349 1611 zmne
1375 1573 1491 1611 ravz
1527 1598 1539 1610 .

1201 1573 1434 1628 zmpezra
1444 1573 1539 1611 vn.

614 1651 810 1707 Abbas
841 1648 1157 1720 Gregorius
1188 1646 1543 1701 anachoreta
1577 1644 1836 1699 narravit
1863 1645 2054 1713 nobis,
2102 1645 2191 1699 di-

547 1756 705 1811 cens;
727 1743 868 1795 Cum
888 1756 955 1793 ex
974 1737 1241 1808 Byzantio
1265 1735 1703 1800 descenderem,
1731 1734 2031 1805 ingressus
2060 1751 2193 1789 sum

2303 575 2492 643 venis,
2509 574 3229 646 indisciplinatusvaldeet
3250 573 3548 646 inquietus
3567 573 3667 628 fui.
3696 573 3790 628 Die
3810 590 3933 647 ergo

2307 667 2561 737 quadam
2579 667 3040 737 persecutionem
3052 666 3205 738 passi
3223 682 3324 737 pro
3339 664 3937 736 nostrainquietudine

2308 757 2566 827 fugimus
2590 758 2649 812 in
2671 757 3036 813 Palaestinam
3057 774 3160 826 ego
3184 762 3240 812 et
3262 773 3467 811 novem
3491 755 3611 823 alii;
3636 756 3782 810 inter
3801 773 3934 827 quos

2308 862 2461 901 unus
2480 846 2720 917 quidam
2746 852 2869 902 erat
2890 846 3241 916 industrius,
3262 844 3416 901 alius
3439 849 3635 901 autem
3659 844 3937 902 Hebraeus.

2306 948 2445 999 Cum
2471 960 2607 1017 ergo
2633 945 3069 1001 venissemusin
3096 961 3357 1000 eremum
3377 944 3713 1000 infirmatus
3731 950 3815 999 est
3838 945 3935 1001 He-

2308 1033 2498 1089 braeus
2533 1051 2719 1106 usque
2749 1036 2818 1091 ad
2874 1041 3145 1105 mortem,
3198 1039 3254 1089 et
3285 1034 3400 1089 Deo
3431 1037 3599 1097 teste,
3634 1034 3691 1087 in
3744 1050 3934 1106 magno

2308 1138 2553 1178 maerore
2574 1124 2877 1179 constituti
2901 1141 3161 1193 eramus,
3182 1123 3512 1179 nescientes
3533 1122 3674 1193 quid
3701 1123 3783 1178 illi
3806 1123 3939 1180 face-

2306 1230 2521 1268 remus.
2547 1211 2965 1269 Verumtamen
2992 1219 3052 1269 ut
3073 1220 3164 1269 est
3185 1213 3548 1269 consuetudo
3568 1211 3798 1267 socialis
3821 1213 3941 1269 cha-

2308 1301 2522 1371 ritatis,
2548 1319 2663 1357 non
2689 1302 2853 1357 illum
2877 1303 3269 1373 deseruimus,
3292 1303 3393 1358 sed
3420 1301 3825 1373 unusquisque
3849 1318 3935 1359 no-

2306 1394 2497 1445 strum
2531 1408 2634 1461 pro
2656 1391 2876 1447 viribus
2904 1393 3126 1448 ferebat
3144 1408 3301 1459 eum,
3323 1390 3581 1447 volentes
3614 1389 3702 1445 vel
3733 1390 3789 1445 in
3810 1391 3937 1447 civi-

2304 1484 2506 1549 tatem,
2529 1480 2618 1536 vel
2642 1481 2699 1535 in
2723 1482 3052 1552 emporium
3086 1481 3253 1537 illum
3279 1482 3514 1546 ducere,
3545 1496 3616 1536 ne
3638 1484 3934 1537 moreretur

2303 1568 2360 1623 in
2396 1586 2611 1625 eremo.
2644 1570 2790 1625 Cum
2815 1587 2949 1627 vero
2983 1571 3327 1627 adolescens
3359 1586 3428 1626 ex
3457 1568 3656 1625 inedia
3686 1573 3742 1624 et
3771 1569 3930 1625 vehe-

2307 1658 2675 1713 mentissima
2707 1661 2883 1727 febre,
2918 1657 3628 1730 immoderatoquelabore
3644 1658 3806 1714 etsiti
3831 1676 3929 1730 prae

2304 1747 2445 1802 solis
2476 1752 2619 1803 aestu
2652 1750 2944 1820 totusjam
2970 1750 3085 1804 fere
3108 1748 3402 1805 resolutus
3418 1752 3596 1815 esset,
3621 1753 3791 1819 atque
3808 1746 3933 1803 deﬁ-

550 1830 759 1886 navim:
786 1827 1025 1882 intravit
1056 1829 1246 1881 autem
1274 1828 1331 1878 et
1360 1823 1555 1922 scriba
1586 1822 1995 1922 quidamrum
2022 1840 2195 1878 uxore
2233 1859 2274 1922 Β
2306 1841 2480 1903 εει-ει,
2508 1839 2910 1910 propinquans
2932 1840 3003 1894 ad
3026 1839 3268 1906 exitum,
3287 1853 3477 1909 neque
3497 1837 3713 1907 portari
3732 1841 3929 1908 posset,

546 1919 1042 1991 sua,profecturus
1056 1916 1125 1970 ad
1142 1917 1397 1969 sanctam
1410 1911 1697 1968 civitatem
1710 1911 1991 1967 orationis
2006 1928 2198 1967 causa.

547 2009 687 2064 Erat
717 2012 913 2063 autem
940 2004 1248 2060 nauclerus
1280 2001 1594 2073 religiosus
1617 2001 1803 2063 valde,
1827 2000 2199 2072 multumque

542 2098 928 2170 jejunans.Cu
941 2111 996 2149 m
1013 2109 1147 2164 ergo
1164 2090 1802 2162 navigaremus,seribaa
1817 2091 1963 2145 servi
1985 2090 2199 2145 frustra

547 2186 974 2243 consumebant
995 2199 1230 2253 aquam.
1248 2180 1566 2250 Postquam
1591 2195 1723 2234 vero
1748 2180 1803 2233 in
1826 2179 2080 2234 medium
2108 2196 2197 2251 pe-

542 2276 714 2348 lagus
744 2274 1037 2338 venimus,
1070 2271 1283 2326 defecit
1330 2269 1498 2323 nobis
1539 2284 1716 2338 aqua,
1751 2283 2102 2339 eramusque
2136 2268 2194 2322 in

544 2382 760 2437 magna
790 2363 1045 2418 tristitia.
1072 2365 1139 2415 Et
1161 2364 1284 2415 erat
1314 2357 1645 2413 miserabile
1670 2357 2072 2429 spectaculum
2085 2356 2192 2425 ,vi-

541 2457 677 2512 dere
700 2452 1061 2517 mulieres,et
1084 2466 1315 2522 pueros,
1339 2448 1669 2503 etinfantes
1707 2447 1805 2502 siti
1839 2462 2191 2514 arescentes,

541 2551 597 2601 et
626 2543 803 2600 veluti
831 2538 1556 2609 mortuosjacentes.Cum
1571 2553 1705 2608 ergo
1722 2535 1846 2591 dies
1862 2540 1979 2591 tres
2006 2536 2059 2589 in
2086 2535 2192 2590 hac

542 2632 889 2689 necessitate
905 2624 2059 2697 fecissemus,scribaipsetribulationem
2079 2642 2191 2679 non

544 2723 861 2787 sustinens,
880 2720 1090 2774 educto
1113 2715 1326 2788 gladio,
1344 2720 1627 2770 etnautas
1648 2719 1703 2769 et
1726 2712 2065 2768 naucleram
2089 2731 2189 2768 vo-

543 2812 700 2867 lebat
730 2809 1011 2865 occidere.
1038 2806 1277 2860 Dicebat
1295 2804 1486 2859 enim:
1513 2804 1737 2858 Hisunt
1760 2808 1969 2857 nostrae
1996 2802 2191 2873 perdi-

543 2900 721 2955 tionis
736 2902 1024 2965 auctores,
1039 2895 1303 2965 quianon
1320 2896 1929 2963 sumpseruntaquam
1948 2893 2014 2945 ad
2033 2890 2189 2946 suffi-

545 2988 840 3045 cientiam.
867 2990 980 3057 Ego
1004 2988 1199 3039 autem
1233 2982 1468 3036 orabam
1502 2981 1756 3035 scribam
1804 2980 2024 3035 dicens:
2062 2980 2189 3035 Noli

544 3079 654 3133 hoc
669 3075 980 3140 facere,sed
1002 3072 1186 3144 magis
1201 3072 1580 3142 deprecemur
1593 3069 1905 3124 Dominum
1922 3074 2120 3125 nostru
2133 3086 2188 3124 m

541 3168 741 3222 Jesum
772 3180 978 3220 verum
1005 3164 1208 3230 Deum,
1251 3159 1349 3231 qui
1387 3160 1522 3214 facit
1550 3176 1757 3229 magna
1786 3163 1841 3213 et
1872 3158 2185 3225 mirabilia,

2306 1926 2670 1982 decrevimus
2694 1946 2827 1982 cum
2852 1928 3055 1983 multis
3081 1927 3355 2000 lacrymis
3379 1926 3545 1981 illum
3571 1926 3858 1981 dimittere
3878 1926 3929 1980 in

2305 2031 2499 2070 eremo
2524 2020 2579 2071 et
2603 2017 2935 2087 abscedere,
2968 2022 3294 2073 metuentes
3326 2032 3395 2071 ne
3428 2033 3534 2071 nos
3567 2015 3679 2087 ipsi
3719 2032 3929 2087 quoque

2305 2104 2402 2158 siti
2427 2104 2829 2161 deﬁceremus.
2847 2105 3366 2178 Cumigiturillum
3382 2106 3437 2159 in
3457 2121 3638 2160 arena
3655 2104 3929 2176 plorantes

2304 2194 2729 2265 posuissemus,
2753 2196 3088 2267 videretque
3120 2213 3225 2252 nos
3258 2195 3416 2250 abire
3445 2194 3615 2266 velle,
3648 2193 3814 2266 erepit
3837 2210 3929 2249 nos

2302 2284 2593 2351 adjurare,
2620 2285 2839 2341 dicens:
2867 2290 2971 2341 Per
2988 2286 3172 2341 Deum
3197 2285 3294 2357 qui
3322 2285 3455 2341 fecit
3476 2283 3689 2340 coelum
3732 2287 3786 2339 et
3820 2286 3927 2339 ter-

2301 2385 2447 2435 ram,
2474 2388 2575 2441 per
2601 2372 2774 2426 Deum
2801 2372 2899 2444 qui
2960 2372 3264 2428 inclinavit
3311 2371 3508 2437 ccelos,
3562 2375 3619 2427 et
3650 2370 3928 2427 descendit

2302 2474 2402 2529 pro
2419 2458 2860 2515 salutehumani
2881 2463 3240 2534 generis,per
3256 2460 3439 2517 Deum
3465 2461 3566 2531 qui
3585 2460 3933 2532 judicaturus

2299 2552 2388 2601 est
2406 2547 2562 2603 vivos
2581 2554 2636 2604 et
2656 2556 2939 2616 mortuos,
2966 2550 3145 2606 nolite
3171 2550 3288 2623 pati
3312 2554 3377 2605 ut
3398 2550 3679 2605 Hebraeus
3712 2547 3929 2614 moriar,

2299 2646 2398 2699 sed
2418 2648 3024 2717 tanquamChristiani
3041 2648 3207 2703 facite
3224 2645 3929 2714 meeummisericordiam,

2298 2738 2355 2788 et
2376 2734 2664 2805 baptizate
2688 2754 2800 2802 me,
2818 2741 2880 2792 ut
2901 2737 3269 2794 Christianus
3291 2738 3362 2792 de
3382 2737 3492 2792 hac
3516 2737 3638 2791 vita
3657 2736 3927 2802 exeam,et

2298 2825 2369 2877 ad
2404 2824 2713 2880 Dominum
2746 2842 3000 2898 pergam.
3027 2828 3142 2883 Nos
3176 2843 3308 2882 vero
3340 2826 3688 2882 dicebamus
3708 2822 3926 2880 ei:Vere

2299 2912 2498 2980 frater,
2535 2931 2647 2969 non
2671 2914 2805 2970 licet
2838 2916 3005 2971 nobis
3045 2915 3155 2971 hoc
3202 2918 3412 2985 facere,
3445 2915 3755 2971 saeculares
3786 2912 3922 2967 enim

2297 3018 2531 3071 sumus;
2554 3002 2662 3058 hoc
2712 3009 2909 3059 autem
2943 3005 3353 3077 episcoporum
3385 3008 3443 3059 et
3473 3004 3921 3076 presbyterorum

2297 3107 2443 3162 opus
2475 3098 2584 3162 est;
2610 3094 2708 3149 sed
2741 3111 2926 3166 neque
2958 3112 3108 3166 aqua
3131 3096 3222 3150 hic
3255 3099 3361 3150 est.
3399 3093 3498 3150 Ille
3519 3111 3657 3150 vero
3681 3092 3926 3165 persiste-

2296 3178 2395 3235 bat
2418 3181 2691 3237 similiter
2719 3183 3003 3254 adjurans
3030 3201 3157 3250 nos,
3188 3188 3245 3239 et
3272 3183 3442 3255 plura
3472 3182 3653 3239 etiam
3677 3197 3803 3237 cum
3846 3178 3918 3233 la-

543 3273 793 3328 quowm
828 3271 942 3309 non
975 3256 1064 3308 θεῖ
1086 3265 1387 3341 numerus?
1416 3248 1552 3341 E909
1585 3248 1739 3341 θΨίΨ
1763 3252 1818 3341 ei
1847 3248 2185 3341 ΠθυθῙθίῖυδτ
2217 3238 2258 3305 C
2298 3270 2511 3341 crymis
2543 3271 2847 3340 adjiciens,
2882 3290 2945 3328 ac
2978 3273 3201 3329 dicens:
3235 3273 3445 3338 Nolite,
3488 3269 3817 3334 Christiani,
3844 3283 3922 3322 me

542 3350 608 3401 ut
630 3346 813 3415 vides,
839 3342 1077 3399 tertium
1100 3340 1257 3394 hunc
1284 3338 1403 3409 agit
1426 3338 1603 3405 diem,
1622 3338 1849 3407 jejunio
1869 3344 1923 3392 et
1941 3338 2190 3393 orationi

541 3451 773 3490 vacans.
795 3434 1057 3503 Cumque
1070 3428 1459 3501 acquievisset
1478 3428 1692 3495 scriba,
1710 3432 1917 3497 quarta
1931 3428 2021 3482 die
2038 3427 2192 3483 circa

542 3529 764 3579 sextam
810 3523 1014 3578 horam
1060 3536 1310 3590 surgens
1361 3516 1693 3585 nauclerus,
1745 3515 2016 3571 clamavit
2054 3533 2190 3572 voce

542 3612 1005 3684 magna,dicens:
1029 3606 1224 3663 Gloria
1249 3606 1377 3670 tibi,
1410 3604 1642 3660 Christe
1673 3606 1818 3659 Deus
1864 3609 2082 3671 noster,
2107 3605 2189 3660 ita

541 3709 609 3759 ut
630 3718 831 3757 omnes
855 3700 1204 3755 miraremur
1222 3696 1277 3750 in
1305 3711 1437 3750 voce
1460 3695 1665 3765 ipsius.
1688 3695 1960 3765 Dixitque
1991 3697 2186 3752 nautis

539 3791 879 3849 Submittite
902 3788 1275 3845 membranas
1307 3786 1442 3857 (35).
1478 3785 1546 3838 Et
1592 3802 1726 3839 cum
1772 3784 2187 3854 explicuissent

541 3899 662 3948 eas,
695 3897 825 3936 ecce
849 3880 1034 3934 nubes
1059 3894 1236 3947 supra
1259 3890 1461 3929 navem
1487 3874 1745 3939 veniens,
1780 3879 2013 3927 tantum
2037 3874 2187 3944 pluit

539 3989 724 4044 aquae,
777 3971 960 4025 donec
1018 3967 1407 4037 impleverunt
1455 3979 1595 4016 vasa
1641 3962 1712 4015 ad
1773 3963 2181 4018 necessitatem

535 4068 819 4119 nostram.
842 4063 973 4113 Erat
995 4060 1188 4112 autem
1214 4052 1560 4108 miraculum
1587 4052 1805 4123 grande
1828 4057 1883 4106 et
1902 4052 2183 4121 terribile,

531 4153 685 4224 quod
704 4150 1031 4205 velificante
1055 4161 1217 4209 nave,
1242 4144 1427 4197 nubes
1452 4140 1551 4195 illa
1573 4147 2032 4212 consequeretur
2052 4160 2179 4213 nos,

528 4254 587 4297 et
617 4244 782 4296 extra
812 4252 1017 4292 navem
1053 4249 1166 4288 non
1195 4231 1437 4303 plueret.

1088 4339 1319 4395 CAPUT
1351 4336 1613 4393 CLXXV.

579 4435 789 4494 Relatio
814 4433 878 4488 de
897 4432 1111 4487 Zenone
1142 4429 1473 4499 imperatore
1506 4428 1624 4481 viro
1660 4425 2116 4497 eleemosynario.

595 4530 1042 4590 Narravitnobis
1066 4528 1305 4599 quidam
1330 4529 1568 4579 Patrum
1592 4524 1661 4578 de
1684 4523 2169 4595 Zenoneimpera-

2298 3359 2525 3430 privare
2546 3360 2651 3416 hoc
2675 3362 2957 3418 divinitus
2990 3362 3217 3418 indulto
3250 3378 3512 3418 munere.
3539 3363 3682 3417 Cum
3721 3374 3845 3431 ergo
3870 3356 3919 3411 in

2297 3465 2506 3520 magna
2529 3448 2896 3507 haesitatione
2909 3468 3194 3519 essemus,
3212 3451 3542 3508 industrius
3558 3450 3655 3506 ille
3668 3447 3921 3505 divinitus

2296 3536 2619 3608 inspiratus
2641 3541 2721 3595 ait
2744 3540 2931 3596 nobis:
2967 3541 3182 3613 Erigite
3204 3541 3396 3607 illum,
3429 3545 3487 3595 et
3533 3539 3746 3595 exuite.
3796 3536 3918 3591 Ere-

2291 3626 2488 3683 ximus
2512 3628 2709 3700 itaque
2732 3647 2864 3686 cum
2890 3647 3102 3703 magno
3124 3630 3321 3687 labore
3343 3629 3534 3696 illum,
3559 3634 3915 3696 erectumque

2292 3720 2555 3773 tenentes
2586 3719 2875 3774 exuimus.
2912 3720 3249 3776 Industrius
3297 3725 3493 3774 autem
3540 3718 3640 3773 ille
3690 3714 3915 3787 impleas

2289 3806 2493 3861 ambas
2518 3823 2727 3863 manus
2758 3825 2898 3864 suas
2929 3826 3105 3864 arena
3136 3810 3269 3878 (36),
3301 3808 3471 3864 tertio
3520 3806 3726 3863 effudit
3753 3816 3913 3875 super

2288 3908 2464 3973 caput
2485 3905 2634 3975 ejus,
2664 3907 2865 3962 dicens
2896 3906 2995 3961 ita:
3024 3908 3357 3979 Baptizatur
3383 3906 3722 3961 Theodorus
3744 3903 3798 3957 in
3821 3917 3911 3956 no-

2290 3992 2443 4046 mine
2478 3994 2687 4061 Patris,
2718 4001 2775 4051 et
2805 3996 2951 4065 Filii,
2985 4002 3041 4052 et
3071 3997 3326 4069 Spiritus
3358 3996 3567 4051 sancti.
3604 3994 3775 4050 Nobis
3793 4004 3908 4046 vero

2285 4096 2387 4150 per
2400 4082 2633 4153 singula
2650 4102 2720 4140 no
2731 4085 2888 4141 mina
2902 4091 3120 4141 sanctae
3133 4090 3188 4141 et
3206 4083 3701 4141 consubtantialis
3714 4086 3767 4137 et
3785 4079 3909 4135 ado-

2284 4170 2477 4225 randae
2509 4173 2815 4229 Trinitatis
2859 4175 3353 4246 respondentibus
3390 4176 3575 4229 Amen
3623 4169 3907 4235 (Dominus

2280 4265 2437 4315 Deus
2467 4262 2635 4317 testis
2665 4268 2774 4334 est,
2804 4265 3049 4335 fratres),
3071 4265 3151 4319 ita
3168 4264 3445 4319 continuo
3469 4262 3699 4319 sanavit
3719 4264 3774 4314 et
3794 4273 3903 4313 cor-

2282 4348 2576 4405 roboravit
2592 4367 2725 4406 eum
2750 4352 3016 4407 Christus
3040 4353 3192 4408 Deus
3221 4357 3439 4421 noster,
3464 4356 3527 4406 ut
3553 4346 3900 4417 nullumjam

2280 4437 2336 4490 in
2371 4455 2437 4493 eo
2468 4440 2729 4509 pristinae
2762 4442 3123 4498 infirmitatis
3147 4446 3476 4498 remaneret
3508 4431 3903 4504 indicium,vel

2279 4527 2704 4599 qualiscunque
2736 4531 3054 4601 passionis;
3088 4532 3196 4595 sed,
3220 4548 3401 4586 sanus
3433 4534 3491 4585 et
3532 4528 3730 4584 valens
3783 4538 3901 4580 cum

523 4630 668 4689 tore,
703 4620 1067 4690 dicensquod
1092 4616 1394 4671 mulierem
1430 4612 1743 4682 quamdam
1765 4612 1821 4666 in
1842 4613 2165 4684 filiaipsius
2199 4599 2243 4661 Ι)
2276 4618 2436 4672 omni
2470 4599 2755 4675 alicritate
2786 4626 2841 4677 et
2871 4622 3075 4677 ﬂorido
3102 4627 3363 4693 aspectu,
3425 4621 3579 4691 quod
3631 4618 3897 4688 reliquum

524 4711 807 4783 injuriose
840 4708 1124 4765 tractavit.
1164 4707 1287 4759 llaec
1320 4708 1511 4758 autem
1560 4702 1800 4757 vacabat
1830 4703 1887 4756 in
1948 4702 2168 4774 templo

525 4802 786 4858 Domina:
821 4802 1023 4854 nostrae
1057 4800 1273 4852 sanctae
1305 4792 1404 4847 Dei
1458 4791 1778 4862 genitricis,
1829 4808 2005 4846 orans
2038 4809 2161 4847 eam

516 4892 668 4948 915
695 4894 752 4945 et
772 4890 1112 4959 deprecans,
1141 4890 1196 4939 et
1222 4900 1353 4937 cum
1378 4879 1651 4952 lacrymis
1670 4881 1894 4934 dicens:
1918 4880 2163 4937 Vindica

518 4998 612 5037 me
636 4981 705 5036 de
736 4978 964 5034 Zenone
997 4977 1366 5046 imperatore.
1402 4973 1543 5026 Cum
1566 4985 1702 5040 ergo
1722 4969 1922 5024 mullis
1954 4970 2162 5026 diebus

514 5068 624 5126 hoc
657 5072 890 5135 faceret,
926 5062 1263 5137 apparuitei
1287 5064 1489 5116 sancta
1512 5059 1608 5114 Dei
1628 5058 1903 5131 genitrix,
1936 5058 2159 5119 dicens:

510 5159 688 5215 Crede
723 5158 887 5227 mihi,
913 5154 1141 5220 mulier,
1180 5151 1460 5205 ultionem
1486 5155 1645 5203 tuam
1672 5165 1823 5218 saepe
1848 5149 2034 5203 facere
2058 5166 2153 5204 vo-

506 5247 719 5318 lui,sed
752 5262 959 5301 manus
993 5244 1119 5315 ejus
1154 5240 1423 5313 prohibet
1454 5254 1567 5292 me.
1629 5237 1764 5292 Erat
1793 5236 1950 5291 enim
1985 5238 2154 5295 valde

504 5336 862 5404 misericors,
898 5339 955 5390 et
986 5333 1389 5401 eleemosynas
1422 5326 1659 5382 faciens.

1053 5437 1283 5493 CAPUT
1316 5434 1590 5491 CLXXVI.

494 5532 733 5589 Pulchra
756 5531 953 5587 relatio
980 5528 1190 5583 abbatis
1214 5526 1437 5581 Andreae
1458 5524 1521 5579 de
1542 5522 1718 5576 decem
1740 5522 1876 5577 viris
1889 5525 2143 5593 peregri-

562 5602 846 5671 nantibus,
882 5601 1030 5655 inter
1058 5615 1188 5671 quos
1208 5599 1319 5668 fuit
1350 5602 1405 5651 et
1430 5596 1747 5651 adolescens
1781 5595 2067 5651 Hebr-(rus.

558 5703 754 5760 Abbas
783 5700 1048 5757 Andreas
1092 5696 1291 5752 Octavi
1324 5693 1559 5761 decimi,
1610 5709 1745 5748 cum
1779 5707 2044 5751 essemus
2076 5696 2135 5752 in

2281 4711 2405 4760 erat
2436 4708 2682 4775 itineris,
2716 4728 2819 4781 per
2873 4726 3133 4766 eremum
3179 4711 3503 4766 ambulavit
3553 4723 3779 4779 semper
3806 4716 3898 4758 nos

2279 4797 2629 4866 praecedens,
2655 4798 2733 4854 ita
2751 4804 2815 4854 ut
2836 4799 3198 4855 admirantes
3220 4800 3395 4854 talem
3430 4804 3487 4853 et
3509 4802 3629 4853 tam
3662 4793 3894 4851 subitam

2277 4887 2687 4957 mutationem,
2721 4905 2925 4944 omnes
2948 4889 3383 4944 laudaverimus
3406 4892 3462 4942 et
3498 4879 3892 4959 glorificaveri-

2273 4990 2405 5029 mus
2428 4974 2779 5032 ineffabilem
2792 4996 2861 5041 ,m
2873 4979 3175 5048 ajestatem
3191 4984 3248 5032 et
3269 4976 3689 5049 benignitatem
3702 4966 3891 5028 Christi

2271 5063 2367 5117 Dei
2387 5064 2918 5121 nostri.Venientes
2943 5073 3138 5122 autem
3162 5064 3529 5131 Ascalonem,
3563 5061 3892 5119 adduximus

2266 5168 2399 5206 eum
2436 5154 2506 5208 ad
2541 5155 2776 5210 beatum
2804 5174 2870 5211 ac
2899 5162 3168 5212 sanctum
3203 5155 3544 5227 Dionysium
3576 5155 3702 5224 ejus
3746 5144 3890 5204 urbis

2264 5242 2626 5313 episcopum,
2652 5252 2956 5301 narrantes
2975 5262 3101 5317 qua:
3119 5244 3281 5300 fratri
3302 5245 3362 5299 in
3393 5244 3486 5298 via
3507 5238 3887 5312 contigissent.

2263 5336 2486 5400 Quibus
2519 5335 2756 5402 auditis,
2790 5344 3031 5392 sanctus
3064 5336 3568 5407 admirandusque
3596 5325 3887 5400 Dionysius

2258 5430 2503 5495 stupens
2527 5426 2597 5481 ad
2628 5431 2747 5480 tam
2783 5442 2995 5481 novum
3029 5426 3481 5494 inauditumque
3530 5417 3883 5480 miraculum,

2257 5518 2567 5568 convocato
2601 5514 2751 5569 clero
2783 5514 3054 5585 exposuit
3079 5513 3127 5569 ei
3152 5518 3341 5569 totum
3367 5512 3685 5582 negotium,
3713 5507 3775 5561 ut
3795 5503 3885 5559 de-

2253 5607 2572 5666 cernerent,
2604 5608 2799 5658 utrum
2825 5603 3031 5659 effusio
3064 5602 3166 5658 illa
3193 5619 3379 5657 arenae
3404 5597 3730 5673 reputanda
3751 5590 3892 5649 esset

2249 5692 2420 5749 fratri
2444 5692 2502 5747 in
2527 5692 2916 5765 baptismum,
2935 5710 3005 5748 an
3023 5710 3160 5750 non.
3180 5690 3360 5748 Etalii
3382 5690 3617 5763 quidem
3639 5680 3894 5743 dicebant
