4092 6324
439 434 543 488 211

1624 440 1731 491 DE
1772 438 1966 492 VITIS
2005 436 2301 492 PATRUM
2341 436 2556 490 LIBER
2593 438 2667 489 X.

3737 438 3835 492 212

442 558 603 614 triris
624 559 651 613 ?
672 557 776 615 Illa
792 575 924 615 vero
946 559 1204 616 cilicium
1230 563 1285 614 et
1314 559 1508 615 infusa
1526 560 1637 631 (37)
1662 560 1986 632 proferens,
2006 557 2092 611 di-
2126 561 2179 627 Α
2209 558 2827 631 sueverunt,spinosas
2842 559 3078 614 frutices
3093 557 3697 630 plantantes.Tantam
3712 578 3835 617 vero

442 648 527 703 xit
548 648 909 704 anachoreta:
926 666 938 704 :
958 650 1099 705 Ecce
1121 649 1373 704 cilicium
1400 650 1583 716 istud,
1601 652 1753 719 quod
1779 649 1959 717 vides,
1977 663 2097 702 me-

447 754 580 793 cum
602 739 673 793 de
689 738 923 794 civitate
944 739 1084 793 exiit
1105 744 1162 794 et
1193 740 1305 794 ista
1330 757 1515 811 pauca
1539 740 1752 794 infusa.
1780 738 2099 809 Talemque

448 828 943 898 dispensationem
994 828 1052 882 in
1110 844 1201 883 me
1234 828 1517 885 humilem
1565 828 1819 883 ostendit
1851 828 2003 883 Deus
2038 831 2100 881 ut

447 920 609 972 tanto
644 925 902 987 tempore
931 917 1062 973 istis
1095 918 1342 984 nutriar,
1375 934 1563 989 neque
1595 917 1910 972 imminuta
1958 916 2098 971 sint.

447 1011 515 1061 Et
536 1008 643 1063 hoc
662 1013 853 1062 autem
871 1008 1037 1074 scito,
1056 1008 1243 1073 Pater,
1262 1008 1398 1079 quia
1412 1009 1496 1063 sic
1513 1009 1764 1063 ωδε)ιῖ
1796 1007 1981 1079 ipsius
2006 1006 2100 1061 be-

447 1096 781 1167 benignitas
817 1098 1083 1168 protexit,
1121 1103 1184 1151 ut
1214 1114 1315 1167 per
1350 1099 1492 1153 istos
1547 1099 1745 1152 decem
1789 1102 1846 1151 et
1878 1101 2099 1166 septem

449 1202 635 1240 annos
668 1186 868 1241 nullus
892 1186 1066 1241 homo
1102 1203 1192 1241 me
1213 1187 1443 1255 viderit,
1474 1186 1586 1241 nisi
1610 1192 1671 1241 tu
1697 1186 1858 1241 solus
1890 1184 2098 1251 hodie;

450 1292 555 1348 ego
578 1282 774 1332 autem
802 1277 1158 1348 aspiciebam
1193 1294 1417 1332 omnes.
1453 1279 1521 1332 Et
1541 1278 1659 1332 haec
1681 1277 1927 1331 audiens
1959 1290 2096 1330 ana-

449 1365 707 1435 choreta,
741 1366 1051 1439 magniﬁce
1083 1366 1435 1437 gloriﬁcavit
1461 1367 1665 1421 Deum.

1016 1482 1244 1537 CAPUT
1272 1482 1524 1537 CLXXX.

458 1580 576 1637 Vita
604 1582 841 1638 Joannis
873 1580 984 1652 (33)
1015 1582 1390 1647 anachoreta
1425 1583 1519 1650 qui
1558 1583 1616 1636 in
1657 1582 1917 1652 spelunca
1950 1579 2105 1635 villa?

990 1653 1192 1707 Sochus
1223 1653 1568 1708 morabatur.

524 1741 789 1796 Narravit
820 1741 989 1796 nobis
1013 1742 1425 1798 sanctissimus
1459 1742 1770 1814 Dionysius
1806 1741 2105 1813 presbyter

456 1836 672 1886 sanctae
704 1830 959 1886 ecclesia
990 1832 1560 1901 Ascalonitarum,et
1588 1847 1913 1898 sacrorum,
1936 1846 2100 1884 vaso-

455 1936 586 1974 rum
622 1924 839 1986 custos,
874 1921 944 1974 de
975 1920 1185 1975 abbate
1213 1920 1437 1975 Joanne
1471 1921 1837 1984 anachoreta,
1872 1920 2102 1974 dicens:
2137 1932 2184 1995 Β

456 2008 629 2075 Quasi
662 2024 794 2063 vere
825 2026 1076 2079 magnus
1108 2010 1167 2063 in
1189 2010 1561 2081 generatione
1580 2009 1690 2063 ista
1710 2008 1818 2063 fuit
1840 2013 2013 2079 atque
2036 2007 2107 2061 ad

453 2099 1015 2153 commendationem
1033 2115 1391 2154 summorum
1412 2099 1570 2154 illius
1586 2102 1738 2169 apud
1756 2098 1932 2152 Deum
1951 2096 2111 2151 meri-

454 2191 671 2250 torum,
690 2186 795 2241 hoc
810 2187 879 2242 de
896 2187 1021 2258 ipso
1040 2188 1388 2243 miraculum
1409 2189 1710 2243 narrabat:
1731 2187 1793 2241 In
1811 2185 2110 2257 spelunca,

451 2275 649 2347 inquit
679 2278 1017 2331 morabatur
1035 2294 1205 2331 senex
1228 2279 1284 2331 in
1305 2279 1569 2348 partibus
1584 2276 1730 2331 villae
1757 2294 1879 2346 quae
1902 2276 2115 2330 dicitur

454 2365 910 2437 Sochus,viginti
938 2367 1054 2421 tere
1090 2366 1444 2421 milliaribus
1468 2368 1539 2421 ab
1571 2365 2112 2421 Jerusalem.llabe-

455 2456 560 2511 bat
581 2459 778 2511 autem
802 2472 979 2511 senex
1001 2456 1058 2509 in
1083 2456 1363 2528 spelunca
1388 2456 1701 2527 imaginem
1726 2455 2113 2510 immaculata:

463 2545 723 2601 Dominae
755 2551 967 2600 nostra:
998 2545 1098 2600 Dei
1130 2546 1450 2617 genitricis,
1487 2560 1832 2616 semperque
1866 2544 2113 2615 virginis

462 2635 672 2701 Marica,
693 2635 749 2689 in
776 2633 932 2689 ulnis
957 2635 1236 2689 ferentem
1256 2636 1451 2690 Jesum
1476 2634 1770 2690 Christum
1795 2632 2112 2688 Dominum

469 2728 525 2779 et
555 2722 899 2778 salvatorem
932 2729 1219 2778 nostrum.
1241 2724 1662 2793 Quotiesigitur
1679 2724 1838 2777 abire
1888 2721 2117 2778 volebat

465 2812 537 2867 ad
555 2811 744 2867 locum
763 2811 1134 2883 aliquem,vel
1150 2818 1480 2883 pervastam
1499 2812 2031 2881 solitudinem,sive
2046 2811 2114 2865 Je

465 2902 820 2969 rosolymam
845 2902 913 2955 ad
940 2902 1295 2955 adorandam
1323 2905 1585 2956 sanctam
1611 2918 1841 2955 crucem
1867 2905 1923 2954 et
1944 2916 2114 2955 vene-

462 2994 666 3050 rabilia
683 2992 919 3059 loca,vel
939 2993 993 3047 in
1016 2993 1170 3047 Sinai
1200 2998 1454 3048 montem
1475 2994 1753 3048 orationis
1767 2993 1973 3065 gratia,
1996 2993 2115 3047 sive

470 3082 539 3137 ad
578 3086 863 3153 martyres
896 3081 1180 3136 distantes
1205 3082 1276 3135 ab
1308 3080 1691 3153 Jerosolymis
1715 3081 1917 3137 multis
1944 3081 2113 3152 proli-

460 3173 669 3244 xisque
699 3171 1022 3227 intervallis
1046 3172 1193 3242 (erat
1213 3172 1368 3227 enim
1394 3189 1569 3227 senex
1602 3177 1926 3245 martyrum
1960 3188 2114 3226 reve-

466 3263 665 3317 rentiae
691 3260 1308 3329 mirubiliterdeditus,
1330 3266 1385 3316 et
1408 3279 1563 3316 nunc
1584 3264 1814 3331 quidem
1844 3262 2119 3333 pergebat

464 3351 755 3422 Ephesum
784 3351 853 3405 ad
870 3353 1626 3419 sanctum]oannem,nunc
1650 3360 1845 3407 autem
1874 3351 2117 3405 Euchai-

467 3447 587 3497 tam
613 3442 680 3495 ad
710 3445 979 3494 sanctum
1005 3440 1400 3507 Theodorum,
1432 3458 1584 3495 nunc
1607 3458 1737 3495 vero
1762 3445 1826 3495 ad
1854 3448 2116 3495 sanctam

472 3530 744 3585 Theclam
762 3528 818 3583 in
837 3528 1154 3584 Seleuciam
1176 3530 1432 3593 Isauriae,
1450 3547 1604 3585 nunc
1620 3530 1689 3583 ad
1706 3536 1969 3585 sanctum
1989 3530 2119 3584 Ser-

479 3620 639 3687 gium
661 3619 719 3672 in
738 3618 1124 3689 Saraphas,et
1155 3620 1327 3674 modo
1359 3621 1426 3673 ad
1456 3618 2115 3682 istum,modoadillum

474 3714 783 3777 sanctum),
800 3708 1097 3762 reﬁciebat
1111 3707 1436 3775 candelam,
1453 3713 1507 3762 et
1530 3709 1904 3775 accendebat,
1922 3713 1985 3761 ut
2008 3706 2120 3761 sibi

472 3799 833 3853 consuetudo
863 3802 989 3853 erat
1014 3803 1187 3868 atque
1212 3798 1281 3852 ad
1311 3798 1629 3852 orationem
1656 3803 1907 3866 stans,et
1925 3797 2039 3851 Deo
2060 3802 2123 3851 ut

468 3904 642 3942 suum
661 3888 770 3941 iter
786 3886 1438 3958 dirigeretsupplicans,
1458 3886 1687 3940 dicebat
1702 3886 1771 3939 ad
1790 3886 2118 3951 Dominam,
2154 3914 2165 3931 ρ

466 3976 780 4032 intendens
796 3976 853 4029 in’
873 3977 1187 4045 imaginem
1205 3975 1393 4045 ipsius
1410 3993 1422 4029 :
1440 3975 2123 4029 SanctaDominanostra

465 4065 562 4121 Dei
579 4066 997 4135 genitrix,quia
1014 4065 1248 4131 longum
1269 4064 1721 4119 iteriturussum
1756 4065 1964 4118 diebus
1983 4066 2123 4118 mul-

469 4154 544 4206 tis
561 4155 979 4223 perﬁciendum
998 4152 1250 4206 candelm
1268 4157 1379 4205 ture
1397 4159 1455 4206 tu
1474 4169 1671 4207 curam
1690 4152 2124 4223 habe,eamque

470 4259 540 4296 ne
572 4241 1159 4309 exstinguaturjuxla
1184 4244 1545 4311 prepositum
1589 4259 1781 4295 meum
1810 4259 2123 4314 serva;cgo

470 4330 625 4385 enim
659 4330 949 4397 adiutorio
984 4335 1083 4383 tuo
1135 4330 1450 4385 comitante
1481 4331 1591 4385 iter
1633 4332 1868 4402 arripio.
1903 4332 2124 4403 Ilisque

472 4420 543 4475 ad
574 4419 893 4487 imaginem
928 4418 1120 4485 dictis,
1156 4419 1583 4488 egrediebatur,
1616 4427 1966 4491 peractoque
1989 4438 2124 4491 pro-

469 4507 1331 4580 positoitinere,revertebatur,
1349 4508 1665 4579 aliquando
1691 4515 2122 4581 postmensem,

471 4612 624 4667 saepe
638 4596 811 4650 etiam
837 4600 970 4666 post
993 4596 1137 4651 duos
1152 4596 1236 4651 vel
1263 4601 1380 4651 tres
1422 4613 1677 4664 menses,
1695 4616 2119 4670 nonnunquam

2209 648 2418 704 semita
2444 649 2543 703 illa
2574 666 2691 720 prae
2722 649 2991 704 sentibus
3022 648 3357 719 anguetiam
3384 648 3647 714 habebat,
3671 655 3733 704 ut
3757 650 3838 705 vix

2210 755 2393 792 unum
2410 738 2665 809 aliquem
2696 754 2943 793 vacuum
2972 742 3029 792 et
3053 739 3387 808 expeditum
3419 737 3662 809 pedibus
3692 739 3838 795 ince-

2211 830 2440 885 dentem
2472 830 2816 900 susciperet,
2834 835 2985 884 etne
3013 830 3176 882 illum
3199 828 3435 900 quidem
3455 829 3580 884 sine
3602 828 3838 901 impedi-

2212 922 2407 971 mento
2437 917 2619 973 libere
2635 918 2888 972 transire
2908 918 3289 987 permitteret.
3316 918 3459 972 Cum
3480 932 3612 988 ergo
3632 918 3736 971 sibi
3754 918 3837 971 in-

2209 1006 2388 1061 vicem
2412 1007 2986 1078 appropinquassent
3016 1023 3191 1060 senex
3222 1012 3278 1061 et
3319 1006 3431 1074 leo,
3465 1022 3651 1077 neque
3680 1024 3844 1061 senex

2212 1100 2364 1149 retro
2386 1096 2575 1162 rediit,
2598 1100 2662 1149 ut
2681 1096 2829 1150 leoni
2860 1094 3174 1149 transitum
3195 1094 3446 1150 liberum
3469 1096 3651 1162 daret,
3670 1111 3844 1166 neque

2212 1190 2450 1257 propter
2472 1184 2925 1257 nimiasZscmitaa
2945 1188 3253 1255 angustias
3275 1185 3362 1241 leo
3384 1186 3590 1240 reverti
3613 1189 3846 1255 poterat,

2213 1292 2403 1345 neque
2432 1281 2746 1346 utrumque
2791 1274 2967 1330 simul
3013 1275 3263 1330 transire
3308 1274 3548 1330 omnino
3590 1273 3852 1345 possibile

2214 1370 2357 1419 erat.
2385 1364 2801 1435 Vidensigitur
2835 1364 2921 1420 leo
2954 1365 3055 1419 Dei
3090 1382 3322 1420 servum
3344 1363 3653 1434 procedere
3668 1360 3847 1417 volen-

2214 1458 2353 1523 tem,
2374 1459 2430 1508 et
2450 1471 2819 1525 nequaquam
2842 1460 2994 1509 retro
3018 1456 3207 1509 redire
3254 1454 3665 1520 sustinentem,
3684 1451 3850 1506 erexit

2214 1544 2355 1598 sein
2388 1546 2740 1615 posteriores
2771 1546 2968 1615 pedes,
2987 1550 3336 1614 erectusque
3368 1553 3528 1599 stans
3557 1544 3625 1598 ad
3657 1540 3844 1596 laavam

2216 1632 2395 1699 senis,
2419 1633 2673 1704 pondere
2700 1650 2765 1687 ac
2786 1633 3007 1688 viribus
3040 1634 3304 1704 corporis
3336 1631 3573 1703 repulsa
3592 1628 3848 1695 maceria,

2215 1725 2505 1780 modicam
2526 1726 2650 1781 seni
2670 1726 3038 1782 latitudinem
3056 1726 3345 1797 praestitit,
3362 1722 3851 1793 itersineimpedi-

2214 1816 2583 1885 mentojusto
2603 1816 2725 1871 viro
2748 1817 3011 1887 praebens
3033 1836 3046 1884 ;
3070 1820 3242 1886 atque
3280 1816 3360 1870 ita
3384 1813 3657 1869 transivit
3671 1809 3851 1866 senior

2215 1904 2389 1958 dorsa
2408 1904 2589 1959 leonis
2609 1904 2948 1975 perfricans.
2974 1906 3110 1961 Post
3132 1906 3303 1974 cujus
3322 1904 3637 1959 transitum
3664 1916 3850 1956 exsur-

2218 2008 2362 2063 gens
2395 1994 2462 2048 dc
2495 1995 2615 2065 sepi
2650 1994 2733 2048 leo
2764 1994 2984 2066 peregit
3017 2000 3072 2049 et
3102 1995 3225 2065 ipse
3258 1994 3368 2048 iter
3400 2009 3599 2048 suum.

2291 2082 2375 2135 Ad
2409 2082 2565 2137 hunc
2599 2084 2868 2138 abbatem
2912 2084 3193 2138 Joannem
3235 2098 3486 2154 pergens
3532 2084 3701 2136 frater
3730 2080 3850 2151 qui-

2220 2171 2353 2225 dam
2378 2188 2506 2226 cum
2534 2172 2677 2226 nihil
2703 2174 2758 2227 in
2783 2174 3059 2244 spelunca
3078 2173 3237 2227 illius
3260 2171 3679 2237 invenisset,ait
3706 2171 3852 2235 seni;

2220 2264 2523 2326 Quomodo
2557 2262 2649 2317 hic
2685 2263 2955 2331 moraris,
2982 2269 3169 2334 pater,
3200 2280 3314 2317 non
3337 2263 3563 2317 habens
3586 2278 3708 2332 quae
3730 2264 3858 2314 sunt

2224 2352 2553 2405 necessaria
2572 2351 2599 2405 ‘?
2624 2353 2927 2423 respondit
2958 2368 3154 2421 senex,
3175 2356 3233 2406 et
3263 2352 3375 2406 ait:
3400 2350 3685 2423 Spelunca
3729 2350 3854 2417 ista,

2224 2439 2327 2507 ﬁli,
2363 2439 2688 2510 spiritualis
2722 2448 3055 2497 mercatura
3086 2447 3213 2506 est;
3247 2442 3365 2507 dat,
3399 2447 3458 2496 et
3489 2441 3712 2512 accipit.

2752 2558 2987 2613 CAPUT
3010 2557 3330 2613 CLXXXII.

2231 2644 2355 2700 Vita
2398 2646 2616 2701 abbatis
2662 2647 2967 2701 Alexandri
2998 2645 3207 2710 Cilicis,
3240 2647 3337 2717 qui
3370 2662 3539 2717 prope
3578 2652 3798 2703 mortem
3825 2660 3855 2699 a

2704 2719 2951 2775 daemone
2987 2722 3246 2789 arreptus
3284 2725 3385 2773 est.

2296 2807 2471 2878 Prope
2503 2812 2764 2862 sanctam
2790 2807 3084 2863 Bethleem
3112 2807 3535 2862 monasterium
3564 2812 3652 2862 est
3680 2804 3853 2861 sancti

2222 2896 2590 2967 Sergii,quod
2618 2896 2848 2951 duobus
2873 2896 3101 2950 circiter
3118 2895 3476 2951 milliaribus
3496 2895 3752 2963 distat,et
3766 2909 3854 2947 co-

2223 2988 2607 3055 gnominatur
2626 2988 3055 3053 Xeropotamus
3073 3002 3085 3039 :
3102 2985 3158 3038 in
3185 2984 3291 3038 hoc
3312 2985 3559 3039 antistes
3579 2984 3686 3038 fuit
3705 2982 3857 3037 valde

2224 3074 2535 3145 religiosus
2566 3075 2746 3128 abbas
2771 3074 3088 3144 Eugenius,
3114 3073 3213 3145 qui
3245 3075 3623 3145 postmodum
3650 3073 3858 3143 episco-

2224 3180 2335 3235 pus
2370 3161 2731 3230 llermOpolis
2759 3164 2942 3217 factus
2966 3162 3135 3217 estin
3166 3163 3429 3234 ZEgypto,
3458 3179 3585 3233 qua:
3617 3167 3704 3216 est
3725 3162 3777 3214 in
3799 3159 3857 3212 ﬁ-

2229 3252 2405 3306 nibus
2436 3251 2547 3305 sita
2564 3251 2899 3306 Thebaidis.
2920 3252 3045 3319 Hic,
3066 3267 3197 3306 cum
3221 3253 3287 3305 ad
3318 3268 3453 3306 eum
3489 3250 3861 3315 venissemus,

2231 3338 2485 3393 narravit
2516 3338 2684 3392 nobis
2702 3342 2767 3392 de
2787 3340 2991 3393 abbate
3010 3338 3337 3395 Alexandro
3355 3339 3552 3404 Cilice,
3572 3339 3721 3410 quod
3742 3353 3859 3391 cum

2227 3429 2378 3482 inter
2409 3428 2720 3498 speluncas
2763 3429 2949 3483 sancti
3000 3429 3274 3483 Jordanis
3305 3429 3605 3484 senuisset
3654 3427 3863 3498 accepit

2228 3520 2396 3574 illum
2430 3519 2488 3573 in
2524 3519 2874 3574 monasterio
2906 3536 3033 3574 suo.
3067 3520 3173 3585 Qui
3206 3520 3359 3573 circa
3391 3520 3566 3574 ﬁnem
3600 3518 3722 3573 vita:
3752 3532 3860 3571 sum

2229 3610 2439 3664 lectulo
2464 3609 2913 3679 decubuitquasi
2944 3626 3173 3665 menses
3190 3613 3328 3664 tres.
3349 3616 3501 3665 Ante
3524 3610 3718 3665 decem
3740 3620 3860 3661 vero

2227 3699 2348 3755 dies
2378 3716 2554 3770 quam
2581 3700 2859 3770 migraret
2888 3700 2958 3753 ad
2992 3699 3645 3767 Dominum,ada3mone
3676 3712 3857 3767 arrep-

2229 3793 2326 3844 tus
2361 3794 2467 3843 est.
2503 3789 2570 3843 Et
2602 3788 2771 3859 erepit
2804 3804 2980 3843 senex
3038 3788 3106 3842 ad
3168 3788 3495 3844 daemonem
3531 3789 3753 3844 dicere:
3784 3784 3862 3841 Ad

2230 3894 2528 3947 veSperam
2548 3876 2783 3943 venisti,
2808 3877 3003 3945 miser,
3029 3876 3136 3930 hoc
3161 3893 3438 3947 magnum
3463 3894 3578 3932 non
3598 3881 3866 3942 est;quo-

2234 3968 2388 4021 niam
2424 3967 2481 4020 in
2515 3965 2729 4020 lectulo
2761 3967 3067 4021 devinctus
3100 3983 3231 4021 sum
3264 3972 3321 4022 et
3352 3966 3575 4023 moveri
3608 3982 3718 4021 non
3750 3979 3867 4036 pos-

2234 4075 2363 4113 sum
2393 4077 2406 4123 ;
2442 4057 2773 4121 ostendisti,
2818 4059 3169 4122 miserrime,
3203 4058 3664 4114 imbecillitatem
3696 4063 3864 4110 tuam.

2233 4146 2376 4201 Nam
2398 4146 2442 4199 si
2472 4150 2676 4217 potens
2698 4150 2755 4199 et
2777 4145 2975 4201 valens
2995 4163 3176 4215 esses,
3196 4154 3329 4201 ante
3357 4147 3463 4201 hos
3488 4142 3865 4218 quinquagin-

2234 4235 2404 4305 ta,va
2422 4236 2723 4305 sexaginta
2738 4252 2922 4290 annos
2938 4236 3029 4289 9|
3045 4236 3091 4290 8
3109 4237 3394 4291 debueras
3410 4236 3870 4308 appropinquare

2235 4325 2402 4393 mihi,
2436 4340 2541 4395 ego
2573 4324 2728 4378 enim
2760 4341 2859 4393 per
2891 4326 3314 4379 cont‘orlantem
3341 4341 3433 4378 me
3469 4325 3758 4380 Christum
3791 4337 3869 4375 os-

2233 4414 2550 4468 tendissem
2590 4412 2696 4466 tibi
2731 4412 3131 4467 inﬁrmitatem
3193 4420 3377 4481 tuam,
3411 4430 3481 4468 ac
3537 4413 3866 4483 dejecissem

2235 4505 2493 4574 rugitum
2528 4508 2719 4568 tuum,
2754 4508 2927 4574 atque
2970 4505 3374 4558 contrivissem
3416 4505 3667 4575 rigidam
3719 4501 3867 4556 illam

2233 4601 2393 4650 tuam
2429 4596 2821 4665 inﬂexamque
2850 4596 3155 4650 cervicem.
3191 4596 3357 4650 Nunc
3379 4601 3575 4651 autem
3609 4611 3719 4649 non
3754 4607 3872 4647 mea

469 4689 599 4758 post
623 4686 883 4757 quinque
907 4684 988 4740 vel
1018 4702 1135 4751 sex,
1156 4686 1307 4740 etita
1332 4687 1648 4756 reperiebat
1671 4688 1956 4759 integram
1984 4706 2119 4743 can-
2155 4673 2197 4735 Ι)
2230 4693 2317 4743 est
2348 4686 2742 4753 imbecillitas,
2768 4687 2867 4741 sed
2898 4687 3212 4742 inﬁrmitas
3234 4694 3325 4743 est
3360 4704 3489 4760 quae
3525 4686 3737 4759 premit
3765 4697 3866 4739 me.

470 4776 660 4831 delam
677 4780 729 4829 et
745 4775 1065 4843 ardentem,
1082 4775 1235 4830 sicut
1262 4792 1410 4841 eam,
1427 4792 1559 4830 cum
1584 4777 1694 4831 iter
1707 4779 2008 4849 arriperet,
2030 4779 2115 4833 di-

471 4865 795 4933 miserat,et
827 4880 1084 4934 unquam
1106 4864 1253 4919 hanc
1286 4882 1318 4919 a
1347 4866 1541 4937 seipsa
1562 4867 1821 4939 extingui
1855 4869 1998 4923 vidit
2027 4886 2120 4923 ne-

472 4971 585 5025 que
611 4955 680 5009 de
707 4970 910 5008 somno
942 4970 1210 5024 surgens,
1247 4971 1434 5025 neque
1458 4972 1488 5009 a
1527 4957 1995 5027 peregrinatione
2025 4977 2117 5016 re-

473 5044 660 5110 diens,
697 5059 882 5113 neque
914 5058 981 5097 ex
1014 5058 1208 5098 eremo
1242 5043 1296 5096 in
1330 5043 1670 5114 speluncam
1708 5062 1975 5116 pergens.

1016 5158 1243 5214 CAPUT
1298 5160 1585 5216 CLXXXI.

1155 5251 1225 5304 De
1244 5249 1448 5304 eodem.

549 5337 784 5393 Dicebat
810 5338 977 5392 nobis
1003 5343 1059 5391 et
1084 5338 1189 5393 hoc
1213 5340 1282 5393 de
1308 5340 1431 5409 ipso
1454 5342 1604 5395 idem
1629 5343 1975 5397 venerabilis
2003 5344 2125 5399 Dio-

476 5426 683 5498 nysius
700 5426 1021 5497 presbyter,
1041 5428 1192 5495 quod
1216 5427 1571 5497 diequaatam
1594 5432 1932 5485 ambulabat
1949 5448 2124 5488 senex

476 5517 534 5570 in
558 5515 773 5569 ﬁnibus
791 5514 933 5567 villa:
950 5516 1197 5583 Sochus,
1218 5517 1313 5569 ubi
1331 5523 1454 5571 erat
1492 5520 1771 5589 spelunca
1792 5520 2124 5590 ipsius,am-

479 5604 808 5673 bulansque
832 5602 1053 5658 leonem
1082 5604 1224 5658 vidit
1250 5604 1541 5675 ingentem
1571 5623 1599 5661 e
1626 5608 1861 5679 regione
1887 5611 2122 5666 venien~

482 5698 597 5749 tem
644 5693 919 5763 Pergebat
942 5697 1135 5746 autem
1158 5692 1214 5745 in
1234 5692 1327 5748 via
1345 5694 1510 5751 valde
1530 5702 1781 5767 angusta
1804 5698 1955 5754 inter
1976 5702 2122 5755 duas

481 5774 646 5854 sapies
667 5779 874 5853 posita,
901 5781 1117 5853 quibus
1134 5781 1398 5853 agricolae
1419 5796 1549 5839 rura
1577 5802 1683 5841 sua
1719 5787 1948 5843 munire
1980 5805 2121 5845 con-

2228 4776 2456 4831 Gratias
2490 4784 2682 4831 tamen
2702 4791 2809 4847 ago
2828 4775 2964 4843 Deo,
2984 4777 3051 4831 ad
3076 4793 3241 4845 quem
3280 4776 3871 4847 proﬁciscens,osten-

2228 4867 2363 4920 dam
2396 4865 2674 4935 injuriam
2710 4883 2885 4937 quam
2931 4866 3036 4921 abs
3068 4872 3124 4921 te
3156 4883 3364 4937 passus
3397 4882 3554 4934 sum,
3588 4866 3726 4937 quia
3755 4861 3872 4935 post

2228 4960 2313 5010 tot
2342 4972 2628 5009 annorum
2666 4954 2893 5009 labores
2925 4959 2981 5008 et
3012 4955 3441 5026 fatigationem,
3476 4956 3633 5011 circa
3662 4955 3868 5010 exitum

2230 5044 2312 5097 sic
2332 5043 2596 5097 atrociter
2622 5042 2676 5095 in
2698 5060 2761 5097 ve
2790 5042 3078 5097 invasisti.
3096 5043 3206 5099 Ista
3236 5049 3291 5099 et
3311 5044 3426 5099 alia
3450 5043 3700 5115 plurima
3719 5040 3868 5096 horis

2232 5132 2486 5204 singulis
2517 5132 2741 5198 dicens,
2776 5133 3003 5187 decima
3035 5133 3127 5188 die
3158 5149 3290 5187 cum
3324 5133 3485 5188 omni
3538 5134 3732 5205 quiete
3761 5129 3867 5184 Do.

2234 5224 2392 5277 mino
2423 5222 2650 5278 Christo
2682 5222 2953 5292 spiritum
2990 5223 3045 5276 in
3077 5239 3218 5293 pace
3252 5223 3522 5278 reddidit.

2748 5340 2978 5395 CAPUT
3010 5340 3363 5396 CLXXXI“.

2341 5429 2590 5484 Mirabile
2618 5432 2828 5499 factum
2857 5430 3007 5484 senis
3038 5430 3300 5499 Egi/lilii,
3330 5433 3551 5486 nomine
3582 5429 3769 5485 David.

2305 5520 2543 5574 Dicebat
2574 5519 2755 5574 abbas
2784 5518 3125 5574 Theodorus
3155 5520 3296 5575 Cilix
3330 5539 3340 5575 :
3366 5523 3509 5577 Cum
3544 5520 3732 5574 adhuc
3761 5532 3870 5571 ηιο·

2236 5627 2393 5665 rarer
2418 5608 2473 5662 in
2508 5608 2729 5680 Scythi,
2759 5615 2882 5663 erat
2928 5609 3044 5664 illic
3077 5626 3252 5665 senex
3284 5610 3609 5683 rEgyptius,
3643 5608 3867 5663 nomine

2236 5701 2435 5766 David,
2462 5700 2558 5771 qui
2595 5701 2688 5752 die
2718 5700 2968 5769 quadam
2993 5700 3062 5754 ad
3090 5701 3423 5755 metendum
3454 5702 3744 5771 prolectus
3766 5699 3863 5753 est.

2234 5790 2459 5846 Habent
2488 5788 2647 5847 enim
2674 5788 3157 5845 consuetudinem
3189 5789 3517 5862 Scythiotte,
3554 5791 3617 5844 ut
3665 5787 3863 5843 abeant
