4092 6324
263 398 367 453 21⁸7

1580 400 1880 458 PRATUM
1917 398 2371 455 SPIRITUALE.

3574 394 3680 450 218

330 523 546 581 Deinde
562 529 693 597 post
710 524 1450 597 aliquantulumtemporis
1474 523 1914 580 calumniacon-
1945 524 1999 590 Α
2028 522 2212 577 sortia
2243 522 2446 595 fugiat.
2480 522 2587 587 Qui
2621 521 2868 594 injurias
2901 520 3165 578 oblivisci
3199 520 3343 588 vult,
3368 519 3679 576 maledicta

263 617 349 669 tra
380 631 472 670 me
503 614 757 670 conﬂata
788 615 1049 686 estapud
1086 615 1521 686 imperatorem,
1552 615 1704 686 quod
1754 630 1916 669 com-

264 704 460 762 mercii
486 709 705 759 cuncta
725 706 757 759 d
770 703 1371 775 issipassem.Mittens
1386 709 1581 759 autem
1602 704 1675 759 im
1688 707 1918 776 perator

261 791 503 863 diripuit
524 808 757 847 omnem
782 792 1172 847 substantiam
1199 792 1759 863 meam,nudumque
1786 808 1915 862 per-

259 884 512 935 tractum
562 881 1124 951 Constantinopolim
1159 881 1219 936 in
1252 897 1540 936 carcerem
1585 881 1763 937 misit.
1807 879 1914 935 Ubi

257 986 385 1025 cum
404 970 666 1042 plurimo
679 987 731 1025 m
746 971 1028 1041 temporis
1040 970 1286 1043 egissem
1304 970 1425 1025 solo
1440 988 1554 1025 uno
1569 972 1913 1025 vestimento

255 1065 466 1131 praeter
507 1060 813 1116 camisiam
857 1060 1120 1126 indutus,
1148 1060 1240 1115 die
1266 1061 1522 1132 quadam
1547 1060 1722 1115 audio
1750 1060 1903 1131 quod

252 1151 577 1223 imperator
600 1167 693 1205 me
714 1150 884 1205 vellet
912 1151 1196 1216 occidere;
1224 1153 1421 1222 itaque
1446 1152 1519 1205 de
1547 1151 1661 1205 vita
1701 1151 1908 1221 despe-

252 1256 388 1296 rans
420 1240 748 1312 ploraliam.
780 1239 1036 1295 Flentem
1084 1244 1280 1295 autem
1304 1244 1358 1294 et
1389 1238 1707 1310 ejulantem
1734 1256 1911 1311 sopor

250 1330 571 1401 oppressit,
596 1329 839 1400 vidique
862 1329 920 1384 in
944 1328 1170 1383 somnis
1192 1328 1359 1399 quasi
1389 1328 1695 1383 mulierem
1721 1328 1905 1394 illam,

248 1435 376 1490 quae
400 1417 723 1490 aliquando
742 1418 929 1472 virum
956 1416 1241 1471 habuerat
1265 1417 1323 1471 in
1347 1433 1598 1481 carcere,
1617 1416 1904 1472 dicentem

250 1508 420 1563 mihi:
447 1508 597 1573 Quid
624 1512 714 1562 est
740 1508 893 1577 quod
920 1507 1122 1577 babes,
1161 1507 1396 1561 domine
1432 1506 1692 1562 Mosche?
1716 1508 1906 1573 Quare

250 1597 344 1653 hic
377 1596 652 1652 inclusus
674 1596 768 1651 es?
786 1602 874 1651 Me
892 1601 1086 1651 autem
1114 1597 1518 1667 respondente:
1540 1594 1902 1650 Calumniam

250 1702 572 1757 perpessus
605 1703 761 1751 sum,
784 1691 840 1740 et
862 1690 1002 1756 puto
1025 1685 1161 1756 quia
1180 1686 1403 1740 occidet
1430 1701 1519 1739 me
1562 1684 1900 1756 imperator.

250 1773 349 1825 Ait
384 1773 573 1827 mihi:
608 1771 709 1826 Vis
734 1777 796 1826 ut
843 1770 1052 1843 loquar
1074 1788 1174 1843 pro
1220 1776 1276 1827 te
1302 1772 1663 1842 imperatori,
1704 1778 1760 1827 et
1816 1773 1904 1826 di-

250 1862 446 1916 mittet
485 1860 566 1915 te?
593 1861 674 1915 Ad
702 1877 877 1932 quam
900 1876 1026 1932 ego:
1052 1860 1327 1932 Nunquid
1374 1860 1472 1917 ille
1495 1861 1793 1933 cognoscit
1817 1860 1901 1917 te?

248 1950 366 2005 Ait:
394 1951 604 2021 utique
629 1949 1265 2021 novit.Expergefactus
1288 1954 1484 2004 autem
1533 1950 1903 2022 ambigebam

245 2040 387 2112 quid
414 2040 526 2094 hoc
554 2043 727 2094 esset.
752 2039 946 2094 Astitit
967 2043 1163 2094 autem
1198 2039 1343 2093 mihi
1366 2041 1622 2095 secundo
1655 2046 1712 2095 et
1734 2040 1901 2095 tertio

242 2130 450 2185 eadem
510 2132 801 2200 repetens,
860 2136 913 2183 et
967 2128 1203 2184 dicens:
1244 2128 1370 2184 Noli
1432 2128 1657 2200 timere,
1711 2145 1816 2203 ego
1846 2135 1902 2185 te

245 2222 555 2278 absolvam
593 2236 742 2275 cras.

308 2309 592 2366 Diluculo
624 2313 845 2378 autem,
883 2310 1511 2381 imperatorejubente,
1535 2311 1902 2366 adduxerunt

241 2416 333 2455 me
368 2400 429 2453 in
466 2397 772 2470 palatium.
823 2400 1089 2470 Cumque
1120 2399 1424 2471 ingressus
1462 2416 1674 2468 essem,
1712 2400 1806 2453 ille
1840 2404 1903 2454 ut

240 2488 475 2559 aspexit
508 2503 599 2541 me
634 2486 789 2557 putri
822 2492 878 2541 et
922 2486 1109 2543 scissa
1157 2488 1431 2542 indutum
1482 2488 1697 2552 tunica,
1759 2488 1903 2543 dixit

241 2578 418 2632 mihi:
457 2580 599 2631 Ecce
633 2592 785 2629 nunc
811 2576 893 2630 tui
932 2576 1208 2631 misertus
1240 2592 1394 2644 sum;
1431 2577 1593 2642 vade,
1624 2581 1681 2632 et
1710 2593 1902 2633 emen-

238 2666 387 2721 dare
408 2666 482 2721 de
515 2664 759 2737 reliquo.
789 2665 1145 2736 Aspiciebam
1182 2670 1375 2721 autem
1411 2666 1716 2722 mulierem
1739 2666 1897 2722 illam

236 2757 304 2811 ad
341 2757 648 2810 dexteram
694 2755 1068 2826 imperatoris
1124 2760 1433 2822 astantem,
1496 2762 1552 2812 et
1608 2756 1901 2813 dicentem

240 2845 416 2901 mihi:
452 2844 711 2909 Confide,
745 2851 801 2899 et
832 2844 950 2899 noli
979 2845 1205 2902 timere.
1247 2846 1555 2917 Jussitque
1606 2862 1703 2901 rex
1754 2846 1900 2901 mihi

237 2934 525 2989 universa
555 2932 807 2999 restitui,
842 2934 1184 3006 addensque
1235 2934 1380 2989 mibi
1439 2936 1591 2990 bona
1622 2934 1899 3006 plurima,

236 3023 509 3079 restituit
540 3039 631 3078 me
652 3022 710 3077 in
738 3024 990 3093 priorem
1016 3024 1486 3089 statum,faciens
1508 3042 1601 3080 me
1624 3030 1899 3096 presteres

234 3113 437 3169 locum
474 3117 795 3168 tenentem.

305 3206 452 3275 Ipsa
477 3202 655 3274 igitur
675 3208 842 3258 nocte
859 3203 1131 3275 apparuit
1154 3204 1293 3258 mihi
1320 3220 1525 3260 rursus
1546 3205 1750 3260 eadem
1771 3222 1894 3261 mu-

235 3270 374 3359 lien,
401 3297 461 3347 et
483 3270 564 3345 ait
587 3292 751 3348 mihi:
786 3270 1095 3363 Sciet—quae
1130 3293 1239 3347 sim
1274 3293 1408 3363 ego?
1448 3293 1547 3348 illa
1585 3311 1717 3349 sum
1759 3311 1891 3351 cum
1926 3270 1968 3337 C

235 3398 361 3452 qua
381 3379 573 3436 fecisti
598 3380 1080 3450 misericordiam,
1108 3385 1164 3436 et
1186 3387 1421 3453 prepter
1444 3383 1627 3438 Deum
1664 3400 1774 3438 non
1810 3390 1892 3439 te-

235 3470 427 3541 tigisti
456 3486 671 3541 corpus
706 3486 918 3524 meum.
949 3471 1091 3526 Ecce
1122 3476 1180 3525 et
1206 3486 1312 3543 ego
1344 3471 1582 3528 liberavi
1605 3477 1710 3528 tea
1741 3474 1896 3544 peri-

236 3561 399 3615 culo.
434 3558 613 3614 Vides
646 3558 1016 3614 clementiam
1052 3560 1172 3627 Dei,
1206 3562 1498 3631 quomodo
1532 3578 1633 3632 per
1655 3578 1765 3629 me,
1800 3564 1891 3618 cui

227 3650 431 3704 fecisti
457 3650 604 3705 9‘2]
639 3649 1124 3713 misericordiam,
1147 3651 1535 3720 apparuittibi
1563 3652 1893 3707 misericors

233 3741 413 3810 quasi
448 3740 672 3794 dicens:
708 3739 822 3793 Hoc
856 3744 1091 3810 propter
1112 3756 1202 3793 me
1227 3740 1435 3809 fecisti,
1459 3746 1514 3795 et
1534 3758 1639 3812 ego
1666 3743 1891 3811 magni-

234 3828 410 3883 ﬁcavi
447 3828 911 3883 misericordiam
948 3844 1139 3883 meam
1174 3846 1351 3900 super
1382 3836 1455 3885 te.

740 3943 979 3999 CAPUT
1019 3943 1388 4000 CLXXXVII.

298 4035 579 4089 Doctrina
601 4034 818 4088 abbati:
847 4034 1318 4160 Joanpi:_b0yzici
1341 4052 1441 4106 pro
1469 4038 1819 4109 acquirendis

910 4122 998 4159 vzr
1026 4123 1057 4159 u
1090 4123 1102 4159 ε
1144 4122 1228 4160 us.

910 4122 1228 4160 vzrtutznus.

268 4210 419 4259 Cum
439 4222 471 4259 a
486 4205 1079 4260 sanctaGethsemane
1093 4206 1542 4263 ascenderemus
1556 4208 1612 4263 in
1627 4214 1890 4269 sanctum

228 4299 496 4351 montem
531 4294 762 4360 Oliveti,
795 4294 1213 4351 monasterium
1249 4296 1600 4353 offendimus
1657 4300 1887 4355 abbatis

220 4383 518 4438 Abramii.
542 4383 728 4453 Hujus
746 4383 1085 4439 monasterii
1111 4390 1274 4456 pater
1287 4390 1409 4440 erat
1426 4387 1607 4442 abbas
1629 4391 1885 4445 Joannes

219 4491 286 4528 ex
320 4474 555 4545 Cyzico;
592 4473 1077 4545 interrogavimus
1108 4480 1301 4530 autem
1337 4492 1468 4531 eum
1503 4478 1595 4533 die
1626 4482 1882 4550 quadarn

222 4564 517 4619 dicentes:
543 4564 844 4627 Quomodo
860 4563 1132 4619 virtutem
1160 4566 1756 4639 possidetquispiam?
1778 4571 1884 4626 Re-

2025 612 2362 668 detestetur.
2390 613 2495 678 Qui
2521 613 2646 667 sine
2670 612 3045 667 distractione
3067 625 3194 666 esse
3213 610 3452 681 appetit.
3478 607 3674 663 solita-

2022 702 2145 757 rius
2180 707 2431 756 maneat.
2468 702 2572 765 Qui
2615 702 2911 757 continere
2943 700 3374 769 vultlinguam,
3408 698 3677 753 obstruat

2021 807 2191 847 aures
2217 808 2286 845 ne
2311 790 2496 845 multa
2516 790 2851 854 audiat.Qui
2876 790 2972 844 Dei
3000 789 3265 843 timorem
3291 788 3504 842 habere
3519 803 3672 842 sem-

2020 896 2122 951 per
2150 879 2330 951 rupit,
2356 880 2717 952 corporalem
2751 879 2937 935 oderit
2993 877 3280 950 requiem,
3342 876 3671 947 diligatque

2018 970 2396 1025 afflictionem
2429 974 2487 1024 et
2518 970 2878 1040 angustiam.

2506 1086 2739 1142 CAPUT
2787 1084 3174 1141 CLXXXVIII.

2128 1177 2243 1231 Vita
2270 1176 2504 1230 duorum
2534 1176 2779 1248 fratrum
2827 1176 3221 1246 trapezitarum
3250 1176 3539 1242 Syrorum.

2084 1265 2283 1319 Abbas
2304 1265 2645 1320 Theodorus
2678 1266 2903 1335 antiqui
2929 1263 3267 1319 monasterii
3294 1262 3663 1333 praepositus,

2015 1356 2271 1409 narravit
2288 1356 2479 1424 nobis,
2499 1356 2722 1411 dicens:
2742 1352 3437 1423 ErantConstantinopoli
3459 1353 3668 1405 fratres

2013 1443 2129 1499 duo
2154 1446 2441 1516 trapezita:
2464 1444 2897 1516 Syri;dixitque
2953 1444 3135 1512 major
3165 1458 3231 1496 ex
3280 1440 3401 1495 illis
3452 1439 3667 1494 minori

2012 1533 2199 1587 fratri:
2216 1534 2380 1600 Veni,
2396 1534 2824 1590 descendamus
2848 1538 2904 1588 in
2920 1534 3165 1605 Syriam,
3184 1538 3241 1586 et
3257 1530 3664 1601 possideamus

2013 1628 2314 1692 paternam
2340 1624 2581 1679 domum
2619 1628 2901 1678 nostram.
2940 1622 3087 1678 Dixit
3139 1620 3221 1677 illi
3272 1619 3495 1689 junior:
3548 1618 3667 1672 Cur

2009 1712 2182 1767 ambo
2196 1713 2550 1768 dimittimus
2563 1712 3053 1773 hieministerium
3070 1708 3666 1765 nostrum?Descende

2008 1802 2153 1872 ipse,
2189 1808 2244 1857 et
2274 1819 2377 1874 ego
2410 1802 2504 1857 hic
2536 1802 2806 1867 manebo;
2848 1802 2935 1856 vel
2969 1817 3073 1872 ego
3106 1799 3483 1863 descendam,
3514 1800 3571 1851 et
3602 1799 3659 1850 tu

1933 1906 1980 1971 Β
2010 1890 2106 1946 hic
2132 1908 2385 1949 remane.
2411 1892 2693 1947 Convenit
2716 1909 2849 1961 ergo
2875 1892 3029 1945 inter
3051 1907 3171 1955 eos,
3197 1894 3261 1943 ut
3283 1887 3663 1942 descenderet

2002 1980 2227 2051 junior.
2251 1982 2392 2036 Cum
2419 1980 2613 2051 itaque
2638 1979 3055 2047 descendisset,
3082 1982 3212 2051 post
3234 1977 3403 2031 breve
3424 1980 3657 2045 tempus

2008 2068 2060 2124 is
2082 2069 2181 2140 qui
2206 2070 2713 2142 Constantinopoli
2749 2073 3129 2135 remanserat,
3164 2066 3308 2121 vidit
3338 2065 3394 2119 in
3428 2064 3656 2120 somnis

2008 2173 2207 2213 senem
2242 2160 2554 2230 quemdam
2586 2159 2916 2231 speciosum
2958 2163 3015 2213 et
3046 2172 3267 2227 magna:
3302 2154 3654 2223 reverentiae,

2009 2246 2299 2301 dicentem
2320 2247 2451 2304 sibi:
2481 2247 2605 2303 Scis
2628 2248 2766 2319 quia
2787 2246 3106 2302 fornicatus
3129 2249 3214 2300 est
3235 2246 3412 2299 frater
3436 2248 3571 2297 tuus
3596 2242 3650 2296 in

2009 2352 2247 2391 uxorem
2274 2338 2603 2408 cauponis?
2634 2337 2739 2402 Qui
2772 2353 3091 2407 exsurgens
3122 2353 3153 2389 a
3184 2332 3653 2397 somno,contri-

2008 2424 2148 2480 stari
2187 2424 2374 2497 cmpit,
2408 2432 2463 2481 et
2504 2427 2656 2481 intra
2712 2426 3097 2496 semetipsum
3152 2424 3362 2478 dicere:
3417 2422 3534 2491 Ego
3567 2420 3648 2474 illi

2008 2530 2182 2568 causa
2205 2515 2283 2568 fui
2318 2514 2837 2585 istiuslapsus,cur
2859 2512 3222 2569 enimdimisi
3252 2510 3415 2565 illum
3432 2508 3653 2565 solum?

2006 2603 2245 2673 Aspexit
2276 2607 2473 2657 autem
2508 2605 2776 2659 eumdem
2800 2603 3357 2658 secundodicentem
3375 2598 3651 2655 sibi:Scis

2009 2692 2149 2761 quia
2178 2694 2357 2746 frater
2389 2698 2525 2747 tuus
2558 2694 2775 2748 corruit
2807 2693 2863 2747 in
2888 2709 3122 2747 uxorem
3174 2688 3486 2761 cauponis?
3528 2689 3650 2751 Quo

2007 2779 2149 2848 viso,
2179 2798 2414 2835 rursum
2442 2782 2820 2837 contristatus
2839 2788 2946 2837 est.
2972 2781 3166 2836 Tertio
3181 2779 3647 2849 conspiciteum-

2008 2869 2141 2924 dem
2165 2870 2453 2925 dicentem
2490 2872 2624 2926 sibi:
2659 2872 2859 2927 Nescis
2892 2871 3027 2941 quia
3047 2872 3374 2925 fratertuus
3398 2865 3653 2938 perdidit

2006 2958 2251 3014 liberam
2272 2960 2577 3015 mulierem
2595 2966 2649 3015 et
2670 2961 2724 3015 in
2747 2977 2986 3016 uxorem
3003 2959 3283 3029 cauponis
3303 2958 3522 3012 effusus
3538 2955 3654 3011 est?

2005 3048 2249 3119 Scripsit
2266 3048 2443 3119 igitur
2466 3050 2536 3104 ad
2556 3049 2721 3105 illurn
2741 3066 2808 3105 ex
2825 3046 3353 3118 Constantinopoli,
3370 3049 3433 3101 ut
3454 3044 3651 3100 statim

2007 3136 2270 3193 dimissis
2285 3138 2560 3193 omnibus
2576 3139 2697 3193 veni
2710 3139 3130 3208 retByzantium
3144 3137 3270 3203 .Qui
3286 3134 3655 3205 acceptisfra-

2006 3225 2111 3281 tris
2126 3225 2565 3293 litteris,statim
2580 3226 3035 3291 dimisitomnia,
3050 3226 3319 3295 venitque
3333 3225 3399 3280 ad
3416 3225 3652 3279 fratrem

2008 3330 2203 3369 suum.
2232 3315 2331 3370 Ille
2353 3332 2485 3371 vero
2510 3333 2643 3371 mox
2666 3322 2731 3371 ut
2753 3316 2892 3371 vidit
2910 3332 3067 3383 eum,
3093 3315 3260 3369 duxit
3286 3315 3344 3368 in
3371 3314 3651 3383 majorem

2002 3402 2396 3470 ecclesiam,et
2427 3406 2601 3476 ccepit
2624 3410 2866 3461 mmstus
2894 3405 3129 3477 culpare
3150 3403 3411 3472 illum,ac
3438 3402 3648 3457 dicere:

2004 3492 2154 3547 Bene
2180 3493 2741 3567 fecisti,frater,quia
2770 3494 3051 3566 cauponis
3083 3510 3322 3549 uxorem
3357 3490 3649 3547 adultera-

2003 3580 2111 3635 sti‘?
2142 3584 2297 3645 Quod
2335 3583 2431 3638 ille
2459 3601 2592 3639 cum
2625 3585 3109 3653 audisset.jurare
3130 3601 3226 3655 per
3248 3583 3429 3638 Deum
3455 3582 3649 3636 omni-

2002 3674 2295 3739 potentem
2331 3673 2524 3743 cmpit,
2560 3676 2708 3742 quod
2762 3690 2946 3743 neque
2981 3675 3424 3737 adulteravcrat,
3460 3686 3650 3739 neque

2002 3759 2306 3813 mulierem
2346 3761 2783 3829 ullamnoverat
2813 3767 3021 3833 praeter
3042 3762 3359 3832 legitimam
3387 3777 3646 3815 uxorem.

1999 3850 2145 3903 Cum
2172 3848 2293 3903 hazc
2312 3850 2498 3919 major
2514 3848 3469 3920 frateraudisset,aitilli:Nunquid
3488 3848 3642 3901 aliud

2000 3937 2307 4008 quidpiam
2342 3940 2559 4010 peccati
2591 3940 2873 4012 gravioris
2905 3940 3008 3994 abs
3041 3945 3093 3994 te
3120 3943 3353 4009 gestum
3388 3937 3505 3992 est?
3546 3936 3645 3991 Ille

2001 4031 2194 4081 autem
2220 4028 2609 4093 asseverabat,
2630 4030 2851 4084 dicens:
2868 4028 3014 4083 Vere
3038 4028 3183 4083 nihil
3204 4026 3349 4081 mihi
3373 4025 3644 4080 conscius

1997 4131 2131 4169 sum
2167 4116 2501 4187 iniquitatis
2534 4118 2862 4185 admisisse,
2898 4119 3007 4174 nisi
3043 4118 3198 4189 quod
3232 4115 3550 4172 monachos
3584 4114 3642 4170 in

1994 4208 2127 4263 villa
2160 4215 2361 4264 nostra
2391 4214 2574 4281 reperi
2599 4211 2890 4266 Severiani
2912 4210 3221 4283 dogmatis,
3246 4210 3642 4280 ignoransque

1994 4315 2059 4352 an
2094 4297 2314 4352 malum
2348 4300 2957 4365 esset,communicavi
2990 4301 3093 4355 eis.
3136 4300 3305 4355 Aliud
3340 4299 3641 4370 quodlibet

1994 4388 2200 4458 ignoro
2235 4404 2327 4442 me
2360 4389 2584 4443 fecisse.
2608 4389 3061 4445 Intellexittunc
3084 4390 3271 4459 major
3293 4393 3429 4443 natu
3465 4388 3642 4442 frater

1992 4475 2100 4530 hoc
2134 4492 2261 4531 esse
2293 4479 2447 4547 quod
2482 4478 2562 4532 illi
2587 4478 2809 4533 dictum
2836 4479 3397 4545 fuerat,fornicatum
3418 4477 3641 4532 scilicet

1991 4583 2123 4621 eum
2152 4566 2359 4633 fuisse,
2386 4568 2524 4638 quia
2539 4574 2741 4623 sancta
2755 4568 3041 4623 catholica
3056 4567 3635 4639 etapostolicaeccle-

223 4652 471 4724 spondit
503 4651 779 4716 senior,et
813 4650 894 4705 ait
915 4668 927 4705 :
949 4652 1055 4718 Qui
1073 4652 1347 4708 virtutem
1373 4656 1672 4723 possidere
1695 4657 1883 4713 volue-
1918 4650 1959 4714 ἶ)
1991 4655 2077 4711 sia
2107 4656 2350 4723 omissa,
2383 4657 2437 4710 in
2475 4657 2740 4712 haeresim
2776 4659 2966 4714 Severi
2996 4657 3282 4729 acephali,
3315 4657 3412 4728 qui
3440 4672 3639 4711 revera

222 4742 317 4809 rit,
350 4741 467 4796 nisi
503 4740 667 4811 prius
688 4741 876 4796 oderit
899 4740 1095 4797 virtuti
1117 4759 1185 4797 ex
1207 4743 1494 4799 diametro
1523 4748 1876 4803 contrariam

226 4830 545 4899 malitiam,
578 4846 703 4884 eam
740 4830 1041 4901 acquirere
1072 4848 1138 4886 ac
1171 4833 1472 4904 possidere
1517 4852 1631 4890 non
1668 4842 1875 4907 potest.

225 4917 283 4972 Si
318 4918 504 4988 igitur
532 4917 747 4972 habere
778 4919 864 4973 vis
896 4916 1145 4987 luctum,
1201 4937 1433 4993 semper
1476 4925 1607 4979 odio
1662 4925 1878 4982 habeas

225 5008 438 5062 risum.
461 5007 515 5060 Si
539 5006 931 5062 humilitatem
960 5009 1169 5064 habere
1196 5012 1513 5079 desideras,
1538 5016 1876 5085 superbiam

224 5112 792 5169 semperexsecrare.
808 5097 861 5150 Si
881 5100 1189 5154 continens
1206 5117 1333 5155 esse
1353 5118 1419 5155 eu
1434 5104 1541 5170 pis,
1560 5104 1876 5175 ingluviem

223 5186 342 5241 odi.
377 5186 437 5241 Si
472 5185 747 5256 pudicus,
769 5186 1059 5243 detestare
1092 5188 1403 5246 luxuriam.
1426 5193 1479 5247 Si
1510 5194 1726 5261 nudus,
1754 5211 1876 5249 ma-

225 5275 432 5329 teriam
469 5275 621 5344 fuge.
648 5274 752 5338 Qui
777 5275 899 5329 vult
922 5292 1049 5332 esse
1074 5278 1429 5349 misericors,
1459 5284 1757 5337 avaritiam
1785 5302 1877 5339 ca-

226 5370 374 5418 veat.
410 5364 517 5428 Qui
553 5380 812 5419 eremum
848 5364 1112 5421 habitare
1152 5369 1465 5440 desiderat,
1500 5372 1743 5427 civitatis
1770 5375 1878 5429 fre-

226 5456 527 5522 quentiam
563 5455 694 5510 odio
729 5455 959 5510 habeat.
990 5457 1094 5519 Qui
1131 5460 1290 5530 cupit
1322 5461 1579 5516 invenire
1598 5465 1877 5535 quietem,

226 5543 503 5599 fiduciam
527 5544 735 5599 oderit.
762 5545 867 5609 Qui
896 5548 1259 5618 peregrimus
1281 5566 1409 5605 esse
1428 5551 1569 5618 vult,
1593 5569 1877 5623 apparen-

226 5634 487 5703 tiamfll)
508 5650 608 5689 seu
634 5632 1015 5703 cupiditatem
1041 5639 1383 5693 ostendendi
1412 5657 1471 5695 se
1494 5641 1624 5696 odio
1648 5642 1875 5697 habeat.

226 5718 339 5785 Qui
363 5720 719 5779 iracundiam
744 5724 1044 5781 continere
1068 5726 1381 5795 desiderat,
1403 5728 1721 5786 multorum
1746 5748 1875 5789 con-

1988 4762 2174 4816 caupo
2215 4750 2323 4813 est,
2378 4763 2653 4802 corruens
2681 4748 2962 4803 confusus
2993 4756 3135 4815 erat,
3170 4764 3234 4802 ac
3266 4746 3631 4801 nobilitatem

1987 4841 2157 4892 rectze
2182 4836 2314 4891 fidei
2347 4838 2807 4893 contaminaret.

2514 4952 2740 5008 CAPUT
2770 4953 3104 5009 CLXXXIX.

1994 5041 2109 5097 Vita
2143 5042 2393 5097 mulieris
2423 5057 2548 5112 qua:
2576 5042 2738 5112 ﬁdem
2767 5045 3009 5097 servavit
3044 5045 3159 5097 vim
3181 5058 3277 5097 suo
3308 5042 3641 5109 negotiatori

2390 5120 2441 5169 et
2472 5116 2630 5168 ambo
2660 5132 2693 5167 α
2726 5116 2827 5170 Deo
2858 5114 3039 5185 adjuli
3068 5123 3215 5169 sunt.

2060 5202 2342 5257 Venimus
2367 5202 2708 5258 Ascalonem
2727 5204 2782 5257 in
2798 5204 3223 5258 xenodoehium
3243 5203 3637 5269 Patrum,nar-

1989 5292 2250 5363 ravitque
2277 5292 2444 5346 nobis
2473 5293 2651 5347 abbas
2686 5293 2970 5347 Eusebius
3000 5293 3321 5364 presbyter,
3357 5292 3508 5363 quod
3530 5310 3633 5346 ue-

1988 5382 2241 5452 gotiator
2271 5382 2509 5451 quidam
2547 5382 2831 5453 navigans
2856 5382 3206 5452 perdidisset
3227 5381 3423 5436 omnia
3449 5387 3503 5436 et
3524 5399 3631 5437 sua

1987 5476 2043 5524 et
2074 5470 2287 5537 aliena,
2314 5470 2711 5541 evasissetque
2744 5472 2865 5542 ipse
2908 5472 3299 5540 naufragium.
3333 5471 3439 5533 Qui
3494 5488 3625 5526 cum

1987 5560 2241 5615 venisset
2266 5560 2397 5626 huc,
2424 5578 2455 5614 a
2480 5560 2865 5615 creditoribus
2887 5562 3348 5632 comprehensus
3367 5567 3421 5615 et
3438 5562 3493 5615 in
3510 5579 3629 5615 car-

1989 5666 2173 5705 cerem
2196 5649 2413 5705 missus
2431 5650 2891 5722 est,direptaque
2907 5657 3041 5706 sunt
3057 5654 3250 5707 omnia
3268 5667 3629 5723 quaecunque

1988 5739 2141 5795 domi
2167 5739 2440 5809 habebat,
2475 5743 2531 5795 et
2563 5739 2836 5811 conjugis
2851 5741 3024 5797 etiam
3052 5742 3238 5815 ipsius
3257 5741 3625 5799 vestimenta.
