4092 6324
379 376 487 434 219

1577 379 1674 433 DE
1715 377 1901 432 VITIS
1934 376 2233 433 PATBUM
2270 379 2487 434 LIBER
2525 377 2602 434 X.

3683 378 3795 434 220

382 504 490 561 Illa
519 503 700 577 igitur
728 518 795 559 ex
827 503 1012 559 multa
1044 502 1356 571 anxietate,
1379 506 1436 559 et
1455 502 1715 574 tristitia,
1749 506 1805 559 et
1829 502 2031 576 inopia
2059 506 2113 573 Α
2146 503 2285 560 Ecce
2314 505 2593 576 quoniam
2629 510 3011 562 servaverunt
3042 505 3141 562 isti
3173 507 3517 563 mandatum
3563 506 3802 563 Domini

384 612 498 651 non
524 598 752 666 poterat
772 593 961 648 virum
985 594 1077 648 vel
1115 608 1263 665 pane
1304 593 1550 649 nutrire.
1585 593 1833 649 Sedente
1864 593 2044 664 igitur

379 684 481 740 illa
502 685 595 740 die
614 685 870 755 quadam
904 684 963 738 in
989 699 1222 739 carcere
1251 686 1307 739 et
1338 688 1629 756 gemente,
1671 684 1907 738 intravit
1953 682 2041 738 vir

385 774 623 846 quidam
659 790 906 843 magnus
940 773 1152 829 vinctis
1176 773 1314 829 dare
1337 773 1789 846 eleemosynam.
1818 773 2038 829 Videns

382 881 516 921 vero
554 863 855 919 mulierem
882 863 1123 918 liberam
1150 864 1449 918 sedentem
1471 879 1602 919 cum
1625 864 1749 918 viro
1772 880 1900 931 suo,
1918 864 2038 918 vul-

386 958 627 1009 neratus
646 958 733 1008 est
752 952 808 1007 in
834 969 1030 1007 amore
1056 952 1264 1023 ipsius,
1289 957 1413 1008 erat
1433 953 1587 1007 enim
1608 952 2035 1024 spiciosissima

383 1043 802 1114 mandavitque
833 1041 917 1096 illi
943 1058 1046 1113 per
1076 1041 1465 1097 carcerarium
1499 1045 1562 1095 ut
1596 1042 1666 1095 ad
1696 1058 1759 1096 se
1788 1042 2028 1096 veniret.

387 1132 491 1187 llla
523 1132 729 1187 videns
763 1132 915 1203 quod
947 1147 1171 1203 agapen
1206 1136 1517 1203 acceptura
1566 1134 1741 1196 esset,
1783 1130 2033 1185 libenter

382 1222 648 1277 accessit.
675 1222 782 1285 Qui
818 1237 1061 1277 sumens
1092 1220 1252 1275 illam
1278 1221 1649 1290 seorsum,ait
1682 1220 1754 1275 ei:
1778 1219 1923 1283 Quid
1944 1223 2031 1275 est

380 1312 534 1382 quod
555 1311 758 1379 habes,
790 1315 847 1365 et
878 1311 1048 1380 cujus
1073 1310 1150 1365 rei
1175 1312 1366 1382 gratia
1395 1310 1490 1365 hic
1521 1310 1764 1373 esPQuaa
1786 1308 1869 1364 illi
1891 1325 2032 1364 cun-

378 1405 467 1455 cta
497 1399 805 1455 enarravit.
841 1400 937 1454 Ait
968 1403 1162 1454 autem
1197 1399 1358 1470 ipse:
1397 1399 1456 1455 Si
1507 1398 1836 1470 persolvero
1868 1400 2028 1456 debi-

377 1498 526 1555 tum,
551 1489 807 1545 dormies
851 1505 1080 1544 mecum
1120 1494 1288 1545 nocte
1321 1489 1463 1544 ista?
1517 1489 1618 1544 Illa
1649 1492 1845 1545 autem
1898 1507 2030 1546 vere

378 1578 775 1652 pulcherrima
797 1584 852 1634 et
884 1578 1270 1651 pudicissima
1301 1580 1454 1635 922
1500 1578 1644 1633 dixit
1674 1579 1746 1634 ei:
1796 1579 2027 1646 Audivi,

377 1670 936 1737 domine,dicentem
961 1668 1470 1740 Apo:tolum,quia
1486 1667 1698 1723 mulier
1720 1685 1833 1723 non
1858 1668 2033 1724 habet

378 1762 730 1830 potestatem
766 1757 983 1829 proprii
1017 1758 1301 1829 corporis,
1345 1759 1444 1812 sed
1496 1758 1583 1812 vir
1632 1759 1706 1827 (Il
1740 1756 1861 1812 Cor.
1904 1756 2028 1828 v11).

2153 594 2340 649 nostri
2370 595 2510 651 Jesu
2546 595 2783 666 Christi,
2817 596 3216 667 magniﬁcavit
3237 601 3293 652 et
3318 597 3444 669 ipse
3474 596 3533 652 in
3568 597 3653 654 eis
3686 595 3804 652 mi-

2152 684 2529 741 sericordiam
2559 703 2750 742 suam.

2764 794 2999 850 CAPUT
3038 794 3185 851 CXC.

2153 881 2483 937 Miraculum
2514 882 2579 939 de
2611 883 2762 954 tigno
2792 886 2992 939 donato
3024 884 3217 939 abbati
3252 883 3484 941 Brochae
3524 885 3801 956 Egi/ptio.

2215 972 2485 1027 Narravit
2516 972 2686 1028 nobis
2699 972 3059 1029 Athanasius
3079 974 3477 1030 Antiochenus
3493 974 3569 1033 de
3588 973 3801 1029 abbate

2150 1059 2373 1116 Brocha
2392 1062 2686 1133 Egyptio,
2718 1062 2921 1117 dicens
2949 1079 2960 1115 :
3008 1062 3152 1119 Cum
3186 1062 3444 1119 venisset
3472 1062 3560 1117 vir
3604 1061 3701 1117 ille
3727 1078 3801 1117 ex

2142 1150 2386 1222 Egypto
2421 1150 2857 1219 inISeleuciam,
2890 1168 3021 1222 qua
3050 1169 3230 1223 prope
3269 1151 3639 1208 Antiochiam
3683 1156 3798 1219 est,

2142 1238 2364 1295 invenit
2377 1249 2534 1295 extra
2550 1242 2842 1296 civitatem
2860 1240 3053 1297 locum
3070 1242 3364 1298 desertum
3381 1241 3800 1314 quaerebatque

2146 1332 2485 1384 construere
2502 1330 2614 1385 sibi
2640 1331 2694 1385 in
2728 1347 2793 1386 eo
2825 1347 3061 1401 parvam
3098 1330 3390 1387 cellulam.
3423 1331 3608 1395 Quam
3657 1346 3798 1386 cum

2139 1418 2546 1487 exstruxisset,
2576 1436 2768 1490 neque
2796 1421 3032 1476 haberet
3054 1422 3207 1476 unde
3228 1420 3389 1475 illam
3404 1420 3680 1493 operiret,
3704 1419 3797 1474 in-

2142 1522 2386 1579 gressus
2417 1509 2620 1564 urbem
2645 1510 2740 1564 die
2769 1510 3025 1581 quadam
3060 1509 3280 1565 invenit
3300 1509 3660 1577 Anatolium,
3697 1507 3799 1580 qui

2143 1598 2597 1669 cognominatus
2630 1603 2721 1655 est
2749 1598 3001 1666 Curvus,
3055 1598 3331 1655 Seleucia:
3362 1603 3420 1654 et
3475 1597 3800 1653 Antiochia:

2145 1703 2327 1741 unum
2345 1703 2411 1742 ex
2429 1686 2725 1759 primariis
2739 1688 3036 1743 sedentem
3052 1693 3219 1743 extra
3233 1688 3445 1743 domus
3458 1703 3576 1741 sua:
3590 1686 3797 1750 limen,

2140 1776 2403 1847 dixitque
2425 1777 2495 1831 ei:
2526 1777 3361 1847 Fac,domine,charitatem,et
3378 1777 3451 1832 da
3470 1775 3612 1831 mihi
3631 1774 3800 1846 ligna

375 1847 654 1944 Pam-lite
677 1863 834 1944 {3’30}
855 1845 1118 1944 (“trunci
1137 1846 1783 1944 “Ein_t9"°_g_em_"irum
1808 1862 2029 1944 mea“):
2062 1879 2107 1944 Β
2141 1845 2394 1936 modica,
2416 1874 2477 1921 ut
2500 1845 2693 1938 tegam
2722 1866 2994 1921 cellulam
3020 1845 3345 1923 meamJlle
3375 1881 3508 1921 vero
3539 1845 3797 1920 maxime

375 1942 433 1992 et
453 1937 742 2008 quidquid
778 1937 874 1991 ille
902 1937 1152 2007 jusserit
1181 1937 1415 1991 faciam.
1442 1936 2029 2007 Veniensqueomnia

375 2026 672 2081 nuntiavit
692 2026 815 2081 viro
839 2043 965 2081 suo.
994 2026 1119 2093 Ille,
1151 2033 1214 2080 ut
1236 2024 1761 2097 prudentissimus,
1784 2030 1840 2081 et
1863 2025 2026 2080 uxori

375 2134 494 2174 suae
517 2117 771 2171 maximo
795 2117 1096 2171 devinctus
1119 2117 1348 2183 atl‘ectu,
1377 2120 1578 2187 raptus
1606 2131 1718 2170 non
1744 2120 1831 2170 est
1853 2130 1955 2186 spe
1973 2118 2029 2169 et

374 2206 663 2262 desiderio
677 2205 957 2261 evadendi
972 2205 1221 2261 carceris
1237 2205 1613 2277 injurias;sed
1633 2204 2026 2276 ingemiscens

376 2314 506 2352 cum
543 2294 822 2367 lacrymis
853 2294 936 2351 ait
960 2294 1121 2351 uxori
1147 2312 1160 2349 :
1188 2296 1385 2366 Perge,
1430 2311 1604 2366 perge
1646 2311 1829 2363 soror,
1862 2294 2026 2349 abre-

380 2384 856 2453 nuntiahomini;
898 2401 1070 2457 spero
1120 2384 1274 2440 enim
1315 2385 1373 2439 in
1408 2384 1722 2440 Dominum
1756 2386 2023 2439 nostrum

374 2475 577 2531 Jcsum
604 2473 1080 2546 Christum,quia
1097 2490 1211 2528 non
1246 2472 1612 2545 derelinquat
1634 2490 1739 2528 nos
1764 2490 1950 2545 usque
1969 2473 2025 2528 in

376 2565 577 2621 tinem.
611 2564 947 2636 Exsurgens
978 2568 1170 2620 autem
1191 2562 1289 2618 illa
1308 2562 1533 2619 dimisit
1563 2580 1597 2618 a
1617 2578 1678 2619 se
1702 2561 2023 2630 hominem,

375 2652 598 2709 dicens:
633 2652 757 2708 Dixi
783 2652 907 2708 viro
942 2668 1093 2723 meo,
1125 2656 1182 2707 et
1214 2668 1329 2707 non
1353 2651 1497 2707 vult.

446 2749 555 2798 Per
582 2741 640 2796 id
676 2746 870 2797 autem
895 2741 1180 2814 temporis
1202 2741 1351 2797 latro
1367 2741 1607 2813 quidam
1631 2740 1885 2813 injectus
1908 2740 2027 2795 fue-

378 2836 467 2887 rat
500 2831 556 2885 in
593 2831 789 2901 ipsum
814 2846 1101 2885 carcerem
1125 2831 1465 2902 priusquam
1494 2830 1821 2901 negotiator
1842 2829 2025 2884 vinci-

379 2925 559 2976 retur:
594 2920 689 2975 hic
719 2920 916 2974 omnia
947 2919 1311 2991 inspiciebat,
1362 2924 1419 2973 et
1466 2918 1744 2976 audiebat
1801 2919 1905 2973 viri
1962 2935 2026 2974 ac

380 3009 647 3066 mulieris
677 3010 871 3078 verba,
906 3008 1303 3081 ingemuitque
1322 3009 1473 3081 apud
1508 3009 1913 3080 semetipsum,
1947 3009 2029 3063 di-

382 3115 539 3155 cens:
572 3099 710 3154 Ecce
740 3099 796 3153 in
832 3115 948 3170 quo
979 3099 1075 3154 isti
1109 3114 1249 3154 casu
1277 3099 1558 3167 existunt,
1592 3115 1781 3170 neque
1830 3102 2022 3154 tamen

378 3188 706 3244 libertatem
723 3204 889 3243 suam
908 3188 1311 3259 prodiderunt,
1330 3193 1393 3242 ut
1408 3188 1685 3259 pecunias
1698 3187 2029 3260 acciperent

379 3283 437 3335 ct
455 3276 911 3349 dimitterentur,
946 3278 1044 3334 sed
1073 3277 1413 3348 pudicitiam
1440 3277 1625 3349 pluris
1655 3294 1830 3349 quam
1863 3294 2030 3348 pecu-

382 3367 541 3424 niam
573 3368 1075 3433 existimaverunt;
1109 3367 1357 3439 vitazque
1382 3367 1559 3422 istius
1582 3367 1910 3434 commoda,
1966 3372 2031 3421 ut

379 3456 542 3511 illius
565 3456 1063 3528 pulchritudinem
1091 3472 1205 3510 non
1224 3455 1508 3511 violarent
1529 3458 2024 3526 contempserunt.

383 3548 461 3608 At
487 3561 592 3616 ego
624 3545 762 3616 quid
799 3545 1007 3601 faciam
1044 3544 1244 3611 miser,
1285 3545 1384 3616 qui
1419 3561 1721 3616 nunquam
1783 3544 2030 3615 cogitavi

384 3634 541 3704 quod
562 3638 711 3689 Deus
729 3638 904 3703 esset,
921 3634 1204 3689 etidcirco
1224 3634 1675 3689 homicidiorum
1693 3639 1895 3690 auctor
1917 3635 2030 3689 fui?

381 3724 964 3780 Vocansautemillos
980 3725 1049 3779 ad
1083 3740 1143 3779 se
1160 3741 1260 3796 per
1300 3724 1617 3780 fenestram
1656 3725 1784 3796 ejus
1807 3724 2029 3780 cellula:

385 3813 484 3868 ubi
514 3813 746 3868 vinctus
768 3814 1159 3881 detinebatur,
1193 3813 1339 3868 dixit
1360 3814 1464 3869 eis:
1496 3813 1607 3884 Ego
1633 3813 1780 3869 latro
1811 3830 1939 3868 sum
1973 3817 2031 3868 et

384 3904 628 3959 cazdium
688 3908 966 3975 patrator,
1029 3904 1414 3976 quamobrem
1483 3919 1835 3975 quacunque
1890 3903 2033 3958 hora

380 4010 601 4065 praeses
630 3994 875 4063 venerit,
905 3995 975 4049 ad
1010 3998 1259 4048 mortem
1292 3996 1358 4046 ut
1389 3991 1685 4046 homicida
1728 3992 2033 4047 ducendus

381 4100 536 4138 sum.
554 4083 950 4138 Considerans
974 4100 1106 4137 vero
1129 4082 1409 4153 pudicum
1431 4082 1745 4137 consilium
1769 4086 2029 4138 vestrum

381 4182 771 4243 compunctus
796 4187 948 4226 sum:
976 4172 1175 4242 itaque
1198 4172 1438 4242 pergite,
1464 4174 1519 4225 et
1540 4171 1596 4224 in
1628 4172 1752 4227 loco
1774 4168 1870 4226 illo
1894 4172 2033 4226 civi-

381 4248 520 4315 tatis
556 4262 755 4329 fodite,
788 4266 845 4315 et
872 4260 1117 4332 accipite
1145 4278 1294 4332 quas
1324 4260 1665 4315 inveneritis
1716 4260 2029 4332 pecunias;

384 4367 641 4423 cumque
654 4350 1349 4421 persolveritisdebitum,
1381 4351 1637 4423 plurima
1651 4352 1824 4406 etiam
1864 4353 2033 4407 eulo-

384 4441 480 4511 gia
510 4440 836 4496 remanebit
865 4442 1050 4507 vobis,
1084 4446 1244 4497 orate
1277 4457 1380 4513 pro
1414 4457 1527 4507 me,
1560 4444 1702 4495 utet
1731 4457 1837 4512 ego
1869 4441 2029 4495 inve-

384 4529 541 4585 niam
576 4529 1056 4585 misericordiam.

2138 1955 2477 2027 indignans,
2510 1956 2592 2011 ait
2623 1956 2730 2011 illi:
2765 1956 2907 2011 Ecce
2936 1956 3190 2028 lignum,
3239 1955 3377 2011 tolle
3427 1958 3484 2009 et
3530 1954 3791 2020 discede;

2138 2045 2455 2101 ostendens
2489 2044 2573 2099 illi
2600 2046 2827 2100 trabem
2852 2045 3192 2112 maximam,
3218 2061 3394 2116 quam
3426 2043 3790 2113 babebatja-

2138 2138 2364 2190 centem
2399 2138 2531 2188 ante
2550 2135 2792 2189 domum
2816 2150 3007 2201 suam,
3032 2135 3103 2190 de
3124 2150 3241 2206 qua
3260 2134 3412 2190 facta
3433 2137 3587 2189 esset
3615 2134 3795 2189 arbor

2138 2224 2303 2280 navis
2331 2224 2610 2278 oneraria:
2636 2223 3066 2295 quinquaginta
3088 2223 3361 2278 millium.
3388 2221 3584 2278 Aitilli
3608 2222 3796 2279 abbas

2136 2312 2391 2368 Brochas
2419 2328 2435 2367 ι
2468 2311 2802 2377 Benedic,ot
2832 2311 3033 2367 tollam
3067 2312 3233 2366 illud.
3294 2310 3447 2367 Dicit
3493 2311 3546 2367 ei
3583 2328 3794 2366 rursus

2139 2401 2449 2457 Anatolius
2474 2400 3232 2468 stomachans,Benedictus
3256 2401 3556 2455 Dominus.
3574 2401 3797 2472 Appre-

2137 2491 2342 2547 hendit
2372 2490 2471 2545 ille
2501 2490 2750 2556 trabem,
2775 2490 3283 2562 solusquelevavit
3304 2490 3374 2545 de
3397 2494 3571 2559 terra,
3597 2494 3654 2544 et
3674 2491 3793 2545 im-

2136 2580 2335 2653 posuit
2354 2578 2615 2635 humeris
2647 2579 2792 2647 suis,
2827 2580 3089 2650 abiitque
3113 2596 3245 2635 cum
3279 2578 3381 2634 illa
3410 2579 3480 2634 ad
3513 2578 3790 2635 cellulam

2137 2687 2325 2726 suam.
2362 2670 2612 2741 Stupore
2643 2674 2837 2724 autem
2893 2684 3211 2739 percussus
3244 2667 3550 2724 Anatolius
3605 2667 3665 2722 in
3719 2685 3788 2725 eo

2138 2760 2291 2832 quod
2325 2758 2545 2813 factum
2580 2757 2766 2813 fuerat
2790 2757 3011 2829 insigni
3054 2757 3449 2829 praeclaraque
3478 2756 3787 2822 miraculo,

2136 2848 2385 2920 largitus
2413 2851 2502 2903 est
2530 2846 2582 2903 ei
2614 2845 2839 2919 lignum
2874 2846 3041 2918 illud,
3075 2864 3145 2902 ex
3174 2863 3289 2918 quo
3323 2863 3437 2903 non
3461 2845 3650 2902 solum
3674 2845 3789 2902 cel-

2134 2937 2317 2994 lulam
2348 2953 2539 3005 suam,
2566 2942 2627 2991 ut
2650 2937 2910 3008 petierat,
2934 2936 3185 3008 operuit,
3203 2937 3302 2992 sed
3325 2942 3379 2992 et
3401 2936 3516 2992 alia
3533 2935 3792 3007 plurima

2136 3026 2769 3099 ministeriaZexercuit.

2733 3133 2961 3190 CAPUT
3002 3133 3185 3191 CXCI.

2060 3250 2104 3319 ρ
2146 3226 2268 3283 Vita
2300 3222 3521 3319 compendiumsaucii[quuESAqﬁtgaostomi
3536 3223 3791 3294 patriar-

2574 3303 2687 3351 cha
2732 3295 3351 3366 Constantinopolitani.

2209 3384 2496 3441 Dicebant
2526 3384 2595 3438 de
2630 3388 2831 3438 sancto
2861 3383 3086 3438 Joanne
3143 3380 3794 3454 Constantinopolitano

2140 3473 2569 3546 archiepicopo,
2602 3473 2701 3543 qui
2724 3473 2886 3541 justo
2914 3476 2971 3527 et
3002 3472 3350 3543 dignissime
3401 3488 3504 3543 pro
3535 3471 3793 3542 puritate

2140 3564 2444 3629 doctrinae,
2477 3568 2532 3619 et
2552 3562 2863 3634 splendore
2884 3560 3285 3617 venustissimi
3304 3560 3517 3632 eloquii
3541 3560 3795 3631 Chryso-

2141 3659 2371 3710 stomus
2393 3652 2505 3723 (42)
2522 3652 2975 3724 cognominatus
2998 3655 3108 3719 est;
3133 3651 3286 3722 quod
3308 3666 3377 3705 ex
3397 3649 3548 3721 quod
3572 3648 3794 3705 saluta-

2141 3760 2261 3799 rem
2293 3742 2651 3814 baptismum
2680 3740 2999 3812 accepisset
3032 3756 3335 3810 nunquam
3369 3738 3792 3807 omninojura-

2139 3833 2309 3899 verit,
2344 3847 2534 3902 neque
2562 3828 3603 3901 aliquemjurarecompulerit,neque
3626 3843 3789 3883 men-

2139 3922 2285 3976 titus
2316 3921 2412 3990 sit,
2445 3935 2633 3990 neque
2655 3918 2829 3974 alicui
2870 3936 3127 3989 unquam
3170 3917 3554 3986 maledixerit,
3598 3932 3790 3988 neque

2143 4008 2414 4065 scurrilia
2443 4008 2675 4065 locutus
2707 4009 2803 4076 sit,
2835 4024 3025 4079 neque
3046 4010 3215 4078 jocos
3246 4006 3572 4063 admiserit.

2720 4115 2954 4171 CAPUT
2985 4117 3201 4172 CXCII.

2145 4205 2358 4262 Relatio
2391 4206 2463 4261 de
2491 4205 2724 4277 quodam
2756 4206 3015 4261 monacho
3040 4206 3367 4260 monasterii
3399 4202 3517 4258 divi
3543 4203 3800 4271 Gregorii

2215 4280 2324 4349 (42)
2356 4292 2521 4349 papa
2550 4276 2812 4348 quomodo
2839 4282 2959 4348 post
2986 4280 3218 4331 mortem
3240 4277 3307 4331 ab
3336 4278 3796 4331 excommunica-

2216 4353 2369 4406 tione
2391 4351 2563 4419 fuerit
2593 4349 2901 4404 absolutus.

2216 4439 2489 4494 Narravit
2512 4437 2682 4493 nobis
2702 4443 2942 4493 sanctus
2958 4437 3199 4509 quidam
3220 4437 3578 4509 presbyter‘,
3595 4436 3802 4492 Petrus

2149 4529 2411 4597 nomine,
2444 4528 2684 4584 veniens
2715 4543 2783 4582 ex
2826 4526 3079 4582 Romana
3128 4528 3293 4594 urbe,
3347 4528 3417 4581 de
3461 4525 3804 4582 beatissimo

454 4624 591 4674 Post
607 4636 825 4690 paucos
844 4623 1038 4674 autem
1055 4620 1181 4675 dies
1196 4619 1499 4688 ingressus
1516 4617 1811 4674 civitatem
1835 4636 2046 4691 praeses
2077 4623 2122 4689 1)
2157 4618 2435 4690 Gregorio
2467 4617 2730 4689 ejusdem
2750 4616 3305 4682 civitatisAntistite,
3321 4617 3476 4687 quod
3490 4632 3623 4672 cum
3649 4619 3808 4671 esset

387 4708 683 4764 latronem
718 4710 891 4764 educi
912 4709 1099 4779 jussit
1123 4712 1180 4763 et
1206 4708 1505 4765 decollari.
1537 4709 1813 4780 Sequenti
1848 4715 2045 4766 autem

384 4799 477 4854 die
497 4798 646 4854 dixit
673 4798 885 4854 mulier
906 4799 1051 4853 viro:
1075 4798 1345 4868 Sijubes,
1362 4798 1441 4852 mi
1464 4798 1722 4866 domine,
1742 4799 1946 4854 vadam
1973 4801 2043 4855 ad

2158 4723 2431 4764 summus
2453 4705 2732 4778 pontifex,
2756 4707 3176 4761 monasterium
3199 4704 3457 4761 virorum
3479 4704 3806 4759 maximum

2157 4794 2545 4862 aediﬁcaverit,
2571 4795 3037 4865 mandatumque
3059 4795 3301 4862 dederit,
3334 4794 3488 4850 928
3512 4797 3577 4849 ut
3603 4792 3803 4849 nullus

2158 4884 2583 4941 monachorum
2617 4883 2918 4955 proprium
2952 4883 3173 4955 aliquid
3208 4883 3463 4949 haberet,
3497 4898 3570 4938 ne
3615 4899 3802 4938 unum

2158 4974 2395 5047 quidem
2413 4971 2673 5027 obolum.
2690 4976 3034 5044 Fraterergo
3056 4972 3395 5027 monasterii
3419 4972 3673 5027 habebat
3694 4988 3805 5027 ste-

2157 5062 2417 5119 cularem
2450 5062 2711 5129 fratrem,
2740 5079 2772 5117 a
2803 5077 2919 5132 quo
2951 5062 3353 5132 petiitdicens:
3378 5061 3661 5117 Tunicam
3687 5078 3804 5116 non

2156 5153 2366 5219 habeo,
2390 5152 2520 5206 ideo
2556 5151 2643 5207 fac
2667 5152 2721 5204 in
2748 5166 2838 5205 me
2853 5150 3291 5221 charitatem,et
3311 5168 3438 5206 eme
3460 5150 3618 5206 illam
3635 5150 3803 5206 mihi.

2156 5242 2312 5297 Dixit
2336 5240 2421 5294 illi
2445 5238 2745 5295 saecularis
2768 5242 2975 5295 frater:
2998 5240 3135 5295 Ecce
3155 5240 3268 5295 tria
3281 5240 3400 5296 haec
3422 5239 3806 5310 numismata,

2156 5331 2441 5401 accipe,et
2462 5345 2588 5384 eme
2608 5328 2711 5383 tibi
2736 5334 2800 5383 ut
2820 5328 3030 5401 placet.
3049 5334 3298 5385 Sumens
3317 5346 3453 5401 ergo
3477 5329 3809 5385 monachus

2154 5420 2267 5475 tria
2297 5417 2895 5484 numismata,habuit
2912 5418 3011 5474 illa
3032 5418 3188 5490 apud
3210 5435 3291 5474 se.
3309 5419 3470 5484 Quod
3494 5434 3628 5473 cum
3652 5417 3808 5473 alius

2156 5506 2483 5573 monachus
2505 5506 2765 5575 vidisset,
2800 5508 2948 5563 abiit
2994 5513 3051 5562 et
3083 5508 3377 5562 nuntiavit
3406 5507 3623 5563 abbati.
3667 5509 3803 5575 Quo

2155 5596 2380 5661 audito,
2402 5595 2582 5651 abbas
2607 5597 2984 5665 renuntiavit,
3008 5600 3065 5652 et
3086 5597 3212 5669 ipse
3239 5598 3611 5656 sanctissimo
3642 5613 3806 5669 papa:

385 4889 575 4944 locum
596 4904 770 4957 quem
797 4887 1280 4953 denotavitlatro,
1300 4887 1347 4942 si
1366 4888 1511 4942 forte
1525 4904 1657 4943 vera
1670 4888 1925 4959 sintque:
1951 4889 2049 4945 ille

386 4982 737 5050 prosecutus
770 4981 879 5033 est.
913 4978 1022 5041 Qui
1073 4976 1175 5031 ait:
1212 4981 1277 5030 ut
1326 4976 1427 5031 tibi
1460 4976 1686 5032 videtur
1716 4977 1905 5033 facito.
1942 4978 2047 5034 Illa

390 5084 524 5123 vero
547 5072 784 5139 sumpto
819 5068 976 5122 brevi
1007 5066 1261 5133 sarculo,
1292 5082 1533 5138 vespere
1562 5066 1844 5121 adlocum
1879 5066 2047 5135 abiit,

384 5161 441 5210 et
473 5157 723 5224 fodiens,
761 5156 937 5211 ollam
973 5155 1195 5209 invenit
1246 5154 1702 5225 diligentissime
1760 5160 2045 5226 opertam,

386 5262 453 5300 su
465 5262 667 5316 mensq
680 5262 750 5300 ue
767 5246 929 5300 illam
954 5262 1053 5316 pro
1064 5246 1216 5299 tecta
1229 5248 1336 5298 est.
1356 5243 1632 5298 Prudenti
1648 5260 1781 5299 vero
1797 5260 1903 5298 usa
1918 5262 2048 5299 con-

377 5333 531 5399 silio,
570 5334 849 5404 paulatim
890 5333 1286 5388 creditoribus
1318 5332 1598 5387 reddebat
1628 5333 1844 5404 debita,
1878 5338 1943 5388 ut
1980 5350 2048 5388 ex

376 5424 490 5478 hoc
531 5423 601 5477 ab
638 5422 775 5477 aliis
808 5424 1116 5492 pecuniam
1146 5420 1405 5477 mutuari
1430 5426 1753 5493 putaretur.
1785 5423 2050 5493 Implevit

376 5517 576 5567 autem
595 5528 830 5567 omnem
849 5511 1028 5566 debiti
1063 5510 1757 5581 solutionem,virumque
1774 5512 1843 5566 de
1856 5528 2048 5567 carce-

386 5602 472 5657 ris
495 5600 762 5656 custodia
787 5600 1005 5655 eduxit.
1024 5600 1264 5656 Dicebat
1288 5607 1479 5656 autem
1498 5599 1599 5671 qui
1633 5602 1740 5655 ista
1765 5601 2041 5656 narravit:

458 5728 468 5765 ί
504 5726 759 5785 Joannes
790 5725 1083 5783 Diaconus
1113 5726 1255 5782 Vitae
1289 5725 1475 5783 sancti
1507 5725 1769 5798 Gregorii
1805 5724 1908 5783 lib.
1939 5736 2015 5797 11,‘
2037 5742 2164 5799 cap.
2199 5725 2286 5781 45.
