4092 6324
213 443 306 499 221
1498 430 1799 486 PRATUM
1837 428 1945 482 8P1
1953 427 2289 482 RITUALE.

3496 426 3605 482 222

214 564 494 638 Gregorio.
519 564 729 618 Beatus
744 578 879 617 vero
897 558 1212 631 Gregorius
1246 557 1355 614 hoc
1378 552 1846 625 audiens,jussit
1876 554 1928 620 Α
1958 551 2368 623 dispensator:
2402 552 2510 615 Qui
2532 550 2639 607 ait:
2662 552 2864 623 Spero,
2886 551 3141 622 domine,
3163 552 3219 606 in
3252 550 3459 608 Filium
3481 553 3582 610 Dei

214 659 423 721 eum,ut
443 654 545 725 qui
571 650 909 707 monasterii
929 648 1162 721 regulas
1183 653 1627 720 praetergressus
1658 646 1834 707 esset,

212 744 647 803 acommunione
660 740 941 812 separari.
956 743 1090 794 Post
1105 738 1398 793 modicum
1416 753 1546 792 vero
1561 732 1838 805 temporis

212 835 436 890 moritur
456 830 747 887 fraterille
765 830 847 885 ita
872 833 1202 899 separatus,
1230 827 1524 883 nesciente
1542 841 1687 896 papa
1705 823 1834 879 Gre-

209 924 368 996 gorio.
405 926 542 976 Post
572 921 721 975 duos
750 926 944 975 autem
972 917 1058 972 vel
1090 922 1212 973 tres
1242 916 1367 972 dies
1390 915 1533 971 abiit
1555 913 1755 979 abbas,
1780 916 1837 967 et

209 1010 605 1078 nuntiavitilli,
634 1010 833 1065 dicens
861 1025 873 1063 :
900 1009 1103 1063 Frater
1122 1006 1216 1062 ille
1243 1008 1555 1061 defunctus
1581 1009 1689 1059 est.
1711 1005 1833 1068 Quo

208 1104 290 1160 ille
317 1103 514 1158 audito
549 1117 661 1155 non
698 1098 1071 1155 mediocriter
1115 1096 1497 1152 contristatus
1544 1098 1633 1148 est
1677 1092 1832 1163 quod

209 1198 499 1263 antequam
520 1189 923 1245 absolveretur
937 1184 1563 1242 excommunicationis
1578 1182 1834 1251 vinculo,

210 1283 499 1353 migrasset
513 1277 772 1335 aszeculo
792 1294 803 1331 :
821 1277 1203 1347 scribensque
1219 1275 1541 1330 orationem
1562 1272 1619 1327 in
1647 1272 1695 1327 fc
1708 1288 1833 1326 rma

206 1369 460 1444 epistolae,
489 1367 656 1424 dedit
689 1366 790 1422 uni
823 1382 891 1421 ex
921 1364 1376 1431 archidiaconis,
1402 1363 1621 1433 jubens
1652 1360 1737 1415 illi
1771 1363 1834 1415 ut

207 1462 302 1518 iret
327 1464 381 1517 et
410 1475 589 1531 supra
634 1456 970 1529 sepulcrum
1019 1454 1217 1509 fratris
1266 1453 1426 1509 illam
1458 1452 1696 1523 legeret.
1730 1454 1834 1506 Per

208 1553 344 1623 ipsas
356 1566 484 1605 vero
509 1547 738 1603 litteras
757 1545 1097 1601 absolvebat
1119 1544 1192 1599 ab
1210 1541 1832 1599 excommunicationis

209 1640 424 1697 nexibus
459 1642 785 1692 mortuum.
823 1634 1040 1689 Abiens
1063 1634 1241 1706 igitur
1263 1629 1834 1702 archidiaconus,:si-

207 1736 289 1786 cut
314 1728 391 1783 illi
423 1729 613 1782 fuerat
646 1725 1023 1795 imperatum,
1056 1740 1231 1794 super
1253 1721 1590 1792 sepulcrum
1632 1720 1831 1774 fratris

206 1816 586 1874 brevemillam
612 1813 943 1871 chartulam
971 1812 1131 1883 legit.
1159 1812 1491 1881 Eademque
1506 1813 1673 1863 nocte
1687 1808 1830 1862 vidit

206 1910 359 1964 abbas
372 1907 721 1961 defunctum
739 1904 996 1972 fratrem,
1014 1903 1163 1957 etait
1183 1900 1267 1956 illi
1298 1917 1309 1956 :
1334 1904 1537 1955 Nonne
1559 1902 1827 1953 mortuus

205 2015 270 2065 es,
297 1996 509 2051 frater?
541 1994 653 2061 Qui
689 1994 804 2048 ait:
841 1992 928 2047 Ita
975 2008 1136 2047 sane.
1188 1991 1414 2045 Rursus
1445 1986 1830 2059 interrogavit

205 2086 500 2144 eumabbas
518 2102 531 2139 :
549 2085 621 2139 Et
644 2084 739 2138 ubi
759 2082 922 2137 fuisti
947 2095 1131 2152 usque
1156 2080 1325 2135 hodie
1342 2080 1369 2133 ‘I
1390 2079 1538 2134 Dixit
1556 2077 1605 2133 ei
1623 2079 1823 2132 frater:

204 2176 487 2241 Veraciter,
503 2172 832 2239 domine,in
848 2187 1075 2227 carcere
1089 2170 1170 2225 fui
1187 2186 1372 2241 usque
1384 2168 1507 2223 heri
1526 2194 1538 2233 ς
1556 2168 1826 2222 hesterno

205 2271 367 2321 autem
414 2264 505 2320 die
536 2262 851 2319 absolutus
889 2277 1042 2317 sum.
1078 2258 1292 2315 Notum
1322 2274 1453 2314 vero
1488 2258 1704 2312 factum
1740 2260 1829 2310 est

206 2356 447 2411 omnibus
477 2357 626 2425 quia
657 2369 774 2423 qua
808 2352 947 2405 hora
969 2349 1414 2405 archidiaconus
1440 2345 1828 2402 absolutionis

206 2446 354 2499 verba
380 2459 558 2515 super
592 2443 830 2497 fratrem
859 2440 1094 2512 legerat,
1118 2439 1308 2493 fuerat
1339 2438 1411 2491 ab
1435 2435 1829 2491 excommuni-

208 2534 400 2589 catione
417 2529 1125 2600 absolutus,liberataque
1147 2532 1237 2584 est
1260 2525 1560 2598 dejudicio
1578 2530 1634 2581 et
1658 2526 1825 2580 dam.

213 2624 413 2679 natione
439 2623 648 2678 anima
678 2621 887 2692 ipsius.

757 2742 987 2799 CAPUT
1013 2741 1247 2799 CXCIII.

209 2840 395 2892 Factum
419 2835 709 2891 mirabilis
725 2832 1019 2888 charitalis
1039 2831 1222 2886 sancti
1248 2830 1460 2885 abbatis
1481 2830 1828 2894 Apollinaris

263 2908 583 2979 patriarchae
617 2904 995 2979 Alexandrini
1023 2920 1159 2973 erga
1178 2904 1440 2973 juvenem
1486 2901 1712 2956 divitem
1761 2900 1831 2955 ad

269 2980 495 3051 inopiam
524 2978 835 3034 redactum.

265 3086 649 3141 Narraverunt
692 3081 861 3137 nobis
909 3082 981 3136 de
1030 3084 1234 3136 sancto
1264 3079 1475 3135 abbate
1505 3079 1828 3151 Apollinari

212 3174 565 3230 Alexandrino
583 3171 1099 3245 patriarcha,quod
1117 3169 1465 3225 valdefuerit
1478 3169 1828 3235 misericors,

211 3268 255 3318 et
271 3262 687 3335 compassionis
707 3259 1031 3314 visceribus
1063 3258 1331 3327 affluens,
1364 3259 1534 3329 cujus
1568 3257 1647 3312 rei
1682 3257 1829 3312 indi-
1872 3304 1902 3327 η
1941 3257 2358 3330 υυιξωδηιδιιιξδν
2382 3257 2565 3300 “PU”
2590 3257 3559 3329 “u'ruﬁf'uf’uu‘”‘°”””’°”‘“°”“}“

211 3352 403 3391 ninmiﬂ
423 3352 746 3391 nﬁ'm-ohnni
788 3348 921 3391 Erat
958 3347 1829 3391 ninhnnt-Alexandriminvenia
1861 3316 1904 3369 L'
1944 3322 2381 3391 qmaMaCanus
2399 3317 3559 3389 patertuusm‘hlmuuumconﬁdensilp

3473 3348 3590 3384 »ιμ’

211 3352 339 3407 cium
354 3352 406 3405 id
422 3352 770 3407 efferebant.
788 3348 941 3415 Erat,
958 3347 1214 3413 aiebant,
1229 3347 1829 3415 Alexandriasjuvenis

212 3442 439 3512 quidam,
455 3442 557 3511 qui
576 3438 843 3512 primarii
871 3437 1123 3492 civitatis
1137 3437 1534 3507 dignitateque
1557 3453 1622 3492 ac
1636 3437 1832 3490 divitis

210 3528 488 3585 clarissimi
504 3530 669 3584 filius
686 3526 1244 3582 fuerat.Parentibus
1260 3524 1621 3597 itaqueiilius
1635 3524 1835 3579 defun-

210 3619 319 3684 ctis,
344 3619 435 3691 qui
465 3618 710 3674 infinita
742 3616 823 3670 illi
857 3617 1010 3672 bona
1040 3620 1157 3670 tam
1192 3614 1250 3669 in
1286 3631 1427 3669 auro
1447 3614 1698 3685 quamin
1731 3631 1829 3668 na-

211 3707 407 3765 valibus
420 3706 794 3765 commerciis
818 3704 1273 3776 dereliquerant,
1299 3721 1412 3759 non
1428 3703 1570 3759 satis
1592 3703 1835 3757 feliciter

213 3810 259 3853 et
286 3815 543 3871 prospere
575 3814 647 3852 ea
676 3797 1034 3868 gubernans,
1058 3794 1309 3865 perdidit
1328 3794 1547 3863 omnia,
1566 3797 1738 3863 atque
1762 3794 1829 3846 ad

211 3894 495 3943 extremam
524 3886 792 3957 inopiam
825 3884 1112 3939 deductus
1146 3888 1254 3949 est,
1280 3900 1418 3937 cum
1451 3897 1641 3952 neque
1685 3880 1832 3953 gulae

219 3991 377 4046 neque
406 3976 648 4031 luxuriae
669 3973 975 4039 vacaverit,
998 3988 1124 4043 quae
1140 3971 1588 4027 solentdivitum
1615 3971 1831 4026 exhau-

218 4065 311 4119 rire
347 4064 717 4137 patrimonia,
746 4063 845 4118 sed
872 4062 1508 4132 incasusvariosatque
1531 4060 1835 4129 naufragia

216 4152 474 4210 inciderit.
500 4155 705 4224 Itaque
724 4170 791 4207 ex
809 4150 1252 4223 opulenlissimo
1273 4149 1680 4221 pauperrimus
1698 4148 1836 4204 elfe-

214 4251 323 4299 ctus
351 4251 453 4308 est,
478 4248 653 4315 juxta
684 4243 828 4297 illud
868 4241 1233 4297 Psalmistaa:
1268 4242 1608 4296 Ascendunt
1649 4258 1836 4311 usque

211 4333 260 4389 in
287 4334 468 4402 cmlos,
500 4340 559 4390 et
616 4334 983 4389 descendunt
1025 4347 1214 4402 usque
1262 4332 1332 4386 ad
1376 4332 1621 4399 abyssos
1653 4329 1831 4400 (Psal.

218 4424 326 4488 ενι).
356 4424 619 4495 Namque
648 4421 988 4478 adolescens
1012 4424 1233 4491 Quanto
1256 4421 1438 4475 fuerat
1452 4420 1715 4491 pecuniis
1734 4436 1834 4473 su-

215 4510 437 4582 blimior,
472 4518 636 4568 tanto
670 4528 773 4583 per
804 4510 1064 4582 inopiam
1098 4509 1340 4565 inferior
1372 4510 1561 4565 factus
1591 4513 1699 4564 est.

273 4601 374 4657 Hoc
388 4604 633 4659 audiens
648 4598 1219 4671 beatusApolinaris,
1237 4599 1557 4669 vidensque
1571 4599 1629 4652 in
1648 4615 1756 4668 qua
1768 4616 1832 4652 n-

1948 641 2086 712 quia
2102 641 2513 712 quodcumque
2532 640 3607 715 mibijusseris,neminidicam,neque

1947 731 2134 786 discet
2155 747 2417 802 unquam
2443 731 2498 784 id
2528 730 2742 801 aliquis
2766 747 2833 785 ex
2857 748 2948 786 me
2972 732 3125 802 quod
3154 731 3296 785 mihi
3315 748 3481 787 servo
3506 737 3606 788 tuo

1946 820 2269 891 aperueris.
2291 820 2454 875 Tunc
2482 821 2562 875 ait
2584 822 2650 874 ad
2680 819 2841 875 illum
2868 822 3179 892 episcopus
3211 820 3605 892 Apollinaris:

1944 909 2124 975 Vade,
2151 910 2453 964 conscribe
2476 909 2929 980 chirographum
2955 909 3135 963 debiti
3165 910 3604 981 quinquaginta

1944 996 2224 1053 librarum
2257 1000 2408 1065 auri,
2444 1016 2569 1071 quae
2587 1016 2618 1054 a
2633 999 3007 1054 sanctissima
3022 999 3132 1054 ista
3149 1000 3388 1054 ecclesia
3404 1000 3601 1054 Maca-

1943 1088 2027 1143 rio
2048 1087 2206 1143 illius
2228 1088 2421 1143 miseri
2445 1088 2834 1144 adolescentis
2861 1088 3006 1159 patri
3023 1089 3470 1156 debebantur,et
3490 1106 3593 1160 ap-

1944 1194 2092 1249 pone
2126 1182 2299 1232 testes
2331 1181 2387 1231 et
2420 1176 2863 1248 stipulationem
2897 1182 2953 1231 et
2985 1180 3129 1245 rata,
3162 1181 3218 1231 et
3261 1176 3401 1231 all'er
3450 1177 3593 1231 illud

1944 1266 2108 1320 mihi.
2135 1265 2521 1336 Dispensator
2543 1266 2847 1332 continuo,
2874 1267 3027 1337 quod
3056 1265 3165 1320 sibi
3186 1266 3377 1319 fuerat
3399 1283 3591 1337 apon-

1940 1355 2094 1410 tifice
2118 1354 2473 1425 injunctum,
2496 1371 2627 1410 cum
2652 1356 2807 1409 omni
2832 1355 3125 1410 celeritate
3158 1355 3397 1426 peregit,
3434 1361 3590 1409 attu-

1942 1444 2123 1515 litque
2148 1442 2626 1515 chirographum,
2654 1443 3005 1500 etdeditilli.
3038 1447 3179 1498 Cum
3206 1444 3403 1515 itaque
3429 1450 3593 1514 pater

1941 1533 2327 1588 adolescentis
2350 1542 2482 1588 ante
2496 1534 2692 1588 decem
2711 1550 2893 1587 annos
2910 1533 3219 1587 defunctus
3234 1537 3410 1598 esset,
3425 1533 3591 1587 char-

1940 1627 2116 1694 taque
2140 1622 2516 1694 chirographi
2544 1639 2691 1677 nova
2715 1623 3033 1690 videretur,
3061 1622 3141 1676 ait
3175 1621 3257 1676 illi
3292 1622 3589 1694 pontifex:

1940 1711 2092 1767 Vade
2124 1712 2334 1766 domne
2350 1712 2737 1782 dispensator,
2772 1712 3227 1783 chirographum
3249 1711 3403 1765 istud
3428 1710 3591 1767 velin

1937 1802 2129 1857 tritico
2160 1803 2246 1855 vel
2284 1801 2339 1855 in
2365 1800 2580 1855 hordeo
2614 1800 2931 1865 absconde,
2965 1805 3021 1854 et
3055 1804 3184 1871 post
3217 1816 3432 1871 paucos
3467 1799 3591 1853 dies

1937 1891 2078 1946 affer
2106 1889 2253 1945 illud
2284 1891 2355 1945 ad
2380 1905 2511 1943 me:
2546 1889 2700 1961 quod
2736 1888 2829 1944 ille
2862 1906 2993 1944 cum
3019 1889 3265 1954 fecisset,
3302 1888 3588 1960 praeﬁnito

1938 1981 2031 2035 die
2048 1979 2504 2051 chirographum
2532 1978 2730 2034 retulit
2754 1978 2921 2050 quasi
2942 1980 3375 2048 subvetustum,
3400 1980 3592 2033 dedit-

1935 2068 2730 2142 quepontil‘ici.Tuncaitille
2759 2086 2771 2123 :
2798 2072 2972 2137 Perge
2997 2070 3191 2137 modo,
3219 2071 3453 2123 domme
3479 2068 3593 2123 dis-

1936 2166 2229 2231 pensator,
2244 2164 2299 2213 et
2314 2159 2489 2213 dicito
2521 2159 2873 2213 adolescenti
2893 2175 2906 2213 :
2925 2159 3068 2224 Quid
3089 2158 3231 2213 mihi
3248 2159 3492 2213 daturus
3506 2174 3594 2227 es,

1936 2248 1984 2304 si
2004 2248 2105 2302 tibi
2124 2249 2331 2303 dedero
2355 2248 2809 2320 chirographum
2826 2264 3051 2321 magna:
3067 2249 3329 2319 pecunias
3344 2265 3469 2317 quas
3491 2249 3593 2303 de-

1934 2339 2109 2393 betur
2126 2337 2227 2392 tibi
2250 2337 2277 2391 ?
2298 2338 2365 2392 Et
2384 2354 2539 2402 cave,
2560 2354 2629 2392 ne
2652 2338 2783 2409 plus
2808 2355 2985 2409 quam
3004 2338 3115 2393 tria
3136 2337 3496 2393 numismata
3522 2340 3593 2392 ab

1938 2427 2038 2481 illo
2051 2427 2325 2497 accipias,
2340 2431 2394 2481 et
2409 2428 2598 2496 praebe
2617 2426 2699 2479 illi
2715 2426 3061 2499 chirograph
3074 2446 3102 2480 u
3115 2443 3189 2480 m.
3209 2427 3592 2498 Respondens

1938 2520 2135 2572 autem
2154 2516 2555 2587 dispensator:
2581 2515 2748 2584 Vere,
2768 2516 2843 2569 mi
2862 2515 3117 2581 domine,
3145 2516 3192 2570 si
3209 2515 3483 2585 jusseris,
3501 2515 3589 2568 ni-

1935 2604 2019 2659 hil
2052 2604 2356 2675 accipiam.
2390 2604 2545 2659 Dixit
2574 2605 2623 2659 ei
2647 2603 2744 2658 ille
2779 2603 2958 2659 :Volo
2990 2604 3229 2659 omnino
3256 2608 3315 2658 ut
3348 2603 3459 2657 tria
3482 2619 3594 2657 nu-

1935 2694 2217 2749 mismata
2231 2692 2504 2764 accipias.
2530 2692 2787 2748 Perrexit
2803 2697 2999 2748 autem
3020 2692 3115 2747 ille
3135 2694 3492 2763 adjuvenem
3509 2693 3592 2749 si—

1938 2789 2035 2840 cut
2064 2783 2176 2854 ipsi
2202 2784 2442 2853 jussum
2476 2783 2683 2845 fuerat,
2708 2787 2763 2837 et
2786 2782 2933 2837 dixit
2963 2782 3013 2837 ei
3049 2797 3063 2837 :
3100 2782 3277 2837 Dabis
3310 2782 3452 2836 mihi
3477 2782 3590 2836 tria

1938 2873 2318 2933 numismata,
2355 2872 2400 2923 si
2436 2872 2747 2927 ostendero
2778 2871 2884 2925 tibi
2920 2872 3076 2927 924
3108 2870 3326 2942 aliquid
3367 2887 3591 2940 magnae

1938 2961 2213 3018 utilitatis
2244 2965 2355 3016 ture
2377 2961 2404 3015 Ὺ
2440 2959 2538 3016 Ille
2558 2977 2693 3016 vero
2733 2960 3027 3032 pollicitus
3069 2966 3157 3016 est
3190 2959 3270 3015 illi
3304 2960 3591 3031 quidquid

1936 3052 2107 3106 vellet
2140 3067 2201 3105 se
2233 3051 2533 3105 daturum.
2571 3051 2823 3123 Fingens
2872 3056 3067 3105 autem
3102 3050 3491 3120 dispensator,
3517 3049 3595 3103 ait

1936 3141 2055 3197 illi:
2084 3144 2224 3196 Ante
2238 3140 2498 3211 quinque
2518 3139 2606 3195 vel
2630 3156 2730 3195 sex
2757 3141 2883 3195 dies
2905 3139 3175 3194 evolvens
3195 3139 3593 3194 instrumenta

1941 3228 2358 3295 ecclesiastica,
2380 3229 2565 3300 reperi
2590 3228 3042 3300 chirographum
3060 3228 3311 3295 istud,et
3327 3227 3591 3294 memini,

1943 3425 2074 3465 sum
2094 3408 2234 3462 mihi
2256 3408 2461 3463 diebus
2476 3407 2701 3479 aliquot
2716 3407 2997 3479 permisit.
3030 3404 3595 3477 Defunctoqueipso,

1944 3497 2342 3568 contigitillud
2361 3497 2513 3568 apud
2534 3513 2623 3551 me
2639 3512 2827 3568 usque
2841 3496 3010 3552 hodie
3027 3512 3261 3551 manere
3278 3520 3291 3562 ;
3307 3493 3594 3550 oblivione

1944 3586 2095 3642 enim
2118 3588 2462 3656 subreptum
2486 3586 2630 3639 mihi
2650 3590 2759 3653 est,
2787 3601 2889 3640 nec
2907 3602 3166 3655 unquam
3186 3584 3414 3639 venitin
3443 3600 3597 3638 men-

1944 3678 2060 3730 tem
2088 3677 2151 3727 ut
2175 3674 2315 3727 illud
2344 3675 2647 3728 redderem
2666 3675 2791 3727 tibi.
2821 3674 2912 3727 Ait
2932 3674 3013 3728 illi
3040 3674 3379 3729 adolescens
3401 3672 3592 3728 :Nosti

1944 3781 2017 3818 an
2050 3762 2310 3834 locuples
2341 3762 2419 3817 sit
2442 3779 2690 3833 persona
2714 3762 2814 3817 illa
2832 3779 2960 3833 qua:
2986 3763 3201 3817 debet?
3222 3762 3377 3817 Dixit
3407 3761 3455 3815 ei
3476 3762 3593 3815 dis-

1945 3857 2220 3926 pensator
2241 3869 2252 3905 :
2270 3852 2351 3906 ita
2366 3867 2505 3907 sane
2531 3851 2815 3922 locuples,
2832 3855 2888 3906 et
2904 3856 3070 3922 grata
3093 3855 3202 3919 est,
3227 3855 3507 3922 potesque
3522 3850 3594 3904 ab

1945 3942 2045 3997 illo
2076 3942 2339 3997 debitum
2373 3941 2499 3996 sine
2533 3940 2728 3995 labore
2764 3941 3036 4012 recipere.
3092 3940 3245 3995 Dixit
3273 3939 3324 3994 ei
3352 3939 3590 4009 junior:

1944 4032 2114 4088 Novit
2144 4031 2296 4087 Deus
2319 4031 2458 4102 quia
2485 4031 2657 4085 modo
2684 4030 2828 4085 nihil
2848 4029 3031 4085 habeo
3059 4048 3072 4097 ;
3099 4030 3197 4085 sed
3224 4029 3270 4083 si
3302 4044 3592 4100 recepero,

1945 4123 2098 4193 quod
2134 4138 2327 4176 meum
2363 4126 2471 4189 est,
2506 4120 2792 4193 quidquid
2828 4120 3068 4190 petiisti,
3102 4120 3252 4175 dabo
3280 4119 3409 4187 tibi,
3442 4118 3597 4172 ultra

1946 4210 2057 4265 tria
2088 4211 2262 4266 etiam
2298 4209 2679 4265 numismata.
2715 4211 2879 4264 Tunc
2911 4209 3072 4264 dedit
3124 4210 3174 4263 ei
3226 4209 3600 4279 dispensator

1945 4299 2409 4355 instrumentum
2446 4299 2877 4370 quinquaginta
2910 4299 3214 4353 librarum.

2017 4428 2299 4494 Suscepto
2314 4425 2510 4494 itaque
2524 4422 2931 4495 chirographo,
2952 4424 3286 4494 perrexitad
3304 4424 3602 4479 sanctissi-

1946 4530 2109 4569 mum
2144 4513 2955 4584 pontificem,prostratusque
2987 4518 3123 4569 ante
3152 4513 3321 4568 illum
3363 4514 3525 4568 dedit
3547 4513 3599 4569 ei

1947 4602 2424 4673 chirographum.
2459 4604 2600 4657 Cum
2629 4618 2763 4674 ergo
2788 4602 3597 4674 accepissetilleinstrumen-

215 4693 317 4743 tum
334 4693 570 4747 miseriae
586 4689 1018 4761 etpaupertatis
1033 4687 1835 4757 adolescensdelapsusesset
1864 4678 1910 4741 Ι)
1943 4691 3094 4763 turnipsum,aclegisset,ccepitseipsum
3114 4692 3493 4748 turbatiorem
3511 4709 3601 4747 os-

222 4793 332 4834 cnm
349 4786 611 4852 parentes
626 4782 753 4850 ejus
768 4778 1015 4833 fuissent
1031 4776 1498 4847 locupletissimi,
1520 4776 1833 4831 miseratus

219 4866 351 4924 illius
380 4887 596 4935 casum,
621 4869 897 4939 exiguum
918 4866 1033 4937 ipsi
1062 4866 1362 4921 charitalis
1381 4865 1718 4937 impendere
1736 4882 1831 4920 vo-

218 4955 308 5012 luit
332 4958 828 5015 subministrando
861 4956 1160 5025 alimenta,
1187 4956 1285 5010 sed
1308 4956 1740 5011 erusbescebat.
1766 4954 1834 5009 Et

220 5048 419 5114 quoties
445 5049 680 5104 videbat
711 5046 901 5113 illum,
947 5045 1004 5100 in
1054 5049 1275 5100 secreto
1317 5044 1684 5100 conscientiae
1716 5060 1832 5098 sua)

223 5136 533 5207 angebatur,
560 5151 807 5191 cernens
828 5139 1048 5191 vestem
1066 5134 1391 5199 sordidam,
1409 5143 1460 5187 et
1476 5133 1730 5187 luridam
1756 5133 1833 5188 fa-

222 5222 366 5292 ciem,
389 5242 511 5295 quae
544 5212 683 5280 sunt
712 5227 981 5279 extremae
1021 5221 1383 5294 paupertatis
1414 5221 1650 5277 indicia.
1686 5222 1831 5276 Cum

222 5307 373 5380 igitur
402 5313 739 5384 hujusmodi
763 5312 921 5367 curis
943 5315 1255 5383 angeretur
1273 5311 1551 5381 pontifex,
1572 5310 1663 5364 die
1684 5327 1830 5381 qua-

222 5398 621 5459 damdivinitus
636 5401 979 5473 inspiratus,
996 5400 1305 5455 consilium
1324 5402 1577 5471 profecto
1594 5400 1834 5455 mirabi-

220 5483 265 5541 le
291 5489 516 5560 invenit,
539 5492 841 5563 ipsiusque
865 5490 1160 5546 sanctitati
1190 5490 1444 5544 maxime
1460 5491 1831 5546 conveniens.

283 5582 581 5636 Accersivit
611 5581 807 5652 itaque
838 5579 1144 5635 Nomicum
1179 5580 1289 5650 (44)
1322 5594 1425 5634 seu
1458 5580 1832 5651 dispensato-

223 5681 329 5721 rem
358 5670 735 5727 sanctissimae
765 5668 1044 5735 ecclesias,
1077 5683 1465 5740 seorsumque
1496 5668 1661 5724 illum
1696 5669 1833 5724 allo-

225 5769 405 5825 quens,
439 5759 636 5816 dixitei
657 5776 669 5815 :
691 5757 1259 5815 Potesmibiservare
1276 5762 1587 5826 secretum,
1618 5758 1830 5816 domne

1944 4782 2204 4850 tendere,
2238 4780 2502 4851 dixitque
2525 4781 2573 4835 ei
2600 4797 2612 4834 :
2639 4782 2708 4834 Et
2733 4781 2828 4835 ubi
2857 4781 3014 4835 fuisti
3040 4798 3227 4853 usque
3252 4783 3422 4836 modo
3444 4782 3470 4835 ‘2
3495 4781 3597 4835 Pa-

1945 4876 2186 4926 tertuus
2201 4874 2334 4925 ante
2350 4871 2548 4925 decem
2566 4887 2751 4925 annos
2765 4871 2896 4924 defu
2910 4876 3079 4926 nctus
3105 4876 3214 4925 est.
3245 4872 3442 4941 Perge,
3466 4869 3598 4925 nolo

1944 4960 2050 5015 tibi
2084 4976 2240 5015 nunc
2272 4960 2641 5030 reSpondere.
2678 4960 2786 5023 Qui
2825 4960 2973 5014 dixit
3004 4959 3085 5013 illi
3116 4978 3127 5014 :
3171 4959 3487 5027 Veraciter,
3519 4959 3596 5013 mi

1946 5049 2203 5117 domine,
2242 5065 2353 5102 non
2381 5065 2486 5119 ego
2514 5047 2655 5103 illud
2682 5048 2883 5117 habui,
2920 5050 3017 5103 sed
3048 5049 3422 5118 dispensator
3451 5047 3594 5102 illud

1946 5136 2217 5203 habebat,
2250 5142 2306 5192 et
2336 5137 2690 5192 nesciebam.
2714 5138 2822 5192 Sed
2848 5137 3206 5208 Deusipsius
3230 5135 3597 5206 misereatur,

1946 5226 2079 5296 quia
2117 5226 2286 5281 modo
2314 5228 2507 5297 ipsum
2539 5226 2681 5280 mihi
2714 5225 3602 5294 reddidit,dicensseilludinter

1945 5315 2182 5370 chartas
2216 5332 2353 5370 suas
2386 5316 2539 5371 domi
2569 5316 2877 5370 invenisse.
2899 5314 3482 5370 Pontifexveroillum
3508 5317 3600 5371 in-

1947 5406 2116 5460 terim
2152 5405 2395 5475 remisit,
2431 5405 2667 5459 dicens:
2706 5404 3043 5458 Deliberabo
3088 5421 3339 5471 mecum,
3374 5412 3599 5462 servato

1945 5496 2097 5566 apud
2117 5511 2207 5549 me
2221 5494 2962 5566 chirographo.Postunam
2982 5494 3160 5565 igitur
3175 5494 3600 5551 hebdomadam

1945 5583 2115 5638 rediit
2133 5584 2199 5639 ad
2220 5583 2792 5655 episcopumjunior,
2812 5583 3144 5655 iterumque
3173 5585 3600 5656 deprecabatur

1945 5689 2102 5728 eum.
2141 5672 2239 5729 Ille
2270 5680 2463 5727 autem
2501 5672 2669 5743 quasi
2693 5671 2838 5726 nihil
2863 5673 2911 5728 ei
2941 5674 3081 5729 dare
3105 5674 3295 5741 vellet,
3323 5674 3592 5727 dicebat:

1944 5766 2130 5831 Quare
2145 5768 2307 5819 tantu
2320 5780 2368 5818 m
2386 5762 2666 5820 distulisti
2682 5764 2936 5836 proferre
2950 5766 3017 5821 ch
3031 5759 3595 5836 irographum'fDixit
