4184 6330
472 389 580 446 223

1670 398 1767 451 DE
1803 396 1993 450 VITIS
2029 396 2329 451 PATRUM
2365 396 2581 450 LIBER
2616 397 2687 449 Χ.

3739 404 3828 459 224

472 518 559 574 illi
593 519 933 577 adolescens
958 535 972 574 :
1003 518 1083 575 Mi
1104 519 1362 588 domine,
1387 519 1497 576 scit
1518 524 1672 577 Deus
1699 521 1840 594 quia
1870 538 1984 577 non
2017 521 2121 577 ha-
2151 523 2203 589 Α
2236 521 2492 587 Quicum
2508 518 3309 593 venissetCyrenem,reperit
3330 520 3445 578 illic
3463 523 3832 599 philosophum

476 609 585 664 beo
619 610 774 665 unde
800 608 1079 664 familiam
1112 624 1300 664 meam
1328 609 1619 680 nutriam;
1654 610 1871 682 itaque,
1901 611 1948 666 si
1976 615 2127 666 Deus

478 700 731 771 inspirat
744 698 1303 765 vobis,miseremini
1320 700 1426 754 mei
1439 700 1621 756 .Tunc
1637 699 1872 756 dixitilli
1886 704 2127 756 sanctus

460 784 854 859 Apollinaris,
890 788 1118 859 fingens
1138 805 1197 843 se
1220 787 1378 843 illius
1401 788 1672 860 precibus
1692 791 1891 845 cedere
1913 807 1925 846 :
1954 790 2125 845 Sum-

482 894 640 932 mam
657 877 891 949 quidem
911 877 1197 948 integram
1214 895 1317 951 ego
1332 878 1438 933 tibi
1456 878 1761 934 restituam
1780 897 1793 947 ;
1808 879 1916 934 hoc
1931 883 2126 934 autem

482 966 744 1033 obsecro,
782 968 857 1021 mi
892 966 1128 1022 domine
1158 968 1357 1033 frater,
1382 984 1452 1024 ne
1473 986 1502 1023 a
1529 973 1734 1023 sancta
1756 968 1863 1024 hac
1883 968 2130 1024 ecclesia

484 1072 697 1111 usuras
729 1055 947 1128 exigas.
981 1057 1145 1112 Tunc
1179 1057 1488 1129 procidens
1520 1058 1602 1112 illi
1636 1058 1976 1113 adolescens
2010 1058 2125 1111 ait:

484 1144 778 1217 Quidquid
811 1145 1059 1200 voluerit
1089 1150 1141 1201 et
1166 1146 1414 1215 jusserit
1458 1146 1603 1202 mihi
1635 1147 1911 1202 dominus
1942 1163 2128 1217 meus,

480 1236 811 1291 hocfaciam
831 1254 844 1301 ;
861 1236 975 1290 etsi
992 1252 1058 1290 ex
1075 1236 1632 1308 principalisumma
1655 1237 1839 1309 placet
1866 1238 2130 1296 minuere

485 1326 730 1397 aliquid,
765 1326 1153 1382 minue.Dixit
1181 1327 1614 1401 illiepisc0pus:
1635 1330 1829 1385 Nonid
1857 1331 2124 1401 quidem;

485 1414 630 1469 satis
662 1418 771 1479 est,
804 1414 855 1470 si
887 1413 1053 1469 nobis
1084 1432 1296 1470 usuras
1328 1416 1599 1472 dimittis.
1635 1418 1800 1472 Tunc
1831 1420 2130 1489 proferens

488 1503 919 1577 quinquaginta
947 1503 1075 1558 auri
1109 1503 1308 1571 libras,
1338 1504 1499 1561 dedit
1528 1506 1601 1571 ei,
1636 1510 1693 1561 et
1714 1506 1943 1563 dimisit
1972 1524 2130 1576 eum,

488 1610 663 1650 orans
695 1608 829 1648 eum
865 1608 967 1663 pro
1001 1608 1191 1646 usurae
1216 1591 1582 1649 remissione.
1602 1593 1719 1649 Hoc
1744 1611 1891 1667 opus
1913 1598 2132 1652 summi

486 1682 862 1756 Apollinaris,
880 1681 992 1737 ista
1005 1687 1207 1738 sancta
1223 1682 1382 1739 illius
1402 1702 1498 1740 ars
1516 1689 1690 1757 atque
1708 1686 2130 1743 misericordia.

490 1775 716 1829 Itavero
732 1772 1093 1843 Deusjuveni
1116 1778 1459 1845 cooperatus
1482 1779 1573 1829 est
1595 1791 1697 1845 per
1718 1781 1980 1831 sanctam
2005 1777 2133 1847 ejus

487 1861 976 1927 benedictionem,
1011 1864 1074 1916 ut
1103 1877 1171 1916 ex
1188 1863 1565 1935 tantainopia
1590 1871 1932 1937 emergeret,
1962 1871 2132 1937 atque

485 1951 541 2006 in
560 1952 810 2022 priorem
827 1968 997 2006 suum
1017 1955 1235 2007 statum
1256 1953 1641 2025 ordinemque
1655 1959 1960 2024 remearet,
1981 1956 2132 2028 plus-

490 2057 603 2112 que
634 2040 808 2096 etiam
841 2056 1016 2111 quam
1049 2048 1321 2113 parentes
1350 2043 1441 2097 sui
1473 2060 1647 2115 opum
1669 2061 1733 2100 ac
1755 2045 2133 2117 pecuniarum

492 2130 660 2202 copia
691 2129 1016 2196 excelleret,
1052 2147 1117 2185 ac
1147 2137 1425 2202 praeterea
1474 2150 1688 2206 magna
1718 2134 1881 2191 lucra
1928 2135 2136 2191 animae

492 2224 967 2291 consequeretur.

1061 2328 1297 2384 CAPUT
1335 2328 1567 2385 CXCIV.

497 2417 804 2473 Admonitio
818 2416 1088 2490 senisjqui
1102 2418 1427 2473 morabatur
1444 2418 1501 2473 in
1522 2418 1730 2490 Scythi,
1746 2422 1894 2489 facta
1921 2421 2143 2477 cuidam

769 2487 1033 2544 monacho
1062 2506 1130 2545 ne
1155 2491 1543 2559 ingrederetur
1582 2487 1864 2548 tabernas.

565 2598 750 2652 Senex
780 2595 1019 2667 quidam
1055 2596 1396 2652 morabatur
1428 2597 1485 2652 in
1517 2598 1716 2670 Scythi
1742 2616 1754 2653 :
1778 2598 1871 2654 hic
1888 2599 1981 2655 die
1999 2616 2143 2671 qua-

498 2689 635 2743 dam
656 2686 818 2741 venit
846 2683 1280 2752 Alexandriam,
1306 2690 1371 2741 ut
1402 2704 1549 2758 opus
1583 2704 1869 2743 manuum
1902 2705 2143 2743 suarum

497 2776 795 2843 venderet,
825 2773 1085 2844 viditque
1108 2774 1187 2829 ibi
1214 2775 1513 2845 juniorem
1538 2777 1891 2832 monachum
1923 2778 2144 2846 ingres-

503 2882 635 2922 sum
668 2880 797 2920 esse
830 2880 1180 2934 cauponam.
1214 2865 1338 2928 Qua
1367 2882 1436 2921 ex
1464 2882 1527 2921 re
1558 2883 1733 2922 senex
1775 2867 2149 2923 vehementer

506 2954 780 3019 afﬂictus,
817 2953 1091 3008 manebat
1112 2954 1250 3009 toris
1267 2954 1601 3026 expectans,
1621 2957 1804 3012 donec
1825 2958 2148 3028 egredienti

494 3044 699 3116 juveni
732 3041 1184 3114 colloqueretur.
1219 3045 1379 3109 Quod
1402 3051 1459 3100 et
1480 3045 1697 3101 factum
1718 3052 1825 3102 est.
1847 3048 1975 3103 Mox
1990 3048 2146 3103 enim

504 3138 570 3189 ut
598 3148 872 3204 egressus
904 3136 991 3187 est
1014 3132 1269 3203 juvenis,
1304 3134 1673 3190 tenuitillum
1694 3137 1891 3192 senior
1906 3154 2009 3208 per
2025 3154 2147 3193 ma-

503 3240 617 3279 nus
648 3227 705 3277 et
749 3237 1015 3277 seorsum
1050 3221 1216 3277 illum
1249 3223 1491 3291 ducens,
1524 3224 1671 3280 dixit
1699 3225 1785 3282 ei:
1824 3233 1907 3282 An
1932 3228 2145 3294 nescis,

2164 1914 2213 1979 B

2232 608 2881 680 quemdam,Evagrium
2900 608 3157 680 nomine,
3175 609 3271 680 qui
3289 610 3502 667 sodalis
3516 615 3714 670 suusin
3726 622 3833 673 stu-

2231 697 2703 754 diisliberalibus
2722 698 3193 765 fuerat,amicum
3210 699 3318 754 sibi
3332 700 3835 773 charissimum,sed

2232 789 2516 861 religione
2537 788 2842 862 gentilem,
2867 790 3171 845 etculturaa
3205 790 3487 847 idolorum
3508 794 3649 851 925
3679 798 3838 852 maxi-

2234 896 2325 934 me
2348 879 2632 947 deditum,
2657 895 2788 935 eum
2819 879 3131 951 episcopus
3154 881 3434 952 Synesius
3460 883 3527 937 ab
3550 883 3841 941 idololatria

2232 969 2549 1025 transferre
2582 970 2651 1024 ad
2674 968 2966 1024 culturam
2984 968 3201 1025 Christi
3228 971 3546 1041 satagebat,
3563 988 3844 1043 curamque

2233 1058 2529 1131 ingentem
2566 1060 2696 1128 ejus
2731 1058 2807 1113 rei
2841 1059 2954 1113 sibi
2999 1066 3402 1131 assumpserat
3448 1076 3549 1131 pro
3599 1062 3845 1120 charitate

2236 1163 2413 1219 quam
2446 1164 2585 1220 erga
2612 1147 2806 1219 ipsum
2842 1147 3843 1219 aprincipiohabuerat.Illeveromi-

2238 1237 2394 1293 nime
2412 1237 2466 1291 id
2486 1237 2841 1310 patiebatur,
2858 1254 3045 1308 neque
3060 1237 3214 1293 illius
3228 1239 3553 1294 doctrinam
3577 1239 3848 1296 admittere

2237 1326 2502 1382 volebat:
2538 1326 2850 1397 episcopus
2884 1331 3075 1382 tamen
3096 1343 3209 1398 pur
3227 1326 3408 1382 nimio
3423 1327 3849 1383 adillumamore

2238 1432 2311 1471 ne
2341 1415 2423 1470 sic
2457 1415 2695 1488 quidem
2738 1415 2910 1470 taedio
2943 1415 3131 1471 victus
3151 1415 3469 1471 desistebat
3492 1417 3851 1473 diebusillum

2237 1504 2489 1576 singulis
2523 1505 2770 1569 hortari,
2804 1505 3187 1575 etinstruere,
3213 1505 3852 1563 acinducereutChristo

2238 1595 2523 1659 crederet,
2559 1593 2863 1667 ipsiusque
2887 1598 3253 1650 sacramenta
3271 1594 3609 1666 susciperet.
3628 1598 3855 1667 Cumque

2240 1682 2319 1738 illi
2335 1684 2595 1755 quotidie
2613 1683 2727 1739 ista
2745 1685 2967 1739 monita
2982 1685 3120 1740 dare
3138 1685 3496 1756 persisteret,
3516 1684 3729 1739 dixitad
3743 1701 3855 1741 eum

2237 1771 2419 1829 semel
2445 1772 2863 1845 philosophus:
2895 1771 3061 1839 Vere,
3085 1773 3162 1827 mi
3182 1772 3419 1828 domine
3449 1773 3727 1845 episcope,
3744 1790 3856 1829 cum

2241 1862 2463 1918 caeteris
2496 1879 2623 1933 qua:
2655 1861 2797 1917 mihi
2831 1861 3141 1933 displicent
3170 1863 3227 1917 in
3260 1861 3609 1918 Christianis
3639 1862 3737 1918 hoc
3764 1868 3858 1933 est,

2246 1952 2399 2023 quod
2416 1950 2981 2006 consummationem
2999 1950 3196 2007 saeculi
3212 1951 3383 2007 istius
3398 1951 3651 2006 futuram
3665 1951 3858 2019 dicunt,

2244 2047 2300 2097 et
2323 2040 3038 2112 postconsummationem
3072 2057 3277 2096 omnes
3308 2040 3672 2111 quiabinitio
3694 2040 3865 2096 saeculi

2246 2130 2487 2185 fuerunt
2518 2129 2803 2195 homines,
2840 2131 2897 2184 in
2922 2130 3034 2186 isto
3048 2146 3286 2201 corpore
3299 2135 3741 2195 resurrecturos,
3756 2144 3863 2184 car-

2249 2235 2503 2290 nemque
2519 2220 2668 2275 hanc
2684 2219 2912 2275 incorru
2925 2219 3190 2291 ptibilem
3207 2222 3569 2291 recepturos,
3587 2225 3641 2275 et
3654 2218 3870 2273 immor-

2250 2309 2449 2380 talem,
2465 2315 2637 2380 atque
2654 2308 2803 2364 itain
2822 2311 3167 2380 perpetuum
3191 2308 3471 2375 victuros,
3490 2309 3685 2379 sicque
3698 2323 3871 2362 eorum

2251 2414 2378 2470 quae
2410 2398 2469 2452 in
2490 2414 2729 2469 corpore
2741 2401 3053 2469 gesserunt
3069 2398 3310 2468 praemia
3328 2401 3731 2468 percepturos:
3761 2412 3874 2450 cum

2252 2489 2423 2543 etiam
2441 2486 2541 2557 qui
2557 2487 2874 2542 miseretur
2887 2488 3184 2558 pauperis,
3210 2487 3462 2541 fenerari
3486 2492 3617 2555 Deo,
3632 2490 3687 2541 et
3705 2486 3791 2557 qui
3804 2484 3878 2539 di-

2254 2576 2478 2649 spergit
2509 2575 2566 2630 in
2584 2592 2873 2647 pauperes
2904 2581 2961 2631 et
2990 2576 3213 2647 inopes,
3232 2576 3287 2629 in
3313 2575 3459 2632 co-lo
3476 2576 3587 2632 sibi
3610 2576 3882 2631 thesauros

2256 2682 2313 2720 re
2324 2682 2555 2737 ponere,
2571 2670 2628 2720 et
2641 2670 2809 2721 centu
2820 2665 3033 2737 plicata
3048 2682 3175 2737 quae
3192 2666 3519 2736 erogaverit
3534 2666 3589 2719 in
3605 2680 3878 2736 regenera-

2256 2755 2415 2810 tione
2446 2771 2580 2809 cum
2613 2754 3247 2810 aeternavilaaChristo
3282 2771 3407 2811 esse
3423 2754 3736 2810 reddenda.
3765 2753 3884 2817 Quae

2257 2844 2455 2900 omnia
2480 2860 2611 2899 cum
2644 2844 2944 2913 dicuntur,
2976 2844 3262 2915 deceptio,
3294 2850 3351 2900 et
3380 2843 3600 2913 irrisio,
3631 2849 3681 2899 et
3714 2840 3884 2898 fabula

2259 2934 2403 2988 mihi
2428 2933 2697 2989 videntur
2722 2950 2735 2988 :
2760 2933 3073 3005 episcopus
3092 2938 3287 2988 autem
3310 2933 3595 3005 Synesius
3617 2946 3883 2988 assevera-

2258 3024 2357 3078 bat
2386 3023 2583 3078 omnia
2612 3022 3075 3079 Christianorum
3100 3039 3229 3078 vera
3251 3038 3400 3092 esse,
3429 3022 3692 3093 nihilque
3713 3017 3880 3075 omni-

2258 3129 2333 3168 no
2346 3112 2557 3167 habere
2572 3110 2783 3167 falsum
2808 3111 2893 3166 vel
2905 3111 3137 3167 veritati
3157 3110 3544 3179 contrarium,
3570 3110 3739 3182 idque
3762 3106 3886 3164 mul-

2260 3201 2336 3257 tis
2351 3201 2721 3256 documentis
2735 3202 3113 3268 asserebat,et
3127 3201 3482 3273 persuadere
3497 3199 3583 3257 illi
3600 3198 3883 3255 nitebatur.

504 3311 745 3368 domine
778 3311 975 3378 frater,
1007 3310 1145 3383 quia
1164 3311 1429 3369 habitum
1451 3314 1782 3387 angelicum
1804 3316 1917 3371 fere
1939 3315 1961 3370 Ρ
1982 3290 2146 3389 igua;
2180 3290 2222 3356 (Ι
2335 3308 2472 3364 Post
2493 3308 2744 3363 multum
2762 3325 2895 3364 vero
2914 3313 3026 3363 tem
3040 3307 3215 3379 poris,
3241 3324 3374 3363 cum
3401 3307 3569 3363 illum
3594 3305 3894 3361 induxisset

504 3419 626 3469 ras,
657 3400 798 3472 quia
817 3401 1052 3470 juvenis
1085 3417 1146 3455 es
1168 3400 1194 3454 ?
1215 3401 1340 3456 Non
1364 3404 1671 3475 nostiquia
1690 3404 1858 3459 multi
1878 3412 2016 3460 sunt
2044 3407 2151 3461 ini-

508 3491 642 3546 mici
662 3489 842 3545 nostri
859 3488 1052 3561 laquei
1068 3489 1295 3546 ?Nescis
1308 3492 1447 3563 quia
1461 3499 1517 3547 et
1533 3510 1634 3563 per
1647 3510 1751 3548 ocu
1765 3494 1934 3561 los,et
1949 3513 2046 3566 per
2061 3513 2157 3550 au-

510 3585 668 3636 reset
684 3596 783 3651 per
799 3579 1017 3649 figuras
1031 3579 1219 3634 varias
1233 3580 1558 3651 ethabitus,
1591 3583 1862 3638 monachi
1881 3584 1935 3638 in
1955 3584 2159 3639 civita-

509 3670 671 3724 tibus
701 3667 1125 3723 lazduntur‘Fl‘u
1142 3674 1336 3724 autem
1354 3670 1410 3723 in
1435 3687 1730 3743 cauponas
1756 3674 2043 3744 intrepide
2069 3674 2157 3728 in-

510 3757 991 3829 grederis,etquee
1008 3776 1121 3812 non
1138 3758 1224 3813 vis
1238 3760 1629 3832 audis,etqua3
1643 3767 1781 3818 sunt
1796 3764 1962 3818 noxia
1977 3763 2158 3830 vides,

510 3846 1178 3917 inhonestisqueetviris
1193 3852 1247 3903 et
1265 3850 1609 3906 mulieribus
1624 3853 2017 3922 conjungeris.
2035 3853 2158 3909 Noli

513 3936 953 4009 itaque,ﬁli,mi,
973 3936 1111 4002 noli,
1128 3938 1390 4006 obsecro,
1406 3940 1490 3995 sic
1505 3956 1695 4012 agere,
1712 3943 1808 3996 sed
1825 3942 2029 4014 fugein
2045 3959 2163 3999 ere-

516 4042 697 4095 mum,
715 4026 810 4081 ubi
829 4043 960 4081 cum
978 4026 1076 4081 Dei
1091 4027 1382 4096 adjutorio
1397 4027 1607 4083 salvari
1627 4035 1810 4101 potes.
1840 4031 2166 4103 Respondit

516 4114 567 4171 ei
602 4114 843 4185 junior:
882 4114 1056 4184 Perge
1088 4116 1303 4181 senior,
1338 4115 1492 4171 Deus
1538 4134 1653 4171 non
1688 4119 1890 4189 quaerit
1922 4121 2031 4177 nisi
2068 4139 2166 4178 cor

520 4205 833 4258 mundum.
858 4204 1021 4258 Tunc
1050 4204 1386 4274 expandens
1415 4206 1469 4261 in
1504 4206 1714 4263 cmlum
1734 4211 1935 4265 ambas
1955 4228 2165 4269 manus

520 4309 660 4348 suas
692 4308 867 4347 senex
898 4293 1015 4347 ait:
1065 4292 1260 4348 Gloria
1293 4294 1420 4365 tibi,
1471 4296 1663 4365 Deus;
1699 4300 2017 4370 eccejenim
2062 4318 2165 4372 ego

522 4381 708 4436 habeo
751 4381 809 4435 in
841 4380 1040 4453 Scythi
1091 4398 1275 4439 annos
1324 4386 1754 4459 quinquaginta
1783 4390 2065 4462 quinque,
2112 4396 2169 4447 et

528 4470 816 4524 mundum
843 4486 941 4525 cor
958 4487 1071 4525 non
1091 4470 1312 4540 habeo;
1339 4472 1431 4530 hic
1452 4479 1648 4531 autem
1672 4477 1730 4533 in
1756 4480 2013 4535 tabernis
2034 4498 2167 4537 con-

525 4575 766 4613 versans
797 4559 989 4614 cordis
1022 4561 1371 4617 munditiam
1408 4564 1683 4635 possidet.
1726 4567 1794 4623 Et
1825 4570 1892 4623 ad
1931 4570 2166 4626 fratrem

2269 3397 2672 3453 Christianum
2707 3397 2853 3466 fieri,
2899 3398 3217 3470 baptizavit
3263 3397 3461 3469 ipsum
3495 3401 3553 3452 et
3584 3396 3730 3452 filios
3759 3394 3892 3465 ejus,

2268 3493 2634 3559 cunctosque
2670 3487 3026 3543 domesticos
3056 3486 3238 3541 illius.
3272 3486 3562 3541 Caeterum
3594 3502 3705 3541 non
3735 3482 3894 3538 multo

2268 3582 2470 3648 postea
2506 3592 2683 3648 quam
2718 3576 3048 3648 baptizatus
3078 3577 3287 3643 fuerat,
3322 3574 3770 3646 deditepiscOpo
3786 3572 3896 3627 auri

2271 3666 2379 3720 tria
2413 3666 2750 3721 centenaria
2781 3667 2841 3721 in
2872 3682 3043 3720 usum
3076 3681 3423 3736 pauperum,
3445 3666 3681 3720 dicens:
3714 3660 3898 3731 Accipe

2272 3772 2480 3809 aurum
2515 3756 2695 3822 istud,
2729 3762 2787 3810 et
2836 3755 3125 3810 distribue
3158 3753 3298 3809 illud
3338 3755 3715 3825 pauperibus,
3746 3755 3799 3806 et
3825 3748 3898 3802 fac

2272 3843 2413 3898 mihi
2432 3843 2760 3899 cautionem
2785 3862 2962 3899 manu
2978 3849 3096 3912 tua,
3114 3844 3267 3915 quod
3281 3843 3556 3900 Christus
3572 3842 3710 3897 mihi
3727 3840 3897 3910 ipsum

2274 3934 2548 3989 reddetin
2570 3935 2765 3989 futuro
2783 3934 3017 3990 saeculo.
3033 3933 3146 3997 Qui
3178 3938 3452 4003 suscepto
3472 3949 3637 3997 auro,
3658 3931 3900 4001 prompte

2273 4025 2381 4092 illi,
2417 4030 2479 4081 ut
2511 4028 2765 4098 petebat,
2798 4025 3125 4082 cautionem
3163 4025 3314 4079 fecit.

2346 4116 2702 4188 Vixititaque
2718 4121 2847 4188 post
2861 4115 3219 4187 baptismum
3237 4129 3422 4169 annos
3436 4111 3666 4184 aliquot
3679 4106 3906 4182 philoso-

2275 4210 2449 4282 phus,
2468 4207 2780 4263 actandem
2802 4204 3137 4260 infirmatus
3151 4208 3240 4259 est
3257 4203 3326 4258 ad
3348 4207 3619 4257 mortem.
3638 4204 3771 4253 Cum
3790 4209 3905 4250 vero

2276 4297 2449 4355 morti
2471 4296 2771 4370 proximus
2790 4298 2969 4361 esset,
2988 4293 3129 4349 dixit
3148 4293 3285 4348 filiis
3304 4291 3469 4347 suis:
3500 4289 3740 4355 Quando
3757 4301 3907 4341 cura-

2277 4388 2413 4442 bitis
2430 4387 2606 4441 funus
2627 4384 3111 4451 meum,chartam
3127 4381 3375 4438 istamin
3392 4380 3538 4437 meis
3553 4378 3915 4445 manibuspo—

2278 4476 2417 4544 nite,
2433 4479 2490 4530 et
2508 4490 2601 4530 me
2618 4490 2752 4529 cum
2773 4472 2876 4527 illa
2892 4472 3153 4544 sepelite.
3176 4472 3400 4526 Mortuo
3419 4474 3618 4525 autem
3639 4466 3760 4535 illo,
3777 4465 3912 4520 fece-

2279 4569 2411 4619 runt
2447 4562 2549 4618 filii
2583 4564 2733 4618 sicut
2761 4562 2845 4617 eis
2877 4562 3003 4633 ipse
3045 4564 3413 4632 praceperat,
3456 4556 3915 4629 sepelieruntque

526 4664 846 4703 conversus
876 4649 1022 4703 dixit
1048 4666 1060 4703 :
1099 4654 1245 4706 Deus
1278 4655 1417 4724 etjte
1447 4660 1657 4724 servet,
1690 4661 1748 4712 et
1779 4673 1870 4712 me
1893 4675 2005 4713 non
2033 4675 2171 4715 con-
2204 4668 2252 4730 ι)
2282 4671 2413 4710 eum
2436 4668 2569 4708 cum
2601 4650 3007 4723 chirographo.
3042 4649 3239 4705 Tertia
3265 4665 3395 4705 vero
3411 4652 3545 4720 post
3566 4647 3911 4718 sepulturam

525 4736 739 4793 fundat
769 4754 802 4793 a
828 4754 929 4811 spe
962 4754 1110 4794 mea.

1116 4854 1355 4912 CAPUT
1384 4858 1589 4915 CXCV.

531 4944 649 4999 l’ita
681 4944 908 5013 Evagrii
950 4944 1270 5025 philosophi
1314 4947 1616 5025 a_Syne.sio
1656 4952 1890 5022 Cyrenes
1932 4954 2174 5025 episcopo

946 5018 1024 5071 ad
1057 5016 1265 5072 Christi
1300 5016 1460 5088 ﬁdem
1489 5016 1753 5077 conversi.

600 5115 745 5169 Cum
777 5114 1137 5169 Alexandriae
1169 5132 1459 5181 essemus,
1488 5118 1764 5175 Leontius
1783 5120 2175 5191 Apamiensis,

524 5205 611 5259 vir
628 5204 934 5271 religiosus
951 5222 1013 5259 ac
1031 5205 1593 5275 fidelissimus,vcnit
1607 5225 1675 5263 ex
1695 5211 1991 5281 Pentapoli
2015 5214 2179 5279 ;mul-

528 5292 603 5346 tis
636 5292 925 5361 enimjam
951 5295 1352 5366 annisCyrene
1376 5302 1859 5355 moratust'uerat.
1888 5300 2052 5356 Venit
2081 5320 2180 5358 au-

530 5388 645 5436 tem
686 5381 893 5435 diebus
922 5381 1143 5454 Eulogii
1182 5385 1366 5439 sancti
1398 5384 1777 5443 Alexandrini
1818 5390 2179 5463 patriarchae,

532 5470 1145 5541 ejusdemCyrencnsis
1161 5473 1322 5528 urbis
1340 5474 2000 5548 futurusepiscopus.Cu
2015 5497 2184 5552 mque

532 5561 591 5614 in
609 5558 1172 5630 familiaricolloquio
1186 5567 1709 5630 essemus,narravi
1722 5573 1742 5620 t
1757 5568 2178 5634 nobis,dicens:

533 5648 665 5705 Fuit
701 5649 1062 5718 temporibus
1107 5649 1411 5723 Theophili
1460 5654 1787 5710 beatissimi
1839 5659 2181 5729 patriarcha

537 5737 917 5796 Alexandrini
934 5740 1147 5811 Cyrene
1164 5738 1762 5817 episcopusSynesius
1778 5746 2180 5821 philosophus.

2280 4745 2373 4800 die
2405 4742 2678 4815 apparuit
2709 4742 2980 4813 episcopo
3011 4740 3252 4811 Synesio
3285 4743 3453 4793 nocte
3472 4734 3816 4808 quiescenti,
3838 4731 3911 4786 di-

2281 4850 2458 4890 cens:
2491 4833 2635 4889 Veni
2668 4833 2740 4888 ad
2775 4823 3913 4903 sepulcrum,ubijaceo,etaccipechiro-

2283 4923 2572 4997 graphum
2597 4927 2761 4977 tuum
2791 4921 3021 4991 ;accepi
3039 4919 3193 4974 enim
3226 4918 3514 4983 debitum,
3536 4916 3918 4972 satisfactum-

2285 5030 2397 5086 que
2432 5012 2571 5068 mihi
2605 5016 2715 5079 est,
2750 5016 2924 5082 atque
2956 5015 3021 5065 ut
3050 5009 3262 5064 certior
3291 5008 3420 5078 ejus
3447 5007 3525 5063 rei
3550 5008 3680 5071 tias,
3704 5001 3919 5076 propria

2287 5120 2418 5159 mea
2448 5101 2773 5173 subscripsi
2808 5116 3004 5155 manu.
3044 5098 3355 5170 lgnorabat
3396 5101 3588 5151 autem
3631 5095 3921 5165 episcopus

2290 5194 2446 5266 quod
2482 5190 2941 5262 chirographum
2984 5189 3125 5244 illud
3155 5185 3619 5257 consepelissent
3648 5184 3719 5239 ei.

2363 5302 2531 5355 Mane
2562 5301 2758 5353 autem
2794 5299 2965 5365 facto,
2989 5293 3290 5350 accersitis
3307 5290 3741 5362 filiisejusdixit
3763 5285 3931 5343 :Num

2291 5390 2506 5460 aliquid
2540 5405 2673 5443 cum
2712 5393 2874 5458 patre
2904 5390 3097 5442 vestro
3130 5385 3189 5437 in
3219 5385 3608 5437 monumento
3655 5371 3933 5451 posuisti?

2294 5479 2379 5534 Illi
2415 5482 2687 5549 putantes
2705 5476 2857 5547 quod
2876 5491 2975 5530 eos
2989 5476 3060 5530 de
3078 5471 3340 5545 pecuniis
3365 5471 3771 5540 interrogaret,
3787 5463 3932 5520 dixe—

2292 5587 2356 5624 ru
2369 5576 2427 5622 nt
2440 5570 2489 5622 ei
2514 5565 2687 5621 :Nihil
2702 5565 2981 5628 ,domine,
3000 5567 3205 5635 praeter
3219 5579 3332 5633 pan
3343 5577 3446 5615 nos
3458 5551 3925 5617 consuetos.Quid

2292 5657 2475 5729 igitur
2494 5656 2521 5711 7
2546 5655 2823 5726 Nunquid
2859 5653 2945 5709 vel
2966 5653 3225 5708 chartam
3248 5650 3507 5722 aliquam
3535 5640 3927 5717 consepelistis

2292 5746 2344 5803 ei
2366 5745 2393 5800 ?
2423 5746 2589 5802 Tunc
2617 5742 2900 5800 recordati
2942 5740 3027 5797 illi
3071 5740 3443 5813 (ignorabant
3474 5735 3631 5795 enim
3682 5731 3833 5807 quod
3862 5729 3925 5784 de

3852 6262 3867 6269 μ
3902 6240 4043 6267 ιζέιιλ
4066 6240 4089 6265 Ι
