4092 6324
184 380 279 437 225

1470 379 1767 433 PRATUM
1808 378 2259 437 SPIRITUALE.

3464 392 3572 446 226

183 504 550 578 chirographo
567 503 804 572 diceret)
829 501 1099 556 dixerunt
1123 501 1173 556 ei
1200 519 1212 557 :
1241 502 1327 557 Ita
1349 519 1509 570 sane,
1537 502 1805 571 domine;
1841 504 1893 570 Α
1930 508 2241 577 mysteriis.
2294 510 2579 575 Quoniam
2613 528 2743 568 vero
2777 513 3131 585 quibusdam
3163 516 3222 570 in
3271 515 3413 573 locis
3456 518 3574 574 alta

181 598 427 653 chartam
449 594 599 648 enim
625 591 945 663 quamdam
970 589 1225 646 moriens
1250 590 1409 646 dedit
1432 592 1689 657 nobis,et
1711 592 1808 657 ait;

183 684 407 751 Quando
438 680 728 753 sepelietis
753 696 865 746 me,
891 679 1155 734 chartam
1178 679 1351 735 istam
1380 679 1524 734 mihi
1551 680 1610 734 in
1634 680 1814 734 mani-

185 778 282 831 bus
323 776 477 838 date,
524 772 682 827 nullo
727 771 961 844 penitus
1014 771 1253 826 sciente.
1304 771 1468 826 Tunc
1512 770 1659 826 dixit
1699 770 1815 824 illis

183 866 473 937 episcopus
518 861 811 917 somnium
859 861 1013 933 quod
1062 864 1229 915 nocte
1280 860 1381 916 illa
1426 860 1672 927 viderat,
1722 876 1817 914 su-

186 969 447 1025 mensque
472 951 604 1006 illos
626 967 763 1006 eum
791 949 1019 1005 clericis
1038 966 1102 1004 ae
1122 949 1415 1021 primariis
1442 949 1697 1005 civitatis
1717 965 1812 1003 ac-

186 1043 343 1097 cessit
367 1042 436 1096 ad
464 1040 798 1112 philosoiihi
825 1038 1144 1094 tumulum.
1172 1040 1293 1102 Quo
1318 1048 1549 1110 aperto,
1576 1039 1812 1093 invene-

187 1132 597 1202 runtjacentem
625 1128 1064 1201 philosophum,
1090 1128 1669 1200 chirographumque
1695 1144 1815 1182 ma-

186 1240 251 1275 nu
264 1219 514 1292 episcopi
530 1217 930 1290 conscriptum
947 1216 1073 1272 suis
1090 1217 1360 1272 manibus
1377 1222 1695 1272 tenentem.
1717 1223 1817 1270 Ae-

184 1310 446 1383 eipientes
485 1313 683 1363 autem
712 1305 1172 1379 chirographum
1216 1321 1285 1361 ex
1316 1304 1477 1359 illius
1516 1305 1814 1372 manibus,

185 1402 539 1470 aperuerunt,
560 1397 1030 1466 inveneruntque
1056 1396 1113 1449 in
1140 1412 1206 1451 eo
1234 1395 1459 1449 noviter
1482 1411 1653 1449 manu
1683 1393 1816 1465 phi—

187 1486 392 1560 losophi
422 1486 831 1556 subscriptum
863 1484 980 1539 ita:
1020 1505 1047 1534 α
1080 1484 1197 1555 Ego
1230 1483 1513 1556 Evagrius
1554 1482 1817 1555 philoso-

188 1578 320 1648 phus
352 1575 476 1643 tibi,
501 1574 885 1631 sanctissimo
910 1572 1149 1628 domino
1170 1573 1412 1644 Synesio
1432 1572 1707 1644 episcopo
1726 1589 1818 1626 sa-

192 1667 364 1721 lutem.
397 1665 614 1735 Accepi
633 1663 895 1719 debitum
915 1663 972 1716 in
993 1662 1085 1717 his
1104 1661 1315 1717 litteris
1334 1678 1510 1716 manu
1526 1667 1627 1717 tua
1650 1678 1819 1716 cons-

191 1758 445 1828 criptum,
464 1753 963 1823 satisfactumque
982 1751 1125 1806 mihi
1144 1755 1233 1806 est
1254 1794 1266 1818 ,
1286 1756 1342 1806 et
1363 1750 1592 1806 nullum
1612 1756 1817 1805 contra

1926 611 2062 650 voce
2094 606 2521 655 consueverunt
2553 603 2870 675 presbyteri
2919 605 3105 660 sancti
3139 606 3408 662 sacrificii
3442 624 3569 663 ora-

1924 681 2112 740 tiones
2164 689 2560 759 pronuntiare,
2608 692 2771 761 pueri
2803 697 2867 747 ut
2899 694 3140 765 prepius
3174 700 3431 751 astantes
3462 713 3571 751 sas-

1926 772 2058 842 pius
2090 789 2188 830 eas
2222 778 2513 833 audiendo
2548 779 2895 836 didicerant.

1997 862 2138 918 Cum
2172 865 2354 936 igitur
2383 869 2581 923 omnia
2603 871 2927 925 secundum
2962 872 3417 928 ecclesiasticam
3442 891 3576 929 con-

1926 952 2298 1009 suetudinem
2334 957 2628 1023 fecissent,
2656 959 2999 1030 priusquam
3034 978 3215 1032 panes
3243 963 3578 1035 frangerent

1926 1055 1991 1093 ac
2011 1044 2531 1109 communicarent,
2555 1047 2708 1117 ignis
2730 1048 2959 1105 caelitus
2982 1049 3277 1122 delapsus,
3305 1069 3433 1123 quas
3449 1069 3576 1124 pro-

1929 1129 2116 1199 posita
2146 1138 2313 1187 erant
2355 1136 2726 1206 consumpsit
2757 1138 2976 1204 omnia,
3012 1156 3339 1212 saxumque
3384 1146 3572 1195 totum

1926 1218 2274 1287 combussit,
2292 1221 2372 1277 ita
2387 1223 2608 1279 utnihil
2626 1226 2863 1280 omnino
2883 1243 3072 1297 neque
3094 1229 3239 1293 saxi,
3267 1245 3456 1301 neque
3480 1247 3577 1285 eo-

1926 1323 2056 1361 rum
2082 1325 2205 1379 quaa
2228 1310 2457 1366 fuerant
2478 1314 2852 1384 superposita
2876 1314 3325 1387 relinqueretur.
3349 1323 3469 1373 Hoc
3491 1335 3581 1373 re-

1929 1402 2098 1467 pente
2122 1398 2339 1455 factum
2364 1418 2497 1456 cum
2529 1404 2692 1474 pueri
2721 1404 3029 1471 vidissent,
3054 1406 3110 1459 in
3137 1410 3352 1463 terram
3372 1424 3579 1464 omnes

1929 1485 2271 1555 praetimere
2292 1496 2660 1559 corruerunt,
2687 1509 2751 1547 ac
2775 1492 2999 1549 diutius
3022 1494 3282 1550 semivivi
3308 1513 3577 1567 perman-

1930 1580 2152 1641 serunt,
2180 1594 2369 1649 neque
2391 1596 2699 1652 erumpere
2728 1598 2946 1652 vocem,
2972 1600 3158 1655 neque
3183 1585 3253 1639 de
3275 1589 3432 1640 terra
3454 1602 3585 1640 sur-

1930 1679 2065 1734 gere
2095 1665 2373 1723 valentes.
2410 1673 2555 1724 Dum
2588 1687 2719 1725 vero
2750 1689 2861 1726 non
2896 1672 3150 1728 redirent
3170 1674 3410 1729 domum
3436 1674 3580 1729 hora

1930 1769 2047 1824 qua
2077 1765 2463 1813 consuvcrant
2504 1760 2736 1825 reverti,
2772 1762 2869 1815 sed
2906 1762 3096 1831 pavidi
3132 1763 3188 1816 in
3242 1764 3577 1835 pavimento

192 1852 237 1900 te
264 1844 551 1914 babeojus
590 1847 825 1932 propter
847 1857 1057 1932 aurum
1078 1841 1231 1912 quod
1254 1841 1386 1932 dedi
1409 1840 1536 1908 tibi,
1560 1844 1615 1895 et
1641 1846 1815 1907 perte
1852 1867 1899 1932 Β
1921 1843 2205 1912 jacerent,
2239 1846 2503 1903 exierunt
2532 1865 2561 1903 e
2591 1848 2728 1904 villa
2761 1855 3031 1920 parentes
3062 1867 3287 1918 eorum,
3322 1857 3387 1908 ut
3420 1853 3576 1909 vide-

194 1934 394 1990 Christo
426 1938 541 1987 Deo
564 1937 624 1987 et
645 1931 931 1987 Salvatori
963 1934 1183 1986 nostro.
1208 1953 1234 1980 ››
1260 1930 1364 1994 Qui
1385 1944 1518 1985 vero
1542 1945 1819 1985 convene-

194 2026 323 2087 rant,
350 2022 458 2077 hoc
488 2020 761 2076 videntes
785 2020 1238 2090 obstupuerunt,
1274 2023 1329 2073 et
1348 2036 1451 2090 per
1482 2017 1699 2073 multas
1721 2018 1823 2072 ho-

197 2132 271 2169 ras
286 2116 713 2179 clamaverunt,
746 2110 917 2183 Kyrie
940 2110 1189 2177 eleison,
1214 2110 1611 2181 glorificantes
1646 2114 1824 2165 Deum

197 2206 276 2276 qui
309 2206 437 2260 facit
460 2202 785 2273 mirabilia,
814 2201 1111 2272 talemque
1136 2217 1200 2255 ac
1233 2204 1453 2255 tantam
1481 2200 1825 2272 promissio-

199 2313 315 2351 num
345 2312 637 2351 suuarum
670 2293 1023 2348 evidentiam
1059 2292 1160 2346 dat
1189 2290 1372 2347 servis
1405 2290 1551 2346 suis.

250 2387 547 2443 Asserebat
574 2390 774 2440 autem
806 2388 862 2439 et
892 2383 1001 2438 hoc
1031 2383 1182 2437 idem
1217 2383 1493 2437 dominus
1527 2380 1825 2446 Leontius,

202 2478 501 2535 cautionem
526 2476 696 2532 illam
723 2493 899 2531 manu
924 2473 1258 2547 philosophi
1280 2473 1676 2544 subscriptam
1702 2487 1827 2527 ser-

201 2572 297 2625 vari
328 2586 510 2641 usque
564 2568 763 2632 hodie,
794 2573 969 2638 atque
1005 2566 1062 2620 in
1115 2565 1370 2621 sacrario
1413 2570 1626 2619 sanctas
1659 2563 1828 2634 Cyre-

204 2660 378 2715 nensis
426 2656 697 2714 ecclesias
739 2654 1063 2722 custodiri;
1111 2659 1168 2709 et
1208 2655 1547 2725 quicunque
1587 2652 1830 2708 sacrarii

205 2754 377 2803 custos
406 2748 841 2819 ingrederetur,
872 2745 1022 2799 hanc
1045 2742 1128 2798 illi
1152 2760 1283 2799 cum
1317 2741 1537 2799 caeteris
1565 2741 1720 2797 vasis
1743 2758 1829 2796 sa-

207 2837 301 2892 cris
328 2836 621 2909 assignari
653 2833 1100 2890 custodiendam
1147 2849 1278 2887 cum
1314 2831 1470 2887 omni
1503 2830 1828 2903 diligentia,

207 2932 357 2997 atque
377 2942 510 2980 eum
537 2924 821 2995 deinceps
844 2921 1167 2978 successori
1194 2938 1300 2976 suo
1322 2920 1641 2991 intregram
1668 2918 1830 2975 illam

207 3013 644 3085 inviolatamque
678 3012 1109 3082 reconsignare.

752 3146 987 3203 CAPUT
1017 3145 1260 3201 CXCVI.

205 3237 522 3305 Miraculum,
575 3238 724 3308 quod
746 3237 931 3309 pueris
971 3234 1386 3309 Apamiansjbus
1432 3234 1678 3309 contigit.
1732 3234 1829 3304 qui
1859 3237 1901 3304 C

314 3312 429 3381 joco
458 3306 633 3367 verba
655 3306 837 3365 saritaz
860 3306 1288 3365 consecrationis
1314 3307 1680 3378 protulerunt.

262 3425 511 3483 Narravit
534 3427 710 3482 nobis
730 3424 1042 3497 Gregorius
1058 3423 1336 3478 Africanas
1361 3421 1671 3494 provinciae
1693 3438 1833 3492 prae-

209 3512 388 3581 fectus,
438 3516 637 3572 fidelis
686 3515 790 3581 vir,
834 3519 889 3570 et
930 3512 1354 3569 monachorum
1392 3528 1459 3567 ac
1508 3526 1830 3582 pauperum

210 3610 426 3672 amator,
475 3603 776 3675 bonisque
823 3602 1101 3658 omnibus
1132 3616 1367 3671 semper
1414 3599 1829 3669 congaudens:

269 3692 323 3746 In
346 3692 668 3761 provincia,
690 3690 902 3763 inquit,
924 3705 1053 3745 mea
1076 3690 1223 3758 (erat
1244 3693 1439 3743 autem
1464 3684 1835 3756 Apamiensis

209 3782 747 3854 secundaeSyrorum
772 3778 1099 3851 provincias,
1124 3794 1191 3833 ex
1213 3776 1425 3847 oppido
1450 3776 1605 3846 quod
1624 3774 1838 3829 dicitur

210 3871 427 3941 Thorax)
458 3890 603 3944 ager
625 3871 801 3926 estab
825 3870 969 3924 urbe
983 3867 1151 3940 quasi
1168 3867 1561 3939 quadraginta
1578 3863 1838 3919 milliari-

213 3959 304 4016 bus
331 3961 576 4028 distans,
613 3960 716 4031 qui
748 3960 1022 4029 Gonagus
1055 3957 1308 4023 dicitur;
1344 3955 1403 4009 in
1444 3954 1575 4024 hoc,
1610 3953 1730 4009 sive
1777 3954 1836 4008 in

211 4049 319 4118 ejus
342 4052 555 4107 finibus
578 4049 745 4122 pueri
771 4048 1091 4120 pascebant
1114 4062 1343 4117 pecora,
1366 4049 1422 4099 et
1451 4048 1515 4098 ut
1537 4043 1684 4098 solet
1703 4059 1839 4114 pue-

213 4137 279 4193 ris
319 4140 672 4213 contingere,
719 4136 927 4209 puerili
974 4134 1399 4191 consuetudine
1438 4134 1594 4190 926
1642 4131 1837 4187 volue-

212 4234 323 4283 runt
346 4230 559 4285 ludere.
576 4228 843 4298 Cumque
865 4225 1150 4293 luderent,
1166 4224 1441 4279 dixerunt
1462 4223 1531 4277 ad
1558 4222 1838 4278 invicem:

212 4314 387 4373 Venite
401 4319 769 4374 celebremus
782 4316 1051 4382 missam,
1073 4313 1454 4370 etotl‘eramus
1480 4311 1839 4368 sacrificium

211 4411 257 4461 et
281 4408 800 4475 communicemus,
835 4404 1009 4461 sicuti
1032 4419 1266 4475 semper
1287 4403 1345 4457 in
1367 4405 1572 4456 sancta
1597 4399 1844 4455 ecclesia

216 4496 488 4568 presbyter
538 4496 697 4551 facit.
748 4494 911 4561 Quod
962 4509 1096 4549 cum
1162 4491 1486 4563 placuisset
1539 4489 1841 4556 omnibus,

1934 1936 2065 1986 rent
2086 1934 2255 2003 cujus
2278 1936 2357 1989 rei
2388 1937 2576 2008 gratia
2597 1943 2876 1993 consueto
2901 1938 3163 2010 legitimo
3184 1946 3444 2012 tempore
3463 1960 3578 1998 non

1934 2022 2332 2079 revertissent.
2367 2026 2600 2097 Egressi
2633 2034 2824 2081 autem
2851 2044 3060 2099 pueros
3082 2046 3286 2085 omnes
3307 2030 3471 2086 humi
3496 2033 3583 2102 ja-

1934 2115 2129 2167 centes
2161 2112 2529 2182 invenerunt,
2565 2133 2751 2187 neque
2771 2123 3156 2189 agnoscentes
3187 2118 3439 2191 aliquos,
3474 2137 3579 2176 ne-

1936 2198 2221 2271 queloqui
2244 2220 2306 2258 se
2328 2203 2766 2275 alloquentibus
2781 2206 3059 2263 valentes.
3078 2209 3355 2264 Parentes
3381 2208 3583 2280 itaque

1937 2288 2247 2345 semivivos
2264 2307 2361 2347 eos
2378 2293 2749 2365 aspicientes,
2771 2296 3177 2367 unusquisque
3198 2296 3379 2352 filium
3405 2314 3581 2353 suum

1938 2384 2329 2445 assumentes,
2364 2382 2605 2437 domum
2639 2384 2992 2450 retulerunt,
3022 2386 3405 2457 videntesque
3438 2404 3577 2457 pue-

1938 2483 2034 2522 ros
2064 2467 2123 2523 in
2158 2472 2498 2541 hujusmodi
2532 2489 2773 2528 excessu
2810 2474 3034 2529 diutius
3066 2476 3367 2541 durantes,
3405 2477 3584 2532 mira-

1937 2556 2155 2611 bantur
2201 2558 2471 2627 nimium;
2505 2577 2742 2616 causam
2799 2563 3057 2633 stuporis
3109 2580 3308 2618 eorum
3344 2566 3585 2619 omnino

1938 2644 2301 2717 ignorantes,
2334 2666 2435 2704 nec
2455 2650 2783 2706 discernere
2799 2652 3081 2719 valentes,
3102 2654 3435 2724 saapiusque
3453 2654 3588 2709 illos

1925 2752 2044 2825 .per
2074 2740 2260 2791 totum
2293 2738 2443 2793 diem
2478 2739 2923 2812 interrogantes,
2969 2758 3317 2812 responsum
3356 2742 3585 2798 nullum

1942 2826 2205 2895 accipere
2234 2828 2306 2881 ab
2336 2827 2419 2882 eis
2451 2834 2787 2899 potuerunt,
2832 2837 2885 2883 et
2920 2847 3048 2901 quas
3091 2830 3208 2885 illis
3249 2831 3587 2887 acciderant

1942 2912 2091 2968 scire
2134 2915 2370 2971 omnino
2424 2918 2834 2988 nequiverunt,
2877 2919 3061 2975 donec
3095 2920 3220 2975 dies
3252 2920 3351 2975 illa
3390 2926 3447 2976 et
3476 2938 3589 2976 nox

1942 3006 2065 3058 tota
2092 3007 2388 3075 praeteriit.
2438 3006 2600 3061 Tunc
2631 3008 2785 3061 enim
2820 3013 2877 3063 et
2924 3007 3085 3078 pueri
3120 3008 3403 3079 paulatim
3436 3009 3493 3062 in
3528 3026 3590 3063 se

1942 3091 2104 3164 ipsos
2127 3093 2363 3161 reversi,
2384 3101 2595 3150 cuncta
2618 3096 2761 3166 ipsis
2786 3095 3115 3152 retulerunt
3137 3114 3264 3168 qua:
3287 3101 3449 3168 gesta
3465 3098 3590 3153 fue-

1945 3187 2098 3245 rant,
2130 3187 2186 3237 et
2209 3200 2333 3254 quas
2358 3184 2475 3239 illis
2503 3186 2887 3257 contigerant.
2917 3191 3298 3241 Assumentes
3324 3202 3459 3240 vero
3484 3204 3590 3257 pa-

1940 3274 2133 3325 rentes
2166 3288 2301 3326 suos
2322 3276 2379 3327 et
2401 3289 2604 3328 omnes
2628 3273 2734 3328 loci
2759 3274 2949 3345 ipsius
2981 3274 3591 3344 habitatores,egressi

1939 3364 2097 3425 sunt,
2122 3365 2179 3414 et
2210 3360 2401 3415 locum
2432 3378 2518 3416 818
2546 3363 2952 3426 ostenderunt,
2985 3361 3043 3416 in
3089 3379 3205 3433 quo
3242 3361 3592 3417 mirabiliter

1939 3449 2056 3503 ista
2080 3449 2465 3522 contigerant,
2497 3452 2742 3523 vestigia
2763 3452 3022 3521 quaedam
3057 3452 3241 3524 elapsi
3262 3451 3416 3523 ignis
3435 3451 3588 3505 indi-

1940 3543 2163 3594 cantes.

2015 3628 2335 3684 Audientes
2358 3646 2490 3684 vero
2513 3646 2639 3701 quas
2665 3630 2814 3685 facta
2830 3632 3079 3699 fuerant,
3104 3636 3160 3685 et
3179 3631 3325 3703 ipsis
3350 3630 3586 3685 indiciis

1943 3732 2136 3771 rerum
2167 3716 2471 3783 admoniti,
2506 3717 2561 3771 in
2597 3718 2888 3773 civitatem
2922 3724 3330 3789 cucurrerunt,
3353 3724 3591 3774 cuncta-

1945 3820 2055 3875 que
2086 3803 2357 3876 episcopo
2380 3806 2629 3862 civitatis
2664 3808 3084 3863 nuntiaverunt
3112 3825 3124 3861 :
3152 3808 3253 3879 qui
3286 3807 3592 3879 perculsus

1945 3893 2351 3965 magnitudine
2373 3899 2431 3949 et
2461 3896 2713 3950 novitate
2746 3896 3035 3961 miraculi,
3077 3912 3211 3951 cum
3245 3896 3404 3950 omni
3439 3894 3593 3950 clero

1944 3983 2197 4038 festinus
2219 3984 2491 4048 accurrit,
2514 3984 2836 4055 vidensque
2858 4002 3090 4055 pueros,
3114 3989 3171 4040 et
3193 4001 3400 4039 rursus
3423 3986 3493 4038 ab
3509 3984 3596 4039 eis

1945 4088 2073 4143 qua
2096 4074 2691 4141 evenerantaudiens,
2710 4080 2766 4128 et
2787 4074 3041 4129 coeleatis
3064 4074 3217 4146 ignis
3236 4073 3484 4145 vestigia
3507 4072 3596 4127 in-

1945 4166 2140 4227 tuens,
2178 4178 2387 4232 pueros
2419 4162 2658 4233 quidem
2692 4179 2896 4219 omnes
2924 4165 3199 4219 continuo
3224 4164 3283 4218 in
3302 4167 3598 4218 monaste-

1949 4251 2103 4305 rium
2135 4250 2402 4314 immisit,
2433 4250 2627 4306 locum
2657 4268 2794 4306 vero
2831 4252 3250 4307 monasterium
3276 4252 3409 4307 fecit
3433 4251 3598 4307 latis-

1948 4340 2191 4407 simum,
2226 4357 2403 4411 supra
2434 4340 2628 4395 locum
2661 4346 2854 4396 autem
2905 4342 3057 4413 ignis
3085 4341 3393 4397 ecclesiam
3427 4358 3585 4396 cons-

1948 4429 2150 4498 truxit,
2181 4434 2238 4483 et
2269 4434 2543 4484 sanctum
2575 4431 2759 4484 erexit
2790 4429 2994 4485 altare.

2027 4519 2463 4575 Dicebatautem
2482 4519 2870 4591 ipsedomnus
2886 4518 3198 4591 Gregorius
3215 4518 3601 4574 fidelissimus

219 4588 558 4679 (manuum
588 4603 658 4641 ex
687 4583 1060 4679 °i3_unu_m_in
1080 4581 1283 4637 ordine
1306 4579 1650 4679 Pffsl’yte'i’
1673 4579 1845 4679 SM?“
1876 4605 1922 4671 D
1952 4608 2058 4677 vir,
2096 4624 2278 4663 unum
2309 4624 2371 4663 se
2400 4579 2648 4664 istorum
2674 4579 3599 4679 puerorumaspexisse,ejusque

218 4690 309 4741 que
334 4674 473 4731 alios
518 4690 735 4747 pueros
767 4673 825 4728 in
860 4672 1266 4727 ministrorum
1299 4668 1515 4736 officio,
1564 4668 1837 4723 veniunt-

221 4778 314 4832 que
342 4766 407 4819 ad
447 4781 659 4822 saxum
691 4762 989 4836 quoddam
1036 4762 1224 4832 (erant
1273 4759 1433 4815 enim
1464 4758 1523 4813 in
1574 4756 1840 4829 planitie)

224 4866 277 4905 ac
302 4870 467 4925 supra
497 4871 709 4911 saxum
730 4854 787 4908 in
814 4868 1026 4907 morem
1054 4849 1257 4905 altaris
1280 4852 1585 4918 apponunt
1607 4863 1839 4918 panem,

222 4948 269 4997 et
294 4952 636 5003 vastesteum
652 4962 784 5001 eum
799 4944 930 5000 vino
956 4942 1412 5012 :assistuntque,
1429 4955 1584 4995 unus
1604 4938 1841 5010 quidem

222 5048 389 5091 coram
420 5036 609 5104 altari,
631 5036 732 5108 qui
758 5035 1112 5105 fungebatur
1132 5031 1324 5087 officio
1348 5028 1691 5102 presbyteri,
1719 5044 1841 5083 me-

222 5120 353 5194 dius,
382 5127 494 5182 duo
517 5143 650 5181 vero
682 5124 780 5182 alii
812 5123 951 5179 bino
981 5128 1156 5193 atque
1188 5120 1324 5175 hinc
1357 5118 1535 5174 veluti
1562 5117 1840 5173 ministri.

222 5209 277 5264 Et
300 5212 385 5269 ille
416 5216 655 5286 quidem
688 5218 908 5269 sanctae
938 5209 1253 5289 oblationis
1273 5210 1454 5264 verba
1486 5207 1739 5276 dicebat,
1759 5204 1845 5260 illi

222 5312 332 5355 vero
362 5302 613 5358 fasciolis
645 5319 773 5374 quas
806 5300 1164 5366 ferebantur,
1191 5314 1293 5371 pro
1317 5295 1565 5351 [labellis
1589 5298 1842 5362 utentes,

226 5402 400 5446 auram
430 5392 742 5448 faciebant.
795 5389 903 5454 Qui
933 5406 1065 5444 vero
1114 5386 1436 5460 presbyteri
1487 5384 1846 5455 fungebatur

228 5475 414 5544 ofﬁcio,
455 5481 587 5537 ideo
627 5485 839 5537 sanctas
871 5477 1187 5534 oblationis
1229 5476 1405 5532 verba
1434 5474 1675 5539 sciebat,
1711 5471 1845 5544 quia

229 5571 569 5625 consuetudo
599 5570 708 5625 fuit
738 5570 795 5624 in
819 5567 1086 5637 ecclesia,
1118 5571 1182 5621 ut
1212 5565 1378 5639 pueri
1396 5564 1454 5620 in
1489 5562 1686 5619 missis
1711 5565 1844 5617 ante

232 5657 526 5713 sacrarium
563 5659 925 5723 assisterent,
945 5656 1237 5728 primique
1260 5659 1391 5727 post
1422 5652 1664 5709 clericos
1686 5667 1844 5707 com-

234 5745 576 5805 municarent
591 5747 809 5806 sanctis
824 5745 1039 5805 Christi
1056 5744 1156 5803 Dei
1178 5743 1367 5803 nostri
1382 5739 1847 5814 venerandisque

1949 4698 2285 4753 monasterii
2332 4697 2427 4752 ubi
2474 4697 2823 4753 miraculum
2868 4699 3181 4765 acciderat,
3230 4698 3589 4752 monachum

1951 4788 2145 4858 ipsum
2170 4786 2530 4857 cognovisse.
2558 4788 2626 4841 Et
2646 4787 2799 4842 istud
2823 4788 3059 4857 quidem
3090 4802 3371 4857 magnum
3401 4802 3595 4841 revera

1952 4894 2020 4933 ac
2040 4876 2301 4931 divinum
2314 4877 2793 4947 stupendumque
2810 4877 3157 4931 miraculum
3174 4876 3489 4947 Gregorius
3503 4892 3569 4930 ve
3584 4906 3599 4917 ο

1953 4964 2231 5020 nerabilis
2277 4965 2442 5020 nobis
2471 4970 2640 5020 aetate
2680 4972 2880 5021 nostra
2923 4966 3242 5037 contigisse
3286 4964 3598 5019 enarravit.

2500 5052 2734 5109 CAPUT
2780 5055 3046 5110 CXCVII.

1954 5125 2168 5183 Retatio
2215 5124 2429 5195 Ru/fim'
2470 5125 2536 5179 de
2562 5126 3102 5252 ,ςαησᾶοἰςὲηιαηαδὶο
3132 5134 3185 5181 et
3229 5125 3361 5180 aliis
3403 5121 3595 5197 pueris

2629 5214 2689 5253 so
2729 5216 2806 5253 az
2848 5215 2927 5253 us.

2025 5285 2296 5343 Ruffinus
2312 5289 2504 5340 autem
2528 5286 2627 5357 qui
2642 5285 3099 5343 ecclesiasticam
3114 5285 3466 5356 conscripsit
3488 5284 3604 5340 his-

1953 5376 2185 5444 toriam,
2218 5373 2410 5429 simile
2437 5374 2715 5446 quiddam
2750 5374 2929 5447 priori
2954 5379 3117 5429 aetate
3148 5380 3378 5447 gestum
3405 5392 3435 5429 a
3459 5391 3604 5446 pue-

1955 5467 2036 5521 ris
2064 5462 2403 5519 ludentibus
2428 5466 2645 5517 narrat.
2674 5462 2962 5529 Aitenim,
2998 5479 3127 5518 cum
3156 5463 3404 5536 puerilia
3425 5480 3606 5519 cons-

1954 5554 2203 5609 criberet
2238 5550 2541 5607 Athanasii
2566 5551 2949 5619 sanctissimi,
2983 5552 3178 5624 magni
3208 5558 3605 5625 propugnato-

1954 5644 2036 5700 ris
2060 5661 2125 5699 ac
2150 5641 2433 5715 prmconis
2456 5640 2717 5696 veritatis
2738 5657 3081 5714 magnisque
3103 5642 3506 5699 Alexandrinas
3525 5640 3605 5695 ci-

1952 5731 2151 5793 vitatis
2173 5729 2455 5804 episcopi,
2482 5730 2711 5788 etorbis
2735 5730 2917 5788 totius
2941 5731 3197 5790 doctoris
3220 5730 3442 5802 inclyti,
3461 5744 3607 5800 quo-
