4092 6324
502 324 609 379 227

1690 323 1789 377 DE
1827 322 2017 376 VITIS
2054 322 2353 376 PATRUM
2392 320 2608 375 LIBER
2646 323 2718 375 X.

3808 320 3909 377 228

506 453 680 509 modo
713 450 934 508 scilicet
977 449 1167 522 ipsius
1198 447 1486 521 promotio
1517 447 1588 503 ad
1632 446 2038 519 episcopatum
2087 462 2155 502 ex
2183 452 2235 517 Α
2266 445 2411 501 nihil
2447 462 2539 501 me
2572 446 2864 517 praeterire
2890 447 3266 519 persuadeat,
3289 446 3607 504 multitudo
3636 463 3772 503 vero
3794 462 3912 520 ges-

504 540 871 614 praescientia
902 538 1097 594 divina
1128 538 1364 593 initium
1395 536 1766 609 sumpsisset.

571 651 951 720 Consequens
1001 652 1200 701 autem
1232 644 1379 700 mihi
1414 645 1646 700 videtur
1688 661 1816 699 esse
1850 660 2037 715 pauca
2082 643 2151 698 de

502 740 608 794 viri
641 738 992 809 antiquitate
1017 739 1294 805 repetere,
1328 740 1386 789 et
1407 733 1600 805 qualis
1619 751 1651 788 a
1670 750 1849 805 puero
1874 731 2047 788 tuerit
2065 731 2150 786 vi-

500 832 592 896 taz,
612 826 876 900 qualisve
893 826 1172 892 instituti,
1194 824 1552 893 meminisse,
1568 822 2063 894 quemadmodum
2079 821 2149 874 ab

502 918 594 973 his
645 918 747 989 qui
777 932 906 970 cum
942 913 1040 969 illo
1089 912 1548 969 familiarissime
1597 913 1886 980 vixerunt,
1918 909 2147 981 accepi-

500 1024 634 1062 mus
660 1008 854 1079 (Ruﬂ'.,
883 1006 908 1059 1
941 1022 958 1059 1
992 1004 1137 1059 Hist.
1179 1020 1226 1057 ε.
1274 1004 1380 1072 14).
1418 1003 1496 1057 Eo
1528 1001 1711 1073 igitur
1740 1006 2004 1073 tempore
2030 1015 2147 1071 quo

495 1095 823 1152 Alexander
853 1093 1269 1150 sanctissimus
1294 1090 1698 1147 Alexandriam
1717 1089 1986 1146 Ecclesiae
2020 1091 2151 1160 post

494 1185 785 1241 Achillam
819 1189 1083 1255 praeerat,
1113 1182 1278 1251 juxta
1309 1179 1740 1252 praadictiouem
1774 1178 1963 1235 sancti
1998 1177 2148 1233 Petri

494 1271 921 1346 archiepiscopi
954 1276 1010 1326 et
1034 1269 1330 1341 martyris,
1356 1268 1453 1340 qui
1481 1267 1731 1341 impium
1753 1268 1951 1323 Arium
1986 1269 2145 1323 dam-

494 1364 690 1431 navit;
721 1378 855 1418 cum
889 1361 981 1415 die
1006 1360 1261 1431 quadam
1291 1375 1359 1413 ex
1390 1357 1775 1413 eminentiore
1825 1358 1948 1413 loco
1982 1372 2147 1412 mare

494 1453 838 1516 intueretur,
890 1449 1115 1519 aspexit
1148 1463 1358 1518 pueros
1408 1447 1466 1502 in
1498 1446 1696 1502 littore
1742 1446 2036 1511 ludentes,
2082 1449 2148 1500 ut

491 1541 848 1598 consuetudo
885 1540 1078 1611 pueris
1111 1542 1217 1605 est,
1245 1536 1707 1608 episcopumque
1734 1534 2053 1604 imitantes,
2079 1551 2143 1590 ac

489 1630 919 1689 ecclesiasticos
964 1628 1109 1682 ritus
1145 1644 1369 1683 omnes.
1404 1625 1549 1681 Cum
1595 1641 1731 1696 ergo
1764 1639 1977 1695 pueros
2010 1623 2143 1678 illos

490 1720 1073 1784 diutiusintueretur,
1091 1716 1589 1787 majoraquaadam
1603 1719 1661 1769 et
1675 1714 1992 1769 sacratiora
2010 1712 2141 1768 illos

2265 538 2457 590 torum
2514 535 2770 603 plurima
2802 540 2992 591 tacere
3039 534 3370 608 compellat.
3413 535 3689 592 Fluctuat
3718 536 3911 607 itaque

2262 625 2539 697 ambigua
2570 642 2757 692 mens,
2796 641 2981 697 neque
3016 625 3182 696 plane
3216 625 3557 697 dignoscere
3586 626 3739 681 valet
3769 627 3905 697 quid

2262 715 2654 785 conscribere,
2690 715 2828 787 quid
2853 716 3120 771 omittere
3144 715 3367 770 debeat.
3392 718 3581 786 Atque
3602 716 3731 770 ideo
3765 732 3904 787 pau-

2262 823 2465 861 corum
2500 806 2900 872 meminimus,
2927 822 3055 878 quae
3079 807 3149 860 ad
3174 823 3293 861 rem
3323 806 3655 878 pertinent;
3686 805 3908 877 reliqua

2257 912 2393 951 vero
2422 896 2578 950 fama
2602 895 2922 963 enarrabit,
2953 911 3077 965 qua:
3112 895 3365 966 profecto
3388 894 3616 950 minora
3646 911 3823 966 quam
3848 911 3907 951 se

2261 983 2470 1038 habeat
2504 983 2717 1038 veritas
2749 982 3104 1048 enuntiabit,
3137 982 3363 1038 veritati
3396 982 3612 1055 quippe
3644 982 3909 1038 nihilad-

2261 1073 2397 1127 dere
2428 1072 2661 1145 poterit.

2804 1142 3040 1200 CAPUT
3080 1142 3363 1198 CXCVIII.

2260 1234 2554 1305 Responsio
2574 1232 2757 1289 sancti
2785 1234 3080 1305 Athanasii
3111 1232 3350 1305 episcopi
3386 1232 3752 1289 Alexandrini
3778 1236 3913 1287 num

2612 1305 2735 1376 quis
2773 1307 2893 1359 sine
2927 1304 3032 1373 ﬁde
3063 1304 3522 1376 baptizaripossi.

2307 1397 2705 1466 Interrogatus
2720 1399 2809 1449 est
2825 1392 2980 1464 aliqu
2990 1394 3142 1448 audo
3158 1393 3472 1462 praedictus
3488 1393 3912 1449 sanctusAtha-

2254 1484 2459 1539 uasius
2492 1488 2803 1554 postquam
2834 1482 3196 1538 Alexandriae
3220 1482 3529 1555 episc0pus
3549 1484 3909 1539 constitutus

2255 1573 2384 1638 fuit,
2401 1589 2473 1628 an
2490 1572 2996 1643 possetquispiam
3014 1571 3139 1626 sine
3155 1572 3265 1626 ﬁde
3281 1572 3793 1643 baptizarisecuud
3808 1588 3906 1627 um

2254 1664 2430 1718 ritum
2447 1668 2503 1719 et
2519 1663 3592 1735 praadicatiouemChristianorumzaut
3605 1663 3653 1718 si
3668 1664 3907 1719 credere

2253 1769 2315 1807 se
2331 1752 2632 1813 simulans,
2660 1751 2962 1823 aliquibus
2988 1749 3120 1806 aliis
3144 1752 3551 1808 occasionibus
3573 1752 3909 1823 baptiZatus

489 1809 725 1913 saec"
762 1807 1038 1913 mysteria
1077 1805 1585 1913 videt-.Turhats
1598 1803 1811 1913 is???
1830 1802 2138 1913 ξφξιξξτξιείξυ
2173 1826 2220 1891 B
2253 1802 2641 1913 exaggae
2663 1802 2736 1896 3.;
2749 1802 3908 1913 ingessiis;‘;;;;,;;;.;a:.1;.a:

490 1900 734 1955 clericos
764 1899 1050 1953 advocans
1080 1897 1165 1951 eis
1197 1894 1474 1963 ostendit,
1508 1910 1635 1965 qua:
1666 1892 1792 1964 ipse
1824 1906 2141 1962 conspexe-

493 1993 605 2055 rat,
632 1987 1025 2060 praacepitque
1051 1991 1113 2040 ut
1130 1985 1279 2040 irent
1296 1989 1353 2039 et
1374 2001 1583 2054 pueros
1601 1999 1805 2038 omnes
1823 1979 2144 2052 apprehen-

494 2079 722 2143 derent,
743 2077 891 2133 927
925 2081 1102 2145 atque
1124 2075 1193 2129 ad
1220 2090 1279 2129 se
1303 2074 1680 2127 adducerent.
1710 2071 2012 2125 Venientes
2034 2068 2144 2139 igi-

494 2171 593 2221 tur
624 2181 835 2237 pueros
855 2166 1176 2235 interrogat
1204 2162 1336 2233 quis
1367 2161 1451 2217 eis
1480 2161 1658 2216 ludus
1689 2160 1884 2226 fuerit,
1909 2157 2140 2228 quidve,

488 2260 545 2310 et
565 2255 861 2325 quomodo
883 2252 1188 2323 gesserint.
1208 2250 1461 2319 lllivero,
1486 2253 1689 2320 utpote
1713 2248 1899 2320 pueri,
1923 2251 2143 2318 perter-

489 2345 608 2410 riti,
642 2345 713 2399 ab
734 2342 903 2398 initio
924 2342 1162 2413 quidem
1188 2355 1401 2411 negare
1425 2343 1748 2410 coeperunt,
1778 2342 1981 2408 postea
2006 2351 2141 2390 vero

486 2438 667 2490 totam
717 2432 929 2489 seriem
985 2434 1402 2502 exposuerunt,
1453 2428 1826 2499 confessique
1890 2430 2030 2482 sunt
2078 2439 2140 2481 se

485 2522 772 2594 quosdam
791 2520 1122 2591 baptizasse
1146 2517 1601 2573 catechumenos
1625 2532 1728 2588 per
1748 2515 2137 2570 Athanasium

484 2628 659 2683 quem
693 2609 803 2666 sibi
825 2609 990 2680 pueri
1007 2608 1348 2679 episcopum
1369 2606 1645 2662 fecerant.
1669 2610 1827 2660 Tunc
1850 2604 2028 2674 igitur
2046 2602 2139 2657 di-

480 2700 729 2770 ligenter
758 2698 1065 2770 inquirens
1096 2698 1167 2752 ab
1201 2697 1290 2763 iis,
1324 2700 1381 2750 et
1412 2696 1653 2766 quinam
1686 2693 1963 2765 baptizati
1990 2692 2138 2747 fuis-

483 2794 636 2854 sent,
671 2792 724 2844 ct
756 2787 919 2858 quid,
953 2791 1010 2841 et
1042 2786 1334 2857 quomodo
1366 2783 1732 2855 interrogati,
1767 2782 1980 2854 quidve
2008 2798 2135 2836 res-

483 2879 869 2949 pendissent;
902 2892 1033 2929 cum
1061 2876 1131 2930 ab
1165 2892 1231 2929 eo
1265 2874 1366 2945 qui
1407 2874 1891 2944 interrogaverat,
1924 2875 2135 2926 cuncta

484 2964 807 3034 didicisset,
840 2967 1136 3035 comperto
1169 2963 1324 3034 quod
1357 2963 1556 3017 omnia
1581 2962 1750 3032 juxta
1784 2961 1961 3016 ritum
1996 2961 2133 3016 reli-

483 3053 676 3126 gionis
729 3057 942 3108 nostra:
976 3051 1361 3124 peregissent,
1395 3066 1517 3106 rem
1553 3051 1609 3104 in
1654 3066 1966 3104 commune
1997 3065 2132 3105 cum

484 3142 711 3198 clericis
734 3140 987 3213 agitans,
1019 3139 1283 3195 deﬁnivit
1317 3144 1378 3194 ut
1400 3140 1636 3207 dicitur,
1664 3155 1761 3194 eos
1781 3138 1880 3209 qui
1906 3138 2133 3210 baptis-

486 3249 580 3288 mo
612 3230 935 3287 consecrati
968 3230 1218 3295 fuerant,
1252 3246 1385 3283 cum
1416 3227 1613 3283 omnia
1634 3227 1789 3283 circa
1820 3244 1883 3283 se
1914 3227 2132 3283 solem-

483 3324 634 3377 niter
653 3326 883 3391 peracta
902 3321 1153 3374 fuissent
1177 3335 1278 3390 per
1303 3318 1784 3389 interrogationes
1808 3321 1863 3373 et
1887 3334 2127 3387 respon-

482 3411 699 3478 siones,
731 3410 990 3467 secundo
1018 3408 1257 3481 quidem
1281 3424 1396 3463 non
1420 3412 1685 3479 oportere
1704 3407 2009 3479 baptizari,
2028 3406 2127 3462 sed

482 3500 713 3572 impleri
749 3515 816 3554 ea
864 3515 990 3570 qua:
1024 3497 1213 3553 solent
1239 3515 1271 3553 a
1303 3497 1706 3553 sacerdotibus
1756 3496 1900 3551 fieri.
1952 3503 2129 3552 Porro

481 3589 895 3655 Athanasium,
930 3593 987 3643 et
1015 3591 1276 3657 cieteros,
1311 3605 1457 3658 quos
1491 3587 1587 3643 ille
1620 3593 1683 3642 ut
1715 3587 2045 3643 sacerdotes
2074 3590 2132 3641 et

480 3680 761 3735 diaconos
792 3678 1079 3733 habuerat
1108 3678 1165 3731 in
1193 3677 1539 3742 ministerio,
1563 3676 1899 3733 convocatis
1928 3693 2131 3732 eorum

481 3768 844 3843 parentibus,
878 3768 988 3823 sub
1022 3767 1137 3823 Deo
1168 3771 1316 3823 teste
1346 3766 1601 3823 ecclesias
1624 3767 1884 3833 tradidit,
1918 3770 1983 3821 ut
2012 3765 2132 3821 illic

482 3857 874 3914 nutrirentur.

551 3948 777 4003 Modico
803 3947 1324 4017 itaqueltransacto
1350 3950 1632 4016 tempore,
1666 3960 1801 3999 cum
1828 3948 1885 3998 et
1907 3960 1939 3997 a
1965 3949 2131 3999 nota-

476 4034 565 4092 rio
588 4037 860 4107 perfecte,
887 4039 945 4089 et
969 4052 1001 4089 a
1024 4033 1413 4105 grammatico
1437 4032 1800 4089 sufﬁcienter
1820 4032 1931 4103 (45)
1953 4031 2129 4086 Atha-

476 4129 681 4183 nasius
704 4128 831 4197 jam
865 4125 1192 4180 instructus
1224 4130 1401 4193 esset,
1436 4125 1713 4180 continuo
1748 4122 1919 4194 quasi
1959 4123 2130 4178 ﬁdele

474 4216 810 4286 depositum
843 4214 966 4284 Dei,
1000 4214 1289 4270 sacerdoti
1321 4232 1353 4270 a
1380 4213 1744 4286 parentibus,
1769 4213 2040 4281 traditur,
2075 4217 2132 4269 et

473 4295 650 4350 veluti
681 4294 913 4349 Samuel
963 4295 1197 4365 quidem
1231 4296 1287 4349 in
1320 4295 1535 4365 templo
1578 4294 1857 4349 nutritur.
1891 4294 2129 4359 Quoties

474 4402 606 4440 vero
640 4383 960 4438 Alexander
993 4384 1049 4437 in
1084 4388 1383 4440 senectute
1414 4384 1482 4438 ad
1518 4382 1828 4455 episcopos
1863 4382 2130 4454 proficis-

475 4478 727 4537 ceretur,
743 4472 849 4527 iste
870 4473 1226 4543 sequebatur
1239 4490 1305 4528 eu
1318 4490 1369 4527 m
1382 4514 1395 4540 ,
1414 4473 1607 4529 ferens
1620 4472 1930 4528 sacerdotii
1949 4470 2129 4526 amic-

475 4568 625 4631 tum,
660 4561 760 4633 qui
789 4561 1073 4617 Hebraice
1098 4562 1510 4634 appellabatur
1540 4561 1766 4633 Ephod.

544 4670 730 4724 Tanta
755 4685 888 4725 vero
918 4674 974 4725 et
994 4675 1107 4725 tam
1126 4670 1403 4741 praeclara
1422 4676 1624 4725 contra
1639 4669 1940 4725 haereticos
1957 4667 2126 4723 Atha-

475 4758 622 4813 nasii
653 4758 713 4812 in
745 4764 950 4813 sancta
970 4759 1224 4814 Ecclesia
1251 4760 1409 4814 fuere
1431 4759 1772 4827 certamina,
1807 4757 2026 4812 utillud
2054 4756 2125 4811 de

472 4867 537 4906 eo
570 4848 855 4921 scriptum
892 4866 1021 4905 esse
1063 4851 1346 4917 videatur,
1381 4850 1535 4920 quod
1571 4849 1791 4904 dictum
1843 4852 1968 4903 est:
2000 4850 2123 4918 Ego

472 4940 783 4995 ostendam
817 4939 892 5007 ei,
910 4946 1129 5010 quanta
1162 4958 1263 5010 pro
1279 4940 1514 4995 nomine
1532 4956 1658 4994 meo
1674 4939 1841 4994 illum
1857 4942 2123 5009 oporteat

470 5029 605 5099 pati.
646 5028 793 5085 Nam
828 5028 884 5083 in
920 5030 1049 5097 ejus
1084 5029 1549 5100 persecutionem
1585 5032 1737 5083 totus
1763 5028 2123 5098 conspiravit

469 5117 648 5183 orbis,
674 5118 954 5173 commoti
985 5124 1124 5173 sunt
1151 5135 1315 5189 reges
1342 5122 1510 5173 terra:
1531 5122 1587 5173 et
1614 5122 1836 5187 gentes,
1863 5122 1918 5171 et
1944 5131 2123 5188 regna

468 5207 878 5277 exercitusque
910 5213 1115 5263 contra
1146 5208 1310 5263 illum
1345 5211 1766 5264 convenerunt.
1793 5211 1965 5261 Porro
1996 5209 2122 5279 ipse

469 5294 729 5350 divinum
747 5295 890 5351 illud
909 5296 1208 5368 eloquium
1235 5315 1403 5368 opere
1419 5296 1720 5368 implebat,
1744 5312 1854 5366 quo
1872 5295 2118 5351 dicitur:

467 5383 523 5437 Si
548 5384 877 5440 consistant
901 5387 971 5441 ad
992 5403 1224 5441 versum
1251 5403 1342 5441 me
1366 5391 1576 5451 castra,
1603 5402 1713 5440 non
1740 5384 1972 5439 timebit
1993 5402 2119 5441 cor-

471 5488 667 5527 meum
697 5491 709 5541 ;
745 5474 793 5529 si
827 5482 1101 5547 exsurgat
1132 5478 1446 5532 adversum
1479 5492 1572 5531 me
1605 5474 1895 5547 prmlium,
1920 5475 1977 5530 in
2010 5476 2121 5532 hoc

467 5576 573 5631 ego
598 5561 845 5631 sperabo
875 5564 1059 5632 (Psal.
1093 5565 1270 5636 xxvx).
1305 5564 1451 5619 Vere
1482 5563 1639 5617 enim
1672 5567 1833 5617 tanta
1861 5561 2022 5619 illius
2053 5580 2120 5620 ac

465 5646 611 5704 talia
637 5648 907 5705 feruntur
935 5666 1132 5723 opera,
1173 5656 1239 5708 ut
1270 5649 1615 5725 magnitudo
1650 5649 1890 5722 quidem
1923 5667 2119 5708 rerum

2257 1931 2378 2002 piat
2409 1931 2574 1986 illum
2612 1932 2781 1985 Deus.
2810 1931 2880 1985 Et
2910 1930 3231 2001 respondit.
3265 1927 3504 1986 dicens:
3537 1932 3750 1986 Audivi
3793 1932 3912 1986 ali-

2254 2022 2490 2092 quando
2523 2037 2555 2073 a
2586 2018 2916 2075 senioribus
2941 2020 3155 2073 nostris
3187 2020 3341 2089 quod
3368 2021 3535 2074 beato
3557 2024 3727 2075 Petro
3751 2021 3910 2091 epis-

2252 2125 2393 2180 copo
2415 2112 2471 2164 et
2495 2109 2756 2179 martyri,
2781 2123 2914 2163 cum
2935 2106 3083 2162 facta
3101 2114 3255 2162 esset
3275 2106 3621 2174 mortalitas,
3645 2114 3702 2164 et
3725 2109 3910 2182 pleri-

2252 2217 2365 2271 que
2380 2201 2447 2254 ad
2468 2199 2765 2270 baptisma
2780 2197 2984 2254 mortis
2998 2198 3205 2253 timore
3219 2201 3600 2270 confugerent
3615 2217 3909 2271 apparue-

2251 2290 2589 2361 ritAngelus
2605 2289 2863 2343 humana
2878 2287 3093 2359 specie,
3109 2287 3329 2343 dicens:
3346 2288 3613 2351 Quandiu
3630 2289 3907 2347 hucmit-

2248 2379 2373 2434 titis
2406 2379 2709 2449 marsupia
2738 2378 2873 2446 ista,
2912 2377 3142 2448 signata
3173 2377 3432 2448 quidem,
3477 2378 3671 2434 inanis
3701 2387 3907 2436 autem

2248 2485 2491 2540 prorsus
2514 2472 2568 2522 et
2591 2483 2789 2536 vacua,
2813 2471 2867 2521 et
2894 2465 3039 2520 nihil
3064 2466 3223 2521 intus
3241 2465 3514 2520 habentia
3534 2466 3560 2521 ‘2
3582 2468 3764 2522 Erunt
3781 2469 3905 2524 ita-

2246 2574 2382 2628 que,
2413 2561 2698 2630 quantum
2718 2573 2785 2611 ex
2806 2554 2995 2628 angeli
3015 2571 3147 2611 voce
3167 2556 3453 2626 conjicere
3478 2556 3632 2625 licet,
3657 2558 3903 2629 signum

2247 2648 2532 2702 habentes
2566 2646 2868 2717 baptismi,
2902 2646 3177 2716 quoniam
3205 2654 3261 2700 et
3286 2646 3633 2702 beneﬁcium
3662 2646 3904 2719 aliquod

2246 2736 2658 2791 existimarunt
2689 2751 2750 2789 se
2781 2733 3084 2805 consequi,
3112 2732 3162 2789 si
3187 2733 3483 2805 baptisma
3505 2735 3904 2807 susciperent,

2245 2832 2419 2896 atque
2449 2825 2666 2880 idcirco
2699 2821 2977 2893 baptizati
3010 2822 3119 2893 (46)
3153 2828 3311 2877 sunt.

2815 2912 3041 2967 CAPUT
3082 2911 3318 2969 CXCIV.

2244 2986 2452 3043 Relalio
2477 2985 2540 3040 de
2570 3000 2696 3040 sene
2718 2984 2952 3056 quodam
2981 2983 3261 3054 simplice,
3294 3002 3390 3055 qui
3420 3001 3546 3041 cum
3576 3002 3901 3044 sacramen-

2599 3067 2712 3111 tum
2755 3057 2991 3127 offerret,
3039 3059 3260 3124 angelos
3300 3057 3532 3112 videbat.

2312 3144 2579 3200 Narravit
2628 3144 2866 3216 quidam
2915 3143 3174 3213 Patrum,
3223 3147 3372 3216 quod
3422 3163 3598 3202 senex
3647 3148 3899 3218 quidam

2246 3236 2499 3290 mundus
2514 3239 2568 3290 et
2584 3239 2822 3289 sanctus
2846 3233 3122 3302 existens,
3147 3251 3279 3290 cum
3304 3235 3536 3292 offerret
3556 3254 3900 3294 sacramen-

2239 3330 2301 3380 tu
2313 3342 2389 3393 m,
2407 3325 2641 3379 videbat
2656 3323 2891 3394 angelos
2906 3324 3017 3379 sibi
3036 3325 3235 3380 dextra
3250 3324 3425 3398 lasvaq
3437 3343 3506 3381 ue
3521 3327 3895 3385 assistentes.

2240 3416 2414 3471 Porro
2449 3414 2542 3469 hic
2574 3413 2962 3484 ab.b:ereticis
2993 3414 3451 3470 consecrationis
3485 3416 3662 3471 ritum
3688 3434 3893 3489 perce-

2240 3508 2423 3576 perat,
2456 3508 2512 3557 et
2540 3501 2719 3555 veluti
2740 3500 2985 3571 simplex
3016 3507 3071 3556 et
3099 3502 3258 3557 rudis
3283 3502 3607 3558 divinorum
3634 3505 3894 3577 dogma-

2240 3598 2391 3659 tum,
2424 3592 2660 3664 quando
2695 3591 2989 3659 offerebat,
3024 3591 3081 3645 in
3116 3591 3492 3663 simplicitate
3523 3601 3577 3649 et
3607 3595 3902 3652 innocen-

2240 3685 2322 3739 tia
2350 3684 2581 3739 dicebat
2612 3699 2738 3753 qua:
2768 3699 2881 3736 non
2911 3682 3194 3737 decebant
3226 3684 3550 3738 secundum
3584 3688 3808 3742 rectam
3830 3686 3905 3741 ﬁ-

2240 3776 2395 3843 dem,
2420 3775 2697 3844 ignorans
2728 3771 2897 3849 quod
2920 3770 3235 3827 falleretur.

2312 3861 2687 3917 Perdivinam
2703 3859 3390 3932 igiturdispensationem
3408 3863 3659 3934 perrexit
3675 3864 3747 3919 ad
3765 3880 3904 3920 eum

2241 3953 2521 4007 diaconus
2538 3950 2773 4021 quidam
2794 3948 3188 4021 peritissimus
3207 3950 3533 4006 divinorum
3549 3953 3904 4023 dogmatum

2239 4042 2493 4111 Contigit
2527 4049 2719 4095 autem
2744 4044 3011 4095 sanctum
3039 4056 3259 4109 senem,
3287 4046 3571 4112 praesente
3596 4041 3693 4097 illo
3715 4043 3909 4098 sacri-

2242 4132 2435 4187 ﬁcium
2471 4131 2692 4186 oﬁerre.
2718 4129 2871 4184 Dixit
2896 4134 3090 4185 autem
3112 4130 3161 4184 ei
3191 4130 3473 4186 diaconus
3498 4147 3511 4185 :
3533 4132 3741 4198 Verba,
3770 4151 3906 4204 qua:

2212 4221 2298 4277 in
2330 4220 2625 4277 offerendo
2659 4219 2877 4285 dixisti,
2905 4224 3072 4274 rectae
3104 4219 3238 4274 ﬁdei
3266 4237 3376 4276 non
3403 4225 3564 4287 sunt,
3590 4223 3689 4277 sed
3717 4222 3911 4279 haere-

2237 4313 2485 4367 ticorum
2521 4319 2577 4366 et
2612 4328 2793 4383 pravae
2814 4310 3108 4383 opinionis
3132 4310 3458 4367 hominum.
3493 4314 3674 4369 Senex
3695 4320 3904 4371 autem

2238 4401 2559 4467 conﬁdens,
2593 4399 2870 4472 quoniam
2894 4399 3127 4455 videbat
3157 4401 3395 4473 angelos
3417 4402 3556 4457 dum
3591 4404 3903 4473 offerebat,

2238 4506 2355 4545 non
2377 4488 2630 4544 intendit
2653 4488 2746 4543 his
2766 4505 2892 4559 quae
2916 4488 3261 4543 dicebautur
3278 4508 3309 4544 a
3336 4491 3604 4559 diacono,
3628 4492 3727 4548 sed
3755 4509 3904 4548 con-

2154 4561 2201 4625 D
2234 4577 2497 4650 tempsit.
2521 4576 2815 4633 Diaconus
2833 4580 3026 4631 autem
3046 4578 3418 4648 persistehat,
3444 4578 3674 4635 dicens:
3711 4580 3907 4635 Falle-

2240 4666 2341 4733 ris,
2381 4666 2572 4734 abba;
2608 4682 2722 4721 non
2753 4666 2910 4720 enim
2947 4666 3205 4720 admittit
3248 4668 3392 4722 ﬁdes
3440 4667 3730 4724 catholica
3777 4670 3908 4726 ista

2237 4773 2369 4828 quae
2401 4756 2571 4819 dicis,
2606 4772 2791 4823 neque
2823 4760 3009 4810 mater
3038 4755 3315 4811 Ecclesia.
3342 4753 3483 4812 Cu‘m
3518 4763 3710 4813 autem
3737 4760 3907 4815 vide-

2239 4850 2327 4901 ret
2358 4844 2589 4900 diaconi
2621 4845 3013 4900 constantiam
3048 4845 3104 4899 in
3140 4861 3201 4902 se
3233 4848 3531 4918 arguendo
3572 4864 3773 4916 senex,
3807 4854 3907 4905 at-

2240 4951 2350 5006 que
2367 4935 2422 4988 in
2445 4933 2737 4989 oblatione
2755 4926 2994 4990 salutari
3022 4941 3254 4992 sanctos
3271 4936 3529 5009 angleos,
3550 4942 3614 4992 ut
3638 4955 3904 4995 consue-

2236 5029 2417 5094 verat,
2445 5025 2793 5095 intueretur,
2830 5025 2910 5081 ait
2940 5026 3024 5081 eis
3061 5044 3073 5081 :
3107 5026 3398 5082 Diaconus
3430 5030 3539 5083 iste
3573 5028 3718 5083 mihi
3765 5028 3905 5087 haec

2231 5120 2287 5170 et
2318 5113 2433 5169 ista
2466 5114 2648 5168 dicit:
2678 5115 2973 5184 quomodo
3007 5131 3067 5170 se
3096 5115 3250 5171 928
3285 5116 3459 5172 habet
3488 5117 3700 5173 veritas
3721 5117 3749 5172 ?
3782 5118 3904 5174 Di-

2232 5206 2375 5258 cunt
2406 5201 2458 5257 ei
2494 5202 2682 5275 angeli
2710 5219 2723 5257 :
2758 5202 3044 5259 Ausculta
3079 5204 3151 5270 ei,
3185 5221 3318 5260 nam
3344 5221 3478 5260 vera
3519 5206 3809 5277 loquitur,
3842 5214 3908 5265 et

2232 5296 2385 5348 recte
2406 5291 2518 5346 ista
2540 5292 2939 5363 prosequitur.
2965 5292 3121 5347 Dixit
3143 5298 3336 5350 autem
3354 5294 3439 5350 eis
3462 5312 3637 5351 senex
3661 5312 3675 5350 :
3697 5297 3907 5360 Quare

2230 5399 2331 5436 vos
2366 5398 2478 5436 non
2510 5381 2745 5437 dixistis
2774 5382 2965 5437 mihi?
2997 5382 3281 5439 Dixerunt
3301 5389 3494 5440 autem
3530 5384 3613 5439 illi
3647 5385 3903 5457 angeli:

2230 5473 2387 5528 Deus
2420 5471 2501 5526 ita
2532 5472 2843 5544 disposuit,
2878 5477 2942 5527 ut
2969 5489 3173 5530 omnes
3209 5476 3281 5530 ab
3325 5475 3665 5531 hominibus
3696 5477 3903 5531 corri-

2230 5563 2466 5633 gantur.
2528 5560 2599 5616 Et
2630 5563 2702 5617 ab
2759 5578 2825 5617 eo
2866 5566 3129 5634 tempore
3178 5569 3473 5620 correctus
3522 5568 3610 5620 est
3657 5565 3900 5637 gratias

2231 5665 2413 5723 agens
2446 5649 2562 5707 Deo
2594 5655 2652 5706 et
2682 5650 2867 5707 fratri.
