4092 6324
228 380 329 435 229

850 502 1084 559 CAPUT
1110 499 1219 559 C3.

228 592 485 665 Quomodo
513 592 723 662 iuveni:
748 592 979 719 aurifo
1007 610 1040 719 (ἶ
1068 594 1187 647 viro
1212 592 1454 664 patricio
1484 593 1553 647 sit
1584 593 1645 647 in
1682 592 1864 663 ﬁlium

877 682 908 719 a
949 681 1014 735 ορ
1043 673 1191 720 atus.

287 754 546 811 Narravit
562 753 729 810 nobis
742 753 979 825 quidem
996 760 1323 811 sanctorum
1340 755 1576 809 Patrum
1589 753 1863 824 ,quodju-

226 846 373 901 venis
392 845 629 916 quidam
646 844 984 916 ingeniosus
998 861 1057 900 se
1076 844 1146 898 ad
1162 844 1463 899 auriﬁcem
1493 860 1596 915 pro
1632 843 1864 896 discen-

229 936 294 991 da
321 938 440 989 arte
471 933 807 1003 contulerit,
840 950 1017 1004 quam
1051 934 1192 988 dum
1218 932 1462 988 solerter
1509 931 1861 996 addisceret,

230 1040 370 1080 unus
400 1039 468 1079 ex
496 1022 756 1095 patriciis
784 1023 1043 1093 iniunxit
1072 1023 1239 1093 ei,jut
1260 1038 1491 1077 crucem
1517 1036 1755 1076 auream
1781 1018 1863 1072 la-

231 1113 452 1185 pidibus
476 1111 744 1183 pretiosis
758 1117 1022 1167 ornatam
1042 1112 1483 1183 facerent,quod
1511 1109 1668 1165 illam
1684 1107 1866 1165 eccle-

228 1203 315 1257 sias
344 1202 593 1259 oﬁ'erret.
619 1202 979 1274 thuoniam
1009 1201 1175 1257 valde
1200 1202 1544 1273 ingeniosus
1572 1205 1698 1255 erat
1719 1200 1867 1253 ado-

226 1290 843 1358 lescens,injunxitilli
868 1291 1152 1362 magister
1180 1291 1310 1361 ejus
1342 1290 1398 1344 id
1459 1306 1628 1361 opus.
1686 1286 1867 1359 Cmpit

227 1399 350 1454 ergo
378 1380 723 1436 adolescens
754 1380 1014 1452 cogitare
1073 1380 1228 1435 intra
1260 1396 1321 1435 se
1374 1378 1566 1435 dicere
1593 1395 1605 1434 :
1666 1378 1727 1433 Si
1760 1377 1871 1432 iste

228 1476 403 1525 tantas
433 1468 604 1523 offert
624 1470 905 1541 pecunias
926 1468 1177 1537 Christo,
1217 1485 1323 1523 cur
1356 1485 1468 1524 non
1502 1474 1559 1523 et
1582 1483 1687 1539 ego
1714 1482 1868 1521 mer-

229 1560 409 1616 cedem
443 1574 640 1614 meam
661 1558 721 1613 in
741 1558 912 1613 istam
932 1574 1165 1614 crucem
1189 1558 1507 1620 conferam,
1528 1562 1592 1612 ut
1608 1572 1735 1611 eam
1756 1555 1869 1610 mi~

232 1649 303 1713 bi,
323 1654 607 1718 tanquam
630 1648 745 1701 duo
769 1648 998 1701 minuta
1019 1646 1229 1713 viduae,
1254 1651 1551 1716 computet
1572 1645 1875 1700 Christus?

231 1735 687 1807 Cegitansigitur
708 1740 994 1806 quantum
1023 1736 1307 1791 mercedis
1324 1739 1477 1790 esset
1501 1739 1870 1806 accepturus,

235 1830 517 1879 mutuatur
536 1824 619 1891 id,
646 1828 702 1879 et
726 1824 783 1879 in
810 1840 1041 1880 crucem
1062 1824 1259 1881 mittit.
1280 1825 1532 1881 Veniens
1557 1826 1755 1893 itaque
1770 1839 1872 1893 pa-

235 1914 418 1969 tricius
440 1914 731 1985 ponderat
760 1929 1018 1981 crucem,
1053 1914 1396 1986 priusquam
1433 1915 1487 1969 in
1512 1914 1614 1969 illa
1644 1912 1871 1984 lapides

234 2002 1031 2075 includerentur,invenitque
1049 2002 1177 2075 plus
1192 2003 1404 2058 habere
1420 2003 1693 2076 ponderis
1708 2017 1878 2073 quam

236 2092 1018 2162 constituerat.Ccepititaque
1035 2092 1316 2146 minitans
1332 2108 1538 2164 urgere
1552 2090 1877 2147 adolescen-

234 2186 351 2248 tem,
380 2181 547 2252 quasi
571 2181 838 2235 fraudem
855 2180 1447 2253 fecisset,aurumque
1464 2182 1873 2236 adulterasset.

231 2271 374 2325 Tunc
391 2270 471 2325 ait
504 2269 593 2324 illi
623 2269 1010 2325 adolescens:
1054 2270 1225 2326 Novit
1272 2270 1371 2326 ille
1419 2271 1520 2343 qui
1549 2270 1714 2326 solus
1747 2286 1877 2324 cor-

233 2358 375 2414 dium
406 2365 712 2414 scrutatur
727 2376 960 2426 arcana,
991 2360 1130 2431 quia
1154 2358 1298 2414 nihil
1324 2359 1438 2414 tale
1473 2360 1723 2415 feci.Sed
1748 2374 1876 2413 cum

234 2447 466 2502 viderem
484 2452 541 2502 te
554 2452 788 2502 tantum
803 2448 1187 2520 pecuniarum
1200 2448 1433 2504 Christo
1453 2449 1694 2503 Domino
1708 2448 1877 2502 obtu-

234 2536 373 2603 lisse,
409 2536 666 2609 cogitavi
693 2536 1014 2592 immittere
1037 2539 1364 2593 mercedem
1392 2554 1600 2603 meam,
1622 2542 1685 2591 ut
1702 2543 1875 2605 etego

235 2630 436 2695 partem
461 2626 719 2681 habeam
744 2630 1155 2699 tecum,utque
1182 2642 1274 2682 me
1299 2626 1587 2699 suscipiat
1608 2626 1877 2682 Christus

236 2715 723 2785 quemadmodum
739 2715 854 2770 duo
873 2714 1296 2771 minutaviduae
1311 2715 1471 2770 illius
1486 2715 1729 2787 accepit.
1746 2718 1879 2768 Stu-

238 2803 485 2873 pefactus
517 2803 621 2859 ille
648 2805 1036 2875 dixitjuveni:
1064 2805 1245 2873 Itane,
1274 2806 1374 2869 fili,
1425 2804 1725 2877 cogitasti?
1783 2804 1881 2859 Ait

238 2891 338 2946 ille:
374 2893 451 2947 Ita
481 2908 652 2947 sane.
681 2892 967 2948 Patricius
998 2909 1130 2948 vero
1160 2894 1305 2948 dixit
1326 2894 1431 2948 illi:
1482 2893 1767 2957 Quoniam
1801 2893 1881 2947 ita

239 2981 820 3053 cogitasti,totarque
838 2982 1196 3037 voluntatem
1213 2988 1369 3039 tuam
1381 2982 1644 3038 obtulisti
1660 2982 1883 3037 Christo

237 3069 417 3125 volens
442 3071 665 3126 habere
698 3076 922 3142 partem
958 3087 1212 3141 mecum,
1248 3089 1379 3128 ecce
1401 3089 1470 3127 ex
1488 3072 1769 3127 hodierna
1790 3070 1881 3126 die

242 3150 483 3222 suscipio
506 3156 563 3206 te
588 3150 737 3205 mihi
759 3152 817 3205 in
834 3150 1465 3223 filium,ba3redemque
1485 3151 1882 3208 constituo.Et

1520 376 1820 432 PRATUM
1861 374 2317 433 BPIRITUALE.

1904 1874 1952 1941 B

3518 382 3625 438 230

1887 500 1938 566 Α
2041 504 2175 557 Erat
2205 510 2397 558 autem
2424 503 2573 559 alius
2595 505 2832 575 quidam
2850 504 3211 574 divesvalde;
3229 507 3619 579 etprimarius

1970 587 2193 647 habens
2218 609 2453 648 uxorem
2479 592 2705 650 ﬁdelem
2727 593 3053 661 Christo,et
3075 596 3378 653 timentem
3420 599 3618 655 Domi-

1973 680 2396 746 num,habebat
2415 688 2608 737 autem
2630 690 2685 738 et
2710 684 2889 738 tiliam
2924 686 3338 741 unicam.Dixit
3359 704 3495 759 ergo
3521 690 3620 745 illa

1972 768 2094 823 viro
2126 786 2253 825 suo:
2278 771 2630 827 lIancsolam
2656 772 2940 829 habemus
2964 774 3456 848 ﬁliam,tantaque
3472 779 3623 835 bona

1976 858 2147 913 nobis
2177 857 2423 930 largitus
2480 869 2564 915 est
2597 865 2769 927 Deus;
2795 864 2964 932 cujus
2994 880 3131 934 ergo
3166 865 3247 919 rei
3283 866 3534 938 indiget?
3564 868 3624 923 Si

1977 946 2712 1015 quaesierimusdareillam
2732 950 3220 1022 alicuiprimario,
3246 955 3499 1023 etdiviti,
3527 958 3627 1028 qui

1979 1051 2091 1089 non
2126 1036 2201 1091 sit
2222 1036 2389 1091 bonis
2414 1038 2699 1107 moribus,
2722 1039 2941 1111 afﬂiget
2961 1057 3087 1096 eam
3112 1058 3362 1114 semper.
3398 1047 3629 1111 Quaera-

1982 1142 2113 1179 mus
2137 1125 2219 1179 illi
2241 1128 2431 1182 virum
2456 1128 2763 1196 humilem,
2784 1135 2839 1185 et
2866 1131 3166 1186 timentem
3192 1133 3503 1190 Dominum
3530 1136 3629 1205 qui

1979 1216 2305 1270 secundum
2326 1218 2508 1272 Deum
2530 1217 2688 1273 illam
2714 1218 2919 1290 diligat
2938 1225 2994 1274 et
3010 1221 3212 1276 foveat.
3233 1223 3499 1287 Quidixit
3523 1226 3627 1280 illi:

1980 1303 2155 1359 Recte
2178 1305 2399 1362 dixisti.
2436 1311 2613 1379 Perge
2638 1324 2775 1380 ergo
2800 1310 2856 1363 in
2889 1309 3219 1381 ecclesiam,
3245 1317 3301 1368 et
3323 1330 3423 1368 ora
3442 1315 3630 1369 inten-

1979 1394 2226 1465 tissime,
2258 1398 2431 1466 atque
2462 1396 2580 1452 illic
2614 1399 2821 1467 reside,
2854 1403 2909 1453 et
2941 1398 3040 1470 qui
3074 1399 3300 1471 primus
3331 1403 3631 1474 ingressus

1982 1483 2177 1549 fuerit,
2213 1485 2307 1539 hic
2368 1485 2513 1540 illia
2562 1488 2803 1542 Domino
2865 1488 3082 1543 missus
3134 1506 3413 1561 sponsus.
3478 1493 3635 1548 Fecit

1982 1572 2163 1643 igitur
2196 1576 2536 1645 utjusserat
2558 1575 2643 1630 vir
2663 1577 2813 1646 ejus;
2838 1592 3091 1649 cumque
3122 1586 3366 1649 orasset,
3391 1587 3446 1637 et
3468 1584 3631 1638 sede-

1983 1666 2087 1727 ret,
2121 1662 2425 1733 ingressus
2449 1682 2579 1720 sum
2601 1681 2703 1733 ego
2720 1666 3362 1741 primus.Mittensergo
3387 1670 3484 1727 illa
3506 1690 3629 1728 ser-

1980 1768 2115 1806 vum
2151 1769 2344 1819 suum,
2378 1755 2653 1809 continuo
2678 1756 2984 1811 accersivit
3003 1760 3426 1832 me,cmpitque
3450 1762 3630 1817 inter-

1986 1857 2213 1913 rogare,
2245 1842 2481 1898 dicens:
2517 1842 2679 1899 Unde
2712 1860 2772 1900 es
2797 1844 2824 1899 ?
2859 1846 2973 1917 Ego
3006 1851 3202 1902 autem
3236 1849 3354 1903 dixi
3389 1850 3471 1905 illi
3508 1870 3521 1907 :
3551 1852 3630 1907 Ex

1985 1931 2089 1986 hac
2120 1932 2648 1988 civitatesumtalis
2674 1933 2848 1989 filius.
2880 1934 3032 1989 Dixit
3057 1942 3248 1992 autem
3277 1940 3441 1995 mihi:
3470 1941 3632 1997 Illius

1985 2020 2455 2090 eleemosynarii?
2476 2023 2542 2077 Et
2565 2022 2703 2078 dixi:
2732 2027 2816 2078 Ita
2837 2024 2997 2079 illius
3031 2042 3160 2081 sum
3187 2027 3532 2085 filius.Tunc
3554 2031 3636 2086 ait

1986 2109 2149 2164 mihi:
2184 2112 2375 2166 Habes
2407 2112 2675 2167 uxorem?
2698 2113 2766 2168 Et
2796 2113 2933 2169 dixi:
2978 2114 3124 2171 Non.
3158 2116 3519 2191 Narravique
3547 2120 3633 2175 illi

1986 2213 2113 2269 quas
2139 2199 2283 2253 mihi
2304 2200 2529 2255 dixerat
2550 2204 2709 2271 pater
2735 2218 2922 2263 meus,
2947 2207 3003 2257 et
3028 2220 3157 2273 quas
3188 2220 3290 2275 ego
3316 2210 3631 2278 responde-

1986 2303 2112 2342 ram
2145 2289 2277 2360 ipsi.
2309 2289 2410 2344 Illa
2439 2306 2572 2345 vero
2605 2290 2937 2360 gloriﬁcans
2969 2293 3305 2364 Dominum,
3353 2298 3455 2353 ait:
3488 2299 3632 2355 Ecce

1986 2375 2175 2432 bonus
2208 2384 2439 2434 curator
2453 2384 2590 2435 tuus
2613 2380 2889 2435 misittibi
2906 2398 3166 2450 uxorem,
3190 2390 3248 2438 et
3263 2388 3635 2455 pecunias,ut

1987 2470 2173 2525 utaris
2191 2468 2453 2540 utrisque
2467 2486 2601 2524 cum
2626 2470 2833 2525 timore
2853 2471 3267 2544 Dei.Deditque
3283 2475 3426 2530 mihi
3454 2477 3635 2533 filiam

1988 2574 2153 2613 suam
2186 2563 2243 2612 et
2287 2558 2588 2627 pecunias.
2626 2562 2740 2630 Ego
2786 2564 2979 2613 autem
3014 2576 3114 2615 oro
3165 2566 3229 2615 ut
3288 2564 3470 2634 patris
3523 2565 3637 2621 mei

1996 2648 2145 2702 viam
2180 2662 2365 2718 usque
2396 2648 2455 2702 in
2496 2648 2672 2703 finem
2704 2652 2961 2703 teneam.

2595 2766 2830 2822 CAPUT
2873 2767 3029 2822 CCII.

2132 2856 2249 2911 Vita
2271 2855 2455 2912 Aliiba'
2482 2858 2758 2911 secuturis
2785 2855 3025 2910 hominis
3045 2858 3173 2925 ﬁlii,
3205 2861 3355 2914 servi
3383 2862 3498 2917 Dei.

2057 2955 2210 3011 929
2244 2954 2511 3009 Narravit
2566 2953 2780 3025 aliquis
2840 2954 3103 3021 Patrum,
3137 2959 3291 3027 quod
3345 2960 3643 3016 saecularis

1992 3044 2232 3116 quidam
2260 3042 2530 3097 habuerit
2550 3042 2734 3097 lilium
2754 3044 3305 3116 pium,religiosum,
3328 3048 3635 3121 virginem,

1994 3141 2047 3189 et
2080 3133 2150 3188 ab
2184 3132 2329 3203 ipsis
2352 3132 2522 3186 annis
2554 3131 2875 3203 puerilibus
2898 3134 3270 3191 continentiae
3298 3154 3487 3193 rerum
3514 3156 3642 3195 om-

238 3240 546 3312 assumpsit
575 3256 715 3296 eum
747 3256 967 3307 secum,
984 3246 1160 3312 atque
1181 3222 1467 3298 heredem
1488 3257 1661 3297 suum
1686 3240 1840 3296 fecit.

1994 3223 2153 3276 nium
2172 3222 2657 3291 assuetum,adeo
2675 3228 2738 3275 ut
2760 3222 3089 3292 vinumjam
3125 3242 3237 3279 non
3272 3227 3646 3284 biberet.Ha-

862 3329 1085 3385 CAPUT
1116 3330 1246 3385 CCI.

241 3417 351 3473 Vita
368 3418 479 3473 viri
498 3420 1105 3489 Constantinopolitani
1116 3418 1577 3482 nobilissimimui
1593 3424 1753 3491 pater
1774 3436 1859 3476 m0
1872 3449 1885 3463 -

268 3492 406 3544 riens
435 3492 737 3545 Dominum
766 3493 947 3547 Iesum
979 3491 1256 3546 Christum
1286 3492 1511 3563 reliquit
1534 3498 1849 3548 curatorem

302 3579 567 3635 Narravit
582 3580 824 3651 quidam
840 3586 1100 3642 Patrum,
1115 3581 1338 3637 dicens:
1357 3582 1601 3637 Ascendi
1620 3581 1887 3651 aliquan-

245 3668 307 3723 do
322 3669 892 3741 Constantinopolim
925 3670 1234 3740 cujusdam
1270 3670 1639 3726 necessitatis
1668 3671 1885 3741 gratia;

249 3773 484 3830 cumque
517 3760 577 3814 in
614 3759 859 3814 ecclesia
878 3760 1164 3826 sederem,
1190 3760 1498 3833 ingressus
1528 3766 1616 3816 est
1646 3760 1889 3832 quidam

246 3847 816 3916 sacularis,maxime
830 3847 1073 3904 illustris
1089 3853 1265 3921 atque
1282 3849 1681 3905 fidelissimus.
1696 3850 1746 3904 Is
1760 3865 1895 3904 cum

246 3939 552 4009 aspexisset
568 3956 682 4006 me,
704 3941 984 3995 accedens
999 3940 1274 3996 salutavit
1288 3958 1419 3996 cum
1448 3941 1609 3996 omni
1632 3940 1885 3996 charita-

246 4025 313 4081 tis
341 4028 550 4085 ofﬁcio.
586 4029 659 4083 Et
689 4034 819 4099 post
844 4028 1256 4085 salutationem
1297 4030 1449 4085 sedit
1486 4032 1657 4100 juxta
1690 4046 1800 4096 me,
1834 4031 1891 4083 et

251 4116 407 4188 ccepit
428 4117 797 4189 interrogare
822 4118 893 4173 de
923 4118 1016 4174 his
1044 4134 1170 4189 quae
1204 4118 1498 4190 pertinent
1549 4119 1621 4174 ad
1677 4118 1888 4173 animm

253 4204 786 4278 salutem.Cumque
816 4223 920 4279 ego
955 4208 1035 4262 illi
1060 4208 1314 4264 dicerem
1347 4209 1502 4280 quod
1537 4208 1629 4263 his
1656 4207 1757 4279 qui
1781 4208 1891 4263 rite

250 4297 463 4351 terrena
484 4294 827 4368 disponunt,
857 4296 1115 4352 caelestia
1136 4313 1370 4368 quoque
1391 4297 1704 4352 donantur:
1740 4297 1889 4352 Bene

249 4382 446 4456 inquit,
478 4390 669 4459 pater,
703 4386 1076 4441 dixisti.Nain
1099 4404 1229 4442 vere
1251 4388 1457 4443 beatus
1480 4387 1697 4459 est,qui
1722 4403 1888 4457 spem

250 4486 400 4528 suam
436 4476 496 4529 in
526 4479 710 4530 Deum
737 4475 921 4546 ponit,
945 4480 1001 4530 et
1030 4492 1091 4530 se
1125 4477 1316 4547 ipsum
1361 4480 1549 4530 totum
1573 4474 1891 4530 committit

246 4558 371 4616 Deo.
403 4563 472 4619 Et
494 4563 751 4619 dicebat:
788 4565 905 4636 Ego
938 4564 1093 4620 filius
1126 4564 1209 4619 fui
1240 4566 1553 4635 cujusdam
1587 4564 1888 4621 saecularis

249 4648 416 4719 gloria
436 4652 1125 4710 clarissimi.Eratautem
1140 4653 1263 4726 ipse
1280 4660 1443 4725 pater
1458 4671 1624 4710 meus
1637 4654 1886 4710 eleemo-

251 4740 397 4809 synis
418 4742 677 4797 maxime
694 4743 949 4809 deditus,
966 4747 1022 4797 et
1046 4742 1299 4814 plurima
1318 4742 1675 4815 pauperibus
1692 4742 1888 4798 distri-

250 4828 469 4887 buebat.
496 4833 601 4888 Die
629 4848 765 4905 ergo
788 4834 1044 4905 quadam
1068 4834 1484 4903 vocavitme,et
1499 4834 1759 4891 ostendit
1782 4832 1891 4888 mi-

259 4916 311 4972 hi
338 4936 540 4977 omnes
555 4923 853 4994 pecunias,
888 4923 1108 4978 dicens:
1128 4923 1401 4995 Fili,quid
1420 4922 1523 4978 tibi
1538 4923 1761 4995 gratius
1778 4927 1888 4991 est,

257 5007 615 5065 utdimittam
640 5010 745 5066 tibi
769 5010 1050 5083 pecunias
1076 5012 1324 5079 istas,an
1348 5012 1643 5067 Christum
1661 5019 1895 5068 curato—

254 5085 587 5153 remtuum?
635 5100 773 5172 Ego,
822 5116 953 5155 cum
977 5100 1269 5172 placerent
1294 5101 1435 5157 mihi
1463 5119 1587 5173 qua
1622 5101 1889 5167 faciebat,

256 5188 511 5256 respondi
548 5205 641 5244 me
670 5189 970 5245 Christum
997 5190 1187 5245 malle.
1210 5192 1321 5246 Ista
1340 5191 1495 5246 enim
1529 5190 1722 5245 omnia
1748 5206 1891 5260 prae-

256 5274 492 5347 tereunt,
526 5282 584 5333 et
606 5278 776 5334 hodie
805 5283 963 5347 sunt,
998 5285 1055 5334 et
1085 5297 1215 5336 cras
1242 5298 1355 5336 non
1382 5280 1583 5337 erunt?
1623 5280 1893 5335 Christus

262 5366 443 5419 autem
465 5367 1056 5422 manetinaaternum.
1080 5368 1242 5432 Quod
1277 5367 1371 5423 ille
1417 5384 1551 5424 cum
1606 5368 1889 5437 audisset,

260 5451 575 5523 omniajam
590 5453 771 5511 libere
784 5462 840 5511 et
856 5454 1021 5527 larga
1044 5473 1220 5513 manu
1238 5457 1594 5530 pauperibus
1613 5456 1893 5529 erogabat

262 5535 333 5593 ita
346 5544 405 5595 ut
426 5543 680 5601 moriens
696 5562 879 5617 pauca
893 5546 1212 5601 admodum
1230 5548 1373 5601 mihi
1388 5546 1893 5619 relinqueret.Ego

260 5630 574 5701 autemjam
589 5634 1905 5709 panperell‘ectus,humilisprocedebam,spem

262 5730 443 5777 meam
472 5720 696 5782 habens
726 5724 787 5781 in
817 5724 1138 5795 Christum,
1171 5726 1266 5783 cui
1292 5743 1387 5784 me
1415 5725 1513 5784 ille
1557 5725 1894 5799 reliquerat.

1993 3310 2163 3366 bebat
2191 3315 2387 3366 autem
2406 3310 2462 3363 in
2488 3310 2632 3365 votis
2666 3310 2866 3365 sedere
2889 3312 2945 3366 in
2973 3311 3311 3371 solitudine:
3338 3321 3501 3387 pater
3522 3334 3654 3374 vero

1997 3400 2127 3469 ejus
2158 3397 2387 3454 volebat
2418 3397 2583 3452 illum
2618 3398 2816 3454 saeculi
2839 3398 3095 3471 obligare
3128 3403 3398 3474 negotiis,
3460 3422 3650 3477 neque

2001 3496 2267 3562 poterat;
2305 3507 2439 3545 nam
2476 3490 2581 3544 hoc
2609 3489 2707 3545 ille
2740 3491 2981 3546 minime
3012 3493 3360 3564 patiebatur.
3394 3497 3569 3552 Erant
3595 3503 3652 3554 et

2000 3579 2085 3634 illi
2102 3579 2197 3635 alii
2215 3579 2610 3650 fratrees,ipse
2633 3585 2826 3635 autem
2845 3583 3032 3652 major
3046 3589 3185 3639 natu
3202 3602 3293 3640 om
3306 3586 3647 3644 nibus.Cum

1999 3676 2195 3727 autem
2212 3671 2370 3726 illius
2386 3671 2679 3726 institutio
2695 3689 2727 3726 a
2753 3672 2935 3743 patris
2957 3674 3254 3731 voluntate
3276 3683 3430 3733 esset
3452 3696 3646 3735 remo-

1999 3761 2125 3815 tissi
2140 3777 2255 3826 ma,
2276 3760 2368 3829 obj
2382 3760 2628 3831 urgebat
2647 3760 2812 3815 illum
2829 3761 3064 3817 assidue
3081 3768 3263 3835 pater,
3287 3769 3646 3837 exprobrans

1999 3846 2085 3901 illi
2108 3847 2297 3919 ipsam
2324 3848 2772 3915 continentiam,
2804 3849 3103 3906 etdicens:
3138 3858 3251 3906 Cur
3281 3853 3497 3909 similis
3530 3874 3646 3911 non

1998 3954 2061 3993 es
2094 3937 2373 3992 fratribus
2406 3937 2543 4004 tuis,
2580 3953 2683 3991 nec
2713 3942 2768 3992 te
2808 3939 3002 4009 ipsum
3058 3941 3305 4011 negotiis
3362 3946 3649 4015 exponis?

1998 4025 2099 4082 Ille
2130 4043 2265 4082 vero
2309 4026 2642 4082 sustinebat
2663 4031 2879 4083 tacens.
2932 4028 3147 4085 Omnes
3169 4046 3301 4086 vero
3325 4031 3649 4105 diligebant

2000 4133 2133 4172 eum
2168 4133 2270 4189 pro
2303 4114 2467 4171 illius
2500 4115 2781 4188 religione
2811 4121 2872 4172 et
2897 4118 3206 4174 modestia.

2071 4204 2213 4259 Cum
2250 4221 2382 4259 vero
2411 4210 2571 4277 pater
2600 4206 2729 4274 ejus
2761 4205 3083 4261 moriturus
3113 4212 3287 4275 esset,
3312 4209 3552 4280 quidam
3578 4228 3644 4268 ex

2000 4309 2213 4365 genere
2236 4293 2443 4366 ipsius,
2469 4298 2524 4348 et
2557 4292 2653 4347 alii
2676 4294 2873 4349 Abibaa
2896 4294 3026 4363 (hoc
3048 4297 3203 4351 enim
3237 4303 3360 4354 erat
3390 4298 3509 4354 filio
3541 4318 3648 4355 no-

2002 4382 2875 4453 men)amantissimi.putantes
2894 4386 3043 4455 quod
3062 4385 3231 4441 illum
3244 4388 3466 4444 odisset
3487 4394 3651 4461 pater

2000 4472 2129 4542 ejus
2163 4476 2399 4542 propter
2420 4470 2690 4526 assiduas
2706 4470 2865 4527 illius
2882 4473 3347 4545 objurgationes,
3366 4494 3647 4533 convene-

2000 4561 2449 4628 runt,dicentes:
2470 4562 2551 4616 Ne
2572 4562 2713 4616 forte
2735 4563 2917 4633 privet
2935 4564 3267 4621 haereditate
3289 4584 3521 4623 servum
3551 4569 3650 4626 Dei

1998 4655 2291 4722 pater,pro
2316 4649 2413 4705 illo
2441 4650 2843 4721 deprecemur.
2881 4653 3011 4707 Erat
3040 4654 3197 4709 enim
3258 4656 3416 4712 dives
3458 4658 3648 4714 valde.

2001 4740 2469 4811 Perguntitaque
2493 4741 2562 4794 ad
2587 4746 2808 4807 eum,et
2838 4742 3083 4797 dicunt:
3118 4744 3510 4802 Convenimus
3542 4746 3647 4801 ali-

2001 4830 2138 4900 quid
2173 4830 2279 4883 abs
2312 4833 2366 4883 te
2394 4830 2705 4899 precaturi.
2739 4830 2963 4895 Quibus
2995 4832 3093 4888 ille
3126 4834 3225 4888 ait:
3251 4834 3395 4899 Quid
3420 4836 3595 4891 vultis
3619 4854 3652 4892 a

2002 4934 2094 4975 me
2116 4918 2338 4990 petere?
2359 4918 2465 4972 Pro
2488 4919 2702 4974 domno
2726 4920 2913 4974 Abiba
2947 4938 3208 4992 oramus,
3242 4941 3313 4978 ne
3344 4923 3508 4979 illum
3544 4942 3653 4980 ne-

2002 5008 2208 5080 gligas.
2240 5011 2384 5062 Tum
2418 5012 2601 5078 pater:
2634 5012 2743 5064 Pro
2789 5008 2889 5063 illo
2914 5011 3134 5080 rogatis
3161 5012 3284 5066 me?
3333 5012 3545 5068 Dicunt
3575 5013 3648 5070 ei:

2002 5096 2351 5169 Utique.Qui
2368 5096 2468 5151 ait:
2486 5096 2701 5152 Vocate
2727 5097 2896 5153 illum
2922 5098 3055 5155 huc.
3076 5100 3435 5156 Putaverunt
3457 5108 3654 5160 autem

2003 5188 2157 5258 quod
2185 5187 2356 5257 juxta
2385 5188 2872 5244 consuetudinem
2907 5190 3219 5261 objurgare
3268 5206 3402 5245 eum
3463 5192 3655 5249 vellet.

2004 5275 2915 5347 Cumqueingressusfuisset,ait
2933 5276 3012 5330 illi
3036 5283 3217 5347 pater:
3237 5281 3661 5353 Appropinqua

2008 5365 2247 5421 mihi.Et
2272 5380 2406 5418 cum
2433 5365 2967 5436 appropinquasset
2990 5367 3063 5433 ei,
3098 5369 3287 5422 tenuit
3319 5372 3493 5439 pedes
3526 5372 3656 5443 ejus

2008 5456 2264 5529 plorans,
2298 5457 2353 5508 et
2401 5452 2638 5509 dicens:
2703 5458 2944 5526 Ignosce
2978 5455 3142 5522 mihi,
3191 5457 3273 5512 {ili
3336 5459 3437 5529 mi,
3471 5466 3525 5516 et
3554 5479 3655 5519 ora

2011 5548 2214 5613 Deum,
2241 5558 2311 5597 ne
2344 5542 2487 5597 mihi
2511 5542 2757 5613 imputet
2782 5546 3058 5615 quoniam
3084 5546 3260 5602 afﬂixi
3287 5554 3362 5604 te.
3383 5551 3467 5605 'I‘u
3493 5552 3652 5607 enim

2007 5634 2308 5708 quaerebas
2335 5632 2717 5703 Christum,et
2734 5650 2838 5705 ego
2862 5633 3219 5692 saeculariter
3241 5640 3652 5696 movebar.Vo-

2007 5729 2101 5782 cat
2131 5726 2329 5780 autem
2362 5724 2420 5777 et
2446 5720 2611 5791 alios,
2646 5727 2702 5779 et
2734 5723 2817 5780 ait
2858 5724 3014 5781 illis:
3066 5725 3172 5782 Hic
3227 5727 3504 5784 dominus
3557 5744 3653 5783 ve-
