4092 6324
456 326 560 380 231

1664 324 1761 377 DE
1800 322 1993 376 VITIS
2032 322 2329 377 PATRUM
2369 323 2582 379 LIBER
2619 329 2690 382 X.

3772 340 3881 396 232

459 450 581 502 ster
607 449 663 501 et
684 450 850 517 pater
871 448 981 515 est;
1015 443 1303 517 quidquid
1331 443 1825 516 dixerit,facite,et
1851 443 2116 515 quodvos
2148 447 2200 514 Α
2231 444 2446 500 timens
2464 446 3435 518 Dominum,etcurabateum.Cum
3450 473 3581 514 vero
3596 462 3891 519 modicum

459 535 676 591 habere
696 534 1035 603 voluerit,in
1053 533 1241 606 ipsius
1255 536 1539 605 potestate
1562 533 1690 590 erit.
1708 533 2113 605 Admiratique

456 630 602 681 sunt
634 641 862 680 omnes.
886 622 1093 680 Statim
1118 639 1253 677 vero
1280 628 1341 677 ut
1364 627 1633 679 mortuus
1656 627 1745 678 est
1776 628 1941 695 pater
1962 623 2111 693 ipso-

456 730 609 777 rum,
637 712 940 768 distribuit
964 711 1242 767 fratribus
1268 716 1479 782 partes.
1526 712 1654 784 Ipse
1684 728 1818 767 vero
1869 728 2110 767 sumens

453 806 675 873 partem
695 801 1056 871 suam,dedit
1071 818 1198 855 cam
1238 800 1771 872 pauperibus,nihil
1788 801 1896 856 sibi
1914 800 2108 855 omni-

452 909 525 947 n)
544 907 874 946 reservans.
912 890 1068 945 Fecit
1100 895 1294 945 autem
1317 890 1427 945 sibi
1458 907 1692 962 parvam
1719 890 2012 957 cellulam,
2046 895 2108 945 ut

450 979 756 1035 solitarius
780 980 1034 1051 degeret;
1060 995 1309 1051 moxque
1330 996 1463 1034 cum
1490 984 1963 1035 consummasset
1984 978 2104 1033 cel—

445 1068 595 1132 lam,
625 1068 963 1122 inﬁrmatus
997 1073 1106 1132 est,
1138 1073 1314 1139 atque
1348 1068 1420 1122 ad
1454 1068 1625 1123 ﬁnem
1658 1068 1939 1139 pervenit.

520 1158 731 1211 Aderat
761 1160 958 1211 autem
994 1156 1077 1210 illi
1111 1156 1290 1211 frater
1331 1158 1480 1228 ejus,
1533 1157 1623 1212 cui
1678 1156 1859 1212 dixit:
1916 1156 2096 1223 Vade,

446 1247 648 1312 frater,
669 1244 971 1300 facdomui
1000 1249 1109 1300 tuae
1127 1244 1605 1301 consolationem.
1640 1245 1853 1300 Aderat
1884 1245 2097 1317 quippe

2224 533 2497 604 cmpisset
2510 553 2543 590 a
2556 536 2858 594 doloribus
2872 539 3083 611 deseri,
3098 543 3271 615 erepit
3286 543 3371 600 illi
3387 545 3658 604 diabolus
3672 550 3885 608 immit-

2220 625 2340 678 tere
2372 629 2575 696 turpes
2599 628 2981 698 cogitationes
3004 630 3061 685 in
3091 648 3242 698 eam,
3266 633 3613 707 volebatque
3634 644 3874 709 tangere

2220 710 2407 781 ipsius
2432 730 2698 769 manum.
2722 718 2856 783 Que
2892 718 3036 773 dixit
3066 720 3139 774 ei:
3175 721 3300 777 Non
3332 723 3429 790 ita,
3490 726 3673 795 Pater;
3707 729 3875 784 Chri-

2220 803 2374 855 stum
2403 801 2571 873 time,
2603 803 2790 859 recole
2822 805 3120 863 tristitiam
3145 814 3200 864 et
3232 810 3585 881 poenitentiae
3614 816 3875 875 dolorem

2218 903 2391 957 quem
2426 890 2484 945 in
2518 891 2665 948 cella
2684 898 2783 949 tua
2808 912 3092 966 passurus
3116 915 3199 968 es,
3224 907 3515 959 memento
3538 907 3870 975 gemituum

2215 980 2272 1030 et
2297 975 2512 1051 lacrym
2524 997 2689 1036 arum
2725 1000 2871 1054 quas
2895 986 3189 1043 eﬂ'usurus
3207 1006 3289 1045 es.
3314 990 3444 1047 Hac
3464 991 3559 1048 ille
3578 998 3634 1049 et
3651 995 3766 1051 alia
3787 999 3869 1055 si-

2216 1066 2379 1156 milia
2402 1085 2532 1123 cum
2560 1071 2632 1125 ab
2655 1088 2722 1127 ea
2748 1074 3034 1143 audisset,
3069 1078 3220 1149 fugit
3252 1080 3326 1134 ab
3357 1080 3484 1152 ipso
3516 1100 3710 1156 pugna
3733 1088 3866 1144 dia-

2212 1154 2348 1221 boli,
2363 1157 2607 1231 jamque
2626 1162 2979 1219 erubescens
3002 1166 3138 1221 inde
3165 1170 3363 1240 fugere
3376 1154 3748 1240 volebat,non
3764 1193 3867 1233 va-

2208 1242 2472 1316 lenszprie
2496 1249 2719 1318 pudore
2741 1251 2798 1306 in
2819 1252 3009 1324 ipsius
3035 1256 3237 1311 faciem
3261 1257 3699 1319 intendere.llla
3730 1284 3865 1321 rur-

442 1335 754 1390 celebritas
805 1339 1143 1389 sanctorum
1178 1336 1602 1405 apostolorum.
1654 1334 1804 1388 Dixit
1834 1334 1885 1388 ei
1920 1336 2097 1389 frater
2205 1349 2304 1389 sus
2336 1351 2469 1391 eum
2491 1338 2548 1391 in
2574 1340 2900 1398 visceribus
2921 1344 3136 1402 Christi
3155 1348 3862 1428 miserans,dicebatipsi:

440 1426 590 1494 ejus:
624 1425 925 1488 Quomodo
959 1424 1254 1479 dimittam
1282 1432 1356 1495 te,
1381 1432 1438 1479 et
1460 1423 1889 1480 abibo?Aitilli:
1913 1424 2091 1488 Vade,

440 1518 497 1568 et
529 1531 663 1569 cum
687 1514 911 1569 venerit
934 1513 1076 1568 hora
1109 1528 1259 1579 mea,
1292 1529 1398 1585 ego
1432 1519 1487 1568 te
1520 1513 1755 1568 vocabo.
1779 1512 1920 1568 Cum
1954 1529 2091 1584 ergo

433 1603 693 1659 venisset
723 1603 890 1673 hora,
924 1603 1175 1658 surrexit
1205 1603 1273 1657 ad
1322 1603 1653 1671 fenestram,
1708 1606 1765 1657 et
1812 1600 2085 1674 pulsavit.

432 1691 692 1746 Intendit
716 1700 908 1747 autem
934 1691 993 1745 in
1016 1708 1149 1746 eum
1176 1692 1351 1746 frater
1369 1691 1828 1762 ejus.Etilleipsi
1852 1691 2082 1759 annuit,

433 1780 656 1836 dicens:
688 1780 853 1835 Veni.
889 1779 1099 1835 Statim
1128 1797 1260 1836 vero
1292 1784 1357 1835 ut
1384 1780 1540 1835 venit
1571 1780 1750 1835 frater
1778 1781 1927 1871 ejus,
1960 1784 2081 1835 tra-
2116 1806 2165 1871 Β

428 1868 579 1922 didit
610 1868 891 1940 spiritum
928 1868 1191 1924 Domino.
1227 1868 1561 1940 Omnesque
1613 1869 1807 1924 mirati
1841 1874 2000 1939 sunt,
2032 1873 2088 1924 et

432 1956 913 2029 glorificaverunt
944 1963 1148 2026 Deum,
1172 1956 1472 2012 dicentes:
1525 1956 1746 2012 Eximia
1777 1957 2083 2025 charitate,

437 2061 554 2116 qua
580 2044 783 2101 dilexit
814 2044 1136 2114 Christum,
1170 2047 1414 2117 dignum
1450 2046 1675 2103 invenit
1696 2045 1895 2101 ﬁnem.

1024 2187 1263 2244 CAPUT
1304 2189 1482 2245 CCIII.

430 2284 646 2340 [ἴδιαιίο
676 2283 739 2339 de
768 2283 1001 2355 quodam
1032 2286 1363 2354 Lapidario,
1396 2284 1493 2356 qui
1542 2285 1806 2355 prudenti
1849 2285 2078 2341 consilio

889 2363 1062 2411 vitam
1094 2358 1153 2411 in
1183 2358 1331 2411 mari
1357 2359 1612 2412 servavit.

498 2462 767 2517 Narravit
790 2464 1027 2535 quidam
1054 2468 1312 2531 Patrum,
1336 2465 1487 2535 quod
1510 2464 1827 2536 aliquando
1850 2463 2072 2536 lapida-

421 2554 623 2609 darius
639 2553 1131 2624 quidam,habens
1146 2555 1369 2623 lapides
1386 2556 2072 2628 pretiosissimos,etger1:-

420 2659 562 2706 mas,
578 2647 634 2696 et
649 2644 921 2714 margarit
936 2660 1018 2709 as,
1045 2660 1244 2698 navem
1272 2644 1756 2699 conscenditcum
1773 2645 1909 2700 filiis
1923 2645 2068 2712 suis,

418 2747 657 2801 peregre
676 2732 754 2785 ire
771 2748 838 2785 cu
853 2733 1015 2802 piens
1031 2736 1087 2785 et
1102 2732 1406 2803 negotiari.
1422 2733 1884 2804 Contigitautem
1902 2734 2065 2789 illum

418 2835 487 2873 ex
501 2820 886 2890 dispositione
899 2820 999 2875 Dei
1019 2836 1264 2891 puerum
1284 2824 1596 2892 quemdam
1613 2823 1712 2892 qui
1727 2822 1917 2876 eratin
1936 2822 2066 2876 navi

413 2907 677 2978 diligere,
711 2909 809 2978 qui
847 2908 928 2962 illi
954 2925 1189 2980 quoque
1212 2910 1269 2963 in
1296 2910 1425 2964 navi
1450 2909 1842 2977 ministrabat,
1866 2910 2066 2981 etipse

412 2997 588 3051 etiam
627 2996 698 3051 ab
731 3013 796 3051 eo
820 2997 1213 3065 reficiebatur,
1249 3000 1561 3053 comedens
1586 3015 1653 3053 ex
1702 2999 1794 3053 his
1817 3016 1944 3070 qua:
1968 3000 2064 3055 ille

410 3085 773 3140 comedebat.
813 3085 910 3140 Die
943 3103 1075 3141 vero
1108 3088 1362 3159 quadam
1403 3087 1624 3143 audivit
1678 3094 1887 3144 nautas
1921 3106 2064 3159 puer

2205 1422 2333 1478 Noli
2362 1426 2680 1497 discedere,
2712 1433 2903 1498 Pater,
2936 1450 3084 1504 opus
3121 1437 3312 1492 adhuc
3340 1438 3523 1496 habes
3557 1422 3861 1502 fomentis.

2203 1513 2325 1567 Non
2360 1519 2481 1570 erat
2505 1533 2661 1587 purae
2690 1520 2899 1575 animae
2925 1527 3038 1577 tua:
3071 1524 3171 1579 illa
3191 1529 3488 1598 cogitatio,
3524 1532 3626 1585 sed
3647 1534 3862 1604 perditi

2200 1606 2674 1677 corruptorisque
2688 1609 2904 1666 diaboli
2922 1616 3441 1688 suggestio.Atque
3456 1620 3536 1675 ita
3550 1622 3677 1677 sine
3692 1640 3863 1681 scan-

2200 1692 2332 1747 dalo
2366 1700 2632 1751 curatum
2668 1697 2834 1753 illum
2869 1717 2902 1755 a
2934 1718 2996 1756 se
3028 1720 3159 1758 cum
3194 1706 3403 1763 viatico
3437 1709 3679 1767 dimisit.

2802 1818 3034 1875 CAPUT
3079 1822 3237 1878 CCV.

2194 1899 2269 1954 De
2281 1901 2397 1956 alia
2412 1903 2646 1959 muliere
2660 1906 3083 1984 prudentiaqua
3093 1926 3153 1984 se
3168 1912 3241 1967 im
3245 1924 3401 1984 peten
3409 1924 3511 1973 tem
3526 1921 3859 1979 monachum

2651 1980 2898 2049 sapienti
2926 1982 3158 2040 consilio
3192 1980 3384 2057 rejecit

2263 2088 2532 2145 Narravit
2546 2092 2715 2149 nobis
2739 2096 2978 2166 quidam
2995 2101 3152 2170 quod
3172 2100 3385 2173 aliquis
3401 2120 3646 2161 manens
3661 2106 3720 2162 in
3736 2124 3851 2164 cce-

2190 2176 2365 2232 nobio
2381 2179 2598 2235 missus
2629 2188 2719 2238 est
2743 2201 2844 2255 pro
2868 2189 3165 2259 responsis
3188 2193 3457 2248 cmnobii.
3489 2194 3623 2251 Erat
3647 2201 3848 2255 autem

2188 2264 2427 2334 quidam
2462 2268 2773 2341 religiosus
2805 2274 3104 2332 saecularis
3137 2278 3191 2332 in
3227 2280 3352 2337 vico
3390 2298 3650 2352 morans,
3684 2287 3845 2357 apud

2187 2369 2359 2424 quem
2384 2355 2481 2413 ille
2504 2358 2828 2417 divertehat
2862 2363 3095 2434 quoties
3129 2367 3350 2423 veniret
3379 2369 3437 2424 in
3474 2371 3690 2429 vicum.
3726 2355 3847 2430 Ila-

2184 2441 2357 2498 hebat
2383 2462 2518 2501 vero
2551 2446 2649 2503 illc
2680 2449 2857 2506 ﬁliam
2894 2469 3081 2524 nuper
3105 2455 3341 2513 viduam
3378 2459 3663 2531 relictam,
3708 2479 3841 2534 qum

2183 2533 2402 2591 vixerat
2420 2554 2552 2594 cum
2567 2539 2690 2596 viro
2714 2558 2820 2597 suo
2839 2559 3020 2599 unum
3042 2547 3305 2605 autduos
3320 2551 3678 2608 annos.Cum
3696 2533 3840 2627 ergo

2182 2623 2359 2679 frater
2390 2626 2487 2682 ille
2516 2629 2921 2699 ingrederetur
2951 2639 3010 2690 et
3041 2638 3418 2707 egrederetur
3447 2642 3517 2696 ad
3551 2659 3671 2708 eos,
3722 2623 3841 2699 im-

2180 2715 2427 2784 pugnari
2462 2717 2531 2771 de
2562 2718 2662 2773 illa
2692 2722 2884 2792 cmpit.
2907 2724 3064 2791 Quae,
3098 2733 3156 2780 ut
3189 2732 3312 2783 erat
3346 2731 3624 2800 prudens,
3660 2732 3715 2787 id
3736 2749 3837 2789 co-

2177 2802 2398 2872 gnovit,
2428 2808 2484 2859 et
2514 2806 2859 2864 observabat
2890 2828 2950 2867 se
2982 2817 3046 2867 ut
3070 2831 3183 2869 non
3221 2819 3441 2873 veniret
3472 2819 3529 2873 in
3576 2837 3830 2893 conspe-

2177 2894 2333 2946 ctum
2366 2893 2516 2964 ejus.
2551 2897 2810 2960 Quadam
2872 2916 3005 2957 vero
3065 2903 3158 2958 die
3208 2904 3445 2963 intravit
3499 2914 3665 2980 pater
3694 2911 3828 2980 ejus

2175 2980 2501 3049 proximam
2536 2983 2827 3041 civitatem
2862 2989 3172 3059 cujusdam
3218 2997 3588 3054 necessitatis
3621 3014 3827 3067 causa,

2172 3067 2473 3125 dimittens
2503 3088 2629 3127 eam
2664 3074 2720 3129 in
2755 3076 2928 3132 domo
2961 3078 3169 3136 solam.

408 3174 1880 3242 submurmurantesinterse,etstatuentesillumin
1901 3194 2059 3234 mare
2089 3189 2132 3258 ο
2242 3160 2494 3258 νθωθξδθ
2528 3166 2725 3218 “lem
2751 3164 2930 3258 “at”?
2959 3165 3056 3223 ille
3088 3172 3411 3227 secundum
3446 3178 3828 3233 Consuetudi-

406 3262 691 3333 projicere
714 3264 1103 3334 pretiosorum
1137 3264 1398 3335 lapidum
1427 3283 1622 3321 causa.
1660 3266 1829 3321 Venit
1860 3273 2057 3323 autem

404 3367 552 3421 puer
572 3350 667 3406 ille
691 3368 940 3407 mmrens
959 3354 1027 3407 ad
1051 3353 1240 3408 virum
1260 3355 1625 3424 praedictum,
1644 3360 1707 3410 ut
1727 3372 1793 3410 ex
1812 3372 2056 3411 consue-

403 3440 609 3494 tudine
641 3457 750 3495 sua
773 3441 885 3510 ipsi
908 3442 1407 3507 ministraret.Qui
1427 3443 1507 3498 ait
1528 3443 1634 3499 illi:
1659 3446 1775 3500 Cur
1790 3445 2057 3502 hodieita

403 3534 651 3583 mmstus
676 3544 761 3598 es,
784 3530 898 3583 ﬁli?
931 3529 1032 3585 Ille
1064 3547 1195 3586 vero
1227 3532 1643 3587 dissimulabat
1684 3533 1966 3603 dolorem,
1999 3540 2055 3591 et

399 3616 647 3671 tacebat.
676 3617 928 3672 Rursum
959 3618 1340 3691 interrogavit
1364 3638 1520 3687 eum,
1539 3623 1760 3678 dicens:
1779 3623 1881 3679 Dic
1906 3624 2051 3680 mihi

396 3705 1264 3777 veraciter,quidhabes?Tunc
1291 3709 1387 3765 ille
1408 3727 1722 3782 erumpens
1765 3712 1823 3767 in
1850 3713 2048 3769 ﬁctum

395 3794 471 3850 ait
501 3793 624 3848 illi:
658 3797 749 3850 Sic
781 3801 836 3851 et
867 3797 949 3851 sic
979 3798 1289 3853 consilium
1337 3800 1599 3856 fecerunt
1630 3808 1819 3857 nauta:
1869 3803 1940 3857 de
1970 3809 2045 3859 te.

392 3883 547 3938 Dixit
577 3889 771 3940 autem
807 3887 879 3941 ei:
909 3886 1072 3944 Nosti
1114 3887 1221 3942 hoc
1275 3888 1613 3959 diligenter?
1642 3890 1753 3944 Ait:
1816 3890 2044 3962 Utique,

389 3972 474 4027 sic
505 3973 576 4028 de
606 3979 660 4028 te
692 3975 849 4044 apud
883 3992 944 4029 se
974 3977 1139 4045 ipsos
1168 3982 1522 4031 statuerunt.
1558 3979 1721 4033 Tunc
1754 3979 2045 4037 advocans

390 4060 542 4115 ﬁlios
575 4078 713 4116 suos
746 4062 889 4116 dixit
913 4064 1846 4135 eis:Quodcunquedixerovobis,
1870 4067 2044 4141 impi-

386 4165 486 4220 gre
506 4153 562 4205 et
585 4150 776 4221 abque
802 4150 1357 4224 ulladisceptatione
1375 4155 1658 4226 perﬁcito.
1682 4157 1844 4214 Tunc
1859 4158 2041 4230 expli-

388 4255 531 4293 cane
560 4239 870 4293 sindonem
904 4242 1078 4312 ccepit
1109 4242 1192 4297 eis
1223 4243 1433 4299 dicere:
1484 4246 1700 4301 Aﬁ'erte
1746 4247 2037 4318 capsulas.

387 4326 542 4388 Quas
566 4344 697 4382 cum
722 4328 1019 4395 tulissent,
1044 4333 1313 4403 aperiens
1328 4350 1426 4389 eas
1441 4335 1615 4406 coepit
1628 4337 1871 4392 educere
1887 4336 2003 4409 lapi
2017 4369 2038 4380 -

389 4416 590 4471 des.Et
613 4433 747 4471 cum
782 4418 980 4473 omnia
1003 4419 1408 4491 explicuisset,
1432 4429 1489 4477 et
1519 4424 1579 4478 in
1613 4426 1874 4480 omnium
1900 4444 2038 4482 con-

385 4510 651 4575 spectum
687 4507 1002 4577 posuisset,
1037 4510 1121 4564 sic
1155 4511 1351 4566 dicere
1383 4512 1571 4584 cmpit:
1598 4514 1727 4570 Haec
1756 4516 1872 4571 vita
1920 4516 2036 4572 est?

2171 3262 2324 3312 nem,
2355 3247 2540 3303 solam
2575 3266 2703 3306 eam
2738 3255 2971 3324 reperit,
3007 3261 3065 3312 et
3101 3258 3248 3314 dixit
3278 3262 3350 3316 ei:
3406 3261 3509 3317 Ubi
3543 3269 3634 3320 est
3661 3272 3833 3338 pater

2167 3335 2333 3390 tuus?
2357 3336 2460 3391 Cui
2491 3337 2611 3393 illa:
2649 3340 2961 3412 Ingressus
2991 3350 3078 3400 est
3108 3347 3427 3406 civitatem.
3461 3335 3826 3427 Cmpit‘ergo

2165 3424 2389 3479 turbari
2422 3427 2492 3481 ab
2518 3428 2983 3502 impugnatione,
3016 3434 3217 3491 volens
3248 3437 3553 3511 insurgere
3584 3441 3641 3496 in
3665 3424 3828 3501 eam.

2164 3511 2297 3575 Quae
2330 3530 2457 3568 cum
2494 3516 2654 3570 omni
2688 3520 3000 3588 prudentia
3031 3523 3177 3579 dixit
3199 3526 3268 3579 ad
3302 3526 3497 3582 illum:
3528 3530 3653 3584 Noli
3688 3536 3827 3587 tur-

2163 3599 2311 3670 bari;
2347 3608 2512 3673 pater
2546 3622 2708 3661 meus
2742 3625 2929 3680 usque
2960 3628 3088 3667 sero
3150 3630 3267 3668 non
3299 3621 3655 3675 revertetur:
3720 3619 3822 3679 hic

2161 3691 2333 3745 ambo
2359 3709 2588 3762 sumus;
2607 3695 2726 3750 scio
2748 3702 2940 3753 autem
2960 3702 3114 3771 quod
3134 3718 3235 3758 vos
3252 3705 3521 3761 monachi
3541 3707 3667 3763 sine
3680 3724 3823 3765 ora-

2158 3777 2314 3834 tione
2346 3781 2491 3835 nihil
2525 3783 2737 3851 facitis,
2793 3803 2967 3859 surge
3024 3789 3221 3861 itaque
3253 3796 3309 3847 et
3339 3811 3441 3849 ora
3488 3794 3696 3867 Deum,
3756 3802 3824 3855 et

2157 3867 2442 3939 quidquid
2481 3873 2701 3928 miserit
2727 3875 2784 3929 in
2815 3892 2931 3946 cor,
2961 3878 3066 3933 hoc
3090 3880 3394 3937 faciamus.
3419 3882 3518 3940 Ille
3539 3901 3672 3941 vero
3693 3903 3813 3943 non

2156 3958 2691 4033 acquiesccbat,sed
2711 3966 3389 4043 perturbabaturmagis.
3406 3974 3565 4037 Quod
3592 3974 3693 4030 illa
3711 3976 3816 4033 ubi

2155 4047 2594 4119 animadvertit,
2628 4052 2707 4107 ait
2738 4052 2844 4107 illi:
2879 4054 3153 4128 Nunquid
3190 4061 3513 4131 cognovisti
3541 4080 3813 4136 unquam

2153 4136 2488 4193 mulierem?
2518 4140 2668 4196 Dicit
2694 4141 2743 4196 ei
2780 4148 2966 4211 :Non,
2998 4146 3098 4201 sed
3156 4147 3302 4204 scire
3334 4150 3460 4206 volo
3520 4153 3811 4224 quidnam

2150 4225 2246 4280 sit.
2280 4229 2413 4294 Quae
2436 4230 2516 4284 ait
2537 4229 2645 4286 illi:
2676 4230 2896 4288 Idcirco
2921 4236 3200 4302 turbaris,
3221 4240 3360 4310 quia
3392 4241 3632 4313 ignoras
3660 4243 3814 4301 feto-

2149 4330 2269 4369 rem
2303 4315 2626 4373 infelicium
2664 4321 2996 4377 mulierum.
3027 4325 3097 4380 Et
3128 4327 3325 4383 volens
3352 4328 3435 4383 illi
3465 4332 3808 4401 passionem

2146 4403 2519 4477 imminuere,
2554 4409 2734 4467 dixit:
2769 4412 2934 4468 Nunc
2960 4430 3065 4486 ego
3099 4434 3229 4472 sum
3269 4418 3327 4473 in
3362 4424 3710 4493 menstruis,
3743 4429 3806 4480 et

2146 4511 2315 4550 nemo
2334 4495 2472 4550 mihi
2489 4499 2963 4572 appropinquare
2985 4509 3196 4576 potest,
3216 4524 3403 4579 neque
3426 4511 3657 4566 odorari
3686 4529 3809 4584 pra

385 4566 623 4663 p‘mpter
656 4566 764 4651 igta
783 4566 1106 4665 pericli'tor?
1134 4604 1190 4652 et
1220 4616 1353 4655 cum
1384 4566 1873 4674 ωέτίρῌὲιξοέίᾶ
2064 4566 2109 4630 Ι)
2145 4585 2346 4640 fetore.
2384 4585 2479 4641 [Iis
2510 4566 2606 4642 ille
2634 4586 2885 4663 aliisque
2916 4591 3193 4663 plurimis
3219 4597 3289 4652 ah
3305 4614 3371 4653 ea
3393 4599 3805 4670 auditis,com-

383 4683 681 4737 modicum
710 4685 953 4739 morior?
988 4686 1251 4757 nihilque
1284 4704 1512 4744 mecum
1548 4707 1616 4746 ex
1674 4691 1787 4747 isto
1819 4695 2031 4749 saeculo

378 4769 530 4825 fero?
560 4771 718 4826 Dixit
748 4778 945 4828 autem
973 4773 1110 4829 ﬁliis
1143 4777 1287 4831 suis:
1324 4776 1591 4849 Projicite
1621 4779 1683 4835 in
1715 4797 1874 4837 mare
1919 4781 2032 4838 ista

376 4860 592 4916 omnia.
632 4862 763 4917 Mox
792 4861 991 4933 itaque
1027 4868 1087 4919 ut
1108 4865 1339 4922 locutus
1366 4873 1474 4936 est,
1500 4867 1759 4924 tulerunt
1781 4887 1868 4942 ea,
1891 4876 1947 4926 et
1970 4872 2027 4927 in

380 4965 535 5004 mare
570 4953 961 5021 projecerunt,
988 4959 1165 5010 Porro
1189 4960 1377 5010 nautae
1409 4958 1860 5029 obstupuerunt,
1891 4977 2029 5017 con-

375 5037 570 5095 silium
608 5057 782 5097 suum
814 5041 1170 5113 dissipatum
1200 5060 1329 5100 esse
1361 5053 1805 5118 cognoscentes.

975 5183 1208 5242 CAPUT
1248 5186 1427 5242 CCIV.

374 5275 647 5342 Quomodo
666 5281 871 5335 mulier
894 5282 1159 5355 religiosa
1177 5290 1224 5338 εξ
1257 5285 1455 5341 timens
1493 5286 1682 5355 Deum,
1700 5290 2025 5346 monachum

729 5370 761 5406 ιι
788 5353 943 5424 turpi
963 5354 1234 5410 desiderio
1256 5361 1662 5428 compeseuerit.

447 5454 683 5512 Dicebat
702 5458 912 5530 aliquis
931 5465 1189 5516 Patrum:
1212 5463 1408 5520 Frater
1429 5464 1665 5537 quidam
1692 5484 1724 5522 a
1753 5475 2024 5540 serpente

368 5560 600 5601 morsus
623 5552 733 5615 est,
765 5548 1182 5622 ingressusque
1206 5554 1597 5610 estcivitatem
1617 5560 2019 5617 utcuraretur.

365 5633 829 5708 Suscepitautem
845 5637 1011 5695 illum
1029 5638 1303 5712 religiosa
1316 5645 1576 5715 quaedam
1591 5643 2024 5710 mulier93oel

2144 4678 2400 4746 punctus
2431 4680 2486 4729 et
2515 4675 2573 4730 in
2608 4678 2869 4749 seipsum
2906 4682 3158 4754 rediens,
3192 4684 3550 4759 lacrymatus
3581 4694 3690 4747 est.

2216 4762 2493 4834 Potquam
2529 4781 2662 4820 vero
2693 4768 2836 4822 vidit
2868 4768 3033 4825 illum
3060 4772 3254 4843 puella
3276 4776 3346 4829 ad
3374 4776 3805 4848 seipsumredi-

2140 4850 2276 4920 isse,
2302 4852 2448 4907 dixit
2466 4853 2537 4907 ei:
2563 4855 2704 4910 Ecce
2728 4856 2775 4911 si
2802 4862 2856 4913 te
2876 4859 3197 4929 audissem,
3214 4867 3271 4917 et
3294 4863 3804 4937 obtemperassem

2138 4939 2268 5005 tibi,
2291 4941 2533 5011 jamque
2564 4950 2864 5013 peccatum
2885 4951 3469 5024 perpetravissemus,
3487 4971 3601 5026 qua
3625 4957 3798 5013 dein-

2137 5042 2273 5099 ceps
2298 5029 2462 5098 facie,
2497 5031 2714 5102 quibus
2745 5033 2931 5090 oculis
2962 5037 3223 5107 aspicere
3254 5040 3795 5115 potuissespatrem

2139 5133 2356 5184 meum,
2386 5118 2473 5174 vel
2508 5120 2713 5176 reverti
2746 5124 2815 5177 ad
2841 5128 3265 5183 monasterium
3289 5134 3481 5197 tuum,
3502 5137 3561 5188 et
3583 5134 3800 5194 audire

2136 5206 2514 5279 psallentium
2529 5216 2802 5267 sanctoru
2815 5232 2867 5269 m
2884 5215 3162 5272 chorum?
3182 5224 3473 5292 Deprecor
3496 5222 3695 5295 itaque
3728 5231 3799 5283 ut

2134 5297 2368 5352 sobrius
2382 5315 2447 5352 ac
2476 5299 2726 5371 vigilans
2754 5303 2861 5370 sis,
2883 5321 2986 5361 nec
3002 5306 3273 5378 velisjam
3302 5315 3540 5384 propter
3562 5313 3799 5372 brevem

2130 5384 2490 5457 voluptatem
2548 5391 2788 5459 perdere
2844 5397 2932 5449 tot
2991 5393 3220 5451 labores
3273 5404 3416 5470 quot
3474 5403 3799 5472 pertulisti,

2132 5475 2484 5547 aeternisque
2518 5480 2728 5549 privari
2764 5481 2958 5538 bonis.
2976 5485 3231 5542 Audiens
3245 5492 3442 5545 autem
3457 5490 3580 5547 hinc
3597 5492 3797 5565 ipsius

2131 5565 2308 5620 verba
2340 5566 2973 5643 fraterillequipassus
3003 5574 3192 5629 fuerat
3213 5580 3624 5648 tentationem,
3653 5584 3793 5655 qui-

2130 5671 2244 5727 que
2272 5654 2386 5712 ista
2416 5655 2639 5728 rctulit,
2671 5661 2890 5732 gratias
2913 5678 3093 5736 agens
3126 5669 3262 5740 Deo,
3294 5669 3395 5741 qui
3451 5670 3622 5728 illum
3673 5654 3793 5747 iper
