4092 6324
516 326 627 385 235

516 460 609 508 est
634 470 746 509 non
772 452 987 508 intrare
1010 453 1069 507 in
1094 452 1497 507 tentationem.
1530 452 1728 506 Sancti
1757 449 1910 505 enim
1946 452 2165 519 marty-

518 559 611 598 res
638 542 847 597 tentati
892 558 995 614 per
1025 540 1333 613 supplicia,
1368 557 1471 595 nec
1503 542 1785 610 superati,
1836 556 1950 594 non
1984 539 2166 592 intra-

517 636 659 687 runt
687 632 746 686 in
778 630 1173 699 tentationem,
1206 630 1381 685 sicuti
1417 645 1606 701 neque
1637 630 1738 701 qui
1773 637 1999 703 pugnat
2029 650 2163 688 cum

516 722 727 787 bestia,
759 736 1067 791 quousque
1098 737 1212 776 non
1253 720 1563 775 devoratur
1611 721 1683 775 ab
1714 737 1818 775 ea:
1853 738 1986 775 curn
2031 738 2164 777 vero

518 810 831 865 devoratus
864 809 1059 877 fuerit,
1090 814 1230 864 tunc
1264 809 1527 863 introivit
1564 809 1621 863 in
1651 810 2055 867 tentationem.
2082 811 2167 866 Ita

517 905 575 954 et
606 899 665 953 in
697 900 857 954 omni
891 900 1166 970 passione
1198 900 1301 967 ﬁt;
1337 917 1526 970 neque
1561 900 1851 955 intramus
1882 900 1939 955 in
1974 905 2166 956 tenta-

513 988 757 1058 tionem,
792 988 904 1043 nisi
938 1006 971 1044 a
1001 989 1275 1060 passione
1305 1005 1674 1060 superemur.

1128 1131 1361 1188 CAPUT
1409 1130 1563 1187 CCX.

518 1220 788 1291 Quomodo
805 1229 1024 1276 sanctus
1040 1223 1315 1293 cpiscOpus
1335 1221 1703 1277 altercantem
1721 1237 1903 1277 secum
1921 1222 2169 1278 alterum

983 1293 1299 1349 humilitate
1346 1296 1705 1363 superaverit.

590 1422 841 1487 Quidam
872 1438 941 1476 ex
984 1420 1256 1476 Patrihus
1286 1421 1539 1475 narravit
1572 1420 1643 1475 de
1693 1421 1921 1475 duobus
1962 1420 2169 1476 vicinis

515 1511 831 1582 episcopis,
866 1511 1021 1581 quod
1054 1510 1371 1581 aliquando
1403 1509 1556 1565 inter
1584 1525 1682 1565 eos
1712 1509 1983 1565 simultas
2014 1527 2168 1581 quie-

522 1599 658 1655 dam
691 1603 889 1654 exorta
919 1599 1018 1653 sit.
1053 1603 1184 1653 Erat
1215 1602 1410 1654 autem
1442 1614 1509 1653 ex
1532 1597 1794 1668 his_alter
1814 1597 2052 1669 quidem
2079 1598 2171 1652 di-

530 1704 629 1742 ves
662 1691 718 1743 et
746 1688 1156 1758 astutus,alter
1185 1704 1319 1743 vero
1350 1686 1596 1742 humilis
1622 1686 1824 1757 valde;
1849 1688 2172 1759 quaerebat-

517 1794 631 1849 que
662 1782 897 1834 astutus
921 1778 1018 1833 ille
1045 1778 1229 1833 alium
1265 1777 1488 1833 laedere.
1516 1777 1676 1842 Quod
1704 1794 1837 1831 cum
1861 1777 1984 1848 ipse
2009 1792 2168 1832 com-

516 1870 790 1939 perisset,
824 1868 909 1924 ait
940 1867 1094 1924 clero
1125 1885 1232 1923 suo
1258 1884 1270 1922 :
1306 1868 1518 1924 Christi
1551 1868 1741 1939 gratia
1772 1868 2003 1923 vincere
2034 1885 2166 1939 pos-

520 1974 752 2015 sumus.
785 1959 1189 2029 Dixeruntque
1224 1956 1306 2010 illi
1350 1974 1363 2011 :
1408 1956 1570 2027 Quis,
1595 1955 1852 2024 domine,
1886 1956 2165 2011 adversus

519 2046 699 2102 istum
724 2047 1035 2119 prtevalere
1062 2046 1289 2117 possit?
1314 2050 1380 2100 Et
1409 2048 1489 2102 ait
1509 2045 1643 2102 illis:
1672 2047 2011 2116 Exspectate
2029 2062 2166 2116 pau-

514 2134 717 2206 lisper,
751 2142 809 2192 et
838 2136 1110 2192 videbitis
1140 2136 1294 2192 932
1330 2134 1791 2190 misericordiam
1827 2133 2165 2190 Dei.Obser-

518 2225 671 2279 vavit
698 2226 880 2296 igitur
927 2226 1105 2293 diem,
1140 2242 1257 2296 qua
1282 2225 1377 2280 ille
1412 2230 1737 2296 martyrum
1786 2224 2163 2279 festivitatem

513 2313 856 2382 celebraret,
890 2330 1309 2384 assumensque
1333 2313 1552 2369 clerum
1579 2330 1752 2368 suum
1781 2314 1862 2367 ait
1885 2312 2001 2367 illis
2027 2330 2038 2367 :
2066 2312 2163 2367 Se-

513 2404 764 2474 quimini
799 2420 910 2470 me,
946 2408 1001 2459 et
1032 2403 1317 2475 quidquid
1354 2419 1443 2458 me
1466 2404 1650 2458 facere
1672 2402 1957 2471 videritis,
1980 2406 2035 2456 et
2065 2418 2165 2457 vos

510 2492 706 2559 facite,
740 2510 1100 2564 prorsusque
1128 2493 1377 2549 victores
1406 2492 1649 2547 erimus.
1679 2492 1955 2547 Dicebant
1984 2506 2121 2561 ergo
2148 2508 2162 2547 :

515 2582 663 2646 Quid
681 2586 855 2653 putas
879 2582 1143 2637 facturus
1160 2588 1250 2637 est
1268 2582 1295 2635 ‘I
1317 2582 1481 2637 Venit
1503 2581 1681 2649 igitur
1702 2582 1771 2637 ad
1796 2581 2161 2651 episcopum,

517 2675 575 2724 et
607 2675 1057 2740 pertranseunte
1076 2671 1321 2738 Litania,
1356 2669 1687 2741 populoque
1712 2670 1890 2724 totius
1913 2670 2163 2724 civitatis

513 2760 1149 2830 congregato,procidit
1190 2760 1261 2815 ad
1300 2759 1476 2830 pedes
1508 2760 1637 2829 ejus
1670 2775 1803 2813 cum
1848 2764 1966 2813 toto
2010 2759 2161 2814 clero

510 2864 617 2903 suo
648 2847 891 2903 dicens:
944 2851 1190 2918 Ignosce
1222 2848 1412 2915 nobis,
1467 2848 1724 2915 domine,
1759 2847 1911 2902 servi
1944 2847 2028 2902 tui
2062 2865 2161 2903 su-

513 2952 668 2992 mus.
720 2937 1093 3007 Stupefaotus
1128 2936 1248 3002 ille,
1281 2941 1456 3008 atque
1488 2942 1874 3007 compunctus
1911 2937 1969 2991 in
2001 2940 2164 2993 tanta

513 3026 773 3097 episcopi
806 3025 1161 3092 humilitate,
1197 3032 1309 3082 Deo
1335 3042 1434 3082 cor
1463 3025 1624 3081 illius
1656 3026 2032 3093 immutante,
2066 3043 2160 3097 pe-

518 3114 621 3169 des
653 3114 813 3171 illius
842 3115 1056 3180 tenuit,
1099 3114 1338 3171 dicens:
1373 3116 1460 3170 Tu
1496 3132 1661 3170 meus
1693 3120 1749 3171 et
1799 3114 2076 3170 dominus
2106 3119 2162 3170 et

513 3203 685 3258 Pater
713 3220 794 3260 es.
829 3208 1118 3275 Factaque
1150 3210 1241 3260 est
1274 3205 1427 3259 inter
1456 3221 1556 3261 eos
1588 3221 1655 3258 ex
1696 3203 1796 3259 illa
1827 3203 1919 3259 die
1950 3220 2161 3275 magna

512 3292 771 3347 charitas
802 3299 979 3365 atque
1012 3294 1343 3349 concordia.
1384 3295 1617 3349 Dicebat
1648 3298 1845 3348 autem
1878 3293 2029 3348 clero
2052 3311 2158 3349 suo

510 3380 756 3437 humilis
787 3381 921 3437 ille:
956 3383 1233 3454 Nunquid
1269 3399 1383 3437 non
1419 3400 1520 3455 per
1551 3382 1767 3437 Christi
1798 3384 2049 3454 gratiam
2080 3382 2159 3437 vi-

507 3471 698 3526 cimus
720 3469 929 3527 ‘ietvos
943 3488 1076 3542 ergo
1099 3489 1233 3528 cum
1259 3471 1835 3540 habetisinimieum,
1862 3471 1943 3526 ita
1964 3471 2155 3539 facite,

507 3565 567 3614 et
596 3558 848 3615 victores
880 3560 1069 3618 eritis.

580 3647 733 3701 Dixit
764 3648 975 3705 iterum
1005 3665 1182 3705 senex
1212 3667 1224 3705 :
1252 3649 1532 3720 Majorem
1567 3650 1742 3705 habet
1771 3649 2011 3721 gloriam
2043 3649 2152 3705 hu-

510 3735 666 3792 milis
698 3754 873 3809 quam
908 3756 1043 3807 rex;
1078 3740 1174 3794 ille
1205 3738 1360 3795 enim
1394 3739 1586 3795 solum
1620 3740 1680 3794 in
1713 3739 1921 3794 faciem
1942 3739 2152 3794 lauda-

505 3830 635 3896 tur;
666 3826 759 3883 hic
789 3832 990 3883 autem
1016 3845 1248 3900 semper
1276 3834 1333 3885 et
1356 3829 1574 3900 ubique
1604 3829 1901 3900 laudatur,
1934 3833 1989 3885 et
2006 3830 2148 3884 bea-

505 3920 602 3971 tus
635 3917 1011 3987 praedicatur.

1100 4050 1333 4105 CAPUT
1369 4050 1550 4106 CCXI.

500 4142 580 4192 De
607 4154 735 4194 sene
762 4155 987 4213 magna
1016 4140 1365 4210 virtutis,qui
1387 4143 1627 4211 fratrem
1657 4157 1757 4196 sua
1785 4141 1885 4197 illi
1910 4142 2150 4213 sti/Tura-

958 4223 1075 4266 tum
1104 4229 1136 4265 a
1167 4228 1382 4267 carcere
1404 4212 1681 4268 liberavit.

565 4324 834 4381 Narravit
858 4325 1027 4381 nobis
1050 4327 1234 4382 abbas
1256 4328 1518 4399 quidam,
1550 4329 1750 4384 dicens
1776 4345 1788 4385 :
1811 4329 1946 4384 Erat
1970 4346 2145 4401 prope

494 4414 825 4470 cmnobium
859 4419 1127 4469 nostrum
1151 4432 1329 4471 senex
1349 4418 1590 4488 quidam
1617 4418 1905 4474 lenissimi
1938 4418 2143 4488 animi,

491 4504 872 4572 maximaeque
902 4503 1157 4558 virtutis.
1192 4503 1452 4560 Habebat
1473 4512 1667 4562 autem
1698 4508 1755 4561 in
1776 4508 1965 4563 vicino
1984 4507 2141 4562 cella

484 4608 601 4645 suae
635 4591 1013 4663 fratrem,fqui
1047 4592 1603 4665 perinstigationem
1621 4596 1713 4650 die
1730 4597 1977 4665 quadam
2001 4597 2140 4651 dum

480 4682 712 4737 abesset
742 4696 939 4745 senex,
972 4681 1273 4751 ingressus
1299 4688 1388 4739 est
1414 4683 1619 4740 cellam
1655 4685 1804 4754 ejus,
1841 4686 2135 4757 librosque

480 4771 642 4826 illius
673 4774 728 4827 et
757 4787 897 4826 vasa
927 4770 1193 4843 diripuit.
1226 4773 1369 4828 Cum
1405 4790 1537 4843 ergo
1563 4774 1834 4830 rediisset
1864 4792 2058 4839 senex,
2079 4781 2136 4830 et

479 4865 677 4930 aperto
702 4860 871 4922 ostio.
902 4859 1145 4916 vidisset
1173 4878 1311 4917 vasa
1334 4878 1688 4933 omnemque
1708 4864 2131 4933 supellectilem

478 4949 771 5005 sublatam
805 4966 956 5014 esse,
980 4954 1238 5020 perrexit
1268 4952 1339 5006 ad
1365 4951 1624 5020 fratrem,
1651 4956 1715 5006 ut
1748 4952 2048 5008 nuntiaret
2080 4954 2130 5008 ei

478 5038 616 5108 quid
648 5039 761 5095 sibi
793 5039 1160 5109 contigisset,
1187 5040 1527 5111 invenitque
1549 5058 1687 5097 vasa
1714 5042 1907 5096 adhuc
1930 5041 1989 5096 in
2015 5058 2130 5097 me-

477 5127 571 5181 dio
603 5129 1106 5197 posita;nondum
1129 5128 1284 5183 enim
1308 5130 1485 5184 frater
1526 5147 1593 5185 ea
1617 5136 1976 5203 reposuerat.
2016 5132 2127 5187 No-

473 5215 597 5271 lens
631 5224 826 5274 autem
860 5219 1055 5275 senior
1085 5220 1441 5275 confundere
1470 5220 1561 5275 vel
1594 5237 1838 5292 arguere
1864 5222 2123 5290 fratrem,

470 5305 750 5361 simulata
768 5309 1137 5378 necessitate,
1154 5308 1433 5363 continuo
1458 5311 1526 5364 ad
1546 5310 1875 5364 necessaria
1900 5315 2036 5363 natu
2050 5327 2124 5364 rte

467 5410 736 5466 egressus
767 5400 877 5465 est,
910 5397 1106 5468 ibique
1139 5398 1465 5469 permansit
1496 5415 1596 5470 per
1622 5398 1865 5453 multam
1895 5400 2120 5468 horam,

1708 330 1805 383 DE
1844 322 2030 380 VlTIS
2066 325 2363 379 PATRUM
2400 324 2617 379 LIBER
2657 325 2728 376 X.

3766 336 3849 393 236

2198 450 2247 515 Α
2351 447 2485 502 Post
2512 463 2728 518 paucos
2756 450 2953 502 autem
2987 446 3110 501 dies
3141 447 3554 519 deprehensum
3586 458 3668 508 est
3694 472 3723 510 a
3749 462 3853 528 qui-

2273 537 2521 592 busdam
2549 536 2747 591 fratris
2773 537 3017 601 furtum,
3044 536 3378 610 missusque
3399 545 3485 595 est
3506 540 3559 595 in
3583 558 3854 614 carcerem,

2267 642 2405 682 sene
2439 625 2584 681 nihil
2609 625 2837 697 penitus
2868 626 3103 682 sciente.
3144 627 3446 699 Comperto
3499 636 3680 687 autem
3726 638 3853 704 quod

2270 717 2328 772 in
2377 731 2668 771 carcerem
2723 715 2899 769 frater
2944 715 3043 770 ille
3095 718 3388 786 conjectus
3427 723 3593 785 esset,
3619 720 3859 791 ignorans

2269 821 2509 860 causam
2542 806 2755 873 senior,
2780 803 2960 874 venit,
2983 806 3054 860 ad
3085 807 3491 862 monasterium
3515 814 3774 875 nostrum,
3800 812 3858 865 ad

2273 895 2425 965 quod
2455 911 2521 949 ac
2542 895 2743 949 cedere
2764 911 2915 965 saepe
2947 896 3598 967 consueverat,dixitque
3626 898 3865 954 mibizFac

2273 982 2639 1047 charitatem,
2681 987 2738 1037 et
2778 984 2851 1038 da
2892 983 3036 1038 mihi
3077 985 3276 1055 aliqua
3309 984 3610 1041 esculenta.
3634 987 3792 1042 Etaio
3812 988 3870 1041 ad

2272 1070 2440 1126 illum
2472 1071 2623 1128 Num
2660 1071 2911 1143 aliquem
2944 1072 3125 1128 babes
3160 1074 3443 1145 hospitem
3467 1075 3493 1128 ?
3521 1075 3665 1129 Dixit
3701 1081 3868 1131 autem

2275 1160 2460 1215 mihi:
2509 1161 2703 1216 Habeo
2753 1177 2913 1217 sane.
2950 1164 3189 1234 Accepit
3236 1168 3430 1219 autem
3471 1180 3535 1218 ea
3586 1164 3779 1230 senior,
3821 1170 3873 1220 ut

2274 1251 2383 1305 iret
2410 1251 2480 1305 ad
2518 1251 2749 1305 fratrem
2780 1250 2840 1304 in
2871 1266 3184 1317 carcerem,
3214 1257 3266 1307 et
3300 1252 3683 1308 consolaretur
3703 1268 3761 1307 ac
3788 1269 3868 1308 re-

2276 1341 2470 1395 ficeret
2495 1355 2651 1394 eum.
2686 1343 2759 1394 Ut
2791 1345 2984 1395 autem
3008 1340 3313 1412 ingressus
3342 1346 3431 1397 est
3450 1358 3744 1407 carcerem,
3764 1358 3873 1413 pro-

2275 1430 2417 1484 cidit
2446 1430 2623 1484 frater
2668 1428 2766 1484 ille
2798 1430 2869 1483 ad
2903 1430 3078 1501 pedes
3108 1431 3260 1499 ejus,
3305 1432 3535 1486 dicens:
3571 1431 3791 1500 Propter
3830 1434 3876 1484 te

2277 1520 2371 1574 hic
2411 1520 2695 1588 detineor,
2733 1520 2914 1588 abba;
2952 1537 3057 1591 ego
3089 1522 3243 1576 enim
3277 1538 3409 1577 sum
3444 1520 3538 1592 qui
3570 1525 3665 1575 tua
3705 1518 3876 1575 omnia

2277 1608 2505 1663 furatus
2541 1609 2621 1663 fui
2644 1627 2663 1662 :
2694 1609 2790 1664 sed
2826 1625 2957 1664 ecce
2987 1609 3135 1665 liber
3164 1614 3302 1665 tuus
3334 1611 3486 1682 apud
3522 1610 3679 1664 illum
3708 1612 3803 1677 est,
3830 1611 3877 1663 et

2277 1697 2519 1769 pallium
2570 1702 2761 1768 tuum,
2810 1702 2867 1753 et
2909 1703 3115 1754 caetera
3148 1699 3245 1755 illo
3278 1706 3335 1756 et
3362 1699 3459 1755 illo
3488 1699 3544 1754 in
3588 1699 3704 1754 loco
3739 1701 3875 1752 sunt.

2202 1822 2247 1886 B
2287 1787 2437 1842 Dixit
2483 1786 2535 1841 ei
2567 1788 2799 1842 senior:
2844 1787 3049 1843 Certus
3096 1794 3245 1855 esto,
3292 1790 3396 1858 fili,
3447 1789 3617 1860 idque
3665 1785 3879 1840 ﬁrmiter

2279 1881 2431 1944 tene,
2464 1876 2600 1945 quia
2632 1894 2745 1932 non
2776 1876 2992 1933 idcirco
3015 1878 3085 1932 ad
3121 1884 3177 1933 te
3206 1880 3363 1945 veni,
3398 1894 3580 1948 neque
3597 1876 3738 1932 enim
3761 1874 3879 1929 scie-

2278 1966 2410 2019 bam
2444 1965 2676 2036 penitus
2706 1967 2856 2036 quod
2893 1972 3126 2037 propter
3150 1984 3240 2022 me
3272 1968 3369 2023 hic
3401 1983 3595 2033 esses;
3629 1966 3730 2019 imo
3748 1977 3880 2018 com-

2276 2061 2436 2125 perto
2481 2056 2633 2125 quod
2672 2054 2760 2109 hic
2809 2055 3154 2110 detinereris
3204 2057 3494 2123 inclusus,
3534 2052 3765 2122 indolui,
3811 2052 3883 2104 in-

2273 2159 2630 2215 gressusque
2679 2160 2812 2199 sum
2846 2143 3188 2200 consolandi
3220 2146 3307 2201 tui
3354 2160 3561 2202 causa:
3618 2158 3741 2197 nam
3769 2154 3879 2196 ecce

2274 2249 2401 2303 quae
2433 2232 2599 2288 attuli
2632 2249 2734 2302 pro
2785 2232 3097 2288 refectione
3122 2238 3260 2290 tua:
3298 2236 3509 2290 faciam
3558 2238 3740 2288 autem
3772 2244 3880 2283 orn-

2273 2323 2372 2375 nia
2404 2326 2466 2375 ut
2496 2329 2550 2376 te
2580 2322 2651 2376 de
2682 2337 2912 2377 carcere
2949 2323 3216 2378 liberem.
3250 2325 3661 2393 Profectusque
3691 2317 3883 2389 rogavit

2273 2426 2375 2480 pro
2409 2426 2473 2465 eo
2498 2410 2785 2482 quosdam
2822 2412 2893 2467 de
2918 2411 3329 2484 principibus;
3362 2412 3579 2484 quibus
3612 2424 3735 2465 cum
3758 2411 3876 2460 nota

2271 2505 2423 2554 esset
2444 2500 2548 2553 viri
2574 2500 2775 2569 virtus,
2805 2500 3101 2557 mittentes
3131 2502 3463 2558 eduxerunt
3490 2502 3715 2556 fratrem
3735 2494 3879 2550 illum

2272 2588 2343 2643 de
2376 2588 2669 2645 custodia.

2842 2707 3080 2763 CAPUT
3127 2707 3345 2763 CCXII.

2270 2794 2343 2848 De
2373 2794 2588 2850 duobus
2617 2795 2861 2867 senibus,
2891 2796 2988 2868 qui
3014 2797 3163 2852 mira
3202 2799 3480 2865 patientia
3513 2811 3640 2866 erga
3670 2792 3884 2848 latrone:

2949 2872 3041 2924 usi
3076 2877 3229 2925 sunt.

2343 2984 2577 3041 Dicebat
2609 2984 2847 3057 quidam
2898 3001 3104 3041 senum
3134 3001 3146 3040 :
3190 2986 3450 3041 Accessit
3480 2985 3550 3040 ad
3597 2998 3697 3037 nos
3727 2990 3885 3034 senex

2270 3091 2493 3145 magnae
2525 3074 2790 3141 virtutis;
2817 3074 3262 3146 legentibusque
3286 3076 3460 3132 nobis
3490 3078 3712 3147 patrum
3742 3066 3883 3120 Vitas

2192 3188 2233 3254 ρ
2273 3170 2447 3236 atque
2480 3164 2800 3219 sententias
2833 3164 3260 3234 (delectabatur
3298 3166 3459 3220 enim
3500 3178 3671 3219 senex
3711 3158 3800 3254 ille
3829 3169 3885 3209 ea

2271 3253 2643 3323 potissimum
2676 3252 2946 3316 lectione,
2978 3252 3060 3307 ita
3083 3257 3147 3308 ut
3169 3259 3326 3309 esset
3357 3254 3444 3309 illi
3469 3267 3693 3323 semper
3718 3247 3771 3301 in
3799 3258 3889 3299 ore

2268 3350 2319 3397 et
2350 3341 2408 3397 in
2441 3343 2650 3411 corde;
2685 3342 2839 3396 unde
2869 3345 2926 3396 et
2956 3358 3022 3397 ex
3050 3358 3116 3397 ea
3149 3343 3477 3398 maximum
3508 3338 3737 3396 virtutis
3781 3334 3885 3388 fru-

2266 3437 2427 3486 ctum
2477 3430 2833 3503 acquisivit),
2867 3431 2936 3485 ad
2984 3448 3115 3486 eum
3150 3448 3347 3487 senem
3392 3431 3637 3503 legendo
3671 3427 3882 3481 ventum

2265 3524 2374 3587 est,
2408 3521 2479 3574 ad
2512 3537 2685 3591 quem
2729 3518 2980 3591 ingressi
3012 3519 3267 3576 latrones
3313 3521 3624 3577 dixerunt:
3670 3511 3879 3573 Omnia,

2265 3627 2390 3681 quae
2421 3610 2598 3665 habes
2629 3609 2687 3663 in
2721 3608 2865 3664 cella
2898 3613 3020 3675 tua,
3052 3608 3255 3664 tollere
3285 3612 3558 3665 venimus
3589 3604 3757 3679 (Apud
3793 3602 3879 3653 Pe-

2262 3700 2395 3771 lag.,
2429 3699 2600 3754 libell.
2633 3716 2747 3767 xvr,
2778 3716 2836 3752 η.
2865 3698 2971 3769 13).
3008 3700 3140 3769 Ipso
3170 3715 3303 3754 vero
3322 3698 3557 3756 dicente
3580 3716 3597 3751 :
3624 3698 3878 3761 Quaecun-

2260 3806 2371 3859 que
2398 3789 2667 3844 v'identur
2698 3788 2881 3851 vobis,
2918 3786 3039 3853 ﬁlii,
3074 3785 3278 3853 tollite,
3311 3788 3580 3845 tulerunt
3612 3782 3812 3847 omnia,
3833 3780 3880 3831 et

2260 3878 2551 3933 abierunt.
2585 3878 2652 3931 Et
2682 3893 2813 3931 cum
2848 3875 3041 3930 solum
3088 3877 3460 3948 marsupium
3494 3876 3643 3948 quod
3687 3868 3877 3944 pende-

2260 3967 2357 4021 bat
2385 3967 2777 4036 reliquissent,
2828 3981 3024 4031 senex,
3058 3964 3159 4019 illo
3212 3972 3477 4037 accepto,
3513 3968 3642 4038 post
3672 3977 3763 4017 eos
3796 3971 3879 4011 se-

2258 4055 2548 4126 quebatur
2578 4054 2837 4110 clamans
2868 4071 2933 4109 ac
2976 4054 3215 4110 dicens:
3264 4055 3549 4128 Accipite,
3586 4052 3707 4119 filii,
3748 4066 3775 4103 a
3803 4058 3883 4101 me

2258 4145 2411 4216 quod
2432 4143 2630 4199 tollere
2651 4143 2815 4199 obliti
2838 4143 2980 4199 estis
2997 4144 3067 4198 de
3094 4142 3238 4198 cella
3262 4148 3484 4200 nostra.
3515 4139 3879 4210 Quamobrem

2254 4234 2612 4289 admirantes
2664 4232 2748 4287 illi
2782 4232 2939 4287 senis
2960 4232 3352 4300 tolerantiam,
3386 4236 3589 4290 omnia
3615 4223 3879 4287 suislocis

2254 4324 2311 4378 in
2346 4323 2613 4379 cellulam
2647 4322 2858 4377 reversi
2892 4321 3298 4393 restituerunt,
3332 4323 3593 4379 dicentes
3626 4321 3691 4377 ad
3747 4312 3880 4372 invi-

2254 4429 2378 4468 cem
2415 4430 2427 4466 :
2461 4412 2604 4466 Vere
2638 4411 2731 4466 hic
2778 4411 2949 4466 homo
2984 4412 3078 4466 Dei
3115 4415 3220 4466 est.

2323 4502 2463 4557 Cum
2498 4501 2677 4572 igitur
2697 4501 2805 4557 hoc
2829 4500 3177 4572 legeremus,
3211 4501 3294 4556 ait
3314 4502 3384 4557 ad
3421 4519 3515 4558 me
3541 4514 3750 4555 senex:
3778 4492 3879 4549 Hoc

2253 4591 2584 4661 exemplum
2621 4590 2759 4644 mihi
2812 4592 3062 4645 multum
3100 4591 3336 4661 profuit,
3393 4591 3570 4647 abba.
3605 4590 3684 4645 Ad
3717 4596 3878 4657 quem

2242 4697 2385 4753 ego:
2421 4681 2741 4749 Quomodo,
2771 4680 2977 4734 Pater?
3011 4681 3076 4733 Et
3092 4680 3172 4734 ait
3205 4681 3344 4734 mihi
3369 4697 3381 4735 :
3406 4681 3553 4736 Cum
3579 4672 3878 4749 aliquando

2242 4788 2501 4826 morarer
2532 4786 2709 4841 prope
2742 4768 2864 4823 loca
2889 4770 3185 4839 Jordanis,
3220 4770 3331 4840 legi
3364 4770 3496 4838 hoc,
3529 4775 3586 4826 et
3636 4764 3876 4823 mirabar

2239 4861 2396 4915 hunc
2427 4876 2650 4927 senem,
2686 4863 2741 4913 et
2765 4858 3064 4913 dicebam:
3105 4860 3342 4914 Domine
3374 4860 3554 4928 Deus,
3581 4860 3683 4931 qui
3706 4871 3794 4911 me
3812 4849 3876 4907 ad

2238 4950 2395 5004 hunc
2427 4948 2691 5003 habitum
2724 4963 2925 5001 vocare
2957 4947 3233 5018 dignatus
3265 4965 3349 5013 es,
3384 4950 3473 5004 fac
3509 4966 3601 5004 me
3644 4948 3874 5017 dignum

2239 5037 2418 5108 hujus
2447 5036 2690 5108 vestigia
2720 5035 2909 5107 sequi.
2946 5037 3158 5090 Etcum
3195 5038 3463 5093 arderem
3488 5052 3721 5093 summo
3743 5031 3868 5088 affe-

2237 5131 2332 5182 ctu
2358 5125 2934 5195 imitandieum,post
2967 5124 3205 5179 biduum
3233 5130 3695 5197 supervenerunt
3724 5124 3882 5178 latro-

2234 5234 2357 5286 nes,
2390 5225 2447 5273 et
2480 5216 2850 5287 pulsantibus
2883 5214 2998 5271 illis
3024 5217 3292 5287 januam,
3320 5218 3529 5289 agnovi
3555 5218 3693 5289 quia
3717 5215 3879 5269 latro-

2232 5324 2335 5362 nes
2367 5312 2583 5371 essent,
2608 5305 2843 5376 dixique
2862 5305 2922 5360 in
2948 5305 3171 5377 meipso
3198 5321 3210 5358 :
3236 5305 3351 5362 Deo
3370 5306 3625 5378 gratias;
3654 5311 3877 5375 tempus

2228 5403 2317 5453 est
2348 5402 2413 5452 ut
2460 5397 2763 5452 ostendam
2800 5396 3057 5451 fructum
3110 5397 3387 5452 desiderii
3433 5399 3568 5453 mei.
3604 5395 3874 5467 Aperiens

469 5483 653 5538 donec
684 5485 863 5539 frater
904 5484 1001 5540 ille
1032 5503 1172 5541 vasa
1202 5486 1271 5541 de
1307 5487 1499 5542 medio
1550 5487 1798 5553 tolleret,
1828 5492 2005 5558 atque
2030 5505 2120 5543 re-
2226 5494 2421 5544 autem
2448 5489 2720 5557 januam,
2752 5486 3018 5542 hilariter
3036 5486 3269 5558 suscepi
3294 5503 3414 5553 eos,
3447 5493 3503 5543 et
3528 5486 3766 5543 accendi
3791 5482 3879 5539 lu-

469 5580 725 5645 poneret.
751 5574 999 5629 Veniens
1031 5580 1225 5630 autem
1262 5578 1637 5647 postmodum
1672 5594 1869 5645 senex,
1903 5579 1973 5633 de
2002 5578 2118 5633 alia
2225 5594 2483 5647 cernam,
2517 5583 2573 5633 et
2595 5577 2738 5649 ccepi
2772 5576 2857 5632 eis
2882 5576 3075 5631 omnia
3096 5576 3404 5632 ostendere
3426 5578 3630 5633 dicens
3661 5578 3731 5631 ad
3750 5588 3873 5630 eos:

459 5679 523 5719 re
553 5662 718 5719 illum
751 5662 971 5736 alloqui
996 5664 1391 5737 coepit,neque
1409 5667 1604 5739 ipsum
1628 5667 1869 5723 omnino
1891 5667 2105 5739 arguit.
2222 5668 2409 5725 Nolite
2432 5668 2653 5725 turbari
2679 5666 2942 5737 ;conlido
2960 5666 3024 5721 in
3054 5665 3327 5738 Domino,
3350 5669 3486 5739 quia
3511 5668 3661 5724 nihil
3685 5665 3878 5725 celabo
