4092 6324
216 397 316 453 237

1512 414 1811 468 PRATUM
1853 414 2304 474 SPIRITUALE.

3507 438 3615 495 238

219 538 329 577 vos.
362 521 545 579 Aiunt
573 528 765 580 autem
808 526 951 582 mihi
986 544 998 583 :
1033 527 1224 585 Habes
1273 532 1529 587 aurum?
1579 534 1733 591 933
1789 537 1858 592 Et
1886 538 1940 604 Α
1970 540 2215 596 salutem
2234 544 2954 610 maledeﬁnivimus.Nam
2979 557 3025 612 si
3050 560 3304 617 Herodes
3328 562 3616 633 pceniten-

224 612 333 666 dixi
363 613 446 667 eis
482 630 495 667 :
530 614 737 682 Etiam,
773 615 958 673 habeo
991 618 1104 675 tria
1136 622 1519 691 nomismata,
1570 626 1863 698 posuique

223 701 319 756 illa
347 717 545 757 coram
579 704 694 771 eis;
727 705 829 776 qui
861 707 1214 779 accipientes
1234 727 1301 767 ea
1320 711 1592 769 abierunt
1614 716 1670 769 in
1699 732 1859 787 pace.

224 791 321 846 His
351 806 459 862 ego
492 793 729 858 auditis,
756 797 967 866 jocans
998 799 1111 853 dixi
1146 801 1270 856 seni
1308 819 1320 855 :
1352 803 1631 876 Nunquid
1665 805 1761 860 isti
1791 808 1861 861 ad

220 883 267 934 te
299 882 516 936 reversi
548 886 707 948 sunt,
740 888 1240 956 quemadmodum
1275 890 1355 945 illi
1392 894 1459 947 ad
1496 896 1859 965 senem?qui

220 970 405 1024 statim
444 971 593 1026 dixit
622 972 767 1028 mihi
803 992 815 1030 :
850 975 1012 1044 Non;
1047 983 1268 1034 avertat
1298 980 1407 1037 hoc
1441 983 1633 1051 Deus;
1670 1001 1861 1055 neque

222 1058 366 1114 enim
399 1059 720 1119 voluissem
753 1079 857 1135 ego
890 1070 953 1119 ut
981 1073 1430 1126 reverterentur.

777 1180 1009 1240 CAPUT
1040 1184 1286 1243 CCXIII.

220 1263 315 1319 Cur
328 1264 489 1335 signa
512 1275 562 1322 et
579 1270 843 1339 prodigia
860 1271 1010 1327 divin
1020 1272 1131 1328 itus
1149 1276 1208 1329 in
1222 1284 1414 1331 sancta
1434 1277 1681 1333 Ecclesia
1696 1280 1853 1348 ﬁant.

277 1362 703 1422 Dicebatsenex
728 1369 1004 1439 quidam:
1030 1371 1207 1443 Signa
1225 1383 1275 1428 et
1296 1375 1560 1445 prodigia
1577 1376 1855 1434 divinitus

226 1467 395 1523 usque
437 1452 614 1508 hodie
634 1455 694 1510 in
719 1456 975 1514 Ecclesia
1006 1460 1152 1514 ﬁunt
1190 1468 1423 1533 propter
1442 1480 1541 1519 eas
1563 1482 1689 1535 quae
1724 1466 1855 1537 pul-

219 1540 489 1607 lularunt,
526 1548 585 1598 et
608 1546 870 1615 quotidie
913 1548 1224 1618 pullulant,
1253 1552 1464 1623 impias
1496 1553 1766 1621 haereses,
1800 1560 1857 1611 et

218 1630 451 1685 maxime
487 1640 732 1704 propter
766 1636 1027 1708 acephali
1060 1638 1339 1707 Severi,et
1369 1646 1706 1698 caaterorum
1732 1661 1856 1715 per-

219 1720 418 1777 niciosa
453 1722 805 1795 schismata,
830 1727 899 1781 ad
919 1728 1221 1785 munimen
1250 1748 1314 1785 ac
1339 1732 1856 1789 ﬁrmitateminﬁr-

1969 627 2109 683 tiam
2136 632 2374 702 egisset,
2392 640 3008 710 nequejusjurandum
3034 648 3188 717 quod
3215 627 3389 706 stulte
3412 652 3617 709 emise-

1971 723 2079 785 rat,
2115 730 2429 787 servssset,
2457 744 2762 800 nunquam
2795 734 3051 803 profecto
3096 738 3418 794 maximum
3465 740 3611 797 illud

1969 806 2159 863 scelus
2203 812 2561 883 admisisset,
2596 823 2660 872 ut
2690 836 3080 890 praecusorem
3114 826 3327 882 Christi
3361 829 3612 886 decolla-

1967 902 2071 952 ret.
2101 900 2261 962 Quod
2285 905 2517 971 quidem
2548 906 2730 978 ipsius
2754 912 2951 967 Basilii
2977 916 3269 972 sententia
3299 920 3611 975 conﬁrma-

1966 992 2078 1052 tur,
2107 1006 2284 1060 quam
2310 992 2379 1047 de
2402 997 2711 1068 Evangelio
2735 1002 3015 1072 sumpsit,
3039 1007 3275 1077 quando
3296 1007 3481 1064 voluit
3505 1010 3611 1065 Do-

1962 1078 2353 1168 minuslavare
2367 1086 2543 1154 pedes
2559 1088 2707 1143 beati
2725 1092 3129 1159 apostoliPetri
3141 1112 3294 1162 ,cum
3315 1096 3409 1152 ille
3421 1098 3610 1168 primo

1964 1166 2341 1238 pertinaciter
2371 1174 2901 1249 obsistens,postea
2939 1184 3292 1241 sententiam
3336 1166 3608 1245 mutavit.

2513 1293 2745 1350 CAPUT
2785 1297 3053 1356 CCXVII.

1963 1374 2241 1446 Optimum
2279 1382 2423 1435 senis
2450 1384 2765 1466 consilium,
2816 1404 2884 1442 ne
2918 1390 3214 1446 monashus
3257 1394 3486 1450 mulieri
3512 1411 3609 1468 ap-

2598 1472 2947 1530 propinquet.

2030 1547 2185 1603 Dixit
2212 1552 2408 1606 senior
2447 1554 2728 1624 quidam:
2768 1558 2973 1627 Filioli,
3006 1560 3092 1616 sal
3124 1578 3193 1618 ex
3223 1579 3378 1634 aqua
3409 1569 3517 1634 est,
3556 1575 3610 1623 et

1959 1636 2007 1691 si
2040 1640 2594 1711 appropinquaverit
2626 1661 2807 1715 aquae,
2841 1650 3118 1706 continuo
3150 1651 3606 1720 solvitur,etde-

1960 1726 2125 1781 ﬁcit:
2161 1733 2217 1783 et
2248 1732 2572 1787 monachus
2620 1735 2893 1791 similiter
2940 1755 3008 1792 ex
3058 1740 3302 1796 muliere
3332 1748 3447 1810 est;
3492 1743 3607 1799 ita-

220 1826 431 1864 marum
458 1812 826 1877 animarum,
850 1821 1027 1888 atque
1048 1818 1117 1872 ad
1144 1818 1377 1874 illorum
1398 1821 1683 1893 ipsorum,
1707 1824 1854 1879 siita
1958 1830 2072 1885 que
2100 1816 2148 1871 εί
2180 1820 2610 1892 appropinquat
2642 1822 2896 1891 muneri:
2944 1825 3188 1883 SOIVItUI‘
3234 1834 3291 1885 εί
3336 1830 3484 1902 ipse)
3518 1836 3608 1888 δί-

218 1899 508 1967 voluerint,
543 1903 1002 1961 conversionem.
1046 1907 1355 1980 Propterea
1391 1911 1573 1982 igitur
1592 1918 1647 1967 et
1669 1929 1852 1968 asan-
1883 1901 1930 1965 B
1962 1918 2072 1972 que
2103 1904 2159 1960 in
2198 1907 2253 1961 id
2289 1908 2526 1978 desinit,
2560 1917 2623 1967 ut
2646 1913 2773 1983 jam
2807 1917 3132 1972 monachus
3166 1936 3279 1973 non
3312 1920 3408 1975 sit.

218 1988 313 2042 ctis
340 1988 648 2059 Patribus,
682 1996 738 2047 et
768 2010 800 2047 a
832 1994 1191 2052 beatissimis
1243 2001 1599 2071 martyribus
1632 2002 1702 2056 ab
1735 2002 1846 2056 ini-

214 2075 280 2131 tio
310 2078 438 2133 ﬁdei
475 2095 670 2150 usque
700 2080 872 2137 hodie
903 2084 1054 2140 ﬁunt
1085 2085 1377 2143 mirabilia
1408 2089 1465 2143 in
1501 2095 1704 2147 sancta
1753 2108 1847 2146 ca-

216 2164 412 2222 tholica
444 2173 503 2223 et
543 2170 867 2242 apostolica
895 2173 1169 2229 Ecclesia.

766 2288 1009 2344 CAPUT
1039 2290 1274 2346 CCXIV.

214 2371 527 2429 Miraculum
548 2375 724 2444 fontis
743 2377 1091 2446 baptismatis
1114 2379 1171 2434 in
1192 2382 1573 2439 C(eanensium
1602 2384 1842 2441 civitate.

266 2473 483 2528 Soruba
516 2473 687 2529 vicus
737 2478 977 2547 quidam
1010 2484 1099 2534 est
1130 2481 1197 2533 ad
1243 2482 1468 2537 radices
1509 2484 1748 2551 montis,
1784 2485 1842 2539 in

207 2577 307 2631 quo
340 2566 451 2619 sita
494 2569 595 2619 est
625 2568 1030 2622 Cmanensium
1083 2570 1303 2626 civitas.
1355 2571 1417 2626 In
1451 2588 1515 2627 eo
1558 2573 1843 2645 baptiste—

209 2652 337 2707 rium
393 2658 506 2721 est;
551 2655 704 2724 quod
740 2654 798 2708 in
852 2657 1072 2711 sanctis
1123 2657 1467 2729 Epiphaniis
1501 2662 1695 2727 sudat,
1740 2663 1841 2733 qui

207 2741 366 2796 sudor
395 2758 500 2812 per
532 2746 654 2797 tres
686 2742 860 2798 horas
897 2745 1192 2801 continuis
1244 2748 1622 2805 incrementis
1671 2768 1841 2822 auge-

213 2834 313 2895 tur,
342 2835 396 2885 et
427 2836 571 2903 post
591 2832 887 2903 baptisma
919 2840 1219 2904 peractum
1245 2839 1577 2893 decrescere
1610 2838 1839 2913 incipit,

211 2921 259 2973 et
284 2919 464 2974 tribus
496 2918 642 2975 aliis
673 2920 834 2977 horis
863 2924 1081 2979 sensim
1117 2926 1332 2981 deﬁcit.

787 3038 1023 3095 CAPUT
1056 3040 1250 3098 CCXV.

270 3126 437 3181 Aliud
467 3126 813 3183 miraculum
835 3128 1151 3200 baptisterii
1178 3133 1395 3188 castelli
1424 3134 1763 3190 Cedebralis.

2502 2017 2735 2075 CAPUT
2766 2021 3055 2079 CCXVIII.

1957 2101 2230 2169 Quomodo
2261 2105 2435 2162 abbas
2489 2107 2726 2188 Sergius
2769 2110 3139 2188 injurianlem
3178 2115 3481 2185 agricolam
3504 2132 3605 2188 pa-

2492 2182 2691 2235 tientia
2728 2183 3062 2253 confuderit.

2027 2272 2295 2329 Narravit
2322 2274 2492 2331 nobis
2515 2276 2697 2332 abbas
2718 2280 3234 2351 Sergius,antistes
3258 2284 3605 2340 monasterii

1954 2361 2186 2417 abbatis
2214 2364 2603 2434 Constantini,
2651 2367 2854 2423 dicens
2900 2384 2911 2421 :
2955 2369 3099 2424 Cum
3150 2370 3466 2442 aliquando
3498 2374 3608 2430 iter

1953 2466 2261 2520 ageremus
2295 2469 2428 2507 cum
2462 2455 2713 2525 quodam
2750 2462 2950 2512 sancto
2984 2475 3142 2527 sene,
3176 2461 3501 2517 erravimus
3531 2464 3604 2519 de

1952 2538 2067 2605 via,
2092 2544 2148 2594 et
2176 2556 2363 2611 neque
2386 2543 2708 2598 scientibus
2729 2546 2898 2601 nobis
2922 2563 3111 2618 neque
3132 2548 3490 2617 volentibus,
3516 2552 3602 2606 in-

1953 2631 2043 2682 ter
2073 2632 2200 2684 sata
2230 2628 2450 2685 inventi
2486 2648 2716 2702 sumus,
2744 2637 2801 2688 et
2833 2636 3032 2705 aliqua
3060 2636 3131 2691 de
3167 2636 3312 2692 satis
3332 2638 3597 2697 volentes

1952 2715 2335 2790 nolentesque
2353 2719 2728 2776 calcavimus.
2747 2722 2910 2785 Quod
2931 2740 3064 2779 cum
3080 2725 3321 2781 vidisset
3340 2727 3599 2798 agricola

1952 2804 2098 2877 (erat
2118 2807 2272 2862 enim
2298 2807 2417 2864 illic
2438 2811 2711 2881 operans)
2749 2812 2922 2883 coepit
2946 2818 3147 2869 contra
3173 2831 3281 2870 nos
3310 2816 3597 2885 injuriosa

1951 2895 2134 2952 multa
2157 2898 2415 2968 proferre
2436 2916 2567 2953 cum
2592 2898 2918 2967 iracundia,
2937 2901 3138 2958 dicens
3155 2903 3298 2959 :Vos
3322 2904 3595 2961 monachi

1951 2985 2136 3040 estis?
2157 3003 2256 3042 vos
2280 2987 2501 3044 timetis
2526 2993 2700 3044 Deum
2721 2990 2747 3043 ‘l
2770 2990 2819 3044 si
2839 2992 3110 3047 timorem
3134 2992 3237 3047 Dei
3269 2998 3404 3049 ante
3449 3010 3593 3049 ocu-

1950 3074 2036 3130 los
2060 3074 2437 3144 habuissetis,
2458 3077 2566 3133 hoc
2584 3079 2840 3150 profecto
2865 3096 2978 3135 non
3006 3081 3311 3137 fecissetis.
3333 3084 3493 3138 Tunc
3515 3082 3596 3139 ait

1950 3163 2120 3219 nobis
2153 3174 2391 3220 sanctus
2437 3167 2634 3221 senior
2663 3181 2675 3226 :
2709 3168 2808 3222 Per
2838 3168 3151 3224 Dominum
3188 3170 3387 3226 nullus
3418 3173 3467 3227 ei
3503 3188 3597 3227 re-

270 3224 363 3279 Est
390 3230 445 3281 et
494 3226 562 3280 in
618 3227 859 3283 castello
911 3227 1266 3297 Cedebratis,
1307 3233 1460 3303 quod
1505 3233 1616 3289 sub
1645 3238 1839 3290 monte

1959 3254 2256 3324 spondeat.
2274 3224 2717 3326 Conversusque
2742 3256 2810 3311 ad
2837 3224 3410 3321 illum,dixit:
3426 3224 3595 3316 Iocu-

209 3311 567 3371 Enoandron
600 3315 852 3372 civitatis
880 3316 1056 3373 situm
1090 3324 1199 3388 est,
1232 3320 1836 3396 haptisterium,quod

208 3400 255 3455 in
277 3402 534 3473 paschali
561 3410 775 3460 sanctas
803 3408 1245 3466 resurrectionis
1268 3410 1597 3478 festivitate,
1614 3430 1746 3469 cum
1761 3414 1839 3469 sit

208 3487 336 3560 lapis
361 3510 546 3561 unus,
578 3510 647 3548 ex
678 3511 739 3549 se
764 3495 890 3565 ipso
912 3499 1191 3554 continuo
1214 3499 1513 3570 impletur.
1544 3505 1837 3574 Duratque

211 3580 459 3649 aquailla
491 3600 685 3652 usque
716 3585 783 3639 ad
818 3590 1225 3655 Pentecosten,
1262 3605 1511 3661 moxque
1541 3596 1838 3648 transacta

211 3666 530 3727 Pentecoste
556 3672 863 3728 evanescit.
899 3673 1155 3746 Utraque
1185 3694 1320 3733 vero
1344 3680 1456 3733 ista
1478 3679 1758 3735 miracula
1778 3680 1835 3735 in

212 3758 490 3827 provincia
528 3760 711 3832 Lycida
744 3761 913 3817 ﬁunt.
949 3763 1006 3817 Si
1035 3764 1169 3834 quis
1213 3771 1410 3821 autem
1443 3766 1566 3823 haec
1599 3768 1679 3825 ita
1708 3786 1837 3825 esse

214 3862 310 3901 non
342 3849 551 3918 credit,
586 3866 772 3920 usque
804 3851 874 3905 ad
907 3851 1163 3924 Lyciam,
1201 3871 1313 3909 non
1347 3859 1565 3927 grande
1587 3858 1697 3915 iter
1726 3866 1835 3931 est,

213 3943 412 4010 pergat,
447 3944 518 3995 ut
554 3938 632 3994 rei
663 3939 877 3995 veritas
908 3941 1081 3996 ﬁdem
1110 3941 1195 3998 illi
1227 3943 1421 4001 faciat.

801 4056 1035 4112 CAPUT
1068 4058 1303 4116 CCXVI.

214 4144 440 4200 Prudens
482 4143 784 4227 consilium
812 4145 879 4200 de
907 4162 1015 4227 non
1050 4148 1619 4227 temere_deﬁniendo,
1668 4154 1840 4227 deque

358 4232 465 4271 non
485 4216 761 4272 servando
790 4232 916 4288 qum
946 4224 1151 4275 temere
1179 4216 1407 4291 deﬁnita
1434 4216 1664 4294 fuerint.

272 4311 403 4368 Cum
443 4330 638 4370 essem
662 4316 840 4371 semel
864 4317 922 4371 in
945 4321 1148 4372 sancta
1186 4318 1436 4389 civitate,
1460 4322 1622 4378 venit
1642 4324 1713 4378 ad
1747 4341 1841 4381 me

213 4401 291 4455 vir
318 4405 559 4474 quidam
592 4405 807 4474 ﬁdelis,
830 4414 882 4461 et
905 4406 1047 4461 dixit
1075 4408 1259 4464 mihi:
1286 4409 1431 4476 Quia
1453 4414 1717 4483 quaedam
1746 4415 1840 4470 in-

216 4489 457 4561 dignatio
492 4494 696 4548 oborta
725 4500 815 4550 est
834 4495 988 4551 inter
1007 4513 1098 4552 me
1113 4502 1169 4552 et
1193 4498 1425 4554 fratrem
1445 4508 1722 4568 meum,et
1742 4504 1841 4560 ille

1946 3347 2040 3397 tus
2062 3358 2143 3411 es,
2162 3342 2244 3396 ﬁli
2269 3343 2380 3410 mi;
2406 3360 2538 3399 nam
2566 3344 2614 3399 si
2640 3344 2909 3400 timorem
2934 3346 3034 3401 Dei
3068 3346 3443 3417 haberemus,
3479 3367 3595 3405 non

1949 3429 2030 3485 ita
2064 3431 2544 3488 fecissemus.llle
2566 3450 2774 3490 rursus
2798 3435 3597 3509 furens,contumeliisimpe-

1949 3521 2106 3575 tebat
2140 3538 2265 3576 nos.
2302 3522 2678 3594 Rursumque
2710 3524 2855 3577 dixit
2885 3542 3081 3579 senior
3110 3527 3180 3580 ad
3216 3525 3380 3581 illum
3409 3542 3421 3581 :
3446 3526 3597 3582 Vera

1951 3610 2452 3680 prosequeris,ﬁli;
2474 3628 2608 3665 nam
2631 3614 2677 3667 si
2704 3614 2819 3666 veri
2845 3614 3115 3668 monachi
3138 3616 3592 3684 essemus,istud

1950 3715 2064 3752 non
2096 3699 2449 3768 egessimus,
2482 3703 2581 3753 sed
2635 3717 2737 3772 per
2790 3703 3098 3757 Dominum
3129 3703 3372 3775 indulge
3421 3705 3591 3762 nobis

1949 3786 2224 3858 quoniam
2261 3788 2650 3859 peccavimus.
2684 3790 3060 3861 Stupefactus
3082 3808 3218 3864 ergo
3242 3793 3337 3848 ille
3359 3794 3431 3848 ad
3457 3800 3592 3850 tan-

1948 3881 2068 3931 tam
2102 3877 2255 3932 senis
2277 3876 2954 3947 humilitatem,accessit
2972 3880 3590 3952 propius,prostravit-

1949 3981 2061 4037 que
2092 3981 2153 4021 se
2185 3966 2255 4021 ad
2290 3966 2466 4038 pedes
2503 3968 2683 4034 senis,
2718 3967 2919 4023 dicens
2953 3984 2964 4025 :
3001 3968 3259 4041 Peccavi,
3299 3972 3457 4026 934
3504 3971 3596 4026 in-

1949 4054 2122 4127 dulge
2156 4054 2323 4125 mihi,
2357 4061 2414 4111 et
2446 4072 2546 4128 per
2576 4056 2893 4113 Dominum
2926 4060 3214 4115 assumite
3271 4076 3365 4116 me
3406 4060 3594 4116 vobis-

1949 4161 2105 4199 cum.
2144 4145 2492 4217 Dicebatque
2536 4147 2744 4201 beatus
2791 4146 3053 4219 Sergius,
3086 4148 3224 4219 quia
3255 4154 3496 4207 secutus
3521 4150 3601 4207 sit

1949 4233 2083 4290 illos
2115 4235 2391 4303 rusticus,
2426 4240 2483 4291 et
2515 4236 2804 4307 acceperit
2832 4236 3124 4293 habitum.

2517 4342 2755 4399 CAPUT
2788 4346 3027 4400 CCXIX.

1951 4432 2224 4502 Quomodo
2267 4435 2445 4502 frater
2495 4432 2722 4504 quidam
2781 4434 3098 4493 humilitate
3147 4436 3376 4495 diacono
3430 4439 3499 4494 de
3547 4454 3603 4495 se

2357 4504 2713 4575 conquerenti
2741 4506 3068 4562 conciliatus
3095 4512 3187 4563 sit.

220 4596 318 4636 non
352 4582 475 4637 vult
510 4583 874 4640 reconciliari
919 4585 1096 4654 mihi;
1141 4586 1646 4661 alloquereillum,
1682 4598 1737 4647 et
1768 4594 1838 4648 ad
1874 4616 1917 4678 Β
2020 4602 2289 4658 Narravit
2317 4602 2486 4657 nobis
2511 4602 2706 4658 senior
2729 4606 2970 4674 quidam
2996 4606 3066 4661 de
3090 4623 3172 4675 se,
3197 4608 3431 4663 dicens:
3455 4607 3601 4663 Cum

218 4672 743 4728 reconciliationem
774 4673 1094 4730 exhortare.
1134 4677 1295 4741 Quod
1328 4693 1432 4749 ego
1455 4680 1844 4737 libentissime

221 4762 561 4832 suscipiens,
588 4763 831 4818 conveni
854 4763 1091 4819 fratrem
1124 4764 1306 4835 illius,
1337 4765 1680 4839 locutusque
1712 4786 1845 4826 cum

220 4847 309 4903 illo
334 4867 463 4906 sum
498 4868 569 4907 ea
592 4868 718 4924 quae
734 4852 803 4908 ad
829 4852 1174 4910 charitatem
1197 4865 1250 4911 et
1273 4858 1638 4915 concordiam
1664 4861 1847 4932 perti-

220 4953 341 4994 nere
362 4942 738 4998 videbantur.
763 4942 1057 5015 Visusque
1080 4950 1161 5001 est
1186 4945 1420 5001 interim
1446 4948 1849 5021 obtemperare

221 5026 369 5099 mihi,
403 5032 784 5101 postmodum
809 5049 939 5089 vero
955 5033 1183 5089 dixitad
1202 5052 1324 5092 me:
1349 5036 1723 5094 Reconciliari
1750 5057 1848 5096 ne-

223 5130 379 5185 queo,
404 5121 754 5191 quiajuravi
786 5138 1154 5194 percrucem,
1176 5124 1329 5180 ultra
1348 5125 1433 5180 illi
1459 5144 1571 5183 non
1593 5130 1850 5186 reconci-

225 5202 360 5262 liari.
383 5208 506 5271 Quo
532 5209 755 5280 audito,
779 5211 1091 5268 subridens
1114 5214 1204 5269 aio
1227 5216 1296 5269 ad
1316 5215 1482 5272 illum
1509 5217 1851 5275 :Juramen-

224 5296 333 5349 tum
358 5303 525 5353 tuum
545 5299 720 5354 talem
746 5300 921 5356 habet
940 5302 1079 5371 vim,
1103 5320 1166 5358 ac
1191 5303 1237 5359 si
1263 5303 1512 5362 dixisses
1546 5323 1560 5362 :
1592 5312 1699 5363 Per
1724 5326 1850 5380 pre-

224 5383 421 5441 tiosam
451 5403 682 5444 crucem
712 5395 895 5456 tuam,
922 5390 1168 5459 Christe,
1194 5411 1306 5450 non
1330 5395 1650 5452 observabo
1682 5414 1854 5455 man-

227 5468 347 5526 data
376 5478 502 5541 tua,
525 5478 627 5532 sed
651 5478 873 5533 inimici
892 5479 976 5533 tui
999 5480 1215 5536 diaboli
1240 5481 1597 5539 voluntatem
1619 5485 1852 5544 faciam.

231 5557 342 5617 Non
374 5566 563 5621 solum
597 5566 753 5621 enim
810 5584 921 5623 non
963 5568 1245 5626 debemus
1286 5587 1354 5628 ea
1382 5589 1632 5644 servare,
1664 5592 1791 5647 qua
1824 5595 1857 5633 a

227 5649 385 5707 nobis
401 5655 650 5723 pessime
666 5656 908 5713 definita
921 5657 1265 5727 fuerint,sed
1279 5661 1454 5717 etiam
1476 5663 1854 5738 maximepm-

235 5738 521 5799 nitentiam
545 5761 715 5818 agere
736 5749 793 5802 et
813 5746 994 5819 afﬂigi
1019 5746 1079 5804 in
1100 5748 1190 5805 bis
1214 5766 1343 5822 quae
1366 5756 1568 5809 contra
1591 5758 1853 5814 nostram

1954 4693 2268 4764 aliquando
2301 4708 2563 4747 morarer
2592 4694 2662 4747 ad
2697 4693 2867 4749 breve
2892 4700 3125 4766 tempus
3156 4696 3215 4751 in
3248 4697 3603 4753 monasterio

1956 4781 2184 4837 abbatis
2238 4780 2545 4846 Gerasimi,
2586 4781 2875 4837 habebam
2926 4786 3242 4854 quemdam
3289 4786 3435 4841 mihi
3481 4803 3605 4841 ma-

1955 4873 2111 4927 xime
2142 4870 2424 4927 dilectum
2474 4874 2713 4927 fratrem
2761 4874 2819 4927 in
2870 4876 3278 4932 contubernio.
3331 4878 3430 4933 Die
3473 4893 3608 4932 vero

1958 4962 2213 5033 quadam
2247 4961 2587 5017 sedentibus
2615 4961 2805 5033 nobis,
2830 4967 2885 5018 et
2910 4964 2980 5019 de
3013 4965 3269 5022 utilitate
3300 4967 3506 5021 animae
3528 4964 3610 5021 lo-

1959 5051 2297 5121 quentibus,
2353 5050 2710 5106 mentionem
2746 5052 2850 5108 feci
2897 5070 3000 5125 ego
3050 5055 3118 5110 de
3166 5072 3437 5111 sermone
3466 5071 3610 5127 quo-

1962 5140 2095 5195 dam
2140 5138 2367 5195 abbatis
2420 5139 2729 5196 Poemenis.
2762 5142 2869 5206 Qui
2904 5142 2985 5197 ait
3017 5144 3086 5199 ad
3122 5159 3213 5199 me
3250 5160 3261 5198 :
3298 5144 3414 5215 Ego
3445 5162 3611 5217 expe-

1963 5230 2212 5284 rimento
2246 5228 2421 5283 didici
2457 5230 2763 5285 verborum
2803 5230 3050 5287 istorum
3082 5239 3204 5288 va
3236 5240 3289 5288 el
3320 5232 3610 5305 tranquil-

1962 5318 2214 5385 litatem,
2248 5335 2313 5373 ac
2342 5317 2746 5375 vehementem
2780 5320 3099 5377 efﬁcaciam
3132 5322 3392 5379 illorum.
3428 5324 3611 5379 Habui

1910 5471 1914 5475 ,
1962 5407 2118 5463 enim
2152 5406 2334 5463 semel
2365 5408 2673 5463 diaconum
2707 5410 3024 5479 quemdam
3075 5412 3414 5467 monasterii
3468 5412 3615 5468 mihi

1964 5495 2407 5565 charissimam,
2443 5501 2619 5568 atque
2650 5497 3127 5557 amantissimum
3155 5502 3292 5560 mei.
3318 5501 3486 5570 Huic,
3512 5518 3613 5564 ne-

1964 5585 2083 5642 scio
2117 5586 2269 5642 unde
2300 5585 2459 5642 venit
2490 5586 2750 5658 suspicio
2782 5588 2853 5644 de
2887 5604 2978 5644 me
3010 5591 3323 5662 cujusdam
3374 5592 3455 5648 rei
3500 5590 3614 5648 sibi

1964 5675 2273 5732 inferentis
2305 5691 2636 5744 mcerorem,
2689 5676 2981 5752 coepitque
3012 5682 3369 5752 constritari,
3418 5686 3475 5737 et
3521 5696 3616 5737 me

1966 5780 2081 5822 non
2144 5770 2210 5821 ut
2264 5764 2490 5823 solebat
2538 5764 2775 5824 intueri.
2826 5769 3049 5828 Videns
3081 5776 3280 5829 autem
3307 5786 3411 5843 ego
3444 5768 3614 5826 illum
