4092 6324
415 386 522 442 239

1603 385 1701 438 ΠΒ
1737 385 1927 439 νιτιε
1963 385 2262 440 PBA’I‘UM
2298 384 2513 439 LIBER
2550 384 2625 439 X.

3716 386 3825 442 240

416 513 670 581 tristem,
712 525 952 566 causam
984 508 1056 564 ab
1105 524 1171 563 eo
1219 506 1469 562 tristitiae
1531 506 1860 579 percontari
1894 508 2061 579 coepi.
2096 523 2150 585 Α
2183 508 2289 564 Ubi
2311 512 2597 580 suntquis
2618 508 2805 565 fecisti
2832 509 2976 577 heri,
2999 509 3088 565 vel
3116 509 3666 576 nudiustertius,vel
3688 516 3824 566 ante

419 602 527 669 Qui
561 600 707 657 dixit
742 599 887 655 mihi
920 616 931 653 :
964 597 1107 664 Quia
1154 613 1276 652 rem
1328 596 1503 652 istam
1539 596 1751 651 fecisti.
1788 598 1902 668 Ego
1935 614 2067 653 cum

420 690 567 747 nihil
602 690 741 745 mihi
776 688 1014 744 omnino
1047 686 1235 758 ipsius
1266 686 1350 741 rei
1383 685 1657 741 conscius
1690 687 2069 757 essem,ccepi

418 779 505 835 illi
545 779 902 841 satisfacere,
958 793 1022 831 ac
1072 776 1296 832 discere
1364 774 1588 830 nullam
1639 775 1830 845 ipsius
1864 775 1943 829 rei
1980 791 2068 830 me

420 868 636 923 habere
686 865 1133 922 conscientiam.
1174 863 1241 919 Et
1287 863 1369 920 ait
1416 864 1563 918 mihi
1595 882 1608 919 :
1645 866 1906 935 Ignosce,
1964 864 2071 918 tra-

417 962 525 1027 ter,
561 955 703 1011 mihi
738 954 1106 1011 satisfactum
1140 970 1257 1009 non
1290 957 1397 1008 est.
1433 953 1733 1008 Profectus
1766 954 1964 1024 itaque
1997 953 2069 1007 ab

416 1045 514 1101 illo
547 1046 605 1100 in
640 1043 911 1101 cellulam
946 1058 1137 1099 meam
1172 1043 1317 1113 ccepi
1350 1042 1686 1098 examinare
1718 1058 1814 1097 cor
1848 1058 2067 1108 meum,

416 1152 490 1191 an
523 1134 638 1190 tale
671 1133 895 1205 aliquid
929 1150 962 1188 a
993 1149 1085 1187 me
1118 1131 1326 1187 fuisset
1374 1132 1723 1200 admissum,
1759 1147 1942 1201 neque
1974 1130 2070 1185 in-

415 1224 747 1280 veniebam.
781 1227 921 1277 Cum
955 1237 1092 1294 ergo
1126 1220 1220 1275 ille
1251 1226 1472 1275 teneret
1505 1227 1774 1275 sanctum
1824 1220 2066 1275 calicem

420 1312 479 1369 in
518 1312 816 1382 manibus,
849 1310 1251 1381 fratribusque
1304 1309 1705 1379 distribueret,
1739 1310 1957 1365 accessi
1993 1310 2064 1364 ad

416 1420 550 1459 eum
576 1401 772 1473 juravi
807 1417 908 1473 per
938 1400 1137 1472 ipsum
1178 1398 1442 1465 calicem,
1495 1398 1637 1453 nihil
1686 1414 1777 1453 me
1826 1398 2065 1453 omnino

415 1494 532 1547 tale
562 1492 836 1564 gessisse.
899 1490 1015 1546 Nec
1073 1488 1368 1559 siquidem
1420 1487 1504 1542 illi
1558 1487 1925 1542 satisfactum
1955 1491 2063 1542 est.

417 1582 644 1637 Rursus
675 1597 807 1637 vero
842 1579 901 1634 in
934 1596 1027 1634 me
1058 1578 1253 1649 ipsum
1305 1578 1559 1643 rediens,
1612 1577 1903 1647 verbaque
1952 1577 2067 1632 ista

413 1675 753 1727 sanctorum
788 1673 1026 1725 Patrum
1062 1666 1350 1722 memoria
1381 1672 1674 1737 repetens,
1708 1665 1907 1736 eisque
1938 1682 2066 1720 cre~

411 1760 576 1831 dens,
611 1760 756 1815 verti
788 1757 1087 1830 paulisper
1134 1756 1549 1828 cogitationem
1604 1770 1818 1821 meam,
1861 1760 1918 1809 et
1946 1755 2065 1809 dixi

412 1849 471 1905 in
506 1866 599 1905 me
629 1850 757 1921 ipso
788 1866 800 1903 :
836 1848 1130 1903 Diaconus
1163 1846 1271 1901 iste
1306 1844 1703 1900 intentissime
1735 1843 1929 1915 diligit
1951 1861 2065 1910 me,

412 1944 469 1994 et
500 1938 785 1994 charitate
844 1941 1041 1993 motus
1095 1936 1205 1990 hoc
1256 1935 1402 1989 dixit
1453 1933 1623 2001 mihi,
1657 1934 1810 2004 quod
1845 1938 1970 1988 erat
2002 1934 2057 1987 in

412 2025 587 2081 corde
619 2040 725 2080 suo
767 2025 838 2079 de
884 2039 997 2090 me,
1042 2027 1109 2077 ut
1158 2021 1392 2077 sobrius
1446 2038 1511 2075 ac
1559 2020 1808 2091 vigilans
1838 2022 1975 2091 sim,
2005 2027 2063 2076 et

414 2116 485 2169 de
516 2119 720 2170 caetero
754 2113 1079 2169 custodiam
1115 2129 1207 2167 me
1236 2111 1455 2183 ipsum,
1488 2116 1545 2166 et
1570 2110 1726 2165 istud
1765 2109 1916 2165 ultra
1948 2127 2061 2165 non

416 2204 631 2259 faciam
662 2221 675 2259 :
708 2204 809 2259 sei
840 2208 923 2271 tu,
958 2201 1155 2257 infelix
1181 2201 1398 2269 anima,
1432 2201 1573 2255 dum
1606 2200 1774 2269 dicis,
1808 2198 1932 2255 Non
1958 2200 2064 2255 feci

413 2293 564 2350 hanc
614 2309 759 2360 rem,
802 2290 1318 2363 innumeragmala
1366 2290 1628 2361 gessisti,
1682 2297 1737 2344 et
1778 2288 1961 2344 latent
1987 2294 2063 2344 te.

2179 598 2376 652 decem
2408 598 2569 653 dies?
2596 600 2782 653 recole
2817 615 2885 654 ea
2922 599 2971 653 si
3016 604 3197 670 potes.
3252 604 3316 653 Et
3361 599 3469 654 hoc
3510 600 3710 670 itaque
3742 600 3825 654 fe-

2178 686 2331 751 cisti,
2364 686 2515 742 sicut
2562 693 2620 743 et
2666 687 2784 753 illa,
2826 688 2967 743 latet
3023 694 3079 743 te
3135 687 3411 743 similiter
3453 692 3517 743 ut
3563 688 3686 743 illa.
3730 689 3827 743 Sic

2177 775 2377 846 itaque
2407 775 2603 831 animo
2635 776 2898 840 allectus,
2955 776 3125 848 quasi
3186 793 3387 832 revera
3436 777 3491 832 id
3528 778 3824 843 fecissem,

2177 865 2275 919 sed
2310 863 2462 918 inter
2492 870 2696 920 caetera
2752 864 2973 921 oblitus
3028 881 3219 921 essem
3271 866 3417 937 ccepi
3467 866 3688 938 gratias
3729 884 3828 923 re-

2176 953 2325 1009 ferre
2360 959 2468 1009 Deo
2508 959 2563 1009 et
2614 955 2879 1021 diacono,
2931 955 3207 1025 quoniam
3267 972 3368 1026 per
3396 956 3588 1026 ipsum
3622 956 3824 1012 Domi-

2174 1059 2286 1097 nus
2334 1044 2584 1115 dignum
2629 1060 2722 1098 me
2773 1044 3007 1099 fecisset
3058 1060 3470 1113 recognoscere
3516 1049 3825 1116 peccatum

2174 1148 2396 1201 meum,
2421 1138 2477 1187 et
2498 1132 2900 1203 paenitentiam
2918 1133 2988 1188 de
3010 1132 3135 1203 ipso
3151 1148 3341 1203 agere.
3366 1133 3622 1204 Surgens
3643 1134 3829 1206 igitur

2174 1220 2397 1292 perrexi
2428 1223 2500 1276 ad
2525 1222 2837 1277 diaconum
2864 1227 2925 1276 ut
2950 1222 3353 1294 penitentiam
3380 1239 3634 1294 agerem,
3655 1231 3713 1279 et
3733 1224 3825 1280 illi

2176 1310 2442 1365 referrem
2473 1310 2717 1380 gratias.
2756 1311 2825 1367 Ut
2856 1326 2992 1381 ergo
3034 1309 3263 1382 pulsavi
3312 1309 3502 1381 ipsius
3544 1312 3822 1381 januam,

2174 1399 2454 1453 continuo
2486 1398 2774 1470 aperiens,
2810 1399 3037 1470 primus
3068 1416 3131 1454 se
3163 1398 3331 1465 mibi,
3366 1400 3699 1469 prostravit,
3731 1402 3826 1456 di-

2175 1504 2311 1544 cens
2339 1504 2350 1541 :
2387 1488 2625 1559 Ignosce
2657 1487 2823 1552 mihi,
2848 1505 2982 1542 nam
3015 1504 3048 1543 a
3094 1490 3385 1543 daemonio
3418 1488 3562 1543 mihi
3605 1506 3822 1561 sugge-

2174 1583 2330 1632 stum
2391 1583 2499 1643 est,
2562 1582 2625 1631 ut
2684 1593 2803 1631 rem
2858 1576 3020 1631 illam
3094 1578 3240 1632 falso
3298 1579 3368 1632 de
3433 1583 3488 1632 te
3546 1580 3825 1651 suspica-

2174 1682 2286 1722 rer.
2322 1669 2384 1722 In
2419 1666 2659 1722 veritate
2683 1666 2839 1721 enim
2872 1665 3026 1720 Deus
3058 1682 3151 1721 me
3182 1672 3406 1721 certum
3439 1666 3696 1723 reddidit
3729 1668 3824 1723 in-

2174 1755 2457 1811 nocentiae
2501 1760 2616 1810 tua:
2681 1770 2872 1825 neque
2920 1754 3160 1810 omnino
3210 1754 3479 1827 permisit
3517 1762 3581 1811 ut
3614 1757 3696 1812 illi
3726 1774 3826 1813 sa-

2173 1844 2525 1911 tisfacerem,
2576 1844 2780 1899 dicens
2837 1843 2980 1898 mihi
3012 1860 3024 1896 :
3056 1843 3179 1899 Non
3237 1850 3327 1899 est
3382 1859 3637 1901 necesse.
3698 1847 3822 1919 Ego

2169 1934 2350 2005 igitur
2401 1932 2655 1988 maxime
2705 1933 3046 1998 aedificatus,
3094 1931 3412 2002 glorificavi
3460 1938 3717 2003 Patrem,
3764 1942 3826 1991 et

2176 2023 2414 2087 Filium,
2440 2027 2498 2077 et
2528 2022 3127 2093 Spiritum,sanctum
3157 2021 3706 2079 incommutabilem
3728 2029 3819 2079 at-

2176 2127 2288 2183 que
2318 2111 2681 2165 individuam
2711 2111 3077 2178 Trinitatem,
3107 2110 3200 2164 cui
3232 2116 3320 2166 est
3353 2110 3521 2179 honr,
3555 2118 3609 2167 et
3641 2114 3827 2185 impe-

2176 2201 2352 2269 rium,
2385 2206 2440 2255 et
2474 2200 2932 2271 magniﬁcentia,
2963 2204 3021 2256 et
3068 2199 3255 2271 gloria
3305 2200 3361 2254 in
3394 2200 3605 2257 saacula
3634 2219 3825 2258 saecu-

2177 2288 2389 2345 lorum.
2422 2291 2627 2344 Amen.

1748 2387 2125 2444 ROSWEYDI
2164 2387 2477 2443 NOTATIO
2490 2421 2502 2445 ι

482 2481 560 2553 (1)
591 2480 805 2553 Nudam
856 2495 979 2535 eam
1040 2480 1225 2533 sancto
1276 2478 1389 2553 oleo
1442 2479 1764 2553 inungere,]
1796 2476 2064 2553 Obtinuit

412 2548 551 2609 olim
580 2558 700 2609 tam
744 2552 899 2606 viros
936 2567 1111 2622 quam
1175 2550 1424 2622 feminas
1479 2551 1666 2622 n_udas
1716 2548 2061 2622 corporibus

412 2624 725 2694 baptizare,
763 2619 968 2694 itaque
993 2619 1942 2694 inungere.VideOnomasticon.

505 2698 560 2767 2)
593 2692 941 2763 Saracenos.)
972 2694 1053 2749 De
1090 2692 1394 2748 monachis
1417 2710 1447 2767 a
1471 2692 1777 2767 Saracenis
1818 2692 2054 2767 interfe-

413 2763 521 2823 ctis
543 2763 1015 2835 Martyrologium
1034 2770 1361 2819 Romanum
1390 2764 1453 2817 19
1476 2763 1770 2835 Februarii
1795 2780 1807 2816 :
1836 2786 1861 2811 (ί
1886 2764 1941 2817 In
1968 2768 2059 2817 Pa-

413 2839 641 2893 laestina
662 2834 1143 2893 commemoratio
1168 2842 1506 2890 sanctorum
1530 2834 1973 2897 monachorum,
2005 2839 2062 2888 et

413 2910 661 2965 aliorum
696 2914 1044 2978 martyrum,
1071 2908 1170 2978 qui
1210 2925 1241 2961 a
1275 2906 1606 2978 Sarracenis
1628 2907 1735 2960 sub
1758 2907 1905 2978 duce
1925 2905 2060 2961 Ala-

414 2982 707 3035 mundaro
738 2981 809 3033 ob
843 2976 1015 3033 fidem
1048 2976 1263 3033 Christi
1304 2976 1627 3032 saevissime
1668 2976 1796 3032 cassi
1833 2982 1991 3032 sunt.
2028 2998 2056 3026 ››

415 3052 521 3108 Ubi
546 3052 834 3108 Baronius
857 3056 1016 3106 notat
1041 3050 1254 3105 Iisdem
1293 3049 1425 3103 caesi
1450 3054 1589 3102 sunt
1622 3048 1677 3101 hi
1719 3054 2059 3104 Sarraceno-

415 3142 546 3179 rum
562 3124 1276 3191 incursionibus,quarum
1297 3121 1514 3175 mentio
1536 3120 1857 3175 habeturin
1885 3122 2059 3176 rebus

415 3197 601 3267 gestis
625 3196 811 3267 sancti
832 3195 1081 3267 Joannis
1109 3192 1450 3267 Silentiarii,
1494 3210 1641 3267 quas
1680 3192 1856 3267 refert
1883 3192 2056 3267 Meta-

414 3262 687 3338 phrastes
728 3266 819 3320 die
857 3266 917 3320 l3
949 3265 1107 3333 Maii,
1136 3264 1396 3338 itemque
1430 3265 1486 3317 in
1508 3262 1641 3338 Vita
1671 3264 1859 3338 sancti
1892 3264 2050 3338 Saba:

414 3335 641 3394 abbatis
664 3339 815 3409 apud
842 3336 1243 3409 eumdemrdic
1270 3337 1305 3409 5
1336 3335 1792 3409 Decembris,_ac
1826 3335 1882 3389 in
1901 3336 2059 3409 Actis

414 3412 587 3466 etiam
632 3406 820 3465 sancti
862 3407 1154 3478 Euthymii
1198 3406 1449 3469 abbatis,
1494 3421 1622 3475 quae
1662 3406 1810 3460 idem
1857 3407 2060 3460 recitat

413 3483 507 3537 die
537 3483 606 3535 20
635 3482 922 3536 Januarii.
955 3478 1350 3534 Consentiunt
1382 3478 1589 3531 iisdem
1618 3493 1742 3546 quae
1768 3478 2061 3532 habentur

412 3554 473 3608 in
509 3554 677 3608 Prato
709 3550 1022 3623 spirituali,
1055 3566 1179 3620 cap.
1230 3550 1293 3603 21
1350 3554 1406 3603 et
1448 3550 1535 3601 99.
1568 3548 1701 3623 Uita
1738 3550 2059 3623 eademque

413 3620 759 3696 persecutio'
784 3623 1238 3696 Sarracenorum
1290 3625 1525 3675 sanctos
1556 3620 1706 3696 935
1745 3622 2059 3696 monachos

413 3691 778 3767 diversisque
803 3694 1011 3767 diebus
1051 3692 1284 3767 occidit,
1319 3698 1384 3746 ut
1418 3709 1531 3745 non
1560 3691 1795 3767 mireris
1827 3693 1874 3747 si
1910 3694 2058 3748 infe-

415 3769 537 3822 rius
567 3767 637 3821 de
669 3764 974 3821 monachis
1004 3765 1170 3820 cassis
1194 3781 1225 3819 a
1266 3764 1605 3818 Sarracenis
1642 3779 1793 3835 saepe
1830 3770 2056 3837 agatur.

413 3839 707 3895 Hactenus
736 3838 1041 3892 Baronius.

487 3911 563 3983 (3)
597 3912 677 3964 Ex
704 3908 1096 3983 scholaribusr]
1133 3908 1190 3983 in
1219 3906 1408 3983 Cresco
1438 3910 1550 3983 est,
1578 3902 2055 3983 ἀτεᾷξχολαρξῳν.

414 3977 694 4037 Ηάτὺθῑυε
726 3986 939 4036 veterat
999 3980 1378 4035 scholasticus.
1441 3977 1518 4030 Ex
1578 3977 1799 4031 militia:
1855 3977 2059 4034 ordine

416 4053 713 4109 scholares
742 4058 901 4108 sunt.
936 4051 1079 4104 Vide
1109 4046 1548 4104 Onomasticon.

488 4126 559 4195 (4)
591 4125 755 4179 Verba
783 4132 984 4177 sanctae
1013 4120 1363 4195 o_blationis.]
1383 4119 1552 4195 Infra,
1577 4135 1703 4188 cap.
1730 4119 1851 4185 196,
1878 4119 2059 4177 habes

414 4190 555 4251 item
584 4196 756 4250 verba
781 4193 1095 4249 oblationis
1117 4209 1144 4246 a
1173 4190 1681 4261 puero’prolata,et
1704 4208 1912 4260 panem
1944 4210 2059 4248 una

414 4284 549 4321 cum
584 4282 742 4334 saxo,
775 4265 929 4335 quod
960 4282 1061 4334 pro
1109 4263 1278 4318 altari
1309 4266 1453 4326 erat,
1487 4261 1629 4335 ignei
1665 4261 1886 4318 ccelesti
1918 4281 2058 4318 con-

414 4343 765 4408 sumptum;
799 4334 955 4406 quod
997 4335 1323 4389 reverentiae
1382 4350 1572 4408 causa
1612 4334 1829 4389 factum
1863 4336 2055 4401 credo,

418 4427 489 4464 ne
522 4405 789 4463 videlicet
821 4405 951 4461 itam
1013 4411 1282 4461 sanctum
1336 4405 1679 4476 mysterium
1733 4408 2059 4477 puerilibus

421 4480 665 4535 ludicris
692 4483 1097 4547 exponeretur.

484 4554 556 4621 (5)
590 4551 859 4621 Babylae.]
888 4550 955 4605 Ut
988 4549 1083 4605 hic
1128 4547 1433 4621 ecclesiam
1476 4547 1827 4621 ingrediens,
1854 4552 2055 4605 audita

409 4619 651 4678 fortuita
706 4619 992 4691 Evangelii
1045 4619 1334 4693 sententia
1367 4620 1435 4693 ad
1470 4619 1765 4693 meliorem
1820 4623 2051 4693 frugem

408 4695 784 4760 convertitur,
819 4690 974 4748 idem
1011 4691 1305 4761 plurimus
1332 4690 1463 4745 aliis
1494 4691 1755 4761 contigit.
1793 4690 2049 4747 Vide'di-

407 4773 501 4821 eta
532 4767 600 4820 ad
634 4765 825 4819 Vitam
859 4765 1045 4819 sancti
1080 4763 1315 4833 Antonii
1352 4776 1478 4833 cap.
1512 4764 1543 4815 2
1576 4779 1631 4815 n.
1663 4762 1715 4815 9.

482 4838 557 4909 (6)
591 4837 770 4909 Elige]
808 4838 880 4890 De
914 4836 1035 4909 Elia
1060 4837 1122 4909 in
1157 4833 1426 4889 exsilium
1468 4833 1650 4909 misso
1673 4839 1861 4909 exstat
1894 4852 2050 4890 men-

411 4904 567 4965 tio-in
601 4908 734 4964 Vita
753 4904 955 4963 'sancti
981 4907 1164 4970 Sabaa,
1201 4912 1429 4960 auctore
1460 4904 1693 4975 Cyrillo,
1716 4908 1750 4959 5
1777 4906 2046 4963 Decemb.

407 4980 552 5036 Vide
586 4980 914 5041 Baronium,
940 4986 1093 5033 tome
1123 4977 1403 5049 Vl,anno
1443 4976 1655 5049 Christi
1704 4978 1829 5049 5t3,
1866 4984 2051 5049 Sym-

412 5052 602 5107 machi
638 5068 821 5124 papae,
853 5052 918 5105 15
950 5048 1247 5104 Anastasii
1286 5048 1428 5118 imp.
1488 5048 1581 5116 23,
1616 5052 1672 5102 et
1701 5048 2042 5106 Theodorici

410 5126 560 5179 regis
581 5126 641 5179 2l
657 5166 669 5177 .

474 5140 805 5259 gzgdvero
838 5193 929 5247 hic
961 5192 1229 5255 habetur,
1256 5195 1375 5261 post
1396 5196 1527 5243 duos
1558 5190 1690 5255 dies,
1730 5198 1922 5246 monet
1947 5194 2050 5247 Ba-

408 5267 611 5320 ronius
643 5272 796 5320 tomo
837 5267 1066 5330 eodem,
1120 5260 1270 5318 anno
1317 5260 1531 5317 Christi
1562 5262 1687 5325 518,
1728 5262 2049 5318 Hormisdae

406 5354 568 5416 papa:
599 5340 652 5416 5,
688 5335 974 5416 Anastasii
1026 5336 1169 5416 imp.
1377 5333 1927 5416 'l‘heodcriciuregis
1957 5338 2048 5402 26,

402 5403 572 5472 duos,
602 5408 896 5477 inquiens,
916 5403 1197 5460 nimirum
1221 5406 1345 5459 dies
1370 5421 1401 5458 a
1425 5403 1660 5477 scriptis
1682 5403 1915 5477 litteris,
1936 5425 2050 5463 non

412 5486 607 5534 autem
630 5475 703 5533 ab
722 5478 883 5532 obitu
902 5476 1198 5532 Anastasii
1220 5476 1637 5531 numerandos.
1669 5475 1834 5531 Certe
1858 5477 2054 5535 inVita

399 5549 1033 5620 sanctiSabccaCyrillo
1053 5549 1336 5604 monacho
1369 5546 1721 5620 conscripta,
1752 5550 1786 5600 5
1821 5554 2053 5607 necem-

400 5622 545 5687 bris,
589 5622 740 5675 Elias
786 5618 909 5690 ipse
960 5637 1027 5673 ex
1066 5621 1288 5675 visione
1310 5625 1367 5674 et
1391 5618 1741 5673 revelatione
1766 5629 1961 5677 narrat
1993 5641 2055 5679 se

397 5694 627 5749 decimo
643 5692 1116 5747 dieAnastasium
1132 5708 1198 5745 ea
1214 5692 1354 5746 hora
1369 5696 1667 5745 mortuum
1684 5696 2051 5750 secuturum.

467 5766 549 5838 (7)
578 5764 950 5823 Accendamus
980 5762 1211 5833 ignem.)
1230 5763 1528 5834 Frequens
1546 5762 1695 5818 eain
1720 5778 1899 5821 causa
1922 5767 2054 5824 fidei

2172 2477 2241 2551 ad
2277 2477 2471 2548 ignem
2497 2477 2849 2551 provocatio.
2878 2476 3153 2551 Exempla
3185 2476 3409 2548 aliquot
3436 2480 3731 2551 congessit
3758 2481 3821 2537 in

2170 2550 2469 2604 dissertat.
2505 2549 2576 2603 de
2607 2549 2741 2603 Fide
2773 2548 3063 2604 haereticis
3095 2551 3385 2605 servanda
3416 2548 3665 2618 capftZ.

2241 2622 2316 2691 (8)
2353 2619 2676 2691 Anastasii.]
2708 2621 3012 2686 Baronius,
3047 2626 3204 2675 tomo
3253 2620 3346 2688 Vl,
3397 2638 3551 2677 anno
3604 2622 3824 2678 Christi

2170 2691 2293 2757 495,
2329 2692 2539 2745 Celasii
2580 2708 2739 2763 papas
2772 2693 2823 2758 Ιι,
2857 2692 3148 2747 Anastasii
3197 2691 3338 2763 imp.
3385 2694 3440 2758 5,
3466 2694 3824 2750 Theoderici

2171 2764 2324 2833 regis
2342 2764 2396 2830 3,
2420 2766 2540 2833 agit
2562 2766 2631 2817 de
2656 2763 2974 2828 Euphemio
2993 2765 3045 2817 in
3068 2763 3314 2818 exsilum
3345 2765 3526 2820 misso
3548 2766 3617 2819 ab
3640 2767 3827 2821 Anas-

2168 2837 2340 2900 tasio;
2384 2851 2536 2907 anno
2558 2852 2694 2889 vero
2733 2835 2949 2889 Christi
2978 2837 3106 2899 511,
3137 2836 3470 2905 Symmachi
3517 2853 3673 2907 papa)
3725 2839 3820 2904 13,

2166 2906 2618 2977 Anastasiiimp.
2644 2906 2733 2971 2|,
2756 2907 3099 2962 Theodorici
3139 2907 3291 2977 regis
3334 2908 3418 2975 19,
3454 2906 3527 2963 de
3549 2906 3821 2965 Macedo-

2169 2978 2265 3033 nio
2296 2978 2351 3030 in
2379 2978 2647 3033 exsilium
2682 2979 2753 3033 ab
2781 2979 2985 3033 eodem
3016 2979 3327 3033 Anastasio
3360 2978 3553 3049 pulso.

2240 3050 2499 3122 Quzehic
2531 3050 2711 3105 habes
2743 3051 2813 3103 de
2844 3049 3252 3122 quatunrdccim
3293 3050 3518 3113 deletis,
3553 3049 3821 3122 intellige

2169 3121 2238 3191 de
2266 3121 2458 3191 annis.
2482 3122 2756 3185 Zonaras,
2776 3130 2936 3177 tomo
2970 3123 3065 3191 ill,
3089 3121 3144 3175 in
3165 3124 3475 3191 Anastasio
3506 3139 3518 3176 :
3546 3122 3640 3175 Καὶ
3661 3121 3821 3191 uagi;

2167 3187 2291 3267 ὅγαρ
2325 3188 2456 3267 idsi};
2489 3192 2703 3267 Aéystau
2729 3192 2756 3244 ὁ
2793 3187 3292 3267 βασιλείξξὲκεῖνος,
3315 3189 3482 3267 ἄνδρᾳ
3502 3194 3626 3267 τινᾲ
3651 3189 3821 3267 φοβετ

2170 3259 2285 3338 ρρν’,
2308 3260 2477 3334 τόμον
2498 3259 2818 3338 καξεὲχοντά,
2841 3265 2931 3338 καὶ
2947 3259 3175 3338 λέγοντα
3197 3264 3330 3336 πρὸς
3351 3259 3702 3338 αὖτόνςβιδόὺ
3725 3262 3821 3321 διὰ

2168 3334 2266 3402 τήν
2286 3334 2781 3412 καζοπιστίακῖσου,
2807 3334 3088 3412 ἀπαλιέςρω
3111 3338 3208 3402 τῆς
3234 3334 3378 3404 ζωῆς
3402 3357 3497 3390 σου
3521 3334 3613 3407 ἔτη
3631 3358 3821 3391 τεσσα·

2170 3403 2523 3480 ρῖτκαίδεκαε
2563 3429 2585 3458 α
2610 3403 2808 3463 Denuo
2853 3403 3558 3465 aliud'vidissesomnium
3586 3403 3819 3466 memo-

2170 3486 2332 3533 ratur
2360 3496 2483 3553 rex,
2510 3480 2698 3534 virum
2733 3482 3074 3545 terribilem,
3103 3482 3203 3551 qui
3235 3480 3452 3538 librum
3488 3498 3664 3537 manu
3691 3499 3829 3553 ges-

2168 3556 2319 3605 taret
2347 3556 2403 3605 et
2433 3552 2650 3606 diceret
2683 3570 2694 3606 :
2729 3557 2867 3607 Ecce
2914 3554 2988 3606 ob
3028 3554 3466 3623 perversitatem
3512 3554 3642 3608 fidei
3677 3552 3819 3622 tuae,

2170 3640 2355 3677 annos
2388 3640 2474 3678 xxv
2510 3624 2635 3677 vita}
2668 3624 2798 3678 duas
2832 3623 3014 3679 deleo.
3050 3647 3077 3672 »
3110 3624 3253 3678 Vide
3286 3624 3622 3691 Baronium,
3655 3630 3818 3683 tomo

2169 3695 2262 3759 Vl,
2296 3712 2449 3749 anno
2482 3694 2693 3749 Christi
2726 3696 2853 3764 518,
2885 3695 3207 3751 ΗΟΓῐΠίεάἴΒ
3242 3713 3400 3767 papa:
3432 3697 3485 3766 5,
3517 3698 3818 3753 Anastasii

2168 3766 2540 3835 imperatoris
2569 3768 2657 3831 ‘38,
2687 3767 3023 3822 Theodorici
3057 3768 3211 3837 regis
3240 3768 3329 3821 26.

2239 3838 2315 3908 (9)
2349 3838 2683 3910 Minutoram
2713 3838 2959 3910 viginti.J
2994 3838 3273 3894 Existimo
3307 3838 3364 3892 in
3396 3837 3594 3893 Graaco
3628 3839 3817 3896 fuisse

2169 3904 2380 3984 ξίὴξᾷψ
2418 3909 2498 3964 vel
2533 3904 3120 3984 colemvfnam'deest
3153 3910 3244 3965 hic
3278 3911 3455 3984 nobis
3472 3910 3572 3984 ille
3595 3915 3814 3984 textus.

2172 3982 2346 4047 Infra,
2376 3998 2502 4053 cap.
2542 3981 2641 4036 134
2673 3999 2684 4035 :
2715 4004 2741 4031 ‹‹
2776 3982 3228 4053 Accipiebatque
3261 3981 3668 4053 quotidianum
3702 3983 3821 4038 sti-

2169 4052 2447 4123 pendium
2486 4070 2687 4109 novem
2724 4052 2966 4109 minuta.
3003 4052 3144 4108 Vide
3174 4052 3609 4109 Onomasticon.

2239 4124 2353 4193 (10)
2380 4125 2439 4178 Et
2460 4124 2525 4179 de
2545 4125 2918 4195 adoralz'one.]
2939 4125 3196 4196 Septima
3218 4125 3475 4196 synodus
3499 4123 3819 4196 generalis,

2169 4212 2293 4263 qure
2317 4200 2403 4250 est
2436 4198 2695 4251 secunda
2728 4197 2976 4264 Nicaena,
3011 4195 3301 4251 actione’li
3332 4201 3388 4251 et
3415 4197 3451 4249 5
3480 4195 3816 4267 exemplum

2168 4267 2276 4322 hoc
2309 4285 2377 4321 ex
2407 4267 2515 4322 hoc
2548 4269 2695 4322 libro
2729 4270 2921 4323 Graece
2954 4268 3113 4323 citat.

2238 4340 2287 4405 (1
2301 4341 2357 4415 _t_)_
2382 4339 2625 4415 [fictores
2652 4340 2749 4411 qui
2763 4340 3114 4415 _assilebant.]
3158 4343 3351 4395 Graece
3393 4336 3814 4415 φραγγελισσαί.

2172 4410 2452 4481 lntelligit
2482 4410 2714 4467 lictores
2745 4413 2931 4467 ducis.
2963 4417 3245 4467 Hcrvetus
3271 4410 3581 4479 veterane!
3626 4413 3826 4469 caeteri

2168 4484 2263 4553 qui
2293 4482 2643 4537 assistebant.
2678 4484 2818 4539 Vide
2850 4483 3243 4538 Onomastico.

2241 4555 2350 4619 (l2)
2399 4555 2461 4610 Ut
2509 4556 2915 4623 canonum/1:12.]
2953 4556 3342 4625 HocHerveto
3375 4555 3589 4609 deerat.
3623 4555 3821 4625 Appo-

2162 4625 2342 4699 situm
2376 4626 2689 4699 ex_Graaco,
2728 4627 2785 4680 in
2816 4644 2928 4697 quo
2960 4624 3323 4699 κανόναρχος,
3360 4627 3414 4679 id
3450 4626 3692 4699 est._qui
3720 4624 3825 4680 ica-

2162 4697 2297 4751 noni
2326 4696 2703 4777 psalmorum
2739 4696 3172 4754 captandorum
3198 4696 3425 4769 p‘rwest.
3480 4696 3627 4751 Vide
3658 4696 3817 4753 Ono-

2162 4777 2474 4823 masticon.

2228 4840 2339 4909 (13)
2372 4840 2570 4895 Senum
2604 4844 2800 4911 gesta]
2853 4845 2913 4895 In
2965 4842 3158 4895 Graece
3189 4846 3277 4895 est
3313 4833 3529 4912 βιϐλίον
3562 4843 3819 4912 Γεροντι-

2159 4910 2274 4962 κόν.
2306 4915 2391 4984 lta
2428 4912 2585 4984 liberi
2610 4910 2725 4965 ille
2774 4912 3203 4984 appellabatur.
3239 4910 3320 4967 Exi
3357 4910 3813 4984 Gerontico‘ms.

2161 4983 2426 5050 qnzedam
2450 4983 2618 5055 vertit
2650 4981 2904 5039 Raderus
2931 4992 3125 5039 noster
3158 4981 3816 5055 parteiiiViridariisui.

2161 5055 2251 5108 Sic
2288 5055 2453 5109 Verba
2484 5054 2776 5109 Seniorum
2808 5053 3301 5125 dicebanturque:
3329 5059 3528 5109 Patres
3554 5053 3637 5109 illi
3668 5055 3819 5109 scite

2164 5126 2554 5199 proferebant.
2590 5126 2725 5182 Vide
2757 5128 3167 5199 prolegomene
3200 5126 3456 5199 generali
3494 5128 3541 5199 t_.

2230 5198 2341 5266 (ili)
2384 5198 2581 5253 Mittite
2626 5195 3014 5269 thymiama'in
3049 5195 3443 5267 thuribulum.]
3489 5195 3817 5269 Jamﬂolim

2162 5268 2217 5342 in
2246 5269 2525 5342 honorem
2560 5266 2899 5326 sanctorum
2934 5266 3510 5342 tbymiamalncendi
3546 5266 3815 5323 solitum.

2163 5341 2299 5396 Vide
2334 5341 2775 5397 Onomasticon.

2231 5414 2355 5484 (15)
2378 5414 2657 5484 Tlialelei.]
2703 5414 2960 5469 Raderus
3013 5417 3236 5479 noster,
3276 5411 3547 5467 Viridarii
3584 5412 3747 5481 parte
3773 5426 3820 5475 ι,

2163 5488 2330 5552 putat
2347 5483 2503 5538 hunc
2522 5487 2792 5540 eumdem
2815 5484 3253 5540 cumThalela'o
3275 5491 3531 5551 martyre
3558 5486 3828 5551 tempore

2167 5554 2621 5621 Numeriani,de
2645 5574 2759 5621 quo
2800 5563 3038 5616 Menaaa.
3073 5557 3145 5609 20
3184 5556 3338 5610 Maii.
3384 5556 3492 5612 Sed
3528 5568 3729 5608 vereor
3759 5557 3831 5607 ut

2167 5575 2621 5621 numeriani,ae
2689 5575 2759 5611 UO
2801 5575 3038 5616 15160838..
3074 5575 3145 5609 ZU
3184 5575 3338 5610 Milli.
3384 5575 3492 5612 D60
3528 5575 3729 5608 νειΓοοΓ
3761 5575 3831 5607 υἱ

2164 5626 2311 5681 ratio
2336 5575 2792 5696 temporisaliud
2817 5630 3089 5684 suadeat:
3117 5627 3409 5697 siquidem
3428 5624 3703 5682 Moschus
3723 5639 3834 5679 au-

2161 5698 2301 5751 divit
2340 5715 2408 5772 ea
2440 5700 2629 5768 Petro,
2657 5718 2784 5772 quas
2812 5701 2883 5756 de
2906 5700 3017 5772 hoc
3039 5699 3135 5772 hic
3159 5699 3489 5772 habentur;
3526 5702 3584 5752 at
3613 5700 3830 5772 Petrus

2163 5770 2422 5827 centenis
2450 5766 2621 5829 anuis
2653 5766 2690 5829 εί
2716 5770 3064 5829 Numeriani
3099 5770 3347 5843 imperio
3390 5770 3591 5827 distat.
3638 5766 3833 5825 Aliter
