4092 6324
196 394 289 451 241
1306 397 1605 452 PRATUM
1643 394 1843 451 SPIRI'

1969 394 2096 448 LLE-
2138 391 2470 447 ΝΟΤΔἸἹΟ.

3494 394 3601 451 242

204 518 467 591 opinandi
500 518 722 574 occasio
742 520 887 575 forte
907 520 1035 587 fuit,
1060 522 1211 593 quod
1243 521 1337 576 hic
1360 521 1629 593 dicantur
1658 518 1833 587 Cilix;
1866 521 1913 589 Α
1951 516 2243 593 «_Accepit
2272 515 2578 593 Zacharias
2606 516 2962 593 supplicium
2994 516 3446 593 taciturnitatis,
3481 536 3601 575 me-

208 600 256 648 et
278 593 415 645 alter
442 593 501 645 in
535 596 765 646 Menaeis
790 593 1018 647 dicatur
1040 594 1248 649 Azarbi
1271 596 1326 647 in
1352 593 1550 648 Cilicia
1579 592 1832 645 abditus.

209 663 549 788 'Seditbiden:
581 663 797 718 dicitur
836 668 1128 734 prolectus
1176 683 1207 720 a
1242 666 1460 719 Libano
1489 690 1501 733 ;
1534 680 1711 735 quare
1746 663 1838 717 Li—

210 751 327 788 nani
364 750 423 787 es
455 751 517 787 es
552 780 561 788 .

210 750 423 790 οθοηρε
455 750 561 788 est.

270 806 653 860 Verisimilius
686 806 841 861 hunc
874 809 1141 861 eumdem
1178 824 1307 862 esse
1357 824 1489 861 cum
1549 804 1840 860 Thalelrco

210 877 563 943 Theodoreti,
598 894 723 947 cap.
757 882 826 932 28
869 879 1176 944 Philothei,
1211 880 1346 949 quia
1407 888 1649 947 uterque
1675 878 1839 943 Cilix,

204 960 252 1004 et
283 950 430 1003 idem
465 950 535 1004 de
569 952 909 1018 pmnitentia
933 952 1149 1005 dictum
1176 952 1411 1005 habent.
1438 952 1841 1004 'l‘heodoretus

204 1037 318 1075 eum
343 1020 511 1086 vidit,
537 1026 592 1073 et
623 1020 901 1077 Moschus
933 1024 1155 1077 audivit
1186 1024 1408 1078 narrari
1439 1039 1503 1077 ex
1537 1022 1721 1076 Petro.
1748 1021 1840 1074 Sic

202 1097 302 1147 tem
315 1108 453 1163 pora
485 1095 796 1148 convenire
831 1098 1125 1164 poterunt.

271 1161 377 1235 (16)
403 1166 513 1218 Per
537 1168 789 1235 Serapim
812 1161 991 1236 facile
1017 1166 1033 1231 ]
1057 1168 1140 1220 Ita
1173 1164 1331 1219 locus
1365 1165 1458 1219 hic
1482 1180 1636 1236 nunc
1669 1161 1838 1236 restio

206 1240 350 1289 tutus
380 1251 448 1290 ex
508 1234 724 1290 Graeco.
762 1234 907 1291 Ante
968 1237 1128 1291 nullo
1162 1253 1338 1291 sensu
1400 1243 1547 1302 erat,
1578 1234 1841 1305 Serapim

204 1307 374 1376 facile.

262 1378 370 1446 (17)
400 1378 733 1451 Carabum.]
766 1379 843 1434 Ex
876 1380 1257 1451 sequentibus
1306 1378 1654 1451 intelligitur
1697 1376 1837 1451 quid

202 1451 409 1522 canibus
468 1449 565 1503 sit.
609 1450 823 1506 Dicitur
883 1449 1038 1506 enim
1069 1470 1081 1507 :
1118 1452 1331 1507 Produc
1387 1450 1667 1522 scapham.
1701 1449 1837 1505 Vide

207 1521 627 1577 Onomasticon.

274 1595 372 1660 (18)
404 1594 805 1664 Tetrapylum.)
840 1594 1101 1649 Porticus
1134 1595 1216 1648 vel
1268 1593 1549 1663 templum
1586 1598 1841 1662 quatuor

213 1664 593 1718 columnarum
613 1665 919 1720 ordinibus
935 1673 1231 1721 constans.
1252 1667 1308 1720 In
1325 1668 1516 1719 Graeco
1533 1665 1835 1719 omittitur.

211 1738 269 1789 ad
293 1738 575 1793 Orienlem
595 1738 761 1807 juxta
796 1738 984 1807 Τιτινίῳ
1031 1740 1143 1791 lum
1172 1759 1189 1801 ,-
1226 1740 1353 1807 ejus
1411 1738 1535 1791 loco
1597 1742 1705 1795 est,
1737 1735 1835 1801 τὴν

212 1805 672 1861 ἐπονομαζομένην
704 1814 801 1861 τῆς
828 1756 1104 1861 Δωοοὲἑας
1140 1828 1151 1861 :
1188 1827 1307 1861 ansa
1349 1808 1835 1861 coanominabalur

212 1805 672 1881 ξπονομαζομὲὗην
704 1814 801 1875 τῆς
828 1805 1104 1881 Δωροθὲας
1140 1828 1151 1864 :
1188 1805 1307 1879 quae
1349 1808 1839 1878 cognominabatur

1954 589 2064 643 rito
2098 589 2460 641 infidelitatis
2484 605 2496 640 :
2519 589 2656 659 quia
2680 606 2791 642 non
2813 590 3077 655 credidit,
3100 593 3310 645 tacuit:
3337 593 3420 646 sic
3443 593 3598 647 enim

1954 667 2105 735 recte
2137 660 2359 714 dictum
2382 666 2487 735 est.
2517 660 2739 735 Sp‘allllO
2764 678 2866 735 oxv
2896 678 2907 715 :
2947 662 3185 728 Credidi,
3217 674 3437 733 propter
3464 667 3602 735 quod

1953 734 2167 787 loculus
2200 748 2354 796 sum;
2392 730 2527 800 quia
2554 732 2863 786 Zacharias
2896 749 3008 786 non
3067 730 3357 800 credebat,
3394 730 3599 792 merito

1934 814 2065 858 non
2126 804 2490 871 loquebatur.
2528 825 2552 849 ››
2589 806 2953 857 Ambrosius.
2990 804 3088 858 lib.
3126 822 3163 858 ιι
3226 807 3281 860 in
3348 808 3596 861 Lucam:

1954 898 1979 925 ‹‹
2015 875 2397 930 lncredulitas
2425 876 2713 929 Zachariae
2748 876 2990 930 atfatum
3022 877 3319 947 eripuerat
3350 884 3406 931 et
3440 881 3598 933 audi-

1949 954 2097 1001 tum.
2133 970 2160 995 ι)

2024 1020 2135 1089 (32)
2171 1018 2386 1087 Leone.)
2422 1018 2727 1083 Baronius,
2749 1022 2905 1072 temo
2931 1036 3006 1088 γι,
3032 1036 3183 1075 anno
3224 1019 3440 1075 Christi
3473 1022 3596 1075 449.

1950 1088 2156 1163 Leonis
2173 1106 2330 1163 papa:
2350 1092 2431 1163 ll),
2450 1088 2760 1163 Theodosii
2780 1091 2865 1163 42,
2882 1090 3597 1163 Valentiniani‘25,impp.,

1950 1163 2018 1235 ad
2052 1162 2201 1235 hanc
2241 1161 2325 1235 de
2350 1161 2577 1235 Leonis
2633 1162 2925 1232 encyclica
2957 1168 3101 1232 (qua:
3137 1162 3288 1217 inter
3319 1161 3597 1235 epistolas

1952 1233 2158 1288 Leonis
2189 1237 2277 1286 est
2306 1232 2390 1299 10)
2414 1232 2693 1287 visionem
2728 1238 2889 1288 notat
2914 1249 2927 1287 :
2952 1235 3058 1288 Sed
3094 1232 3596 1305 praestat,'inquit,

1950 1306 2152 1377 audire
2187 1305 2379 1372 potius
2412 1305 2759 1377 sententiam
2796 1305 2967 1369 Petri,
3002 1322 3179 1377 quam
3202 1306 3481 1362 visionem
3497 1307 3601 1362 Pe-

1948 1378 2041 1443 tri,
2075 1376 2322 1430 dicentis
2351 1391 2362 1427 :
2397 1376 2700 1430 Firmioren
2737 1380 2925 1446 quavis
2954 1380 3163 1432 visione
3194 1377 3455 1433 habemus
3484 1395 3600 1434 ser-

1948 1464 2159 1502 monem
2188 1448 2565 1520 propheticum
2599 1449 2674 1518 (11
2705 1449 2893 1519 l’e/.1),
2928 1456 3036 1504 etc.
3062 1450 3287 1503 Etenim
3316 1450 3600 1520 majorem

1949 1520 2059 1573 sibi
2095 1536 2160 1573 ea
2183 1518 2426 1592 epistola
2453 1520 2622 1573 fidem
2650 1518 2905 1573 vindicat
2929 1536 2993 1575 ex
3027 1520 3239 1575 divinis
3263 1518 3600 1592 Scripturis,

1948 1591 2479 1659 traditionibusquc
2506 1596 2717 1645 sanctae
2752 1592 3037 1660 Ecclesiae,
3061 1599 3115 1646 et
3146 1593 3602 1648 communisan-

1948 1671 2174 1718 ctorum
2212 1662 2445 1715 Patrum
2466 1680 2779 1727 consensu,
2808 1680 2985 1734 quam
3009 1681 3076 1719 ex
3109 1667 3394 1720 recensita
3427 1666 3599 1720 modo

1945 1735 2187 1789 visione.
2222 1738 2517 1788 Hactenus
2550 1736 2851 1789 Baronius.

2021 1824 2124 1886 Qui
2154 1823 2220 1876 ad
2244 1823 2543 1893 sequentis
2571 1824 2778 1893 capitis
2800 1824 3083 1879 visionem
3110 1825 3180 1880 de
3202 1834 3400 1880 sancto
3429 1825 3599 1880 Euloc

213 1880 485 1967 hominem,
514 1881 808 1967 deligatis
833 1880 1090 1963 Virginis
1120 1883 1261 1967 mdo.
1293 1882 1572 1963 'I‘etrupyli
1605 1881 1837 1967 alexan-

1969 1880 2364 1967 gio‘del'ensor‘e
2384 1880 2849 1965 epistolae‘sancti
2881 1896 3083 1951 Leonis
3109 1898 3219 1951 ista
3244 1914 3475 1967 quoque
3495 1902 3594 1952 atl-

207 1952 333 2004 drini
366 1952 644 2005 meminit
675 1952 1041 2022 SOpbronius
1092 1953 1567 2023 archiepiscopus
1598 1951 1833 2005 Jeroso-

211 2022 532 2093 lymitanus,
552 2040 732 2093 agens
763 2026 834 2078 de
867 2023 1167 2093 miraculis
1194 2025 1440 2078 Joannis
1459 2030 1515 2077 et
1532 2023 1661 2093 eri
1684 2040 1836 2093 mar-

210 2090 370 2168 tjrum
391 2090 652 2168 εξῖσελόε
666 2098 794 2166 γοῦν
814 2093 888 2156 εἷς
902 2091 1337 2168 έΑ-λεξάνὸρειαν,
1354 2094 1442 2147 καὶ
1458 2093 1505 2147 ἐν
1522 2090 1597 2164 τῷ
1614 2090 1837 2166 μεγάλῳ

211 2113 225 2147 ι
247 2113 370 2148 'rum
391 2113 402 2146 :
420 2113 652 2155 musaea
666 2114 794 2166 γουν
814 2116 888 2156 εις
920 2113 1337 2168 ΑΛεζανορειαν,
1354 2116 1442 2147 και
1458 2115 1505 2147 εν
1522 2114 1597 2164 τῳ
1614 2113 1837 2166 μεγοιΛῳ

211 2113 530 2239 Ίέξτραπύλῳ
564 2167 763 2235 νήστης
819 2163 1188 2235 καθεύὸησονε
1228 2190 1253 2215 ‹‹
1289 2169 1595 2238 ingredere
1641 2172 1840 2236 itaque

212 2237 623 2311 AleXandriam,
657 2246 715 2293 et
747 2239 805 2292 in
842 2255 1053 2310 magno
1078 2237 1392 2311 Tetrapon
1434 2240 1678 2311 jejunus
1708 2240 1838 2292 dor-

212 2310 290 2363 mi.
330 2332 348 2357 ι
381 2310 520 2373 Quae
560 2311 818 2364 citantur
848 2312 905 2365 in
940 2310 1190 2379 septima
1220 2310 1463 2381 synodo,
1498 2315 1608 2381 act.
1645 2310 1696 2363 4.

270 2382 371 2447 (19}
404 2381 723 2451 Epitimia.)
760 2377 1271 2437 Retinui'Greecani
1314 2399 1510 2437 vocein
1571 2377 1840 2446 ἐπιτίμὶα,

217 2451 388 2525 idest,
421 2456 655 2507 multas.
691 2451 1076 2509 Ecclesiastici
1111 2456 1349 2525 quidam
1396 2455 1706 2523 scriptores
1735 2452 1843 2505 La-

218 2522 305 2576 tini
334 2524 435 2578 hoc
470 2530 767 2596 usurpant
802 2522 1168 2579 vocabulum.
1203 2525 1344 2578 Vide
1371 2522 1806 2596 Onomasticon.

274 2596 369 2661 (20)
399 2597 619 2663 Quibus
644 2596 917 2662 manibus]
949 2596 1215 2653 Manibus
1272 2596 1409 2650 olim
1466 2596 1591 2665 viri,
1619 2595 1845 2649 femina:

214 2664 455 2740 linteoleo
490 2668 924 2723 Eucharistiam
977 2669 1341 2740 excipiebant
1397 2674 1453 2721 et
1512 2664 1846 2723 sumebant.

214 2736 329 2791 Vide
358 2739 808 2795 Onomasticon.

273 2811 371 2881 (‘21)
417 2811 1047 2937 Apocri.sz'arii.1]rlnfra,
1081 2827 1208 2882 cap.
1248 2812 1370 2877 145,
1402 2811 1567 2865 misso
1618 2808 1851 2883 quodam

273 2882 571 2937 iocrisiario
631 2900 751 2937 suo.
841 2888 915 2937 .st
973 2884 1087 2937 fere
1158 2882 1573 2937 anocriszarius.
1637 2884 1851 2936 Grzrcis

214 2882 571 2953 apocrisiario
631 2900 751 2937 suo.
812 2882 915 2937 Est
973 2884 1087 2937 fere
1158 2882 1573 2953 apocriszarius,
1637 2882 1851 2936 Grzrcis

217 2950 636 3027 daoxptata'iptoq,
688 2955 915 3024 legatus
961 2950 1219 3009 ecclesiae
1281 2955 1515 3024 negotia
1570 2958 1850 3007 tractans.

220 3023 345 3079 Vide.
364 3023 817 3081 Onomasticon.

296 3098 374 3165 22)
400 3097 691 3167 Templum
709 3096 889 3153 sancti
908 3095 1165 3166 Quirici.]
1188 3096 1511 3150 Videndum
1535 3113 1606 3149 an
1630 3113 1739 3149 non
1765 3096 1856 3151 hic

216 3165 687 3239 ipse,quisanclus
705 3173 762 3224 in
782 3165 1427 3238 Quirincusinltomano
1450 3167 1859 3238 Martyrologio

1949 1968 2053 2020 dit:
2075 1969 2147 2020 At
2178 1966 2439 2019 certioris
2467 1968 2593 2020 fidei
2622 1969 2999 2037 certiorisque
3022 1966 3593 2037 quoque’testimonii

1949 2039 2100 2106 apud
2137 2053 2229 2091 me
2262 2044 2350 2091 est
2380 2039 2449 2090 de
2482 2038 2727 2108 cpistola
2756 2042 2938 2093 sancti
2969 2040 3175 2093 Leonis
3204 2040 3437 2110 publica
3458 2058 3595 2095 con-

1950 2110 2065 2183 cilii
2090 2110 2433 2183 mcumenici
2452 2110 2945 2183 Chalcedonensis
2973 2112 3217 2166 assertio
3244 2119 3299 2167 et
3322 2114 3600 2183 praedica-

1952 2182 2052 2241 tio,
2079 2198 2254 2251 quam
2290 2181 2563 2253 quaelibet
2595 2182 2827 2251 privatae
2852 2183 3189 2253 hujusmodi
3222 2181 3493 2239 visiones.
3516 2187 3601 2239 Ita

1953 2252 2256 2325 Baronius.
2289 2251 2435 2325 Vide
2467 2255 2621 2324 apud
2654 2251 3123 2325 eumdem—plura
3154 2256 3224 2310 de
3255 2255 3362 2309 hac
3398 2256 3601 2312 Leonis

1952 2324 2243 2392 encyclica
2272 2323 2471 2394 elogia.

2027 2396 2103 2449 Ad
2140 2412 2391 2465 sequens
2428 2401 2599 2465 caput
2632 2396 2755 2462 149,
2789 2398 2859 2451 de
2891 2397 3077 2452 Leone
3108 2398 3189 2451 ita
3227 2403 3387 2453 notat
3425 2398 3600 2451 Baro-

1956 2469 2091 2522 nius
2122 2484 2274 2521 anno
2314 2468 2431 2530 461,
2458 2467 2660 2521 Hilarii
2689 2485 2849 2538 papas
2878 2470 2925 2531 1,
2954 2470 3162 2523 Leonis
3182 2471 3238 2529 5,
3263 2468 3523 2524 ctSeveri
3552 2472 3601 2536 1,

1957 2540 2137 2608 impp.
2156 2539 2261 2591 Sed
2296 2539 2432 2608 quid
2459 2544 2579 2592 est:
2607 2538 2803 2593 Omnia
2827 2541 3076 2595 tibisunt
3097 2540 3325 2595 dimissa
3358 2550 3601 2609 peccata,

1954 2615 2158 2681 praeter
2174 2626 2441 2663 manuum
2468 2611 3065 2679 impositionem?Num
3094 2618 3327 2682 peccata
3350 2630 3417 2665 ex
3440 2617 3603 2681 parte

1958 2682 2172 2737 dimitti
2209 2682 2495 2751 possunt?
2522 2682 2762 2737 Minime
2785 2684 3073 2753 gentium,
3096 2684 3143 2738 si
3166 2685 3234 2737 ad
3262 2683 3491 2754 culpam
3522 2698 3606 2735 re-

1960 2756 2130 2808 feras.
2160 2754 2443 2808 Casterum
2489 2754 2679 2824 quoad
2726 2771 2953 2825 premam
2990 2754 3330 2810 dicidebent
3358 2754 3605 2825 dimissa

1960 2825 2143 2879 fuisse
2166 2831 2368 2879 sancto
2401 2823 2574 2879 Leoni
2606 2823 2859 2895 peccata.
2895 2827 3055 2891 Quod
3086 2827 3243 2881 enim
3302 2826 3470 2881 facile
3527 2823 3605 2879 sit

1960 2896 2019 2951 in
2052 2896 2145 2950 his
2178 2913 2412 2967 peccare
2443 2896 2615 2969 etiam
2677 2898 3023 2967 prudentem
3081 2897 3445 2969 episcopum,
3470 2897 3605 2967 jure

1964 2973 2204 3023 sanctus
2237 2967 2549 3039 Apostolus
2580 2974 2777 3023 monet
2809 2969 2890 3023 ita
2946 2967 3354 3026 Timotheum:
3388 2968 3609 3024 Nemini

1963 3040 2075 3112 citro
2091 3057 2289 3094 manus
2313 3042 2656 3112 imposuerit.
2671 3056 2844 3110 neque
2862 3043 3201 3095 communica
3212 3040 3351 3096 veris
3369 3040 3608 3112 peccatis

1967 3111 2168 3166 alienis
2192 3114 2238 3179 (l
2268 3113 2399 3166 Tim.
2424 3112 2495 3181 v).
2524 3110 2644 3166 Illis
2671 3129 2807 3181 ergo
2830 3114 3213 3167 remanebant
3240 3110 3481 3167 sanctus
3505 3115 3614 3165 Leo

1968 3184 2310 3238 dilectorum
2335 3184 2521 3254 pomis
2544 3182 2856 3253 obligatus,
2885 3201 3011 3253 quae
3046 3184 3125 3238 illi
3154 3186 3607 3255 perpetrassent,

218 3238 423 3325 dicitur,
445 3241 519 3325 29
548 3242 940 3325 Septembris:
966 3262 985 3290 ι
1008 3240 1063 3294 In
1084 3238 1575 3325 l’alnestinasancti
1595 3240 1843 3325 Quiriaci

1969 3255 2063 3325 qui
2096 3256 2167 3307 ab
2198 3271 2263 3308 eo
2286 3238 2523 3325 in‘dignc
2548 3238 2793 3325 promoti
2822 3238 3068 3309 fuissent
3096 3238 3169 3310 ad
3190 3238 3610 3311 ordines.Tunc

220 3311 583 3381 anachoreta,
600 3311 813 3383 iiicujus
834 3313 1025 3367 Vitam
1044 3311 1474 3382 aMetaphraste
1496 3311 1850 3382 descriptam

219 3384 345 3452 apud
381 3385 769 3439 Laurentium
804 3385 1039 3439 Surium
1067 3400 1132 3437 eo
1165 3399 1366 3437 mense
1399 3383 1601 3437 habes.

275 3456 374 3527 (23)
401 3456 749 3527 Sarraceni.]
783 3456 925 3510 Vide
957 3455 1050 3509 hic
1083 3456 1238 3509 dicta
1270 3471 1469 3525 supra,
1505 3458 1568 3507 ad
1592 3471 1727 3527 cap.
1758 3454 1850 3527 21,

220 3523 275 3606 de
303 3523 753 3606 Sarracenorum
784 3527 1245 3590 incursionibus,
1279 3523 1718 3594 et‘marlyribus
1742 3526 1851 3580 sub

220 3611 277 3651 ns
305 3614 504 3661 pssets.

275 3672 372 3738 (‘24)
403 3670 793 3741 Responsum.)
858 3669 1005 3732 Quid
1066 3668 1161 3723 hic
1213 3684 1534 3738 responsum
1593 3666 1851 3741 sit,_jure

221 3736 429 3797 heroas.
466 3736 868 3813 S’uspicor'rin
922 3736 1361 3813 Graecofuisse
1412 3737 1849 3813 προσφωνάριον,

220 3814 347 3879 quod
381 3815 676 3883 interpres
711 3812 897 3882 prima
938 3817 995 3865 et
1025 3812 1191 3866 obvia
1247 3812 1481 3865 notione
1532 3812 1851 3882 responsum

221 3885 387 3940 vertit.
422 3882 761 3940 Videndum
794 3890 989 3938 tamen
1024 3901 1163 3937 num
1216 3882 1310 3937 hic
1367 3884 1704 3937 vertendum
1753 3886 1850 3952 sit,

218 3965 453 4025 spartam,
487 3955 583 4010 vel
621 3954 811 4011 simile
843 3955 1006 4027 quid.
1040 3954 1405 4025 Suggerebat
1435 3953 1699 4010 videlicet
1729 3972 1847 4009 mo-

222 4028 377 4101 nacho
408 4028 715 4101 cogitatio,
751 4032 813 4081 ut
870 4044 985 4081 non
1046 4028 1624 4101 adoraret__cruce_m,
1655 4029 1753 4082 sed
1789 4027 1846 4081 in

222 4097 397 4171 cellam
432 4096 673 4164 re'diret,
700 4096 762 4154 et
793 4103 1024 4168 sportas
1058 4103 1296 4153 texeret.
1330 4096 1473 4152 Vide
1506 4098 1661 4153 dicta
1691 4116 1848 4171 sup,,

224 4170 279 4224 ad
309 4170 398 4225 lib.
432 4189 482 4237 v,
522 4172 685 4226 libel.
720 4188 775 4239 x,
810 4188 866 4224 n.
906 4171 991 4224 18.

282 4244 426 4308 Quod
452 4244 501 4299 si
530 4259 851 4313 responsum
874 4242 967 4295 hic
990 4240 1288 4295 communi
1317 4240 1548 4294 notione
1571 4239 1847 4313 intelligi-

226 4314 321 4386 tur,
344 4331 478 4386 cape
502 4312 746 4369 fratrem
770 4314 923 4367 hunc
946 4312 1194 4386 missum
1212 4328 1324 4386 pro
1348 4328 1478 4382 resp
1493 4312 1643 4386 ipsis
1666 4312 1850 4367 emno-

331 4381 627 4450 Sic-infra,
657 4403 783 4457 cap-
808 4386 949 4439 205:
988 4408 1013 4432 «ι
1044 4384 1257 4457 aliquis
1284 4381 1526 4457 manens
1564 4385 1622 4439 in
1657 4401 1849 4439 como-

225 4454 302 4509 bio
330 4461 546 4513 missus
579 4463 667 4512 est
697 4453 800 4528 pro
832 4456 1131 4525 responsis
1163 4453 1431 4528 ccenobii.
1464 4476 1494 4528 ν

281 4528 381 4599 (25)
410 4523 815 4598 ϐαηιήριὶᾱηι.)
848 4523 994 4583 Sunt
1021 4527 1322 4593 canthelia,
1356 4523 1643 4595 κανθήλια,
1676 4542 1854 4583 onera

226 4598 381 4655 asinis
411 4602 640 4672 imponi
674 4601 870 4656 solita.

284 4672 383 4743 (26)
412 4668 652 4798 δὶὸῖηο.)
699 4673 857 4727 Idem
903 4685 1035 4724 mox
1085 4668 1339 4724 occurrit
1364 4686 1491 4739 cap.
1530 4669 1631 4722 123
1659 4686 1671 4724 :
1696 4670 1849 4725 986

284 4744 535 4798 vestitum
561 4762 624 4798 co
654 4744 784 4798 obio
802 4745 873 4798 de
891 4741 1104 4796 sibino.
1123 4762 1151 4791 υ
1172 4741 1317 4798 Quid
1342 4742 1590 4795 sibinam
1610 4741 1687 4795 sit
1707 4758 1849 4795 non-

229 4758 248 4785 ‹·
275 4741 535 4800 vestitum
561 4741 784 4799 colobio
802 4745 873 4798 de
891 4741 1104 4796 sibino.
1123 4762 1151 4791 υ
1172 4741 1317 4805 Quid
1342 4742 1590 4795 sibinam
1610 4741 1687 4795 sit
1707 4758 1853 4795 non-

231 4810 341 4867 dum
372 4817 511 4871 mihi
551 4815 788 4871 lectum.

287 4886 385 4957 (27)
415 4888 743 4957 Burdones.)
774 4886 918 4940 Vide
972 4884 1126 4938 dicta
1172 4885 1250 4957 ad
1314 4883 1503 4957 Vitam
1560 4882 1853 4957 Simeonis

233 4952 439 5022 Stylitaa,
473 4977 601 5030 cap.
634 4952 815 5027 20,0.
851 4958 939 5030 24.
974 4954 1222 5030 Consule
1252 4958 1309 5030 et
1341 4954 1777 5030 Onomasticon.

289 5031 388 5093 (28)
417 5032 472 5085 In
505 5026 715 5086 sancta
730 5028 939 5085 Christi
965 5026 1258 5081 [)cinostri
1275 5028 1710 5096 resurrectione.)
1737 5026 1852 5081 Hoc

235 5092 337 5180 lpco
366 5102 819 5180 Re'urrectionest
846 5098 1134 5180 templum
1176 5098 1387 5152 Christi
1438 5092 1853 5153 resurrectioni

235 5168 485 5227 dicatum.
522 5174 658 5227 Vide
690 5168 1125 5228 Onomasticon.

291 5244 389 5312 (29)
420 5246 671 5315 Syncello
700 5262 796 5299 seu
838 5243 1103 5315 assessori
1132 5242 1274 5315 suo.)
1306 5239 1535 5294 Servavi
1586 5240 1849 5315 Graecum

235 5312 551 5371 vocabulum
585 5318 879 5387 syncellus,
903 5314 998 5385 qui
1024 5313 1177 5384 apud
1198 5312 1424 5367 Graecos
1445 5318 1533 5367 est
1552 5313 1849 5382 proximus

238 5397 263 5434 ι
289 5386 627 5449 patriarcha.
656 5389 792 5443 Vide
814 5386 1253 5441 Onomasticon.

296 5456 389 5528 (30)
423 5459 480 5513 1η
510 5460 844 5516 membranis
873 5458 1030 5512 valde
1057 5456 1391 5526 pulchrum]
1424 5454 1613 5510 Greece
1645 5459 1768 5509 est:
1801 5452 1852 5507 ἐν

240 5522 426 5595 «opsz
454 5530 592 5584 πολὺ
616 5528 791 5599 καλῷ.
818 5531 961 5583 Vide
984 5522 1421 5599 Onomasticon.

296 5599 394 5674 (31)
415 5597 1084 5674 Zucharimjlachariam
1116 5616 1230 5674 non
1260 5598 1505 5674 perfecte
1532 5597 1852 5674 credidisse

237 5668 436 5745 angelo,
482 5675 681 5743 Lucas,
702 5668 1299 5745 cap.1testatur.Non
1322 5668 1609 5745 dubitavit
1633 5668 1845 5745 Zacbaf

239 5738 339 5817 [ias
368 5738 434 5799 de
466 5749 551 5801 Dei
591 5738 867 5817 potentia,
891 5744 987 5815 qui
1022 5746 1259 5817 noverat
1284 5743 1545 5817 lsaacum
1574 5742 1642 5791 de
1666 5740 1847 5817 sterili

240 5811 362 5890 ξατο
389 5825 444 5890 et
470 5811 790 5875 Abrahamo
834 5811 1253 5890 genitum,_sed
1287 5815 1357 5867 de
1398 5812 1847 5890 voluntate-Dei.

238 5882 403 5965 Qpare
431 5888 489 5965 in
519 5882 1282 5965 suppliciumdubitation‘is
1304 5884 1479 5941 cessit
1493 5882 1577 5965 illi
1606 5883 1848 5965 tacitur-

242 5954 395 6014 nitas.
435 5953 793 6036 Augustinus
848 5962 954 6033 lib,
988 5979 1021 6017 ι.
1058 5956 1465 6029 llomiliarum,
1498 5953 1703 6012 homil.
1737 5955 1844 6012 44:

1881 4630 1929 4695 D

1966 3343 2220 3392 namque
2250 3326 2529 3380 dicuntur
2560 3326 2839 3397 praesules
2871 3328 3307 3382 communicare
3359 3326 3612 3397 peccatis

1963 3398 2191 3462 alienis,
2216 3398 2353 3452 dum
2384 3398 2642 3467 indignis
2664 3400 2972 3453 conferunt
2995 3399 3244 3453 honores
3266 3404 3323 3454 et
3350 3398 3614 3452 ministe-

1962 3470 2067 3523 ria.
2101 3470 2246 3524 Hinc
2278 3470 2388 3524 sibi
2424 3470 2638 3524 timens
2670 3470 2956 3541 Propheta
2990 3488 3104 3534 rex,
3138 3471 3259 3526 ait:
3292 3471 3368 3525 Ab
3415 3470 3613 3541 alienis

1959 3557 2123 3610 parce
2176 3558 2332 3595 servo
2366 3550 2456 3595 tuo
2505 3543 2677 3597 (Psal.
2716 3543 2902 3611 xvm).
2937 3543 3099 3606 Quod
3135 3543 3182 3597 si
3215 3542 3337 3597 haec
3370 3542 3521 3596 fiunt
3548 3540 3608 3595 in

1963 3613 2153 3680 viridi,
2189 3612 2329 3683 quid
2374 3614 2472 3666 lict
2500 3612 2557 3666 in
2620 3614 2781 3667 arido
2809 3615 2957 3680 (Luc.
2993 3614 3203 3683 xxm)?
3235 3615 3422 3669 Leone
3479 3612 3611 3683 quis

1962 3684 2221 3738 sanctior
2251 3688 2423 3756 atque
2458 3685 2818 3751 prudentior,
2842 3690 2905 3738 ut
2927 3689 3151 3739 tantum
3187 3684 3511 3756 periculum
3539 3683 3611 3737 li—

1963 3756 2065 3809 ber
2093 3755 2437 3809 transiliat?

2031 3828 2141 3896 (33)
2177 3827 2527 3893 Flabellum]
2590 3826 2784 3881 Graece
2839 3822 3100 3898 ῥιπίδιον.
3140 3827 3277 3893 Ejus
3337 3826 3397 3879 in
3443 3842 3607 3880 sacro
3706 3861 3715 3868 ι

1961 3899 2225 3979 faciendo
2260 3915 2402 3953 usus
2434 3898 2588 3968 quod
2623 3898 2900 3953 diaconus
2931 3904 3141 3968 gestat.
3172 3898 3317 3953 Vide
3355 3898 3611 3952 Onoma-

1958 3976 2167 4025 sticon.

2031 4042 2143 4112 (34)
2179 4040 2581 4110 6οηορίοηετη.)
2615 4040 2875 4095 Servavit
2904 4040 3193 4113 interpres
3224 4040 3478 4096 Graecam
3518 4039 3610 4113 in-

1960 4110 2290 4179 flexionem,
2325 4113 2478 4183 quod
2514 4129 2670 4167 nunc
2718 4110 3244 4178 κωνωπεῖον,ἠυηο
3299 4110 3606 4164 κωνωπεὼν

1959 4187 2194 4253 dicitur,
2225 4200 2520 4254 conopeum
2550 4184 2774 4239 Latinis
2808 4185 3113 4252 usitatum,
3147 4202 3248 4253 pro
3280 4183 3465 4240 textili
3488 4188 3609 4237 ten-

1960 4258 2107 4311 torio
2141 4257 2429 4311 culicibus
2461 4257 2731 4311 arcendis
2763 4263 3121 4328 comparato.

2030 4345 2146 4415 (35)
2176 4345 2564 4411 Mcmbranas.]
2597 4342 2668 4398 Ut
2699 4343 2803 4415 hic
2838 4346 3215 4399 membranas
3267 4346 3337 4399 ad
3397 4358 3611 4415 aquam

1960 4413 2216 4487 pluviam
2248 4415 2647 4486 excipiendum
2684 4414 2993 4485 explicant,
3027 4417 3109 4471 sic
3143 4416 3238 4471 alii
3279 4413 3467 4470 nautis
3493 4413 3609 4469 vel-

1963 4491 2075 4543 lera
2108 4493 2163 4541 et
2186 4487 2363 4560 pelles
2387 4492 2706 4560 exponunt,
2732 4492 2856 4541 tum
2892 4490 2957 4543 ad
2993 4488 3245 4560 pluviam
3269 4494 3395 4543 tum
3418 4488 3485 4542 ad
3515 4503 3608 4541 ro-

1962 4576 2080 4614 rem
2114 4558 2530 4626 colligendum.

2029 4632 2145 4701 (36)
2170 4632 2403 4700 Arena.)
2436 4630 2549 4684 Nec
2582 4646 2755 4683 arena
2786 4629 3076 4697 littoralis,
3113 4646 3216 4684 nec
3255 4646 3610 4701 quocunque

1964 4703 2138 4763 modo
2174 4702 2500 4755 madefacta
2534 4704 2725 4773 potest
2756 4718 2883 4773 esse
2914 4702 3159 4756 materia
3190 4702 3503 4772 baptismi;
3529 4701 3609 4755 si-

1962 4774 2196 4855 quidem
2225 4774 2473 4855 materia
2493 4772 2944 4855 bap‘lis‘miaqua
2972 4789 3099 4827 esse
3123 4774 3312 4855 debet,
3336 4773 3607 4855 qua'g‘uis

1962 4844 2121 4899 ablui
2150 4846 2352 4915 possit.
2368 4845 2511 4898 Vide
2530 4844 2985 4898 Scholasticosin
3010 4861 3067 4898 ιιι
3086 4851 3306 4914 partem
3323 4844 3436 4899 divi
3452 4844 3606 4915 Tho-

1964 4934 2091 4977 mie.
2124 4914 2179 4970 et
2203 4917 2259 4969 in
2288 4917 2494 4987 primis
2520 4916 2891 4969 Franciscum
2908 4921 3168 4969 nostrum
3194 4920 3426 4981 Suarez,
3446 4918 3487 4987 t.
3509 4914 3603 4969 Ill.

1962 4988 2018 5043 in
2054 5006 2117 5042 III
2152 4986 2398 5059 partem,
2432 4992 2501 5042 ad
2537 5006 2589 5057 q.
2617 4988 2708 5051 66,
2744 4993 2852 5041 art.
2888 4988 2938 5051 4,
2974 4987 3126 5057 disp.
3154 4990 3241 5040 20.
3278 4992 3399 5040 sect
3444 4986 3498 5040 4.

2031 5078 2142 5148 (37)
2176 5078 2419 5147 Iulum.)
2452 5079 2584 5141 Quae
2617 5076 2736 5148 haec
2776 5076 2971 5148 infusa
3021 5077 3162 5139 sint,
3196 5074 3431 5129 difﬁcile
3462 5073 3606 5148 divi-

1964 5146 2118 5203 nare.
2145 5149 2290 5203 Nam
2325 5150 2465 5203 varii
2502 5148 2609 5202 cibi
2648 5147 2874 5201 infundi
2910 5157 3156 5217 possunt
3185 5153 3242 5200 et
3300 5146 3602 5217 macerari.

1961 5220 2064 5275 Hic
2096 5228 2228 5274 ante
2256 5237 2267 5275 :
2291 5242 2316 5267 «
2354 5220 2670 5291 paucisque
2702 5216 3202 5291 infusisicibariis.
3224 5240 3251 5266 ››
3283 5216 3606 5291 Aliquoties

1961 5293 2019 5346 in
2048 5289 2409 5346 Theodoreto
2442 5308 2619 5361 supra
2641 5290 2864 5345 habens
2886 5312 2912 5339 ‹‹
2936 5290 3148 5343 lentem
3172 5306 3324 5360 aqua
3346 5289 3576 5343 madefa
3594 5316 3606 5330 -

1961 5372 2136 5419 ctam.
2167 5386 2185 5411 ι
2221 5363 2321 5416 Hic
2357 5364 2528 5429 infra,
2562 5379 2687 5431 cap.
2728 5362 2845 5417 184.
2882 5386 2907 5409 ‹‹
2946 5361 3296 5416 Infundebat
3326 5366 3382 5416 et
3440 5361 3603 5432 paxi-

1962 5443 2142 5491 matia
2174 5452 2273 5489 seu
2311 5433 2750 5487 madefaciebat.
2782 5452 2811 5483 n

2033 5508 2143 5576 (38)
2173 5504 2452 5575 Joannis.)
2484 5505 2709 5559 Citatur
2767 5503 3183 5576 hrrc__liistoria
3234 5504 3290 5557 in
3352 5506 3607 5574 septima

1962 5573 2177 5651 synodo
2211 5573 2489 5651 generali,
2517 5592 2641 5651 quae
2664 5578 2752 5651 est
2783 5592 2821 5628 11
2857 5573 3106 5643 Nicwna,
3139 5581 3249 5631 act.
3281 5576 3336 5643 5,
3371 5573 3468 5629 ubi
3504 5594 3604 5645 pro

1960 5646 2237 5720 S'araphns
2270 5650 2517 5702 habetur
2549 5648 2581 5701 Α
2594 5646 2810 5717 raphus.

2036 5738 2144 5805 (30)
2176 5737 2466 5805 Spatium.)
2500 5734 2745 5804 Reposui
2780 5734 2888 5789 hoc
2942 5752 3007 5788 ex
3040 5750 3249 5805 graeco,
3283 5737 3438 5787 textu
3474 5727 3602 5805 σιξτὲ-

1964 5802 2113 5873 τλον,
2140 5801 2293 5878 quod
2318 5801 2599 5878 interpres
2632 5808 2935 5878 omiserat,
2963 5801 3194 5878 videtur
3231 5804 3483 5878 fenestra
3515 5801 3601 5855 in-

1961 5873 2241 5949 telligi-ex
2273 5873 2566 5950 speculari
2594 5877 2806 5950 lapide.
2834 5876 2979 5950 Vide
3017 5873 3419 5931 Onomaticon.

2033 5938 2524 6025 (4‘0’)Miliarisia.]
2557 5938 2787 6006 Retinui
2845 5948 3103 6004 Graecam
3160 5960 3355 6001 vocem
3413 5938 3601 6014 μιὶια-
