4092 6324
217 417 317 472 249
1418 421 1516 472 ΔΒ
1556 419 1833 473 ΙιΑῸΒΠΝ

1996 419 2389 477 EPOSITUM.
3505 422 3612 478 250

223 543 645 617 publicanorum
665 547 721 599 et
742 547 1115 616 peucatorum
1141 542 1347 615 (Matth.
1373 544 1450 614 χι)
1468 584 1483 613 ,
1500 558 1565 598 eo
1586 542 1737 613 quod
1763 559 1896 598 cum
1922 543 2067 614 ipsis
2091 547 2472 603 manducaret
2494 551 2550 603 et
2570 548 2814 605 biberet.
2836 551 2982 615 Quid
3010 567 3113 605 nos
3137 566 3271 623 ergo
3298 549 3612 605 faciemus?

217 633 404 703 Neque
434 630 562 687 illos
592 631 691 704 qui
722 632 1075 704 vituperant,
1111 649 1299 703 neque
1329 648 1427 687 eos
1450 631 1551 702 qui
1575 630 2291 702 laudantesquamur,sed
2319 640 2420 690 aut
2443 637 2973 708 rationejejunium
3005 656 3136 693 cum
3160 639 3383 696 Joanne
3406 643 3608 694 tenea-

222 738 359 789 mus,
375 720 603 775 etiamsi
628 721 952 777 damonem
978 722 1193 778 habere
1216 722 1500 776 dicamur:
1525 726 1625 775 aut
1647 736 1777 775 cum
1800 720 1936 775 Jesu
1956 721 2181 778 Christo
2208 724 2645 795 sapientervina
2671 727 3215 799 bibamus,quando
3236 728 3341 783 hoc
3364 728 3611 796 requirit

221 810 523 865 necessitas
541 811 882 881 corporalis,
917 811 1091 866 etiam
1119 811 1166 866 si
1192 828 1296 866 nos
1320 810 1499 882 aliqui
1520 810 1593 866 ob
1611 810 1804 864 cibum
1825 811 2091 866 carniset
2111 813 2227 867 vini
2257 818 2459 884 potum
2486 816 2570 885 (ut
2594 814 2757 869 illum
2798 817 3004 888 Judaei)
3037 817 3354 888 aliquando
3414 833 3605 888 repre-

219 900 482 955 hendant.
515 900 713 972 Neque
746 902 825 955 uti
860 918 993 971 ergo
1023 900 1175 967 istis,
1210 917 1391 971 neque
1414 901 1484 955 ab
1509 899 1601 955 his
1624 899 2098 971 abstinerejuxta
2126 902 2425 958 veritatem
2452 904 2528 958 rei
2553 903 2772 976 aliquid
2802 922 2930 961 esse
2952 906 3273 972 arbitreris;
3295 905 3395 960 sed
3419 905 3602 960 solam

218 988 370 1043 ﬁdem
385 1004 513 1058 quae
528 989 840 1045 dilectione
853 995 909 1045 et
924 990 1198 1061 operibus
1211 990 1542 1045 extenditur
1557 988 1769 1060 plurim
1782 1007 1813 1043 u
1826 1008 1879 1044 m
1894 990 2087 1045 valere
2112 993 2642 1065 cognoscas.1gitur
2655 994 2824 1065 cujus
2839 996 3066 1050 actibus
3082 994 3606 1067 semperinheerere

220 1078 462 1134 cernitur
485 1077 651 1145 ﬁdes,
684 1084 919 1151 propter
950 1080 1137 1150 ipsam
1174 1078 1547 1151 inculpabilis
1580 1079 1712 1145 erit,
1746 1080 1864 1134 sive
1898 1080 2335 1137 manducaverit
2364 1088 2690 1140 memorata
2706 1100 2808 1139 seu
2827 1084 3247 1140 biberit.0mne
3268 1083 3422 1138 enim
3450 1083 3603 1153 quod

220 1182 318 1221 non
345 1171 431 1222 est
459 1183 529 1222 ex
558 1167 697 1231 ﬁde,
730 1173 1038 1239 peccatum
1070 1176 1155 1225 est
1188 1170 1360 1240 (Rom.
1394 1169 1528 1241 xvr).
1557 1169 1664 1223 Sed
1702 1169 1977 1239 quoniam
2009 1171 2419 1243 unusquisque
2437 1171 2806 1243 delinquens,
2837 1174 2892 1227 id
2926 1176 3077 1245 quod
3126 1174 3267 1245 agit,
3314 1187 3381 1227 ex
3402 1172 3511 1227 ﬁde
3544 1188 3604 1225 se

213 1270 359 1326 agere
388 1255 551 1326 dicit,
578 1257 755 1312 etiam
780 1273 909 1312 cum
930 1257 1151 1329 aliquid
1186 1257 1370 1314 stulta
1402 1258 1781 1329 persuasione
1803 1262 2145 1331 etcorrupta
2177 1264 2352 1330 atque
2366 1260 2573 1316 vitiosa
2593 1262 3203 1329 consciential‘acit,ita
3218 1262 3324 1317 hoc
3346 1260 3608 1317 Salvator

215 1350 391 1402 noster
409 1346 705 1419 distinxit,
730 1349 1047 1404 utdieeret:
1074 1350 1154 1404 Ex
1179 1350 1465 1405 fructibus
1496 1365 1692 1405 eorum
1722 1351 2088 1420 cognoscetis
2112 1368 2210 1406 eos
2234 1354 2450 1417 (Matth.
2488 1354 2607 1424 vn).
2637 1354 2780 1408 Nam
2813 1356 2962 1425 quod
2997 1370 3198 1409 eorum
3224 1354 3321 1425 qui
3347 1354 3605 1407 rationa-

216 1434 389 1490 biliter
418 1435 647 1504 vivunt,
680 1444 854 1509 atque
884 1440 1177 1511 sapienter
1198 1441 1519 1495 secundum
1553 1440 1920 1509 Apostolum,
1948 1440 2057 1495 iste
2080 1441 2155 1495 sit
2180 1442 2422 1509 fructus,
2455 1442 2562 1498 hoc
2584 1446 2671 1499 est
2693 1444 2969 1509 Charitas,
2989 1443 3295 1515 gaudium,
3327 1459 3456 1513 pax,
3480 1440 3607 1495 lon-

211 1525 498 1594 ganimitas
514 1573 527 1592 ,
546 1528 1394 1595 mansuetudo,bonitas,ﬁdes,
1414 1529 1792 1595 continentia,
1817 1534 1995 1600 atque
2013 1530 2385 1602 simplicitas,
2404 1533 2659 1603 profecto
2690 1533 3067 1589 manifestum
3088 1538 3195 1589 est:
3224 1531 3435 1587 Paulus
3450 1531 3605 1586 enim

218 1614 435 1669 dicebat:
473 1616 730 1671 Fructus
763 1622 959 1672 autem
994 1618 1239 1689 spiritus
1268 1623 1375 1688 est,
1408 1618 1517 1674 hoc
1548 1626 1604 1674 et
1655 1618 1761 1673 hoc
1795 1618 1996 1689 (Gatat.
2029 1620 2107 1691 v).
2168 1621 2327 1684 Quod
2363 1638 2496 1676 vero
2528 1622 2577 1676 is
2638 1623 2737 1693 qui
2772 1623 3106 1693 bujusmodi
3140 1624 3363 1677 fructus
3392 1621 3606 1675 habere

219 1703 448 1772 festinat,
485 1721 606 1759 non
640 1705 1052 1778 intempestive
1078 1724 1267 1778 neque
1295 1708 1420 1762 sine
1443 1708 1927 1775 consideratione,
1963 1714 2063 1763 aut
2094 1726 2325 1764 carnem
2357 1712 2512 1779 edat,
2555 1717 2653 1765 aut
2685 1712 2884 1766 vinum
2918 1713 3101 1779 bibat,
3126 1717 3181 1766 et
3207 1712 3360 1782 quod
3416 1726 3604 1780 neque

212 1808 324 1846 cum
355 1808 417 1847 eo
436 1793 666 1850 habitet
691 1796 858 1867 cujus
883 1796 1295 1853 conscientiam
1331 1799 1517 1868 magis
1551 1797 1705 1852 norit
1737 1797 2077 1869 malignam,
2110 1798 2326 1854 Paulus
2360 1800 2572 1855 iterum
2609 1801 2731 1872 ipse
2761 1802 3008 1857 dicebat:
3038 1802 3177 1865 Quia
3196 1800 3607 1871 unusquisque

212 1881 291 1951 qui
321 1898 377 1936 se
407 1883 476 1936 ad
516 1899 760 1954 agonem
787 1889 974 1956 parat,
1001 1887 1072 1941 ab
1097 1887 1368 1942 omnibus
1391 1903 1452 1942 se
1474 1887 1695 1942 abtinet
1719 1886 1762 1958 (Ι
1794 1886 2021 1959 Coma);
2056 1887 2279 1943 scilicet
2298 1893 2357 1943 ut
2381 1890 3225 1960 corporevideaturincolumis
3240 1890 3605 1945 abstineatse

213 1970 353 2025 abiis
377 1988 505 2042 quae
533 1973 755 2029 faciunt
777 1975 1111 2044 crassiores;
1146 1993 1279 2031 cum
1304 1982 1497 2031 autem
1526 1976 1864 2031 inﬁrmitate
1893 1976 2083 2048 aliqua
2115 1983 2215 2033 aut
2238 1978 2435 2034 dolore
2463 1985 2831 2047 vexatur,aut
2863 1980 3119 2047 tristitia,
3148 1980 3603 2051 velquibusdam

214 2060 618 2118 testationibus
651 2063 973 2133 mordetur,
999 2069 1197 2120 utatur
1226 2066 1464 2136 quidem
1489 2065 1634 2120 cibis
1658 2070 1758 2120 aut
1789 2066 2024 2137 potibus
2059 2071 2335 2139 tanquam
2364 2068 2825 2134 medicamentis,
2860 2086 2986 2141 quae
3009 2070 3237 2140 possint
3260 2083 3463 2123 curare
3486 2065 3603 2122 solo

208 2147 393 2217 licitos,
427 2151 636 2223 abigat
667 2158 862 2208 autem
904 2172 937 2209 a
968 2172 1029 2209 se
1063 2172 1129 2209 ea
1162 2156 1380 2226 quibus
1411 2155 1609 2211 anima
1639 2154 2006 2225 vulneratur,
2041 2158 2145 2213 hoc
2170 2163 2259 2213 est
2290 2158 2990 2229 iracundiam,invidiam,
3015 2176 3270 2215 amorem
3295 2175 3455 2215 vana:
3479 2156 3603 2228 glo-

207 2236 283 2292 rise
303 2244 355 2294 et
375 2246 551 2296 rectae
573 2242 889 2299 voluntatis
922 2244 1329 2314 defectionem,
1348 2245 1779 2301 susurrationes
1811 2263 2044 2318 quoque
2066 2253 2122 2303 et
2142 2247 2566 2303 irrationabiles
2599 2250 3173 2321 suspiciones,agens
3202 2248 3444 2304 Domino
3467 2264 3602 2318 gra-

211 2326 303 2381 tias
328 2329 743 2401 sempiternas.

264 2418 584 2476 Sutﬁcienti
610 2421 789 2494 igitur
816 2440 993 2495 super
1023 2423 1131 2480 hoc
1153 2425 1553 2496 disputatione
1576 2426 1843 2496 decursa,
1869 2425 2040 2481 aliam
2066 2443 2273 2481 rursus
2301 2428 2554 2497 adjungo
2577 2428 2855 2483 docilitati
2879 2432 2991 2483 tua:
3018 2428 3419 2490 monitionem;
3443 2428 3595 2483 942

206 2511 257 2561 ut
280 2509 426 2563 omni
450 2510 679 2567 virtute
712 2513 926 2569 mentis
948 2513 1221 2583 dilfugias
1252 2520 1631 2586 conspectum
1656 2532 1856 2570 eorum
1891 2521 2065 2586 atque
2098 2515 2472 2585 colloquium,
2503 2534 2751 2588 quorum
2778 2519 3137 2572 contrarium
3173 2523 3259 2572 est
3282 2518 3443 2571 bona;
3467 2516 3597 2573 vitae

206 2598 685 2671 propositum,qui
709 2602 941 2672 penitus
963 2604 1239 2675 prodesse
1272 2621 1385 2659 non
1411 2610 1682 2675 possunt,
1706 2611 1757 2660 et
1793 2606 2008 2676 quibus
2036 2622 2174 2660 cura
2203 2610 2291 2661 est
2323 2607 2481 2662 varia
2511 2614 2706 2662 cutem
2732 2608 2991 2679 corporis
3015 2606 3289 2679 expolire,
3335 2605 3508 2661 etiam
3546 2605 3594 2660 si

209 2692 349 2742 recte
378 2688 645 2745 cultores
673 2691 810 2747 fidei
844 2698 1264 2762 memorentur;
1294 2695 1393 2750 sed
1424 2694 1543 2749 vita
1572 2695 1667 2765 (ut;
1688 2695 1769 2749 ita
1792 2694 2060 2767 dixerim)
2090 2713 2369 2767 perversae
2393 2702 2561 2753 secta:
2587 2698 2872 2764 homines,
2898 2698 2995 2768 qui
3021 2698 3248 2753 animas
3271 2696 3379 2751 sub
3403 2696 3594 2767 specie

205 2776 505 2835 sanctitatis
544 2784 831 2848 evertunt,
863 2783 1041 2837 etiam
1072 2782 1118 2838 si
1152 2783 1393 2852 canitie,
1418 2788 1477 2839 et
1506 2784 1716 2851 colore,
1750 2790 1807 2840 et
1832 2786 2220 2840 ostentatione
2250 2802 2549 2855 rugarum,
2573 2802 2885 2841 numerum
2909 2785 3342 2857 quodammodo
3366 2784 3593 2839 trahere

207 2863 487 2922 videantur
516 2884 834 2925 annorum;
861 2871 1007 2937 Quia
1027 2876 1084 2927 et
1105 2873 1153 2928 si
1186 2872 1349 2928 nulla
1370 2890 1571 2928 eorum
1597 2873 1829 2929 laesione
1857 2873 2170 2929 maculeris
2203 2891 2429 2929 morum
2466 2876 2753 2947 probitate
2777 2876 3061 2947 munitus,
3096 2874 3183 2931 vel
3214 2875 3416 2931 leviter
3436 2879 3589 2929 certe

205 2955 611 3013 autresolveris
629 2963 692 3013 ut
712 2962 991 3028 securior,
1017 2967 1115 3017 aut
1144 2961 1385 3034 erigeris
1411 2967 1474 3017 ut
1498 2963 1724 3031 melior,
1756 2970 1810 3018 et
1840 2963 2198 3035 vituperabis
2221 2964 2368 3020 tales
2399 2969 2571 3036 atque
2603 2965 2843 3033 ridebis;
2866 2966 3021 3036 quod
3048 2982 3162 3021 non
3186 2965 3311 3020 sine
3334 2979 3483 3018 noxa
3504 2960 3589 3016 tui

207 3047 249 3097 te
274 3042 463 3101 fecisse
494 3062 848 3119 cognosces.
868 3049 1215 3105 Sanctorum
1241 3056 1433 3106 autem
1465 3052 1717 3107 virorum
1754 3069 1818 3107 ac
1853 3053 2202 3108 feminarum
2238 3053 2412 3108 veluti
2446 3053 2643 3109 lumen
2669 3054 3034 3125 splendentis
3056 3055 3348 3117 fenestrae,
3372 3058 3597 3107 sectare

210 3140 556 3204 conspectus,
576 3138 998 3208 utperillorum
1016 3141 1346 3195 veneranda
1364 3139 1652 3211 colloquia
1670 3147 1949 3212 tanquam
1980 3142 2222 3197 minutis
2245 3142 2511 3198 Codicem
2535 3142 2745 3197 litteris
2768 3143 3051 3215 scriptum
3077 3142 3267 3214 possis
3291 3140 3598 3213 diligenter

209 3218 485 3294 inspicere,
503 3230 674 3282 actus
689 3243 919 3299 quoque
940 3230 1202 3285 etcordis
1222 3247 1514 3285 arcanaex
1534 3230 1660 3302 ipsa
1672 3248 1800 3286 com
1812 3232 2108 3302 paratione
2121 3238 2549 3303 cognoscere,et
2564 3232 2681 3289 sive
2696 3232 3057 3304 diligentiam
3073 3249 3172 3287 seu
3192 3231 3598 3303 negligentiam

206 3314 339 3368 tuam
353 3316 651 3371 curiosius
665 3318 1162 3389 approbare.Nam
1177 3324 1231 3374 et
1247 3320 1368 3390 ipse
1382 3320 1625 3376 hominu
1639 3338 1690 3375 m
1706 3320 2113 3393 religiosorum
2129 3322 2284 3378 color
2298 3322 2433 3394 (quo
2448 3322 2847 3394 praedicabiles
2863 3339 3054 3379 mores
3069 3327 3133 3377 ut
3154 3322 3292 3377 ﬂore
3308 3318 3593 3390 velantur)

203 3403 1111 3473 etamictusvestis,etinconfusa
1136 3426 1299 3465 mens
1315 3409 1516 3480 animi,
1539 3410 2251 3483 absqueullosuspercilio
2297 3413 2587 3468 sermonis
2618 3412 2828 3480 inﬂati,
2871 3422 2923 3468 et
2969 3412 3297 3467 verecunda
3327 3411 3589 3481 ipsarum

210 3505 412 3564 quoque
437 3496 766 3552 reverentia
799 3497 1185 3569 syllabarum,
1215 3504 1270 3553 et
1288 3504 1453 3570 grata
1474 3500 1718 3571 digestio
1740 3518 2020 3556 sensuum
2048 3507 2221 3574 atque
2243 3504 2551 3558 verborum
2576 3502 2935 3558 sufﬁcienter
2957 3501 3218 3557 animare
3240 3505 3295 3555 te
3318 3502 3591 3571 poterunt

206 3582 355 3639 etiam
385 3586 433 3641 si
461 3586 779 3643 anxietatis
809 3587 1060 3659 alicujus
1091 3589 1260 3644 taedio
1294 3590 1573 3661 fatigeris.
1609 3590 1872 3647 Amictus
1901 3592 2056 3646 enim
2090 3593 2218 3660 viri,
2251 3599 2307 3647 et
2333 3597 2524 3648 motus
2548 3595 2783 3664 pedum,
2804 3598 2861 3648 et
2882 3591 3145 3647 dentium
3168 3591 3343 3655 risus,
3371 3604 3438 3644 ea
3465 3604 3591 3658 qua:

206 3668 252 3724 in
278 3671 393 3743 ipso
432 3674 713 3730 videntur
740 3692 868 3731 esse
898 3676 1254 3749 signiﬁcant,
1286 3678 1439 3734 sicut
1476 3683 1814 3734 sanctarum
1865 3679 2299 3751 Scripturarum
2335 3682 2715 3751 proverbialis
2749 3696 2941 3735 sermo
2998 3684 3249 3736 testatur
3276 3678 3480 3741 (Eccle.
3511 3680 3588 3744 κ).

210 3758 471 3834 Incipiens
503 3765 689 3834 igitur
721 3767 1023 3838 promissae
1058 3767 1409 3823 narrationis
1439 3767 1762 3839 exordium,
1799 3769 1992 3825 nullos
2026 3770 2122 3824 tibi
2160 3786 2346 3838 neque
2376 3771 2435 3824 in
2467 3769 2819 3834 civitatibus,
2855 3786 3042 3840 neque
3089 3770 3145 3823 in
3179 3768 3343 3836 vicis,
3402 3782 3593 3836 neque

204 3847 249 3902 in
276 3852 691 3910 solitudinibus
722 3871 850 3911 esse
880 3856 1519 3927 incognitos,relatione
1550 3874 1679 3913 mea
1710 3875 1841 3913 sum
1876 3876 2107 3929 passus.
2134 3859 2331 3929 Neque
2365 3860 2519 3915 enim
2552 3858 2715 3914 locus
2744 3859 3022 3929 quaeritur
3051 3858 3234 3927 solus,
3267 3857 3325 3910 in
3359 3872 3474 3927 quo
3503 3860 3588 3910 ta-

204 3934 271 3993 les
296 3941 687 3999 habitaverint
716 3944 844 4010 viri,
879 3947 980 4001 sed
1012 3951 1181 4001 rectm
1209 3946 1384 4002 etiam
1417 3948 1545 4002 vitae
1578 3948 1945 4020 propositum
1976 3954 2034 4005 et
2063 3949 2463 4022 praedicabiles
2496 3966 2707 4005 mores.

210 4080 3057 4117 ΞΜ

3061 4090 3566 4116 m

593 4224 1191 4320 EPISTULAl
1256 4235 1797 4322 PALLADII,
1868 4237 2360 4323 EPISCOPI
2429 4236 3184 4323 CAPPADOCIZE,

1346 4389 1449 4447 AD
1494 4390 1591 4449 LA
1601 4388 1815 4449 USUM
1860 4388 2386 4451 PR/EPOSITUM
2398 4435 2413 4447 .

262 4605 440 4664 Laudo
474 4614 826 4682 magnopere
852 4609 1163 4665 consilium
1196 4614 1363 4665 tuum
1388 4612 1620 4681 (merito
1652 4613 1806 4667 enim
1833 4629 1865 4667 a
1887 4612 2219 4668 laudatione
2242 4614 2521 4669 ordienda
2546 4615 2687 4669 mihi
2706 4620 2792 4669 est
2819 4614 3084 4686 epistola)
3108 4615 3260 4685 quod
3289 4613 3583 4685 plerisque

204 4698 449 4754 omnibus
482 4716 579 4753 res
611 4699 803 4755 futiles
830 4702 1060 4771 sibique
1109 4719 1350 4773 prorsus
1407 4702 1648 4756 inutiles
1706 4704 2205 4775 consectantibus,
2240 4705 2364 4774 ipse
2420 4721 2485 4759 ea
2516 4705 2708 4759 doceri
2763 4706 3020 4773 studeas,
3080 4721 3206 4775 quae
3244 4705 3312 4759 ad
3373 4703 3579 4757 anima:

202 4784 419 4842 salutem
481 4790 830 4861 pertineant.
883 4790 1181 4862 Siquidem
1242 4809 1396 4846 unus
1428 4797 1517 4846 est
1576 4774 2003 4862 tantummodo,
2064 4792 2155 4848 cui
2215 4794 2478 4848 doctrina
2506 4810 2653 4864 opus
2714 4812 2825 4849 non
2878 4800 2967 4848 est
2996 4794 3121 4865 ipse
3180 4792 3581 4848 universitatis

204 4887 366 4930 rerum
400 4895 615 4949 parens
647 4883 703 4934 et
734 4885 1067 4951 procreator
1093 4880 1267 4949 Deus,
1302 4880 1518 4953 quippe
1547 4882 1646 4951 qui
1676 4881 1941 4936 omnium
1974 4882 2425 4953 antiquissimus
2456 4883 2696 4953 originis
2726 4900 2844 4938 suae
2904 4884 3199 4938 neminem
3234 4883 3409 4937 habet
3440 4897 3581 4936 auc—

200 4962 357 5018 torem
387 4972 595 5036 praeter
616 4968 901 5039 seipsum.

258 5050 323 5106 Eo
346 5061 580 5128 excepto
613 5057 843 5128 reliqua
869 5057 1067 5113 omnia
1098 5061 1162 5112 ut
1191 5074 1316 5129 quae
1348 5062 1404 5113 et
1428 5058 1579 5113 facta
1608 5062 1664 5113 et
1686 5063 1880 5114 creata
1912 5064 2069 5128 sunt,
2103 5060 2367 5115 doctrina
2395 5059 2701 5117 informari
2727 5066 2994 5132 possunt.
3027 5060 3172 5115 Nam
3205 5063 3261 5114 et
3291 5059 3465 5130 primi
3493 5057 3580 5113 illi

203 5140 497 5200 caelestium
532 5146 768 5201 ordines
802 5146 1142 5217 magistram
1174 5146 1393 5201 habent
1427 5163 1761 5216 supremam
1794 5146 1983 5219 ipsam
2042 5148 2404 5216 Trinitatem;
2439 5151 2677 5205 secundi
2708 5167 2842 5205 vero
2885 5168 2916 5203 a
2948 5149 3155 5219 primis
3188 5150 3492 5213 docentur,
3525 5153 3581 5203 et

206 5230 336 5283 tertii
362 5248 393 5285 a
422 5234 721 5299 secundis,
755 5238 812 5288 et
841 5233 1031 5288 caeteri
1062 5235 1337 5305 dienceps
1369 5233 1665 5293 similiter:
1699 5235 1796 5305 qui
1830 5252 2083 5306 namque
2111 5237 2444 5307 cognitione
2475 5243 2531 5293 et
2585 5236 2797 5292 virtute
2845 5237 3070 5292 caeteris
3129 5235 3505 5304 antecellunt,
3538 5236 3579 5291 ii

206 5317 287 5387 qui
314 5335 370 5375 se
399 5327 540 5377 sunt
565 5322 871 5377 inferiores
900 5323 1197 5377 erudiunt.

263 5408 489 5466 Proinde
515 5410 861 5483 ignorantiae
894 5411 1118 5478 morbo,
1144 5429 1270 5483 quae
1293 5414 1583 5484 superbiae
1604 5419 1693 5469 est
1714 5418 1921 5480 mater,
1947 5413 2212 5470 laborare
2237 5415 2512 5470 censendi
2536 5420 2674 5470 sunt
2698 5414 2736 5469 ii
2760 5416 2857 5485 qui
2883 5414 3220 5471 existimant
3242 5416 3578 5473 doctoribus

202 5493 293 5551 sibi
309 5514 448 5570 opus
471 5517 582 5557 non
606 5518 758 5572 esse;
783 5501 819 5554 ii
846 5505 1040 5557 autem
1066 5507 1205 5557 sunt
1222 5502 1322 5573 qui
1344 5503 1688 5558 docentibus
1708 5520 1841 5559 cum
1864 5505 2147 5559 charitate
2168 5505 2341 5560 fidem
2367 5521 2479 5560 non
2504 5505 2804 5571 adhibent;
2825 5505 3040 5560 etenim
3064 5506 3319 5562 volentes
3345 5523 3411 5561 ea
3435 5507 3491 5560 in
3518 5524 3577 5561 re

261 5617 425 5697 “illac
455 5616 891 5697 epis_t_ola__deest
921 5619 1122 5697 primae
1152 5620 1387 5675 editioni
1424 5621 1766 5697 Heraclidis.
1830 5622 2210 5697 Deesthetiam
2260 5622 2369 5677 Ms.
2429 5622 2767 5697 Moretiano.
2829 5623 2999 5697 Dedit
3031 5641 3155 5679 eam
3224 5625 3573 5697 Lipomanus

204 5698 261 5739 ex
284 5686 423 5743 libro
454 5686 767 5745 cardinalis
796 5686 1177 5759 Bessarionis,
1212 5698 1468 5749 vertente
1502 5694 1592 5752 Fr.
1630 5694 1818 5751 Turre:

202 5760 440 5817 versione
470 5761 713 5819 Herveti.

1957 5693 2251 5751 .Palladio
2300 5695 2528 5751 Herveti
2575 5694 2824 5751 habetur
2872 5695 3193 5753 Heraclidis
3237 5686 3474 5754 nomine
3506 5714 3573 5752 ex
