4092 6324
473 406 574 463 251

1540 412 1545 415 ’
1633 411 2000 466 ΔΡΡΕΝΒΙΧ
2040 412 2137 463 ΔΙ)
2176 409 2389 465 VITAS
2424 412 2742 465 PATRUM.

3746 416 3836 471 252

476 548 580 604 per
609 546 799 588 aerem
823 533 1113 589 daemones
1147 532 1717 606 imitantur,quando
1740 533 1824 588 illi
1857 549 2089 605 quoque
2110 534 2309 589 eadem
2336 538 2500 605 peste
2523 534 3340 607 corrupti,aemlestibussuis
3372 536 3600 593 sedibus
3622 537 3846 615 fugitivi,

474 621 802 694 praecipites
835 619 971 676 olim
1005 623 1074 677 de
1108 622 1248 678 coelo
1280 622 1455 695 primi
1479 623 1537 678 in
1560 622 1799 678 exitium
1827 622 2050 694 delapsi
2075 623 2213 679 sint.
2249 623 2616 695 Nequeenim
2653 624 2918 679 doctrina
2937 625 3374 680 suntdictiones
3400 632 3496 681 aut
3519 626 3846 698 syllabae,sed

478 715 629 767 recte
664 710 810 767 facta
841 709 1023 766 animi
1056 712 1200 767 bene
1234 712 1549 779 informati,
1584 713 1932 783 animusque
1963 713 2089 785 ipse
2110 713 2268 767 omni
2293 714 2638 785 aegritudine
2657 731 2896 783 vacuus,
2918 730 3275 786 prorsusque
3304 715 3621 786 intrepidus
3642 733 3701 771 ac
3722 735 3848 789 prae-

482 818 641 867 sens,
666 802 878 872 cuique
911 800 1071 856 nulla
1100 802 1406 858 iracundia
1435 804 1790 869 dominetur,
1822 807 1880 859 et
1912 804 2010 875 qui
2044 820 2170 874 quae
2202 805 2380 859 sentit
2414 803 2590 860 libere
2615 804 2892 861 omnibus
2937 805 2997 859 in
3031 805 3203 860 rebus
3242 804 3435 877 eloqui
3485 822 3593 861 non
3620 808 3847 878 dubitet;

486 890 638 946 unde
671 889 951 944 nimirum
987 908 1179 946 sermo
1210 891 1387 962 igneae
1422 893 1670 947 ﬂammae
1703 892 1891 947 instar
1920 892 2195 964 erumpit.

555 976 923 1046 Etenim,nisi
959 977 1065 1033 hoc
1098 979 1178 1033 ita
1209 984 1383 1047 esset,
1419 998 1791 1052 nequaquam
1823 981 2128 1053 discipulis
2162 982 2288 1039 suis
2318 982 2562 1038 dixisset
2589 998 2839 1055 magnus
2871 982 2967 1039 ille
2999 983 3296 1056 Magister:
3322 983 3536 1040 Discite
3558 1001 3589 1040 a
3619 1001 3705 1041 me
3733 987 3853 1057 quia

477 1064 642 1118 mitis
675 1082 807 1122 sum
838 1070 894 1121 et
925 1066 1165 1123 humilis
1198 1069 1371 1123 corde
1403 1070 1609 1140 (Matth.
1644 1073 1745 1138 χι),
1777 1087 1909 1125 cum
1936 1087 2051 1126 non
2074 1076 2349 1142 corrupta
2380 1071 2643 1126 oratione
2674 1071 2969 1127 auditores
2998 1071 3095 1125 ille
3131 1088 3267 1126 suas
3300 1072 3572 1141 erudiret,
3617 1074 3711 1129 sed
3741 1074 3855 1131 talis

480 1160 636 1209 esset
657 1156 873 1227 ipse,ut
900 1158 1193 1213 neminem
1222 1158 1484 1214 moribus
1507 1159 1633 1215 suis
1656 1160 2207 1232 oﬂ'enderet,prieter
2225 1178 2322 1217 eos
2339 1163 2617 1216 duntaxat
2641 1161 2856 1231 quibus
2876 1166 3084 1232 suapte
3114 1166 3320 1232 sponte
3341 1162 3601 1216 doctrina
3620 1162 3739 1234 ipsa
3758 1182 3858 1219 una

483 1260 619 1298 cum
644 1246 987 1301 doctoribus
1018 1252 1172 1302 esset
1193 1248 1399 1303 invisa.
1431 1249 1609 1304 Debet
1637 1250 1791 1305 enim
1822 1251 2039 1315 anima,
2074 1268 2202 1321 quae
2233 1268 2294 1305 se
2327 1252 2381 1305 in
2402 1251 2527 1305 vitae
2548 1251 2891 1306 Christianae
2921 1250 3213 1306 curriculo
3238 1257 3483 1319 exercet,
3506 1257 3604 1307 aut
3623 1252 3861 1308 adhibita

490 1334 603 1389 fide
626 1333 863 1390 aliunde
885 1336 1109 1392 discere
1140 1354 1265 1409 quas
1295 1338 1496 1406 nescit,
1544 1345 1647 1394 aut
1668 1357 1791 1409 quae
1814 1340 1925 1395 scit
1946 1348 2137 1411 aperte
2169 1339 2296 1410 ipsa
2327 1340 2472 1395 alios
2504 1340 3075 1412 docere;alioquiqui
3099 1340 3304 1395 horum
3339 1340 3676 1395 alterutrum
3700 1341 3862 1397 facere

490 1424 827 1494 neglexerit,
854 1426 904 1480 is
928 1426 1129 1482 merito
1155 1429 1303 1482 inter
1326 1428 1563 1483 insanos
1582 1428 1884 1484 habendus
1917 1430 2013 1485 sit:
2048 1429 2261 1501 quippe
2292 1446 2425 1485 cum
2458 1429 2694 1484 initium
2729 1429 3069 1485 defectionis
3119 1430 3197 1485 sit
3229 1430 3503 1485 doctrinm
3559 1432 3781 1486 satietas
3808 1446 3862 1485 ac

495 1513 817 1585 disciplina:
852 1516 1364 1589 fastidium,quam
1401 1519 1478 1590 pii
1516 1518 1773 1573 hominis
1809 1519 2044 1573 animus
2078 1519 2316 1574 assidue
2346 1535 2533 1590 usque
2556 1519 2761 1575 solitus
2783 1523 2872 1576 est
2893 1520 3135 1586 esurire,
3166 1520 3349 1575 Fortis
3380 1524 3524 1589 esto,
3555 1523 3609 1574 et
3637 1518 3770 1588 vale;
3798 1525 3864 1589 et,

494 1602 649 1673 quod
683 1619 965 1675 magnum
999 1613 1108 1672 est,
1140 1606 1316 1663 donet
1345 1608 1445 1662 tibi
1478 1607 1630 1663 Deus
1661 1608 2055 1679 cognitionem
2087 1607 2321 1663 Christi.

492 1772 3863 1806 Ἦ

1405 1928 1649 2032 ΗΕΒ
1673 1927 2150 2034 ACLlDlS

2260 1926 2989 2033 PABADISUS.

1026 2248 1255 2305 CAPUT
1305 2249 1607 2306 PRIMUM.

502 2338 623 2411 Vita
644 2337 853 2411 (Isidori
877 2340 1196 2411 presbyteri
1225 2341 1633 2403 Alexandrini;
1664 2341 1923 2397 Dorothei
1952 2358 2145 2397 mona-

562 2409 678 2486 clii‘
698 2410 961 2486 Thebani,
993 2409 1353 2486 Petamiaznae
1408 2418 1692 2485 martyris,
1726 2414 1950 2486 Didymi
1991 2416 2142 2481 caeci,

564 2484 613 2535 et
644 2482 972 2537 Alexandrea
1001 2484 1274 2539 mulieris.

568 2626 708 2682 Cum
736 2627 988 2698 primum
1012 2626 1465 2683 Alexandrinam
1490 2630 1651 2700 attigi
1678 2629 1970 2685 civitatem
1990 2630 2146 2699 (Pal-

499 2716 635 2782 lad.,
666 2734 713 2772 ε.
738 2718 810 2784 1),
835 2718 895 2772 in
918 2720 1174 2775 secundo
1197 2719 1447 2774 senioris
1474 2720 1845 2791 imperatoris
1877 2720 2144 2776 Theodo-

498 2807 565 2860 sii
583 2805 917 2872 consulatu,
934 2808 1031 2877 qui
1052 2813 1288 2879 propter
1305 2824 1429 2862 eam
1450 2824 1622 2877 quam
1640 2808 2013 2863 inChristum
2030 2826 2146 2864 cre-

500 2895 649 2949 didit
674 2896 845 2950 fidem
869 2912 1002 2950 cum
1020 2896 1245 2967 angelis
1260 2914 1415 2951 nunc
1433 2904 1714 2965 moratur;
1739 2898 2144 2955 admirabilem

495 2984 687 3039 virum
721 2990 777 3039 et
797 2990 1070 3041 ornatum
1100 3002 1203 3057 per
1233 2986 1431 3041 omnia
1465 2988 1728 3043 moribus
1759 3003 1824 3041 ac
1868 2988 2143 3058 peritum,

500 3075 788 3131 Isidorum
804 3076 1204 3149 presbyterum
1223 3077 1280 3131 in
1299 3081 1621 3132 memorata
1639 3078 1866 3132 civitate
1882 3078 2145 3149 cognovi,

504 3166 605 3236 qui
638 3165 695 3220 in
724 3166 1118 3222 Alexandrina
1150 3167 1407 3223 Ecclesia
1437 3172 1561 3222 erat
1616 3173 1924 3239 susceptor
1973 3174 2150 3240 atque

499 3255 769 3327 provisor
800 3272 1125 3327 pauperum
1161 3257 1430 3323 fratrum,
1456 3273 1630 3328 quem
1655 3257 1713 3311 in
1746 3256 2149 3328 principioju-

500 3346 759 3400 ventutis
791 3362 909 3401 sua:
931 3345 1197 3417 egregias
1212 3362 1314 3416 per
1328 3345 1708 3400 solitudinem
1725 3345 1952 3416 palmas
1967 3346 2146 3401 absti-

502 3436 716 3491 nentiae
739 3435 1136 3506 promeruisse
1161 3436 1565 3489 memorabant
1592 3435 1783 3505 (cujus
1810 3441 1867 3489 et
1884 3432 2150 3489 cellulam

498 3523 618 3578 vidi
652 3525 710 3579 in
745 3523 1073 3589 monte,cui
1099 3524 1535 3581 Nitriasnomen
1550 3525 1681 3593 est),
1699 3540 1897 3578 senem
1914 3528 2149 3595 septua-

500 3613 725 3684 gesimo
758 3614 945 3669 (etatis
976 3630 1095 3668 suae
1127 3631 1301 3681 anno;
1335 3614 1434 3685 qui
1463 3613 1594 3669 aliis
1612 3614 1949 3685 quindecim
1982 3614 2152 3668 annis
2184 3620 2229 3683 Β

500 3702 744 3757 vivendo
764 3703 919 3757 943
935 3701 1262 3773 completis,
1296 3702 1436 3758 obiit
1458 3702 1518 3757 in
1540 3719 1699 3773 pace.
1725 3702 1823 3757 Ille
1848 3702 2025 3772 igitur
2046 3718 2148 3757 us-

506 3808 620 3862 que
652 3793 722 3847 ad
759 3791 1031 3847 ultimum
1062 3792 1234 3846 finem
1270 3809 1384 3846 non
1417 3792 1599 3847 linteo
1624 3809 1768 3847 usus
1798 3796 1907 3860 est,
1942 3792 2051 3847 nisi
2085 3808 2151 3847 eo

506 3898 621 3953 quo
654 3880 871 3936 velaret
900 3887 1097 3953 caput;
1127 3897 1238 3936 non
1276 3881 1483 3936 balnea
1506 3881 1719 3952 attigit,
1745 3898 1859 3935 non
1883 3896 1948 3935 ex
1971 3880 2155 3936 carni-

507 3972 618 4026 bus
644 3971 839 4026 cibum
866 3970 1137 4042 sumpsit;
1160 3988 1271 4025 non
1297 3986 1512 4025 mensae
1539 3972 1805 4039 usquead
1826 3972 2154 4026 satietatem

507 4060 793 4115 interfuit.
829 4061 935 4124 Qui
969 4061 1201 4130 quidem
1236 4066 1352 4113 tam
1389 4060 1528 4114 lauti
1563 4058 1890 4127 corpusculi
1930 4059 2037 4113 fuit
2060 4075 2159 4129 per

509 4149 760 4227 gratiam
814 4148 1141 4218 spiritualis
1174 4148 1487 4216 alimonize,
1521 4154 1584 4201 ut
1614 4164 1817 4201 omnes
1843 4148 1941 4219 qui
1980 4150 2159 4202 vitam

511 4238 698 4307 ipsius
716 4235 1515 4308 nesciebant,epulationibus
1534 4236 1672 4291 illud
1690 4253 1755 4291 ac
1769 4236 2166 4308 voluptatibus

514 4327 897 4396 imputarent.
938 4326 1011 4379 De
1043 4342 1157 4396 quo
1188 4325 1331 4395 viro,
1365 4326 1412 4381 si
1445 4327 1693 4381 virtutes
1728 4326 1915 4397 ipsius
1957 4325 2163 4380 anima:

516 4431 805 4486 exponere
836 4412 1177 4485 singulatim
1211 4414 1403 4481 velim,
1424 4419 1658 4486 tempus
1680 4430 1768 4469 me
1791 4415 2047 4485 profecto
2067 4415 2164 4469 de-

519 4504 692 4560 ﬁciet.
728 4502 833 4571 Qui
868 4507 1041 4557 tantas
1070 4503 1354 4558 bonitatis
1382 4508 1555 4574 atque
1588 4502 1976 4558 humanitatis
2019 4507 2165 4571 erat,

518 4599 758 4664 tamque
789 4591 1090 4665 pacificus,
1121 4597 1183 4647 ut
1209 4592 1386 4647 etiam
1424 4592 1537 4663 ipsi
1569 4593 1668 4663 qui
1708 4591 2165 4663 pertinacissimi

516 4683 782 4752 ejusdem
810 4681 1159 4736 videbantur
1180 4681 1427 4747 inimici,
1462 4680 1872 4736 erubescerent
1900 4682 2165 4735 umbram

513 4788 745 4843 quoque
777 4770 985 4842 ipsius,
1011 4776 1247 4842 propter
1262 4774 1381 4825 tam
1396 4769 1785 4825 venerabilem
1800 4770 2000 4824 vitam.
2018 4773 2171 4823 Tan-

514 4868 635 4917 tam
669 4864 861 4916 autem
896 4866 1231 4915 sanctarum
1257 4860 1695 4931 Scripturarum
1739 4875 1804 4914 ac
1836 4859 2014 4913 divini
2062 4859 2167 4912 do-

520 4950 736 5024 gmatis
797 4952 980 5005 fertur
1026 4948 1302 5004 habuisse
1355 4949 1647 5018 notitiam,
1683 4953 1748 5003 ut
1776 4954 1833 5003 et
1860 4948 2009 5003 inter
2039 4948 2167 5018 ipsa

520 5043 768 5097 fratrum
801 5039 1063 5095 convivia
1112 5039 1551 5109 obstupesceret
1604 5039 1817 5104 subito,
1850 5054 1915 5093 ac
1974 5041 2169 5092 mente

524 5136 770 5200 mutata,
788 5136 843 5185 et
865 5128 1137 5185 sensibus
1160 5127 1548 5199 spiritualiter
1567 5128 1868 5199 occupatis
1890 5125 2167 5182 transmi-

523 5219 873 5290 grassealio
905 5218 1219 5286 videretur;
1265 5228 1325 5272 ut
1378 5218 1477 5289 qui
1535 5218 1933 5289 interrogatus
1968 5220 2172 5288 postea

526 5326 765 5364 causam
795 5309 979 5378 ipsius
1001 5306 1411 5379 stuporis,ha3c
1433 5309 1666 5375 diceret,
1684 5308 1751 5362 ad
1772 5306 1885 5361 alia
1904 5306 2173 5376 quaedam

529 5416 592 5455 se
622 5399 973 5468 cogitatione
1000 5397 1379 5465 translatum,
1403 5402 1458 5451 et
1480 5396 1790 5466 cujusdam
1817 5394 2050 5450 theoriae
2074 5394 2175 5448 mi-

530 5487 727 5542 raculo
760 5492 991 5557 raptum
1023 5486 1370 5541 fuisse.Novi
1403 5486 1578 5541 etiam
1626 5502 1752 5557 ego,
1788 5487 2177 5539 memoratum

527 5577 741 5639 virum,
774 5576 913 5629 dum
950 5584 1207 5630 sumeret
1256 5576 1473 5645 cibum,
1527 5574 1742 5646 saapius
1800 5574 2177 5641 lacrymasse.

539 5666 805 5736 Cumque
837 5664 1159 5719 admirarer
1188 5665 1333 5719 forte
1366 5682 1470 5720 cur
1501 5664 1803 5729 ﬂeret,hoc
1835 5680 1902 5718 ex
1925 5678 2026 5717 ore
2057 5662 2185 5731 ejus

531 5754 729 5811 audivi
754 5772 766 5814 :
800 5754 1123 5825 Erubesce,
1156 5753 1361 5825 inquit,
1388 5754 1847 5812 irrationabilem
1870 5752 2065 5808 cibum
2089 5767 2188 5809 su-

2175 2254 2227 2318 Α
2260 2267 2448 2316 mens,
2499 2249 2597 2321 qui
2649 2248 2952 2305 rationalis
3002 2249 3189 2304 factus
3238 2265 3271 2302 a
3317 2253 3463 2315 Deo,
3520 2247 3775 2302 deberem
3820 2246 3869 2301 in

2258 2339 2515 2411 paradisi
2540 2338 2836 2409 voluptate
2866 2339 3105 2405 versari,
3139 2343 3195 2393 et
3252 2337 3382 2392 cibo
3435 2335 3633 2391 satiari
3680 2336 3870 2398 divino,

2258 2432 2453 2499 proter
2481 2444 2610 2483 eam
2643 2444 2820 2498 quam
2852 2427 3121 2482 Christus
3181 2426 3351 2483 nobis
3392 2425 3598 2481 tribuit
3651 2427 3872 2497 potesta-

2256 2524 2394 2574 tem.

2331 2608 2429 2661 ilic
2461 2607 2584 2678 ipse
2617 2623 2789 2676 quem
2823 2606 2952 2661 dico
2978 2610 3151 2661 notus
3190 2605 3454 2660 Romano
3474 2603 3872 2670 senatui,femi-

2257 2694 2467 2765 nisque
2491 2693 2868 2765 primatibus,
2894 2700 3033 2749 tunc
3052 2710 3182 2748 cum
3208 2694 3469 2765 primum
3496 2710 3611 2748 una
3632 2708 3755 2747 cum
3776 2690 3874 2761 epi-

2256 2801 2432 2856 scOpo
2467 2783 2815 2848 Athanasio,
2849 2789 3052 2854 postea
3084 2788 3277 2838 autem
3312 2800 3450 2839 cum
3473 2782 3749 2838 Demetrio
3769 2778 3873 2851 epi-

2257 2890 2433 2946 scopo
2448 2876 2714 2945 pergeret
2737 2873 3005 2943 Romam,
3032 2878 3087 2929 et
3108 2874 3332 2929 divitiis
3357 2878 3532 2944 atque
3547 2870 3874 2928 abundantia

2258 2981 2386 3019 reru
2399 2980 2453 3018 m
2471 2963 2593 3018 sine
2609 2963 2762 3017 invid
2775 2963 2837 3017 ire
2855 2963 2991 3018 stim
3003 2962 3098 3018 ulo
3113 2963 3459 3019 exuberaret
3472 2978 3583 3017 non
3598 2967 3877 3017 testamen-

2258 3056 2454 3112 tumin
2472 3055 2767 3127 supremis
2781 3055 2904 3110 suis
2921 3054 3076 3119 fecit,
3093 3071 3207 3109 non
3225 3052 3437 3110 saltem
3458 3070 3636 3108 unum
3651 3050 3877 3108 solidum

2259 3145 2591 3216 dereliquit,
2608 3161 2722 3199 non
2740 3149 2960 3214 partem
2978 3143 3234 3216 aliquam
3252 3143 3598 3199 substantia
3613 3139 3879 3197 sororibus

2259 3235 2384 3291 suis
2416 3234 2740 3304 virginibus
2771 3234 2951 3303 dedit,
2975 3234 3073 3289 sed
3105 3233 3337 3290 Christo
3362 3234 3594 3289 easdem
3613 3246 3879 3288 commen-

2259 3325 2427 3379 dans.
2461 3323 2569 3387 Qui
2601 3339 2701 3377 vos
2733 3322 2887 3386 fecit,
2921 3323 3135 3393 inquit,
3163 3328 3426 3378 vestram
3472 3335 3698 3394 quoque
3725 3318 3879 3374 vitam

2260 3412 2556 3468 ordinabit
2572 3418 2858 3466 utmeam.
2886 3411 3020 3467 Erat
3034 3416 3228 3467 autem
3251 3428 3388 3467 cum
3410 3406 3880 3479 sororibusipsius

2261 3500 2634 3573 septuaginta
2662 3501 2910 3556 aliarum
2942 3500 3240 3572 virginum
3276 3517 3584 3557 numerus.

2334 3601 2386 3654 Is
2420 3602 2616 3671 itaque
2648 3615 2782 3654 cum
2816 3599 3110 3655 venissem
3144 3599 3216 3653 ad
3251 3615 3389 3654 eum
3426 3600 3484 3654 in
3505 3596 3775 3671 principio
3799 3595 3881 3665 ju-

2259 3689 2536 3758 ventutis,
2573 3693 2629 3744 et
2669 3694 2924 3760 peterem
2983 3692 3048 3742 ut
3105 3689 3431 3744 instrueret
3466 3705 3559 3743 me
3614 3688 3683 3743 ad
3714 3698 3882 3740 mores

2260 3777 2560 3849 vitamque
2592 3777 3014 3833 monachorum
3048 3776 3106 3831 in
3138 3775 3267 3847 ipso
3292 3777 3472 3847 primi
3496 3776 3682 3832 adhuc
3703 3773 3882 3829 ardore

2263 3868 2365 3921 aevi
2382 3867 2631 3921 locatum
2651 3867 2765 3937 (cui
2782 3883 2896 3920 non
2912 3870 3134 3922 tantum
3147 3867 3481 3921 necessaria
3494 3871 3644 3922 esset
3656 3862 3887 3919 doctrina

2264 3956 3064 4027 verborum,quantumjugis
3081 3956 3311 4010 laboret
3325 3956 3588 4027 fatigatio
3603 3950 3889 4025 corporalis

2268 4046 2765 4117 quemadmodum
2783 4046 3333 4115 domitorequorum
3350 4044 3887 4115 bonus,productum

2272 4154 2363 4191 me
2394 4137 2465 4190 de
2497 4136 2747 4191 civitatis
2780 4135 3027 4189 internis
3061 4135 3333 4204 usquead
3354 4132 3885 4204 quintumlapidem,

2274 4228 2343 4282 ad
2359 4244 2427 4281 ea
2458 4242 2585 4297 quas
2598 4230 2880 4281 vocantur
2901 4223 3288 4279 solitudinum
3310 4223 3459 4291 loca,
3487 4222 3766 4279 Dorotheo
3786 4216 3890 4274 cui-

2275 4318 2410 4371 dam
2433 4315 2711 4370 Thebano
2728 4313 3013 4369 monacho
3034 4311 3302 4385 (Palluit,
3323 4315 3467 4382 (2.2),
3489 4311 3892 4384 sexagesimum

2275 4406 2332 4459 in
2366 4404 2647 4475 spelunca
2678 4402 2871 4474 agenti
2887 4419 3107 4458 annum
3143 4403 3575 4458 commendavit
3603 4406 3661 4457 et
3680 4396 3893 4455 tradidit

2267 4494 2484 4566 jubens
2518 4492 2662 4547 mihi
2699 4497 2760 4546 ut
2792 4492 2981 4546 tribus
3013 4492 3166 4562 apud
3199 4508 3333 4546 eum
3354 4492 3528 4547 annis
3553 4504 3811 4554 morarer,
3833 4483 3892 4538 ad

2276 4582 2876 4652 contundendaatque
2894 4580 3215 4652 frangenda
3237 4577 3894 4636 illicitamentavitiorum

2279 4678 2537 4743 (noverat
2566 4672 2720 4727 enim
2755 4671 2941 4741 ipsius
2963 4669 3120 4725 senis
3140 4668 3522 4725 durissimam
3558 4674 3727 4740 atque
3756 4664 3896 4718 labo-

2280 4761 2663 4817 riosissimam
2688 4758 3293 4830 vitam)praecepitque
3307 4763 3371 4812 ut
3388 4774 3623 4813 rursum
3650 4757 3715 4813 ad
3732 4754 3898 4825 ipsum

2281 4852 2553 4920 redirem,
2588 4851 2660 4905 ob
2693 4847 3015 4920 spiritualis
3048 4847 3307 4903 scientia;
3340 4848 3609 4904 notitiam
3631 4850 3793 4915 atque
3812 4841 3899 4894 do-

2282 4942 2553 4995 ctrinam.
2579 4939 2695 5009 Ego
2716 4954 2848 4992 vero
2873 4953 3005 4992 cum
3037 4934 3159 4990 illic
3179 4935 3426 5007 implere
3458 4942 3597 5006 tres,
3628 4940 3690 4989 ut
3717 4943 3903 5005 prace—

2285 5033 2465 5101 perat,
2502 5044 2688 5082 annos
2720 5042 2835 5081 non
2869 5024 3192 5097 potuissem
3225 5023 3419 5080 valida
3443 5023 3777 5080 infirmitate
3796 5032 3903 5072 cor-

2281 5123 2505 5190 reptus,
2540 5120 2673 5172 ante
2708 5114 2904 5170 finitas
2936 5113 3206 5169 inducias
3238 5114 3477 5169 triennii
3532 5109 3799 5184 temporis
3833 5103 3896 5159 ab

2286 5207 2415 5280 ipso
2444 5205 2716 5263 sublatus
2750 5220 2901 5259 sum.

2360 5308 2493 5361 Erat
2524 5304 2678 5361 enim
2706 5303 2833 5358 vitae
2865 5302 3054 5373 ipsius
3088 5319 3220 5358 cum
3247 5302 3539 5358 immensa
3571 5299 3827 5356 ariditate
3847 5306 3901 5345 ac

2289 5396 2549 5452 siccitate
2580 5398 2897 5449 certamen.
2933 5392 3040 5447 Per
3060 5407 3294 5447 omnem
3320 5407 3573 5463 namque
3596 5390 3740 5445 diem
3761 5386 3814 5439 in
3829 5397 3910 5437 ar-

2290 5487 2428 5541 dore
2461 5484 2739 5552 maximo,
2771 5481 2901 5538 etin
2934 5481 3251 5536 solitudine
3274 5480 3426 5536 circa
3449 5480 3644 5535 littora
3664 5470 3909 5532 marisla-

2293 5575 2459 5647 pides
2486 5572 2819 5644 colligebat,
2854 5569 3225 5641 singulisque
3240 5570 3407 5625 annis
3438 5568 3643 5625 cellam
3664 5559 3913 5621 struendo

2297 5663 2622 5737 perficiens,
2659 5662 2729 5718 iis
2760 5661 2855 5733 qui
2891 5659 3176 5715 fabricare
3202 5676 3316 5715 non
3340 5664 3628 5733 poterant,
3650 5651 3912 5737 offerebat.

2298 5755 2440 5812 Cum
2457 5758 2654 5810 autem
2678 5751 2730 5809 ei
2756 5751 3013 5823 quadam
3029 5749 3122 5806 die
3144 5765 3283 5807 ame
3305 5750 3523 5807 dictum
3549 5748 3766 5805 fuisset:
3786 5736 3913 5807 Ουίά
