4092 6324
232 384 346 441 253

1504 379 1819 436 HERACLI
1830 380 1939 433 DIS
1975 380 2403 438 PARADISUS.

3550 362 3656 420 254

237 512 407 581 facis,
426 509 699 577 Pater,in
733 512 897 565 tanta
927 511 1164 565 senecta
1192 505 1551 562 interficiens
1575 520 1894 575 corpuscu-
1926 503 1980 569 Α
2016 506 2259 561 immitis
2293 506 2487 578 posuit
2518 504 2914 562 conditionem
2952 519 2964 557 :
2997 502 3110 556 Aut
3152 494 3542 567 vade,inquit,
3600 496 3657 547 et

239 600 361 656 lum
398 608 527 655 tum
562 598 731 654 saevis
763 598 1116 654 ardoribus?
1151 595 1495 668 Respondit,
1528 595 1637 649 hoc
1668 594 1890 648 dicens:

243 688 471 746 Occidit
496 704 609 754 me,
634 688 836 743 occido
860 687 1027 742 illud.
1054 687 1271 741 Edebat
1293 702 1428 741 vero
1443 686 1674 740 unciam
1704 681 1892 755 panis,

244 794 549 849 unumque
582 776 928 832 fasciculum
964 776 1139 831 oleris
1166 773 1463 840 vilissimi,
1492 772 1703 828 bibens
1733 787 1896 841 aqua:

244 867 539 924 modicam
574 868 987 937 quantitatem,
1023 881 1328 936 nunquam
1362 869 1555 918 tamen
1591 878 1747 928 eum,
1782 860 1897 915 Deo

243 962 412 1023 teste,
442 955 777 1012 extendisse
827 955 1095 1027 proprios
1126 954 1302 1026 pedes
1333 953 1473 1018 vidi,
1510 966 1803 1020 nunquam
1836 948 1894 1002 in

243 1050 769 1116 matta,nunquam
798 1044 853 1097 in
874 1043 1087 1098 lectulo
1110 1041 1531 1114 quievisse,sed
1554 1057 1655 1112 per
1675 1040 1900 1094 univer-

242 1154 369 1193 sam
414 1140 650 1191 noctem
686 1134 896 1188 sedens
930 1133 1224 1187 intexebat
1254 1132 1451 1186 funem
1486 1130 1797 1202 quemdam
1830 1145 1899 1183 ex

242 1226 455 1281 arbore
479 1223 1043 1292 dactylorum,cujus
1058 1221 1240 1292 pretio
1263 1221 1412 1276 vesci
1433 1219 1898 1275 solebat.Putans

242 1320 442 1372 autem
476 1330 610 1385 ego,
642 1312 797 1383 quod
831 1316 965 1367 ante
998 1328 1090 1365 me
1124 1311 1315 1366 solum
1349 1310 1468 1364 haec
1503 1311 1713 1364 faceret
1771 1323 1902 1379 quae

240 1401 960 1473 videbam,scrupulosius
981 1400 1156 1455 etiam
1182 1401 1251 1455 ab
1266 1399 1407 1455 aliis
1426 1400 1553 1469 ejus
1568 1396 1898 1468 discipulis,

245 1495 343 1566 qui
359 1494 680 1565 separatim
700 1492 1037 1557 manebant,
1053 1490 1361 1561 quaerendo
1380 1488 1639 1559 cognovi,
1655 1487 1793 1558 quia
1816 1485 1901 1541 sic

249 1601 281 1639 a
303 1586 494 1653 prima
516 1588 683 1637 aetate
706 1580 960 1647 vivebat,
986 1596 1287 1649 nunquam
1324 1583 1519 1632 tamen
1551 1574 1902 1648 sponte,nisi

246 1690 313 1729 ex
330 1673 586 1728 maxima
602 1669 969 1736 necessitate,
988 1668 1281 1735 dormivit,
1300 1671 1586 1737 autopere
1602 1666 1898 1737 fatigatus,

244 1768 344 1817 aut
361 1763 509 1815 dum
533 1758 936 1827 ciboutitur,si
959 1758 1105 1812 forte
1124 1774 1307 1828 usque
1332 1757 1474 1812 adeo
1495 1771 1628 1810 eum
1654 1771 1902 1810 somnus

249 1849 568 1924 oppressit,
606 1854 669 1903 ut
700 1848 1006 1920 paululum
1041 1847 1090 1902 ei
1123 1846 1273 1901 oculi
1301 1846 1752 1913 clauderentur;
1787 1845 1899 1898 fre-
1932 1880 1981 1945 B

244 1944 493 2011 quenter
514 1938 671 1994 enim
686 1936 1132 2001 edendo,nimia
1150 1935 1202 1989 vi
1227 1933 1417 1989 somni
1433 1935 1620 2005 capite
1637 1934 1901 1998 nutabat,

245 2030 541 2103 panisque
563 2044 633 2083 ex
653 2027 801 2098 ipsis
824 2025 998 2081 labiis
1020 2026 1139 2080 oris
1160 2024 1405 2080 cadebat
1433 2042 1447 2091 ;
1476 2024 1570 2092 qui
1592 2022 1910 2094 aliquando

249 2134 378 2174 cum
405 2136 436 2172 a
464 2134 558 2172 me
593 2115 1028 2187 quodammodo
1063 2117 1386 2186 cogeretur,
1410 2116 1475 2167 ut
1494 2110 1581 2167 vel
1615 2116 1911 2167 momento

246 2214 357 2263 tem
368 2208 531 2280 poris
545 2222 726 2277 supra
740 2209 981 2259 mattam
991 2202 1622 2274 jaceret,contristatus
1638 2201 1750 2256 ista
1764 2201 1795 2255 d
1807 2201 1914 2255 ice-

249 2298 348 2352 bat
381 2313 395 2350 :
428 2297 484 2350 Si
521 2294 746 2367 angelis
808 2294 1161 2365 persuadere
1195 2292 1455 2363 potueris
1487 2294 1550 2345 ut
1581 2288 1910 2362 quiescant,

250 2385 642 2458 persuadebis
676 2388 733 2438 et
763 2382 814 2438 ei
846 2383 946 2455 qui
978 2388 1095 2438 Deo
1129 2381 1355 2453 placere
1388 2381 1646 2435 festinat.

319 2476 429 2531 Hic
454 2491 576 2529 una
598 2473 822 2528 dierum
843 2473 914 2528 ad
940 2476 1182 2543 puteum
1207 2488 1385 2526 suum
1407 2486 1498 2524 me
1521 2470 1674 2524 circa
1694 2485 1908 2524 nonam

254 2566 461 2621 horam
486 2561 838 2628 transmisit,
856 2566 919 2616 ut
934 2560 1236 2632 implerem
1253 2561 1462 2615 cadum
1479 2564 1738 2630 tempore
1761 2560 1909 2614 refe-

254 2655 467 2709 ctionis
500 2653 779 2707 instante.
813 2650 1032 2705 Accidit
1054 2654 1249 2705 autem
1274 2654 1338 2704 ut
1357 2665 1489 2703 cum
1516 2648 1830 2715 venissem,
1856 2652 1912 2702 et

244 2743 517 2815 aspidem
542 2757 683 2796 casu
708 2739 767 2794 in
792 2739 910 2794 imo
934 2738 1092 2811 putei
1110 2739 1294 2793 visam
1316 2736 1910 2808 perhorruissem,vas

248 2848 504 2887 vacuum
530 2834 1281 2902 reportarem,causamque
1295 2826 1524 2882 timoris
1537 2842 1905 2898 exponerem,

253 2922 456 2977 dicens
478 2939 491 2976 :
512 2920 928 2988 Abba,mortui
945 2933 1185 2984 sumus;
1212 2917 1475 2987 aspidem
1489 2917 1646 2971 enim
1663 2915 1719 2970 in
1736 2920 1908 2987 puteo

252 3027 367 3083 quo
392 3027 487 3066 me
513 3008 760 3064 miseras
782 3007 920 3062 vidi.
939 3005 1908 3063 Subridensilletantummododiu

250 3116 343 3155 me
374 3100 616 3155 intuens
649 3099 896 3170 aspexit,
931 3100 1224 3168 caputque
1257 3096 1596 3150 concutiens
1622 3094 1766 3149 dixit
1799 3110 1812 3149 :
1848 3094 1906 3149 Si

252 3188 541 3261 placuerit
560 3186 796 3243 diabolo
822 3202 920 3257 per
941 3201 1144 3240 omnes
1166 3201 1226 3239 se
1240 3189 1445 3256 puteos
1468 3184 1553 3239 vel
1577 3188 1905 3255 serpentem

247 3278 331 3334 vel
348 3278 759 3335 testitudinem
776 3279 961 3331 facere
975 3276 1385 3347 reliquumque
1399 3290 1586 3346 genus
1599 3290 1907 3329 venenosa-

248 3384 382 3423 rum
402 3368 816 3435 bestiarum,et
840 3368 896 3421 in
923 3382 1108 3439 aquas
1135 3366 1381 3420 fontium
1406 3364 1908 3434 desilire,poteris-

248 3470 319 3510 ne
344 3462 405 3510 tu
432 3470 561 3510 esse
585 3454 711 3509 sine
742 3458 881 3524 potu
906 3454 933 3508 ‘?
965 3469 1217 3525 moxque
1247 3469 1520 3524 egressus
1554 3467 1656 3521 per
1685 3456 1903 3506 semet.

247 3544 448 3614 ipsum
477 3544 725 3614 jejunus
748 3559 960 3613 aquam
996 3542 1173 3596 traxit
1195 3542 1264 3595 de
1288 3546 1482 3612 puteo,
1507 3558 1572 3596 ac
1601 3540 1758 3611 prior
1784 3540 1908 3610 ipse

246 3634 545 3705 signatam
600 3633 922 3704 degustans
953 3632 1033 3686 ait
1062 3648 1074 3684 :
1109 3630 1215 3685 Ubi
1246 3647 1387 3685 crux
1429 3633 1617 3696 adest,
1650 3629 1728 3683 ibi
1762 3629 1906 3683 nihil

244 3726 480 3777 Satanae
511 3722 666 3777 valet
696 3721 1057 3793 malignitas.

318 3816 577 3866 Sanctus
610 3811 720 3865 iste
753 3810 1033 3878 Isidorus,
1067 3810 1163 3880 qui
1201 3808 1577 3864 benedictum
1611 3808 1905 3879 quondam

247 3900 396 3954 vidit
419 3900 763 3968 Antonium,
787 3899 1025 3969 dignam
1044 3914 1166 3952 rem
1184 3896 1466 3953 memoria
1490 3896 1811 3951 litterarum
1830 3914 1911 3952 re-

251 3990 393 4044 tulit
428 3989 589 4055 mibi,
619 4005 794 4060 quam
813 3987 1028 4059 abipso
1044 4003 1105 4042 se
1127 3987 1359 4042 dicebat
1391 3986 1908 4056 audisse(Pallad.,

245 4097 294 4135 ε.
318 4080 393 4151 3).
414 4078 772 4134 Potamizena
797 4078 1063 4147 quaedam
1098 4077 1334 4131 nomine
1369 4075 1561 4147 puella
1590 4076 1909 4130 admodum

248 4168 522 4241 pulchra,
540 4166 755 4222 ancilla
785 4167 1096 4237 cujusdam
1129 4170 1254 4220 erat
1285 4171 1545 4236 tempore
1577 4165 1909 4219 Maximiani

251 4256 868 4330 persecutoris,quam
896 4254 1098 4310 multis
1132 4255 1462 4325 frequenter
1486 4272 1551 4310 ac
1573 4255 1752 4310 variis
1778 4271 1908 4326 pro-

244 4346 644 4402 missionibus
667 4344 945 4401 dominus
967 4361 1112 4400 suus
1126 4348 1662 4414 tentans,stuprare
1678 4361 1788 4399 non
1806 4361 1910 4416 po-

246 4437 386 4503 tuit,
416 4435 501 4491 ita
523 4440 585 4490 ut
608 4435 677 4490 ad
705 4440 1071 4506 postremum
1096 4449 1293 4489 amore
1315 4438 1491 4505 atque
1514 4435 1745 4489 insania
1766 4451 1908 4504 prae-

248 4541 412 4597 ceps,
441 4526 695 4580 traderet
709 4540 835 4581 eam
855 4524 939 4578 illi
955 4524 1052 4595 qui
1071 4532 1205 4577 tunc
1219 4522 1582 4577 Alexandria:
1608 4523 1910 4593 praefectu-

2006 594 2227 650 domini
2261 597 2343 650 tui
2378 598 2718 667 obtempera
2746 592 3057 654 voluntati,
3082 594 3181 645 aut
3207 588 3358 644 scias
3376 591 3433 640 te
3453 584 3512 638 in
3538 584 3652 637 fer-

2004 690 2233 740 ventem
2267 686 2415 740 hanc
2447 687 2633 757 picem
2668 700 2795 740 esse
2828 682 3196 737 mittendam.
3218 677 3317 733 Cui
3351 674 3546 748 puella
3570 689 3656 727 re-

2007 775 2484 845 spondit,diccns
2520 792 2530 828 :
2568 775 2901 844 Numquam
2936 770 3013 826 sit
3045 770 3191 824 alter
3223 766 3475 821 monitor
3497 761 3654 824 talis,

2008 864 2107 933 qui
2140 863 2328 919 addici
2352 866 2562 934 jubeat
2593 862 2823 918 libidini
2856 860 3212 915 castitatem.
3245 855 3330 911 Ob
3372 852 3524 925 quod
3562 851 3657 905 ille

2008 952 2189 1007 nimio
2222 952 2414 1007 furore
2448 952 2776 1024 perculsus,
2802 950 3073 1023 praecepit
3102 945 3411 1018 spoliatam
3444 958 3569 997 eam
3595 940 3652 992 in

2006 1058 2109 1097 vas
2128 1042 2279 1114 quod
2304 1041 2581 1107 fervebat,
2604 1042 2760 1096 944
2782 1038 3045 1093 immitti.
3072 1040 3202 1090 Haec
3230 1038 3423 1088 autem
3450 1047 3558 1085 vox
3580 1030 3651 1083 il-

2008 1131 2123 1185 lius
2149 1130 2257 1185 fuit
2282 1146 2294 1185 :
2318 1134 2428 1185 Per
2453 1134 2648 1201 caput,
2672 1129 2885 1200 inquit,
2911 1124 3281 1197 imperatoris
3304 1122 3387 1176 tui
3412 1121 3563 1191 quod
3589 1124 3648 1173 tu

2005 1219 2248 1285 vereris,
2272 1220 2549 1285 obtestor,
2574 1225 2638 1274 ut
2671 1218 2718 1272 si
2753 1218 2907 1289 apud
2934 1222 2986 1271 te
3011 1218 3293 1269 statutum
3319 1215 3407 1265 est
3436 1210 3529 1265 his
3562 1225 3655 1263 me

2008 1309 2315 1364 tormentis
2339 1325 2563 1377 necare,
2591 1326 2703 1363 non
2728 1306 2904 1362 simul
2932 1303 3244 1371 totam,sed
3270 1300 3545 1373 paulatim
3566 1314 3656 1352 me

2007 1399 2068 1455 in
2121 1403 2435 1456 ferventem
2470 1400 2619 1455 mitti
2648 1400 2862 1470 jubeas
2895 1397 3107 1469 picem,
3143 1399 3205 1448 ut
3238 1392 3429 1465 possis
3462 1391 3658 1445 videre

2010 1494 2288 1562 quantam
2313 1490 2453 1544 mihi
2474 1490 2699 1545 dederit
2716 1488 2949 1557 ignotus
2969 1485 3075 1540 tibi
3096 1482 3438 1554 patientiam
3462 1480 3657 1535 Chris-

2010 1586 2125 1636 tus.
2159 1584 2291 1644 Quze
2342 1596 2444 1652 per
2494 1579 2669 1633 unius
2729 1578 2883 1632 horm
2934 1574 3212 1645 spatium,
3266 1569 3544 1643 paulatim
3601 1568 3655 1622 in

2010 1670 2263 1726 ahenum
2293 1670 2547 1724 candens
2574 1668 2850 1734 demissa,
2876 1667 3104 1731 deiecit,
3140 1665 3237 1720 ubi
3273 1663 3367 1734 pix
3400 1662 3655 1734 primum

2011 1759 2302 1814 ebulliens
2334 1759 2401 1812 ad
2438 1758 2627 1829 ipsius
2660 1756 2809 1811 colla
2838 1755 3116 1827 pervenit.

2083 1846 2286 1902 Plures
2337 1850 2533 1900 autem
2575 1844 2681 1899 viri
2732 1844 2895 1915 digni
2946 1842 3280 1898 habitaculo
3329 1842 3657 1908 beatorum,

2015 1936 2245 1991 feminae
2289 1950 2523 2005 quoque
2572 1934 2845 1989 obierunt
2875 1937 3015 1987 tunc
3047 1932 3104 1986 in
3136 1931 3538 1987 Alexandrinae
3569 1946 3661 1985 ec-

2014 2024 2203 2080 clesiae
2251 2023 2503 2090 civitate,
2532 2024 2590 2077 in
2641 2024 2859 2094 quibus
2906 2022 3192 2093 Didymus
3241 2026 3365 2075 erat
3394 2022 3433 2084 ¹,
3466 2018 3663 2074 oculo-

2015 2131 2144 2169 rum
2177 2114 2414 2186 quidem
2461 2112 2683 2168 lumine
2714 2112 3058 2177 destitutus,
3093 2112 3429 2167 divinarnm
3461 2114 3659 2164 tamen

2015 2202 2451 2273 Scripturarum
2473 2201 2681 2273 peritia
2695 2200 2917 2272 pollens
2936 2219 2948 2257 :
2964 2218 3138 2273 quem
3163 2216 3264 2271 ego
3286 2199 3441 2254 intra
3462 2199 3660 2253 decem

2015 2309 2197 2347 annos
2241 2293 2487 2349 diversis
2535 2292 2899 2364 temporibus
2931 2298 3139 2365 quater
3167 2294 3387 2349 vidisse
3419 2308 3511 2346 me
3539 2308 3664 2346 me-

2017 2382 2182 2449 mini,
2208 2382 2424 2453 quippe
2456 2387 2585 2455 post
2616 2385 2911 2454 octoginta
2940 2388 2997 2439 et
3027 2384 3287 2456 quinque
3319 2399 3504 2437 annos
3532 2382 3660 2436 vitae

2017 2473 2334 2527 terminum
2367 2473 2502 2528 fecit
2530 2474 2804 2544 (Pallad.,
2833 2490 2882 2528 ο.
2914 2475 2985 2543 4).
3021 2473 3122 2528 Hic
3157 2474 3335 2544 igitur
3372 2488 3546 2541 quem
3575 2472 3663 2527 lo-

2015 2578 2161 2631 quor
2208 2566 2419 2633 captus
2472 2569 2559 2618 est
2611 2562 2818 2629 oculis,
2850 2568 2911 2617 ut
2942 2564 3068 2633 ipse
3099 2563 3299 2617 retulit
3331 2561 3495 2631 mihi,
3530 2578 3664 2617 cum

2015 2656 2289 2722 quartum
2325 2657 2521 2723 ageret
2550 2653 2734 2707 aetatis
2766 2669 2886 2707 sua:
2917 2668 3137 2706 annum
3165 2669 3178 2705 :
3206 2652 3303 2722 qui
3330 2667 3517 2722 neque
3540 2668 3665 2705 ma-

2015 2741 2217 2812 gistris
2248 2741 2499 2795 traditus
2534 2740 2887 2808 litterarum,
2924 2758 3113 2813 neque
3163 2742 3353 2813 prima
3398 2756 3658 2812 unquam

2014 2830 2301 2885 elementa
2329 2846 2708 2901 cognoscens,
2734 2831 3244 2886 habebatinsitum
3268 2831 3488 2886 bonum
3515 2847 3663 2885 sem-

2016 2936 2118 2991 per
2149 2920 2463 2989 incolume,
2497 2919 2826 2975 naturalem
2860 2920 3206 2992 magistrum
3242 2920 3661 2976 conscientiam

2015 3025 2201 3065 suam.
2233 3012 2414 3073 Quem
2439 3013 2599 3065 tanta
2629 3011 2816 3081 gratia
2847 3010 3105 3065 scientiae
3135 3009 3464 3082 spiritualis
3495 3026 3667 3064 orna-

2014 3100 2137 3164 bat,
2171 3104 2236 3154 ut
2267 3100 2322 3154 in
2355 3116 2422 3156 eo
2452 3100 2891 3156 evidentissima
2936 3102 3091 3173 quod
3144 3101 3428 3173 scriptum
3474 3101 3666 3155 adim-

2022 3189 2298 3262 pleretur,
2317 3190 2597 3245 Dominus
2626 3207 2808 3245 cazcos
2840 3190 3136 3261 sapientes
3156 3191 3666 3263 facit(Psal.cx1.v).

2022 3281 2461 3335 Testamentum
2497 3281 2735 3351 quidem
2769 3281 2949 3337 Vetus
2982 3298 3048 3337 ac
3080 3282 3299 3337 Novum
3334 3284 3403 3338 ad
3425 3283 3669 3337 verbum

2016 3371 2433 3440 interpretatus
2475 3378 2601 3437 est;
2636 3378 2824 3426 sectas
2860 3375 3055 3427 autem
3090 3388 3293 3427 omnes
3325 3376 3443 3428 tam
3480 3372 3673 3427 subti—

2015 3458 2151 3512 liter
2183 3459 2544 3530 ﬁrmiterque
2572 3452 2833 3530 exposita
2865 3477 3043 3531 super
3065 3461 3222 3532 ipsas
3243 3462 3463 3517 ratione
3482 3462 3670 3517 disse-

2017 3548 2155 3612 ruit,
2189 3552 2252 3601 ut
2298 3548 2561 3602 omnium
2610 3549 2913 3604 scientiam
2964 3556 3222 3605 veterum
3275 3552 3674 3623 peritiamque

2019 3636 2310 3691 transiret.
2332 3638 2437 3700 Qui
2474 3653 2603 3691 cum
2640 3655 2731 3693 me
2764 3643 2994 3709 cogeret
3026 3642 3322 3711 quondam
3360 3645 3422 3695 ut
3453 3643 3671 3697 oratio-

2019 3742 2149 3779 nem
2184 3726 2241 3779 in
2275 3726 3023 3797 cellaipsiusl‘acerem,nec
3040 3732 3236 3783 tamen
3256 3730 3383 3800 ejus
3402 3731 3669 3801 acquies-

2019 3831 2205 3869 ceram
2248 3816 2527 3886 jussioni,
2565 3815 2673 3871 hoc
2710 3817 3009 3872 referendo
3061 3817 3290 3873 dicebat
3324 3836 3337 3873 :
3369 3820 3450 3873 Ad
3488 3821 3667 3886 istud,

2021 3904 2236 3975 inquit,
2283 3905 2605 3977 hospitium
2655 3911 2741 3960 ter
2794 3907 3132 3961 benedictus
3180 3910 3494 3977 Antonius,
3531 3910 3670 3964 dum

2022 4010 2112 4059 me
2142 3995 2377 4050 visitare
2406 3996 2706 4066 dignatur,
2739 3996 3044 4067 ingressus
3088 4001 3215 4062 est;
3266 4002 3322 4051 et
3369 4003 3606 4069 rogatus
3638 4016 3670 4053 a

2023 4102 2112 4140 me
2148 4090 2208 4139 ut
2237 4084 2294 4139 in
2328 4085 2436 4140 hoc
2468 4085 2589 4140 loco
2619 4086 2874 4140 ﬂecteret
2896 4102 3087 4156 genua
3119 4090 3174 4141 et
3205 4104 3431 4158 precem
3459 4088 3666 4143 funde-

2020 4179 2129 4239 ret,
2162 4174 2362 4229 statim
2398 4174 2551 4242 fecit,
2580 4191 2644 4229 ac
2676 4177 2931 4230 secundo
2966 4175 3153 4230 noluit
3185 4192 3247 4231 se
3280 4177 3490 4248 rogari,
3528 4176 3671 4247 ipsis

2020 4279 2113 4317 me
2153 4263 2327 4318 rebus
2360 4264 2572 4319 docens
2605 4269 2943 4319 sanctorum
2978 4264 3379 4320 voluntatibus
3412 4267 3668 4322 obedire.

2021 4352 2410 4417 Quamobrem
2462 4352 2511 4407 si
2562 4353 2804 4425 vestigia
2837 4354 3048 4426 ipsius,
3082 4355 3294 4427 inquit,
3329 4356 3572 4411 sectaris
3605 4374 3671 4413 ac

2019 4441 2193 4495 vitam
2226 4441 2724 4512 quemadmodum
2760 4441 3103 4511 monachus,
3136 4448 3192 4498 et
3224 4460 3325 4515 pro
3362 4443 3667 4515 acquiren-

2021 4531 2112 4585 dis
2143 4530 2454 4585 virtutibus
2488 4531 2850 4602 peregrinus,
2886 4532 3017 4587 nolo
3048 4535 3387 4589 contendas.

250 4632 375 4670 ram
396 4612 1370 4683 gerebat,scilicetutChristianam
1386 4629 1450 4667 ac
1464 4611 1909 4669 maledicentem
1939 4619 1987 4683 D
2087 4623 2455 4690 Hocquoque
2477 4620 2632 4675 idem
2653 4621 2851 4676 retulit
2877 4622 3017 4676 mihi
3038 4622 3669 4695 :Cum,inquit,grandi

249 4705 323 4758 de
347 4703 777 4776 persecutionis
800 4702 1020 4759 saevitia
1041 4702 1831 4774 imperatoribus,pecuniam
1856 4704 1906 4757 ei

244 4794 359 4849 sub
384 4793 494 4847 hac
523 4792 787 4863 pactione
810 4792 1177 4863 promittens,
1205 4796 1266 4846 ut
1288 4791 1336 4846 si
1361 4792 1486 4861 ejus
1511 4792 1907 4862 acquiesceret

248 4881 565 4948 voluntati,
592 4881 720 4936 sine
745 4880 862 4936 ullo
887 4897 1015 4936 eam
1038 4880 1325 4953 supplicio
1344 4887 1664 4937 reservaret
1687 4899 1751 4936 ac
1774 4884 1907 4937 red-

249 4972 419 5026 deret
445 4988 457 5024 :
484 4971 534 5025 si
558 4987 689 5025 vero
716 4969 774 5024 in
805 4970 1236 5025 contradicendi
1272 4970 1568 5041 proposito
1603 4988 1908 5043 permane-

250 5067 360 5126 ret,
399 5060 566 5132 petiit
615 5064 679 5114 ut
725 5059 1031 5115 tormentis
1092 5059 1383 5125 deficeret,
1426 5074 1495 5113 ne
1545 5060 1592 5114 si
1646 5061 1905 5128 vixisset,

250 5149 525 5205 libidinis
548 5148 771 5205 domini
794 5148 884 5204 sui
908 5148 1905 5218 contemptrixvidereturﬂurecum

248 5239 519 5295 exhibita
550 5243 685 5294 ante
712 5237 969 5293 tribunal
998 5237 1228 5305 fuisset,
1251 5239 1495 5309 eiusque
1518 5239 1703 5309 judex
1733 5242 1907 5297 variis

248 5328 615 5384 cruciatibus
631 5330 806 5398 atque
821 5326 1131 5382 tormentis
1145 5333 1382 5399 cuperet
1398 5345 1730 5400 expugnare
1744 5332 1908 5387 devo-

250 5421 377 5473 tam
400 5416 785 5472 voluntatem,
810 5419 865 5471 et
890 5415 1042 5471 inter
1072 5416 1299 5472 diversa
1330 5416 1620 5489 supplicia
1642 5436 1739 5476 vas
1763 5437 1907 5492 quo-

246 5523 365 5577 que
387 5504 523 5561 aeris
549 5504 904 5560 immensum
927 5521 991 5561 ac
1020 5504 1260 5560 ferventi
1285 5505 1410 5575 pice
1430 5508 1713 5577 repletum
1748 5527 1905 5565 acer-

238 5596 407 5651 rima
457 5594 697 5651 flamma
756 5596 1157 5660 succenderet,
1195 5594 1484 5666 duplicem
1519 5597 1566 5651 ei
1603 5600 1907 5669 praefectus

320 5726 335 5758 ί
374 5720 709 5792 Origenista
742 5719 837 5775 hic
868 5719 995 5776 fuit.

2020 4710 2275 4780 quadam
2290 4708 2686 4765 sollicitudine
2700 4726 2764 4763 ac
2780 4710 3017 4765 tristitia
3033 4711 3307 4783 fatigarer
3322 4712 3668 4784 propterJu-

2015 4797 2154 4852 liani
2172 4799 2535 4869 imperatoris
2552 4799 3015 4854 infelicissimam
3032 4801 3319 4870 vitam,ita
3334 4805 3396 4855 ut
3412 4802 3663 4872 quadam

2018 4886 2109 4942 die
2132 4905 2318 4959 usque
2340 4890 2409 4942 ad
2437 4889 2794 4959 vespertinas
2815 4890 3114 4960 profundae
3142 4890 3329 4945 noctis
3353 4890 3526 4944 horas
3553 4907 3664 4945 non

2016 4977 2359 5048 attingerem
2396 4980 2919 5049 panem,anxielate
2942 4980 3268 5049 confectus;
3294 4979 3435 5033 forte
3457 4979 3668 5035 accidit

2018 5071 2080 5121 ut
2110 5083 2315 5121 somno
2335 5067 2597 5123 residens
2618 5084 2953 5138 occuparer,
2978 5068 3105 5123 etin
3122 5069 3372 5139 quadam
3390 5071 3665 5125 transmi-

2015 5157 2279 5228 gratione
2301 5157 2508 5211 animae
2542 5157 2950 5213 revelationem
2986 5162 3158 5214 talem
3193 5160 3445 5216 viderem
3476 5164 3664 5228 :Qua-

2015 5245 2386 5315 tuorequites
2401 5263 2527 5301 cum
2546 5247 2692 5301 albis
2708 5248 2873 5317 equis
2890 5249 3663 5324 perdiversadiscurrenles,

2016 5335 2454 5407 clamantesque
2488 5352 2499 5391 :
2531 5336 2715 5391 Dicite
2746 5336 3209 5409 Didymo,Hodie
3240 5339 3382 5395 hora
3414 5344 3667 5414 septima

2013 5425 2286 5481 Julianus
2311 5430 2572 5480 mortuus
2594 5426 2895 5497 est.Surge
2918 5427 3099 5499 igitur
3118 5433 3173 5483 et
3194 5430 3390 5486 cibum
3415 5440 3666 5504 sume,et

2014 5516 2084 5569 ad
2112 5514 2414 5570 Athanasii
2445 5516 2705 5586 episc0pi
2739 5516 2980 5571 domum
3008 5518 3265 5587 milte,ut
3288 5521 3411 5593 ipse
3431 5540 3662 5596 quoque

2014 5608 2327 5676 cognoscat
2359 5604 2732 5660 hoc.Natavit
2762 5604 3150 5677 itaque,sicut
3181 5610 3304 5683 ipse
3336 5613 3584 5676 dicebat,
3605 5616 3660 5665 et
