4092 6324
464 376 587 469 ’255

1627 412 1993 466 APPENDIX
2032 411 2128 465 AD
2166 411 2380 465 VITAS
2416 410 2736 466 PATRUM.
3757 408 3847 467 256

483 553 772 605 mensem,
791 540 847 593 et
876 536 1290 608 septimanam,
1324 538 1383 590 et
1412 534 1589 603 diem,
1624 538 1681 590 et
1712 535 1937 606 horam,
1966 538 2022 590 et
2046 534 2130 590 sic
2159 534 2215 600 Α
2246 532 2302 588 in
2328 538 2568 602 matres,
2588 535 2647 589 in
2674 535 2902 601 fratres,
2923 534 2981 588 in
3002 538 3196 607 patres
3218 534 3376 606 cogit
3398 534 3519 590 ﬁeri
3545 535 3855 607 parricidas,

481 628 681 684 omnia
712 627 866 683 sicut
896 626 1162 681 audierat
1192 624 1553 697 approbavit.

552 716 955 773 Retulitetiam
982 715 1123 770 mihi
1148 719 1204 771 et
1229 715 1298 770 de
1320 714 1515 787 puella
1537 713 2132 787 quadam,cuinomen

476 811 601 863 erat
651 806 979 861 Alexandra
1028 805 1295 876 (Pallad.,
1328 822 1370 860 ο.
1404 805 1483 876 5),
1525 822 1651 875 quae
1704 804 1902 860 relicta
1951 821 2037 872 ea,
2074 804 2133 858 in

479 912 596 966 qua
620 899 740 951 erat
775 894 1023 959 civitate,
1053 893 1397 948 consederat
1424 894 1576 947 intra
1607 894 1899 964 quoddam
1934 892 2133 966 sepul-

480 1001 779 1056 crum,per
800 982 1061 1039 foramen
1088 983 1364 1054 exiguum
1390 983 1722 1038 necessaria
1744 982 2017 1039 alimenta
2042 1000 2135 1038 su-

479 1074 757 1146 scipiens,
781 1078 840 1129 et
865 1089 1050 1141 neque
1074 1072 1228 1127 viros
1251 1087 1440 1142 neque
1464 1070 1741 1127 mulieres
1764 1089 2024 1144 unquam
2049 1072 2133 1127 vi-

479 1166 623 1219 dens
640 1180 743 1235 per
755 1179 943 1217 annos
960 1163 1182 1216 decem.
1200 1161 1437 1216 Decimo
1449 1177 1583 1216 vero
1605 1178 1757 1216 anno
1781 1162 2132 1219 dormitione

481 1252 687 1308 ultima
708 1252 1031 1324 migratura
1053 1251 1306 1323 seipsam
1324 1251 1681 1321 composuit;
1708 1253 1859 1322 quod
1880 1252 2134 1325 illa,quas

480 1341 1017 1411 deferebateijuxta
1031 1341 1519 1396 consuetudinem
1539 1340 1951 1407 cibum,retulit
1967 1343 2135 1399 nobis

479 1432 700 1499 dicens,
735 1431 961 1486 nullum
993 1448 1055 1487 se
1088 1435 1225 1485 tunc
1258 1431 1554 1502 accepisse
1584 1447 1975 1502 responsum;
2018 1450 2134 1504 quo

480 1523 701 1588 audito,
736 1521 951 1575 illitum
985 1522 1202 1575 ostium
1234 1520 1621 1592 clausumque
1654 1523 2135 1592 patefecimus,et

483 1610 730 1679 ingressi
762 1611 1047 1666 defuncta}
1072 1627 1286 1681 corpus
1308 1610 1658 1665 invenimus.
1687 1610 1764 1666 De
1788 1612 1914 1683 ipsa
1938 1617 2129 1667 autem

480 1707 531 1756 et
560 1700 899 1755 beatissima
920 1699 1163 1754 Melania
1189 1699 1400 1753 mulier
1424 1700 1703 1769 Romana,
1730 1701 1798 1755 de
1823 1718 1937 1772 qua
1962 1702 2133 1773 paulo

482 1794 613 1861 post
646 1790 916 1854 referam,
947 1789 1061 1844 ista
1091 1789 1322 1843 dicebat
1356 1807 1367 1843 :
1402 1788 1642 1845 Vultum
1677 1790 1913 1861 quidem
1946 1792 2133 1863 ipsius

2244 624 2348 687 Qui
2374 625 2601 680 etiamsi
2629 625 2984 696 praetendere
3000 624 3353 695 quibusdam
3370 624 3677 695 aliquando
3692 625 3861 680 videa—

2245 722 2339 771 tur
2360 716 2854 772 necessitudinem
2881 716 3213 789 parentelae,
3236 733 3347 771 non
3373 716 3504 771 ideo
3527 715 3663 770 illud
3682 720 3737 770 ut
3753 733 3860 788 pro-

2244 805 2321 861 sit
2353 806 2557 861 iisdem
2592 806 2752 875 tacit,
2785 808 2883 862 sed
2918 811 2982 861 ut
3012 807 3326 862 animabus
3356 822 3555 861 eorum
3586 805 3861 875 injustitiae

2243 896 2462 951 crimen
2515 897 2868 962 accumulat,
2903 896 3110 951 divina
3148 912 3263 950 non
3298 896 3541 967 ignarus
3572 895 3861 960 sententiae,

2245 1001 2372 1057 quae
2409 987 2656 1057 injustos
2686 985 2759 1040 ab
2790 986 3130 1042 haereditate
3162 986 3326 1057 regni
3361 983 3609 1039 coelestia
3639 983 3866 1039 excludit

2245 1076 2291 1145 (I
2320 1074 2439 1131 Cor.
2465 1076 2558 1145 vr).
2590 1075 2780 1131 Potest
2810 1090 2948 1130 sane
2981 1075 3114 1147 quis
3143 1073 3443 1146 spirituali
3480 1073 3713 1129 scientia
3742 1073 3864 1128 divi~

2244 1182 2431 1237 noque
2451 1181 2648 1220 amore
2671 1168 3135 1231 commotus,nec
3151 1164 3399 1236 proprize
3422 1161 3863 1217 animazsalutem

2244 1262 2468 1309 conterr
2489 1270 2644 1321 nere,
2669 1258 2725 1309 et
2746 1253 2871 1309 suis
2904 1254 3270 1326 parentibus,
3295 1254 3344 1308 si
3369 1252 3609 1307 forsitan
3631 1267 3781 1321 egere
3795 1250 3867 1304 vi-

2243 1345 2513 1410 deantur,
2536 1346 2667 1399 vitae
2702 1345 3042 1400 alimoniam
3078 1344 3169 1415 pie
3200 1342 3442 1415 largiri;
3478 1342 3575 1397 sed
3594 1341 3642 1397 si
3661 1341 3867 1413 penitus

2243 1434 2497 1490 animam
2523 1451 2687 1489 suam
2713 1435 3016 1491 conculcat
3037 1439 3091 1490 et
3113 1433 3386 1505 despicit,
3412 1432 3535 1488 sola
3559 1430 3868 1504 propinqui-

2243 1522 2379 1578 tatis
2402 1523 2798 1579 sollicitudine
2812 1522 3515 1594 occupatus,sententiam
3533 1520 3869 1591 divinaelegis

2244 1612 2511 1677 incurrit,
2536 1612 2816 1681 animam,
2844 1617 2907 1667 ut
2939 1612 3080 1679 dixi,
3106 1628 3275 1667 suam
3310 1612 3602 1682 deputans
3633 1608 3869 1663 vanitati.

2246 1702 2421 1756 Sacer
2442 1706 2632 1756 autem
2663 1701 3027 1772 conscriptor
3051 1701 3147 1756 ille
3169 1700 3542 1755 Psalmorum
3567 1698 3717 1752 canit
3737 1695 3869 1751 deiis

2246 1791 2346 1863 qui
2376 1792 2582 1846 anima:
2606 1808 2724 1847 suae
2748 1808 2947 1845 curam
2976 1795 3135 1845 metu
3161 1792 3420 1845 maximo
3437 1786 3869 1858 gerunt,dicens:

482 1879 688 1951 puellae
712 1894 773 1933 se
799 1878 993 1934 videre
1018 1895 1130 1933 non
1150 1878 1433 1949 potuisse,
1458 1884 1711 1933 stantem
1739 1885 1933 1936 autem
1953 1882 2023 1935 ad
2050 1884 2136 1936 fo-
2164 1902 2211 1966 B
2244 1882 2385 1945 Quis
2409 1882 2684 1935 ascendet
2706 1879 2762 1933 in
2790 1886 3047 1933 montem
3083 1878 3368 1933 Domini?
3395 1878 3547 1933 945
3568 1876 3671 1930 hoc
3694 1880 3773 1930 est
3792 1873 3871 1966 di:

482 1985 683 2024 ramen
710 1967 964 2039 sepulcri
989 1968 1226 2038 petiisse
1242 1977 1294 2021 ul
1311 1968 1360 2021 ei
1385 1968 1601 2023 diceret
1616 1986 1851 2024 causam
1869 1970 1940 2024 ob
1954 1988 2131 2041 quam

484 2072 546 2113 se
571 2058 628 2112 in
650 2057 749 2111 illo
764 2056 1073 2128 sepulchro
1089 2056 1618 2123 concluserat.Qure
1636 2075 1734 2128 per
1750 2068 2131 2115 memoratum

483 2148 741 2201 foramen
776 2147 968 2202 locuta
1002 2162 1016 2201 :
1048 2147 1366 2216 Cujusdam
1419 2147 1672 2217 animus,
1708 2148 1917 2217 inquit,
1952 2149 2008 2203 in
2044 2166 2135 2205 me

483 2235 659 2292 lassus
674 2236 1131 2307 eratquondam,
1148 2239 1202 2291 et
1218 2252 1287 2290 ne
1302 2236 1526 2291 viderer
1539 2253 1669 2291 eum
1688 2236 1775 2292 vel
1790 2238 2135 2295 contristare

482 2324 569 2380 vel
613 2326 872 2396 perdere,
900 2324 1082 2380 malui
1115 2341 1207 2379 me
1233 2324 1420 2396 ipsam
1457 2324 1512 2379 in
1543 2326 1810 2396 sepulcro
1844 2328 1981 2382 dum
2009 2327 2133 2383 vivo

482 2414 989 2486 recludere,quam
1012 2430 1217 2468 nocere
1240 2415 1450 2469 animae
1471 2415 1540 2468 ad
1570 2414 2018 2471 similitudinem
2034 2417 2134 2472 Dei

485 2505 669 2559 facta}.
700 2506 824 2569 Qua
854 2504 1084 2559 dicente
1117 2521 1321 2558 rursus
1358 2521 1369 2557 :
1403 2506 1907 2570 Quemadmodum
1961 2507 2136 2579 igitur

486 2594 602 2666 pati
625 2599 809 2665 potes,
833 2610 865 2649 ο
890 2592 1102 2648 ancilla
1126 2593 1367 2661 Christi,
1392 2598 1456 2648 ut
1480 2594 2132 2667 nemincmprorsusvi—

483 2685 643 2753 deas,
668 2684 768 2738 sed
794 2683 852 2737 in
878 2683 1194 2738 solitudine
1216 2682 1318 2738 tali
1342 2687 1544 2739 contra
1576 2686 1835 2740 acediam
1860 2686 1945 2741 vel
1978 2688 2133 2758 cogi-

482 2773 732 2828 tationes
753 2772 967 2827 habeas
988 2777 1102 2825 tam
1125 2771 1263 2843 juge
1285 2776 1576 2828 certamen
1592 2772 1619 2827 Ἰ
1643 2774 1755 2829 Hoc
1775 2774 1872 2829 illa
1892 2791 2132 2846 respon-

486 2863 571 2916 dit
603 2878 615 2917 :
649 2864 694 2916 A
726 2861 1033 2933 principio,
1071 2862 1365 2933 inquiens,
1398 2861 1513 2916 diei
1559 2878 1772 2917 nonam
1824 2881 2011 2934 usque
2060 2867 2129 2919 ad

484 2952 691 3006 horam
716 2950 963 3006 orationi
983 2966 1216 3015 vaco,ex
1236 2949 1355 3005 lino
1377 2968 1524 3022 opus
1548 2967 1651 3023 per
1671 2953 1845 3008 horas
1868 2953 2131 3025 singulas

484 3041 725 3109 faciens,
760 3039 984 3111 reliquo
1018 3043 1210 3096 autem
1244 3040 1527 3111 temporis
1557 3042 1745 3113 spatio
1779 3042 2131 3113 cogitatione

481 3131 749 3185 discurro
798 3146 901 3201 per
948 3134 1183 3185 sanctos
1238 3130 1573 3202 prophetas,
1606 3132 1922 3203 apostolos,
1958 3143 2129 3205 atque

486 3224 794 3291 martyres,
820 3224 877 3274 et
907 3218 1272 3291 patriarchas
1298 3238 1312 3287 ;
1342 3220 1565 3277 caeteris
1586 3238 1721 3277 vero
1747 3221 1908 3278 horis
1930 3222 2127 3279 cibum

484 3309 653 3381 panis
686 3309 873 3380 capio,
905 3309 1412 3382 appropinquante
1440 3327 1679 3382 vespera
1708 3328 1841 3366 cum
1875 3313 2131 3369 maxima

483 3398 679 3471 quiete
708 3398 1023 3454 Dominum
1058 3415 1255 3454 meum
1287 3399 1642 3471 glorificans,
1678 3401 1973 3474 finemque
2008 3404 2133 3459 vitae

487 3504 626 3543 mea;
658 3504 792 3543 cum
826 3505 928 3560 spe
958 3490 1106 3544 bona
1144 3489 1430 3559 patienter
1458 3495 1823 3561 exspectans.

557 3577 663 3631 Sed
690 3594 759 3631 ne
784 3577 918 3633 illos
941 3579 1177 3648 quidem
1194 3579 1402 3633 tacitos
1424 3579 1787 3651 praeteribo,q
1802 3598 2005 3636 uorum
2022 3582 2137 3638 vita

487 3666 681 3721 omnis
708 3665 764 3719 in
789 3672 1126 3738 contemptu
1164 3668 1415 3739 quodam
1443 3669 1688 3741 propriae
1708 3669 1912 3725 salutis
1935 3672 2137 3739 fuit,ut

488 3772 556 3810 ex
578 3755 686 3811 hoc
708 3756 885 3811 etiam
910 3757 1055 3811 bene
1074 3757 1313 3812 meritos
1329 3758 2136 3831 praedicemus,etlegentibus

488 3844 727 3899 cautelae
760 3846 954 3901 studio
986 3847 1387 3902 consulamus.

1145 3961 1375 4017 CAPUT
1418 3962 1485 4016 ll.

492 4052 565 4107 De
594 4050 829 4122 quadam
860 4050 1073 4120 virgine
1102 4055 1155 4105 et
1185 4050 1250 4104 de
1280 4052 1656 4105 Nilriensz’bus
1682 4054 1988 4122 monachis,
2010 4056 2140 4109 Am-

684 4138 866 4188 mone,
900 4122 993 4189 0r,
1016 4122 1247 4188 Pambo,
1282 4123 1585 4189 Ammonio,
1625 4125 1949 4193 Beniamin.

561 4237 737 4309 Virgo
770 4238 1037 4308 quaedam
1070 4236 1193 4292 solo
1227 4238 1465 4293 nomine
1497 4238 1857 4295 Alexandria:
1880 4240 2135 4309 Μαραι-

492 4328 627 4395 lad.,
661 4344 782 4395 cap.
807 4327 887 4398 6),
912 4343 1038 4398 qua
1070 4333 1356 4398 quantum
1391 4330 1461 4383 ad
1494 4330 1748 4401 speciem
1784 4332 2137 4402 pertinebat,

491 4415 734 4471 humilis
764 4415 1099 4485 videbatur;
1123 4421 1409 4487 quantum
1442 4422 1637 4474 autem
1669 4419 1739 4474 ad
1773 4422 2137 4492 propositum

490 4502 913 4575 ipsius,anima:
926 4504 1233 4560 inﬂatioris
1248 4507 1559 4562 eratvariis
1572 4508 1779 4578 opibus
1793 4510 1939 4565 satis
1952 4510 2137 4579 dives,

490 4595 737 4649 amatrix
767 4594 961 4665 potius
991 4593 1114 4648 aLri
1149 4610 1325 4665 quam
1343 4594 1592 4663 Christi;
1619 4613 1909 4668 nusquam
1945 4616 2139 4670 proce-

489 4684 623 4739 dere
642 4683 861 4749 solens,
886 4700 999 4737 non
1019 4682 1347 4755 peregrino,
1374 4701 1486 4738 non
1513 4685 1744 4757 virgini,
1770 4703 1883 4743 non
1909 4689 2022 4743 vim
2041 4707 2139 4760 pa-

491 4774 680 4840 tienti,
712 4789 826 4827 non
862 4771 1169 4841 monacho,
1195 4790 1311 4828 non
1344 4772 1621 4841 ecclesias,
1652 4793 1762 4831 non
1791 4779 2028 4849 pauperi
2051 4778 2141 4834 vel

489 4863 758 4933 exiguam
794 4861 1001 4932 stipem
1036 4862 1322 4933 praebens.
1358 4862 1487 4917 Haec
1517 4869 1856 4920 sanctorum
1905 4866 2139 4922 Patrum

489 4950 899 5023 frequentibus
922 4950 1497 5023 monitis,nunquam
1520 4969 1553 5007 a
1574 4956 1769 5008 setam
1793 4954 2140 5010 inutileani-

491 5056 596 5093 ma:
630 5040 860 5111 pondus
891 5039 1483 5110 abjecerat.Habebat
1512 5045 1706 5096 autem
1740 5047 1796 5097 et
1827 5043 2142 5101 nonnullos

493 5134 781 5198 parentes,
810 5128 960 5183 inter
982 5144 1130 5199 quos
1154 5127 1334 5184 filiam
1370 5129 1586 5185 sororis
1617 5148 1735 5185 sua:
1769 5132 2144 5203 adeptaverat

491 5216 757 5288 sibi,qua
787 5217 912 5273 sola
943 5217 1151 5272 diebus
1179 5234 1244 5273 ac
1276 5219 1549 5274 noctibus
1585 5221 2141 5290 frucbatur,omisso

487 5310 660 5374 atque
692 5311 1024 5378 contempto
1075 5324 1272 5363 amore
1322 5307 1670 5363 cmlestium.
1706 5310 2139 5381 Nonnunquam

487 5394 643 5448 enim
667 5400 723 5448 et
744 5395 864 5449 haec
887 5397 1315 5468 species,quam
1341 5398 1610 5453 diabolus
1634 5399 2142 5463 immittit,erroris

487 5487 598 5551 est,
623 5487 685 5536 ut
706 5482 816 5537 sub
839 5483 1078 5539 atiectus
1102 5484 1317 5555 colore,
1344 5487 1445 5557 qui
1477 5488 1675 5542 deberi
1696 5488 1928 5543 videtur
1949 5490 2142 5544 afﬁni-

488 5571 1283 5645 bus,avaritiacupiditasque
1300 5576 1785 5643 nutriatur.Quod
1804 5582 1998 5633 autem
2018 5578 2143 5633 nul-

487 5663 603 5716 lam
622 5661 849 5715 daemon
873 5661 1213 5732 cupiditatis
1236 5668 1291 5717 et
1310 5665 1544 5735 generis
1568 5682 1769 5721 curam
1795 5672 1978 5737 gerat,
2008 5668 2144 5722 hinc

485 5753 738 5824 profecto
754 5755 1147 5807 monstratum
1174 5757 1290 5822 est;
1328 5754 1450 5824 ipse
1472 5754 1628 5811 enim
1653 5756 2143 5828 estquihomines

2243 1985 2391 2036 cere,
2418 1971 2561 2023 satis
2583 1985 2733 2024 raro.
2764 1974 2875 2022 Aut
2898 1968 3031 2038 quis
3054 1967 3233 2021 stabit
3254 1968 3314 2021 in
3338 1966 3465 2022 loco
3498 1969 3695 2020 sancto
3723 1961 3869 2031 ejus?

2247 2060 2532 2113 lnnocens
2568 2058 2928 2123 manibus,et
2959 2057 3178 2111 mundo
3204 2054 3511 2124 corde,qui
3540 2070 3649 2106 non
3675 2052 3874 2120 accepit

2245 2149 2301 2203 in
2335 2164 2485 2203 vano
2516 2147 2774 2202 animam
2807 2162 2975 2201 suam
3008 2146 3179 2217 (1)δαί.
3213 2146 3400 2213 xxm).
3439 2143 3527 2198 llli
3555 2155 3794 2211 nanque
3820 2138 3871 2191 in

2243 2254 2391 2294 vano
2425 2238 2679 2292 animam
2713 2253 2881 2291 suam
2916 2236 3233 2305 accipiunt,
3261 2234 3362 2305 qui
3398 2237 3605 2305 putant
3634 2246 3753 2284 eam
3773 2243 3873 2282 una

2246 2345 2379 2383 cum
2412 2343 2651 2399 corpore
2666 2324 3129 2396 dissipariatque
3150 2324 3417 2388 dissolvi,
3443 2322 3717 2376 virtutum
3732 2316 3871 2372 scili-

2246 2422 2335 2473 cet
2367 2415 2769 2489 spiritualium
2804 2420 3257 2485 contemptores.

2317 2529 2493 2581 Istam
2515 2525 2703 2596 ipsam
2726 2523 2848 2579 solo
2872 2522 3109 2577 nomine
3131 2521 3420 2593 virginem
3446 2518 3642 2574 volens
3657 2518 3875 2571 sanctus

2246 2616 2341 2670 ille
2374 2615 2634 2669 Isidorus
2666 2613 2821 2685 [Lege
2853 2612 3165 2675 Macarius,
3192 2627 3260 2665 cx
3294 2607 3577 2679 Palladio]
3602 2604 3875 2677 presbyter

2243 2702 2600 2758 detractione
2658 2700 2967 2772 sanguinis
3015 2704 3104 2768 (ut
3134 2698 3245 2753 dici
3280 2699 3339 2754 in
3377 2694 3694 2770 proverbiis
3720 2691 3868 2757 solet)

2242 2794 2428 2848 facere
2461 2810 2492 2847 a
2522 2790 2859 2862 cupiditatis
2902 2804 3076 2843 onere
3129 2792 3432 2860 utcunque
3460 2785 3748 2849 leviorem,
3778 2776 3868 2833 tali

2242 2899 2381 2953 erga
2400 2898 2527 2937 eam
2558 2896 2699 2935 usus
2726 2878 2957 2950 ingenio
2982 2881 3091 2933 est.
3118 2877 3363 2933 Praeerat
3389 2881 3608 2943 autem,
3638 2878 3697 2926 ut
3726 2869 3870 2942 prius

2241 2971 2382 3038 dixi,
2416 2968 2645 3026 cellulis
2697 2968 2944 3024 fratrum
2998 2982 3322 3040 pauperum
3381 2971 3558 3037 atque
3590 2959 3871 3024 debilium,

2239 3060 2583 3131 idemquein
2608 3057 3156 3130 primisjuventutis
3179 3073 3297 3111 suae
3321 3055 3501 3111 annis
3525 3054 3579 3107 in
3602 3046 3872 3121 lapidibus

2238 3156 2295 3207 et
2324 3148 2661 3221 margaritis
2694 3147 3012 3218 probandis
3044 3146 3350 3201 videbatur
3369 3133 3873 3216 peritus.Accessit

2165 3269 2208 3335 Ο
2246 3239 2423 3311 igitur
2446 3238 2513 3292 ad
2536 3254 2686 3303 eam,
2712 3235 2914 3291 dicens
2941 3253 2953 3289 :
2982 3235 3233 3305 Lapides
3254 3235 3323 3289 ad
3352 3252 3448 3290 me
3473 3227 3771 3287 necessarii
3797 3228 3871 3279 at-

2502 3325 2532 3335 Α.
2615 3326 2625 3335 .
2914 3326 2951 3335 ..
3016 3326 3070 3335 ..
3210 3325 3221 3335 .
3732 3316 3870 3335 κῃι,

2247 3344 2359 3400 que
2392 3325 2626 3400 pretiosi
2657 3326 2954 3394 smaragdi
2978 3330 3033 3380 et
3058 3323 3356 3397 hyacinthi
3379 3316 3871 3379 subitovenerunt;

2245 3426 2300 3475 et
2330 3420 2448 3475 sive
2494 3419 2627 3491 quis
2676 3417 2961 3472 invenerit
3011 3433 3130 3482 eos,
3166 3414 3289 3470 sive
3339 3415 3572 3469 furatus
3622 3409 3713 3475 sit,
3742 3405 3873 3461 scire

2246 3527 2358 3565 non
2394 3526 2632 3580 possum
2660 3532 2674 3573 ;
2707 3512 2963 3563 statuere
2993 3510 3189 3561 autem
3221 3505 3489 3576 ipsorum
3522 3499 3762 3574 pretium
3785 3508 3871 3549 ne-

2246 3600 2561 3670 queo,quia
2583 3595 3044 3669 cujuslibetsum
3057 3611 3211 3649 mam
3228 3594 3578 3664 quantitatis
3592 3586 3871 3648 excedunt,

2248 3703 2449 3743 omnes
2471 3688 2625 3743 enim
2648 3684 2821 3741 simul
2854 3682 3195 3756 quingentis
3227 3681 3435 3737 solidis
3467 3677 3869 3737 distrahuntur.

2247 3778 2303 3831 Si
2341 3794 2476 3847 ergo
2508 3793 2606 3832 eos
2637 3776 2742 3829 tibi
2776 3773 3059 3845 placuerit
3089 3767 3683 3844 comparare,poteris
3708 3775 3869 3820 unum

2247 3884 2315 3921 ex
2347 3866 2489 3936 ipsis
2520 3863 2860 3936 quingentis
2891 3862 3137 3917 vendere
3170 3861 3397 3927 solidis,
3429 3868 3488 3917 et
3516 3859 3759 3928 reliquos
3788 3864 3874 3905 ne-

2250 3956 2364 4027 ptis
2388 3962 2497 4009 ture
2521 3952 2841 4008 monilibus
2862 3952 3166 4023 deputare.
3192 3950 3491 4022 Snspensa
3516 3938 3874 4021 igituromni-

2250 4044 2434 4099 modis
2488 4043 2589 4098 illa
2642 4059 2769 4113 qua;
2813 4042 3114 4096 dicebatur
3143 4041 3304 4113 virgo
3337 4040 3396 4094 in
3431 4042 3640 4095 affectu
3671 4029 3874 4106 puellae,

2248 4134 2540 4205 decipitur
2562 4129 2900 4202 hujusmodi
2925 4125 3706 4202 ornatu,etcomplexaillius
3720 4119 3875 4193 pedes

2248 4229 2375 4279 orat
2397 4230 2454 4278 et
2476 4222 2639 4293 petit,
2662 4237 2732 4276 ne
2764 4220 2898 4292 quis
2933 4223 3291 4276 memoratos
3317 4218 3543 4291 lapides
3574 4216 3714 4272 alter
3743 4205 3876 4265 acci-

2249 4317 2429 4385 peret.
2463 4311 2568 4367 Cui
2618 4309 2715 4365 ille
2764 4314 3024 4378 sanctus,
3060 4309 3198 4363 dum
3254 4307 3418 4363 avide
3460 4308 3740 4367 hortatur,
3768 4299 3875 4353 hmo

2248 4402 2434 4457 dixit:
2471 4400 2615 4455 Veni
2653 4401 2711 4454 in
2759 4400 2998 4454 domum
3038 4402 3308 4467 meam,et
3335 4396 3456 4452 haec
3488 4414 3614 4469 qua:
3644 4389 3876 4447 diximus

2247 4492 2469 4548 videas.
2502 4491 2584 4545 Ad
2637 4490 2793 4561 quod
2846 4489 2924 4543 ita
2970 4505 3084 4543 non
3136 4487 3537 4559 acquiescens,
3571 4483 3665 4540 sed
3708 4472 3877 4546 magis

2249 4580 2607 4652 quingentos
2656 4578 2879 4633 solidos
2927 4577 2986 4631 in
3032 4576 3229 4631 sinum
3273 4576 3436 4631 illius
3470 4574 3734 4633 fundens,
3766 4563 3873 4619 ait:

2252 4670 2757 4734 Quemadmodum
2797 4668 2907 4732 vis,
2934 4666 3059 4736 ipse
3089 4666 3325 4720 eosdem
3353 4664 3578 4736 lapides
3607 4658 3755 4722 tolle,
3786 4664 3877 4723 ego

2252 4760 2407 4815 enim
2440 4757 2570 4813 nolo
2602 4773 2736 4811 eum
2761 4757 2955 4811 videre
2976 4755 3076 4826 qui
3099 4754 3319 4809 vendit.
3346 4758 3628 4827 Acceptos
3660 4747 3751 4802 ille
3778 4739 3877 4812 iSi'

2254 4858 2343 4903 tur
2358 4849 2708 4919 quingentos
2725 4844 3085 4915 solidos,pau
3098 4842 3879 4919 peribusdebilibusqucmex

2253 4916 3005 5005 dividit.l;ostaliquantum
3031 4949 3166 4987 vero
3181 4938 3295 4987 tem
3309 4932 3464 5005 poris
3479 4916 3879 5005 spatium,qui¢

2254 5042 2469 5097 magna
2519 5024 2714 5097 cpinio
2738 5004 2934 5094 ipsius
2968 5022 3120 5094 apud
3154 5038 3356 5077 omnes
3389 5014 3745 5076 Alexandriae.
3772 5004 3881 5101 erat

2252 5095 2493 5187 (quippe
2538 5095 2637 5186 qui
2687 5117 2743 5167 et
2788 5111 3123 5167 misericors
3154 5115 3329 5177 esset,
3362 5115 3420 5166 et
3449 5110 3507 5164 in
3541 5106 3763 5165 cultura
3789 5095 3877 5189 Del

2254 5186 2569 5277 prmclarus
2602 5207 2657 5257 et
2687 5202 2902 5268 senior,
2939 5201 3037 5274 qui
3065 5202 3189 5271 jam
3252 5218 3437 5271 usque
3481 5200 3550 5254 ad
3600 5186 3877 5277 centesimi

2254 5276 2487 5365 quoque
2510 5292 2646 5347 anui
2680 5289 2972 5345 curricula
2996 5290 3374 5360 pervenisset,
3402 5289 3555 5361 quod
3590 5300 3691 5357 ego
3721 5276 3878 5334 etiam

2254 5383 2352 5455 qui
2380 5398 2511 5437 cum
2542 5380 2639 5436 illo
2670 5380 2769 5435 diu
2805 5380 3049 5445 fueram,
3084 5381 3230 5435 satis
3262 5366 3878 5455 agnoveram),erubes-

2254 5450 2456 5528 scebat
2486 5486 2619 5525 eum
2644 5470 2805 5539 virgo
2834 5474 3156 5524 memorata
3186 5450 3364 5541 super
3387 5467 3532 5539 ipsis
3564 5459 3761 5522 solidis
3789 5450 3879 5507 ad-

2255 5576 2511 5616 monere.

2325 5669 2411 5723 Ad
2438 5672 2801 5740 postremum
2838 5682 2971 5721 cum
3009 5664 3171 5720 illum
3210 5666 3354 5721 forte
3388 5666 3445 5720 in
3476 5660 3715 5723 ecclesia
3741 5660 3881 5740 I‘GPP'

2253 5735 2455 5827 risset,‘
2479 5755 2803 5828 alloquitur
2845 5770 2857 5811 :
2890 5754 3062 5825 Quid,
3099 5754 3311 5827 inquit,
3346 5755 3541 5827 jubes,
3576 5758 3787 5826 precor,
3814 5735 3877 5790 de
