  <div class='ocr_page' id='page_1' title='image "/cluster/home/n/w/nwhite01/storage/ocr_20150623/74/hvd.32044054758784/134.png"; bbox 0 0 4092 6324; ppageno 0'>
   <div class='ocr_carea' id='block_1_1' title="bbox 215 380 329 433">
    <p class='ocr_par' dir='ltr' id='par_1_1' title="bbox 215 380 329 433">
     <span class='ocr_line' id='line_1_1' title="bbox 215 380 329 433; baseline 0 0"><span class='ocrx_word' id='word_1_1' title='bbox 215 380 329 433; x_wconf 88' lang='lat'><strong>257</strong></span> 
     </span>
    </p>
   </div>
   <div class='ocr_carea' id='block_1_2' title="bbox 1476 381 2369 438">
    <p class='ocr_par' dir='ltr' id='par_1_2' title="bbox 1476 381 2369 438">
     <span class='ocr_line' id='line_1_2' title="bbox 1476 381 2369 438; baseline 0 -4"><span class='ocrx_word' id='word_1_2' title='bbox 1476 381 1911 438; x_wconf 78' lang='lat' dir='ltr'><strong>BBBACLIDIB</strong></span> <span class='ocrx_word' id='word_1_3' title='bbox 1945 382 2369 437; x_wconf 76' lang='lat' dir='ltr'><strong>PARADISUS.</strong></span> 
     </span>
    </p>
   </div>
   <div class='ocr_carea' id='block_1_3' title="bbox 3520 391 3628 450">
    <p class='ocr_par' dir='ltr' id='par_1_3' title="bbox 3520 391 3628 450">
     <span class='ocr_line' id='line_1_3' title="bbox 3520 391 3628 450; baseline 0 0"><span class='ocrx_word' id='word_1_4' title='bbox 3520 391 3628 450; x_wconf 84' lang='lat'><strong>258</strong></span> 
     </span>
    </p>
   </div>
   <div class='ocr_carea' id='block_1_4' title="bbox 214 504 3627 593">
    <p class='ocr_par' dir='ltr' id='par_1_4' title="bbox 214 504 3627 593">
     <span class='ocr_line' id='line_1_4' title="bbox 214 504 3627 593; baseline 0.003 -32"><span class='ocrx_word' id='word_1_5' title='bbox 214 504 509 578; x_wconf 83' lang='lat' dir='ltr'><strong>lapidibus</strong></span> <span class='ocrx_word' id='word_1_6' title='bbox 531 504 672 573; x_wconf 90' lang='lat' dir='ltr'><strong>illis,</strong></span> <span class='ocrx_word' id='word_1_7' title='bbox 698 522 801 577; x_wconf 90' lang='lat' dir='ltr'><strong>pro</strong></span> <span class='ocrx_word' id='word_1_8' title='bbox 832 506 1050 578; x_wconf 83' lang='lat' dir='ltr'><strong>quibus</strong></span> <span class='ocrx_word' id='word_1_9' title='bbox 1075 506 1428 579; x_wconf 84' lang='lat' dir='ltr'><strong>quingentos</strong></span> <span class='ocrx_word' id='word_1_10' title='bbox 1459 505 1679 564; x_wconf 89' lang='lat' dir='ltr'><strong>solidos</strong></span> <span class='ocrx_word' id='word_1_11' title='bbox 1702 504 1861 561; x_wconf 88' lang='lat' dir='ltr'><strong>dedi-</strong></span> <span class='ocrx_word' id='word_1_12' title='bbox 1891 528 1944 593; x_wconf 70' lang='grc' dir='ltr'><strong>Α</strong></span> <span class='ocrx_word' id='word_1_13' title='bbox 1974 504 2071 575; x_wconf 85' lang='lat' dir='ltr'><strong>qui</strong></span> <span class='ocrx_word' id='word_1_14' title='bbox 2099 504 2818 575; x_wconf 84' lang='lat' dir='ltr'><strong>undecunqueconvictiin</strong></span> <span class='ocrx_word' id='word_1_15' title='bbox 2839 515 3073 581; x_wconf 90' lang='lat' dir='ltr'><strong>peccato</strong></span> <span class='ocrx_word' id='word_1_16' title='bbox 3088 513 3362 585; x_wconf 83' lang='lat' dir='ltr'><strong>vapulare</strong></span> <span class='ocrx_word' id='word_1_17' title='bbox 3378 517 3627 573; x_wconf 83' lang='lat' dir='ltr'><strong>meruis-</strong></span> 
     </span>
    </p>
   </div>
   <div class='ocr_carea' id='block_1_5' title="bbox 216 594 1862 669">
    <p class='ocr_par' dir='ltr' id='par_1_5' title="bbox 216 594 1862 669">
     <span class='ocr_line' id='line_1_5' title="bbox 216 594 1862 669; baseline -0.001 -18"><span class='ocrx_word' id='word_1_18' title='bbox 216 595 519 652; x_wconf 83' lang='lat' dir='ltr'><strong>mus?Cui</strong></span> <span class='ocrx_word' id='word_1_19' title='bbox 553 594 650 651; x_wconf 90' lang='lat' dir='ltr'><strong>ille</strong></span> <span class='ocrx_word' id='word_1_20' title='bbox 684 596 1021 668; x_wconf 81' lang='lat' dir='ltr'><strong>respondit:</strong></span> <span class='ocrx_word' id='word_1_21' title='bbox 1057 598 1136 652; x_wconf 84' lang='lat' dir='ltr'><strong>Ex</strong></span> <span class='ocrx_word' id='word_1_22' title='bbox 1167 614 1303 669; x_wconf 91' lang='lat' dir='ltr'><strong>quo,</strong></span> <span class='ocrx_word' id='word_1_23' title='bbox 1340 597 1554 668; x_wconf 84' lang='lat' dir='ltr'><strong>inquit,</strong></span> <span class='ocrx_word' id='word_1_24' title='bbox 1581 595 1722 650; x_wconf 88' lang='lat' dir='ltr'><strong>mihi</strong></span> <span class='ocrx_word' id='word_1_25' title='bbox 1757 612 1862 650; x_wconf 89' lang='lat' dir='ltr'><strong>au-</strong></span> 
     </span>
    </p>
   </div>
   <div class='ocr_carea' id='block_1_6' title="bbox 212 685 1857 759">
    <p class='ocr_par' dir='ltr' id='par_1_6' title="bbox 212 685 1857 759">
     <span class='ocr_line' id='line_1_6' title="bbox 212 685 1857 759; baseline -0.002 -16"><span class='ocrx_word' id='word_1_26' title='bbox 212 702 338 743; x_wconf 84' lang='lat' dir='ltr'><strong>rum</strong></span> <span class='ocrx_word' id='word_1_27' title='bbox 362 685 599 754; x_wconf 81' lang='lat' dir='ltr'><strong>dedisti,</strong></span> <span class='ocrx_word' id='word_1_28' title='bbox 628 702 691 742; x_wconf 85' lang='lat' dir='ltr'><strong>ex</strong></span> <span class='ocrx_word' id='word_1_29' title='bbox 717 704 783 742; x_wconf 90' lang='lat' dir='ltr'><strong>eo</strong></span> <span class='ocrx_word' id='word_1_30' title='bbox 806 686 947 741; x_wconf 90' lang='lat' dir='ltr'><strong>illud</strong></span> <span class='ocrx_word' id='word_1_31' title='bbox 978 704 1081 758; x_wconf 91' lang='lat' dir='ltr'><strong>pro</strong></span> <span class='ocrx_word' id='word_1_32' title='bbox 1106 688 1290 759; x_wconf 89' lang='lat' dir='ltr'><strong>pretio</strong></span> <span class='ocrx_word' id='word_1_33' title='bbox 1317 687 1578 758; x_wconf 90' lang='lat' dir='ltr'><strong>ipsorum</strong></span> <span class='ocrx_word' id='word_1_34' title='bbox 1600 685 1857 756; x_wconf 76' lang='lat' dir='ltr'><strong>lapidum</strong></span> 
     </span>
    </p>
   </div>
   <div class='ocr_carea' id='block_1_7' title="bbox 208 774 1859 845">
    <p class='ocr_par' dir='ltr' id='par_1_7' title="bbox 208 774 1859 845">
     <span class='ocr_line' id='line_1_7' title="bbox 208 774 1859 845; baseline 0 -16"><span class='ocrx_word' id='word_1_35' title='bbox 208 774 366 842; x_wconf 84' lang='lat' dir='ltr'><strong>dedi,</strong></span> <span class='ocrx_word' id='word_1_36' title='bbox 397 780 453 831; x_wconf 91' lang='lat' dir='ltr'><strong>et</strong></span> <span class='ocrx_word' id='word_1_37' title='bbox 494 775 543 831; x_wconf 89' lang='lat' dir='ltr'><strong>si</strong></span> <span class='ocrx_word' id='word_1_38' title='bbox 594 777 787 833; x_wconf 88' lang='lat' dir='ltr'><strong>venire</strong></span> <span class='ocrx_word' id='word_1_39' title='bbox 834 776 1157 845; x_wconf 78' lang='lat' dir='ltr'><strong>desideras,</strong></span> <span class='ocrx_word' id='word_1_40' title='bbox 1189 794 1255 832; x_wconf 91' lang='lat' dir='ltr'><strong>ac</strong></span> <span class='ocrx_word' id='word_1_41' title='bbox 1294 778 1487 832; x_wconf 91' lang='lat' dir='ltr'><strong>videre</strong></span> <span class='ocrx_word' id='word_1_42' title='bbox 1527 777 1754 831; x_wconf 65' lang='lat' dir='ltr'><strong>eosdern</strong></span> <span class='ocrx_word' id='word_1_43' title='bbox 1800 776 1859 831; x_wconf 88' lang='lat' dir='ltr'><strong>in</strong></span> 
     </span>
    </p>
   </div>
   <div class='ocr_carea' id='block_1_8' title="bbox 208 863 1863 936">
    <p class='ocr_par' dir='ltr' id='par_1_8' title="bbox 208 863 1863 936">
     <span class='ocr_line' id='line_1_8' title="bbox 208 863 1863 936; baseline 0 -19"><span class='ocrx_word' id='word_1_44' title='bbox 208 863 463 935; x_wconf 84' lang='lat' dir='ltr'><strong>hospitio</strong></span> <span class='ocrx_word' id='word_1_45' title='bbox 498 881 627 921; x_wconf 90' lang='lat' dir='ltr'><strong>meo</strong></span> <span class='ocrx_word' id='word_1_46' title='bbox 656 864 799 936; x_wconf 87' lang='lat' dir='ltr'><strong>(illic</strong></span> <span class='ocrx_word' id='word_1_47' title='bbox 819 865 975 920; x_wconf 91' lang='lat' dir='ltr'><strong>enim</strong></span> <span class='ocrx_word' id='word_1_48' title='bbox 995 866 1236 935; x_wconf 91' lang='lat' dir='ltr'><strong>jacent),</strong></span> <span class='ocrx_word' id='word_1_49' title='bbox 1266 865 1393 920; x_wconf 86' lang='lat' dir='ltr'><strong>veni</strong></span> <span class='ocrx_word' id='word_1_50' title='bbox 1418 869 1475 919; x_wconf 90' lang='lat' dir='ltr'><strong>et</strong></span> <span class='ocrx_word' id='word_1_51' title='bbox 1504 864 1633 919; x_wconf 87' lang='lat' dir='ltr'><strong>vide</strong></span> <span class='ocrx_word' id='word_1_52' title='bbox 1664 863 1713 918; x_wconf 89' lang='lat' dir='ltr'><strong>si</strong></span> <span class='ocrx_word' id='word_1_53' title='bbox 1742 880 1863 933; x_wconf 83' lang='lat' dir='ltr'><strong>pos-</strong></span> 
     </span>
    </p>
   </div>
   <div class='ocr_carea' id='block_1_9' title="bbox 211 953 1860 1025">
    <p class='ocr_par' dir='ltr' id='par_1_9' title="bbox 211 953 1860 1025">
     <span class='ocr_line' id='line_1_9' title="bbox 211 953 1860 1025; baseline -0.001 -16"><span class='ocrx_word' id='word_1_54' title='bbox 211 958 347 1009; x_wconf 88' lang='lat' dir='ltr'><strong>sunt</strong></span> <span class='ocrx_word' id='word_1_55' title='bbox 376 953 485 1009; x_wconf 91' lang='lat' dir='ltr'><strong>tibi</strong></span> <span class='ocrx_word' id='word_1_56' title='bbox 522 953 786 1025; x_wconf 83' lang='lat' dir='ltr'><strong>placere;</strong></span> <span class='ocrx_word' id='word_1_57' title='bbox 824 955 913 1010; x_wconf 90' lang='lat' dir='ltr'><strong>sin</strong></span> <span class='ocrx_word' id='word_1_58' title='bbox 951 956 1169 1023; x_wconf 89' lang='lat' dir='ltr'><strong>minus,</strong></span> <span class='ocrx_word' id='word_1_59' title='bbox 1205 972 1413 1010; x_wconf 91' lang='lat' dir='ltr'><strong>aurum</strong></span> <span class='ocrx_word' id='word_1_60' title='bbox 1466 954 1677 1010; x_wconf 76' lang='lat' dir='ltr'><strong>referes</strong></span> <span class='ocrx_word' id='word_1_61' title='bbox 1709 953 1860 1023; x_wconf 83' lang='lat' dir='ltr'><strong>quod</strong></span> 
     </span>
    </p>
   </div>
   <div class='ocr_carea' id='block_1_10' title="bbox 210 1042 1860 1115">
    <p class='ocr_par' dir='ltr' id='par_1_10' title="bbox 210 1042 1860 1115">
     <span class='ocr_line' id='line_1_10' title="bbox 210 1042 1860 1115; baseline 0.001 -19"><span class='ocrx_word' id='word_1_62' title='bbox 210 1044 447 1099; x_wconf 76' lang='lat' dir='ltr'><strong>dedisti.</strong></span> <span class='ocrx_word' id='word_1_63' title='bbox 483 1046 608 1110; x_wconf 86' lang='lat' dir='ltr'><strong>Quo</strong></span> <span class='ocrx_word' id='word_1_64' title='bbox 638 1044 741 1100; x_wconf 86' lang='lat' dir='ltr'><strong>illa</strong></span> <span class='ocrx_word' id='word_1_65' title='bbox 768 1044 1020 1101; x_wconf 78' lang='lat' dir='ltr'><strong>libenter</strong></span> <span class='ocrx_word' id='word_1_66' title='bbox 1048 1046 1266 1112; x_wconf 91' lang='lat' dir='ltr'><strong>audito,</strong></span> <span class='ocrx_word' id='word_1_67' title='bbox 1302 1045 1371 1100; x_wconf 89' lang='lat' dir='ltr'><strong>ad</strong></span> <span class='ocrx_word' id='word_1_68' title='bbox 1406 1042 1728 1115; x_wconf 78' lang='lat' dir='ltr'><strong>presbyteri</strong></span> <span class='ocrx_word' id='word_1_69' title='bbox 1760 1043 1860 1097; x_wconf 89' lang='lat' dir='ltr'><strong>do-</strong></span> 
     </span>
    </p>
   </div>
   <div class='ocr_carea' id='block_1_11' title="bbox 211 1132 1860 1207">
    <p class='ocr_par' dir='ltr' id='par_1_11' title="bbox 211 1132 1860 1207">
     <span class='ocr_line' id='line_1_11' title="bbox 211 1132 1860 1207; baseline -0.001 -20"><span class='ocrx_word' id='word_1_70' title='bbox 211 1150 373 1187; x_wconf 86' lang='lat' dir='ltr'><strong>mum</strong></span> <span class='ocrx_word' id='word_1_71' title='bbox 407 1135 620 1205; x_wconf 89' lang='lat' dir='ltr'><strong>pergit,</strong></span> <span class='ocrx_word' id='word_1_72' title='bbox 653 1135 711 1190; x_wconf 92' lang='lat' dir='ltr'><strong>in</strong></span> <span class='ocrx_word' id='word_1_73' title='bbox 744 1136 913 1206; x_wconf 90' lang='lat' dir='ltr'><strong>cujus</strong></span> <span class='ocrx_word' id='word_1_74' title='bbox 944 1135 1348 1207; x_wconf 87' lang='lat' dir='ltr'><strong>superioribus</strong></span> <span class='ocrx_word' id='word_1_75' title='bbox 1379 1134 1607 1190; x_wconf 54' lang='lat' dir='ltr'><strong>feminas</strong></span> <span class='ocrx_word' id='word_1_76' title='bbox 1640 1132 1860 1188; x_wconf 84' lang='lat' dir='ltr'><strong>debiles</strong></span> 
     </span>
    </p>
   </div>
   <div class='ocr_carea' id='block_1_12' title="bbox 210 1222 1859 1291">
    <p class='ocr_par' dir='ltr' id='par_1_12' title="bbox 210 1222 1859 1291">
     <span class='ocr_line' id='line_1_12' title="bbox 210 1222 1859 1291; baseline 0.001 -15"><span class='ocrx_word' id='word_1_77' title='bbox 210 1223 612 1291; x_wconf 81' lang='lat' dir='ltr'><strong>habebantur;</strong></span> <span class='ocrx_word' id='word_1_78' title='bbox 647 1224 705 1280; x_wconf 82' lang='lat' dir='ltr'><strong>in</strong></span> <span class='ocrx_word' id='word_1_79' title='bbox 738 1223 1113 1279; x_wconf 87' lang='lat' dir='ltr'><strong>inferioribus</strong></span> <span class='ocrx_word' id='word_1_80' title='bbox 1143 1229 1337 1279; x_wconf 86' lang='lat' dir='ltr'><strong>autem</strong></span> <span class='ocrx_word' id='word_1_81' title='bbox 1369 1223 1497 1277; x_wconf 90' lang='lat' dir='ltr'><strong>viri.</strong></span> <span class='ocrx_word' id='word_1_82' title='bbox 1534 1222 1636 1278; x_wconf 94' lang='lat' dir='ltr'><strong>Ubi</strong></span> <span class='ocrx_word' id='word_1_83' title='bbox 1666 1227 1859 1277; x_wconf 88' lang='lat' dir='ltr'><strong>autem</strong></span> 
     </span>
    </p>
   </div>
   <div class='ocr_carea' id='block_1_13' title="bbox 208 1312 1855 1385">
    <p class='ocr_par' dir='ltr' id='par_1_13' title="bbox 208 1312 1855 1385">
     <span class='ocr_line' id='line_1_13' title="bbox 208 1312 1855 1385; baseline -0.001 -18"><span class='ocrx_word' id='word_1_84' title='bbox 208 1329 341 1368; x_wconf 88' lang='lat' dir='ltr'><strong>cum</strong></span> <span class='ocrx_word' id='word_1_85' title='bbox 376 1328 447 1368; x_wconf 87' lang='lat' dir='ltr'><strong>ea</strong></span> <span class='ocrx_word' id='word_1_86' title='bbox 480 1312 636 1368; x_wconf 86' lang='lat' dir='ltr'><strong>intra</strong></span> <span class='ocrx_word' id='word_1_87' title='bbox 669 1312 889 1385; x_wconf 90' lang='lat' dir='ltr'><strong>primas</strong></span> <span class='ocrx_word' id='word_1_88' title='bbox 924 1315 1076 1369; x_wconf 88' lang='lat' dir='ltr'><strong>fores</strong></span> <span class='ocrx_word' id='word_1_89' title='bbox 1104 1314 1425 1384; x_wconf 85' lang='lat' dir='ltr'><strong>ingressus,</strong></span> <span class='ocrx_word' id='word_1_90' title='bbox 1460 1312 1603 1367; x_wconf 85' lang='lat' dir='ltr'><strong>dicit</strong></span> <span class='ocrx_word' id='word_1_91' title='bbox 1623 1312 1813 1367; x_wconf 90' lang='lat' dir='ltr'><strong>eidem</strong></span> <span class='ocrx_word' id='word_1_92' title='bbox 1844 1328 1855 1365; x_wconf 91' lang='lat'><strong>:</strong></span> 
     </span>
    </p>
   </div>
   <div class='ocr_carea' id='block_1_14' title="bbox 208 1400 1862 1474">
    <p class='ocr_par' dir='ltr' id='par_1_14' title="bbox 208 1400 1862 1474">
     <span class='ocr_line' id='line_1_14' title="bbox 208 1400 1862 1474; baseline 0.001 -20"><span class='ocrx_word' id='word_1_93' title='bbox 208 1402 351 1467; x_wconf 77' lang='lat' dir='ltr'><strong>Quid</strong></span> <span class='ocrx_word' id='word_1_94' title='bbox 381 1402 471 1457; x_wconf 85' lang='lat' dir='ltr'><strong>vis</strong></span> <span class='ocrx_word' id='word_1_95' title='bbox 494 1402 752 1473; x_wconf 91' lang='lat' dir='ltr'><strong>primum</strong></span> <span class='ocrx_word' id='word_1_96' title='bbox 778 1402 988 1468; x_wconf 82' lang='lat' dir='ltr'><strong>videro,</strong></span> <span class='ocrx_word' id='word_1_97' title='bbox 1011 1402 1358 1474; x_wconf 86' lang='lat' dir='ltr'><strong>hyacinthos</strong></span> <span class='ocrx_word' id='word_1_98' title='bbox 1380 1420 1450 1457; x_wconf 89' lang='lat' dir='ltr'><strong>an</strong></span> <span class='ocrx_word' id='word_1_99' title='bbox 1476 1400 1862 1471; x_wconf 79' lang='lat' dir='ltr'><strong>smaragdos?</strong></span> 
     </span>
    </p>
   </div>
   <div class='ocr_carea' id='block_1_15' title="bbox 205 1489 1859 1562">
    <p class='ocr_par' dir='ltr' id='par_1_15' title="bbox 205 1489 1859 1562">
     <span class='ocr_line' id='line_1_15' title="bbox 205 1489 1859 1562; baseline -0.001 -17"><span class='ocrx_word' id='word_1_100' title='bbox 205 1492 271 1546; x_wconf 84' lang='lat' dir='ltr'><strong>At</strong></span> <span class='ocrx_word' id='word_1_101' title='bbox 295 1490 398 1545; x_wconf 89' lang='lat' dir='ltr'><strong>illa</strong></span> <span class='ocrx_word' id='word_1_102' title='bbox 426 1508 439 1545; x_wconf 92' lang='lat'>:</span> <span class='ocrx_word' id='word_1_103' title='bbox 469 1492 632 1557; x_wconf 89' lang='lat' dir='ltr'><strong>Quod</strong></span> <span class='ocrx_word' id='word_1_104' title='bbox 654 1492 931 1561; x_wconf 88' lang='lat' dir='ltr'><strong>jusseris.</strong></span> <span class='ocrx_word' id='word_1_105' title='bbox 953 1492 1119 1546; x_wconf 90' lang='lat' dir='ltr'><strong>Ducit</strong></span> <span class='ocrx_word' id='word_1_106' title='bbox 1141 1492 1336 1562; x_wconf 80' lang='lat' dir='ltr'><strong>itaque</strong></span> <span class='ocrx_word' id='word_1_107' title='bbox 1354 1507 1482 1547; x_wconf 88' lang='lat' dir='ltr'><strong>eam</strong></span> <span class='ocrx_word' id='word_1_108' title='bbox 1506 1491 1575 1545; x_wconf 86' lang='lat' dir='ltr'><strong>ad</strong></span> <span class='ocrx_word' id='word_1_109' title='bbox 1600 1489 1859 1560; x_wconf 85' lang='lat' dir='ltr'><strong>superio-</strong></span> 
     </span>
    </p>
   </div>
   <div class='ocr_carea' id='block_1_16' title="bbox 208 1578 1859 1653">
    <p class='ocr_par' dir='ltr' id='par_1_16' title="bbox 208 1578 1859 1653">
     <span class='ocr_line' id='line_1_16' title="bbox 208 1578 1859 1653; baseline -0.002 -18"><span class='ocrx_word' id='word_1_110' title='bbox 208 1598 298 1637; x_wconf 87' lang='lat' dir='ltr'><strong>res</strong></span> <span class='ocrx_word' id='word_1_111' title='bbox 316 1582 540 1637; x_wconf 88' lang='lat' dir='ltr'><strong>domus</strong></span> <span class='ocrx_word' id='word_1_112' title='bbox 566 1587 785 1653; x_wconf 87' lang='lat' dir='ltr'><strong>partes,</strong></span> <span class='ocrx_word' id='word_1_113' title='bbox 804 1582 1179 1653; x_wconf 88' lang='lat' dir='ltr'><strong>ostenditque</strong></span> <span class='ocrx_word' id='word_1_114' title='bbox 1200 1582 1250 1636; x_wconf 89' lang='lat' dir='ltr'><strong>ei</strong></span> <span class='ocrx_word' id='word_1_115' title='bbox 1273 1581 1591 1637; x_wconf 86' lang='lat' dir='ltr'><strong>conscissis</strong></span> <span class='ocrx_word' id='word_1_116' title='bbox 1614 1578 1859 1635; x_wconf 80' lang='lat' dir='ltr'><strong>feminas</strong></span> 
     </span>
    </p>
   </div>
   <div class='ocr_carea' id='block_1_17' title="bbox 209 1668 1857 1740">
    <p class='ocr_par' dir='ltr' id='par_1_17' title="bbox 209 1668 1857 1740">
     <span class='ocr_line' id='line_1_17' title="bbox 209 1668 1857 1740; baseline -0.002 -14"><span class='ocrx_word' id='word_1_117' title='bbox 209 1672 517 1740; x_wconf 86' lang='lat' dir='ltr'><strong>membris,</strong></span> <span class='ocrx_word' id='word_1_118' title='bbox 538 1676 594 1727; x_wconf 91' lang='lat' dir='ltr'><strong>et</strong></span> <span class='ocrx_word' id='word_1_119' title='bbox 614 1670 877 1726; x_wconf 88' lang='lat' dir='ltr'><strong>vultibus</strong></span> <span class='ocrx_word' id='word_1_120' title='bbox 895 1672 1034 1727; x_wconf 91' lang='lat' dir='ltr'><strong>totis</strong></span> <span class='ocrx_word' id='word_1_121' title='bbox 1054 1672 1215 1727; x_wconf 74' lang='lat' dir='ltr'><strong>varia</strong></span> <span class='ocrx_word' id='word_1_122' title='bbox 1239 1670 1615 1727; x_wconf 89' lang='lat' dir='ltr'><strong>morbositate</strong></span> <span class='ocrx_word' id='word_1_123' title='bbox 1638 1668 1857 1724; x_wconf 85' lang='lat' dir='ltr'><strong>lacera-</strong></span> 
     </span>
    </p>
   </div>
   <div class='ocr_carea' id='block_1_18' title="bbox 206 1759 1857 1833">
    <p class='ocr_par' dir='ltr' id='par_1_18' title="bbox 206 1759 1857 1833">
     <span class='ocr_line' id='line_1_18' title="bbox 206 1759 1857 1833; baseline -0.001 -18"><span class='ocrx_word' id='word_1_124' title='bbox 206 1762 518 1830; x_wconf 87' lang='lat' dir='ltr'><strong>tis,dicens</strong></span> <span class='ocrx_word' id='word_1_125' title='bbox 541 1762 612 1815; x_wconf 89' lang='lat' dir='ltr'><strong>ad</strong></span> <span class='ocrx_word' id='word_1_126' title='bbox 633 1776 780 1816; x_wconf 88' lang='lat' dir='ltr'><strong>eam:</strong></span> <span class='ocrx_word' id='word_1_127' title='bbox 807 1760 910 1817; x_wconf 86' lang='lat' dir='ltr'><strong>Isti</strong></span> <span class='ocrx_word' id='word_1_128' title='bbox 933 1766 1073 1816; x_wconf 91' lang='lat' dir='ltr'><strong>sunt</strong></span> <span class='ocrx_word' id='word_1_129' title='bbox 1092 1759 1594 1833; x_wconf 70' lang='lat' dir='ltr'><strong>HylacinthiJnde</strong></span> <span class='ocrx_word' id='word_1_130' title='bbox 1616 1760 1857 1814; x_wconf 86' lang='lat' dir='ltr'><strong>descen-</strong></span> 
     </span>
    </p>
   </div>
   <div class='ocr_carea' id='block_1_19' title="bbox 205 1848 1853 1918">
    <p class='ocr_par' dir='ltr' id='par_1_19' title="bbox 205 1848 1853 1918">
     <span class='ocr_line' id='line_1_19' title="bbox 205 1848 1853 1918; baseline -0.002 -14"><span class='ocrx_word' id='word_1_131' title='bbox 205 1850 366 1918; x_wconf 87' lang='lat' dir='ltr'><strong>dens,</strong></span> <span class='ocrx_word' id='word_1_132' title='bbox 385 1850 649 1906; x_wconf 88' lang='lat' dir='ltr'><strong>ostendit</strong></span> <span class='ocrx_word' id='word_1_133' title='bbox 669 1851 719 1905; x_wconf 90' lang='lat' dir='ltr'><strong>ei</strong></span> <span class='ocrx_word' id='word_1_134' title='bbox 745 1850 971 1905; x_wconf 90' lang='lat' dir='ltr'><strong>similes</strong></span> <span class='ocrx_word' id='word_1_135' title='bbox 992 1850 1049 1905; x_wconf 90' lang='lat' dir='ltr'><strong>in</strong></span> <span class='ocrx_word' id='word_1_136' title='bbox 1073 1850 1446 1906; x_wconf 88' lang='lat' dir='ltr'><strong>inferioribus</strong></span> <span class='ocrx_word' id='word_1_137' title='bbox 1465 1850 1639 1917; x_wconf 91' lang='lat' dir='ltr'><strong>viros,</strong></span> <span class='ocrx_word' id='word_1_138' title='bbox 1664 1852 1721 1903; x_wconf 92' lang='lat' dir='ltr'><strong>et</strong></span> <span class='ocrx_word' id='word_1_139' title='bbox 1743 1848 1853 1902; x_wconf 89' lang='lat' dir='ltr'><strong>ait:</strong></span> 
     </span>
    </p>
   </div>
   <div class='ocr_carea' id='block_1_20' title="bbox 1972 597 3624 671">
    <p class='ocr_par' dir='ltr' id='par_1_20' title="bbox 1972 597 3624 671">
     <span class='ocr_line' id='line_1_20' title="bbox 1972 597 3624 671; baseline 0.008 -22"><span class='ocrx_word' id='word_1_140' title='bbox 1972 599 2123 661; x_wconf 90' lang='lat' dir='ltr'><strong>sent,</strong></span> <span class='ocrx_word' id='word_1_141' title='bbox 2158 600 2513 652; x_wconf 88' lang='lat' dir='ltr'><strong>memoratas</strong></span> <span class='ocrx_word' id='word_1_142' title='bbox 2564 597 2980 670; x_wconf 89' lang='lat' dir='ltr'><strong>amplectentes</strong></span> <span class='ocrx_word' id='word_1_143' title='bbox 3031 602 3291 671; x_wconf 86' lang='lat' dir='ltr'><strong>arbores,</strong></span> <span class='ocrx_word' id='word_1_144' title='bbox 3330 608 3387 659; x_wconf 87' lang='lat' dir='ltr'><strong>et</strong></span> <span class='ocrx_word' id='word_1_145' title='bbox 3435 611 3624 662; x_wconf 84' lang='lat' dir='ltr'><strong>certas</strong></span> 
     </span>
    </p>
   </div>
   <div class='ocr_carea' id='block_1_21' title="bbox 1971 686 3621 760">
    <p class='ocr_par' dir='ltr' id='par_1_21' title="bbox 1971 686 3621 760">
     <span class='ocr_line' id='line_1_21' title="bbox 1971 686 3621 760; baseline 0.008 -21"><span class='ocrx_word' id='word_1_146' title='bbox 1971 689 2132 757; x_wconf 89' lang='lat' dir='ltr'><strong>terga</strong></span> <span class='ocrx_word' id='word_1_147' title='bbox 2164 686 2520 759; x_wconf 88' lang='lat' dir='ltr'><strong>accipientes</strong></span> <span class='ocrx_word' id='word_1_148' title='bbox 2556 688 2759 760; x_wconf 81' lang='lat' dir='ltr'><strong>plagas</strong></span> <span class='ocrx_word' id='word_1_149' title='bbox 2804 690 3277 749; x_wconf 84' lang='lat' dir='ltr'><strong>dimittebantur.</strong></span> <span class='ocrx_word' id='word_1_150' title='bbox 3312 696 3413 751; x_wconf 86' lang='lat' dir='ltr'><strong>Est</strong></span> <span class='ocrx_word' id='word_1_151' title='bbox 3444 696 3621 752; x_wconf 88' lang='lat' dir='ltr'><strong>etiam</strong></span> 
     </span>
    </p>
   </div>
   <div class='ocr_carea' id='block_1_22' title="bbox 1970 777 3621 858">
    <p class='ocr_par' dir='ltr' id='par_1_22' title="bbox 1970 777 3621 858">
     <span class='ocr_line' id='line_1_22' title="bbox 1970 777 3621 858; baseline 0.007 -28"><span class='ocrx_word' id='word_1_152' title='bbox 1970 777 2121 831; x_wconf 88' lang='lat' dir='ltr'><strong>circa</strong></span> <span class='ocrx_word' id='word_1_153' title='bbox 2139 778 2321 849; x_wconf 87' lang='lat' dir='ltr'><strong>ipsam</strong></span> <span class='ocrx_word' id='word_1_154' title='bbox 2342 779 2650 835; x_wconf 86' lang='lat' dir='ltr'><strong>ecclesiam</strong></span> <span class='ocrx_word' id='word_1_155' title='bbox 2670 780 3172 854; x_wconf 88' lang='lat' dir='ltr'><strong>cella,suscipiens</strong></span> <span class='ocrx_word' id='word_1_156' title='bbox 3193 786 3531 858; x_wconf 87' lang='lat' dir='ltr'><strong>peregrinos</strong></span> <span class='ocrx_word' id='word_1_157' title='bbox 3554 805 3621 843; x_wconf 88' lang='lat' dir='ltr'><strong>ac</strong></span> 
     </span>
    </p>
   </div>
   <div class='ocr_carea' id='block_1_23' title="bbox 1970 868 3617 945">
    <p class='ocr_par' dir='ltr' id='par_1_23' title="bbox 1970 868 3617 945">
     <span class='ocr_line' id='line_1_23' title="bbox 1970 868 3617 945; baseline 0.009 -26"><span class='ocrx_word' id='word_1_158' title='bbox 1970 882 2252 937; x_wconf 85' lang='lat' dir='ltr'><strong>pauperes</strong></span> <span class='ocrx_word' id='word_1_159' title='bbox 2286 868 2527 925; x_wconf 81' lang='lat' dir='ltr'><strong>fratres:</strong></span> <span class='ocrx_word' id='word_1_160' title='bbox 2568 870 2627 924; x_wconf 90' lang='lat' dir='ltr'><strong>in</strong></span> <span class='ocrx_word' id='word_1_161' title='bbox 2662 888 2777 941; x_wconf 90' lang='lat' dir='ltr'><strong>qua</strong></span> <span class='ocrx_word' id='word_1_162' title='bbox 2808 888 2941 927; x_wconf 90' lang='lat' dir='ltr'><strong>cum</strong></span> <span class='ocrx_word' id='word_1_163' title='bbox 2975 875 3301 945; x_wconf 87' lang='lat' dir='ltr'><strong>acceperint</strong></span> <span class='ocrx_word' id='word_1_164' title='bbox 3336 877 3617 933; x_wconf 88' lang='lat' dir='ltr'><strong>advenam</strong></span> 
     </span>
    </p>
   </div>
   <div class='ocr_carea' id='block_1_24' title="bbox 1971 954 3624 1038">
    <p class='ocr_par' dir='ltr' id='par_1_24' title="bbox 1971 954 3624 1038">
     <span class='ocr_line' id='line_1_24' title="bbox 1971 954 3624 1038; baseline 0.008 -30"><span class='ocrx_word' id='word_1_165' title='bbox 1971 954 2311 1025; x_wconf 87' lang='lat' dir='ltr'><strong>quemlibet,</strong></span> <span class='ocrx_word' id='word_1_166' title='bbox 2334 974 2434 1028; x_wconf 91' lang='lat' dir='ltr'><strong>per</strong></span> <span class='ocrx_word' id='word_1_167' title='bbox 2450 963 2677 1013; x_wconf 82' lang='lat' dir='ltr'><strong>tantum</strong></span> <span class='ocrx_word' id='word_1_168' title='bbox 2699 959 2815 1015; x_wconf 89' lang='lat' dir='ltr'><strong>illic</strong></span> <span class='ocrx_word' id='word_1_169' title='bbox 2834 966 3064 1032; x_wconf 90' lang='lat' dir='ltr'><strong>tempus</strong></span> <span class='ocrx_word' id='word_1_170' title='bbox 3085 962 3272 1030; x_wconf 87' lang='lat' dir='ltr'><strong>alunt,</strong></span> <span class='ocrx_word' id='word_1_171' title='bbox 3294 966 3475 1021; x_wconf 90' lang='lat' dir='ltr'><strong>donec</strong></span> <span class='ocrx_word' id='word_1_172' title='bbox 3500 966 3624 1038; x_wconf 81' lang='lat' dir='ltr'><strong>ipse</strong></span> 
     </span>
    </p>
   </div>
   <div class='ocr_carea' id='block_1_25' title="bbox 1972 1046 3623 1121">
    <p class='ocr_par' dir='ltr' id='par_1_25' title="bbox 1972 1046 3623 1121">
     <span class='ocr_line' id='line_1_25' title="bbox 1972 1046 3623 1121; baseline 0.008 -24"><span class='ocrx_word' id='word_1_173' title='bbox 1972 1046 2206 1117; x_wconf 87' lang='lat' dir='ltr'><strong>prepria</strong></span> <span class='ocrx_word' id='word_1_174' title='bbox 2232 1046 2532 1103; x_wconf 87' lang='lat' dir='ltr'><strong>voluntate</strong></span> <span class='ocrx_word' id='word_1_175' title='bbox 2564 1050 2846 1121; x_wconf 87' lang='lat' dir='ltr'><strong>discedat,</strong></span> <span class='ocrx_word' id='word_1_176' title='bbox 2880 1050 3115 1107; x_wconf 89' lang='lat' dir='ltr'><strong>biennio</strong></span> <span class='ocrx_word' id='word_1_177' title='bbox 3166 1071 3230 1109; x_wconf 87' lang='lat' dir='ltr'><strong>ac</strong></span> <span class='ocrx_word' id='word_1_178' title='bbox 3262 1055 3539 1121; x_wconf 88' lang='lat' dir='ltr'><strong>triennio,</strong></span> <span class='ocrx_word' id='word_1_179' title='bbox 3572 1057 3623 1111; x_wconf 92' lang='lat' dir='ltr'><strong>si</strong></span> 
     </span>
    </p>
   </div>
   <div class='ocr_carea' id='block_1_26' title="bbox 1969 1132 3625 1212">
    <p class='ocr_par' dir='ltr' id='par_1_26' title="bbox 1969 1132 3625 1212">
     <span class='ocr_line' id='line_1_26' title="bbox 1969 1132 3625 1212; baseline 0.008 -26"><span class='ocrx_word' id='word_1_180' title='bbox 1969 1132 2215 1188; x_wconf 91' lang='lat' dir='ltr'><strong>voluerit</strong></span> <span class='ocrx_word' id='word_1_181' title='bbox 2247 1136 2401 1205; x_wconf 83' lang='lat' dir='ltr'><strong>quis,</strong></span> <span class='ocrx_word' id='word_1_182' title='bbox 2438 1137 2557 1192; x_wconf 90' lang='lat' dir='ltr'><strong>illic</strong></span> <span class='ocrx_word' id='word_1_183' title='bbox 2591 1155 2828 1194; x_wconf 90' lang='lat' dir='ltr'><strong>manere</strong></span> <span class='ocrx_word' id='word_1_184' title='bbox 2860 1156 2974 1194; x_wconf 91' lang='lat' dir='ltr'><strong>non</strong></span> <span class='ocrx_word' id='word_1_185' title='bbox 3010 1142 3406 1212; x_wconf 87' lang='lat' dir='ltr'><strong>prohibentes.</strong></span> <span class='ocrx_word' id='word_1_186' title='bbox 3439 1143 3625 1199; x_wconf 84' lang='lat' dir='ltr'><strong>Unius</strong></span> 
     </span>
    </p>
   </div>
   <div class='ocr_carea' id='block_1_27' title="bbox 1971 1224 3621 1301">
    <p class='ocr_par' dir='ltr' id='par_1_27' title="bbox 1971 1224 3621 1301">
     <span class='ocr_line' id='line_1_27' title="bbox 1971 1224 3621 1301; baseline 0.007 -26"><span class='ocrx_word' id='word_1_187' title='bbox 1971 1228 2165 1275; x_wconf 88' lang='lat' dir='ltr'><strong>autem</strong></span> <span class='ocrx_word' id='word_1_188' title='bbox 2188 1224 2532 1294; x_wconf 72' lang='lat' dir='ltr'><strong>septimanae</strong></span> <span class='ocrx_word' id='word_1_189' title='bbox 2564 1242 2631 1280; x_wconf 86' lang='lat' dir='ltr'><strong>ex</strong></span> <span class='ocrx_word' id='word_1_190' title='bbox 2661 1243 2776 1297; x_wconf 94' lang='lat' dir='ltr'><strong>quo</strong></span> <span class='ocrx_word' id='word_1_191' title='bbox 2802 1227 3135 1292; x_wconf 89' lang='lat' dir='ltr'><strong>venisset,ei</strong></span> <span class='ocrx_word' id='word_1_192' title='bbox 3161 1230 3343 1284; x_wconf 91' lang='lat' dir='ltr'><strong>otium</strong></span> <span class='ocrx_word' id='word_1_193' title='bbox 3378 1231 3621 1301; x_wconf 88' lang='lat' dir='ltr'><strong>dabant,</strong></span> 
     </span>
    </p>
   </div>
   <div class='ocr_carea' id='block_1_28' title="bbox 1968 1309 3623 1389">
    <p class='ocr_par' dir='ltr' id='par_1_28' title="bbox 1968 1309 3623 1389">
     <span class='ocr_line' id='line_1_28' title="bbox 1968 1309 3623 1389; baseline 0.008 -26"><span class='ocrx_word' id='word_1_194' title='bbox 1968 1309 2224 1381; x_wconf 89' lang='lat' dir='ltr'><strong>reliquos</strong></span> <span class='ocrx_word' id='word_1_195' title='bbox 2246 1328 2379 1368; x_wconf 87' lang='lat' dir='ltr'><strong>vero</strong></span> <span class='ocrx_word' id='word_1_196' title='bbox 2406 1314 2531 1370; x_wconf 89' lang='lat' dir='ltr'><strong>dies</strong></span> <span class='ocrx_word' id='word_1_197' title='bbox 2557 1316 2950 1387; x_wconf 89' lang='lat' dir='ltr'><strong>quodcunque</strong></span> <span class='ocrx_word' id='word_1_198' title='bbox 2972 1334 3121 1389; x_wconf 92' lang='lat' dir='ltr'><strong>opus</strong></span> <span class='ocrx_word' id='word_1_199' title='bbox 3140 1321 3412 1375; x_wconf 90' lang='lat' dir='ltr'><strong>eumdem</strong></span> <span class='ocrx_word' id='word_1_200' title='bbox 3437 1322 3623 1378; x_wconf 90' lang='lat' dir='ltr'><strong>facere</strong></span> 
     </span>
    </p>
   </div>
   <div class='ocr_carea' id='block_1_29' title="bbox 1968 1403 3625 1479">
    <p class='ocr_par' dir='ltr' id='par_1_29' title="bbox 1968 1403 3625 1479">
     <span class='ocr_line' id='line_1_29' title="bbox 1968 1403 3625 1479; baseline 0.007 -26"><span class='ocrx_word' id='word_1_201' title='bbox 1968 1403 2285 1471; x_wconf 89' lang='lat' dir='ltr'><strong>cogebant;</strong></span> <span class='ocrx_word' id='word_1_202' title='bbox 2332 1403 2806 1476; x_wconf 88' lang='lat' dir='ltr'><strong>deputabantque</strong></span> <span class='ocrx_word' id='word_1_203' title='bbox 2856 1422 2990 1461; x_wconf 89' lang='lat' dir='ltr'><strong>eum</strong></span> <span class='ocrx_word' id='word_1_204' title='bbox 3040 1412 3143 1462; x_wconf 89' lang='lat' dir='ltr'><strong>aut</strong></span> <span class='ocrx_word' id='word_1_205' title='bbox 3192 1408 3477 1479; x_wconf 90' lang='lat' dir='ltr'><strong>pistrinis,</strong></span> <span class='ocrx_word' id='word_1_206' title='bbox 3521 1414 3625 1465; x_wconf 91' lang='lat' dir='ltr'><strong>aut</strong></span> 
     </span>
    </p>
   </div>
   <div class='ocr_carea' id='block_1_30' title="bbox 1969 1486 3622 1570">
    <p class='ocr_par' dir='ltr' id='par_1_30' title="bbox 1969 1486 3622 1570">
     <span class='ocr_line' id='line_1_30' title="bbox 1969 1486 3622 1570; baseline 0.008 -29"><span class='ocrx_word' id='word_1_207' title='bbox 1969 1486 2239 1558; x_wconf 90' lang='lat' dir='ltr'><strong>hortulis,</strong></span> <span class='ocrx_word' id='word_1_208' title='bbox 2272 1496 2373 1546; x_wconf 90' lang='lat' dir='ltr'><strong>aut</strong></span> <span class='ocrx_word' id='word_1_209' title='bbox 2412 1493 2700 1564; x_wconf 90' lang='lat' dir='ltr'><strong>coquinis.</strong></span> <span class='ocrx_word' id='word_1_210' title='bbox 2735 1495 2792 1549; x_wconf 91' lang='lat' dir='ltr'><strong>Si</strong></span> <span class='ocrx_word' id='word_1_211' title='bbox 2836 1499 3028 1549; x_wconf 88' lang='lat' dir='ltr'><strong>autem</strong></span> <span class='ocrx_word' id='word_1_212' title='bbox 3071 1496 3371 1552; x_wconf 85' lang='lat' dir='ltr'><strong>honestior</strong></span> <span class='ocrx_word' id='word_1_213' title='bbox 3401 1498 3622 1570; x_wconf 88' lang='lat' dir='ltr'><strong>aliquis</strong></span> 
     </span>
    </p>
   </div>
   <div class='ocr_carea' id='block_1_31' title="bbox 1971 1578 3621 1656">
    <p class='ocr_par' dir='ltr' id='par_1_31' title="bbox 1971 1578 3621 1656">
     <span class='ocr_line' id='line_1_31' title="bbox 1971 1578 3621 1656; baseline 0.007 -26"><span class='ocrx_word' id='word_1_214' title='bbox 1971 1578 2286 1651; x_wconf 90' lang='lat' dir='ltr'><strong>minusque</strong></span> <span class='ocrx_word' id='word_1_215' title='bbox 2318 1586 2492 1653; x_wconf 91' lang='lat' dir='ltr'><strong>aptus</strong></span> <span class='ocrx_word' id='word_1_216' title='bbox 2519 1583 2855 1652; x_wconf 89' lang='lat' dir='ltr'><strong>hujusmodi</strong></span> <span class='ocrx_word' id='word_1_217' title='bbox 2889 1586 3165 1656; x_wconf 91' lang='lat' dir='ltr'><strong>operibus</strong></span> <span class='ocrx_word' id='word_1_218' title='bbox 3200 1587 3514 1654; x_wconf 89' lang='lat' dir='ltr'><strong>videretur,</strong></span> <span class='ocrx_word' id='word_1_219' title='bbox 3541 1588 3621 1642; x_wconf 87' lang='lat' dir='ltr'><strong>le-</strong></span> 
     </span>
    </p>
   </div>
   <div class='ocr_carea' id='block_1_32' title="bbox 1967 1667 3623 1746">
    <p class='ocr_par' dir='ltr' id='par_1_32' title="bbox 1967 1667 3623 1746">
     <span class='ocr_line' id='line_1_32' title="bbox 1967 1667 3623 1746; baseline 0.007 -27"><span class='ocrx_word' id='word_1_220' title='bbox 1967 1667 2225 1736; x_wconf 90' lang='lat' dir='ltr'><strong>gendum</strong></span> <span class='ocrx_word' id='word_1_221' title='bbox 2248 1669 2298 1722; x_wconf 89' lang='lat' dir='ltr'><strong>ei</strong></span> <span class='ocrx_word' id='word_1_222' title='bbox 2326 1670 2593 1726; x_wconf 88' lang='lat' dir='ltr'><strong>Codicem</strong></span> <span class='ocrx_word' id='word_1_223' title='bbox 2618 1673 3188 1744; x_wconf 87' lang='lat' dir='ltr'><strong>dahant,omnesque</strong></span> <span class='ocrx_word' id='word_1_224' title='bbox 3221 1692 3408 1746; x_wconf 90' lang='lat' dir='ltr'><strong>usque</strong></span> <span class='ocrx_word' id='word_1_225' title='bbox 3431 1676 3487 1731; x_wconf 92' lang='lat' dir='ltr'><strong>in</strong></span> <span class='ocrx_word' id='word_1_226' title='bbox 3512 1676 3623 1732; x_wconf 88' lang='lat' dir='ltr'><strong>ho-</strong></span> 
     </span>
    </p>
   </div>
   <div class='ocr_carea' id='block_1_33' title="bbox 1969 1762 3623 1837">
    <p class='ocr_par' dir='ltr' id='par_1_33' title="bbox 1969 1762 3623 1837">
     <span class='ocr_line' id='line_1_33' title="bbox 1969 1762 3623 1837; baseline 0.008 -29"><span class='ocrx_word' id='word_1_227' title='bbox 1969 1772 2092 1809; x_wconf 89' lang='lat' dir='ltr'><strong>ram</strong></span> <span class='ocrx_word' id='word_1_228' title='bbox 2111 1763 2333 1814; x_wconf 82' lang='lat' dir='ltr'><strong>sextam</strong></span> <span class='ocrx_word' id='word_1_229' title='bbox 2351 1777 2384 1815; x_wconf 91' lang='lat' dir='ltr'><strong>a</strong></span> <span class='ocrx_word' id='word_1_230' title='bbox 2401 1768 2715 1833; x_wconf 90' lang='lat' dir='ltr'><strong>conspectu</strong></span> <span class='ocrx_word' id='word_1_231' title='bbox 2732 1762 3471 1833; x_wconf 85' lang='lat' dir='ltr'><strong>ipsiusetconfabulatione</strong></span> <span class='ocrx_word' id='word_1_232' title='bbox 3494 1783 3623 1837; x_wconf 91' lang='lat' dir='ltr'><strong>pro-</strong></span> 
     </span>
    </p>
   </div>
   <div class='ocr_carea' id='block_1_34' title="bbox 1968 1843 3623 1923">
    <p class='ocr_par' dir='ltr' id='par_1_34' title="bbox 1968 1843 3623 1923">
     <span class='ocr_line' id='line_1_34' title="bbox 1968 1843 3623 1923; baseline 0.008 -25"><span class='ocrx_word' id='word_1_233' title='bbox 1968 1843 2334 1902; x_wconf 89' lang='lat' dir='ltr'><strong>hibebant.ln</strong></span> <span class='ocrx_word' id='word_1_234' title='bbox 2350 1849 2459 1904; x_wconf 93' lang='lat' dir='ltr'><strong>hoc</strong></span> <span class='ocrx_word' id='word_1_235' title='bbox 2476 1855 2669 1906; x_wconf 90' lang='lat' dir='ltr'><strong>monte</strong></span> <span class='ocrx_word' id='word_1_236' title='bbox 2692 1855 2747 1905; x_wconf 90' lang='lat' dir='ltr'><strong>et</strong></span> <span class='ocrx_word' id='word_1_237' title='bbox 2764 1851 3104 1923; x_wconf 89' lang='lat' dir='ltr'><strong>placentarii</strong></span> <span class='ocrx_word' id='word_1_238' title='bbox 3124 1853 3623 1911; x_wconf 84' lang='lat' dir='ltr'><strong>habenturetme-</strong></span> 
     </span>
    </p>
   </div>
   <div class='ocr_carea' id='block_1_35' title="bbox 206 1912 3621 2011">
    <p class='ocr_par' dir='ltr' id='par_1_35' title="bbox 206 1912 3621 2011">
     <span class='ocr_line' id='line_1_35' title="bbox 206 1912 3621 2011; baseline 0.001 -17"><span class='ocrx_word' id='word_1_239' title='bbox 206 1939 299 1995; x_wconf 88' lang='lat' dir='ltr'><strong>Isti</strong></span> <span class='ocrx_word' id='word_1_240' title='bbox 321 1912 471 1995; x_wconf 81' lang='lat' dir='ltr'><strong>sunt</strong></span> <span class='ocrx_word' id='word_1_241' title='bbox 491 1939 786 2011; x_wconf 86' lang='lat' dir='ltr'><strong>smaragdi</strong></span> <span class='ocrx_word' id='word_1_242' title='bbox 815 1957 827 1995; x_wconf 92' lang='lat'>:</span> <span class='ocrx_word' id='word_1_243' title='bbox 858 1940 905 1995; x_wconf 91' lang='lat' dir='ltr'><strong>si</strong></span> <span class='ocrx_word' id='word_1_244' title='bbox 933 1939 1162 2010; x_wconf 86' lang='lat' dir='ltr'><strong>placent</strong></span> <span class='ocrx_word' id='word_1_245' title='bbox 1182 1940 1310 2005; x_wconf 91' lang='lat' dir='ltr'><strong>tibi,</strong></span> <span class='ocrx_word' id='word_1_246' title='bbox 1345 1940 1501 2011; x_wconf 90' lang='lat' dir='ltr'><strong>ipsos</strong></span> <span class='ocrx_word' id='word_1_247' title='bbox 1524 1912 1855 1993; x_wconf 81' lang='lat' dir='ltr'><strong>considera:</strong></span> <span class='ocrx_word' id='word_1_248' title='bbox 1892 1912 1936 1972; x_wconf 78' lang='grc' dir='ltr'><strong>Β</strong></span> <span class='ocrx_word' id='word_1_249' title='bbox 1966 1933 2100 1988; x_wconf 79' lang='lat' dir='ltr'><strong>dici.</strong></span> <span class='ocrx_word' id='word_1_250' title='bbox 2126 1935 2381 1993; x_wconf 86' lang='lat' dir='ltr'><strong>Utuntur</strong></span> <span class='ocrx_word' id='word_1_251' title='bbox 2402 1912 2809 2011; x_wconf 78' lang='lat' dir='ltr'><strong>quoquevino;</strong></span> <span class='ocrx_word' id='word_1_252' title='bbox 2836 1958 2969 1996; x_wconf 91' lang='lat' dir='ltr'><strong>nam</strong></span> <span class='ocrx_word' id='word_1_253' title='bbox 2998 1940 3117 1996; x_wconf 93' lang='lat' dir='ltr'><strong>illic</strong></span> <span class='ocrx_word' id='word_1_254' title='bbox 3141 1942 3318 1997; x_wconf 86' lang='lat' dir='ltr'><strong>etiam</strong></span> <span class='ocrx_word' id='word_1_255' title='bbox 3344 1943 3477 1998; x_wconf 81' lang='lat' dir='ltr'><strong>vina</strong></span> <span class='ocrx_word' id='word_1_256' title='bbox 3492 1961 3621 1999; x_wconf 84' lang='lat' dir='ltr'><strong>ven-</strong></span> 
     </span>
    </p>
   </div>
   <div class='ocr_carea' id='block_1_36' title="bbox 205 2030 1863 2102">
    <p class='ocr_par' dir='ltr' id='par_1_36' title="bbox 205 2030 1863 2102">
     <span class='ocr_line' id='line_1_36' title="bbox 205 2030 1863 2102; baseline -0.001 -17"><span class='ocrx_word' id='word_1_257' title='bbox 205 2031 287 2085; x_wconf 87' lang='lat' dir='ltr'><strong>sin</strong></span> <span class='ocrx_word' id='word_1_258' title='bbox 306 2030 536 2097; x_wconf 87' lang='lat' dir='ltr'><strong>minus,</strong></span> <span class='ocrx_word' id='word_1_259' title='bbox 554 2048 761 2086; x_wconf 89' lang='lat' dir='ltr'><strong>aurum</strong></span> <span class='ocrx_word' id='word_1_260' title='bbox 780 2030 970 2102; x_wconf 89' lang='lat' dir='ltr'><strong>recipe</strong></span> <span class='ocrx_word' id='word_1_261' title='bbox 988 2031 1143 2101; x_wconf 93' lang='lat' dir='ltr'><strong>quod</strong></span> <span class='ocrx_word' id='word_1_262' title='bbox 1158 2030 1393 2085; x_wconf 88' lang='lat' dir='ltr'><strong>dedisti.</strong></span> <span class='ocrx_word' id='word_1_263' title='bbox 1412 2030 1612 2100; x_wconf 86' lang='lat' dir='ltr'><strong>Itaque</strong></span> <span class='ocrx_word' id='word_1_264' title='bbox 1627 2044 1863 2100; x_wconf 84' lang='lat' dir='ltr'><strong>egressa</strong></span> 
     </span>
    </p>
   </div>
   <div class='ocr_carea' id='block_1_37' title="bbox 206 2118 1861 2190">
    <p class='ocr_par' dir='ltr' id='par_1_37' title="bbox 206 2118 1861 2190">
     <span class='ocr_line' id='line_1_37' title="bbox 206 2118 1861 2190; baseline -0.002 -16"><span class='ocrx_word' id='word_1_265' title='bbox 206 2125 289 2175; x_wconf 87' lang='lat' dir='ltr'><strong>est</strong></span> <span class='ocrx_word' id='word_1_266' title='bbox 308 2120 588 2187; x_wconf 87' lang='lat' dir='ltr'><strong>domum,</strong></span> <span class='ocrx_word' id='word_1_267' title='bbox 614 2119 793 2175; x_wconf 89' lang='lat' dir='ltr'><strong>nimio</strong></span> <span class='ocrx_word' id='word_1_268' title='bbox 822 2120 1032 2174; x_wconf 91' lang='lat' dir='ltr'><strong>rubore</strong></span> <span class='ocrx_word' id='word_1_269' title='bbox 1050 2120 1312 2188; x_wconf 89' lang='lat' dir='ltr'><strong>confusa,</strong></span> <span class='ocrx_word' id='word_1_270' title='bbox 1341 2124 1394 2173; x_wconf 90' lang='lat' dir='ltr'><strong>et</strong></span> <span class='ocrx_word' id='word_1_271' title='bbox 1422 2118 1743 2190; x_wconf 90' lang='lat' dir='ltr'><strong>plurimum</strong></span> <span class='ocrx_word' id='word_1_272' title='bbox 1765 2118 1861 2171; x_wconf 89' lang='lat' dir='ltr'><strong>tri-</strong></span> 
     </span>
    </p>
   </div>
   <div class='ocr_carea' id='block_1_38' title="bbox 206 2207 1859 2280">
    <p class='ocr_par' dir='ltr' id='par_1_38' title="bbox 206 2207 1859 2280">
     <span class='ocr_line' id='line_1_38' title="bbox 206 2207 1859 2280; baseline -0.001 -17"><span class='ocrx_word' id='word_1_273' title='bbox 206 2209 328 2275; x_wconf 83' lang='lat' dir='ltr'><strong>stis,</strong></span> <span class='ocrx_word' id='word_1_274' title='bbox 364 2211 513 2280; x_wconf 87' lang='lat' dir='ltr'><strong>quia</strong></span> <span class='ocrx_word' id='word_1_275' title='bbox 553 2209 775 2264; x_wconf 90' lang='lat' dir='ltr'><strong>videret</strong></span> <span class='ocrx_word' id='word_1_276' title='bbox 804 2226 866 2263; x_wconf 83' lang='lat' dir='ltr'><strong>se</strong></span> <span class='ocrx_word' id='word_1_277' title='bbox 908 2208 1008 2263; x_wconf 91' lang='lat' dir='ltr'><strong>illa</strong></span> <span class='ocrx_word' id='word_1_278' title='bbox 1052 2207 1306 2264; x_wconf 88' lang='lat' dir='ltr'><strong>voluisse</strong></span> <span class='ocrx_word' id='word_1_279' title='bbox 1346 2208 1534 2264; x_wconf 89' lang='lat' dir='ltr'><strong>facere</strong></span> <span class='ocrx_word' id='word_1_280' title='bbox 1576 2223 1703 2278; x_wconf 65' lang='lat' dir='ltr'><strong>quae</strong></span> <span class='ocrx_word' id='word_1_281' title='bbox 1748 2210 1859 2261; x_wconf 92' lang='lat' dir='ltr'><strong>Deo</strong></span> 
     </span>
    </p>
   </div>
   <div class='ocr_carea' id='block_1_39' title="bbox 204 2294 1857 2370">
    <p class='ocr_par' dir='ltr' id='par_1_39' title="bbox 204 2294 1857 2370">
     <span class='ocr_line' id='line_1_39' title="bbox 204 2294 1857 2370; baseline -0.002 -18"><span class='ocrx_word' id='word_1_282' title='bbox 204 2298 433 2368; x_wconf 85' lang='lat' dir='ltr'><strong>placere</strong></span> <span class='ocrx_word' id='word_1_283' title='bbox 458 2314 573 2353; x_wconf 92' lang='lat' dir='ltr'><strong>non</strong></span> <span class='ocrx_word' id='word_1_284' title='bbox 595 2303 854 2370; x_wconf 88' lang='lat' dir='ltr'><strong>possent.</strong></span> <span class='ocrx_word' id='word_1_285' title='bbox 876 2298 1125 2369; x_wconf 85' lang='lat' dir='ltr'><strong>Moxque</strong></span> <span class='ocrx_word' id='word_1_286' title='bbox 1146 2297 1555 2369; x_wconf 68' lang='lat' dir='ltr'><strong>mgritudinem</strong></span> <span class='ocrx_word' id='word_1_287' title='bbox 1588 2294 1857 2365; x_wconf 87' lang='lat' dir='ltr'><strong>incurrit,</strong></span> 
     </span>
    </p>
   </div>
   <div class='ocr_carea' id='block_1_40' title="bbox 206 2386 1858 2454">
    <p class='ocr_par' dir='ltr' id='par_1_40' title="bbox 206 2386 1858 2454">
     <span class='ocr_line' id='line_1_40' title="bbox 206 2386 1858 2454; baseline -0.002 -12"><span class='ocrx_word' id='word_1_288' title='bbox 206 2394 263 2442; x_wconf 89' lang='lat' dir='ltr'><strong>ut</strong></span> <span class='ocrx_word' id='word_1_289' title='bbox 289 2387 506 2454; x_wconf 89' lang='lat' dir='ltr'><strong>rediit;</strong></span> <span class='ocrx_word' id='word_1_290' title='bbox 546 2404 659 2442; x_wconf 90' lang='lat' dir='ltr'><strong>non</strong></span> <span class='ocrx_word' id='word_1_291' title='bbox 681 2386 838 2443; x_wconf 90' lang='lat' dir='ltr'><strong>enim</strong></span> <span class='ocrx_word' id='word_1_292' title='bbox 871 2387 979 2442; x_wconf 91' lang='lat' dir='ltr'><strong>hoc</strong></span> <span class='ocrx_word' id='word_1_293' title='bbox 1011 2388 1337 2443; x_wconf 89' lang='lat' dir='ltr'><strong>secundum</strong></span> <span class='ocrx_word' id='word_1_294' title='bbox 1387 2386 1488 2442; x_wconf 90' lang='lat' dir='ltr'><strong>Dei</strong></span> <span class='ocrx_word' id='word_1_295' title='bbox 1522 2386 1735 2441; x_wconf 87' lang='lat' dir='ltr'><strong>fecerat</strong></span> <span class='ocrx_word' id='word_1_296' title='bbox 1761 2402 1858 2439; x_wconf 87' lang='lat' dir='ltr'><strong>vo-</strong></span> 
     </span>
    </p>
   </div>
   <div class='ocr_carea' id='block_1_41' title="bbox 203 2474 1860 2549">
    <p class='ocr_par' dir='ltr' id='par_1_41' title="bbox 203 2474 1860 2549">
     <span class='ocr_line' id='line_1_41' title="bbox 203 2474 1860 2549; baseline -0.002 -18"><span class='ocrx_word' id='word_1_297' title='bbox 203 2476 518 2547; x_wconf 87' lang='lat' dir='ltr'><strong>luntatem,</strong></span> <span class='ocrx_word' id='word_1_298' title='bbox 554 2477 652 2532; x_wconf 89' lang='lat' dir='ltr'><strong>sed</strong></span> <span class='ocrx_word' id='word_1_299' title='bbox 678 2477 985 2549; x_wconf 88' lang='lat' dir='ltr'><strong>ingeniosa</strong></span> <span class='ocrx_word' id='word_1_300' title='bbox 1006 2476 1112 2531; x_wconf 85' lang='lat' dir='ltr'><strong>viri</strong></span> <span class='ocrx_word' id='word_1_301' title='bbox 1134 2475 1493 2532; x_wconf 89' lang='lat' dir='ltr'><strong>sanctissimi</strong></span> <span class='ocrx_word' id='word_1_302' title='bbox 1515 2474 1860 2530; x_wconf 89' lang='lat' dir='ltr'><strong>necessitate</strong></span> 
     </span>
    </p>
   </div>
   <div class='ocr_carea' id='block_1_42' title="bbox 202 2563 1857 2637">
    <p class='ocr_par' dir='ltr' id='par_1_42' title="bbox 202 2563 1857 2637">
     <span class='ocr_line' id='line_1_42' title="bbox 202 2563 1857 2637; baseline -0.001 -18"><span class='ocrx_word' id='word_1_303' title='bbox 202 2565 536 2637; x_wconf 84' lang='lat' dir='ltr'><strong>compulsa.</strong></span> <span class='ocrx_word' id='word_1_304' title='bbox 572 2565 749 2621; x_wconf 89' lang='lat' dir='ltr'><strong>Paulo</strong></span> <span class='ocrx_word' id='word_1_305' title='bbox 783 2571 914 2637; x_wconf 91' lang='lat' dir='ltr'><strong>post</strong></span> <span class='ocrx_word' id='word_1_306' title='bbox 960 2571 1154 2621; x_wconf 89' lang='lat' dir='ltr'><strong>autem</strong></span> <span class='ocrx_word' id='word_1_307' title='bbox 1200 2563 1484 2620; x_wconf 82' lang='lat' dir='ltr'><strong>maximas</strong></span> <span class='ocrx_word' id='word_1_308' title='bbox 1522 2564 1857 2635; x_wconf 84' lang='lat' dir='ltr'><strong>presbytero</strong></span> 
     </span>
    </p>
   </div>
   <div class='ocr_carea' id='block_1_43' title="bbox 201 2653 1857 2727">
    <p class='ocr_par' dir='ltr' id='par_1_43' title="bbox 201 2653 1857 2727">
     <span class='ocr_line' id='line_1_43' title="bbox 201 2653 1857 2727; baseline -0.001 -20"><span class='ocrx_word' id='word_1_309' title='bbox 201 2657 419 2726; x_wconf 84' lang='lat' dir='ltr'><strong>gratias</strong></span> <span class='ocrx_word' id='word_1_310' title='bbox 446 2654 586 2726; x_wconf 88' lang='lat' dir='ltr'><strong>egit,</strong></span> <span class='ocrx_word' id='word_1_311' title='bbox 608 2660 842 2727; x_wconf 87' lang='lat' dir='ltr'><strong>prepter</strong></span> <span class='ocrx_word' id='word_1_312' title='bbox 860 2656 1013 2725; x_wconf 91' lang='lat' dir='ltr'><strong>quod</strong></span> <span class='ocrx_word' id='word_1_313' title='bbox 1038 2654 1254 2726; x_wconf 91' lang='lat' dir='ltr'><strong>puella,</strong></span> <span class='ocrx_word' id='word_1_314' title='bbox 1290 2654 1459 2725; x_wconf 91' lang='lat' dir='ltr'><strong>cujus</strong></span> <span class='ocrx_word' id='word_1_315' title='bbox 1494 2653 1736 2708; x_wconf 89' lang='lat' dir='ltr'><strong>nimiam</strong></span> <span class='ocrx_word' id='word_1_316' title='bbox 1761 2669 1857 2707; x_wconf 88' lang='lat' dir='ltr'><strong>cu-</strong></span> 
     </span>
    </p>
   </div>
   <div class='ocr_carea' id='block_1_44' title="bbox 199 2744 1854 2819">
    <p class='ocr_par' dir='ltr' id='par_1_44' title="bbox 199 2744 1854 2819">
     <span class='ocr_line' id='line_1_44' title="bbox 199 2744 1854 2819; baseline -0.001 -19"><span class='ocrx_word' id='word_1_317' title='bbox 199 2763 313 2801; x_wconf 88' lang='lat' dir='ltr'><strong>ram</strong></span> <span class='ocrx_word' id='word_1_318' title='bbox 344 2747 615 2819; x_wconf 86' lang='lat' dir='ltr'><strong>gerebat,</strong></span> <span class='ocrx_word' id='word_1_319' title='bbox 644 2752 825 2819; x_wconf 86' lang='lat' dir='ltr'><strong>nupta</strong></span> <span class='ocrx_word' id='word_1_320' title='bbox 846 2747 1107 2819; x_wconf 88' lang='lat' dir='ltr'><strong>quidem,</strong></span> <span class='ocrx_word' id='word_1_321' title='bbox 1141 2747 1243 2803; x_wconf 87' lang='lat' dir='ltr'><strong>sed</strong></span> <span class='ocrx_word' id='word_1_322' title='bbox 1275 2747 1403 2802; x_wconf 87' lang='lat' dir='ltr'><strong>sine</strong></span> <span class='ocrx_word' id='word_1_323' title='bbox 1436 2744 1684 2801; x_wconf 82' lang='lat' dir='ltr'><strong>filiorum</strong></span> <span class='ocrx_word' id='word_1_324' title='bbox 1708 2744 1854 2799; x_wconf 89' lang='lat' dir='ltr'><strong>edu-</strong></span> 
     </span>
    </p>
   </div>
   <div class='ocr_carea' id='block_1_45' title="bbox 200 2835 884 2891">
    <p class='ocr_par' dir='ltr' id='par_1_45' title="bbox 200 2835 884 2891">
     <span class='ocr_line' id='line_1_45' title="bbox 200 2835 884 2891; baseline 0 -2"><span class='ocrx_word' id='word_1_325' title='bbox 200 2836 430 2891; x_wconf 86' lang='lat' dir='ltr'><strong>catione</strong></span> <span class='ocrx_word' id='word_1_326' title='bbox 464 2835 742 2891; x_wconf 86' lang='lat' dir='ltr'><strong>defuncta</strong></span> <span class='ocrx_word' id='word_1_327' title='bbox 774 2841 884 2891; x_wconf 89' lang='lat' dir='ltr'><strong>est.</strong></span> 
     </span>
    </p>
   </div>
   <div class='ocr_carea' id='block_1_46' title="bbox 265 2968 1853 3042">
    <p class='ocr_par' dir='ltr' id='par_1_46' title="bbox 265 2968 1853 3042">
     <span class='ocr_line' id='line_1_46' title="bbox 265 2968 1853 3042; baseline -0.003 -17"><span class='ocrx_word' id='word_1_328' title='bbox 265 2973 412 3025; x_wconf 87' lang='lat' dir='ltr'><strong>Cum</strong></span> <span class='ocrx_word' id='word_1_329' title='bbox 453 2971 637 3041; x_wconf 87' lang='lat' dir='ltr'><strong>igitur</strong></span> <span class='ocrx_word' id='word_1_330' title='bbox 668 2987 769 3042; x_wconf 91' lang='lat' dir='ltr'><strong>per</strong></span> <span class='ocrx_word' id='word_1_331' title='bbox 818 2970 1139 3026; x_wconf 89' lang='lat' dir='ltr'><strong>triennium</strong></span> <span class='ocrx_word' id='word_1_332' title='bbox 1188 2970 1246 3023; x_wconf 91' lang='lat' dir='ltr'><strong>in</strong></span> <span class='ocrx_word' id='word_1_333' title='bbox 1297 2968 1671 3024; x_wconf 87' lang='lat' dir='ltr'><strong>monasteriis</strong></span> <span class='ocrx_word' id='word_1_334' title='bbox 1703 2977 1853 3038; x_wconf 67' lang='lat' dir='ltr'><strong>(qua:</strong></span> 
     </span>
    </p>
   </div>
   <div class='ocr_carea' id='block_1_47' title="bbox 202 3056 1855 3127">
    <p class='ocr_par' dir='ltr' id='par_1_47' title="bbox 202 3056 1855 3127">
     <span class='ocr_line' id='line_1_47' title="bbox 202 3056 1855 3127; baseline -0.002 -15"><span class='ocrx_word' id='word_1_335' title='bbox 202 3058 349 3113; x_wconf 87' lang='lat' dir='ltr'><strong>circa</strong></span> <span class='ocrx_word' id='word_1_336' title='bbox 380 3058 807 3114; x_wconf 76' lang='lat' dir='ltr'><strong>Alexandriam</strong></span> <span class='ocrx_word' id='word_1_337' title='bbox 836 3058 949 3112; x_wconf 90' lang='lat' dir='ltr'><strong>sita</strong></span> <span class='ocrx_word' id='word_1_338' title='bbox 980 3060 1141 3127; x_wconf 79' lang='lat' dir='ltr'><strong>sunt)</strong></span> <span class='ocrx_word' id='word_1_339' title='bbox 1185 3062 1581 3112; x_wconf 87' lang='lat' dir='ltr'><strong>commoratus</strong></span> <span class='ocrx_word' id='word_1_340' title='bbox 1614 3056 1855 3110; x_wconf 84' lang='lat' dir='ltr'><strong>fuissem</strong></span> 
     </span>
    </p>
   </div>
   <div class='ocr_carea' id='block_1_48' title="bbox 203 3144 1853 3218">
    <p class='ocr_par' dir='ltr' id='par_1_48' title="bbox 203 3144 1853 3218">
     <span class='ocr_line' id='line_1_48' title="bbox 203 3144 1853 3218; baseline -0.002 -18"><span class='ocrx_word' id='word_1_341' title='bbox 203 3147 484 3217; x_wconf 82' lang='lat' dir='ltr'><strong>(Pallad.,</strong></span> <span class='ocrx_word' id='word_1_342' title='bbox 519 3164 563 3202; x_wconf 88' lang='lat' dir='ltr'><strong>c.</strong></span> <span class='ocrx_word' id='word_1_343' title='bbox 595 3148 675 3215; x_wconf 89' lang='lat'><strong>7),</strong></span> <span class='ocrx_word' id='word_1_344' title='bbox 723 3151 779 3201; x_wconf 92' lang='lat' dir='ltr'><strong>et</strong></span> <span class='ocrx_word' id='word_1_345' title='bbox 824 3147 1076 3218; x_wconf 91' lang='lat' dir='ltr'><strong>optimos</strong></span> <span class='ocrx_word' id='word_1_346' title='bbox 1122 3146 1239 3201; x_wconf 89' lang='lat' dir='ltr'><strong>illic</strong></span> <span class='ocrx_word' id='word_1_347' title='bbox 1285 3147 1439 3200; x_wconf 86' lang='lat' dir='ltr'><strong>viros</strong></span> <span class='ocrx_word' id='word_1_348' title='bbox 1488 3144 1853 3200; x_wconf 67' lang='lat' dir='ltr'><strong>abstinentia</strong></span> 
     </span>
    </p>
   </div>
   <div class='ocr_carea' id='block_1_49' title="bbox 203 3235 2245 3332">
    <p class='ocr_par' dir='ltr' id='par_1_49' title="bbox 203 3235 2245 3332">
     <span class='ocr_line' id='line_1_49' title="bbox 203 3235 2245 3332; baseline 0.007 -44"><span class='ocrx_word' id='word_1_349' title='bbox 203 3237 522 3332; x_wconf 39' lang='lat' dir='ltr'><strong>virtut-ibus</strong></span> <span class='ocrx_word' id='word_1_350' title='bbox 542 3238 859 3332; x_wconf 40' lang='lat' dir='ltr'><strong>adornat-os</strong></span> <span class='ocrx_word' id='word_1_351' title='bbox 884 3253 1069 3332; x_wconf 83' lang='lat' dir='ltr'><strong>usque</strong></span> <span class='ocrx_word' id='word_1_352' title='bbox 1087 3236 1156 3332; x_wconf 77' lang='lat' dir='ltr'><strong>ad</strong></span> <span class='ocrx_word' id='word_1_353' title='bbox 1182 3236 1297 3332; x_wconf 82' lang='lat' dir='ltr'><strong>duo</strong></span> <span class='ocrx_word' id='word_1_354' title='bbox 1313 3235 1497 3332; x_wconf 70' lang='lat' dir='ltr'><strong>millia</strong></span> <span class='ocrx_word' id='word_1_355' title='bbox 1521 3235 1852 3332; x_wconf 73' lang='lat' dir='ltr'><strong>hominum,</strong></span> <span class='ocrx_word' id='word_1_356' title='bbox 1888 3260 1930 3325; x_wconf 69' lang='grc' dir='ltr'><strong>ρ</strong></span> <span class='ocrx_word' id='word_1_357' title='bbox 1963 3235 2245 3332; x_wconf 44' lang='grc' dir='ltr'><strong>ὦζίξηξίῖ</strong></span> 
     </span>
    </p>
   </div>
   <div class='ocr_carea' id='block_1_50' title="bbox 204 3325 1858 3396">
    <p class='ocr_par' dir='ltr' id='par_1_50' title="bbox 204 3325 1858 3396">
     <span class='ocr_line' id='line_1_50' title="bbox 204 3325 1858 3396; baseline -0.001 -16"><span class='ocrx_word' id='word_1_358' title='bbox 204 3326 1191 3396; x_wconf 82' lang='lat' dir='ltr'><strong>sanctissimosquevidissem,inde</strong></span> <span class='ocrx_word' id='word_1_359' title='bbox 1214 3325 1672 3390; x_wconf 85' lang='lat' dir='ltr'><strong>descendens,ad</strong></span> <span class='ocrx_word' id='word_1_360' title='bbox 1700 3340 1858 3379; x_wconf 84' lang='lat' dir='ltr'><strong>mon-</strong></span> 
     </span>
    </p>
   </div>
   <div class='ocr_carea' id='block_1_51' title="bbox 204 3414 1854 3471">
    <p class='ocr_par' dir='ltr' id='par_1_51' title="bbox 204 3414 1854 3471">
     <span class='ocr_line' id='line_1_51' title="bbox 204 3414 1854 3471; baseline -0.001 -3"><span class='ocrx_word' id='word_1_361' title='bbox 204 3420 313 3470; x_wconf 90' lang='lat' dir='ltr'><strong>tem</strong></span> <span class='ocrx_word' id='word_1_362' title='bbox 339 3416 441 3471; x_wconf 92' lang='lat' dir='ltr'><strong>cui</strong></span> <span class='ocrx_word' id='word_1_363' title='bbox 476 3414 672 3469; x_wconf 75' lang='lat' dir='ltr'><strong>Nitrire</strong></span> <span class='ocrx_word' id='word_1_364' title='bbox 717 3430 929 3470; x_wconf 88' lang='lat' dir='ltr'><strong>nomen</strong></span> <span class='ocrx_word' id='word_1_365' title='bbox 963 3421 1053 3469; x_wconf 88' lang='lat' dir='ltr'><strong>est</strong></span> <span class='ocrx_word' id='word_1_366' title='bbox 1100 3415 1248 3469; x_wconf 88' lang='lat' dir='ltr'><strong>veni.</strong></span> <span class='ocrx_word' id='word_1_367' title='bbox 1301 3414 1365 3468; x_wconf 90' lang='lat' dir='ltr'><strong>In</strong></span> <span class='ocrx_word' id='word_1_368' title='bbox 1416 3414 1607 3468; x_wconf 90' lang='lat' dir='ltr'><strong>medio</strong></span> <span class='ocrx_word' id='word_1_369' title='bbox 1657 3417 1854 3468; x_wconf 90' lang='lat' dir='ltr'><strong>autem</strong></span> 
     </span>
    </p>
   </div>
   <div class='ocr_carea' id='block_1_52' title="bbox 201 3502 1853 3572">
    <p class='ocr_par' dir='ltr' id='par_1_52' title="bbox 201 3502 1853 3572">
     <span class='ocr_line' id='line_1_52' title="bbox 201 3502 1853 3572; baseline -0.001 -15"><span class='ocrx_word' id='word_1_370' title='bbox 201 3506 368 3562; x_wconf 85' lang='lat' dir='ltr'><strong>istius</strong></span> <span class='ocrx_word' id='word_1_371' title='bbox 408 3506 634 3560; x_wconf 87' lang='lat' dir='ltr'><strong>montis</strong></span> <span class='ocrx_word' id='word_1_372' title='bbox 657 3510 713 3559; x_wconf 89' lang='lat' dir='ltr'><strong>et</strong></span> <span class='ocrx_word' id='word_1_373' title='bbox 733 3503 1137 3559; x_wconf 73' lang='lat' dir='ltr'><strong>Alexandrinae</strong></span> <span class='ocrx_word' id='word_1_374' title='bbox 1161 3503 1745 3572; x_wconf 85' lang='lat' dir='ltr'><strong>civitatis,inlerjacet</strong></span> <span class='ocrx_word' id='word_1_375' title='bbox 1767 3502 1853 3555; x_wconf 87' lang='lat' dir='ltr'><strong>la-</strong></span> 
     </span>
    </p>
   </div>
   <div class='ocr_carea' id='block_1_53' title="bbox 196 3591 1857 3667">
    <p class='ocr_par' dir='ltr' id='par_1_53' title="bbox 196 3591 1857 3667">
     <span class='ocr_line' id='line_1_53' title="bbox 196 3591 1857 3667; baseline -0.003 -19"><span class='ocrx_word' id='word_1_376' title='bbox 196 3610 291 3650; x_wconf 87' lang='lat' dir='ltr'><strong>cus</strong></span> <span class='ocrx_word' id='word_1_377' title='bbox 312 3595 420 3667; x_wconf 90' lang='lat' dir='ltr'><strong>qui</strong></span> <span class='ocrx_word' id='word_1_378' title='bbox 458 3594 646 3649; x_wconf 59' lang='lat' dir='ltr'><strong>Maria</strong></span> <span class='ocrx_word' id='word_1_379' title='bbox 672 3592 953 3647; x_wconf 90' lang='lat' dir='ltr'><strong>vocabulo</strong></span> <span class='ocrx_word' id='word_1_380' title='bbox 975 3593 1331 3659; x_wconf 86' lang='lat' dir='ltr'><strong>nominatur,</strong></span> <span class='ocrx_word' id='word_1_381' title='bbox 1359 3610 1459 3664; x_wconf 91' lang='lat' dir='ltr'><strong>per</strong></span> <span class='ocrx_word' id='word_1_382' title='bbox 1480 3591 1857 3663; x_wconf 86' lang='lat' dir='ltr'><strong>septuaginta</strong></span> 
     </span>
    </p>
   </div>
   <div class='ocr_carea' id='block_1_54' title="bbox 197 3681 1853 3753">
    <p class='ocr_par' dir='ltr' id='par_1_54' title="bbox 197 3681 1853 3753">
     <span class='ocr_line' id='line_1_54' title="bbox 197 3681 1853 3753; baseline -0.001 -16"><span class='ocrx_word' id='word_1_383' title='bbox 197 3684 447 3739; x_wconf 84' lang='lat' dir='ltr'><strong>millium</strong></span> <span class='ocrx_word' id='word_1_384' title='bbox 480 3682 669 3753; x_wconf 86' lang='lat' dir='ltr'><strong>spatia</strong></span> <span class='ocrx_word' id='word_1_385' title='bbox 698 3682 973 3737; x_wconf 75' lang='lat' dir='ltr'><strong>diffusus.</strong></span> <span class='ocrx_word' id='word_1_386' title='bbox 1009 3683 1188 3745; x_wconf 90' lang='lat' dir='ltr'><strong>Quem</strong></span> <span class='ocrx_word' id='word_1_387' title='bbox 1230 3698 1362 3736; x_wconf 87' lang='lat' dir='ltr'><strong>cum</strong></span> <span class='ocrx_word' id='word_1_388' title='bbox 1408 3698 1522 3735; x_wconf 91' lang='lat' dir='ltr'><strong>uno</strong></span> <span class='ocrx_word' id='word_1_389' title='bbox 1554 3698 1619 3735; x_wconf 89' lang='lat' dir='ltr'><strong>ac</strong></span> <span class='ocrx_word' id='word_1_390' title='bbox 1660 3681 1853 3735; x_wconf 90' lang='lat' dir='ltr'><strong>medio</strong></span> 
     </span>
    </p>
   </div>
   <div class='ocr_carea' id='block_1_55' title="bbox 196 3762 1850 3842">
    <p class='ocr_par' dir='ltr' id='par_1_55' title="bbox 196 3762 1850 3842">
     <span class='ocr_line' id='line_1_55' title="bbox 196 3762 1850 3842; baseline -0.002 -16"><span class='ocrx_word' id='word_1_391' title='bbox 196 3762 677 3828; x_wconf 67' lang='lat' dir='ltr'><strong>transfretassent</strong></span> <span class='ocrx_word' id='word_1_392' title='bbox 708 3770 823 3836; x_wconf 90' lang='lat' dir='ltr'><strong>die,</strong></span> <span class='ocrx_word' id='word_1_393' title='bbox 851 3772 921 3825; x_wconf 90' lang='lat' dir='ltr'><strong>ad</strong></span> <span class='ocrx_word' id='word_1_394' title='bbox 949 3772 1337 3826; x_wconf 86' lang='lat' dir='ltr'><strong>meridianam</strong></span> <span class='ocrx_word' id='word_1_395' title='bbox 1372 3776 1592 3842; x_wconf 86' lang='lat' dir='ltr'><strong>partem</strong></span> <span class='ocrx_word' id='word_1_396' title='bbox 1626 3768 1850 3840; x_wconf 70' lang='lat' dir='ltr'><strong>praefati</strong></span> 
     </span>
    </p>
   </div>
   <div class='ocr_carea' id='block_1_56' title="bbox 198 3859 1854 3932">
    <p class='ocr_par' dir='ltr' id='par_1_56' title="bbox 198 3859 1854 3932">
     <span class='ocr_line' id='line_1_56' title="bbox 198 3859 1854 3932; baseline -0.002 -16"><span class='ocrx_word' id='word_1_397' title='bbox 198 3863 413 3918; x_wconf 88' lang='lat' dir='ltr'><strong>montis</strong></span> <span class='ocrx_word' id='word_1_398' title='bbox 452 3861 692 3916; x_wconf 89' lang='lat' dir='ltr'><strong>accessi.</strong></span> <span class='ocrx_word' id='word_1_399' title='bbox 720 3860 820 3915; x_wconf 76' lang='lat' dir='ltr'><strong>(lui</strong></span> <span class='ocrx_word' id='word_1_400' title='bbox 855 3860 1037 3915; x_wconf 88' lang='lat' dir='ltr'><strong>monti</strong></span> <span class='ocrx_word' id='word_1_401' title='bbox 1066 3862 1299 3932; x_wconf 84' lang='lat' dir='ltr'><strong>penitus</strong></span> <span class='ocrx_word' id='word_1_402' title='bbox 1331 3860 1556 3914; x_wconf 84' lang='lat' dir='ltr'><strong>deserta</strong></span> <span class='ocrx_word' id='word_1_403' title='bbox 1589 3859 1854 3928; x_wconf 86' lang='lat' dir='ltr'><strong>adjacent</strong></span> 
     </span>
    </p>
   </div>
   <div class='ocr_carea' id='block_1_57' title="bbox 197 3949 1849 4022">
    <p class='ocr_par' dir='ltr' id='par_1_57' title="bbox 197 3949 1849 4022">
     <span class='ocr_line' id='line_1_57' title="bbox 197 3949 1849 4022; baseline 0 -19"><span class='ocrx_word' id='word_1_404' title='bbox 197 3950 334 4015; x_wconf 87' lang='lat' dir='ltr'><strong>loca,</strong></span> <span class='ocrx_word' id='word_1_405' title='bbox 360 3969 497 4022; x_wconf 75' lang='lat' dir='ltr'><strong>qua:</strong></span> <span class='ocrx_word' id='word_1_406' title='bbox 526 3950 877 4020; x_wconf 60' lang='lat' dir='ltr'><strong>{Ethiopiam</strong></span> <span class='ocrx_word' id='word_1_407' title='bbox 906 3967 1094 4021; x_wconf 90' lang='lat' dir='ltr'><strong>usque</strong></span> <span class='ocrx_word' id='word_1_408' title='bbox 1125 3950 1467 4014; x_wconf 87' lang='lat' dir='ltr'><strong>tenduntur,</strong></span> <span class='ocrx_word' id='word_1_409' title='bbox 1492 3954 1548 4003; x_wconf 91' lang='lat' dir='ltr'><strong>et</strong></span> <span class='ocrx_word' id='word_1_410' title='bbox 1572 3964 1755 4019; x_wconf 89' lang='lat' dir='ltr'><strong>usque</strong></span> <span class='ocrx_word' id='word_1_411' title='bbox 1780 3949 1849 4003; x_wconf 89' lang='lat' dir='ltr'><strong>ad</strong></span> 
     </span>
    </p>
   </div>
   <div class='ocr_carea' id='block_1_58' title="bbox 198 4039 1852 4110">
    <p class='ocr_par' dir='ltr' id='par_1_58' title="bbox 198 4039 1852 4110">
     <span class='ocr_line' id='line_1_58' title="bbox 198 4039 1852 4110; baseline -0.001 -16"><span class='ocrx_word' id='word_1_412' title='bbox 198 4040 486 4097; x_wconf 76' lang='lat' dir='ltr'><strong>Mazicum</strong></span> <span class='ocrx_word' id='word_1_413' title='bbox 504 4042 571 4095; x_wconf 90' lang='lat' dir='ltr'><strong>ad</strong></span> <span class='ocrx_word' id='word_1_414' title='bbox 600 4040 997 4095; x_wconf 89' lang='lat' dir='ltr'><strong>mauritanum</strong></span> <span class='ocrx_word' id='word_1_415' title='bbox 1019 4040 1301 4095; x_wconf 90' lang='lat' dir='ltr'><strong>solum.1n</strong></span> <span class='ocrx_word' id='word_1_416' title='bbox 1326 4056 1437 4110; x_wconf 90' lang='lat' dir='ltr'><strong>quo</strong></span> <span class='ocrx_word' id='word_1_417' title='bbox 1467 4044 1662 4094; x_wconf 90' lang='lat' dir='ltr'><strong>monte</strong></span> <span class='ocrx_word' id='word_1_418' title='bbox 1684 4039 1852 4110; x_wconf 89' lang='lat' dir='ltr'><strong>dege-</strong></span> 
     </span>
    </p>
   </div>
   <div class='ocr_carea' id='block_1_59' title="bbox 198 4127 1852 4201">
    <p class='ocr_par' dir='ltr' id='par_1_59' title="bbox 198 4127 1852 4201">
     <span class='ocr_line' id='line_1_59' title="bbox 198 4127 1852 4201; baseline -0.002 -17"><span class='ocrx_word' id='word_1_419' title='bbox 198 4130 332 4185; x_wconf 84' lang='lat' dir='ltr'><strong>bant</strong></span> <span class='ocrx_word' id='word_1_420' title='bbox 366 4129 635 4201; x_wconf 91' lang='lat' dir='ltr'><strong>quinquc</strong></span> <span class='ocrx_word' id='word_1_421' title='bbox 680 4127 866 4183; x_wconf 88' lang='lat' dir='ltr'><strong>millia</strong></span> <span class='ocrx_word' id='word_1_422' title='bbox 894 4129 984 4199; x_wconf 89' lang='lat' dir='ltr'><strong>(ut</strong></span> <span class='ocrx_word' id='word_1_423' title='bbox 1013 4128 1286 4198; x_wconf 75' lang='lat' dir='ltr'><strong>arbitror)</strong></span> <span class='ocrx_word' id='word_1_424' title='bbox 1321 4128 1601 4193; x_wconf 91' lang='lat' dir='ltr'><strong>virorum,</strong></span> <span class='ocrx_word' id='word_1_425' title='bbox 1633 4128 1729 4198; x_wconf 88' lang='lat' dir='ltr'><strong>qui</strong></span> <span class='ocrx_word' id='word_1_426' title='bbox 1762 4127 1852 4183; x_wconf 92' lang='lat' dir='ltr'><strong>di-</strong></span> 
     </span>
    </p>
   </div>
   <div class='ocr_carea' id='block_1_60' title="bbox 198 4216 1849 4290">
    <p class='ocr_par' dir='ltr' id='par_1_60' title="bbox 198 4216 1849 4290">
     <span class='ocr_line' id='line_1_60' title="bbox 198 4216 1849 4290; baseline -0.001 -19"><span class='ocrx_word' id='word_1_427' title='bbox 198 4236 430 4274; x_wconf 70' lang='lat' dir='ltr'><strong>versum</strong></span> <span class='ocrx_word' id='word_1_428' title='bbox 470 4216 752 4290; x_wconf 90' lang='lat' dir='ltr'><strong>propositi</strong></span> <span class='ocrx_word' id='word_1_429' title='bbox 776 4218 865 4271; x_wconf 91' lang='lat' dir='ltr'><strong>sui</strong></span> <span class='ocrx_word' id='word_1_430' title='bbox 888 4218 1223 4272; x_wconf 89' lang='lat' dir='ltr'><strong>institutum</strong></span> <span class='ocrx_word' id='word_1_431' title='bbox 1247 4222 1712 4289; x_wconf 83' lang='lat' dir='ltr'><strong>tenentes,prout</strong></span> <span class='ocrx_word' id='word_1_432' title='bbox 1732 4218 1849 4271; x_wconf 90' lang='lat' dir='ltr'><strong>vel—</strong></span> 
     </span>
    </p>
   </div>
   <div class='ocr_carea' id='block_1_61' title="bbox 200 4306 1852 4379">
    <p class='ocr_par' dir='ltr' id='par_1_61' title="bbox 200 4306 1852 4379">
     <span class='ocr_line' id='line_1_61' title="bbox 200 4306 1852 4379; baseline 0 -19"><span class='ocrx_word' id='word_1_433' title='bbox 200 4306 313 4363; x_wconf 89' lang='lat' dir='ltr'><strong>lent</strong></span> <span class='ocrx_word' id='word_1_434' title='bbox 343 4312 709 4379; x_wconf 85' lang='lat' dir='ltr'><strong>possentque</strong></span> <span class='ocrx_word' id='word_1_435' title='bbox 740 4306 1029 4371; x_wconf 85' lang='lat' dir='ltr'><strong>vivebant,</strong></span> <span class='ocrx_word' id='word_1_436' title='bbox 1055 4306 1137 4361; x_wconf 90' lang='lat' dir='ltr'><strong>ita</strong></span> <span class='ocrx_word' id='word_1_437' title='bbox 1166 4310 1226 4361; x_wconf 92' lang='lat' dir='ltr'><strong>ut</strong></span> <span class='ocrx_word' id='word_1_438' title='bbox 1258 4306 1357 4361; x_wconf 90' lang='lat' dir='ltr'><strong>alii</strong></span> <span class='ocrx_word' id='word_1_439' title='bbox 1387 4307 1626 4377; x_wconf 88' lang='lat' dir='ltr'><strong>quidem</strong></span> <span class='ocrx_word' id='word_1_440' title='bbox 1653 4306 1852 4361; x_wconf 88' lang='lat' dir='ltr'><strong>liceret</strong></span> 
     </span>
    </p>
   </div>
   <div class='ocr_carea' id='block_1_62' title="bbox 201 4395 1851 4467">
    <p class='ocr_par' dir='ltr' id='par_1_62' title="bbox 201 4395 1851 4467">
     <span class='ocr_line' id='line_1_62' title="bbox 201 4395 1851 4467; baseline -0.002 -16"><span class='ocrx_word' id='word_1_441' title='bbox 201 4413 436 4452; x_wconf 87' lang='lat' dir='ltr'><strong>manere</strong></span> <span class='ocrx_word' id='word_1_442' title='bbox 469 4397 516 4450; x_wconf 84' lang='lat' dir='ltr'><strong>si</strong></span> <span class='ocrx_word' id='word_1_443' title='bbox 551 4402 810 4467; x_wconf 90' lang='lat' dir='ltr'><strong>cuperet,</strong></span> <span class='ocrx_word' id='word_1_444' title='bbox 835 4395 984 4450; x_wconf 91' lang='lat' dir='ltr'><strong>alius</strong></span> <span class='ocrx_word' id='word_1_445' title='bbox 1016 4412 1151 4450; x_wconf 90' lang='lat' dir='ltr'><strong>cum</strong></span> <span class='ocrx_word' id='word_1_446' title='bbox 1184 4412 1298 4450; x_wconf 90' lang='lat' dir='ltr'><strong>uno</strong></span> <span class='ocrx_word' id='word_1_447' title='bbox 1334 4400 1560 4450; x_wconf 86' lang='lat' dir='ltr'><strong>tantum</strong></span> <span class='ocrx_word' id='word_1_448' title='bbox 1599 4397 1773 4451; x_wconf 86' lang='lat' dir='ltr'><strong>fratre</strong></span> <span class='ocrx_word' id='word_1_449' title='bbox 1802 4395 1851 4449; x_wconf 91' lang='lat' dir='ltr'><strong>si</strong></span> 
     </span>
    </p>
   </div>
   <div class='ocr_carea' id='block_1_63' title="bbox 200 4483 1849 4551">
    <p class='ocr_par' dir='ltr' id='par_1_63' title="bbox 200 4483 1849 4551">
     <span class='ocr_line' id='line_1_63' title="bbox 200 4483 1849 4551; baseline -0.001 -12"><span class='ocrx_word' id='word_1_450' title='bbox 200 4486 390 4551; x_wconf 86' lang='lat' dir='ltr'><strong>vellet,</strong></span> <span class='ocrx_word' id='word_1_451' title='bbox 428 4485 583 4540; x_wconf 89' lang='lat' dir='ltr'><strong>alius</strong></span> <span class='ocrx_word' id='word_1_452' title='bbox 611 4501 745 4539; x_wconf 89' lang='lat' dir='ltr'><strong>cum</strong></span> <span class='ocrx_word' id='word_1_453' title='bbox 781 4483 1182 4550; x_wconf 85' lang='lat' dir='ltr'><strong>multitudine,</strong></span> <span class='ocrx_word' id='word_1_454' title='bbox 1215 4484 1264 4539; x_wconf 91' lang='lat' dir='ltr'><strong>si</strong></span> <span class='ocrx_word' id='word_1_455' title='bbox 1298 4484 1405 4539; x_wconf 92' lang='lat' dir='ltr'><strong>hoc</strong></span> <span class='ocrx_word' id='word_1_456' title='bbox 1438 4484 1849 4551; x_wconf 88' lang='lat' dir='ltr'><strong>desiderasset,</strong></span> 
     </span>
    </p>
   </div>
   <div class='ocr_carea' id='block_1_64' title="bbox 203 4573 1849 4645">
    <p class='ocr_par' dir='ltr' id='par_1_64' title="bbox 203 4573 1849 4645">
     <span class='ocr_line' id='line_1_64' title="bbox 203 4573 1849 4645; baseline -0.001 -14"><span class='ocrx_word' id='word_1_457' title='bbox 203 4576 518 4631; x_wconf 73' lang='lat' dir='ltr'><strong>habitaret.</strong></span> <span class='ocrx_word' id='word_1_458' title='bbox 543 4575 665 4639; x_wconf 90' lang='lat' dir='ltr'><strong>Quo</strong></span> <span class='ocrx_word' id='word_1_459' title='bbox 687 4574 745 4628; x_wconf 90' lang='lat' dir='ltr'><strong>in</strong></span> <span class='ocrx_word' id='word_1_460' title='bbox 773 4582 969 4630; x_wconf 90' lang='lat' dir='ltr'><strong>monte</strong></span> <span class='ocrx_word' id='word_1_461' title='bbox 1002 4580 1118 4628; x_wconf 84' lang='lat' dir='ltr'><strong>tam</strong></span> <span class='ocrx_word' id='word_1_462' title='bbox 1145 4574 1483 4629; x_wconf 88' lang='lat' dir='ltr'><strong>memoratis</strong></span> <span class='ocrx_word' id='word_1_463' title='bbox 1506 4590 1683 4645; x_wconf 86' lang='lat' dir='ltr'><strong>quam</strong></span> <span class='ocrx_word' id='word_1_464' title='bbox 1710 4573 1849 4641; x_wconf 89' lang='lat' dir='ltr'><strong>illis,</strong></span> 
     </span>
    </p>
   </div>
   <div class='ocr_carea' id='block_1_65' title="bbox 207 4662 1852 4737">
    <p class='ocr_par' dir='ltr' id='par_1_65' title="bbox 207 4662 1852 4737">
     <span class='ocr_line' id='line_1_65' title="bbox 207 4662 1852 4737; baseline -0.001 -17"><span class='ocrx_word' id='word_1_465' title='bbox 207 4666 301 4737; x_wconf 89' lang='lat' dir='ltr'><strong>qui</strong></span> <span class='ocrx_word' id='word_1_466' title='bbox 336 4668 407 4721; x_wconf 89' lang='lat' dir='ltr'><strong>ad</strong></span> <span class='ocrx_word' id='word_1_467' title='bbox 447 4665 687 4719; x_wconf 89' lang='lat' dir='ltr'><strong>ultimas</strong></span> <span class='ocrx_word' id='word_1_468' title='bbox 718 4681 781 4719; x_wconf 90' lang='lat' dir='ltr'><strong>se</strong></span> <span class='ocrx_word' id='word_1_469' title='bbox 818 4664 1165 4718; x_wconf 87' lang='lat' dir='ltr'><strong>solitudines</strong></span> <span class='ocrx_word' id='word_1_470' title='bbox 1214 4662 1512 4718; x_wconf 89' lang='lat' dir='ltr'><strong>contulere</strong></span> <span class='ocrx_word' id='word_1_471' title='bbox 1561 4664 1852 4718; x_wconf 87' lang='lat' dir='ltr'><strong>sexcentis</strong></span> 
     </span>
    </p>
   </div>
   <div class='ocr_carea' id='block_1_66' title="bbox 205 4752 1850 4825">
    <p class='ocr_par' dir='ltr' id='par_1_66' title="bbox 205 4752 1850 4825">
     <span class='ocr_line' id='line_1_66' title="bbox 205 4752 1850 4825; baseline 0.002 -20"><span class='ocrx_word' id='word_1_472' title='bbox 205 4756 359 4823; x_wconf 85' lang='lat' dir='ltr'><strong>viris,</strong></span> <span class='ocrx_word' id='word_1_473' title='bbox 395 4759 622 4825; x_wconf 88' lang='lat' dir='ltr'><strong>septem</strong></span> <span class='ocrx_word' id='word_1_474' title='bbox 660 4754 922 4824; x_wconf 85' lang='lat' dir='ltr'><strong>pistrinis</strong></span> <span class='ocrx_word' id='word_1_475' title='bbox 955 4752 1232 4809; x_wconf 87' lang='lat' dir='ltr'><strong>alimenta</strong></span> <span class='ocrx_word' id='word_1_476' title='bbox 1274 4754 1626 4824; x_wconf 68' lang='lat' dir='ltr'><strong>praebentur.</strong></span> <span class='ocrx_word' id='word_1_477' title='bbox 1662 4753 1850 4824; x_wconf 87' lang='lat' dir='ltr'><strong>Hujus</strong></span> 
     </span>
    </p>
   </div>
   <div class='ocr_carea' id='block_1_67' title="bbox 208 4842 1853 4915">
    <p class='ocr_par' dir='ltr' id='par_1_67' title="bbox 208 4842 1853 4915">
     <span class='ocr_line' id='line_1_67' title="bbox 208 4842 1853 4915; baseline 0.001 -20"><span class='ocrx_word' id='word_1_478' title='bbox 208 4843 381 4914; x_wconf 85' lang='lat' dir='ltr'><strong>igitur</strong></span> <span class='ocrx_word' id='word_1_479' title='bbox 406 4844 625 4899; x_wconf 88' lang='lat' dir='ltr'><strong>montis</strong></span> <span class='ocrx_word' id='word_1_480' title='bbox 648 4860 749 4914; x_wconf 90' lang='lat' dir='ltr'><strong>per</strong></span> <span class='ocrx_word' id='word_1_481' title='bbox 770 4850 956 4898; x_wconf 89' lang='lat' dir='ltr'><strong>totum</strong></span> <span class='ocrx_word' id='word_1_482' title='bbox 978 4860 1197 4899; x_wconf 88' lang='lat' dir='ltr'><strong>annum</strong></span> <span class='ocrx_word' id='word_1_483' title='bbox 1216 4860 1359 4898; x_wconf 90' lang='lat' dir='ltr'><strong>usus</strong></span> <span class='ocrx_word' id='word_1_484' title='bbox 1382 4842 1853 4915; x_wconf 88' lang='lat' dir='ltr'><strong>hospitio,pluri-</strong></span> 
     </span>
    </p>
   </div>
   <div class='ocr_carea' id='block_1_68' title="bbox 208 4932 1852 5004">
    <p class='ocr_par' dir='ltr' id='par_1_68' title="bbox 208 4932 1852 5004">
     <span class='ocr_line' id='line_1_68' title="bbox 208 4932 1852 5004; baseline 0.001 -17"><span class='ocrx_word' id='word_1_485' title='bbox 208 4948 488 5004; x_wconf 90' lang='lat' dir='ltr'><strong>mumque</strong></span> <span class='ocrx_word' id='word_1_486' title='bbox 518 4950 552 4989; x_wconf 90' lang='lat' dir='ltr'><strong>a</strong></span> <span class='ocrx_word' id='word_1_487' title='bbox 583 4933 773 4989; x_wconf 87' lang='lat' dir='ltr'><strong>beatis</strong></span> <span class='ocrx_word' id='word_1_488' title='bbox 804 4932 1072 4989; x_wconf 91' lang='lat' dir='ltr'><strong>Patribus</strong></span> <span class='ocrx_word' id='word_1_489' title='bbox 1096 4934 1420 4988; x_wconf 91' lang='lat' dir='ltr'><strong>instructus</strong></span> <span class='ocrx_word' id='word_1_490' title='bbox 1442 4938 1499 4988; x_wconf 91' lang='lat' dir='ltr'><strong>et</strong></span> <span class='ocrx_word' id='word_1_491' title='bbox 1528 4932 1754 5001; x_wconf 92' lang='lat' dir='ltr'><strong>doctus,</strong></span> <span class='ocrx_word' id='word_1_492' title='bbox 1780 4933 1852 4989; x_wconf 90' lang='lat' dir='ltr'><strong>ab</strong></span> 
     </span>
    </p>
   </div>
   <div class='ocr_carea' id='block_1_69' title="bbox 206 5022 1854 5094">
    <p class='ocr_par' dir='ltr' id='par_1_69' title="bbox 206 5022 1854 5094">
     <span class='ocr_line' id='line_1_69' title="bbox 206 5022 1854 5094; baseline 0.001 -18"><span class='ocrx_word' id='word_1_493' title='bbox 206 5023 419 5079; x_wconf 86' lang='lat' dir='ltr'><strong>Arsisio</strong></span> <span class='ocrx_word' id='word_1_494' title='bbox 454 5023 695 5093; x_wconf 88' lang='lat' dir='ltr'><strong>majore,</strong></span> <span class='ocrx_word' id='word_1_495' title='bbox 722 5026 778 5078; x_wconf 91' lang='lat' dir='ltr'><strong>et</strong></span> <span class='ocrx_word' id='word_1_496' title='bbox 808 5022 1152 5091; x_wconf 89' lang='lat' dir='ltr'><strong>Putuhasto,</strong></span> <span class='ocrx_word' id='word_1_497' title='bbox 1185 5022 1427 5093; x_wconf 85' lang='lat' dir='ltr'><strong>Agione,</strong></span> <span class='ocrx_word' id='word_1_498' title='bbox 1448 5023 1769 5094; x_wconf 90' lang='lat' dir='ltr'><strong>Serapione</strong></span> <span class='ocrx_word' id='word_1_499' title='bbox 1798 5027 1854 5078; x_wconf 91' lang='lat' dir='ltr'><strong>et</strong></span> 
     </span>
    </p>
   </div>
   <div class='ocr_carea' id='block_1_70' title="bbox 209 5109 1853 5182">
    <p class='ocr_par' dir='ltr' id='par_1_70' title="bbox 209 5109 1853 5182">
     <span class='ocr_line' id='line_1_70' title="bbox 209 5109 1853 5182; baseline -0.001 -16"><span class='ocrx_word' id='word_1_500' title='bbox 209 5110 477 5180; x_wconf 85' lang='lat' dir='ltr'><strong>Chronic,</strong></span> <span class='ocrx_word' id='word_1_501' title='bbox 496 5111 817 5182; x_wconf 88' lang='lat' dir='ltr'><strong>multisque</strong></span> <span class='ocrx_word' id='word_1_502' title='bbox 834 5109 1130 5165; x_wconf 91' lang='lat' dir='ltr'><strong>seniorum</strong></span> <span class='ocrx_word' id='word_1_503' title='bbox 1150 5109 1545 5181; x_wconf 90' lang='lat' dir='ltr'><strong>spiritualium</strong></span> <span class='ocrx_word' id='word_1_504' title='bbox 1561 5110 1853 5166; x_wconf 85' lang='lat' dir='ltr'><strong>relationi-</strong></span> 
     </span>
    </p>
   </div>
   <div class='ocr_carea' id='block_1_71' title="bbox 212 5199 1857 5273">
    <p class='ocr_par' dir='ltr' id='par_1_71' title="bbox 212 5199 1857 5273">
     <span class='ocr_line' id='line_1_71' title="bbox 212 5199 1857 5273; baseline 0.001 -19"><span class='ocrx_word' id='word_1_505' title='bbox 212 5199 315 5255; x_wconf 88' lang='lat' dir='ltr'><strong>bus</strong></span> <span class='ocrx_word' id='word_1_506' title='bbox 339 5217 517 5271; x_wconf 90' lang='lat' dir='ltr'><strong>super</strong></span> <span class='ocrx_word' id='word_1_507' title='bbox 538 5200 607 5255; x_wconf 89' lang='lat' dir='ltr'><strong>iis</strong></span> <span class='ocrx_word' id='word_1_508' title='bbox 634 5201 730 5272; x_wconf 90' lang='lat' dir='ltr'><strong>qui</strong></span> <span class='ocrx_word' id='word_1_509' title='bbox 749 5204 882 5255; x_wconf 86' lang='lat' dir='ltr'><strong>ante</strong></span> <span class='ocrx_word' id='word_1_510' title='bbox 904 5199 1062 5271; x_wconf 89' lang='lat' dir='ltr'><strong>ipsos</strong></span> <span class='ocrx_word' id='word_1_511' title='bbox 1088 5202 1338 5265; x_wconf 86' lang='lat' dir='ltr'><strong>fuerant,</strong></span> <span class='ocrx_word' id='word_1_512' title='bbox 1362 5201 1857 5273; x_wconf 88' lang='lat' dir='ltr'><strong>incitatus,usque</strong></span> 
     </span>
    </p>
   </div>
   <div class='ocr_carea' id='block_1_72' title="bbox 210 5288 1555 5348">
    <p class='ocr_par' dir='ltr' id='par_1_72' title="bbox 210 5288 1555 5348">
     <span class='ocr_line' id='line_1_72' title="bbox 210 5288 1555 5348; baseline -0.001 -4"><span class='ocrx_word' id='word_1_513' title='bbox 210 5289 273 5344; x_wconf 85' lang='lat' dir='ltr'><strong>ad</strong></span> <span class='ocrx_word' id='word_1_514' title='bbox 309 5290 426 5348; x_wconf 86' lang='lat' dir='ltr'><strong>alia</strong></span> <span class='ocrx_word' id='word_1_515' title='bbox 457 5290 796 5346; x_wconf 90' lang='lat' dir='ltr'><strong>solitudinis</strong></span> <span class='ocrx_word' id='word_1_516' title='bbox 828 5288 955 5345; x_wconf 90' lang='lat' dir='ltr'><strong>loca</strong></span> <span class='ocrx_word' id='word_1_517' title='bbox 988 5290 1284 5345; x_wconf 90' lang='lat' dir='ltr'><strong>interioris</strong></span> <span class='ocrx_word' id='word_1_518' title='bbox 1316 5290 1555 5346; x_wconf 88' lang='lat' dir='ltr'><strong>accessi.</strong></span> 
     </span>
    </p>
   </div>
   <div class='ocr_carea' id='block_1_73' title="bbox 276 5424 1856 5498">
    <p class='ocr_par' dir='ltr' id='par_1_73' title="bbox 276 5424 1856 5498">
     <span class='ocr_line' id='line_1_73' title="bbox 276 5424 1856 5498; baseline -0.001 -18"><span class='ocrx_word' id='word_1_519' title='bbox 276 5426 333 5480; x_wconf 89' lang='lat' dir='ltr'><strong>In</strong></span> <span class='ocrx_word' id='word_1_520' title='bbox 358 5427 483 5498; x_wconf 90' lang='lat' dir='ltr'><strong>ipso</strong></span> <span class='ocrx_word' id='word_1_521' title='bbox 506 5431 702 5481; x_wconf 89' lang='lat' dir='ltr'><strong>autem</strong></span> <span class='ocrx_word' id='word_1_522' title='bbox 716 5424 914 5481; x_wconf 68' lang='lat' dir='ltr'><strong>Nitriae</strong></span> <span class='ocrx_word' id='word_1_523' title='bbox 936 5428 1127 5480; x_wconf 89' lang='lat' dir='ltr'><strong>monte</strong></span> <span class='ocrx_word' id='word_1_524' title='bbox 1153 5441 1329 5479; x_wconf 90' lang='lat' dir='ltr'><strong>unam</strong></span> <span class='ocrx_word' id='word_1_525' title='bbox 1353 5424 1658 5480; x_wconf 82' lang='lat' dir='ltr'><strong>ecclesiam</strong></span> <span class='ocrx_word' id='word_1_526' title='bbox 1682 5425 1856 5479; x_wconf 48' lang='lat' dir='ltr'><strong>maxi-</strong></span> 
     </span>
    </p>
   </div>
   <div class='ocr_carea' id='block_1_74' title="bbox 211 5513 1859 5587">
    <p class='ocr_par' dir='ltr' id='par_1_74' title="bbox 211 5513 1859 5587">
     <span class='ocr_line' id='line_1_74' title="bbox 211 5513 1859 5587; baseline 0.001 -20"><span class='ocrx_word' id='word_1_527' title='bbox 211 5528 365 5569; x_wconf 86' lang='lat' dir='ltr'><strong>mam</strong></span> <span class='ocrx_word' id='word_1_528' title='bbox 391 5515 527 5582; x_wconf 90' lang='lat' dir='ltr'><strong>vidi,</strong></span> <span class='ocrx_word' id='word_1_529' title='bbox 553 5516 611 5570; x_wconf 92' lang='lat' dir='ltr'><strong>in</strong></span> <span class='ocrx_word' id='word_1_530' title='bbox 646 5531 765 5587; x_wconf 87' lang='lat' dir='ltr'><strong>qua</strong></span> <span class='ocrx_word' id='word_1_531' title='bbox 794 5518 933 5569; x_wconf 89' lang='lat' dir='ltr'><strong>sunt</strong></span> <span class='ocrx_word' id='word_1_532' title='bbox 962 5519 1079 5568; x_wconf 91' lang='lat' dir='ltr'><strong>tres</strong></span> <span class='ocrx_word' id='word_1_533' title='bbox 1111 5515 1349 5569; x_wconf 88' lang='lat' dir='ltr'><strong>arbores</strong></span> <span class='ocrx_word' id='word_1_534' title='bbox 1382 5513 1859 5586; x_wconf 83' lang='lat' dir='ltr'><strong>dactylorum,ex</strong></span> 
     </span>
    </p>
   </div>
   <div class='ocr_carea' id='block_1_75' title="bbox 213 5601 1857 5675">
    <p class='ocr_par' dir='ltr' id='par_1_75' title="bbox 213 5601 1857 5675">
     <span class='ocr_line' id='line_1_75' title="bbox 213 5601 1857 5675; baseline 0.002 -20"><span class='ocrx_word' id='word_1_535' title='bbox 213 5603 427 5672; x_wconf 89' lang='lat' dir='ltr'><strong>quibus</strong></span> <span class='ocrx_word' id='word_1_536' title='bbox 457 5603 710 5674; x_wconf 87' lang='lat' dir='ltr'><strong>singulis</strong></span> <span class='ocrx_word' id='word_1_537' title='bbox 743 5601 977 5673; x_wconf 88' lang='lat' dir='ltr'><strong>singula</strong></span> <span class='ocrx_word' id='word_1_538' title='bbox 1000 5602 1179 5672; x_wconf 85' lang='lat' dir='ltr'><strong>ﬂagra</strong></span> <span class='ocrx_word' id='word_1_539' title='bbox 1200 5603 1571 5674; x_wconf 89' lang='lat' dir='ltr'><strong>dependent:</strong></span> <span class='ocrx_word' id='word_1_540' title='bbox 1605 5619 1857 5675; x_wconf 87' lang='lat' dir='ltr'><strong>quorum</strong></span> 
     </span>
    </p>
   </div>
   <div class='ocr_carea' id='block_1_76' title="bbox 212 5690 1859 5764">
    <p class='ocr_par' dir='ltr' id='par_1_76' title="bbox 212 5690 1859 5764">
     <span class='ocr_line' id='line_1_76' title="bbox 212 5690 1859 5764; baseline 0.001 -19"><span class='ocrx_word' id='word_1_541' title='bbox 212 5707 325 5745; x_wconf 89' lang='lat' dir='ltr'><strong>uno</strong></span> <span class='ocrx_word' id='word_1_542' title='bbox 340 5690 379 5744; x_wconf 90' lang='lat' dir='ltr'><strong>ii</strong></span> <span class='ocrx_word' id='word_1_543' title='bbox 396 5691 491 5761; x_wconf 91' lang='lat' dir='ltr'><strong>qui</strong></span> <span class='ocrx_word' id='word_1_544' title='bbox 508 5696 750 5764; x_wconf 85' lang='lat' dir='ltr'><strong>peccant</strong></span> <span class='ocrx_word' id='word_1_545' title='bbox 767 5690 1037 5746; x_wconf 89' lang='lat' dir='ltr'><strong>monachi</strong></span> <span class='ocrx_word' id='word_1_546' title='bbox 1056 5691 1458 5757; x_wconf 89' lang='lat' dir='ltr'><strong>verberantur,</strong></span> <span class='ocrx_word' id='word_1_547' title='bbox 1476 5691 1588 5747; x_wconf 88' lang='lat' dir='ltr'><strong>alio</strong></span> <span class='ocrx_word' id='word_1_548' title='bbox 1606 5694 1859 5747; x_wconf 88' lang='lat' dir='ltr'><strong>latrones</strong></span> 
     </span>
    </p>
   </div>
   <div class='ocr_carea' id='block_1_77' title="bbox 214 5780 1862 5852">
    <p class='ocr_par' dir='ltr' id='par_1_77' title="bbox 214 5780 1862 5852">
     <span class='ocr_line' id='line_1_77' title="bbox 214 5780 1862 5852; baseline 0.002 -17"><span class='ocrx_word' id='word_1_549' title='bbox 214 5780 282 5843; x_wconf 84' lang='lat' dir='ltr'><strong>(si</strong></span> <span class='ocrx_word' id='word_1_550' title='bbox 312 5781 621 5838; x_wconf 87' lang='lat' dir='ltr'><strong>inciderint</strong></span> <span class='ocrx_word' id='word_1_551' title='bbox 650 5782 815 5852; x_wconf 86' lang='lat' dir='ltr'><strong>forte)</strong></span> <span class='ocrx_word' id='word_1_552' title='bbox 847 5781 1194 5837; x_wconf 75' lang='lat' dir='ltr'><strong>caeduntur:</strong></span> <span class='ocrx_word' id='word_1_553' title='bbox 1227 5780 1400 5837; x_wconf 90' lang='lat' dir='ltr'><strong>tertio</strong></span> <span class='ocrx_word' id='word_1_554' title='bbox 1415 5781 1627 5838; x_wconf 90' lang='lat' dir='ltr'><strong>delicta</strong></span> <span class='ocrx_word' id='word_1_555' title='bbox 1659 5797 1862 5839; x_wconf 89' lang='lat' dir='ltr'><strong>eorum</strong></span> 
     </span>
    </p>
   </div>
   <div class='ocr_carea' id='block_1_78' title="bbox 1968 2023 3625 2089">
    <p class='ocr_par' dir='ltr' id='par_1_78' title="bbox 1968 2023 3625 2089">
     <span class='ocr_line' id='line_1_78' title="bbox 1968 2023 3625 2089; baseline 0.008 -13"><span class='ocrx_word' id='word_1_556' title='bbox 1968 2023 2431 2084; x_wconf 88' lang='lat' dir='ltr'><strong>duntur.0mnes</strong></span> <span class='ocrx_word' id='word_1_557' title='bbox 2454 2035 2649 2085; x_wconf 86' lang='lat' dir='ltr'><strong>autem</strong></span> <span class='ocrx_word' id='word_1_558' title='bbox 2668 2030 2761 2084; x_wconf 91' lang='lat' dir='ltr'><strong>isti</strong></span> <span class='ocrx_word' id='word_1_559' title='bbox 2788 2031 3060 2086; x_wconf 87' lang='lat' dir='ltr'><strong>manibus</strong></span> <span class='ocrx_word' id='word_1_560' title='bbox 3078 2032 3397 2088; x_wconf 82' lang='lat' dir='ltr'><strong>coniiciunt</strong></span> <span class='ocrx_word' id='word_1_561' title='bbox 3421 2033 3625 2089; x_wconf 87' lang='lat' dir='ltr'><strong>lintea-</strong></span> 
     </span>
    </p>
   </div>
   <div class='ocr_carea' id='block_1_79' title="bbox 1967 2118 3619 2190">
    <p class='ocr_par' dir='ltr' id='par_1_79' title="bbox 1967 2118 3619 2190">
     <span class='ocr_line' id='line_1_79' title="bbox 1967 2118 3619 2190; baseline 0.007 -23"><span class='ocrx_word' id='word_1_562' title='bbox 1967 2128 2119 2183; x_wconf 88' lang='lat' dir='ltr'><strong>men,</strong></span> <span class='ocrx_word' id='word_1_563' title='bbox 2144 2131 2230 2182; x_wconf 82' lang='lat' dir='ltr'><strong>ex,</strong></span> <span class='ocrx_word' id='word_1_564' title='bbox 2257 2133 2324 2171; x_wconf 82' lang='lat' dir='ltr'><strong>ex</strong></span> <span class='ocrx_word' id='word_1_565' title='bbox 2355 2118 2526 2189; x_wconf 87' lang='lat' dir='ltr'><strong>cujus</strong></span> <span class='ocrx_word' id='word_1_566' title='bbox 2549 2120 2742 2190; x_wconf 86' lang='lat' dir='ltr'><strong>operis</strong></span> <span class='ocrx_word' id='word_1_567' title='bbox 2783 2120 3179 2176; x_wconf 87' lang='lat' dir='ltr'><strong>emolumento</strong></span> <span class='ocrx_word' id='word_1_568' title='bbox 3221 2122 3366 2175; x_wconf 91' lang='lat' dir='ltr'><strong>nulli</strong></span> <span class='ocrx_word' id='word_1_569' title='bbox 3414 2139 3619 2179; x_wconf 89' lang='lat' dir='ltr'><strong>eorum</strong></span> 
     </span>
    </p>
   </div>
   <div class='ocr_carea' id='block_1_80' title="bbox 1966 2203 3620 2273">
    <p class='ocr_par' dir='ltr' id='par_1_80' title="bbox 1966 2203 3620 2273">
     <span class='ocr_line' id='line_1_80' title="bbox 1966 2203 3620 2273; baseline 0.008 -18"><span class='ocrx_word' id='word_1_570' title='bbox 1966 2203 2284 2273; x_wconf 89' lang='lat' dir='ltr'><strong>quidquam</strong></span> <span class='ocrx_word' id='word_1_571' title='bbox 2308 2206 2502 2262; x_wconf 84' lang='lat' dir='ltr'><strong>deﬁcit</strong></span> <span class='ocrx_word' id='word_1_572' title='bbox 2535 2209 2605 2263; x_wconf 92' lang='lat' dir='ltr'><strong>ad</strong></span> <span class='ocrx_word' id='word_1_573' title='bbox 2638 2208 2835 2266; x_wconf 89' lang='lat' dir='ltr'><strong>vitam.</strong></span> <span class='ocrx_word' id='word_1_574' title='bbox 2865 2214 2960 2265; x_wconf 85' lang='lat' dir='ltr'><strong>Est</strong></span> <span class='ocrx_word' id='word_1_575' title='bbox 2978 2216 3173 2265; x_wconf 82' lang='lat' dir='ltr'><strong>autem</strong></span> <span class='ocrx_word' id='word_1_576' title='bbox 3211 2211 3474 2266; x_wconf 62' lang='lat' dir='ltr'><strong>maxime</strong></span> <span class='ocrx_word' id='word_1_577' title='bbox 3520 2230 3620 2269; x_wconf 86' lang='lat' dir='ltr'><strong>vo-</strong></span> 
     </span>
    </p>
   </div>
   <div class='ocr_carea' id='block_1_81' title="bbox 1965 2292 3623 2373">
    <p class='ocr_par' dir='ltr' id='par_1_81' title="bbox 1965 2292 3623 2373">
     <span class='ocr_line' id='line_1_81' title="bbox 1965 2292 3623 2373; baseline 0.008 -29"><span class='ocrx_word' id='word_1_578' title='bbox 1965 2292 2229 2363; x_wconf 88' lang='lat' dir='ltr'><strong>luptatis,</strong></span> <span class='ocrx_word' id='word_1_579' title='bbox 2274 2296 2427 2351; x_wconf 91' lang='lat' dir='ltr'><strong>circa</strong></span> <span class='ocrx_word' id='word_1_580' title='bbox 2479 2298 2841 2368; x_wconf 88' lang='lat' dir='ltr'><strong>vespertinas</strong></span> <span class='ocrx_word' id='word_1_581' title='bbox 2902 2299 3075 2354; x_wconf 86' lang='lat' dir='ltr'><strong>horas</strong></span> <span class='ocrx_word' id='word_1_582' title='bbox 3144 2316 3212 2354; x_wconf 80' lang='lat' dir='ltr'><strong>ex</strong></span> <span class='ocrx_word' id='word_1_583' title='bbox 3266 2317 3623 2373; x_wconf 90' lang='lat' dir='ltr'><strong>unaquaque</strong></span> 
     </span>
    </p>
   </div>
   <div class='ocr_carea' id='block_1_82' title="bbox 1967 2381 3617 2462">
    <p class='ocr_par' dir='ltr' id='par_1_82' title="bbox 1967 2381 3617 2462">
     <span class='ocr_line' id='line_1_82' title="bbox 1967 2381 3617 2462; baseline 0.007 -28"><span class='ocrx_word' id='word_1_584' title='bbox 1967 2381 2271 2438; x_wconf 87' lang='lat' dir='ltr'><strong>mansione</strong></span> <span class='ocrx_word' id='word_1_585' title='bbox 2306 2386 2727 2442; x_wconf 87' lang='lat' dir='ltr'><strong>monachorum</strong></span> <span class='ocrx_word' id='word_1_586' title='bbox 2767 2387 2957 2443; x_wconf 83' lang='lat' dir='ltr'><strong>varias</strong></span> <span class='ocrx_word' id='word_1_587' title='bbox 3005 2389 3207 2444; x_wconf 82' lang='lat' dir='ltr'><strong>audire</strong></span> <span class='ocrx_word' id='word_1_588' title='bbox 3240 2406 3427 2457; x_wconf 84' lang='lat' dir='ltr'><strong>voces,</strong></span> <span class='ocrx_word' id='word_1_589' title='bbox 3461 2391 3617 2462; x_wconf 84' lang='lat' dir='ltr'><strong>psal-</strong></span> 
     </span>
    </p>
   </div>
   <div class='ocr_carea' id='block_1_83' title="bbox 1966 2472 3617 2551">
    <p class='ocr_par' dir='ltr' id='par_1_83' title="bbox 1966 2472 3617 2551">
     <span class='ocr_line' id='line_1_83' title="bbox 1966 2472 3617 2551; baseline 0.007 -27"><span class='ocrx_word' id='word_1_590' title='bbox 1966 2486 2094 2527; x_wconf 91' lang='lat' dir='ltr'><strong>mos</strong></span> <span class='ocrx_word' id='word_1_591' title='bbox 2122 2472 2354 2529; x_wconf 89' lang='lat' dir='ltr'><strong>Christo</strong></span> <span class='ocrx_word' id='word_1_592' title='bbox 2377 2477 2737 2531; x_wconf 90' lang='lat' dir='ltr'><strong>canentium.</strong></span> <span class='ocrx_word' id='word_1_593' title='bbox 2767 2479 2889 2543; x_wconf 89' lang='lat' dir='ltr'><strong>Quo</strong></span> <span class='ocrx_word' id='word_1_594' title='bbox 2910 2483 3170 2550; x_wconf 90' lang='lat' dir='ltr'><strong>tempore</strong></span> <span class='ocrx_word' id='word_1_595' title='bbox 3202 2478 3248 2534; x_wconf 92' lang='lat' dir='ltr'><strong>si</strong></span> <span class='ocrx_word' id='word_1_596' title='bbox 3274 2479 3408 2551; x_wconf 93' lang='lat' dir='ltr'><strong>quis</strong></span> <span class='ocrx_word' id='word_1_597' title='bbox 3438 2481 3617 2536; x_wconf 87' lang='lat' dir='ltr'><strong>assis-</strong></span> 
     </span>
    </p>
   </div>
   <div class='ocr_carea' id='block_1_84' title="bbox 1965 2562 3613 2640">
    <p class='ocr_par' dir='ltr' id='par_1_84' title="bbox 1965 2562 3613 2640">
     <span class='ocr_line' id='line_1_84' title="bbox 1965 2562 3613 2640; baseline 0.007 -26"><span class='ocrx_word' id='word_1_598' title='bbox 1965 2564 2049 2615; x_wconf 88' lang='lat' dir='ltr'><strong>tat</strong></span> <span class='ocrx_word' id='word_1_599' title='bbox 2079 2566 2136 2616; x_wconf 91' lang='lat' dir='ltr'><strong>et</strong></span> <span class='ocrx_word' id='word_1_600' title='bbox 2166 2562 2474 2631; x_wconf 76' lang='lat' dir='ltr'><strong>diligenter</strong></span> <span class='ocrx_word' id='word_1_601' title='bbox 2504 2566 2791 2633; x_wconf 87' lang='lat' dir='ltr'><strong>advertat,</strong></span> <span class='ocrx_word' id='word_1_602' title='bbox 2826 2569 3055 2640; x_wconf 89' lang='lat' dir='ltr'><strong>putabit</strong></span> <span class='ocrx_word' id='word_1_603' title='bbox 3085 2586 3147 2624; x_wconf 88' lang='lat' dir='ltr'><strong>se</strong></span> <span class='ocrx_word' id='word_1_604' title='bbox 3180 2569 3379 2624; x_wconf 87' lang='lat' dir='ltr'><strong>subito</strong></span> <span class='ocrx_word' id='word_1_605' title='bbox 3412 2570 3613 2625; x_wconf 89' lang='lat' dir='ltr'><strong>subla-</strong></span> 
     </span>
    </p>
   </div>
   <div class='ocr_carea' id='block_1_85' title="bbox 1963 2652 3615 2730">
    <p class='ocr_par' dir='ltr' id='par_1_85' title="bbox 1963 2652 3615 2730">
     <span class='ocr_line' id='line_1_85' title="bbox 1963 2652 3615 2730; baseline 0.007 -26"><span class='ocrx_word' id='word_1_606' title='bbox 1963 2654 2109 2717; x_wconf 89' lang='lat' dir='ltr'><strong>tum,</strong></span> <span class='ocrx_word' id='word_1_607' title='bbox 2152 2658 2207 2707; x_wconf 93' lang='lat' dir='ltr'><strong>et</strong></span> <span class='ocrx_word' id='word_1_608' title='bbox 2240 2652 2298 2708; x_wconf 91' lang='lat' dir='ltr'><strong>in</strong></span> <span class='ocrx_word' id='word_1_609' title='bbox 2350 2656 2621 2726; x_wconf 89' lang='lat' dir='ltr'><strong>paradiso</strong></span> <span class='ocrx_word' id='word_1_610' title='bbox 2666 2657 3078 2713; x_wconf 88' lang='lat' dir='ltr'><strong>constitutum.</strong></span> <span class='ocrx_word' id='word_1_611' title='bbox 3121 2659 3204 2713; x_wconf 91' lang='lat' dir='ltr'><strong>Ad</strong></span> <span class='ocrx_word' id='word_1_612' title='bbox 3252 2659 3441 2730; x_wconf 91' lang='lat' dir='ltr'><strong>ipsam</strong></span> <span class='ocrx_word' id='word_1_613' title='bbox 3482 2676 3615 2715; x_wconf 90' lang='lat' dir='ltr'><strong>vero</strong></span> 
     </span>
    </p>
   </div>
   <div class='ocr_carea' id='block_1_86' title="bbox 1960 2739 3619 2804">
    <p class='ocr_par' dir='ltr' id='par_1_86' title="bbox 1960 2739 3619 2804">
     <span class='ocr_line' id='line_1_86' title="bbox 1960 2739 3619 2804; baseline 0.007 -11"><span class='ocrx_word' id='word_1_614' title='bbox 1960 2739 2267 2797; x_wconf 71' lang='lat' dir='ltr'><strong>ecclesiam</strong></span> <span class='ocrx_word' id='word_1_615' title='bbox 2296 2741 2420 2799; x_wconf 89' lang='lat' dir='ltr'><strong>solo</strong></span> <span class='ocrx_word' id='word_1_616' title='bbox 2460 2745 2715 2801; x_wconf 80' lang='lat' dir='ltr'><strong>Sabbato</strong></span> <span class='ocrx_word' id='word_1_617' title='bbox 2746 2750 2803 2802; x_wconf 90' lang='lat' dir='ltr'><strong>et</strong></span> <span class='ocrx_word' id='word_1_618' title='bbox 2835 2746 3134 2802; x_wconf 91' lang='lat' dir='ltr'><strong>Dominico</strong></span> <span class='ocrx_word' id='word_1_619' title='bbox 3185 2747 3277 2803; x_wconf 90' lang='lat' dir='ltr'><strong>die</strong></span> <span class='ocrx_word' id='word_1_620' title='bbox 3308 2748 3619 2804; x_wconf 88' lang='lat' dir='ltr'><strong>convenire</strong></span> 
     </span>
    </p>
   </div>
   <div class='ocr_carea' id='block_1_87' title="bbox 1962 2837 2413 2886">
    <p class='ocr_par' dir='ltr' id='par_1_87' title="bbox 1962 2837 2413 2886">
     <span class='ocr_line' id='line_1_87' title="bbox 1962 2837 2413 2886; baseline 0.011 -5"><span class='ocrx_word' id='word_1_621' title='bbox 1962 2837 2413 2886; x_wconf 76' lang='lat' dir='ltr'><strong>consueverunt.</strong></span> 
     </span>
    </p>
   </div>
   <div class='ocr_carea' id='block_1_88' title="bbox 2030 2920 3619 2997">
    <p class='ocr_par' dir='ltr' id='par_1_88' title="bbox 2030 2920 3619 2997">
     <span class='ocr_line' id='line_1_88' title="bbox 2030 2920 3619 2997; baseline 0.006 -25"><span class='ocrx_word' id='word_1_622' title='bbox 2030 2920 2175 2974; x_wconf 92' lang='lat' dir='ltr'><strong>Sunt</strong></span> <span class='ocrx_word' id='word_1_623' title='bbox 2211 2924 2408 2975; x_wconf 91' lang='lat' dir='ltr'><strong>autem</strong></span> <span class='ocrx_word' id='word_1_624' title='bbox 2450 2922 2508 2976; x_wconf 92' lang='lat' dir='ltr'><strong>in</strong></span> <span class='ocrx_word' id='word_1_625' title='bbox 2554 2922 2678 2992; x_wconf 85' lang='lat' dir='ltr'><strong>ipsa</strong></span> <span class='ocrx_word' id='word_1_626' title='bbox 2708 2928 2837 2979; x_wconf 89' lang='lat' dir='ltr'><strong>octo</strong></span> <span class='ocrx_word' id='word_1_627' title='bbox 2878 2923 3229 2995; x_wconf 81' lang='lat' dir='ltr'><strong>presbyteri,</strong></span> <span class='ocrx_word' id='word_1_628' title='bbox 3276 2924 3428 2981; x_wconf 90' lang='lat' dir='ltr'><strong>inter</strong></span> <span class='ocrx_word' id='word_1_629' title='bbox 3471 2942 3619 2997; x_wconf 91' lang='lat' dir='ltr'><strong>quos</strong></span> 
     </span>
    </p>
   </div>
   <div class='ocr_carea' id='block_1_89' title="bbox 1960 3008 3617 3086">
    <p class='ocr_par' dir='ltr' id='par_1_89' title="bbox 1960 3008 3617 3086">
     <span class='ocr_line' id='line_1_89' title="bbox 1960 3008 3617 3086; baseline 0.005 -25"><span class='ocrx_word' id='word_1_630' title='bbox 1960 3008 2221 3078; x_wconf 88' lang='lat' dir='ltr'><strong>quandiu</strong></span> <span class='ocrx_word' id='word_1_631' title='bbox 2241 3010 2468 3081; x_wconf 89' lang='lat' dir='ltr'><strong>primus</strong></span> <span class='ocrx_word' id='word_1_632' title='bbox 2484 3012 2788 3083; x_wconf 84' lang='lat' dir='ltr'><strong>presbyter</strong></span> <span class='ocrx_word' id='word_1_633' title='bbox 2805 3012 3171 3079; x_wconf 88' lang='lat' dir='ltr'><strong>vivit,nullus</strong></span> <span class='ocrx_word' id='word_1_634' title='bbox 3194 3019 3401 3084; x_wconf 63' lang='lat' dir='ltr'><strong>praeter</strong></span> <span class='ocrx_word' id='word_1_635' title='bbox 3421 3014 3617 3086; x_wconf 89' lang='lat' dir='ltr'><strong>ipsum</strong></span> 
     </span>
    </p>
   </div>
   <div class='ocr_carea' id='block_1_90' title="bbox 1960 3096 3620 3175">
    <p class='ocr_par' dir='ltr' id='par_1_90' title="bbox 1960 3096 3620 3175">
     <span class='ocr_line' id='line_1_90' title="bbox 1960 3096 3620 3175; baseline 0.004 -23"><span class='ocrx_word' id='word_1_636' title='bbox 1960 3096 2105 3152; x_wconf 84' lang='lat' dir='ltr'><strong>alter</strong></span> <span class='ocrx_word' id='word_1_637' title='bbox 2134 3104 2235 3153; x_wconf 90' lang='lat' dir='ltr'><strong>aut</strong></span> <span class='ocrx_word' id='word_1_638' title='bbox 2267 3116 2434 3154; x_wconf 88' lang='lat' dir='ltr'><strong>sacra</strong></span> <span class='ocrx_word' id='word_1_639' title='bbox 2464 3100 2629 3155; x_wconf 78' lang='lat' dir='ltr'><strong>offert</strong></span> <span class='ocrx_word' id='word_1_640' title='bbox 2669 3101 2918 3169; x_wconf 89' lang='lat' dir='ltr'><strong>Deo,aut</strong></span> <span class='ocrx_word' id='word_1_641' title='bbox 2941 3106 3150 3157; x_wconf 89' lang='lat' dir='ltr'><strong>tractat</strong></span> <span class='ocrx_word' id='word_1_642' title='bbox 3179 3102 3279 3174; x_wconf 83' lang='lat'><strong>(2),</strong></span> <span class='ocrx_word' id='word_1_643' title='bbox 3322 3109 3423 3159; x_wconf 90' lang='lat' dir='ltr'><strong>aut</strong></span> <span class='ocrx_word' id='word_1_644' title='bbox 3445 3104 3620 3175; x_wconf 92' lang='lat' dir='ltr'><strong>judi-</strong></span> 
     </span>
    </p>
   </div>
   <div class='ocr_carea' id='block_1_91' title="bbox 1959 3188 3617 3262">
    <p class='ocr_par' dir='ltr' id='par_1_91' title="bbox 1959 3188 3617 3262">
     <span class='ocr_line' id='line_1_91' title="bbox 1959 3188 3617 3262; baseline 0.005 -22"><span class='ocrx_word' id='word_1_645' title='bbox 1959 3192 2071 3252; x_wconf 86' lang='lat' dir='ltr'><strong>cat,</strong></span> <span class='ocrx_word' id='word_1_646' title='bbox 2104 3188 2260 3243; x_wconf 74' lang='lat'><strong>946</strong></span> <span class='ocrx_word' id='word_1_647' title='bbox 2284 3188 2382 3243; x_wconf 90' lang='lat' dir='ltr'><strong>sed</strong></span> <span class='ocrx_word' id='word_1_648' title='bbox 2407 3188 2584 3245; x_wconf 89' lang='lat' dir='ltr'><strong>silent</strong></span> <span class='ocrx_word' id='word_1_649' title='bbox 2616 3206 2870 3262; x_wconf 78' lang='lat' dir='ltr'><strong>semper,</strong></span> <span class='ocrx_word' id='word_1_650' title='bbox 2892 3190 3014 3245; x_wconf 91' lang='lat' dir='ltr'><strong>solo</strong></span> <span class='ocrx_word' id='word_1_651' title='bbox 3050 3208 3364 3248; x_wconf 89' lang='lat' dir='ltr'><strong>consessus</strong></span> <span class='ocrx_word' id='word_1_652' title='bbox 3396 3193 3617 3249; x_wconf 89' lang='lat' dir='ltr'><strong>honore</strong></span> 
     </span>
    </p>
   </div>
   <div class='ocr_carea' id='block_1_92' title="bbox 2274 3277 3618 3349">
    <p class='ocr_par' dir='ltr' id='par_1_92' title="bbox 2274 3277 3618 3349">
     <span class='ocr_line' id='line_1_92' title="bbox 2274 3277 3618 3349; baseline 0.004 -17"><span class='ocrx_word' id='word_1_653' title='bbox 2274 3277 2374 3333; x_wconf 86' lang='lat' dir='ltr'><strong>ille</strong></span> <span class='ocrx_word' id='word_1_654' title='bbox 2398 3295 2529 3333; x_wconf 91' lang='lat' dir='ltr'><strong>vero</strong></span> <span class='ocrx_word' id='word_1_655' title='bbox 2564 3280 2750 3349; x_wconf 88' lang='lat' dir='ltr'><strong>major</strong></span> <span class='ocrx_word' id='word_1_656' title='bbox 2788 3280 3069 3346; x_wconf 77' lang='lat' dir='ltr'><strong>Arsisius,</strong></span> <span class='ocrx_word' id='word_1_657' title='bbox 3092 3284 3150 3336; x_wconf 90' lang='lat' dir='ltr'><strong>et</strong></span> <span class='ocrx_word' id='word_1_658' title='bbox 3175 3282 3273 3335; x_wconf 86' lang='lat' dir='ltr'><strong>alii</strong></span> <span class='ocrx_word' id='word_1_659' title='bbox 3293 3282 3461 3335; x_wconf 90' lang='lat' dir='ltr'><strong>multi</strong></span> <span class='ocrx_word' id='word_1_660' title='bbox 3485 3298 3618 3337; x_wconf 92' lang='lat' dir='ltr'><strong>cum</strong></span> 
     </span>
    </p>
   </div>
   <div class='ocr_carea' id='block_1_93' title="bbox 1965 3365 3620 3441">
    <p class='ocr_par' dir='ltr' id='par_1_93' title="bbox 1965 3365 3620 3441">
     <span class='ocr_line' id='line_1_93' title="bbox 1965 3365 3620 3441; baseline 0.004 -21"><span class='ocrx_word' id='word_1_661' title='bbox 1965 3365 2093 3437; x_wconf 88' lang='lat' dir='ltr'><strong>ipso</strong></span> <span class='ocrx_word' id='word_1_662' title='bbox 2119 3383 2289 3423; x_wconf 89' lang='lat' dir='ltr'><strong>senes</strong></span> <span class='ocrx_word' id='word_1_663' title='bbox 2321 3368 2865 3441; x_wconf 89' lang='lat' dir='ltr'><strong>sanctissimi,quos</strong></span> <span class='ocrx_word' id='word_1_664' title='bbox 2898 3373 2951 3424; x_wconf 88' lang='lat' dir='ltr'><strong>et</strong></span> <span class='ocrx_word' id='word_1_665' title='bbox 2986 3369 3111 3441; x_wconf 84' lang='lat' dir='ltr'><strong>ipse</strong></span> <span class='ocrx_word' id='word_1_666' title='bbox 3143 3375 3285 3425; x_wconf 89' lang='lat' dir='ltr'><strong>tunc</strong></span> <span class='ocrx_word' id='word_1_667' title='bbox 3316 3371 3620 3441; x_wconf 83' lang='lat' dir='ltr'><strong>vidi,ejus-</strong></span> 
     </span>
    </p>
   </div>
   <div class='ocr_carea' id='block_1_94' title="bbox 1966 3458 3617 3532">
    <p class='ocr_par' dir='ltr' id='par_1_94' title="bbox 1966 3458 3617 3532">
     <span class='ocr_line' id='line_1_94' title="bbox 1966 3458 3617 3532; baseline 0.004 -23"><span class='ocrx_word' id='word_1_668' title='bbox 1966 3458 2099 3511; x_wconf 90' lang='lat' dir='ltr'><strong>dem</strong></span> <span class='ocrx_word' id='word_1_669' title='bbox 2132 3458 2413 3528; x_wconf 88' lang='lat' dir='ltr'><strong>temporis</strong></span> <span class='ocrx_word' id='word_1_670' title='bbox 2443 3460 2612 3528; x_wconf 90' lang='lat' dir='ltr'><strong>cujus</strong></span> <span class='ocrx_word' id='word_1_671' title='bbox 2645 3462 2701 3513; x_wconf 93' lang='lat' dir='ltr'><strong>et</strong></span> <span class='ocrx_word' id='word_1_672' title='bbox 2732 3458 2939 3514; x_wconf 89' lang='lat' dir='ltr'><strong>beatus</strong></span> <span class='ocrx_word' id='word_1_673' title='bbox 2969 3459 3258 3514; x_wconf 90' lang='lat' dir='ltr'><strong>Antonius</strong></span> <span class='ocrx_word' id='word_1_674' title='bbox 3287 3465 3453 3515; x_wconf 89' lang='lat' dir='ltr'><strong>erant</strong></span> <span class='ocrx_word' id='word_1_675' title='bbox 3476 3480 3489 3527; x_wconf 90' lang='lat'><strong>;</strong></span> <span class='ocrx_word' id='word_1_676' title='bbox 3515 3460 3617 3532; x_wconf 91' lang='lat' dir='ltr'><strong>qui</strong></span> 
     </span>
    </p>
   </div>
   <div class='ocr_carea' id='block_1_95' title="bbox 1966 3547 3618 3606">
    <p class='ocr_par' dir='ltr' id='par_1_95' title="bbox 1966 3547 3618 3606">
     <span class='ocr_line' id='line_1_95' title="bbox 1966 3547 3618 3606; baseline 0.004 -6"><span class='ocrx_word' id='word_1_677' title='bbox 1966 3547 2132 3601; x_wconf 89' lang='lat' dir='ltr'><strong>nobis</strong></span> <span class='ocrx_word' id='word_1_678' title='bbox 2150 3548 2325 3602; x_wconf 87' lang='lat' dir='ltr'><strong>etiam</strong></span> <span class='ocrx_word' id='word_1_679' title='bbox 2358 3553 2626 3603; x_wconf 86' lang='lat' dir='ltr'><strong>sanctum</strong></span> <span class='ocrx_word' id='word_1_680' title='bbox 2660 3554 3003 3604; x_wconf 85' lang='lat' dir='ltr'><strong>Ammonem</strong></span> <span class='ocrx_word' id='word_1_681' title='bbox 3028 3549 3339 3605; x_wconf 90' lang='lat' dir='ltr'><strong>Nitriotem</strong></span> <span class='ocrx_word' id='word_1_682' title='bbox 3361 3568 3423 3604; x_wconf 88' lang='lat' dir='ltr'><strong>se</strong></span> <span class='ocrx_word' id='word_1_683' title='bbox 3446 3567 3618 3606; x_wconf 90' lang='lat' dir='ltr'><strong>nosse</strong></span> 
     </span>
    </p>
   </div>
   <div class='ocr_carea' id='block_1_96' title="bbox 1965 3636 3615 3710">
    <p class='ocr_par' dir='ltr' id='par_1_96' title="bbox 1965 3636 3615 3710">
     <span class='ocr_line' id='line_1_96' title="bbox 1965 3636 3615 3710; baseline 0.003 -21"><span class='ocrx_word' id='word_1_684' title='bbox 1965 3636 2228 3697; x_wconf 85' lang='lat' dir='ltr'><strong>dicebat;</strong></span> <span class='ocrx_word' id='word_1_685' title='bbox 2255 3636 2445 3705; x_wconf 92' lang='lat' dir='ltr'><strong>illum,</strong></span> <span class='ocrx_word' id='word_1_686' title='bbox 2468 3638 2906 3706; x_wconf 90' lang='lat' dir='ltr'><strong>cujusanimam</strong></span> <span class='ocrx_word' id='word_1_687' title='bbox 2940 3638 3081 3692; x_wconf 91' lang='lat' dir='ltr'><strong>dum</strong></span> <span class='ocrx_word' id='word_1_688' title='bbox 3106 3639 3178 3693; x_wconf 93' lang='lat' dir='ltr'><strong>ab</strong></span> <span class='ocrx_word' id='word_1_689' title='bbox 3196 3640 3419 3710; x_wconf 84' lang='lat' dir='ltr'><strong>angelis</strong></span> <span class='ocrx_word' id='word_1_690' title='bbox 3444 3640 3615 3695; x_wconf 86' lang='lat' dir='ltr'><strong>ferre-</strong></span> 
     </span>
    </p>
   </div>
   <div class='ocr_carea' id='block_1_97' title="bbox 1962 3724 3616 3797">
    <p class='ocr_par' dir='ltr' id='par_1_97' title="bbox 1962 3724 3616 3797">
     <span class='ocr_line' id='line_1_97' title="bbox 1962 3724 3616 3797; baseline 0.004 -20"><span class='ocrx_word' id='word_1_691' title='bbox 1962 3729 2060 3778; x_wconf 91' lang='lat' dir='ltr'><strong>tur</strong></span> <span class='ocrx_word' id='word_1_692' title='bbox 2091 3726 2160 3779; x_wconf 90' lang='lat' dir='ltr'><strong>ad</strong></span> <span class='ocrx_word' id='word_1_693' title='bbox 2205 3724 2437 3791; x_wconf 62' lang='lat' dir='ltr'><strong>coelum,</strong></span> <span class='ocrx_word' id='word_1_694' title='bbox 2470 3726 2617 3779; x_wconf 87' lang='lat' dir='ltr'><strong>vidit</strong></span> <span class='ocrx_word' id='word_1_695' title='bbox 2661 3725 2971 3781; x_wconf 85' lang='lat' dir='ltr'><strong>Antonius.</strong></span> <span class='ocrx_word' id='word_1_696' title='bbox 3008 3727 3108 3781; x_wconf 85' lang='lat' dir='ltr'><strong>llic</strong></span> <span class='ocrx_word' id='word_1_697' title='bbox 3159 3743 3292 3797; x_wconf 86' lang='lat' dir='ltr'><strong>ergo</strong></span> <span class='ocrx_word' id='word_1_698' title='bbox 3327 3728 3616 3783; x_wconf 89' lang='lat' dir='ltr'><strong>referebat</strong></span> 
     </span>
    </p>
   </div>
   <div class='ocr_carea' id='block_1_98' title="bbox 1964 3813 3613 3885">
    <p class='ocr_par' dir='ltr' id='par_1_98' title="bbox 1964 3813 3613 3885">
     <span class='ocr_line' id='line_1_98' title="bbox 1964 3813 3613 3885; baseline 0.003 -19"><span class='ocrx_word' id='word_1_699' title='bbox 1964 3813 2117 3883; x_wconf 93' lang='lat' dir='ltr'><strong>quod</strong></span> <span class='ocrx_word' id='word_1_700' title='bbox 2135 3818 2189 3866; x_wconf 90' lang='lat' dir='ltr'><strong>et</strong></span> <span class='ocrx_word' id='word_1_701' title='bbox 2202 3814 2577 3868; x_wconf 86' lang='lat' dir='ltr'><strong>Pacbomium</strong></span> <span class='ocrx_word' id='word_1_702' title='bbox 2592 3814 3077 3869; x_wconf 86' lang='lat' dir='ltr'><strong>Tabennesiotem</strong></span> <span class='ocrx_word' id='word_1_703' title='bbox 3096 3816 3412 3885; x_wconf 89' lang='lat' dir='ltr'><strong>aliquando</strong></span> <span class='ocrx_word' id='word_1_704' title='bbox 3434 3816 3613 3871; x_wconf 90' lang='lat' dir='ltr'><strong>vidis-</strong></span> 
     </span>
    </p>
   </div>
   <div class='ocr_carea' id='block_1_99' title="bbox 1963 3903 3615 3975">
    <p class='ocr_par' dir='ltr' id='par_1_99' title="bbox 1963 3903 3615 3975">
     <span class='ocr_line' id='line_1_99' title="bbox 1963 3903 3615 3975; baseline 0.002 -18"><span class='ocrx_word' id='word_1_705' title='bbox 1963 3906 2069 3969; x_wconf 87' lang='lat' dir='ltr'><strong>set,</strong></span> <span class='ocrx_word' id='word_1_706' title='bbox 2095 3903 2280 3957; x_wconf 90' lang='lat' dir='ltr'><strong>virum</strong></span> <span class='ocrx_word' id='word_1_707' title='bbox 2311 3903 2654 3974; x_wconf 84' lang='lat' dir='ltr'><strong>prophetica</strong></span> <span class='ocrx_word' id='word_1_708' title='bbox 2669 3903 2854 3975; x_wconf 88' lang='lat' dir='ltr'><strong>gratia</strong></span> <span class='ocrx_word' id='word_1_709' title='bbox 2874 3904 3123 3967; x_wconf 90' lang='lat' dir='ltr'><strong>clarum,</strong></span> <span class='ocrx_word' id='word_1_710' title='bbox 3147 3910 3203 3958; x_wconf 89' lang='lat' dir='ltr'><strong>et</strong></span> <span class='ocrx_word' id='word_1_711' title='bbox 3234 3905 3291 3957; x_wconf 92' lang='lat' dir='ltr'><strong>in</strong></span> <span class='ocrx_word' id='word_1_712' title='bbox 3318 3910 3615 3960; x_wconf 85' lang='lat' dir='ltr'><strong>monaste-</strong></span> 
     </span>
    </p>
   </div>
   <div class='ocr_carea' id='block_1_100' title="bbox 1963 3990 3614 4064">
    <p class='ocr_par' dir='ltr' id='par_1_100' title="bbox 1963 3990 3614 4064">
     <span class='ocr_line' id='line_1_100' title="bbox 1963 3990 3614 4064; baseline 0.002 -21"><span class='ocrx_word' id='word_1_713' title='bbox 1963 3990 2047 4044; x_wconf 93' lang='lat' dir='ltr'><strong>rio</strong></span> <span class='ocrx_word' id='word_1_714' title='bbox 2065 3990 2174 4045; x_wconf 91' lang='lat' dir='ltr'><strong>tria</strong></span> <span class='ocrx_word' id='word_1_715' title='bbox 2189 3991 2373 4047; x_wconf 91' lang='lat' dir='ltr'><strong>millia</strong></span> <span class='ocrx_word' id='word_1_716' title='bbox 2395 3992 2817 4047; x_wconf 91' lang='lat' dir='ltr'><strong>monachorum</strong></span> <span class='ocrx_word' id='word_1_717' title='bbox 2840 3997 3133 4064; x_wconf 87' lang='lat' dir='ltr'><strong>regentem</strong></span> <span class='ocrx_word' id='word_1_718' title='bbox 3162 4013 3175 4061; x_wconf 91' lang='lat'><strong>;</strong></span> <span class='ocrx_word' id='word_1_719' title='bbox 3201 3993 3273 4049; x_wconf 91' lang='lat' dir='ltr'><strong>de</strong></span> <span class='ocrx_word' id='word_1_720' title='bbox 3297 3994 3468 4063; x_wconf 88' lang='lat' dir='ltr'><strong>cujus</strong></span> <span class='ocrx_word' id='word_1_721' title='bbox 3496 3994 3614 4047; x_wconf 88' lang='lat' dir='ltr'><strong>vir-</strong></span> 
     </span>
    </p>
   </div>
   <div class='ocr_carea' id='block_1_101' title="bbox 1961 4080 2942 4155">
    <p class='ocr_par' dir='ltr' id='par_1_101' title="bbox 1961 4080 2942 4155">
     <span class='ocr_line' id='line_1_101' title="bbox 1961 4080 2942 4155; baseline 0.006 -22"><span class='ocrx_word' id='word_1_722' title='bbox 1961 4080 2189 4135; x_wconf 91' lang='lat' dir='ltr'><strong>tutibus</strong></span> <span class='ocrx_word' id='word_1_723' title='bbox 2219 4086 2346 4152; x_wconf 90' lang='lat' dir='ltr'><strong>post</strong></span> <span class='ocrx_word' id='word_1_724' title='bbox 2384 4081 2688 4153; x_wconf 88' lang='lat' dir='ltr'><strong>paululum</strong></span> <span class='ocrx_word' id='word_1_725' title='bbox 2714 4082 2942 4155; x_wconf 88' lang='lat' dir='ltr'><strong>loquar.</strong></span> 
     </span>
    </p>
   </div>
   <div class='ocr_carea' id='block_1_102' title="bbox 2033 4171 3617 4240">
    <p class='ocr_par' dir='ltr' id='par_1_102' title="bbox 2033 4171 3617 4240">
     <span class='ocr_line' id='line_1_102' title="bbox 2033 4171 3617 4240; baseline 0.003 -17"><span class='ocrx_word' id='word_1_726' title='bbox 2033 4172 2228 4240; x_wconf 88' lang='lat' dir='ltr'><strong>Ipsum</strong></span> <span class='ocrx_word' id='word_1_727' title='bbox 2265 4174 2459 4226; x_wconf 90' lang='lat' dir='ltr'><strong>autem</strong></span> <span class='ocrx_word' id='word_1_728' title='bbox 2497 4174 2834 4227; x_wconf 82' lang='lat' dir='ltr'><strong>Ammonem</strong></span> <span class='ocrx_word' id='word_1_729' title='bbox 2865 4172 2922 4225; x_wconf 90' lang='lat' dir='ltr'><strong>in</strong></span> <span class='ocrx_word' id='word_1_730' title='bbox 2956 4171 3114 4226; x_wconf 83' lang='lat' dir='ltr'><strong>hunc</strong></span> <span class='ocrx_word' id='word_1_731' title='bbox 3150 4188 3371 4227; x_wconf 91' lang='lat' dir='ltr'><strong>morem</strong></span> <span class='ocrx_word' id='word_1_732' title='bbox 3403 4171 3617 4227; x_wconf 86' lang='lat' dir='ltr'><strong>vixisse</strong></span> 
     </span>
    </p>
   </div>
   <div class='ocr_carea' id='block_1_103' title="bbox 1961 4259 3616 4332">
    <p class='ocr_par' dir='ltr' id='par_1_103' title="bbox 1961 4259 3616 4332">
     <span class='ocr_line' id='line_1_103' title="bbox 1961 4259 3616 4332; baseline 0.002 -20"><span class='ocrx_word' id='word_1_733' title='bbox 1961 4259 2217 4314; x_wconf 87' lang='lat' dir='ltr'><strong>dicebat:</strong></span> <span class='ocrx_word' id='word_1_734' title='bbox 2258 4260 2401 4315; x_wconf 91' lang='lat' dir='ltr'><strong>Cum</strong></span> <span class='ocrx_word' id='word_1_735' title='bbox 2435 4262 2983 4332; x_wconf 87' lang='lat' dir='ltr'><strong>esset,inquit,puer</strong></span> <span class='ocrx_word' id='word_1_736' title='bbox 3021 4278 3053 4316; x_wconf 91' lang='lat' dir='ltr'><strong>a</strong></span> <span class='ocrx_word' id='word_1_737' title='bbox 3076 4262 3419 4332; x_wconf 89' lang='lat' dir='ltr'><strong>parentibus</strong></span> <span class='ocrx_word' id='word_1_738' title='bbox 3452 4262 3616 4316; x_wconf 87' lang='lat' dir='ltr'><strong>dere-</strong></span> 
     </span>
    </p>
   </div>
   <div class='ocr_carea' id='block_1_104' title="bbox 1960 4347 3614 4420">
    <p class='ocr_par' dir='ltr' id='par_1_104' title="bbox 1960 4347 3614 4420">
     <span class='ocr_line' id='line_1_104' title="bbox 1960 4347 3614 4420; baseline 0.002 -20"><span class='ocrx_word' id='word_1_739' title='bbox 1960 4347 2157 4415; x_wconf 91' lang='lat' dir='ltr'><strong>lictus,</strong></span> <span class='ocrx_word' id='word_1_740' title='bbox 2182 4354 2239 4403; x_wconf 89' lang='lat' dir='ltr'><strong>et</strong></span> <span class='ocrx_word' id='word_1_741' title='bbox 2270 4349 2339 4403; x_wconf 91' lang='lat' dir='ltr'><strong>ad</strong></span> <span class='ocrx_word' id='word_1_742' title='bbox 2373 4349 2579 4419; x_wconf 83' lang='lat' dir='ltr'><strong>viginti</strong></span> <span class='ocrx_word' id='word_1_743' title='bbox 2606 4350 2858 4404; x_wconf 91' lang='lat' dir='ltr'><strong>duorum</strong></span> <span class='ocrx_word' id='word_1_744' title='bbox 2913 4350 3273 4420; x_wconf 88' lang='lat' dir='ltr'><strong>pervenisset</strong></span> <span class='ocrx_word' id='word_1_745' title='bbox 3304 4366 3614 4404; x_wconf 90' lang='lat' dir='ltr'><strong>numerum</strong></span> 
     </span>
    </p>
   </div>
   <div class='ocr_carea' id='block_1_105' title="bbox 1961 4437 3615 4503">
    <p class='ocr_par' dir='ltr' id='par_1_105' title="bbox 1961 4437 3615 4503">
     <span class='ocr_line' id='line_1_105' title="bbox 1961 4437 3615 4503; baseline 0.001 -13"><span class='ocrx_word' id='word_1_746' title='bbox 1961 4438 2501 4503; x_wconf 89' lang='lat' dir='ltr'><strong>annorum,invitus</strong></span> <span class='ocrx_word' id='word_1_747' title='bbox 2527 4439 2597 4493; x_wconf 87' lang='lat' dir='ltr'><strong>ab</strong></span> <span class='ocrx_word' id='word_1_748' title='bbox 2631 4437 2921 4493; x_wconf 88' lang='lat' dir='ltr'><strong>avunculo</strong></span> <span class='ocrx_word' id='word_1_749' title='bbox 2955 4455 3063 4493; x_wconf 92' lang='lat' dir='ltr'><strong>suo</strong></span> <span class='ocrx_word' id='word_1_750' title='bbox 3098 4438 3461 4493; x_wconf 90' lang='lat' dir='ltr'><strong>matrimonii</strong></span> <span class='ocrx_word' id='word_1_751' title='bbox 3490 4439 3615 4492; x_wconf 91' lang='lat' dir='ltr'><strong>vin-</strong></span> 
     </span>
    </p>
   </div>
   <div class='ocr_carea' id='block_1_106' title="bbox 1962 4524 3618 4599">
    <p class='ocr_par' dir='ltr' id='par_1_106' title="bbox 1962 4524 3618 4599">
     <span class='ocr_line' id='line_1_106' title="bbox 1962 4524 3618 4599; baseline 0.002 -20"><span class='ocrx_word' id='word_1_752' title='bbox 1962 4524 2108 4581; x_wconf 91' lang='lat' dir='ltr'><strong>culis</strong></span> <span class='ocrx_word' id='word_1_753' title='bbox 2137 4525 2397 4597; x_wconf 85' lang='lat' dir='ltr'><strong>illigatus</strong></span> <span class='ocrx_word' id='word_1_754' title='bbox 2422 4533 2510 4582; x_wconf 91' lang='lat' dir='ltr'><strong>est</strong></span> <span class='ocrx_word' id='word_1_755' title='bbox 2542 4528 2784 4599; x_wconf 82' lang='lat' dir='ltr'><strong>(Pallad.</strong></span> <span class='ocrx_word' id='word_1_756' title='bbox 2806 4571 2818 4595; x_wconf 91' lang='lat'><strong>,</strong></span> <span class='ocrx_word' id='word_1_757' title='bbox 2852 4544 2900 4582; x_wconf 89' lang='lat' dir='ltr'><strong>c.</strong></span> <span class='ocrx_word' id='word_1_758' title='bbox 2933 4529 3008 4597; x_wconf 89' lang='lat'><strong>8).</strong></span> <span class='ocrx_word' id='word_1_759' title='bbox 3034 4526 3141 4590; x_wconf 90' lang='lat' dir='ltr'><strong>Qui</strong></span> <span class='ocrx_word' id='word_1_760' title='bbox 3177 4544 3310 4581; x_wconf 90' lang='lat' dir='ltr'><strong>cum</strong></span> <span class='ocrx_word' id='word_1_761' title='bbox 3345 4526 3618 4582; x_wconf 88' lang='lat' dir='ltr'><strong>resistere</strong></span> 
     </span>
    </p>
   </div>
   <div class='ocr_carea' id='block_1_107' title="bbox 1886 4615 3614 4691">
    <p class='ocr_par' dir='ltr' id='par_1_107' title="bbox 1886 4615 3614 4691">
     <span class='ocr_line' id='line_1_107' title="bbox 1886 4615 3614 4691; baseline 0.001 -24"><span class='ocrx_word' id='word_1_762' title='bbox 1886 4627 1930 4691; x_wconf 80' lang='grc' dir='ltr'><strong>ι)</strong></span> <span class='ocrx_word' id='word_1_763' title='bbox 1962 4630 2075 4668; x_wconf 90' lang='lat' dir='ltr'><strong>non</strong></span> <span class='ocrx_word' id='word_1_764' title='bbox 2096 4619 2293 4685; x_wconf 91' lang='lat' dir='ltr'><strong>posset</strong></span> <span class='ocrx_word' id='word_1_765' title='bbox 2310 4615 2361 4669; x_wconf 86' lang='lat' dir='ltr'><strong>ei</strong></span> <span class='ocrx_word' id='word_1_766' title='bbox 2384 4632 2514 4686; x_wconf 66' lang='lat' dir='ltr'><strong>qua:</strong></span> <span class='ocrx_word' id='word_1_767' title='bbox 2539 4633 2570 4669; x_wconf 91' lang='lat' dir='ltr'><strong>a</strong></span> <span class='ocrx_word' id='word_1_768' title='bbox 2590 4620 2830 4687; x_wconf 90' lang='lat' dir='ltr'><strong>parente</strong></span> <span class='ocrx_word' id='word_1_769' title='bbox 2853 4616 3233 4686; x_wconf 85' lang='lat' dir='ltr'><strong>ingerebatur</strong></span> <span class='ocrx_word' id='word_1_770' title='bbox 3256 4615 3614 4683; x_wconf 90' lang='lat' dir='ltr'><strong>necessitati,</strong></span> 
     </span>
    </p>
   </div>
   <div class='ocr_carea' id='block_1_108' title="bbox 1963 4704 3617 4775">
    <p class='ocr_par' dir='ltr' id='par_1_108' title="bbox 1963 4704 3617 4775">
     <span class='ocr_line' id='line_1_108' title="bbox 1963 4704 3617 4775; baseline 0.002 -18"><span class='ocrx_word' id='word_1_771' title='bbox 1963 4708 2020 4758; x_wconf 89' lang='lat' dir='ltr'><strong>et</strong></span> <span class='ocrx_word' id='word_1_772' title='bbox 2050 4704 2109 4757; x_wconf 92' lang='lat' dir='ltr'><strong>in</strong></span> <span class='ocrx_word' id='word_1_773' title='bbox 2142 4706 2594 4775; x_wconf 87' lang='lat' dir='ltr'><strong>nuptiisjussus</strong></span> <span class='ocrx_word' id='word_1_774' title='bbox 2626 4714 2714 4760; x_wconf 84' lang='lat' dir='ltr'><strong>est</strong></span> <span class='ocrx_word' id='word_1_775' title='bbox 2736 4706 3023 4771; x_wconf 89' lang='lat' dir='ltr'><strong>coronari,</strong></span> <span class='ocrx_word' id='word_1_776' title='bbox 3056 4711 3112 4759; x_wconf 91' lang='lat' dir='ltr'><strong>et</strong></span> <span class='ocrx_word' id='word_1_777' title='bbox 3144 4706 3202 4759; x_wconf 89' lang='lat' dir='ltr'><strong>in</strong></span> <span class='ocrx_word' id='word_1_778' title='bbox 3232 4704 3491 4760; x_wconf 90' lang='lat' dir='ltr'><strong>thalamo</strong></span> <span class='ocrx_word' id='word_1_779' title='bbox 3522 4721 3617 4760; x_wconf 88' lang='lat' dir='ltr'><strong>se-</strong></span> 
     </span>
    </p>
   </div>
   <div class='ocr_carea' id='block_1_109' title="bbox 1962 4794 3617 4865">
    <p class='ocr_par' dir='ltr' id='par_1_109' title="bbox 1962 4794 3617 4865">
     <span class='ocr_line' id='line_1_109' title="bbox 1962 4794 3617 4865; baseline 0.001 -18"><span class='ocrx_word' id='word_1_780' title='bbox 1962 4794 2098 4848; x_wconf 89' lang='lat' dir='ltr'><strong>dere</strong></span> <span class='ocrx_word' id='word_1_781' title='bbox 2127 4796 2466 4865; x_wconf 85' lang='lat' dir='ltr'><strong>compulsus</strong></span> <span class='ocrx_word' id='word_1_782' title='bbox 2496 4801 2605 4863; x_wconf 88' lang='lat' dir='ltr'><strong>est,</strong></span> <span class='ocrx_word' id='word_1_783' title='bbox 2629 4802 2684 4851; x_wconf 91' lang='lat' dir='ltr'><strong>et</strong></span> <span class='ocrx_word' id='word_1_784' title='bbox 2704 4797 2906 4851; x_wconf 90' lang='lat' dir='ltr'><strong>omnia</strong></span> <span class='ocrx_word' id='word_1_785' title='bbox 2938 4796 3227 4865; x_wconf 88' lang='lat' dir='ltr'><strong>patienter</strong></span> <span class='ocrx_word' id='word_1_786' title='bbox 3247 4795 3491 4850; x_wconf 79' lang='lat' dir='ltr'><strong>sufferre</strong></span> <span class='ocrx_word' id='word_1_787' title='bbox 3522 4812 3617 4849; x_wconf 92' lang='lat' dir='ltr'><strong>so-</strong></span> 
     </span>
    </p>
   </div>
   <div class='ocr_carea' id='block_1_110' title="bbox 1962 4880 3619 4955">
    <p class='ocr_par' dir='ltr' id='par_1_110' title="bbox 1962 4880 3619 4955">
     <span class='ocr_line' id='line_1_110' title="bbox 1962 4880 3619 4955; baseline 0.001 -19"><span class='ocrx_word' id='word_1_788' title='bbox 1962 4880 2181 4938; x_wconf 90' lang='lat' dir='ltr'><strong>lemnia</strong></span> <span class='ocrx_word' id='word_1_789' title='bbox 2207 4884 2542 4955; x_wconf 87' lang='lat' dir='ltr'><strong>nuptiarum</strong></span> <span class='ocrx_word' id='word_1_790' title='bbox 2568 4889 2804 4940; x_wconf 87' lang='lat' dir='ltr'><strong>coactus</strong></span> <span class='ocrx_word' id='word_1_791' title='bbox 2826 4890 3258 4955; x_wconf 86' lang='lat' dir='ltr'><strong>est.Potsquam</strong></span> <span class='ocrx_word' id='word_1_792' title='bbox 3283 4890 3478 4939; x_wconf 88' lang='lat' dir='ltr'><strong>autem</strong></span> <span class='ocrx_word' id='word_1_793' title='bbox 3495 4883 3619 4938; x_wconf 87' lang='lat' dir='ltr'><strong>uni-</strong></span> 
     </span>
    </p>
   </div>
   <div class='ocr_carea' id='block_1_111' title="bbox 1962 4971 3618 5043">
    <p class='ocr_par' dir='ltr' id='par_1_111' title="bbox 1962 4971 3618 5043">
     <span class='ocr_line' id='line_1_111' title="bbox 1962 4971 3618 5043; baseline 0.001 -18"><span class='ocrx_word' id='word_1_794' title='bbox 1962 4974 2111 5027; x_wconf 88' lang='lat' dir='ltr'><strong>versi</strong></span> <span class='ocrx_word' id='word_1_795' title='bbox 2137 4990 2167 5027; x_wconf 91' lang='lat' dir='ltr'><strong>a</strong></span> <span class='ocrx_word' id='word_1_796' title='bbox 2200 4973 2458 5028; x_wconf 87' lang='lat' dir='ltr'><strong>thalamo</strong></span> <span class='ocrx_word' id='word_1_797' title='bbox 2490 4979 2859 5030; x_wconf 90' lang='lat' dir='ltr'><strong>recesserunt</strong></span> <span class='ocrx_word' id='word_1_798' title='bbox 2894 4974 3056 5028; x_wconf 90' lang='lat' dir='ltr'><strong>novis</strong></span> <span class='ocrx_word' id='word_1_799' title='bbox 3093 4972 3294 5043; x_wconf 89' lang='lat' dir='ltr'><strong>nuptis</strong></span> <span class='ocrx_word' id='word_1_800' title='bbox 3316 4972 3373 5027; x_wconf 90' lang='lat' dir='ltr'><strong>in</strong></span> <span class='ocrx_word' id='word_1_801' title='bbox 3404 4971 3618 5027; x_wconf 89' lang='lat' dir='ltr'><strong>lectulo</strong></span> 
     </span>
    </p>
   </div>
   <div class='ocr_carea' id='block_1_112' title="bbox 1963 5059 3619 5132">
    <p class='ocr_par' dir='ltr' id='par_1_112' title="bbox 1963 5059 3619 5132">
     <span class='ocr_line' id='line_1_112' title="bbox 1963 5059 3619 5132; baseline -0.002 -15"><span class='ocrx_word' id='word_1_802' title='bbox 1963 5060 2284 5126; x_wconf 89' lang='lat' dir='ltr'><strong>collocatis,</strong></span> <span class='ocrx_word' id='word_1_803' title='bbox 2316 5066 2557 5118; x_wconf 89' lang='lat' dir='ltr'><strong>sanctus</strong></span> <span class='ocrx_word' id='word_1_804' title='bbox 2581 5064 2823 5117; x_wconf 83' lang='lat' dir='ltr'><strong>Ammon</strong></span> <span class='ocrx_word' id='word_1_805' title='bbox 2858 5064 3102 5132; x_wconf 89' lang='lat' dir='ltr'><strong>surgite</strong></span> <span class='ocrx_word' id='word_1_806' title='bbox 3130 5060 3367 5127; x_wconf 91' lang='lat' dir='ltr'><strong>lectulo,</strong></span> <span class='ocrx_word' id='word_1_807' title='bbox 3401 5059 3619 5115; x_wconf 89' lang='lat' dir='ltr'><strong>ostium</strong></span> 
     </span>
    </p>
   </div>
   <div class='ocr_carea' id='block_1_113' title="bbox 1964 5148 3621 5222">
    <p class='ocr_par' dir='ltr' id='par_1_113' title="bbox 1964 5148 3621 5222">
     <span class='ocr_line' id='line_1_113' title="bbox 1964 5148 3621 5222; baseline -0.002 -15"><span class='ocrx_word' id='word_1_808' title='bbox 1964 5151 2206 5217; x_wconf 92' lang='lat' dir='ltr'><strong>claudit,</strong></span> <span class='ocrx_word' id='word_1_809' title='bbox 2230 5156 2514 5222; x_wconf 89' lang='lat' dir='ltr'><strong>vocatque</strong></span> <span class='ocrx_word' id='word_1_810' title='bbox 2542 5151 2807 5206; x_wconf 92' lang='lat' dir='ltr'><strong>residens</strong></span> <span class='ocrx_word' id='word_1_811' title='bbox 2830 5151 3197 5205; x_wconf 90' lang='lat' dir='ltr'><strong>benedictam</strong></span> <span class='ocrx_word' id='word_1_812' title='bbox 3224 5148 3471 5214; x_wconf 90' lang='lat' dir='ltr'><strong>illam,et</strong></span> <span class='ocrx_word' id='word_1_813' title='bbox 3491 5165 3621 5204; x_wconf 88' lang='lat' dir='ltr'><strong>vere</strong></span> 
     </span>
    </p>
   </div>
   <div class='ocr_carea' id='block_1_114' title="bbox 1966 5238 3621 5312">
    <p class='ocr_par' dir='ltr' id='par_1_114' title="bbox 1966 5238 3621 5312">
     <span class='ocr_line' id='line_1_114' title="bbox 1966 5238 3621 5312; baseline -0.004 -13"><span class='ocrx_word' id='word_1_814' title='bbox 1966 5243 2307 5299; x_wconf 90' lang='lat' dir='ltr'><strong>unanimem</strong></span> <span class='ocrx_word' id='word_1_815' title='bbox 2342 5240 2658 5312; x_wconf 87' lang='lat' dir='ltr'><strong>conjugem</strong></span> <span class='ocrx_word' id='word_1_816' title='bbox 2703 5257 2897 5305; x_wconf 91' lang='lat' dir='ltr'><strong>suam,</strong></span> <span class='ocrx_word' id='word_1_817' title='bbox 2931 5240 3173 5293; x_wconf 89' lang='lat' dir='ltr'><strong>dicens:</strong></span> <span class='ocrx_word' id='word_1_818' title='bbox 3206 5239 3374 5303; x_wconf 87' lang='lat' dir='ltr'><strong>Veni,</strong></span> <span class='ocrx_word' id='word_1_819' title='bbox 3412 5238 3621 5309; x_wconf 90' lang='lat' dir='ltr'><strong>inquit,</strong></span> 
     </span>
    </p>
   </div>
   <div class='ocr_carea' id='block_1_115' title="bbox 1964 5328 3623 5402">
    <p class='ocr_par' dir='ltr' id='par_1_115' title="bbox 1964 5328 3623 5402">
     <span class='ocr_line' id='line_1_115' title="bbox 1964 5328 3623 5402; baseline -0.002 -13"><span class='ocrx_word' id='word_1_820' title='bbox 1964 5334 2226 5399; x_wconf 88' lang='lat' dir='ltr'><strong>domina,</strong></span> <span class='ocrx_word' id='word_1_821' title='bbox 2262 5332 2455 5385; x_wconf 89' lang='lat' dir='ltr'><strong>uttihi</strong></span> <span class='ocrx_word' id='word_1_822' title='bbox 2489 5348 2727 5386; x_wconf 89' lang='lat' dir='ltr'><strong>causam</strong></span> <span class='ocrx_word' id='word_1_823' title='bbox 2764 5331 2953 5402; x_wconf 89' lang='lat' dir='ltr'><strong>ipsam</strong></span> <span class='ocrx_word' id='word_1_824' title='bbox 2973 5330 3152 5399; x_wconf 86' lang='lat' dir='ltr'><strong>hujus</strong></span> <span class='ocrx_word' id='word_1_825' title='bbox 3189 5328 3623 5399; x_wconf 88' lang='lat' dir='ltr'><strong>conjunctionis</strong></span> 
     </span>
    </p>
   </div>
   <div class='ocr_carea' id='block_1_116' title="bbox 1965 5418 3622 5494">
    <p class='ocr_par' dir='ltr' id='par_1_116' title="bbox 1965 5418 3622 5494">
     <span class='ocr_line' id='line_1_116' title="bbox 1965 5418 3622 5494; baseline -0.002 -17"><span class='ocrx_word' id='word_1_826' title='bbox 1965 5438 2273 5494; x_wconf 82' lang='lat' dir='ltr'><strong>exponam.</strong></span> <span class='ocrx_word' id='word_1_827' title='bbox 2307 5420 2536 5490; x_wconf 65' lang='lat' dir='ltr'><strong>Nuptiae</strong></span> <span class='ocrx_word' id='word_1_828' title='bbox 2568 5424 2779 5474; x_wconf 79' lang='lat' dir='ltr'><strong>nostrze</strong></span> <span class='ocrx_word' id='word_1_829' title='bbox 2815 5418 2929 5475; x_wconf 91' lang='lat' dir='ltr'><strong>huc</strong></span> <span class='ocrx_word' id='word_1_830' title='bbox 2976 5435 3165 5489; x_wconf 90' lang='lat' dir='ltr'><strong>usque</strong></span> <span class='ocrx_word' id='word_1_831' title='bbox 3197 5423 3338 5475; x_wconf 91' lang='lat' dir='ltr'><strong>sunt</strong></span> <span class='ocrx_word' id='word_1_832' title='bbox 3368 5423 3622 5491; x_wconf 80' lang='lat' dir='ltr'><strong>tantum,</strong></span> 
     </span>
    </p>
   </div>
   <div class='ocr_carea' id='block_1_117' title="bbox 1967 5506 3621 5581">
    <p class='ocr_par' dir='ltr' id='par_1_117' title="bbox 1967 5506 3621 5581">
     <span class='ocr_line' id='line_1_117' title="bbox 1967 5506 3621 5581; baseline -0.003 -15"><span class='ocrx_word' id='word_1_833' title='bbox 1967 5510 2233 5581; x_wconf 89' lang='lat' dir='ltr'><strong>nihilque</strong></span> <span class='ocrx_word' id='word_1_834' title='bbox 2251 5510 2306 5563; x_wconf 90' lang='lat' dir='ltr'><strong>in</strong></span> <span class='ocrx_word' id='word_1_835' title='bbox 2333 5525 2395 5564; x_wconf 87' lang='lat' dir='ltr'><strong>se</strong></span> <span class='ocrx_word' id='word_1_836' title='bbox 2418 5507 2673 5579; x_wconf 91' lang='lat' dir='ltr'><strong>amplius</strong></span> <span class='ocrx_word' id='word_1_837' title='bbox 2696 5506 2915 5561; x_wconf 89' lang='lat' dir='ltr'><strong>habent</strong></span> <span class='ocrx_word' id='word_1_838' title='bbox 2942 5531 2955 5572; x_wconf 87' lang='lat'><strong>;</strong></span> <span class='ocrx_word' id='word_1_839' title='bbox 2981 5508 3127 5562; x_wconf 89' lang='lat' dir='ltr'><strong>bene</strong></span> <span class='ocrx_word' id='word_1_840' title='bbox 3150 5523 3282 5578; x_wconf 82' lang='lat' dir='ltr'><strong>ergo</strong></span> <span class='ocrx_word' id='word_1_841' title='bbox 3316 5508 3621 5577; x_wconf 90' lang='lat' dir='ltr'><strong>faciemus,</strong></span> 
     </span>
    </p>
   </div>
   <div class='ocr_carea' id='block_1_118' title="bbox 1968 5596 3624 5670">
    <p class='ocr_par' dir='ltr' id='par_1_118' title="bbox 1968 5596 3624 5670">
     <span class='ocr_line' id='line_1_118' title="bbox 1968 5596 3624 5670; baseline -0.004 -14"><span class='ocrx_word' id='word_1_842' title='bbox 1968 5601 2103 5657; x_wconf 89' lang='lat' dir='ltr'><strong>side</strong></span> <span class='ocrx_word' id='word_1_843' title='bbox 2117 5596 2606 5670; x_wconf 84' lang='lat' dir='ltr'><strong>reliquoquisque</strong></span> <span class='ocrx_word' id='word_1_844' title='bbox 2639 5601 2907 5652; x_wconf 88' lang='lat' dir='ltr'><strong>nostrum</strong></span> <span class='ocrx_word' id='word_1_845' title='bbox 2932 5597 3250 5667; x_wconf 89' lang='lat' dir='ltr'><strong>separatim</strong></span> <span class='ocrx_word' id='word_1_846' title='bbox 3273 5597 3624 5667; x_wconf 86' lang='lat' dir='ltr'><strong>quiescat,ut</strong></span> 
     </span>
    </p>
   </div>
   <div class='ocr_carea' id='block_1_119' title="bbox 1966 5686 3621 5761">
    <p class='ocr_par' dir='ltr' id='par_1_119' title="bbox 1966 5686 3621 5761">
     <span class='ocr_line' id='line_1_119' title="bbox 1966 5686 3621 5761; baseline -0.005 -14"><span class='ocrx_word' id='word_1_847' title='bbox 1966 5691 2194 5747; x_wconf 88' lang='lat' dir='ltr'><strong>Christo</strong></span> <span class='ocrx_word' id='word_1_848' title='bbox 2219 5689 2444 5761; x_wconf 87' lang='lat' dir='ltr'><strong>placere</strong></span> <span class='ocrx_word' id='word_1_849' title='bbox 2458 5686 2834 5759; x_wconf 77' lang='lat' dir='ltr'><strong>possimus,si</strong></span> <span class='ocrx_word' id='word_1_850' title='bbox 2868 5689 3087 5743; x_wconf 80' lang='lat' dir='ltr'><strong>intacta</strong></span> <span class='ocrx_word' id='word_1_851' title='bbox 3104 5687 3437 5759; x_wconf 88' lang='lat' dir='ltr'><strong>virginitate</strong></span> <span class='ocrx_word' id='word_1_852' title='bbox 3465 5686 3621 5740; x_wconf 85' lang='lat' dir='ltr'><strong>viva-</strong></span> 
     </span>
    </p>
   </div>
   <div class='ocr_carea' id='block_1_120' title="bbox 1971 5776 3620 5849">
    <p class='ocr_par' dir='ltr' id='par_1_120' title="bbox 1971 5776 3620 5849">
     <span class='ocr_line' id='line_1_120' title="bbox 1971 5776 3620 5849; baseline -0.007 -9"><span class='ocrx_word' id='word_1_853' title='bbox 1971 5799 2127 5839; x_wconf 89' lang='lat' dir='ltr'><strong>mus.</strong></span> <span class='ocrx_word' id='word_1_854' title='bbox 2161 5778 2461 5838; x_wconf 88' lang='lat' dir='ltr'><strong>Prolatum</strong></span> <span class='ocrx_word' id='word_1_855' title='bbox 2486 5781 2682 5834; x_wconf 86' lang='lat' dir='ltr'><strong>autem</strong></span> <span class='ocrx_word' id='word_1_856' title='bbox 2707 5777 2778 5834; x_wconf 90' lang='lat' dir='ltr'><strong>de</strong></span> <span class='ocrx_word' id='word_1_857' title='bbox 2800 5778 2934 5834; x_wconf 90' lang='lat' dir='ltr'><strong>sinu</strong></span> <span class='ocrx_word' id='word_1_858' title='bbox 2958 5793 3203 5849; x_wconf 86' lang='lat' dir='ltr'><strong>parvum</strong></span> <span class='ocrx_word' id='word_1_859' title='bbox 3230 5776 3497 5831; x_wconf 88' lang='lat' dir='ltr'><strong>libellum</strong></span> <span class='ocrx_word' id='word_1_860' title='bbox 3520 5789 3620 5829; x_wconf 89' lang='lat' dir='ltr'><strong>ns-</strong></span> 
     </span>
    </p>
   </div>
  </div>
