4092 6324
492 346 601 400 259

1641 337 2009 394 APPENDIX
2048 340 2145 392 AD
2186 338 2400 394 VITAS
2438 344 2762 402 PATRUM.
3756 362 3848 419 260

485 469 693 527 scienti
724 468 1059 539 Scripturas
1092 470 1329 522 sanctas
1353 463 1560 536 puellae
1599 480 1667 519 ex
1698 478 1946 535 persona
1976 466 2134 532 Apo-
2165 481 2218 545 Α
2250 462 2491 521 ﬂuvium
2524 469 2655 524 navi
2688 485 2793 542 ego
2823 487 2958 527 cum
2990 476 3148 528 metu
3175 474 3433 530 transivi.
3467 476 3559 533 Est
3586 480 3729 538 enim
3750 482 3856 540 illic

489 559 623 615 stoli
656 575 721 613 ac
752 557 1071 613 Salvatoris
1102 556 1351 626 legebat,
1386 553 1479 608 cui
1510 552 1748 608 lectioni
1778 551 1892 608 alia
1924 568 2135 606 secun-

486 650 627 703 dum
661 663 895 704 sensum
928 643 1288 713 suumlonge
1312 643 1479 713 plura
1509 645 2138 713 conjungens,expone-

484 740 583 794 bat
601 738 789 792 eidem
806 736 1096 791 castitatis
1114 732 1588 805 virginitatisque
1611 731 2134 797 conversationem,

485 833 549 883 ut
578 827 679 882 illa
710 831 841 898 post
870 824 1334 880 satisfactionem
1368 824 1426 877 in
1452 824 1567 877 ictu
1600 822 1792 889 gratia
1812 818 2139 875 divinitatis

484 918 729 988 impleta
758 915 1008 971 diceret:
1044 913 1185 968 Mihi
1207 928 1441 983 quoque
1464 927 1811 982 persuasum
1838 909 2012 976 scias,
2037 910 2135 963 do-

488 1006 671 1074 mine,
688 1009 913 1060 castam
943 1005 1126 1057 vitam
1150 1002 1397 1057 libenter
1415 999 1861 1071 amplecti.Quid
1886 998 2133 1069 ergoju-

485 1098 625 1152 bere
655 1094 909 1166 amplius
952 1092 1094 1148 velis
1133 1097 1425 1162 exspecto,
1458 1091 1559 1145 Cui
1592 1089 1710 1156 ille,
1741 1090 1881 1153 Hoc,
1920 1087 2134 1159 inquit.

474 1187 657 1255 jubeo
680 1189 737 1239 et
759 1200 919 1254 rogo,
937 1187 1002 1237 ut
1019 1182 1426 1251 unusquisque
1445 1184 1713 1235 nostrum
1730 1176 2042 1248 separatim
2063 1176 2135 1231 ab

483 1276 587 1330 hoc
610 1274 703 1329 die
728 1278 977 1328 maneat.
999 1274 1081 1326 Ad
1117 1270 1271 1342 quod
1294 1268 1392 1324 illa
1414 1285 1527 1323 non
1548 1266 1857 1339 acquievit,
1894 1266 2133 1321 dicens:

480 1367 542 1419 In
570 1365 771 1419 eadem
796 1362 1035 1433 quidem
1059 1360 1225 1426 cella,
1250 1360 1351 1413 sed
1375 1357 1433 1412 in
1462 1356 1692 1412 lectulis
1715 1355 2001 1427 separatis
2018 1371 2134 1409 ma-

482 1470 619 1508 nere
642 1452 947 1508 debemus.
971 1455 1232 1519 Cumque
1254 1448 1361 1503 hoc
1388 1448 1651 1517 utrisque
1674 1445 2011 1517 placuisset,
2042 1445 2135 1498 de-

477 1559 603 1597 cem
631 1547 687 1597 et
718 1547 844 1596 octo
863 1556 1049 1595 annos
1078 1538 1365 1607 vixerunt,
1389 1537 1471 1592 ita
1503 1542 1565 1591 ut
1594 1535 1694 1590 illa
1725 1535 1960 1606 quidem
1996 1533 2133 1588 totis

483 1632 693 1687 diebus
724 1636 880 1686 esset
910 1631 968 1684 in
1001 1628 1167 1697 cella,
1200 1626 1295 1682 ille
1328 1630 1521 1681 autem
1552 1623 1852 1680 insisteret
1881 1622 2039 1693 operi
2072 1621 2131 1675 in

482 1720 715 1776 hortulo
749 1736 922 1791 quem
954 1717 1201 1784 colebat,
1235 1721 1290 1772 et
1313 1714 1645 1771 balsamum
1672 1730 1737 1768 ea
1768 1730 1885 1783 qua
1908 1711 2131 1782 peritus

481 1816 606 1911 erat
631 1814 755 1866 arte
786 1809 1115 1908 conﬁceret.
1151 1806 1313 1904 Quod
1345 1811 1539 1860 tamen
1580 1804 1915 1911 balsamum
1945 1800 2130 1911 multo
2164 1847 2209 1911 Β

479 1900 678 1955 labore
708 1900 778 1953 ad
812 1896 1127 1969 imaginem
1152 1895 1450 1950 vinearum
1471 1898 1523 1948 et
1559 1892 1876 1964 plantatur,
1913 1894 1968 1945 et
2000 1888 2133 1944 coli-

483 1994 602 2057 tur,
633 1993 689 2043 et
724 1992 983 2060 putatur.
1028 1983 1387 2056 Vespertinis
1412 1987 1606 2038 autem
1637 1980 1799 2035 horis
1831 1996 2132 2051 regressus

482 2080 725 2134 domum
753 2076 1120 2132 orationibus
1141 2073 1327 2139 factis,
1361 2077 1572 2127 etcum
1597 2071 1795 2125 eadem
1823 2068 1951 2123 cibo
1975 2085 2133 2123 sum-

486 2173 604 2238 pto,
637 2184 703 2222 ac
732 2183 940 2221 rursus
963 2162 1265 2219 noclurnis
1297 2162 1567 2234 precibus
1599 2177 1665 2214 ex
1687 2176 1841 2214 more
1882 2157 2131 2213 celebra-

486 2255 582 2321 tis,
616 2255 683 2309 ad
719 2272 867 2325 opus
899 2252 1135 2307 solitum
1172 2251 1358 2322 primo
1392 2265 1563 2304 mane
1596 2250 1887 2319 pergebat.

553 2348 783 2400 Interea
831 2343 971 2397 dum
1028 2358 1227 2396 eorum
1262 2341 1566 2395 essethaec
1610 2337 1745 2403 vita,
1778 2334 2014 2391 exclusa
2057 2334 2128 2390 ab

480 2438 727 2505 utroque
747 2431 978 2504 penitus
993 2430 1149 2485 omni
1166 2428 1767 2499 corporalisillecebra
1787 2426 2127 2495 passionis‘,

480 2523 740 2578 oratione
770 2522 959 2578 sancti
992 2521 1043 2574 id
1079 2520 1232 2589 quod
1268 2517 1585 2588 aliquando
1615 2517 1951 2587 cupiebant,
1974 2514 2127 2569 obti-

479 2628 616 2667 nere
638 2616 956 2682 coeperunt.
983 2608 1244 2663 Aitenim
1266 2607 1453 2662 eidem
1480 2607 1550 2661 ad
1576 2610 1937 2675 postremum
1960 2604 2129 2658 beata

478 2701 578 2755 illa
603 2719 615 2756 :
636 2700 901 2763 Domine,
927 2697 1143 2767 inquit,
1164 2684 1265 2763 mi,
1290 2695 1474 2750 habeo
1496 2695 1651 2765 quod
1675 2696 1865 2748 dicam
1893 2710 1906 2759 ;
1929 2692 1983 2745 in
2012 2708 2126 2762 quo

480 2790 527 2845 si
564 2806 651 2844 me
672 2787 949 2853 audieris,
979 2786 1319 2858 probabitur
1342 2785 1483 2839 mihi
1509 2784 1657 2855 quod
1686 2800 1777 2838 Ire
1798 2783 2123 2837 secundum

481 2879 663 2934 Deum
698 2877 914 2949 diligis.
941 2876 1219 2931 Hortatur
1241 2873 1337 2928 ille
1368 2878 1431 2928 ut
1462 2874 1615 2944 quod
1649 2872 1698 2927 ei
1731 2870 1983 2943 placeret
2003 2870 2124 2925 edi-

485 2972 654 3024 ceret.
689 2972 763 3021 At
811 2966 946 3021 illa:
992 2966 1231 3021 Justum
1268 2963 1410 3017 mihi
1463 2962 1592 3026 hoc,
1628 2961 1840 3032 inquit,
1872 2961 2119 3025 videtur,

478 3074 617 3112 cum
638 3056 760 3128 ipse
783 3056 865 3111 sis
887 3072 1060 3111 sexus
1082 3052 1607 3123 virilis,etjustitiee
1622 3055 1780 3106 totus
1802 3049 2118 3118 inservias;

478 3163 733 3217 cumque
764 3161 869 3217 ego
901 3160 1133 3215 quoque
1155 3142 1437 3214 prepositi
1471 3141 1554 3195 tui
1586 3140 1825 3195 aemuler
1855 3139 2031 3205 viam,
2058 3143 2120 3193 ut

475 3236 722 3292 diversis
753 3235 825 3289 ad
862 3233 1179 3289 multorum
1216 3230 1660 3286 aedificationem
1707 3228 2117 3283 mansionibus
2149 3211 2190 3275 Ο

476 3341 843 3395 separemur.
887 3321 1306 3378 Inconveniens
1336 3320 1491 3374 enim
1525 3324 1699 3390 atque
1732 3319 2123 3389 incongruum

475 3423 612 3487 pulo
645 3423 875 3485 propter
906 3428 997 3467 me
1026 3416 1249 3465 tantam
1286 3410 1345 3463 in
1370 3409 1595 3463 occulto
1623 3412 1677 3462 te
1709 3406 1920 3461 habere
1946 3406 2125 3460 virtu-

474 3508 620 3573 tem,
664 3520 769 3557 nec
802 3501 908 3556 ulti
950 3518 1077 3555 esse
1109 3499 1407 3571 cognitum
1442 3497 1595 3568 quod
1628 3497 1685 3550 in
1719 3496 1825 3551 hac
1858 3495 2125 3550 castitate

473 3598 646 3664 atque
674 3591 953 3663 pudicitia
980 3590 1206 3644 Domini
1233 3604 1428 3643 amore
1452 3587 1629 3642 simul
1655 3585 1905 3639 vivimus
1928 3590 1983 3639 et
2008 3601 2124 3638 ma-

472 3698 700 3737 nemus.
723 3680 823 3737 Cui
848 3680 944 3735 ille
967 3679 1187 3751 gratias
1210 3694 1410 3751 agens,
1436 3683 1737 3747 Deumque
1760 3674 2121 3745 glorificans,

475 3772 555 3827 ita
587 3770 921 3843 respondit:
951 3775 1101 3824 Bene
1129 3769 1235 3824 tibi
1272 3766 1509 3839 placuit,
1540 3766 1619 3820 mi
1653 3765 1890 3820 domina
1921 3780 2118 3831 soror;

471 3862 620 3918 habe
654 3861 833 3933 igitur
881 3860 1028 3915 hanc
1056 3860 1242 3930 ipsam
1294 3856 1523 3920 cellam,
1557 3872 1662 3926 ego
1708 3859 1900 3909 autem
1945 3852 2119 3907 aliam

473 3953 617 4007 mihi
650 3953 838 4007 facere
870 3950 1125 4005 tentabo.
1151 3950 1553 4019 Egressusque
1579 3946 1649 3999 ab
1681 3960 1769 4009 ea,
1806 3959 1939 3997 mox
1970 3942 2122 3996 inte-

472 4042 628 4097 riora
679 4040 808 4096 loca
855 4040 1052 4094 Nitriae
1105 4036 1424 4109 penetravit
1456 4036 1582 4105 (nec
1621 4034 1760 4088 dum
1794 4034 1949 4086 enim
1982 4037 2121 4085 tunc

474 4129 971 4184 monasteriorum
1000 4127 1122 4181 illic
1154 4127 1340 4180 fuerat
1361 4123 1695 4192 multitudo)
1730 4121 1978 4192 fecitque
2010 4118 2121 4173 sibi

468 4214 1597 4283 duarumvoluminacellularum,atque
1614 4214 1695 4268 ita
1731 4212 1787 4265 in
1804 4210 2121 4266 solitudine

468 4308 671 4379 viginti
705 4306 839 4361 aliis
870 4306 1040 4361 annis
1080 4322 1145 4359 ac
1178 4305 1408 4359 duobus
1440 4302 1773 4368 transactis,
1807 4301 2121 4355 defunctus

469 4403 596 4463 est;
631 4396 748 4450 imo
784 4396 970 4466 magis
992 4411 1195 4450 somno
1226 4394 1461 4465 quievit,
1488 4409 1620 4447 cum
1653 4391 1955 4462 sexaginta
1973 4390 2120 4444 duos

470 4486 653 4540 relatis
678 4502 798 4539 suae
823 4500 1008 4539 annos
1036 4483 1278 4539 finisset.
1300 4488 1407 4538 Per
1432 4481 1697 4553 singulos
1719 4485 1914 4535 tamen
1935 4495 2119 4533 annos

2249 555 2528 612 derivatio
2560 560 2827 629 quaedam
2864 560 3062 632 magni
3095 561 3255 618 illius
3287 563 3540 621 ﬂuminis
3568 567 3693 623 Nili.

2319 648 2383 699 In
2405 644 2510 700 hoc
2531 646 2705 703 etiam
2731 649 2830 717 qui
2849 650 3065 706 Nitrias
3093 650 3309 707 dicitur
3332 661 3541 721 monte,
3565 659 3857 717 monachus

2246 738 2370 788 erat
2414 735 2676 805 quidam,
2728 738 2821 791 cui
2864 743 2982 793 Hor
3022 741 3131 794 fuit
3170 757 3380 796 nonem
3427 745 3679 812 (Pallad..
3709 764 3750 802 c.
3786 750 3855 817 9),

2246 822 2417 892 cujus
2448 823 2716 880 virtutem
2735 826 3055 882 multorum
3088 829 3324 900 quidem
3355 832 3591 887 fratrum
3622 836 3858 892 testimo-

2248 911 2345 966 nia
2386 914 2782 983 praedicabant
2811 917 2832 950 ²
2866 958 2881 986 ,
2923 918 3258 989 specialiter
3305 928 3500 977 tamen
3539 924 3737 979 ancilla
3773 925 3863 981 Dei

2246 1001 2517 1069 Melania,
2548 1020 2675 1075 quas
2707 1010 2841 1061 ante
2869 1022 2962 1061 me
2993 1008 3062 1062 ad
3088 1007 3214 1063 loca
3244 1009 3432 1080 ipsius
3462 1012 3669 1067 montis
3696 1031 3864 1071 acces-

2245 1096 2428 1160 serat;
2461 1109 2593 1148 nam
2608 1109 2712 1165 ego
2743 1095 3118 1161 superstitem
3154 1099 3556 1169 supradictum
3587 1102 3761 1158 virum
3790 1104 3866 1159 vi-

2244 1181 2379 1235 dere
2412 1198 2525 1237 non
2560 1184 2744 1254 potui.
2777 1188 2909 1240 Haec
2957 1202 3093 1257 ergo
3142 1188 3211 1242 de
3259 1190 3710 1247 conversationis
3754 1194 3868 1263 ejus

2244 1269 2561 1326 virtutibus
2601 1273 2909 1341 referebat,
2952 1275 3110 1346 quod
3156 1293 3258 1331 nec
3304 1280 3584 1334 mentitus
3625 1297 3862 1352 unquam

2246 1359 2439 1429 fuerit,
2470 1377 2574 1415 nec
2603 1362 2903 1431 iuraverit,
2937 1380 3041 1419 nec
3062 1364 3432 1423 maledixerit
3464 1369 3748 1441 cuiquam,
3775 1388 3868 1427 nec

2244 1448 2369 1503 sine
2400 1451 2748 1506 necessitate
2780 1451 2978 1523 aliqua
3009 1454 3089 1509 sit
3119 1454 3375 1511 locutus.

2315 1536 2503 1608 Hujus
2552 1540 2771 1595 montis
2821 1542 3115 1598 habitator
3150 1549 3206 1599 et
3248 1544 3452 1601 beatus
3495 1546 3702 1604 Pambo
3756 1549 3869 1606 fuit.

2243 1627 2423 1691 Quem
2456 1633 2512 1682 et
2532 1628 2843 1685 Dioscorus
2875 1631 3208 1704 episcOpus,
3234 1639 3290 1690 et
3309 1635 3673 1702 Ammonius,
3697 1641 3748 1691 et
3776 1638 3871 1691 Eu-

2242 1715 2461 1786 sebius,
2494 1721 2550 1772 et
2599 1718 2950 1791 Euthymius
2981 1720 3210 1789 fratres,
3244 1726 3302 1777 et
3333 1722 3628 1793 Origenes,
3656 1732 3709 1779 et
3740 1725 3866 1780 Dra-

2241 1804 2474 1860 contius
2523 1806 2632 1860 viri
2685 1807 3067 1864 admirabiles
3097 1813 3155 1865 et
3200 1827 3384 1882 nepos
3433 1812 3530 1882 (3),
3564 1812 3870 1869 habuerant

2243 1894 2610 1965 magistrum.
2638 1896 2743 1961 Qui
2781 1897 2994 1953 Pambo
3021 1904 3229 1954 etcum
3262 1899 3466 1956 multis
3490 1918 3555 1956 ac
3587 1902 3753 1957 variis
3773 1904 3873 1958 vir-

2241 1988 2432 2039 tutum
2483 1985 2903 2057 praarogativis,
2955 1987 3286 2060 palmisque
3329 1990 3704 2062 praecelleret,
3737 1992 3875 2046 inter

2241 2073 2399 2144 ipsas
2432 2074 2607 2129 etiam
2640 2074 2749 2130 hoc
2782 2075 3061 2132 habuisse
3101 2078 3467 2149 praecipuum
3510 2086 3869 2148 memoratur,

2242 2162 2397 2234 quod
2418 2162 2713 2219 intentum
2747 2165 2874 2219 auri
2906 2167 3253 2239 argentique
3273 2174 3644 2240 contemptor
3670 2169 3792 2238 fuit,
3820 2173 3873 2224 ut

2241 2258 2595 2324 praeceptum
2627 2253 2856 2309 Domini
2906 2254 3205 2311 videretur
3255 2257 3558 2328 implesse.
3593 2259 3876 2314 Referebat

2240 2355 2375 2411 ergo
2410 2340 2554 2395 mihi
2597 2341 2947 2397 venerabilis
2990 2344 3118 2414 ipsa
3157 2343 3434 2411 Melania,
3467 2346 3605 2416 quia
3636 2347 3872 2416 profecta

2241 2430 2310 2483 de
2325 2431 2468 2485 urbe
2483 2430 2684 2497 Roma,
2698 2430 3099 2486 Alexandriam
3119 2432 3377 2503 primum
3397 2433 3876 2505 fuissetingressa.

2241 2518 2503 2590 Cumque
2526 2519 2711 2574 multa
2735 2520 3006 2591 deipsius
3026 2521 3132 2575 viri
3157 2520 3480 2577 virtutibus
3501 2523 3712 2577 lsidoro
3731 2538 3873 2593 pres-

2240 2607 2439 2678 bytero
2469 2614 2525 2662 et
2560 2609 2911 2665 Xenodocho
2963 2610 3247 2666 referente
3291 2613 3685 2682 cognovisset,
3708 2616 3763 2667 et
3788 2626 3872 2666 eo-

2237 2698 2369 2752 dem
2402 2699 2549 2753 duce
2581 2700 2649 2753 ad
2675 2699 2883 2754 eumin
2910 2700 3287 2755 solitudinem
3316 2700 3700 2772 pervenisset,
3723 2700 3875 2753 obtu-

2234 2786 2375 2842 lisse
2418 2804 2478 2841 se
2522 2786 2604 2841 illi
2650 2792 2940 2845 trecentas
2984 2790 3211 2861 argenti
3262 2790 3471 2857 libras,
3507 2805 3572 2844 ac
3603 2791 3874 2859 precatam

2237 2877 2417 2933 fuisse
2451 2883 2515 2933 ut
2544 2877 2762 2949 aliquid
2797 2896 2865 2934 ex
2897 2880 3022 2951 ejus
3057 2882 3232 2936 rebus
3264 2881 3581 2952 acciperet.
3621 2879 3723 2946 Qui
3754 2893 3872 2931 cum

2241 2967 2488 3035 sederet,
2523 2967 2735 3039 inquit,
2769 2974 2824 3023 et
2872 2968 3066 3025 vimen
3120 2970 3424 3038 intexeret,
3462 2968 3587 3024 sola
3635 2983 3725 3023 me
3752 2980 3877 3020 voce

2232 3055 2529 3110 benedixit
2559 3059 2615 3111 et
2647 3056 2763 3110 ait:
2800 3057 2907 3111 Det
2937 3057 3041 3112 tibi
3087 3058 3421 3113 mercedem
3464 3057 3640 3113 Deus.
3676 3053 3879 3111 Deinde

2233 3143 2375 3199 dicit
2404 3161 2704 3201 oeconomo
2738 3163 2879 3201 suo:
2914 3147 3157 3218 Suscipe
3206 3151 3404 3217 caute,
3438 3152 3495 3202 et
3545 3146 3733 3201 divide
3783 3157 3874 3214 per

2231 3250 2435 3288 omnes
2467 3234 2567 3305 qui
2602 3240 2742 3289 sunt
2772 3236 2970 3290 tamin
3006 3236 3205 3308 Lybia,
3231 3253 3415 3308 quam
3452 3238 3509 3291 in
3543 3233 3754 3291 insulis
3778 3233 3883 3287 fra-

2234 3326 2373 3378 tres:
2395 3321 2513 3377 hazc
2538 3323 2695 3377 enim
2721 3325 3083 3380 monasteria
3104 3324 3236 3395 plus
3257 3324 3881 3397 videnturegerequam

2233 3416 2475 3481 caetera;
2510 3412 2617 3467 hoc
2668 3429 2901 3484 quoque
2932 3414 2983 3469 ei
3026 3414 3402 3485 praecipiens,
3440 3431 3512 3469 ne
3561 3412 3696 3486 quid
3732 3428 3794 3466 ex
3820 3424 3879 3464 ea

2235 3500 2481 3571 pecunia
2511 3501 2583 3556 iis
2606 3502 2707 3573 qui
2740 3503 2797 3557 in
2828 3503 3071 3575 Egypto
3112 3504 3333 3574 degunt
3364 3505 3558 3572 daret,
3594 3504 3879 3575 propterea

2232 3591 2386 3662 quod
2423 3591 2688 3661 regiones
2710 3591 2842 3647 illas
2873 3591 3171 3647 alimentis
3195 3592 3373 3649 sciret
3411 3593 3673 3664 amplius
3711 3590 3882 3645 abun-

2232 3684 2389 3735 dare.
2419 3681 2559 3737 Cum
2604 3686 2799 3736 autem
2834 3689 3156 3738 memorata
3209 3683 3455 3754 femina,
3492 3684 3645 3738 sicut
3698 3676 3886 3735 retulit

2234 3770 2402 3834 mihi,
2436 3775 2635 3837 staret,
2668 3776 2724 3825 et
2754 3772 3217 3827 benedictionem
3244 3789 3346 3843 pro
3372 3788 3625 3827 munere
3652 3771 3781 3825 dato
3811 3783 3890 3822 ex-

2232 3864 2524 3930 spectaret
2556 3865 2656 3914 aut
2688 3859 2923 3916 laudem
2958 3860 3221 3932 nihilque
3252 3862 3324 3917 ab
3356 3878 3428 3918 eo
3462 3862 3715 3927 audiret,
3748 3857 3881 3912 ulte-

2233 3948 2356 4002 rius
2388 3947 2468 4003 ait
2494 3948 2564 4002 ad
2599 3947 2764 4003 illum
2795 3966 2806 4005 :
2839 3950 3018 4015 Scito,
3052 3950 3309 4019 domine,
3346 3954 3650 4005 trecentas
3673 3961 3796 4003 esse
3825 3944 3879 3998 in

2232 4037 2341 4093 hac
2369 4038 2700 4109 argentaria
2731 4038 2931 4094 libras.
2966 4039 3072 4105 Qui
3106 4040 3317 4095 iterum
3351 4056 3463 4095 nec
3496 4054 3735 4095 sursum
3769 4033 3881 4106 qui-

2231 4126 2360 4180 dem
2392 4143 2631 4197 prorsus
2654 4127 2966 4197 aspiciens,
2987 4129 3067 4183 ita
3090 4129 3398 4200 respondit
3417 4146 3430 4183 :
3452 4128 3557 4184 Cui
3582 4120 3883 4182 exhibuisti

2230 4214 2373 4282 haec,
2406 4232 2437 4270 ο
2471 4214 2612 4285 ﬁlia,
2636 4232 2748 4270 non
2783 4234 2930 4288 opus
2962 4216 3139 4271 habet
3162 4234 3194 4271 a
3219 4222 3275 4271 te
3302 4233 3654 4272 mensuram
3687 4225 3885 4284 cogno-

2230 4320 2411 4370 scere,
2435 4322 2571 4359 nam
2595 4304 2695 4377 qui
2723 4312 2949 4361 montes
2973 4305 3138 4361 lance
3165 4307 3434 4377 pensavit
3459 4305 3647 4378 (Isaiae
3671 4320 3756 4369 XL,
3782 4300 3883 4368 12),

2232 4393 2416 4449 multo
2446 4395 2594 4449 947
2633 4394 2890 4466 amplius
2925 4395 3082 4451 novit
3115 4404 3402 4467 quanlum
3440 4397 3522 4451 sit
3552 4395 3734 4464 hujus
3760 4404 3887 4462 pon-

2228 4484 2340 4538 dus
2371 4482 2615 4554 argenti.
2646 4484 2778 4538 Etsi
2815 4484 3050 4555 quidem
3079 4484 3222 4539 mihi
3253 4485 3410 4540 istud
3442 4485 3711 4550 offerres,
3736 4493 3883 4536 com-

470 4575 730 4631 secundo
763 4590 998 4646 semper
1044 4574 1279 4629 videbat
1326 4573 1555 4627 beatam
1600 4571 1761 4625 illam
1810 4569 2118 4639 conjugem
2150 4589 2197 4652 D
2232 4578 2495 4643 petenter
2515 4572 2625 4628 hoc
2647 4572 2871 4628 diceres
2897 4591 2911 4643 ;
2942 4590 3078 4629 cum
3104 4579 3298 4629 autem
3338 4591 3455 4629 non
3480 4572 3655 4638 mihi,
3682 4568 3780 4625 sed
3804 4563 3886 4621 illi

473 4679 665 4718 suam.

540 4753 618 4807 De
634 4752 742 4807 hoc
758 4752 898 4806 illud
917 4751 1263 4807 miraculum
1281 4746 2125 4805 sanctusAthanasiusAlexan-

470 4843 677 4898 drinus
704 4842 1017 4913 episcopus
1046 4841 1261 4905 retulit,
1286 4843 1344 4894 in
1377 4856 1442 4895 eo
1473 4854 1644 4910 Opere
1669 4854 1783 4909 quo
1814 4836 1989 4890 vitam
2023 4835 2120 4889 de-

469 4931 1147 5003 scripsitAntonii,quod
1173 4948 1304 4985 cum
1326 4928 1642 5000 aliquando
1658 4943 1771 4981 una
1786 4942 1917 4980 cum
1937 4924 2122 4979 Theo-

472 5023 612 5077 doro
646 5021 934 5093 discipqu
959 5037 1063 5075 suo
1100 5025 1309 5092 Lycum
1340 5018 1573 5074 nomine
1604 5017 1847 5071 fluvium
1880 5013 2122 5085 cupiens

474 5111 877 5179 transfretare,
902 5128 998 5165 eru
1012 5110 1268 5166 besceret
1282 5109 1391 5163 sibi
1416 5107 1832 5163 vestimentum
1849 5104 2121 5160 detrahe-

474 5215 635 5267 re,ne
654 5201 878 5254 nudum
894 5216 1156 5271 unquam
1177 5214 1352 5253 suum
1376 5213 1589 5267 corpus
1607 5193 1912 5265 aspiceret,
1928 5192 2121 5247 subito

472 5286 599 5341 sine
635 5288 763 5342 navi
785 5288 839 5342 in
861 5288 1099 5344 alteram
1126 5286 1384 5343 ﬂuminis
1402 5290 1627 5358 partem
1652 5282 1855 5355 angelo
1880 5282 2123 5336 vehente

471 5374 799 5430 translatus
833 5383 941 5431 est.
986 5380 1100 5432 Iste
1145 5377 1324 5449 igitur
1364 5383 1607 5431 Ammon
1650 5374 1730 5427 ita
1773 5371 1915 5425 vixit
1946 5375 2122 5442 atque

471 5465 637 5528 obiit,
673 5470 733 5519 ut
766 5466 948 5536 ipsius
980 5467 1234 5521 animam
1276 5470 1517 5520 sanctus
1564 5463 1784 5518 videret
1813 5460 2119 5531 Antonius,

471 5570 605 5609 cum
631 5554 702 5608 ab
722 5555 945 5625 angelis
962 5556 1206 5610 ferretur
1228 5555 1297 5611 ad
1323 5554 1553 5609 ecelum.
1580 5552 1965 5608 Memoratum
1988 5566 2120 5605 vero

544 5681 559 5714 ¹
595 5679 777 5737 Caute
806 5678 933 5751 lege
964 5684 1165 5736 contra
1193 5678 1692 5752 impassibilitatis
1723 5682 2042 5733 assertores

2234 4665 2368 4730 Deo,
2402 4677 2576 4732 quem
2608 4678 2723 4715 non
2757 4663 3074 4733 sprevisse,
3108 4664 3224 4717 imo
3276 4662 3543 4733 amplius
3576 4662 3887 4717 houorasse

2232 4751 2380 4805 duos
2408 4750 2540 4806 illos
2565 4767 2841 4806 nummos
2868 4752 3213 4822 agnovimus
3241 4752 3431 4822 (Marc.
3474 4768 3581 4821 xu,
3607 4748 3721 4822 42),
3749 4750 3889 4812 tace,

2232 4856 2487 4912 quiesce.

2303 4929 2396 4984 Sic
2426 4933 2621 4984 autem
2652 4930 2967 4985 Dominum
3012 4930 3313 4986 ordinasse
3358 4930 3625 4999 dicebat,
3660 4930 3723 4981 ut
3770 4922 3895 4996 post

2233 5016 2537 5089 paululum
2583 5022 2840 5088 tempus,
2872 5022 3254 5090 posteaquam
3302 5018 3372 5073 ad
3424 5018 3632 5090 ipsum
3667 5012 3893 5070 venerat

2233 5110 2515 5172 montem,
2542 5106 2641 5161 Dei
2666 5122 2866 5162 servus
2894 5106 2990 5162 ille
3014 5109 3404 5179 requiesceret
3432 5126 3445 5175 ;
3473 5107 3579 5178 qui
3602 5121 3718 5161 non
3738 5098 3894 5173 aegri-

2236 5195 2582 5259 tudine,non
2611 5196 2767 5250 febre
2784 5196 2982 5267 aliqua
3002 5197 3280 5268 fatigatus
3297 5197 3525 5261 est,sed
3554 5192 3891 5267 sportellam

2231 5286 2566 5341 consuendo
2590 5286 3038 5357 septuagesima;
3058 5286 3249 5342 aetatis
3271 5303 3387 5341 suae
3414 5302 3578 5340 anno
3604 5279 3826 5356 quievit
3843 5276 3896 5331 in

2232 5390 2391 5446 pace.
2422 5378 2566 5429 Ante
2598 5374 2803 5430 horam
2835 5391 2969 5430 vero
3002 5392 3117 5446 qua
3148 5376 3219 5431 de
3241 5374 3459 5430 saeculo
3492 5375 3701 5431 exiens
3734 5365 3898 5442 spiri-

2231 5466 2356 5518 tum
2382 5479 2556 5517 suum
2590 5468 2707 5519 Deo
2730 5465 3197 5531 commendarat,
3232 5463 3466 5519 vocavit
3492 5479 3613 5528 me,
3639 5465 3695 5518 et
3724 5460 3781 5513 in
3800 5472 3900 5529 po-

2232 5556 2453 5608 strema
2485 5555 2995 5609 consummatione
3029 5555 3120 5609 sui
3144 5553 3339 5626 operis
3369 5553 3755 5609 conﬁdenter
3785 5547 3863 5603 ait

2303 5678 2323 5711 ²
2355 5677 2459 5734 Hic
2489 5681 2604 5735 Hor
2632 5678 2745 5735 fuit
2775 5678 3126 5753 Origenista.
