4092 6324
195 359 280 413 261

1439 364 1875 420 HEBACLIDIS
1913 364 2341 417 PARADISUS.

3484 357 3593 412 262

194 480 381 553 Accipe
406 481 557 536 hanc
575 481 916 554 sportellam
948 483 1018 538 de
1042 483 1317 540 manibus
1342 485 1505 556 meis,
1539 485 1678 556 quia
1706 501 1820 541 non
1854 490 1902 555 Α
1936 483 2091 555 quod
2122 483 2358 555 cupitis,
2377 481 2618 554 jubente
2649 480 2775 553 lege
2793 480 2990 535 divina
3010 479 3246 535 nullum
3272 495 3425 534 aurai
3448 497 3594 552 pra:-

198 573 359 627 habeo
392 570 551 625 aliud
578 572 732 642 quod
757 571 1087 643 relinquam
1111 573 1237 639 tibi,
1264 580 1326 628 ut
1352 574 1669 630 memorsis
1694 572 1825 629 mei.

200 663 362 731 Cujus
397 677 641 732 corpore
670 660 930 717 involuto
962 662 1019 717 in
1054 662 1255 731 linteo,
1286 669 1339 719 et
1368 664 1687 735 sepulturae
1714 669 1829 718 tra-

196 751 315 815 dito,
339 764 413 804 ex
444 749 693 805 desertis
717 749 861 805 locis
889 751 1147 807 abscessi
1174 768 1361 824 usque
1391 754 1460 807 ad
1498 752 1669 807 finem
1696 769 1829 823 pro-

199 841 397 912 prium,
444 840 850 895 hzereditatcm
884 840 1067 896 sancti
1109 840 1268 896 illius
1309 842 1535 897 habens
1578 857 1829 897 mecum.

258 929 349 983 llic
404 929 529 1000 ipse
561 930 780 984 Pambo
812 930 870 983 in
917 930 1029 985 fine
1060 930 1186 985 vitae
1220 948 1360 1000 suae,
1402 935 1647 1003 ipsaque
1690 931 1834 986 hora

200 1036 293 1091 qua
318 1019 591 1073 exiturus
623 1022 747 1073 erat
777 1034 805 1073 e
837 1019 1072 1089 saeculo,
1106 1020 1526 1076 assistentibus
1569 1020 1619 1075 ei
1656 1019 1834 1074 Paulo

200 1108 520 1179 presbytero
566 1112 624 1163 et
667 1124 991 1175 ceconomo,
1040 1114 1097 1164 et
1140 1111 1476 1176 Ammonio,
1522 1109 1838 1165 sanctitate

199 1199 418 1254 lamatis
448 1197 616 1267 viris,
648 1202 705 1253 et
735 1197 958 1253 caeteris
994 1198 1293 1268 fratribus,
1329 1199 1436 1255 hoc
1468 1198 1687 1255 dixisse
1716 1214 1837 1253 me-

202 1292 489 1343 moratur:
520 1288 601 1341 Ex
631 1304 746 1358 quo
780 1287 904 1342 veni
940 1288 998 1342 in
1033 1289 1213 1343 istum
1246 1287 1589 1344 solitudinis
1620 1289 1836 1355 locum,

200 1379 519 1435 ethabitavi
556 1379 614 1433 in
630 1378 841 1434 cellula
873 1395 1049 1450 quam
1078 1380 1223 1435 meis
1257 1380 1526 1435 manibus
1559 1378 1837 1447 exstruxi,

204 1485 393 1540 panem
412 1468 596 1539 gratis
614 1468 684 1523 ab
702 1469 899 1539 aliquo
920 1484 1010 1524 me
1030 1470 1419 1525 manducasse
1447 1487 1557 1525 non
1578 1467 1838 1537 memini,

203 1575 287 1613 nec
306 1559 552 1613 verbum
580 1574 769 1629 usque
789 1558 845 1612 in
868 1563 1213 1628 prmsentem
1234 1559 1438 1614 horam
1458 1559 1691 1615 locutus
1710 1575 1841 1614 sum

207 1648 262 1703 de
288 1664 401 1720 quo
426 1648 835 1721 pmnitentiam
855 1664 1026 1720 agere
1049 1649 1387 1704 debuissem
1416 1664 1427 1703 :
1453 1650 1535 1704 ita
1558 1655 1751 1704 tamen
1772 1648 1842 1703 ad

208 1738 503 1791 Dominum
551 1752 749 1791 meum
784 1753 983 1809 pergo,
1015 1742 1298 1809 tanquam
1344 1738 1592 1793 necdum
1640 1738 1847 1792 divinae

1938 577 2061 632 cisa
2090 581 2355 647 oportere
2384 574 2505 630 fieri
2530 574 2913 629 sacerdotem.
2942 574 3007 627 Et
3029 573 3109 627 ita
3129 573 3367 627 demum
3389 572 3591 627 relicto

1939 682 2004 720 eo
2035 666 2106 721 ad
2161 666 2395 737 propria
2442 668 2826 719 reverterunt.
2861 664 3003 719 Cum
3047 680 3176 718 vero
3227 667 3591 717 remeassent

1941 760 1998 810 et
2029 754 2301 826 episcopo
2333 755 2443 809 ista
2474 754 2779 819 dixissent,
2805 752 2901 807 ille
2934 752 3234 823 respondit
3262 769 3275 807 :
3300 758 3346 807 A
3367 752 3591 807 Judaeis

1942 843 2033 899 lex
2065 843 2177 898 ista
2206 848 2509 913 servatur;
2542 858 2646 915 ego
2681 846 2877 898 autem
2903 842 2950 895 si
2984 842 3263 897 dederitis
3295 841 3437 895 mihi
3481 840 3590 895 ali-

1943 949 2117 1003 quem
2150 933 2324 988 etiam
2351 932 2591 988 naribus
2616 938 2908 997 truncum,
2927 932 3024 986 sed
3051 931 3590 1002 moribusprobum

1944 1040 2056 1077 non
2107 1038 2241 1077 eum
2276 1021 2554 1076 dubitabo
2602 1021 2944 1093 episcopum
2980 1020 3182 1076 facere.
3234 1020 3349 1075 Hoc
3394 1019 3595 1075 audito

1943 1116 2192 1184 pergunt
2209 1113 2277 1166 ad
2302 1111 2499 1183 ipsum
2523 1110 2974 1177 instantissime,
3000 1127 3134 1165 eum
3161 1126 3365 1164 rursus
3388 1125 3601 1180 rogan-

1948 1208 2072 1269 tes;
2107 1218 2220 1271 quo
2254 1218 2368 1255 non
2403 1200 2829 1270 acquiescente,
2862 1200 2974 1254 vim
3008 1216 3119 1270 quo
3154 1200 3373 1254 inferre
3399 1202 3603 1253 tenta-

1948 1290 2107 1346 bant.
2140 1291 2362 1353 Quibus
2386 1291 2623 1360 juratus
2674 1289 2769 1343 ille
2802 1288 3140 1360 respondit:
3174 1286 3234 1342 Si
3271 1303 3363 1342 me
3397 1302 3606 1358 cogere

1948 1379 2247 1434 volueritis
2278 1378 2546 1443 ulterius,
2570 1379 2745 1433 etiam
2777 1377 3043 1449 linguam
3072 1394 3259 1432 meam
3284 1376 3445 1449 (quia
3473 1392 3612 1447 pro-

1952 1474 2079 1539 pter
2114 1475 2304 1538 ipsam
2349 1467 2494 1522 mihi
2535 1466 2763 1522 molesti
2818 1466 2985 1538 estis)
3026 1467 3399 1521 abscindam.
3441 1466 3608 1519 Tunc

1953 1559 2191 1612 demum
2224 1558 2308 1612 sic
2336 1574 2491 1624 eum,
2526 1573 2654 1612 cum
2686 1572 2863 1629 super
2893 1556 3002 1611 hoc
3036 1554 3183 1610 nihil
3236 1556 3603 1627 proﬁcerent,

1956 1645 2338 1717 reliquerunt.

2026 1763 2205 1833 Cujus
2236 1761 2528 1817 Ammonii
2554 1762 2735 1817 fertur
2757 1760 2871 1817 tale
2892 1760 3261 1816 miraculum.
3289 1763 3430 1815 Cum
3457 1777 3616 1832 quae-

206 1826 494 1929 εεςνίίυξίε
514 1828 739 1929 Galil-1m
760 1826 1076 1929 εξίῐίὲἶθξίωι
1096 1829 1450 1929 Αἶεθτθδεξηί
1467 1827 1847 1929 δυξθτιξὶηοξίε
1882 1863 1929 1929 Β
1960 1826 2431 1907 dam'delectatio
2464 1852 2718 1906 carnalis
2741 1852 2869 1906 sine
2893 1850 3007 1905 ulla
3042 1826 3617 1923 corpusculum'ejus

207 1919 534 1985 referentes,
568 1924 626 1973 et
651 1919 1008 1974 testimoniis
1031 1920 1453 1975 confirmantes
1485 1919 1609 1975 suis
1636 1919 1851 1975 Paulus

212 2012 254 2062 et
281 2008 635 2063 Ammonius
669 2008 819 2063 servi
851 2008 1089 2077 Christi,
1118 2008 1254 2078 quia
1274 2026 1577 2081 nunquam
1602 2026 1731 2065 cum
1748 2009 1853 2065 ali-

214 2097 333 2168 quid
373 2098 774 2168 interrogatus
799 2097 1005 2153 fuisset
1029 2098 1117 2153 vel
1143 2099 1213 2154 de
1240 2098 1654 2169 spiritualibus
1676 2098 1761 2153 vel
1785 2100 1855 2154 de

213 2186 586 2241 saeularibus
607 2186 862 2257 scriptis,
897 2186 1014 2242 cito
1038 2204 1391 2259 responsum
1416 2188 1857 2244 sciscitantibus

213 2276 353 2331 dedit
377 2276 505 2331 :sed
542 2291 775 2347 semper
806 2276 1057 2331 necdum
1094 2291 1154 2331 se
1188 2277 1343 2349 quod
1372 2278 1858 2349 responderetin-

212 2363 427 2420 venisse
447 2364 698 2419 dicebat.
723 2365 885 2436 Saepe
903 2370 1097 2420 autem
1118 2370 1328 2421 etcum
1349 2365 1642 2420 mensium
1668 2366 1861 2437 spatia

210 2454 530 2520 fluxissent,
566 2471 670 2509 nec
702 2454 787 2508 sic
820 2455 1057 2525 quidem
1090 2471 1440 2526 responsum
1474 2456 1860 2527 quaerentibus

210 2543 391 2605 dabat,
426 2542 621 2597 adhuc
638 2559 701 2597 se
734 2559 847 2597 non
865 2543 1567 2614 asserenspervenissead
1594 2544 1859 2599 notitiam

213 2632 482 2687 veritatis.
498 2631 644 2687 Tam
661 2630 972 2703 diligentes
991 2637 1185 2687 autem
1203 2636 1524 2703 cautesque
1538 2634 1861 2688 secundum

216 2720 380 2775 Deum
417 2720 746 2775 sententias
762 2720 1112 2791 proferebat,
1138 2724 1327 2791 utjeas
1348 2737 1552 2777 omnes
1580 2726 1858 2792 tanquam

218 2808 278 2863 ab
306 2808 435 2878 ipso
468 2808 589 2862 Deo
624 2809 883 2879 prolatas
906 2807 1290 2880 susciperent.
1327 2811 1480 2864 llaiic
1505 2809 1657 2864 enim
1679 2814 1861 2864 Anto-

222 2896 367 2952 nium
405 2912 649 2969 quoque
698 2896 861 2953 illum
899 2914 1180 2970 magnum
1224 2898 1283 2953 in
1318 2899 1443 2954 suis
1488 2900 1863 2954 sermonibus

220 2988 516 3057 perhibent
553 2986 838 3042 habuisse
868 2987 1168 3042 virtutem.

284 3081 522 3132 Factum
555 3076 733 3131 etiam
756 3075 1100 3147 hujusmodi
1125 3076 1315 3148 ipsius
1338 3077 1555 3133 Pambo
1579 3077 1730 3133 inter
1753 3077 1866 3133 alia

228 3167 395 3221 fertur
427 3165 692 3235 (Pallad,
716 3181 841 3234 cap.
873 3167 981 3237 11),
1017 3167 1171 3238 quod
1208 3183 1341 3221 cum
1376 3167 1510 3222 Pior
1542 3167 1864 3222 monachus

228 3257 468 3311 venisset
498 3256 570 3309 ad
604 3270 741 3309 eum
775 3256 1074 3326 proprium
1111 3271 1320 3326 panem
1348 3255 1561 3325 ferens,
1594 3260 1650 3311 et
1671 3256 1741 3311 ob
1761 3256 1867 3311 hoc

230 3344 287 3398 ab
316 3344 414 3400 illo
451 3342 846 3416 reprehensus
880 3344 1111 3413 fuisset,
1139 3344 1538 3416 interrogatus
1562 3349 1626 3399 ut
1653 3345 1873 3400 diceret

234 3450 320 3488 cur
348 3434 459 3488 hoc
514 3432 771 3499 fecisset,
806 3432 1106 3504 respondit
1136 3433 1375 3488 dicens:
1426 3434 1506 3488 Ne
1538 3434 1752 3506 hospes
1797 3436 1870 3489 ab

235 3523 451 3593 hospite
483 3526 865 3595 gravaretur;
900 3538 1076 3594 quem
1111 3522 1210 3579 ille
1234 3528 1465 3578 tantum
1499 3525 1746 3579 tacendo
1779 3541 1871 3579 re-

235 3611 577 3680 prehensum
611 3610 839 3666 dimisit
860 3611 1157 3667 continuo.
1190 3611 1323 3667 Post
1346 3611 1716 3682 aliquantum
1738 3630 1871 3668 vero

238 3700 508 3772 temporis
553 3701 625 3755 ad
675 3700 825 3765 Pior,
882 3701 1103 3756 Pambo
1154 3706 1517 3757 memoratus
1567 3702 1871 3771 accedens,

235 3790 519 3859 perfusum
570 3806 719 3861 aqua
751 3804 986 3860 panem,
1023 3795 1086 3845 ut
1125 3791 1196 3844 ab
1231 3790 1325 3845 his
1371 3790 1674 3859 edebatur,
1715 3791 1874 3846 exhi-

238 3876 365 3933 buit.
399 3880 506 3943 Qui
546 3879 943 3950 interrogatus
975 3896 1080 3934 cur
1110 3879 1218 3934 hoc
1253 3880 1505 3949 fecisset,
1532 3881 1869 3951 respondit:

243 3965 439 4024 Idcirco
473 3984 691 4040 aquam
727 3968 951 4032 addidi,
987 3984 1056 4022 ne
1088 3968 1192 4023 tibi
1226 3985 1514 4024 onerosus
1537 3971 1871 4025 existerem.

302 4058 576 4112 Prtefatus
625 4062 823 4113 autem
867 4057 1219 4113 Ammonius
1252 4060 1268 4092 ¹
1315 4059 1647 4130 discipulus
1687 4059 1877 4131 ipsius

243 4145 486 4215 (Pallad,
511 4162 638 4217 cap.
694 4146 805 4217 12),
863 4145 1081 4217 aliique
1112 4151 1229 4201 tres
1282 4148 1513 4215 fratres,
1546 4154 1602 4203 et
1646 4164 1879 4204 sorores

242 4233 369 4299 duos,
400 4250 636 4291 summo
660 4235 761 4289 Dei
785 4234 950 4289 cultu
975 4239 1030 4290 et
1051 4251 1249 4291 amore
1280 4235 1620 4307 ﬂagrantes,
1652 4251 1784 4292 cum
1805 4238 1877 4292 ad

246 4322 455 4379 deserta
485 4323 891 4395 pervenissent
926 4323 1073 4390 loca,
1113 4329 1416 4395 separatas
1449 4324 1687 4381 sibimet
1716 4343 1877 4380 man-

244 4412 413 4467 siones
446 4413 736 4479 fecerunt,
771 4413 855 4467 ita
887 4416 952 4467 ut
986 4413 1197 4483 grandi
1233 4431 1265 4467 a
1304 4415 1644 4483 semetipsis
1687 4416 1879 4485 spatio

244 4507 658 4571 separarentur.
694 4502 862 4558 Hunc
904 4518 1039 4574 ergo
1081 4504 1492 4567 Ammonium,
1527 4503 1667 4574 quia
1697 4520 1881 4576 supra

246 4590 1156 4661 modumlectioniScripturarum
1190 4593 1454 4659 vacabat,
1488 4592 1696 4647 civitas
1721 4609 1878 4663 quae-

245 4679 358 4734 dam
387 4681 719 4751 episcopum
748 4680 1364 4751 sibifieripostulavit:
1385 4681 1551 4750 cujus
1571 4682 1724 4736 cives
1739 4698 1872 4736 cum

246 4766 335 4824 hoc
361 4788 391 4824 a
418 4772 729 4827 benedicta
751 4770 1057 4826 Timotheo
1080 4772 1335 4842 quodam
1369 4770 1675 4841 petissent,
1699 4775 1756 4826 et
1778 4772 1874 4827 ille

246 4857 497 4916 dixisset:
539 4861 827 4915 Adducite
860 4876 995 4914 eum
1015 4861 1083 4915 ad
1121 4877 1232 4928 me,
1258 4864 1313 4915 et
1334 4860 1542 4915 faciam
1578 4860 1872 4929 utvultis;

248 4961 358 5002 cum
397 4966 609 5022 magna
643 4948 1024 5004 multitudine
1064 4949 1134 5004 ad
1167 4965 1324 5018 eum,
1360 4966 1476 5020 quo
1496 4950 1726 5005 facilius
1746 4953 1879 5006 abs-

248 5037 573 5107 traheretur,
608 5038 858 5107 ingressi
883 5043 1047 5104 sunt,
1067 5043 1425 5109 captumque
1450 5054 1513 5093 se
1538 5038 1635 5093 ille
1657 5040 1881 5111 perspi-

250 5122 406 5195 ciens,
438 5143 642 5198 rogare
677 5126 855 5197 ccepit
878 5143 997 5195 eos,
1020 5132 1078 5181 et
1110 5143 1210 5197 per
1234 5132 1604 5183 sacramenta
1624 5128 1879 5196 ﬁrmare,

250 5216 593 5285 acquiescere
626 5233 688 5271 se
724 5216 966 5271 omnino
1010 5232 1122 5270 non
1159 5233 1328 5287 posse
1362 5221 1424 5271 ut
1454 5218 1542 5272 vel
1596 5218 1781 5273 exiret
1814 5221 1884 5275 de

249 5303 538 5360 solitudine
569 5322 746 5377 quam
781 5306 1038 5360 tenebat.
1068 5306 1333 5376 Cumque
1362 5306 1586 5361 videret
1607 5324 1719 5363 non
1744 5324 1882 5362 con-

247 5392 351 5445 cedi
381 5394 485 5449 sibi
520 5399 583 5449 ut
616 5396 827 5449 faceret
855 5394 1012 5465 quod
1055 5396 1306 5465 petebat,
1326 5395 1473 5450 ferro
1498 5411 1701 5451 aurem
1743 5397 1883 5452 sini-

246 5483 402 5538 stram
442 5484 725 5540 radicitus
764 5484 1016 5555 (cunctis
1038 5484 1632 5556 videntibus)secuit;
1663 5485 1883 5543 haecdi-

252 5582 372 5626 cens
396 5588 409 5626 :
434 5573 535 5628 Vel
562 5589 721 5628 nunc
741 5572 1086 5644 probabitur
1114 5573 1280 5628 vobis
1314 5573 1543 5646 impleri
1567 5592 1677 5631 non
1712 5593 1883 5647 posse

318 5700 331 5733 ¹
368 5699 461 5755 llic
491 5699 843 5758 Ammonius
873 5699 982 5755 fuit
1012 5699 1356 5771 Origenista.

1966 1941 2405 1996 intermissione
2429 1951 2681 2007 vexaret,
2709 1941 2979 1995 candenti
3001 1942 3148 1995 ferro
3176 1940 3416 2011 propria
3441 1955 3623 1994 mem-

1965 2032 2070 2085 bra
2098 2030 2374 2096 laniabat,
2411 2036 2559 2085 utex
2590 2030 2747 2085 omni
2783 2035 2947 2100 parte
2973 2030 3178 2101 plenus
3208 2035 3362 2084 esset
3386 2042 3620 2099 semper

1966 2119 2284 2174 ulceribus.
2319 2122 2461 2174 Esca
2492 2136 2623 2173 vero
2656 2119 2785 2188 ejus
2810 2120 2918 2173 fuit
2946 2118 3314 2189 hujusmodi.
3346 2119 3619 2186 Ajuven-

1967 2215 2091 2265 tute
2106 2226 2213 2264 sua
2228 2225 2412 2278 usque
2444 2208 2515 2264 ad
2540 2209 2768 2264 obitum
2785 2209 2981 2263 crudis
3003 2214 3093 2263 est
3124 2225 3268 2263 usus
3290 2207 3620 2273 cibis,inter

1968 2300 2107 2352 dum
2140 2298 2317 2352 etiam
2352 2303 2562 2367 praeter
2594 2302 3018 2369 panem.Vetus
3044 2305 3239 2353 autem
3274 2297 3622 2366 Novumque

1967 2388 2409 2442 Testamentum
2434 2388 2773 2442 memoriter
2794 2388 3074 2452 retinens,
3099 2386 3273 2441 etiam
3296 2385 3479 2440 libros
3510 2385 3625 2439 elo-

1972 2474 2501 2549 quentissimorum
2520 2476 2775 2531 virorum
2799 2477 3047 2548 Didymi,
3081 2476 3277 2541 Pierii,
3298 2481 3472 2546 atque
3499 2474 3626 2528 Ste-

1971 2566 2149 2638 phani
2181 2565 2451 2635 [Pallad.,
2466 2565 2767 2621 Athanasii
2783 2564 3075 2636 etBasilii]
3092 2564 3366 2635 usquead
3387 2580 3630 2618 sexcen-

1972 2660 2029 2709 ta
2060 2656 2243 2711 millia
2274 2671 2551 2711 versuum
2578 2653 2817 2724 legendo
2842 2654 3129 2709 transivit.
3164 2658 3295 2708 Haec
3321 2656 3515 2707 autem
3561 2652 3631 2707 de

1971 2762 2037 2801 eo
2070 2746 2461 2801 testificantur
2482 2745 2659 2799 etiam
2686 2744 2886 2799 Patres
2927 2742 3290 2798 sanctissimi
3342 2742 3400 2795 in
3434 2757 3628 2797 eremo

1972 2839 2436 2890 commanentes.
2474 2833 2662 2905 Hujus
2694 2832 2867 2888 etiam
2904 2831 3245 2902 prophetica
3270 2831 3455 2885 virtus
3475 2829 3627 2884 mul-

1973 2925 2050 2981 tis
2077 2926 2356 2981 innotuit.
2392 2924 2552 2978 Inter
2582 2925 2791 2978 fratres
2820 2938 2954 2977 vero
2982 2921 3078 2991 qui
3101 2926 3321 2976 secreta
3344 2919 3522 2975 eremi
3547 2918 3631 2974 di-

1972 3014 2253 3086 ligebant,
2288 3013 2487 3069 nullus
2520 3012 2618 3068 illo
2651 3012 2710 3067 in
2743 3011 2934 3067 officio
2984 3009 3404 3066 consolationis
3450 3024 3629 3080 supe-

1976 3104 2112 3159 rior.
2152 3104 2231 3159 De
2256 3104 2366 3158 hoc
2396 3102 2751 3158 sententiam
2784 3101 2989 3155 beatus
3024 3100 3307 3172 Evagrius
3342 3098 3631 3170 spiritua-

1980 3193 2052 3248 lis
2083 3192 2169 3249 vir
2198 3197 2256 3248 et
2279 3192 2493 3247 virtute
2511 3189 2885 3246 discretionis
2906 3188 3255 3261 praecipuus,
3276 3187 3629 3260 proferebat,

1980 3284 2179 3338 dicens
2212 3281 2438 3337 nullum
2472 3299 2530 3338 se
2560 3281 2773 3336 vidisse
2805 3280 3104 3335 hominem
3140 3279 3239 3350 qui
3272 3278 3355 3332 sic
3387 3294 3629 3348 superav

1978 3375 2125 3431 verit
2154 3389 2464 3444 corporeus
2500 3372 2822 3443 passiones.
2855 3370 3047 3441 (Caute
3077 3368 3239 3438 lege.)

2054 3489 2178 3560 (Hic
2209 3489 2365 3543 idem
2392 3486 2806 3543 sanctissimus
2830 3502 2959 3541 cum
2997 3502 3029 3540 a
3050 3484 3282 3539 Rufﬁno
3304 3484 3382 3551 (4)
3406 3488 3628 3553 tempo-

1983 3578 2061 3633 ris
2094 3578 2253 3632 illius
2283 3577 2551 3648 praefecto
2583 3574 2835 3647 praetorii
2860 3573 3174 3645 multiplici
3199 3571 3629 3644 supplicatione

1984 3670 2218 3737 rogatus
2248 3666 2480 3731 fuisset,
2514 3670 2578 3720 ut
2604 3681 2813 3732 magno
2836 3663 2935 3717 illo
2965 3662 3274 3717 Ammonio
3298 3660 3634 3716 Constanti-

1983 3754 2244 3827 nopolim
2274 3754 2346 3809 ob
2380 3754 2740 3809 necessarias
2772 3752 2950 3806 eremi
2988 3750 3244 3805 actiones
3268 3749 3632 3818 adveniente,

1984 3846 2110 3917 ipse
2140 3858 2374 3915 quoque
2399 3842 2744 3914 dignaretur
2770 3839 2993 3907 venire,
3018 3838 3391 3893 vehementer
3420 3837 3479 3891 id
3505 3853 3638 3908 pre-

1986 3935 2255 3991 cantibus
2268 3935 2484 3989 sanctis
2497 3935 2856 3988 diversarum
2873 3929 3303 4001 provinciarum
3317 3926 3636 3997 episcopis,

1987 4025 2235 4095 aliisque
2264 4023 2719 4094 quampluribus
2757 4018 3016 4077 eremitis
3046 4018 3169 4089 (qui
3203 4018 3273 4073 ad
3318 4015 3639 4071 dedicatio-

1988 4131 2120 4169 nem
2155 4113 2431 4182 basilicas,
2452 4128 2627 4184 quam
2651 4111 2777 4183 ipse
2798 4108 3161 4175 condiderat,
3198 4104 3637 4176 convenerant),

1992 4207 2381 4259 memoratum
2431 4201 2733 4256 Bullinum
2767 4197 3020 4270 propriis
3053 4195 3328 4250 manibus
3378 4194 3640 4264 suscepit

1988 4309 2154 4349 sacro
2186 4294 2343 4346 lente
2384 4291 2758 4350 mundatum,
2792 4290 2974 4353 Quem
3008 4303 3126 4341 suae
3177 4282 3640 4340 conversationis

1990 4382 2195 4437 merito
2230 4380 2551 4453 plurimum
2597 4384 2908 4436 veneratus
2941 4381 3052 4443 est,
3085 4379 3286 4430 sancto
3336 4372 3642 4428 Ammonio

1991 4471 2233 4541 cupiens
2263 4469 2322 4523 in
2356 4470 2629 4523 omnibus
2660 4467 2934 4523 obedire:
2983 4465 3080 4535 qui
3116 4463 3288 4535 paulo
3340 4464 3472 4532 post
3504 4461 3643 4515 dor-

1913 4589 1956 4652 Ι)
1992 4560 2158 4613 mivit
2188 4559 2247 4613 in
2288 4558 2559 4626 Domino,
2594 4556 2977 4627 sepultusque
3008 4558 3096 4608 est
3130 4552 3189 4607 in
3222 4550 3489 4615 basilica,
3515 4565 3647 4620 qua:

1988 4648 2318 4719 appellatur
2348 4646 2684 4702 Ruffiniana
2709 4662 2721 4713 ;
2750 4646 2805 4698 in
2835 4643 3008 4713 cujus
3042 4640 3311 4712 sepulcro
3345 4638 3536 4694 curari
3562 4638 3647 4693 fe-

1985 4744 2199 4794 runtur
2220 4738 2417 4793 cuncti
2446 4737 2694 4793 diversis
2728 4735 2987 4790 febribus
3019 4730 3401 4801 laborantes.]
3438 4730 3459 4763 ²

2058 4867 2122 4919 In
2155 4869 2351 4918 monte
2383 4863 2604 4925 Nitriae,
2635 4863 2704 4917 de
2738 4877 2853 4933 quo
2887 4877 3068 4931 supra
3100 4858 3359 4913 diximus
3394 4852 3638 4927 (Pallad.

1985 4971 2104 5024 cap.
2142 4954 2249 5023 13):
2286 4953 2529 5024 quidam
2562 4953 2647 5007 vir
2681 4952 2791 5006 fuit
2822 4950 3131 5015 mirabilis,
3170 4947 3408 5002 nomine
3431 4944 3641 5013 Benja-

1991 5044 2134 5109 min,
2170 5058 2271 5115 per
2300 5042 2597 5115 octoginta
2629 5059 2812 5097 annos
2848 5042 2904 5095 in
2935 5037 3305 5094 abstinentiae
3322 5033 3642 5089 virtutibus

1990 5148 2286 5187 summam
2305 5133 2591 5187 donorum
2611 5130 3005 5201 spiritualium
3026 5127 3271 5198 gratiam
3292 5127 3647 5178 consecutus

1992 5223 2089 5295 qui
2124 5222 2242 5277 sive
2274 5238 2485 5276 manus
2516 5220 2795 5292 cuiquam
2830 5212 3372 5288 imposuisset,sive
3403 5211 3513 5267 olei
3542 5212 3645 5266 be-

1990 5311 2379 5367 nedictionem
2412 5311 2690 5380 dedisset,
2725 5311 2796 5365 ab
2830 5306 2987 5363 omni
3022 5303 3324 5375 languoris
3372 5300 3645 5358 molestia

1992 5401 2349 5458 solvebatur.
2383 5400 2486 5455 Hic
2517 5417 2653 5471 ergo
2687 5399 2784 5470 qui
2812 5397 3029 5453 talibus
3062 5393 3271 5448 divina:
3296 5391 3494 5464 gratiae
3524 5408 3652 5445 mu-

1994 5492 2231 5547 neribus
2262 5490 2666 5562 praeminebat,
2697 5492 2829 5543 ante
2859 5490 2987 5541 octo
3015 5500 3247 5539 menses
3270 5480 3645 5537 dormitionis

1993 5598 2112 5637 suae
2162 5596 2380 5651 aquoso
2430 5579 2710 5650 languore
2762 5593 3067 5648 pervasus,
3100 5573 3160 5629 in
3193 5577 3423 5630 tantum
3470 5570 3647 5626 mise-

2065 5709 2086 5742 ²
2121 5708 2247 5763 Haec
2278 5706 2517 5785 inclusa
2540 5706 2756 5762 desunt
2786 5704 3069 5762 Palladio.
