4092 6324
424 294 591 394 ’263

1633 335 2001 390 APPBNDIX
2035 332 2135 388 AD
2170 330 2391 389 VITAS
2427 334 2749 391 PATRUM.

3760 338 3850 397 264

488 464 671 519 randa
702 461 1057 535 pinguedine
1096 476 1215 517 sua
1247 458 1441 516 carnis
1471 458 1778 528 intumuit,
1810 462 1875 514 ut
1915 456 2129 514 nostris
2159 455 2212 521 Α
2245 456 3006 522 mortuo,diviseruntinter
3023 472 3084 514 se
3110 457 3501 516 substantiam
3527 460 3650 529 ejus
3671 464 3853 532 quain

476 552 846 623 temporibus
879 551 1176 607 secundus
1205 550 1313 605 Job
1350 552 1672 620 putaretur.

554 649 879 699 Assumens
925 641 1124 711 itaque
1156 658 1262 695 nos
1312 640 1627 695 Dioscorus
1659 637 1988 710 episcOpus,
2031 635 2131 707 qui

480 739 622 789 tunc
657 732 960 803 presbyter
981 731 1177 786 Nitriae
1213 730 1340 795 fuit,
1365 746 1455 783 me
1477 734 1533 784 et
1560 729 1795 783 beatum
1822 725 2130 793 Evagrium

481 822 590 877 hoc
628 822 795 876 modo
826 824 918 875 est
940 819 1233 874 allocutus
1261 836 1272 872 :
1305 818 1533 887 Venite,
1558 822 1616 873 et
1643 815 2000 872 videte948
2028 831 2133 868 no-

477 928 611 966 vum
648 911 780 972 Job,
806 909 866 963 in
893 913 1053 963 tanto
1080 914 1311 963 tumore
1335 907 1595 978 corporis
1620 910 1793 977 atque
1815 901 2131 960 insanabili

477 1000 754 1072 passione
779 998 1135 1069 singularem
1163 997 1500 1067 patientiam
1528 995 1946 1067 possidentem.
1976 992 2132 1046 Eun-

475 1095 565 1145 tes
594 1088 777 1160 igitur
806 1087 1068 1141 vidimus
1101 1086 1398 1141 hominem
1425 1089 1586 1139 tanto
1617 1082 1878 1154 corporis
1902 1086 2133 1135 tumore

477 1181 828 1243 distentum,
862 1182 925 1232 ut
952 1177 1237 1232 minorem
1274 1192 1481 1230 manus
1507 1176 1635 1245 ejus
1668 1173 1943 1244 digitum,
1967 1176 2129 1225 utra~

478 1284 726 1339 rumque
746 1283 1026 1321 manuum
1048 1272 1377 1320 nostrarum
1394 1261 1689 1333 conjuncti
1707 1261 1870 1333 digiti
1890 1258 2132 1314 minime

478 1356 790 1427 complecti
836 1356 1117 1411 valerent.
1168 1358 1436 1424 Cumque
1480 1370 1593 1407 non
1644 1366 1953 1422 possemus
1984 1349 2131 1402 dura

477 1446 773 1517 passionis
793 1445 919 1515 ejus
943 1445 1039 1499 diu
1066 1444 1379 1513 respicere.
1402 1442 1602 1497 oculos
1626 1445 1858 1495 nostros
1875 1439 2017 1494 abeo
2038 1439 2133 1494 de-

482 1535 774 1590 ﬂeximus.
820 1535 985 1589 Tunc
1045 1533 1143 1588 ille
1186 1533 1392 1587 beatus
1444 1530 1749 1601 Benjamin
1797 1530 1878 1584 ait
1918 1528 2125 1583 nobis:

477 1630 648 1680 Orate
682 1623 806 1692 filii,
842 1628 904 1678 ut
933 1624 1104 1678 homo
1138 1639 1305 1677 meus
1339 1620 1583 1675 interior
1612 1620 1721 1674 isto
1750 1618 2032 1690 languore
2054 1617 2131 1671 sit

477 1714 663 1782 liber;
698 1715 805 1769 hoc
837 1728 1087 1783 namque
1122 1728 1331 1783 corpus
1355 1726 1459 1766 nec
1490 1726 1596 1764 sua
1628 1725 1720 1764 me
1748 1708 2000 1763 sanitate
2030 1722 2127 1760 su-

2238 546 2554 601 mobilibus
2601 550 2829 601 tantum
2863 550 3023 602 erat:
3060 547 3118 603 in
3152 564 3293 603 auro
3342 549 3580 621 quidem
3613 551 3853 623 quinque

2238 636 2424 692 millia
2474 636 2718 702 solidos,
2750 636 2808 691 in
2860 636 3172 708 mancipiis
3219 654 3350 693 vero
3397 638 3651 693 vestibus
3696 641 3823 710 quid

2238 726 2375 797 quid
2412 725 2667 781 invenire
2700 732 3034 796 potuerunt.
3063 727 3160 781 isti
3194 726 3372 798 igitur
3399 744 3511 783 uno
3529 728 3717 783 animo
3734 746 3859 785 con-

2238 815 2520 886 munique
2547 814 2791 871 consilio
2818 816 2968 870 inter
2989 832 3051 871 se
3073 820 3320 872 tractare
3343 822 3658 889 cceperunt,
3682 820 3860 874 dicen-

2235 911 2322 961 tes
2357 906 2602 960 invicem
2631 905 2742 960 sibi
2775 921 2787 961 :
2822 905 3029 976 Quam,
3063 906 3260 972 frater,
3285 905 3560 979 eligimus
3577 908 3723 964 viam
3745 909 3856 964 vita:

2236 994 2283 1050 si
2320 995 2733 1050 mercationem
2766 994 2823 1049 in
2848 999 3145 1067 quapater
3167 1000 3362 1051 noster
3383 995 3523 1051 vixit
3543 996 3856 1067 arripimus,

2236 1084 2409 1139 etiam
2443 1084 2557 1155 ipsi
2590 1084 2823 1140 labores
2854 1089 3086 1140 nostros
3120 1083 3250 1139 aliis
3283 1084 3703 1158 relinquemus,
3732 1103 3854 1143 nos-

2236 1190 2349 1245 que
2381 1174 2629 1230 fortasse
2654 1178 2859 1229 euntes
2890 1173 2949 1229 in
2982 1173 3261 1245 pericula,
3296 1176 3622 1247 praecipites
3642 1175 3722 1229 vel
3748 1194 3857 1231 ma-

2236 1264 2347 1317 rini
2370 1265 2457 1334 (ut
2471 1262 2705 1335 assolet)
2721 1263 2952 1331 ﬂuctus,
2968 1263 3052 1319 vel
3070 1264 3363 1320 latronum
3380 1264 3495 1321 tela
3508 1271 3856 1322 consument.

2234 1353 2566 1424 Sequamur
2587 1353 2787 1424 igitur,
2814 1353 3008 1421 frater,
3036 1353 3417 1410 solitudinem
3448 1354 3628 1425 magis
3655 1356 3855 1411 vitam-

2235 1459 2348 1515 que
2381 1443 2826 1513 monachorum,
2850 1447 2916 1498 ut
2947 1448 3003 1498 et
3035 1448 3335 1515 paternam
3370 1444 3746 1501 hereditatem
3776 1444 3854 1500 lu-

2235 1549 2483 1600 cremur,
2527 1537 2584 1587 et
2615 1533 2847 1588 animas
2887 1538 3120 1589 nostras
3151 1532 3313 1588 nulla
3354 1550 3549 1589 rerum
3593 1533 3856 1591 malarum

2235 1623 2581 1694 contagione
2608 1623 2946 1694 perdamus.
2978 1623 3140 1687 Quod
3168 1623 3528 1695 propositum
3552 1640 3679 1679 cum
3704 1624 3860 1679 utris-

2234 1728 2345 1783 que
2376 1712 2716 1783 placuisset,
2742 1712 2805 1769 iu
2831 1711 3113 1767 electione
3136 1712 3410 1768 solitariae
3432 1713 3559 1768 vitae
3581 1713 3855 1768 diversum

477 1803 717 1858 blimem
736 1800 1376 1867 reddidit,necdolored
1394 1796 2129 1870 ejectum.Peroctoitaque
2158 1812 2206 1877 Β
2237 1801 2454 1873 singuli
2488 1806 2801 1857 tenuerunt
2832 1803 2960 1857 iter.

478 1908 711 1948 menses
744 1891 877 1947 illos
912 1893 1059 1946 facta
1087 1895 1176 1945 est
1207 1890 1257 1945 ei
1290 1888 1434 1943 sella
1459 1888 1771 1951 latissima,
1794 1886 1851 1939 in
1886 1902 2003 1956 qua
2029 1885 2122 1939 in-

479 1986 780 2038 cessanter
824 1982 1068 2047 sederet,
1106 1981 1231 2050 jam
1268 1996 1382 2034 non
1427 1977 1625 2033 valens
1669 1977 1726 2030 in
1775 1974 1985 2031 lectulo
2032 1991 2125 2029 re-

480 2072 782 2142 quiescere
832 2075 1069 2142 propter
1113 2068 1369 2139 reliquas
1415 2068 1673 2137 corporis
1719 2064 2122 2119 necessitates.

478 2161 587 2227 Qui
637 2166 833 2217 tamen
895 2160 952 2214 in
1004 2158 1347 2229 hujusmodi
1400 2157 1490 2211 sui
1541 2154 1800 2226 corporis
1850 2153 2122 2224 passione

475 2251 854 2315 constitutus,
909 2248 1053 2303 alios
1105 2247 1204 2303 Dei
1255 2247 1443 2318 gratia
1486 2261 1696 2301 sanare
1744 2247 2125 2299 consueverat

481 2340 743 2411 quolibet
773 2338 1052 2409 languore
1082 2340 1335 2391 vexatos.

542 2427 953 2484 Necessarium
980 2426 1159 2498 igitur
1188 2424 1515 2481 existimavi
1542 2424 1753 2479 referre
1784 2422 1964 2493 hujus
1988 2437 2119 2475 san-

471 2517 721 2573 ctissimi
754 2516 1110 2588 passionem,
1144 2519 1207 2569 ut
1239 2531 1351 2569 non
1386 2513 1747 2569 admiremur
1777 2510 2005 2583 quoties
2037 2510 2118 2563 vi-

469 2605 917 2676 risjustissimis
940 2605 1207 2675 quaedam
1232 2602 1561 2675 corporales
1584 2601 1966 2656 necessitates
1984 2616 2120 2653 con-

467 2697 723 2766 tingunt.
755 2695 1038 2751 Defuncto
1072 2699 1263 2747 autem
1292 2693 1412 2747 viro
1439 2691 1782 2757 fortissimo,
1808 2693 2004 2760 postes
2028 2689 2121 2757 ja-

472 2801 726 2840 nuurum
761 2786 889 2855 (nec
921 2784 1079 2838 enim
1113 2782 1281 2836 aliter
1304 2781 1450 2836 tanti
1476 2779 1724 2835 tumoris
1748 2794 1961 2848 corpus
1986 2776 2120 2847 ejici

472 2873 783 2945 potuisset)
818 2870 1034 2927 sublati
1068 2888 1133 2925 su
1147 2875 1227 2924 nt.

1112 2975 1346 3032 CAPUT
1384 2975 1476 3030 ΙΙΙ.

474 3072 603 3124 Vita
625 3066 836 3123 abbatis
861 3065 1175 3137 Appollonii
1193 3069 1547 3134 cognomento
1571 3068 1653 3119 Ea:
1668 3062 2120 3130 negotiatoribus,

647 3149 699 3195 et
726 3139 962 3194 duorum
992 3140 1231 3193 aliorum
1266 3140 1506 3208 [ratrum
1537 3150 1940 3190 conversorum.

541 3228 884 3301 Apollonius
900 3226 1137 3299 quidam
1157 3226 1392 3281 nomine
1408 3225 1809 3293 (Pallad.,0ap.
1832 3222 1941 3289 14),
1965 3238 2118 3275 unus

466 3336 534 3375 ex
570 3318 1037 3389 negotiatoribus
1070 3316 1417 3370 renuntians
1460 3312 1691 3377 saeculo,
1739 3317 2118 3380 montemque

472 3408 665 3465 Nitriae
699 3407 994 3469 habitans,
1025 3407 1297 3474 cumjam
1327 3419 1514 3469 neque
1530 3408 1710 3457 artem
1737 3402 1959 3455 discere
1979 3418 2118 3471 pra:-

464 3498 686 3552 valeret
704 3497 867 3551 senio
888 3495 1241 3567 praepeditus
1263 3493 1473 3556 aetatis,
1494 3509 1683 3562 neque
1702 3490 2117 3545 abstinentiam

468 3586 758 3657 spirituali
778 3587 1080 3657 Scriptura
1104 3585 1441 3638 mandatam
1465 3592 1751 3645 ekercere,
1779 3578 2120 3649 hujusmodi

466 3676 887 3732 continentiam
905 3675 1014 3730 sibi
1030 3672 1359 3728 instituisse
1376 3670 1852 3742 cognoscitanx
1870 3668 2119 3740 propriis

469 3766 730 3837 pecuniis
764 3771 937 3836 atque
961 3763 1535 3828 laboribus,omnem
1561 3759 1952 3815 remediorum
1986 3775 2115 3829 spe-

465 3855 610 3910 ciem
644 3862 821 3926 atque
860 3852 1092 3909 cellaria
1128 3854 1184 3906 in
1214 3851 1564 3906 Alexandria
1593 3864 1943 3918 comparans
1976 3848 2116 3901 civi-

463 3948 601 4004 tate.
636 3944 864 3999 cunctis
900 3943 1178 3998 fratribus
1208 3940 1630 4010 languentibus
1665 3938 1995 3991 necessaria
2018 3952 2116 3989 ex-

466 4034 717 4088 hibebat.
747 4033 989 4087 Videres
1018 4035 1211 4085 autem
1238 4045 1370 4082 eum
1396 4046 1429 4082 a
1452 4026 1735 4098 principio
1760 4025 1871 4079 diei
1901 4041 2114 4078 nonam

466 4138 651 4192 usque
683 4121 884 4175 horam
920 4119 1193 4173 universa
1219 4122 1341 4171 tam
1374 4116 1636 4171 virorum
1660 4130 1833 4183 quam
1870 4113 2111 4168 femina-

461 4227 592 4265 rum
626 4210 985 4265 monasteria
1017 4211 1447 4279 peragrantem,
1481 4210 1535 4259 et
1561 4221 1662 4276 per
1683 4203 1917 4275 singula
1933 4219 2113 4273 aegro-

460 4303 549 4353 tos
567 4300 720 4354 ostia
735 4298 1093 4366 visitantem,
1110 4301 1560 4366 portantemque
1575 4309 1773 4349 secum
1794 4309 1961 4347 uvam
1980 4309 2112 4363 pas-

460 4404 610 4455 sam,
646 4386 1065 4451 malogranata,
1094 4402 1219 4453 ova,
1254 4383 1537 4455 siligines,
1571 4398 1701 4454 quae
1732 4381 1981 4436 maxime
2014 4396 2112 4434 ne-

459 4476 716 4531 cessaria
740 4476 1013 4529 videntur
1039 4473 1314 4527 inﬁrmis.
1347 4472 1429 4526 Ad
1464 4471 1636 4527 talem
1669 4471 1871 4538 vitam,
1906 4468 1997 4523 cui
2026 4485 2115 4522 so-

2310 1891 2517 1945 Divisis
2534 1890 2713 1960 igitur
2726 1907 2873 1961 quas
2891 1890 3106 1962 pariter
3118 1890 3482 1963 reliquerant
3495 1891 3666 1948 rebus
3689 1908 3853 1947 unum

2230 1981 2466 2051 quidem
2488 1980 2822 2035 habuerunt
2841 1984 3085 2052 uterque
3100 1981 3469 2052 propositum
3496 1988 3556 2036 ut
3578 1980 3855 2053 placerent

2230 2069 2367 2137 Deo,
2402 2069 2499 2124 sed
2532 2086 2644 2123 non
2671 2069 2727 2123 in
2760 2069 3264 2124 unainstitutione
3287 2069 3533 2125 vivendo
3553 2070 3718 2124 ambo
3741 2068 3847 2140 pla-

2230 2167 2494 2214 cuerunt.
2528 2158 2685 2213 Alter
2703 2158 2856 2213 enim
2874 2174 2943 2213 ex
2957 2158 3104 2230 ipsis
3122 2159 3407 2215 omnibus
3425 2160 3548 2215 suis
3572 2160 3739 2215 rebus
3757 2160 3858 2230 iper

2230 2248 2425 2303 omnia
2456 2248 2833 2312 monasteria,
2865 2253 2920 2303 et
2950 2247 3247 2314 ecclesias,
3281 2252 3338 2303 et
3382 2264 3642 2304 carceres
3672 2247 3856 2303 divisis

2229 2342 2409 2393 artem
2443 2337 2553 2392 sibi
2589 2337 2802 2407 reperit
2825 2338 3165 2409 quamdam,
3198 2354 3265 2392 ex
3297 2354 3419 2408 qua
3441 2336 3756 2409 quotidiani
3782 2336 3855 2391 ci-

2228 2428 2368 2481 bum
2403 2425 2567 2496 panis
2589 2426 2922 2496 acquirens,
2946 2430 3001 2481 et
3029 2443 3203 2497 quam
3237 2425 3498 2499 elegerat
3528 2428 3653 2481 vitae
3674 2431 3855 2482 etora-

2227 2515 2373 2570 tioni
2405 2515 2686 2583 vacabat;
2720 2517 2866 2570 alter
2888 2519 3083 2570 autem
3104 2514 3251 2570 nulli
3283 2532 3351 2571 ex
3390 2516 3716 2571 substantia
3738 2530 3855 2586 pro-

2228 2604 2354 2674 pria
2393 2603 2715 2675 quidquam
2760 2604 2940 2667 dedit,
2974 2604 3073 2659 sed
3109 2603 3537 2659 monasterium
3577 2603 3684 2659 sibi
3716 2603 3854 2670 fecit,

2231 2695 2327 2749 ubi
2362 2694 2566 2765 paucis
2583 2711 2778 2749 secum
2813 2695 3095 2749 fratribus
3120 2694 3448 2761 collocatis,
3483 2711 3681 2750 omnes
3702 2696 3857 2748 adve-

2230 2800 2356 2853 nas,
2397 2800 2600 2839 omnes
2631 2800 2823 2855 εθηθε,
2858 2801 3063 2839 omnes
3107 2800 3419 2856 pauperes,
3456 2801 3652 2841 omnes
3686 2783 3855 2838 8030i-

2228 2872 2424 2942 piebat
2454 2872 2743 2940 inﬁrmos,
2784 2878 2841 2928 et
2871 2889 2974 2945 per
3013 2872 3298 2928 Dominici
3332 2891 3404 2929 ac
3446 2873 3681 2930 Sabbati
3720 2873 3858 2927 diem

2229 2966 2424 3016 ternas
2446 2966 2501 3016 et
2522 2967 2838 3032 quaternas
2863 2978 3099 3017 mensas
3122 2962 3531 3033 indigentibus
3553 2961 3859 3022 exhibebat,

2232 3050 2439 3121 hisque
2471 3049 2801 3105 universam
2836 3068 3005 3105 suam
3039 3051 3437 3106 substantiam
3475 3051 3657 3106 modis
3687 3048 3856 3121 quoad

2226 3139 2368 3195 vixit
2397 3140 2689 3210 expendit.
2725 3142 2847 3205 Quo
2881 3145 3128 3211 utroque
3161 3140 3461 3203 defuncto,
3496 3141 3642 3196 beati
3676 3138 3850 3201 ambo,

2228 3228 2474 3284 diversis
2491 3228 2867 3299 Opinionibus
2888 3228 3207 3300 probabilis
3224 3229 3349 3283 vitae
3369 3229 3859 3285 consummatione

2226 3317 2611 3373 celebrantur.
2672 3319 2739 3373 Et
2790 3318 2899 3373 iste
2949 3318 3187 3389 quidem
3240 3318 3400 3389 aliis,
3436 3319 3529 3375 ille
3568 3334 3698 3374 vero
3741 3315 3856 3371 aliis

2225 3424 2457 3477 semper
2487 3406 2773 3477 placebat.

2297 3501 2370 3551 Ex
2412 3512 2665 3567 quorum
2706 3495 2981 3551 laudibus
3021 3502 3150 3551 orta
3180 3496 3331 3551 inter
3372 3497 3590 3553 fratres
3629 3499 3855 3551 conten-

2222 3585 2405 3652 tione,
2438 3586 2592 3657 quod
2630 3590 2874 3655 uterque
2900 3585 3197 3640 videretur
3231 3586 3420 3641 fuisse
3455 3586 3758 3658 perfectus,
3788 3582 3853 3637 ad

2221 3678 2491 3730 sanctum
2517 3674 2757 3739 Pambo,
2791 3678 2854 3727 ut
2875 3673 2946 3729 ab
2971 3689 3036 3728 eo
3054 3689 3250 3729 verum
3275 3678 3714 3747 cognoscerent.
3738 3687 3857 3744 per-

2222 3767 2388 3835 gunt.
2414 3764 2593 3827 Quem
2620 3779 2752 3817 cum
2772 3762 3030 3833 judicem
3054 3764 3302 3834 elegisse
3327 3780 3390 3819 se
3416 3764 3695 3830 dicerent,
3721 3764 3855 3834 pete-

2222 3857 2467 3922 rentque
2499 3858 2562 3907 ut
2591 3853 2723 3923 quis
2755 3868 2785 3906 e
2812 3852 3043 3908 duobus
3076 3853 3311 3908 fecisset
3341 3854 3559 3909 melius
3589 3854 3856 3917 edoceret,

2224 3948 2541 4012 utrumque
2558 3941 2656 3995 ille
2674 3941 2827 4011 apud
2848 3947 3027 3997 Deum
3051 3942 3371 4012 perfectum
3398 3959 3532 3999 esse
3554 3940 3853 4012 respondit.

2221 4032 2367 4085 Nam
2401 4030 2547 4085 alter
2568 4030 2804 4101 quidem
2825 4047 2892 4085 ex
2914 4031 3061 4102 ipsis
3087 4031 3516 4100 Abrahm,alter
3544 4031 3673 4086 Elite
3697 4028 3857 4084 mori-

2220 4121 2334 4175 bus
2347 4120 2503 4175 vivit.
2520 4119 2595 4173 Cu
2608 4135 2784 4191 mque
2801 4137 2910 4175 non
2928 4121 3025 4175 sed
3036 4126 3130 4175 ato
3144 4120 3297 4176 intra
3312 4137 3375 4177 se
3389 4121 3705 4177 certamine
3718 4117 3853 4173 dice-

2220 4215 2370 4279 rent,
2396 4212 2796 4280 deprecantes,
2817 4211 3317 4280 quemadmodum
3344 4227 3517 4281 pares
3532 4206 3853 4282 possuntvi-

2221 4298 2364 4363 deri,
2387 4308 2579 4353 etnon
2604 4298 2793 4369 magis
2818 4300 3107 4368 praecedat
3129 4297 3226 4353 ille
3242 4299 3342 4370 qui
3365 4300 3703 4372 evangelica
3726 4312 3853 4367 prae-

2219 4392 2386 4458 cepta
2404 4386 2735 4458 complevit,
2764 4387 2862 4458 qui
2880 4393 3089 4443 cuncta
3102 4388 3380 4456 vendidit,
3398 4388 3752 4461 pauperibus
3768 4386 3855 4440 do-

2221 4477 2399 4543 navit,
2434 4476 2655 4547 quique
2688 4492 2790 4547 per
2811 4492 3015 4532 omnes
3034 4476 3224 4545 horas,
3251 4494 3460 4534 omnes
3482 4479 3606 4534 dies
3636 4490 3852 4533 omnes-

460 4566 581 4620 lum
599 4570 776 4636 aptus
799 4568 947 4631 erat,
969 4580 1136 4618 suam
1162 4558 2114 4617 hicfamulusChristiinstituerat
2147 4543 2189 4606 D
2224 4582 2336 4637 que
2369 4543 2587 4634 noctes,
2626 4543 2989 4621 Dominicam
3023 4543 3253 4621 crucem
3290 4572 3556 4635 portans,
3589 4567 3855 4638 perpetua

459 4660 749 4709 senectam
783 4673 796 4721 ;
832 4652 933 4724 qui
964 4658 1163 4707 tamen
1195 4655 1328 4705 ante
1361 4650 1586 4705 obitum
1626 4665 1798 4703 suum
1832 4664 1964 4703 cum
2000 4647 2111 4701 ali-

459 4761 633 4816 quem
661 4744 750 4798 sui
785 4742 1033 4797 similem
1083 4742 1420 4812 reperisset,
1452 4739 1503 4794 ei
1530 4754 1762 4793 omnem
1798 4737 2112 4792 ministerii

458 4835 641 4906 hujus
693 4832 1115 4903 supellectilem
1150 4830 1410 4898 tradidit,
1462 4833 1984 4899 comprecatusque
2023 4832 2112 4881 est

460 4941 617 4992 eum,
644 4928 706 4979 ut
737 4922 1077 4993 hujusmodi
1100 4936 1299 4975 curam
1329 4918 1605 4972 l'ratribus
1627 4916 1940 4971 exhiberet.
1966 4916 2109 4970 Cum

458 5014 613 5069 enim
648 5012 911 5084 quinque
963 5010 1147 5066 millia
1198 5007 1618 5064 monachorum
1667 5005 1724 5060 in
1772 5007 2111 5075 supradicto

464 5106 661 5157 monte
691 5100 1041 5165 consistant,
1077 5097 1410 5154 necessaria
1439 5095 1525 5150 vel
1552 5094 1803 5150 maxime
1836 5093 1971 5149 talis
1994 5093 2111 5149 sol-

460 5188 701 5245 licitudo
734 5195 821 5246 est
851 5194 908 5243 et
937 5188 1280 5252 consolatio,
1310 5186 1434 5241 sine
1466 5202 1581 5257 qua
1612 5184 1670 5239 in
1715 5183 1961 5238 desertis
1994 5183 2113 5238 illis

458 5296 579 5341 non
616 5281 826 5333 vivitur
856 5280 1019 5335 locis.

537 5368 644 5423 Alii
680 5370 859 5425 etiam
886 5371 1000 5425 duo
1026 5370 1263 5440 quidam
1301 5368 1505 5423 fratres
1528 5368 1761 5421 fuerunt
1792 5368 1832 5430 ¹,
1858 5382 2108 5435 quorum

462 5462 626 5529 pater
656 5460 921 5513 emendis
953 5459 1038 5513 vel
1068 5458 1368 5513 mutandis
1396 5456 1689 5510 mercibus
1719 5455 1984 5519 studens,
2010 5473 2111 5510 us-

460 5564 573 5619 que
597 5548 668 5603 ad
688 5548 1027 5619 Hispaniam
1047 5564 1278 5619 semper
1302 5545 1655 5617 negotiando
1671 5545 1967 5615 pergebat.
1990 5547 2111 5611 Quo

2221 4654 2575 4711 Salvatorem
2593 4653 2854 4709 oratione
2872 4654 3187 4710 comitatur
3205 4654 3510 4727 ?Cumque
3527 4655 3623 4710 alii
3644 4655 3855 4709 diversa

2221 4760 2289 4799 ex
2312 4747 2476 4815 parte
2500 4742 2924 4798 contenderent
2946 4744 3341 4814 dicerentque.
3366 4744 3515 4809 Quia
3542 4747 3671 4809 iste,
3693 4754 3853 4814 quem

2221 4851 2328 4889 nos
2342 4832 2598 4903 amplius
2612 4831 2921 4902 praedicam
2932 4837 3260 4900 us,tantum
3277 4834 3431 4889 circa
3444 4838 3681 4906 egentes
3694 4844 3853 4887 suum

2221 4922 2480 4978 ostendit
2512 4921 2809 4985 affectum,
2842 4926 2905 4975 ut
2937 4922 3250 4995 aggeribus
3283 4921 3537 4993 publicis
3567 4920 3852 4981 assideret,

2218 5010 2573 5067 tribulantes
2604 5010 2993 5081 undecunque
3014 5009 3333 5082 colligeret,
3367 5016 3424 5067 et
3448 5029 3565 5068 non
3598 5027 3714 5068 sum
3734 5013 3853 5063 tan-

2220 5101 2527 5156 tummodo
2549 5099 2882 5155 consuleret
2905 5100 3132 5169 animae,
3153 5101 3253 5155 sed
3284 5101 3498 5156 multas
3522 5107 3696 5171 atque
3714 5093 3849 5153 mol-

2220 5194 2415 5245 torum
2433 5190 2691 5244 curando
2707 5188 3104 5255 infirmitates,
3119 5206 3182 5244 ac
3207 5191 3539 5245 necessaria
3558 5184 3850 5261 praebendo

2221 5278 2492 5334 salvaret.
2529 5281 2614 5333 lta
2637 5278 2844 5333 beatus
2867 5278 3079 5334 Pambo
3111 5279 3182 5334 ad
3204 5284 3486 5350 utrosque
3520 5273 3848 5350 respondit:

2224 5369 2381 5424 Idem
2416 5368 2627 5423 iterum
2660 5366 2823 5421 vobis
2856 5366 3082 5439 loquor,
3118 5386 3286 5440 pares
3320 5370 3491 5423 ambo
3541 5372 3678 5423 sunt
3708 5360 3848 5435 apud

2226 5459 2557 5521 Dominum,
2586 5461 2642 5511 et
2673 5456 2941 5527 utrisque
2973 5474 3065 5512 me
3097 5458 3534 5513 satisfacturum
3567 5461 3725 5529 puto.
3760 5450 3852 5507 Hic

2221 5547 2377 5603 enim
2397 5546 2445 5601 si
2464 5551 2583 5601 tam
2605 5546 2898 5617 perfectus
2916 5546 3242 5602 monachus
3266 5564 3379 5603 non
3404 5546 3635 5611 fuisset,
3660 5544 3857 5613 dignus

530 5676 545 5709 ί
580 5670 900 5742 Palladius,
928 5688 978 5726 c.
1020 5672 1099 5740 15,
1138 5672 1223 5737 16,
1254 5676 1419 5726 vocat
1449 5671 1725 5725 Pazcsium
1753 5673 1809 5724 et
1840 5671 2060 5744 Isaiam,
2094 5678 2270 5745 atque
2300 5672 2383 5727 ita
2414 5670 2507 5726 hic
2543 5670 2653 5741 Ms,
2687 5670 2863 5728 etiam
2901 5671 3098 5728 habet.
