4092 6324
222 379 336 432 273

1480 381 1916 436 IIERACLIDIS
1955 385 2384 443 PARADISUS.

3551 393 3661 448 274

221 522 401 578 quem
433 505 963 562 archimandritam
996 504 1273 573 vocitant,
1307 508 1634 579 requisivit,
1668 507 1887 563 Pacho-
1914 508 1969 575 Α
2072 514 2333 579 Quodam
2357 533 2565 573 rursus
2584 522 2844 591 tempore
2862 519 2971 576 hoc
2989 521 3657 592 retulitnobis,dicens=

220 596 409 650 mium
443 596 763 665 quemdam
788 595 1041 664 nomine,
1068 596 1430 667 probabilem
1455 614 1557 668 per
1575 596 1773 652 omnia
1794 597 1881 651 vi-

224 703 379 750 rum,
405 684 725 740 habentem
760 685 1127 757 spiritualem
1148 685 1397 756 gratiam
1422 685 1764 757 prophetiae,
1791 680 1885 740 cui

221 782 419 829 tamen
454 775 527 828 de
564 775 810 829 Macario
838 774 982 829 nihil
1010 776 1198 829 fuerat
1218 774 1559 830 revelatum.
1589 775 1671 829 Ad
1707 791 1880 847 quem

220 881 357 919 cum
389 864 674 933 venisset,
709 864 825 918 haec
857 864 1031 918 dixit:
1058 866 1259 929 Quzcso
1286 870 1347 918 ut
1380 881 1470 919 me
1498 865 1554 919 in
1590 869 1881 920 monaste-

220 954 304 1009 rio
340 958 439 1008 tuo
460 953 761 1024 suscipas;
790 952 1113 1008 monachus
1131 953 1286 1008 enim
1320 970 1450 1009 esse
1481 954 1767 1008 desidero.
1788 954 1882 1007 Ait

218 1041 301 1096 illi
322 1059 582 1113 magnus
601 1042 697 1098 ille
716 1042 1392 1099 Pachomius:Senilibus
1409 1043 1579 1098 annis
1596 1042 1880 1115 gravaris,

218 1138 272 1187 et
295 1132 633 1188 monachus
654 1134 916 1204 essejam
952 1150 1065 1188 non
1102 1138 1285 1205 potes,
1306 1151 1495 1204 neque
1527 1134 1677 1189 inter
1703 1138 1880 1188 caete—

218 1239 311 1277 ros
333 1223 550 1277 fratres
568 1222 665 1293 qui
694 1223 797 1277 hoc
816 1223 886 1277 ab
912 1222 1303 1279 adolescentia
1327 1222 1676 1291 didicerunt,
1696 1224 1883 1279 vivere

215 1311 397 1379 vales,
436 1328 504 1366 eo
539 1313 691 1383 quod
726 1313 1214 1367 consuetudinem
1256 1330 1456 1368 eorum
1501 1312 1880 1383 laboremque

216 1427 332 1465 non
358 1412 619 1483 pateris;
646 1428 896 1483 cumque
912 1412 1281 1469 abstinentiae
1297 1412 1651 1468 tentationes
1669 1429 1783 1467 non
1805 1413 1879 1466 fe-

218 1516 375 1565 rens,
404 1500 547 1555 laeso
572 1501 769 1557 animo
792 1518 1066 1573 egressus
1094 1503 1164 1557 ab
1194 1502 1285 1557 his
1306 1504 1505 1572 fueris,
1533 1502 1878 1558 maledicere

217 1591 296 1644 eis
328 1592 587 1662 incipies
607 1608 754 1663 quos
783 1610 894 1647 non
918 1593 1175 1664 potueris
1206 1593 1490 1648 imitando
1509 1594 1740 1648 sectari.
1764 1594 1880 1647 No-

217 1677 325 1733 luit
351 1681 557 1752 itaque
576 1697 681 1736 nec
704 1682 890 1752 primo
909 1699 1042 1738 eum
1078 1699 1182 1739 nec
1214 1684 1471 1739 secundo
1502 1684 1614 1749 die,
1642 1699 1745 1738 nec
1777 1699 1881 1754 per

216 1773 399 1822 totam
435 1770 737 1840 suscipere
769 1771 1181 1841 septimanam.
1208 1773 1472 1843 Dumque
1496 1772 1719 1844 jugiter
1751 1789 1875 1843 per-

216 1857 456 1912 sisteret
479 1858 539 1913 in
564 1860 1107 1931 rogandojejunus,
1134 1861 1201 1915 ad
1225 1865 1610 1932 postremum,
1636 1861 1877 1933 Suscipe
1909 1883 1956 1948 Β

218 1961 328 2014 me,
364 1946 587 2018 inquit,
620 1947 795 2014 abba,
824 1953 881 2003 et
911 1948 960 2004 si
995 1965 1086 2003 me
1118 1948 1176 2003 in
1215 1949 1467 2019 jejunio,
1501 1949 1587 2004 vel
1620 1950 1678 2004 in
1706 1966 1878 2022 opere

216 2034 563 2090 inferiorem
586 2035 734 2106 ipsis
752 2036 1223 2108 deprehenderis,
1245 2038 1444 2093 statim
1463 2039 1533 2093 de
1550 2044 1648 2093 tuo
1674 2055 1879 2094 mona-

216 2123 393 2178 sterio
421 2124 734 2195 pelle.Quo
753 2126 1089 2193 audito,ille
1115 2127 1409 2198 persuasit
1429 2127 1710 2182 fratribus
1736 2132 1798 2182 ut
1818 2127 1877 2182 in

221 2214 588 2269 monasterio
610 2214 985 2286 reciperetur.
1013 2220 1112 2270 Est
1131 2225 1323 2271 autem
1346 2216 1463 2271 illic
1486 2218 1659 2272 unius
1679 2233 1883 2272 nume-

222 2320 326 2357 rus
360 2303 715 2371 mansionis,
750 2304 973 2361 habens
1003 2304 1177 2360 etiam
1214 2323 1400 2377 usque
1442 2306 1498 2360 in
1533 2310 1877 2378 praesentem

218 2392 373 2447 diem
400 2393 473 2447 ad
502 2392 663 2448 mille
680 2394 1145 2464 quadringentos
1162 2395 1338 2450 viros.
1360 2396 1502 2451 Cum
1534 2397 1714 2468 igitur
1737 2396 1879 2450 fuis-

216 2488 309 2538 set
326 2483 635 2554 ingressus
658 2483 716 2537 in
740 2499 866 2538 eam
891 2489 1132 2539 sanctus
1158 2484 1463 2551 Macarius,
1483 2490 1539 2540 et
1562 2490 1691 2557 post
1715 2486 1881 2540 breve

216 2580 454 2644 tempus
477 2574 957 2645 supervenissent
979 2574 1440 2645 quadragesimae
1464 2574 1610 2642 dies,
1630 2574 1879 2629 videret-

213 2679 330 2733 que
361 2663 629 2718 diversos
661 2664 816 2718 vario
841 2680 999 2719 more
1023 2664 1301 2729 viventes,
1330 2664 1505 2719 alium
1531 2662 1881 2734 vespertinis

216 2752 376 2806 horis
411 2751 1074 2822 solventemjejunium,
1095 2752 1272 2807 alium
1297 2770 1427 2807 vero
1455 2757 1587 2824 post
1612 2751 1877 2820 biduum,

217 2850 367 2906 alios
392 2849 573 2906 etiam
597 2850 866 2921 postdies
884 2851 1141 2922 quinque
1164 2855 1491 2922 gustantes,
1520 2851 1701 2906 alium
1726 2855 1880 2907 stan-

216 2944 336 2995 tem
370 2940 514 2994 totis
549 2940 841 3007 noctibus,
861 2944 918 2994 et
939 2957 1038 3011 per
1069 2940 1223 2995 diem
1253 2942 1573 3007 sedentem,
1608 2940 1880 2997 laboran-

220 3034 457 3099 temque
477 3046 491 3086 :
508 3028 608 3083 ille
626 3029 695 3083 de
708 3028 1017 3083 arboribus
1036 3028 1401 3101 dactylorum
1417 3031 1661 3085 cortices
1674 3034 1881 3086 tenens

219 3118 456 3174 infusos
489 3134 558 3173 ac
585 3118 875 3190 cepiosos,
908 3117 967 3173 in
1001 3134 1117 3173 uno
1141 3118 1357 3191 angulo
1376 3120 1568 3175 stabat
1590 3136 1777 3190 usque
1808 3120 1878 3175 ad

221 3208 695 3279 quadragesimae
717 3208 891 3263 finem
918 3212 976 3263 et
994 3207 1347 3280 principium
1370 3209 1621 3278 Paschae,
1647 3226 1762 3264 non
1786 3226 1879 3281 pa-

220 3314 375 3365 nem,
399 3313 522 3352 non
548 3314 761 3368 aquam
780 3301 1047 3369 gustans,
1072 3314 1184 3352 non
1210 3297 1447 3353 flectens
1469 3316 1804 3371 genua,non
1822 3300 1881 3355 in

221 3388 635 3456 terrajacens,
656 3387 757 3441 sed
784 3392 1007 3441 tantum
1034 3387 1265 3442 modica
1282 3386 1709 3443 cauliculorum
1744 3388 1885 3444 folia

222 3476 405 3530 cruda
440 3474 748 3530 Dominico
766 3476 859 3531 die
890 3491 1155 3542 sumens,
1181 3482 1244 3530 ut
1275 3477 1631 3532 manducare
1649 3478 1782 3534 aliis
1798 3478 1884 3533 vi-

221 3566 485 3621 deretur.
505 3564 565 3620 Si
600 3566 837 3636 quando
869 3570 1065 3620 autem
1093 3567 1161 3619 ad
1183 3566 1543 3637 corporalem
1565 3568 1882 3624 necessita-

228 3659 346 3710 tem
376 3654 591 3709 luisset
607 3654 1220 3726 egressus,confestim
1248 3655 1567 3726 remeabat,
1586 3673 1651 3711 ac
1669 3658 1883 3723 stabat,

222 3770 336 3809 non
368 3770 437 3809 os
468 3751 762 3823 aperiens,
788 3770 901 3808 non
935 3752 1107 3807 alicui
1133 3753 1458 3823 quidquam
1488 3753 1755 3824 loquens,
1781 3755 1881 3810 sed

222 3859 353 3897 cum
378 3858 617 3897 summa
639 3841 1038 3897 taciturnitate
1059 3842 1411 3913 consistens,
1436 3842 1562 3897 etin
1581 3844 1754 3899 corde
1777 3860 1883 3900 suo

221 3936 455 3987 tantum
483 3932 705 4004 jugiter
721 3948 916 3999 orans,
941 3940 1117 4002 atque
1138 3932 1193 3987 id
1214 3932 1405 3987 solum
1429 3932 1623 4004 operis
1642 3934 1797 4005 quod
1822 3934 1881 3989 in

225 4023 507 4078 manibus
527 4022 761 4077 tenebat
781 4020 1060 4077 efficiens.
1078 4024 1259 4087 Quem
1277 4038 1410 4077 cum
1431 4038 1561 4078 esse
1581 4027 1701 4078 tam
1725 4024 1798 4078 du
1812 4042 1882 4079 τω

227 4116 401 4183 atque
434 4110 808 4167 inimitabilia
831 4110 960 4166 vitae
994 4111 1263 4166 monachi
1288 4112 1882 4169 omnesconsideras-

226 4206 376 4267 sent,
409 4201 582 4273 quasi
608 4201 864 4272 quadam
889 4201 1199 4255 adversum
1226 4201 1503 4272 pricipem
1529 4218 1706 4258 suum
1726 4202 1880 4258 sedi-

225 4291 379 4345 tione
422 4292 740 4345 commoti:
773 4289 956 4355 Unde,
1002 4288 1300 4360 inquiunt,
1349 4290 1517 4345 nobis
1564 4291 1745 4346 istum
1774 4292 1877 4346 ad-

227 4378 466 4445 duxisti,
487 4378 587 4449 qui
611 4379 693 4434 ita
714 4379 852 4433 vivit
881 4379 1046 4450 quasi
1072 4378 1129 4431 in
1157 4395 1329 4433 carne
1354 4396 1467 4434 non
1501 4380 1879 4448 sithumana,

228 4470 294 4525 ad
328 4470 883 4525 condemnationem
904 4467 1159 4523 omnium
1182 4473 1446 4523 nostrum
1462 4470 1489 4523 ?
1508 4470 1654 4525 Audi
1679 4471 1879 4542 igitur,

226 4565 279 4615 et
304 4566 407 4614 aut
426 4558 566 4614 tolle
596 4575 728 4613 eum
755 4576 787 4612 a
820 4558 1011 4626 nobis,
1030 4562 1131 4612 aut
1152 4558 1300 4614 scito
1323 4575 1526 4613 omnes
1545 4577 1651 4615 nos
1684 4577 1751 4615 ex
1770 4561 1878 4618 hoc

225 4646 583 4704 monasterio
608 4646 778 4702 hodie
801 4664 1157 4703 recessuros.
1178 4646 1276 4701 Ille
1294 4651 1491 4702 autem
1512 4649 1611 4703 tali
1634 4666 1875 4706 conver-

227 4741 452 4793 satione
475 4742 654 4808 atque
673 4735 885 4791 virtute
898 4738 1027 4807 ejus
1042 4735 1267 4803 audita,
1291 4737 1641 4807 deprecatus
1664 4745 1753 4795 est
1774 4742 1880 4797 Do-

230 4827 480 4896 minum,
516 4831 581 4881 ut
612 4825 742 4898 quis
772 4831 923 4881 esset
953 4826 1142 4881 eidem
1184 4826 1487 4881 revelaret.
1524 4829 1646 4894 Quo
1678 4830 1878 4885 statim

232 4917 709 4988 facto,arreptum
724 4932 858 4970 eum
879 4932 1054 4969 manu
1072 4915 1143 4969 ad
1164 4914 1483 4970 oratorium
1499 4933 1673 4972 suum
1692 4919 1878 4990 duxit,

230 5008 321 5061 ubi
338 5013 466 5063 erat
488 5006 673 5062 altare
694 5007 981 5073 divinum,
1004 5004 1426 5077 osculatusque
1442 5023 1577 5062 eum
1599 5009 1875 5065 dicitilli:

230 5106 391 5176 Veni,
427 5105 653 5178 optime
685 5120 878 5171 senex,
911 5108 974 5159 tu
1008 5103 1105 5159 ille
1131 5104 1422 5160 Macarius
1460 5111 1621 5173 es,et
1650 5107 1792 5162 mihi
1826 5112 1881 5164 te

230 5187 415 5250 celare
428 5195 705 5250 tentabas
729 5211 741 5261 ;
766 5210 835 5249 ex
858 5191 1059 5248 multis
1074 5193 1244 5248 annis
1261 5197 1317 5248 te
1335 5193 1525 5250 videre
1548 5198 1879 5269 cupiebam,

231 5284 476 5340 audiens
494 5284 568 5339 de
592 5291 645 5338 te
663 5300 877 5354 magna
899 5282 1182 5339 miracula
1197 5298 1208 5337 :
1226 5282 1445 5354 gratias
1466 5284 1569 5340 tibi
1589 5303 1719 5358 ago,
1745 5288 1881 5358 quia

231 5374 506 5445 colaphos
527 5373 854 5428 infantibus
877 5370 1095 5427 nostris
1117 5370 1353 5437 dedisti,
1369 5389 1441 5428 ne
1476 5391 1757 5446 magnum
1780 5376 1882 5432 ali-

232 5464 363 5533 quid
396 5464 457 5518 in
490 5460 931 5518 conversatione
959 5460 1090 5515 vitae
1119 5476 1237 5515 suae
1270 5459 1457 5516 facere
1490 5480 1550 5519 se
1583 5469 1878 5535 putarent.

233 5550 543 5609 Revertere
574 5551 756 5623 igitur
772 5568 928 5607 nunc
947 5550 1015 5605 ad
1060 5549 1187 5605 loca
1212 5551 1368 5607 unde
1393 5569 1673 5623 veneras;
1709 5556 1881 5611 sufﬁ-

232 5642 452 5699 cienter
465 5640 629 5699 enim
654 5657 759 5697 nos
789 5656 994 5696 omnes
1020 5638 1340 5706 aediﬁcasti,
1365 5646 1423 5698 et
1439 5658 1540 5698 ora
1561 5661 1663 5715 pro
1688 5647 1880 5718 nobis,

232 5731 330 5790 His
362 5732 559 5791 verbis
589 5734 829 5804 rogatus
858 5732 930 5788 ab
963 5729 1261 5802 omnibus,
1294 5730 1428 5788 inde
1457 5732 1745 5794 discessit.

1997 602 2399 677 Quodcunque
2419 624 2600 677 genus
2631 608 2839 675 vitae,et
2860 627 3241 683 quoscunque
3258 628 3445 667 mores
3470 613 3656 668 absti-

1997 692 2207 745 nentiae
2236 694 2563 764 spiritualis
2598 698 2945 765 desideravi,
2982 700 3247 756 imitatus
3280 717 3433 771 sum,
3468 706 3646 773 atque

1993 780 2226 849 perfeci.
2262 782 2475 840 Iterum
2510 785 2740 857 inquit:
2768 787 3093 859 Aliquando
3127 791 3392 846 animum
3445 807 3643 847 meum

1991 870 2255 938 quaedam
2289 890 2447 928 novae
2481 874 2853 946 cogitationis
2895 878 3186 949 cupiditas
3217 883 3546 951 occupavit,
3582 884 3646 936 ut

1990 956 2193 1013 vellem
2213 960 2474 1032 quinque
2488 963 2694 1019 diebus
2713 966 3178 1024 continuis953
3196 984 3436 1023 sensum
3455 970 3649 1025 cordis

1992 1046 2104 1099 mei
2135 1046 2585 1121 inseparabilem
2618 1070 2652 1108 a
2686 1053 2801 1109 Deo
2829 1055 3038 1112 facere.
3067 1058 3462 1128 Statuensque
3492 1058 3647 1114 intra

1993 1141 2245 1193 mentem
2277 1156 2487 1208 meam,
2521 1153 2575 1198 et
2606 1142 2820 1199 clausis
2853 1144 2934 1199 ita
2964 1145 3131 1201 ostiis
3162 1146 3319 1202 cellae
3349 1153 3525 1219 atque
3554 1164 3649 1204 ve-

1988 1224 2214 1293 stibuli,
2251 1232 2313 1282 ut
2337 1230 2533 1286 nullus
2560 1232 2866 1288 hominum
2893 1252 3241 1306 responsum
3265 1252 3298 1291 a
3330 1253 3422 1292 me
3454 1236 3651 1309 posset

1989 1314 2266 1387 accipere,
2300 1320 2443 1391 ccepi
2496 1320 2715 1377 instare
2747 1340 2779 1378 a
2818 1323 3104 1396 principio
3166 1326 3526 1398 septimanae,
3560 1327 3648 1382 di-

1989 1420 2124 1459 cens
2158 1410 2354 1463 sensui
2404 1427 2569 1467 meo:
2606 1412 2747 1467 Vide
2780 1429 2852 1468 ne
2888 1414 3030 1470 velis
3061 1433 3094 1471 a
3143 1416 3286 1471 caelo
3318 1417 3387 1471 ad
3429 1422 3645 1473 terram

1989 1493 2357 1553 descendere.
2392 1501 2581 1556 Habes
2616 1502 2733 1557 illic
2762 1504 3003 1576 angelos
3035 1510 3209 1577 atque
3240 1505 3644 1579 archangelos,

1987 1581 2425 1659 altissimasque
2456 1590 2717 1659 virtutes,
2744 1592 3046 1649 cherubim
3079 1611 3143 1650 ac
3174 1596 3494 1667 seraphim,
3522 1596 3645 1667 pri—

1988 1688 2270 1746 mumque
2292 1680 2560 1735 omnium
2579 1686 2904 1737 creatorem
2922 1683 3253 1739 Deum:illic
3275 1700 3640 1751 conversare,

1986 1780 2195 1834 sperne
2219 1765 2319 1821 illa
2344 1785 2711 1842 quaecunque
2733 1771 2886 1826 infra
2908 1772 3166 1829 caelestia
3185 1775 3458 1830 videntur
3479 1775 3642 1830 babi-

1986 1852 2202 1921 tacula,
2231 1872 2331 1911 nec
2356 1858 2621 1914 carnales
2652 1860 3035 1931 cogitationes
3057 1861 3348 1919 incurras.
3369 1865 3558 1935 Atque
3581 1864 3637 1919 in

1989 1941 2121 2008 hoc,
2139 1942 2357 2015 inquit,
2382 1947 2614 2004 duobus
2645 1949 2855 2006 diebus
2879 1967 2945 2006 ac
2968 1952 3193 2007 duabus
3212 1953 3484 2009 noctibus
3507 1969 3644 2025 per-

1989 2048 2281 2101 severans,
2309 2053 2493 2107 usque
2524 2039 2668 2094 adeo
2708 2040 3035 2096 daemonem
3068 2057 3413 2113 provocasse
3443 2059 3509 2099 ac
3539 2043 3644 2098 sti-

1990 2121 2249 2178 mulasse
2279 2141 2371 2180 me
2402 2126 2580 2194 sensi,
2609 2132 2671 2183 ut
2700 2127 2797 2184 ille
2840 2129 2897 2184 in
2924 2128 3222 2186 ﬂammam
3263 2130 3418 2203 ignis
3448 2132 3644 2189 subito

1988 2228 2324 2280 conversus,
2358 2216 2555 2271 omnia
2586 2233 2713 2287 quas
2737 2218 2953 2274 habere
2985 2220 3140 2275 intra
3169 2220 3409 2277 videbar
3441 2221 3641 2279 incen-

1989 2300 2178 2355 deret:
2198 2301 2506 2374 ipsamque
2528 2305 2702 2360 etiam
2726 2311 2970 2362 mattam
2993 2308 3069 2379 (6)
3091 2325 3270 2378 super
3289 2326 3462 2381 quam
3486 2315 3643 2367 stare

1990 2406 2427 2463 consueveram,
2454 2398 2517 2448 ut
2550 2398 2738 2451 totum
2764 2396 2891 2466 jam
2918 2413 3012 2452 me
3043 2414 3317 2453 arsurum
3357 2414 3486 2455 esse
3516 2415 3640 2455 cre-

1991 2480 2210 2535 derem.
2245 2486 2325 2535 Ac
2357 2488 2721 2552 postremum
2757 2488 2916 2541 tanto
2947 2485 3153 2541 timore
3195 2503 3537 2558 percussus,
3566 2487 3639 2544 ab

1990 2568 2333 2639 hujusmodi
2368 2573 2665 2644 proposito
2698 2574 2869 2630 tertia
2900 2574 3157 2631 abscessi
3199 2576 3452 2645 die,cum
3477 2578 3639 2633 vide-

1989 2673 2110 2713 rem
2128 2662 2244 2713 tam
2261 2659 2866 2731 jugiterindividuum
2886 2664 2996 2719 Deo
3019 2664 3284 2720 animum
3312 2683 3404 2722 me
3425 2666 3639 2723 habere

1990 2764 2106 2802 non
2128 2765 2318 2819 posse.
2340 2752 2619 2806 Descendi
2643 2767 2778 2824 ergo
2798 2753 3010 2808 iterum
3034 2755 3107 2809 ad
3127 2755 3513 2827 cogitationes
3533 2773 3639 2812 sie-

1989 2836 2237 2907 culares,
2258 2855 2331 2895 ne
2359 2840 2596 2911 aliquod
2625 2841 2767 2896 mihi
2798 2858 2866 2897 ex
2896 2848 3177 2914 perpetuo
3208 2844 3532 2901 divinitatis
3549 2844 3641 2901 in-

1990 2927 2145 2981 tuitu
2176 2943 2363 2999 genus
2395 2932 2748 3002 arrogantiae
2781 2936 3143 2990 nasceretur.

2062 3056 2149 3109 Ad
2182 3053 2338 3111 hunc
2371 3056 2566 3127 ipsum
2598 3057 2918 3114 Macarium
2943 3074 3075 3114 cum
3109 3058 3429 3131 aliquando
3446 3057 3644 3115 venis-

1990 3159 2135 3212 sem,
2179 3146 2366 3217 reperi
2416 3152 2549 3202 ante
2598 3148 2752 3204 fores
2805 3148 2960 3204 cellae
2995 3150 3184 3221 ipsius
3243 3150 3643 3223 presbyterum

1914 3253 1958 3323 ρ
1998 3235 2335 3303 quemdam,
2360 3237 2533 3304 cujus
2565 3240 2755 3292 totum
2787 3243 2960 3310 caput
2986 3239 3131 3294 adeo
3162 3254 3396 3295 exesum
3428 3243 3485 3295 et
3506 3255 3643 3294 con-

1997 3329 2302 3396 sumptum
2335 3330 2459 3380 erat
2486 3325 2586 3381 illa
2601 3326 2960 3395 valetudine,
2984 3346 3111 3401 quae
3142 3328 3412 3385 carcinus
3434 3328 3509 3402 (7)
3544 3346 3642 3385 no-

1994 3414 2345 3483 minatur,ut
2362 3431 2425 3470 os
2444 3414 2619 3470 etiam
2652 3416 2886 3472 verticis
2907 3417 3206 3473 videretur
3227 3418 3476 3490 :quique
3500 3416 3638 3473 illuc

1994 3506 2058 3556 ut
2088 3507 2395 3557 curaretur
2420 3504 2752 3570 advenerat,
2786 3520 2891 3559 nec
2918 3508 3118 3560 tamen
3158 3522 3348 3577 usque
3378 3504 3436 3560 in
3467 3503 3634 3561 illum

1993 3590 2146 3644 diem
2180 3608 2213 3646 a
2243 3595 2446 3646 sancto
2476 3592 2725 3647 Macario
2765 3598 3078 3665 susceptus
3110 3594 3302 3649 fuerat
3331 3598 3432 3649 aut
3464 3594 3535 3649 ab
3569 3610 3635 3650 eo

1991 3680 2177 3735 visus.
2212 3680 2327 3749 Ego
2356 3679 2552 3751 itaque
2574 3686 2714 3735 tunc
2744 3681 2940 3752 ipsum
2970 3699 3183 3755 rogans
3213 3683 3387 3756 petivi
3421 3688 3485 3739 ut
3513 3685 3643 3754 ejus

1993 3768 2393 3835 misereretur,
2413 3773 2470 3823 et
2490 3769 2697 3840 saltem
2720 3786 3069 3842 responsum
3089 3772 3139 3827 ei
3167 3773 3349 3828 daret.
3375 3774 3456 3827 Ad
3484 3773 3639 3844 quod

1993 3856 2139 3912 mihi
2169 3856 2268 3911 ille
2291 3861 2533 3913 sanctus
2556 3857 2665 3913 hoc
2687 3857 2870 3915 dixit:
2903 3862 3025 3914 Non
3045 3864 3135 3915 est
3164 3859 3380 3932 dignus
3411 3861 3520 3916 iste
3537 3878 3643 3916 cu-

1993 3946 2103 3999 rari
2132 3966 2145 4014 ;
2173 3946 2322 4001 hanc
2344 3946 2501 4001 enim
2527 3964 2756 4019 pmnam
2786 3965 2853 4003 ex
2880 3952 3167 4021 pracepto
3191 3948 3520 4005 Divinitatis
3544 3966 3641 4004 ac-

1993 4037 2165 4108 cepit.
2199 4036 2259 4092 Si
2292 4042 2488 4093 autem
2521 4039 2607 4094 vis
2638 4039 2832 4095 curari
2859 4056 3016 4110 eum,
3042 4040 3330 4111 persuade
3362 4039 3447 4095 illi
3479 4041 3643 4112 prius

1993 4131 2109 4181 uta
2131 4132 2468 4183 sanctorum
2493 4128 3332 4186 sacriﬁciorumimmolatione
3355 4130 3640 4196 discedat,

1991 4216 2254 4287 Cumque
2275 4233 2381 4289 ego
2411 4218 2662 4273 dicerem
2686 4218 2848 4286 :Cur,
2882 4224 3150 4289 obsecro,
3180 4218 3239 4274 id
3268 4219 3394 4275 fieri
3420 4220 3596 4291 jubes
3617 4221 3646 4277 ?

1989 4305 2135 4370 Quia
2154 4307 3181 4380 fornicationis,inquit,immunditia
3195 4308 3454 4381 pollutus
3472 4310 3645 4366 mini-

1989 4395 2167 4450 steria
2188 4395 2417 4450 Domini
2432 4395 2646 4452 violare
2667 4398 3145 4464 consueverat,ob
3163 4400 3318 4469 quod
3340 4400 3475 4455 talis
3503 4416 3642 4471 sup-

1990 4482 2149 4554 plicii
2181 4484 2484 4539 atrocitate
2532 4484 2862 4553 cruciatur;
2896 4487 2996 4541 sed
3042 4486 3197 4541 sicut
3225 4486 3367 4556 dixi,
3400 4488 3448 4543 si
3480 4505 3637 4543 nun-

1990 4587 2166 4643 quam
2214 4572 2370 4627 velut
2409 4575 2683 4630 sacerdos
2732 4574 3020 4631 sacrificia
3065 4575 3378 4648 contigerit
3419 4576 3639 4646 divina,

1986 4660 2247 4731 accipere
2268 4661 2904 4735 (Deojuvante)poterit
2935 4664 3309 4720 medicinam.
3334 4665 3481 4721 Cum
3505 4682 3641 4738 ergo

1991 4748 2076 4804 illi
2108 4750 2208 4821 qui
2241 4750 2350 4806 hac
2382 4751 2716 4809 valetudine
2752 4753 3053 4809 laborabat
3096 4754 3211 4810 ista
3239 4754 3542 4824 dixissem,
3575 4761 3642 4811 ut

1991 4855 2117 4895 cum
2131 4846 2496 4897 sacramento
2513 4858 2743 4898 mecum
2768 4842 3160 4914 pacisceretur
3176 4861 3289 4900 non
3307 4860 3368 4899 se
3390 4843 3639 4900 ulterius

1991 4931 2062 4984 ad
2084 4928 2344 4985 ofﬁcium
2368 4932 2686 4987 sacerdotis
2718 4932 3013 5002 accedere,
3030 4937 3170 4989 tunc
3195 4933 3429 4989 demum
3449 4950 3482 4988 a
3499 4950 3639 4989 san-

1991 5024 2082 5073 cto
2102 5018 2201 5073 illo
2224 5024 2463 5074 vocatus
2488 5024 2596 5090 est;
2620 5021 2715 5091 qui
2741 5038 2875 5076 eum
2899 5020 3296 5077 hisallocutus
3312 5027 3401 5077 est
3421 5022 3631 5077 verbis:

1991 5110 2213 5177 Credis,
2247 5109 2464 5181 inquit,
2490 5111 2674 5166 Deum
2706 5128 2859 5181 esse,
2882 5112 2977 5167 cui
3008 5112 3154 5167 nihil
3186 5114 3479 5168 occultum
3503 5113 3636 5169 est?

1992 5199 2311 5270 Respondit
2337 5198 2469 5254 ille:
2516 5201 2715 5257 Credo.
2745 5206 2869 5256 Non
2902 5201 3170 5272 potuisti,
3202 5201 3412 5273 inquit,
3456 5202 3637 5259 virtu-

1989 5291 2107 5343 tem
2140 5287 2471 5345 Divinitatis
2523 5292 2649 5359 ejus
2678 5291 2920 5345 evadere
2941 5294 2966 5343 .9
2998 5291 3320 5363 Respondit
3340 5290 3437 5347 ille
3464 5310 3477 5349 :
3509 5292 3634 5349 Non

1991 5377 2175 5450 potui,
2206 5377 2442 5432 domine
2474 5377 2573 5433 mi.
2609 5380 2773 5433 Tunc
2805 5395 3055 5450 magnus
3088 5378 3184 5435 ille
3226 5380 3542 5449 Macarius,
3574 5384 3635 5439 Si

1988 5468 2281 5539 agnoscis,
2316 5468 2529 5540 inquit,
2573 5472 2895 5539 peccatum,
2926 5473 2984 5525 et
3034 5469 3122 5525 vis
3164 5471 3405 5527 evadere
3457 5472 3633 5530 istam

1990 5575 2164 5630 quam
2204 5562 2439 5630 propter
2476 5559 2622 5615 illud
2664 5559 2769 5615 tibi
2811 5560 3094 5616 Dominus
3138 5561 3337 5617 intulit
3375 5580 3631 5635 poenam,

1990 5647 2301 5704 emendare
2324 5648 2393 5703 de
2415 5648 2786 5722 reliquo.Quo
2814 5648 3032 5719 audito,
3057 5650 3152 5706 ille
3170 5653 3470 5724 proprium
3494 5670 3637 5710 con-

1991 5737 2182 5794 fessus
2214 5740 2298 5795 est
2332 5736 2575 5808 crimen,
2608 5748 2661 5796 et
2694 5740 2762 5797 de
2778 5744 2979 5797 caetero
3000 5756 3060 5797 se
3092 5756 3395 5813 nunquam
3427 5758 3629 5814 pecca-
