4092 6324
447 365 555 424 275

1606 370 1973 424 APPENDIX
2011 371 2108 425 AD
2146 373 2358 425 VITAS
2393 373 2714 428 PATRUM.

3742 374 3836 429 276

451 497 653 548 turum
683 508 810 548 esse
850 492 1138 563 promisit,
1170 508 1358 564 neque
1404 492 1737 547 iuncturum
1772 493 2092 549 sacerdotis
2122 495 2177 560 Α
2207 498 2406 549 sancta
2432 496 2503 549 de
2536 494 2705 549 altari
2739 493 2984 566 angelus
3027 494 3226 565 dabat,
3266 494 3455 550 solam
3502 500 3690 552 tamen
3730 514 3847 555 ma-

454 583 646 638 officio
669 583 768 637 sed
790 583 943 636 inter
962 581 1139 636 laicos
1157 583 1281 652 jam
1306 582 1592 649 futurum;
1618 587 1675 636 et
1701 587 1841 638 tunc
1863 584 2100 639 demum

452 671 539 726 illi
574 689 813 727 manum
846 676 1085 727 sanctus
1112 672 1413 743 imposuit,
1448 677 1623 744 atque
1653 672 1711 727 in
1746 674 1950 745 paucis
1982 674 2102 728 die-

450 763 563 817 bus
577 761 921 834 capillorum
938 779 1169 833 quoque
1182 762 1617 834 recuperatione
1631 764 2015 829 curatus,Deu
2028 781 2105 817 m-

455 868 568 923 que
598 851 954 923 gloriﬁcans,
989 856 1191 906 sancto
1223 852 1395 906 etiam
1432 853 1796 924 viro‘gratias
1830 854 2104 919 referens,

454 941 790 996 videntibus
823 941 992 996 nobis
1022 942 1091 995 ad
1118 943 1352 1012 propria
1384 942 1678 996 remeavit.

529 1034 662 1084 Post
689 1031 805 1085 haec
828 1029 1143 1085 adducitur
1168 1030 1238 1085 ad
1258 1047 1392 1085 eum
1416 1031 1475 1084 in
1502 1030 1613 1084 mei
1640 1030 1944 1102 praesentia
1968 1049 2112 1102 puer

459 1120 718 1191 quidam,
744 1119 844 1190 qui
878 1119 1184 1174 saevissimi
1222 1120 1502 1175 daemonis
1545 1120 1754 1191 spiritu
1786 1120 2110 1176 laborabat.

459 1210 913 1279 Cumqueunam
934 1224 1111 1279 super
1132 1212 1307 1279 caput
1325 1210 1449 1277 ejus
1478 1210 1769 1279 posuisset
1790 1213 2115 1279 manum,et

463 1300 535 1353 ad
567 1315 666 1353 cor
694 1298 881 1369 ipsius
915 1296 1114 1365 aliam,
1152 1298 1354 1352 tandiu
1401 1299 1747 1370 deprecatus
1787 1305 1876 1354 est
1911 1305 2114 1359 Deum,

461 1390 723 1459 quandiu
754 1390 1034 1461 suspendi
1069 1389 1126 1443 in
1163 1406 1291 1444 aere
1323 1406 1455 1444 eum
1484 1391 1715 1455 faceret,
1749 1392 1849 1461 qui
1883 1408 2025 1462 puer
2058 1392 2115 1446 in

464 1495 681 1533 morem
718 1480 867 1533 utris
905 1483 1056 1533 totus
1088 1478 1347 1545 inﬂatus,
1383 1496 1561 1550 supra
1605 1497 1779 1550 quam
1830 1480 2118 1536 aestimare

464 1567 595 1638 quis
619 1573 816 1639 posset
840 1568 1206 1635 intumuit,et
1229 1568 1422 1624 subito
1447 1586 1663 1640 aquam
1686 1586 1752 1623 ex
1780 1570 1937 1624 omni
1956 1575 2119 1642 parte

465 1658 865 1711 membrorum
906 1674 1038 1711 cum
1092 1656 1346 1712 clamore
1391 1661 1643 1712 maximo
1690 1659 1845 1713 vocis
1893 1659 2116 1714 effudit.

468 1746 673 1815 Itaque
704 1746 987 1817 paulatim
1009 1746 1165 1801 omni
1198 1746 1296 1801 illo
1322 1752 1547 1802 tumore
1571 1748 1885 1814 residente,
1907 1750 1975 1803 ad
2004 1749 2119 1820 pri-

2214 600 2355 639 num
2388 584 2584 639 dantis
2616 584 2905 639 videbam.

2288 679 2420 729 Erat
2451 680 2647 730 autem
2682 675 2913 730 Marcus
2946 674 3053 730 iste
3085 676 3303 729 summi
3336 676 3689 747 ingenii,qui
3719 679 3845 735 dum

2208 765 2440 834 juvenis
2455 768 2628 829 esset,
2654 764 2875 819 Novum
2899 782 2964 819 ac
2989 765 3159 820 Vetus
3183 766 3626 821 Testamentum
3647 784 3851 823 memo-

2218 853 2360 907 riter
2403 853 2713 920 retinebat,
2762 854 3075 908 admodum
3130 854 3393 925 placidus
3425 860 3483 910 et
3523 857 3769 927 quietus,
3802 861 3854 912 et.

2220 940 2505 996 castitatis
2554 942 2851 1012 preposito
2904 940 3218 1013 singularis
3246 943 3451 1013 (Pall.,
3482 959 3530 999 c.
3582 946 3690 1014 21).
3741 948 3855 1001 Uno

2219 1031 2400 1101 igitur
2422 1032 2511 1085 die
2536 1031 2673 1085 dum
2700 1048 2803 1102 ego
2828 1032 2985 1086 aliud
3004 1033 3155 1104 quod
3177 1049 3407 1103 agerem
3434 1051 3546 1088 non
3574 1034 3854 1105 haberem,

2221 1120 2279 1173 in
2315 1118 2520 1174 ultima
2549 1120 2675 1190 ejus
2708 1125 3005 1176 senectute
3038 1122 3105 1176 ad
3140 1139 3272 1176 eum
3311 1139 3499 1194 usque
3549 1125 3785 1195 perrexi,
3807 1129 3858 1180 et

2220 1210 2387 1280 juxta
2418 1208 2601 1262 otium
2628 1209 2813 1279 ipsius
2846 1210 3056 1264 sedens
3081 1211 3246 1279 quasi
3284 1212 3392 1265 tiro
3427 1228 3725 1283 novusque
3748 1229 3858 1267 mo-

2226 1297 2469 1364 nachus,
2497 1314 2675 1368 supra
2711 1298 2976 1353 homines
3017 1316 3148 1354 eum
3174 1317 3301 1355 esse
3337 1300 3699 1368 existimans,
3722 1302 3864 1357 sicut

2226 1391 2283 1441 et
2314 1391 2455 1453 erat,
2475 1387 2675 1441 audire
2691 1388 2829 1457 quid
2863 1387 3321 1458 loquereturvel
3348 1390 3487 1461 quid
3512 1401 3695 1462 ageret
3720 1392 3858 1447 desi-

2228 1476 2441 1531 deravi.
2462 1476 2591 1530 Fuit
2612 1482 2803 1531 autem
2830 1477 2991 1533 solus
3010 1478 3629 1547 intrinsecus,centum
3649 1482 3863 1537 circiter

2229 1584 2413 1621 annos
2445 1583 2646 1637 agens,
2681 1568 2778 1639 qui
2813 1573 2868 1623 et
2900 1570 3106 1624 dentes
3141 1587 3375 1641 quoque
3426 1570 3597 1643 longa
3631 1572 3859 1627 nimium

2228 1661 2395 1710 aetate
2428 1656 2782 1727 perdiderat.
2819 1658 3031 1713 Contra
3063 1676 3125 1713 se
3157 1676 3292 1730 ergo
3343 1659 3566 1732 ipsum,
3599 1665 3653 1716 et
3683 1667 3867 1716 contra

2231 1746 2551 1800 daemonem
2578 1746 2867 1818 litigabat,
2892 1746 3121 1803 dicens:
3149 1750 3291 1812 Quid
3320 1750 3580 1821 amplius
3596 1750 3867 1821 decrepita

465 1835 685 1890 stinam
714 1836 804 1890 sui
838 1836 1097 1907 corporis
1122 1836 1294 1891 rediit
1324 1836 1843 1899 sanitatem.Quem
1879 1843 2120 1893 sanctus
2152 1871 2197 1935 B
2233 1852 2407 1890 senex
2436 1835 2694 1907 quaeris?
2716 1852 2844 1891 ecce
2867 1837 3060 1892 oleum
3083 1838 3411 1909 vinumque
3435 1839 3703 1910 gustasti.
3729 1839 3862 1906 Quid

469 1929 674 1980 sancto
693 1929 1041 1996 perunctum
1061 1924 1271 1993 oleo,et
1293 1925 1601 1981 benedicta
1622 1927 1923 1997 perfusum
1946 1944 2116 1999 aqua,

470 2014 705 2085 proprio
739 2013 991 2069 reddidit
1021 2013 1192 2086 patri,
1218 2014 1607 2086 praecepitque
1640 2020 1704 2069 ut
1734 2031 1836 2087 per
1865 2017 2122 2086 quadra-

461 2104 623 2173 ginta
653 2103 777 2159 dies
826 2121 932 2159 nec
964 2120 1168 2160 carnes
1210 2120 1345 2159 eum
1398 2106 1589 2174 edere,
1624 2121 1731 2160 nec
1778 2104 1980 2160 vinum
2012 2122 2117 2177 po-

460 2198 585 2249 tare
616 2193 994 2265 permitteret,
1028 2199 1083 2249 et
1115 2193 1200 2249 sic
1232 2210 1366 2249 eum
1401 2193 1652 2265 perfecte
1683 2195 1935 2250 reddidit
1966 2195 2119 2250 sani-

466 2283 592 2338 tati.

527 2376 695 2428 Hunc
708 2373 981 2428 eumdem
1000 2377 1272 2428 sanctum
1288 2373 1607 2428 Macarium
1625 2375 1880 2445 quodam
1900 2377 2117 2446 tempO‘

456 2477 517 2517 re
537 2461 921 2534 cogitationes
936 2478 1093 2517 vana:
1114 2462 1311 2534 gloria:
1328 2462 1693 2518 stimulando
1714 2464 2119 2530 vexabant,vo-

460 2552 643 2608 lentes
675 2569 809 2608 eum
843 2553 912 2607 de
935 2551 1080 2608 cella
1111 2553 1239 2625 ipsa
1263 2552 1361 2607 ubi
1389 2553 1640 2625 degebat
1671 2553 2031 2619 abstrahere,
2062 2557 2119 2608 et

459 2642 774 2697 suadentes
802 2641 874 2708 ei,
897 2646 1068 2712 atque
1091 2642 1563 2697 demonstrantes
1586 2642 1903 2713 quamdam
1938 2641 2118 2697 veluti

459 2730 652 2802 operis
672 2731 805 2786 boni
831 2730 1107 2802 speciem,
1132 2736 1196 2785 ut
1218 2732 1345 2801 ejus
1365 2748 1541 2786 causa
1566 2736 1830 2802 pergeret
1848 2731 2114 2798 Romam,

458 2824 773 2875 sanatarus
796 2818 1062 2875 videlicet
1083 2836 1181 2875 eos
1210 2820 1306 2891 qui
1332 2819 1453 2874 illic
1489 2819 1870 2891 aequissimis
1904 2820 2120 2876 daemo-

461 2909 578 2965 niis
596 2909 971 2964 vexabantur.
990 2909 1232 2964 Summa
1254 2908 1407 2963 enim
1435 2908 1620 2980 gratia
1643 2908 1853 2964 divina:
1876 2910 2115 2965 virtutis

463 2999 555 3055 hic
571 2997 954 3054 beatissimus
968 3002 1173 3054 contra
1192 2998 1269 3052 im
1282 2999 1535 3055 mundos
1556 2997 1800 3069 spiritus
1817 2999 2114 3054 utebatur.

461 3090 608 3145 Cum
648 3103 785 3159 ergo
828 3085 1047 3143 talibus
1094 3087 1512 3156 incitamentis,
1556 3088 1772 3159 quibus
1811 3088 2119 3160 expulsare

463 3193 597 3234 eum
630 3177 857 3233 daemon
880 3176 1125 3242 volebat,
1144 3193 1246 3248 per
1269 3176 1521 3232 multum
1545 3182 1777 3247 tempus
1798 3162 2117 3233 reluctareL

2231 1924 2387 1979 ultra
2443 1927 2610 1996 cupis
2656 1927 2712 1980 in
2746 1929 3022 1982 extremis
3075 1929 3264 1985 aetatis
3314 1934 3454 1998 tum,
3487 1930 3779 1985 devorator
3806 1947 3862 1985 ac

2227 2012 2446 2067 ventris
2487 2012 2719 2069 cultor?
2753 2014 3087 2085 hujusmodi
3134 2017 3323 2073 verbis
3358 2019 3417 2072 in
3464 2034 3526 2073 se
3557 2017 3861 2089 injuriosus

2228 2102 2501 2157 existens.
2531 2103 2676 2157 Tum
2702 2108 2758 2158 et
2787 2106 3031 2160 dmmoni
3060 2106 3172 2161 ista
3191 2106 3453 2161 dicebat:
3486 2107 3567 2161 Ne
3600 2107 3779 2161 adhuc
3800 2108 3865 2161 ti-

2228 2192 2285 2247 bi
2317 2193 2498 2247 debeo
2529 2192 2753 2264 aliquid
2779 2195 2934 2264 quod
2970 2195 3147 2250 iurari
3185 2195 3521 2268 praevalens,
3554 2196 3704 2252 954
3736 2195 3869 2249 nihil

2230 2281 2390 2337 aliud
2424 2282 2651 2337 invenis
2674 2284 2700 2337 ?
2728 2284 2853 2338 .lam
2896 2286 3099 2340 recede
3127 2302 3158 2341 a
3192 2303 3301 2355 me,
3336 2286 3648 2342 hominum
3684 2287 3865 2341 inimi-

2227 2388 2307 2426 ce.
2346 2373 2533 2442 Atque
2561 2371 2668 2427 hoc
2702 2372 2815 2429 sibi
2843 2374 3013 2444 quasi
3043 2374 3386 2430 insultando
3420 2376 3682 2431 dicebat:
3713 2375 3863 2446 Veni,

2228 2461 2484 2531 pessime
2516 2478 2713 2527 senex,
2748 2463 3006 2533 quandiu
3043 2468 3235 2519 tecum
3270 2464 3593 2520 morabor?

2297 2549 2598 2604 Referebat
2621 2555 2818 2605 autem
2852 2551 3020 2607 nobis
3048 2552 3422 2623 Paphnutius
3455 2554 3690 2626 quidam
3715 2553 3869 2609 disci-

2228 2638 2403 2710 pulus
2435 2638 2614 2709 hujus
2648 2639 2799 2694 beati
2822 2641 2950 2711 viri,
2976 2642 3130 2713 quod
3156 2641 3478 2714 aliquando
3506 2643 3693 2698 bellua
3722 2660 3867 2714 qum-

2227 2729 2361 2783 dam
2376 2728 2452 2799 (8)
2467 2728 2731 2784 exhibuit
2748 2736 2948 2785 sancto
2960 2736 3150 2787 Marco
3174 2731 3439 2787 catulum
3459 2749 3630 2788 suum
3646 2748 3865 2801 caecum,

2224 2815 2699 2888 vestibulumque
2731 2819 2859 2872 ostii
2894 2820 3022 2888 ejus
3047 2820 3238 2891 capite
3254 2824 3633 2892 percussit,et
3663 2822 3867 2893 ingres-

2227 2922 2293 2961 sa
2326 2906 2395 2961 ad
2422 2922 2554 2961 eum
2588 2907 2888 2961 sedentem
2924 2908 3061 2962 foris
3084 2908 3142 2963 in
3175 2909 3601 2981 atrio,projecit
3623 2916 3749 2965 ante
3779 2926 3864 2981 pe-

2228 2994 2332 3049 des
2354 2994 2544 3066 ipsius
2572 2995 2834 3051 catulum
2860 3013 3035 3051 suum
3070 2999 3106 3049 ι.
3136 2997 3317 3060 Quem
3352 2998 3454 3054 ille
3489 3008 3685 3055 tenens
3706 3003 3758 3054 et
3776 3015 3863 3054 ex-

2229 3099 2450 3154 spuens
2485 3084 2541 3138 in
2576 3083 2778 3140 oculos
2811 3086 2960 3155 ejus,
2999 3086 3222 3141 oravit:
3274 3088 3670 3159 continuoque
3699 3086 3865 3142 lucem

2228 3190 2403 3244 quam
2430 3173 2712 3228 amiserat
2732 3173 2900 3241 vidit,
2922 3191 3243 3246 secumque
3277 3180 3423 3232 tunc
3444 3178 3630 3249 ipsum
3664 3175 3873 3249 preprio

462 3272 581 3336 tur,
606 3266 945 3337 fortiterque
968 3283 1028 3321 se
1061 3265 1283 3321 videret
1313 3266 1529 3338 urgeri,
1556 3266 1798 3338 projecit
1828 3283 1890 3322 se
1921 3266 2115 3322 subito
2146 3247 2195 3313 C
2236 3263 2380 3319 lacte
2408 3263 2696 3319 nutritum
2730 3268 2916 3319 mater
2945 3265 3207 3321 abduxit.
3241 3247 3527 3339 Sequenti
3558 3247 3744 3323 autem
3768 3247 3870 3320 die

470 3372 662 3428 supra;
684 3355 907 3412 cellula
931 3372 1049 3411 suae
1070 3353 1363 3425 limen,ita
1395 3360 1459 3410 ut
1489 3361 1648 3411 extra
1680 3355 1953 3411 cellulam
1989 3373 2128 3413 suos

467 3445 821 3518 relinqueret
852 3445 1048 3516 pedes,
1083 3461 1148 3500 ac
1179 3444 1434 3500 diceret:
1469 3445 1678 3501 Ducite
1707 3462 1818 3511 me,
1854 3463 1885 3501 ο
1910 3447 2125 3502 daemo-

466 3552 591 3606 nes,
615 3535 663 3591 si
697 3534 963 3607 potestis,
984 3538 1040 3589 et
1065 3534 1278 3589 trahite
1305 3551 1317 3601 ;
1349 3551 1454 3607 ego
1504 3536 1662 3591 enim
1694 3535 1943 3607 pedibus
1977 3536 2121 3591 meis

469 3640 584 3678 non
617 3624 711 3679 ibo
742 3639 857 3694 quo
898 3621 1094 3678 vultis.
1130 3623 1187 3678 Si
1242 3639 1380 3695 ergo
1413 3624 1521 3679 hoc
1564 3641 1657 3679 me
1700 3625 1867 3680 modo
1901 3628 2128 3695 portare

470 3712 813 3785 potestis,en
831 3712 1580 3783 proficiscar,sacramentis
1597 3729 1831 3785 quoque
1848 3713 2125 3783 adjectio-

475 3817 546 3857 ne
579 3802 1130 3873 confirmans,quod
1162 3818 1348 3873 usque
1381 3802 1451 3857 ad
1488 3790 1789 3873 vesperam
1814 3803 1884 3857 de
1914 3819 1979 3858 eo
2012 3819 2128 3858 non

474 3897 856 3964 consurgeret
876 3891 1021 3947 loco.
1040 3890 1201 3946 Unde
1225 3891 1273 3946 si
1306 3908 1419 3957 me,
1443 3892 1780 3962 inquit,non
1808 3891 2128 3957 moveritis,

474 3983 675 4039 sciatis
706 3999 806 4038 vos
829 3981 1078 4037 ulterius
1110 3998 1142 4035 a
1168 3997 1258 4036 me
1281 3997 1393 4035 non
1424 3980 1765 4036 audiendos.
1804 3982 1907 4036 Diu
1936 3982 2129 4051 itaque

464 4074 671 4144 jacens
694 4069 1285 4136 immobilis,tandem
1310 4070 1601 4140 profunda
1624 4086 1865 4141 vespera
1889 4069 2127 4140 propin-

470 4164 688 4231 quanto
702 4158 975 4214 surrexit.
998 4159 1105 4213 Sed
1132 4162 1297 4213 nocte
1322 4174 1446 4230 qum
1462 4158 1781 4213 subsecuta
1803 4162 2129 4225 est,rursus

468 4250 520 4304 ei
552 4250 844 4304 daemones
878 4245 1103 4302 molesti
1127 4263 1255 4303 esse
1279 4253 1598 4319 cmperunt.
1629 4247 1729 4303 llle
1760 4264 1892 4303 vero
1926 4253 2129 4319 sporta

472 4339 620 4394 duos
644 4336 871 4393 modios
894 4335 1235 4406 recipientes
1260 4337 1454 4393 arenis
1477 4337 1715 4409 repleta,
1734 4337 2128 4408 impositaque

472 4427 734 4483 humeris
773 4425 919 4495 suis,
952 4426 1009 4482 in
1061 4425 1307 4481 desertis
1345 4426 1488 4481 locis
1541 4426 1927 4498 spatiabatur.
1981 4428 2127 4483 Huic

474 4514 836 4572 Theosebius
859 4513 1340 4587 quidam,genere
1363 4515 2123 4584 Antiochenus,occurrens,

2235 3353 2436 3409 eadem
2460 3354 2650 3409 bestia
2678 3358 2882 3409 sancto
2915 3371 2981 3409 ac
3004 3354 3347 3412 beatissimo
3379 3358 3506 3413 viro
3540 3356 3745 3430 pellem
3761 3356 3868 3411 ovis

2235 3442 2524 3508 exhibuit,
2568 3460 2745 3514 quam
2777 3453 3134 3500 memoratus
3183 3462 3391 3502 servus
3441 3446 3652 3503 Christi
3687 3450 3867 3501 sancto

2235 3532 2553 3587 Athanasio
2569 3533 2840 3604 episcopo
2856 3533 3371 3607 dereliquit;quam
3388 3553 3503 3608 que
3516 3541 3711 3591 sancta
3725 3532 3875 3589 Mela-

2238 3621 2336 3676 nia
2357 3626 2557 3692 postea
2579 3639 2611 3676 a
2639 3622 2983 3677 beatissimo
3008 3623 3127 3679 viro
3162 3624 3483 3681 Athanasio
3515 3626 3790 3697 accepisse
3818 3637 3871 3677 se

2239 3710 2400 3765 dixit.
2436 3711 2506 3766 Et
2534 3712 2673 3782 quid
2709 3711 2925 3767 mirum
2961 3713 3011 3768 si
3036 3712 3132 3768 ille
3180 3714 3278 3784 qui
3314 3730 3723 3771 mansuescere
3754 3712 3871 3767 fecit

2240 3800 2462 3854 Danieli
2498 3800 2714 3871 leones,
2747 3801 2914 3857 etiam
2936 3801 3074 3857 huic
3103 3802 3312 3859 bellua:
3345 3805 3522 3861 talem
3554 3802 3869 3878 sapientiam

2240 3889 2399 3944 dedit
2426 3893 2447 3944 Ρ

2310 3978 2623 4034 Dicebatur
2652 3984 2931 4051 praeterea
2963 3982 3032 4037 de
3053 3981 3222 4038 beato
3254 3982 3472 4053 Marco,
3509 3983 3657 4056 quod
3690 3999 3751 4038 ex
3772 3994 3872 4051 quo

2237 4066 2447 4121 lavacri
2469 4070 2717 4138 gratiam
2737 4068 3104 4139 spiritualem
3128 4071 3775 4142 promeruit,nunquam
3794 4083 3876 4121 ex-

2239 4155 2499 4227 spuisset
2534 4157 2591 4212 in
2626 4162 2865 4223 terram,
2898 4161 3326 4231 sexagesimum
3368 4168 3503 4231 post
3535 4158 3869 4230 baptismum

2237 4263 2417 4318 agens
2444 4264 2688 4315 annum,
2714 4253 2770 4303 et
2800 4249 3318 4320 quadragesimum
3353 4254 3492 4305 ante
3515 4249 3870 4319 baptismum.

2307 4340 2441 4392 Erat
2470 4343 2667 4394 autem
2701 4339 2890 4410 figura
2923 4340 3185 4411 corporis
3210 4339 3390 4412 hujus
3423 4341 3658 4396 athletze
3682 4334 3871 4392 Christi

2235 4425 2484 4497 (oportet
2506 4427 2655 4481 enim
2680 4442 2773 4482 me
2795 4428 2866 4482 de
2891 4427 2996 4482 hoc
3036 4444 3267 4499 quoque
3290 4429 3394 4485 tibi
3420 4428 3764 4501 significare,
3797 4424 3868 4479 fa-

2236 4514 2390 4570 mule
2424 4516 2520 4570 Dei
2554 4517 2763 4583 Lause,
2795 4533 2860 4571 eo
2897 4517 3050 4588 quod
3082 4516 3339 4588 parvitas
3383 4535 3515 4574 mea
3554 4516 3872 4573 conversata

472 4605 566 4661 cui
597 4609 654 4661 et
673 4609 968 4661 Cosmetor
989 4620 1313 4676 cognomen
1345 4604 1640 4670 erat,dieit
1673 4605 1753 4660 ei:
1789 4605 2122 4677 Abba,quid
2156 4624 2199 4688 Β
2234 4620 2365 4660 eum
2387 4620 2452 4659 eo
2469 4604 2980 4661 diutiuseumdem
3002 4606 3335 4677 cognoverit
3353 4608 3683 4680 diligenter)
3704 4608 3871 4660 statu-

473 4700 706 4751 tantum
750 4711 900 4750 onus
944 4692 1179 4764 portas?
1210 4693 1269 4748 in
1317 4710 1407 4749 mo
1452 4693 1645 4764 potius
1692 4696 1847 4765 quod
1890 4695 2125 4751 devehis

470 4786 744 4854 transfer,
778 4789 835 4839 et
867 4782 984 4839 noli
1022 4787 1153 4838 tuos
1188 4784 1467 4839 humeros
1500 4784 1764 4856 fatigare.
1800 4783 1900 4839 Ille
1931 4788 2125 4839 autem

470 4877 738 4932 dicebat:
778 4878 926 4929 Vexo
950 4876 1251 4929 vexantem
1287 4889 1377 4928 me
1407 4891 1418 4941 ;
1454 4874 1567 4928 otio
1601 4874 1756 4929 enim
1787 4874 2129 4944 fruens,iter

473 4965 711 5037 aliquod
743 4979 912 5036 agere
944 4978 1036 5018 me
1068 4961 1383 5034 compellit.
1419 4963 1562 5018 Cum
1609 4968 1805 5018 autem
1839 4962 1918 5018 ita
1950 4979 2128 5018 onus-

475 5061 573 5112 tus
600 5054 962 5111 ambulasset
984 5052 1228 5119 diutius,
1263 5056 1320 5107 et
1352 5052 1697 5108 confecisset
1741 5052 1839 5107 illo
1874 5053 2128 5124 pondere

476 5160 651 5201 suum
683 5140 1129 5215 corpusculum,
1163 5156 1461 5213 regressus
1491 5142 1548 5196 in
1582 5142 1788 5198 cellam
1824 5147 1929 5197 est.

549 5233 653 5287 Hic
698 5232 822 5304 ipse
859 5235 1105 5286 sanctus
1137 5230 1294 5285 aliud
1337 5230 1685 5286 miraculum
1730 5231 1931 5287 retulit
1962 5234 2131 5290 nobis

473 5320 621 5389 (erat
652 5337 907 5392 namque
939 5321 1282 5392 presbyter).
1311 5320 1516 5376 Notavi
1551 5321 1714 5386 mihi,
1751 5320 2129 5391 inquiens,eo

476 5418 737 5483 tempore
759 5426 873 5482 quo
900 5414 1103 5465 sancta
1125 5410 1404 5482 mysteria
1425 5410 1706 5466 fratribus
1730 5412 2129 5482 dabam,quod

478 5500 672 5558 Marco
705 5498 990 5557 monacho
1025 5516 1331 5573 nunquam
1354 5500 1671 5569 dedissem,
1698 5500 1796 5557 sed
1832 5499 2129 5573 semperei

560 5718 577 5754 ¹
603 5714 920 5783 Palladius,
954 5728 1003 5769 c.
1040 5713 1130 5784 20,
1162 5713 1284 5771 haec
1313 5715 1385 5770 de
1416 5715 1668 5773 Macario
1698 5720 1911 5773 narrat.

2239 4712 2301 4748 ra
2321 4694 2657 4762 brevis,non
2681 4694 2867 4750 multa
2884 4695 3289 4751 barbafaciem
3309 4695 3713 4766 vestiebat,sed
3738 4693 3873 4749 circa

2236 4785 2392 4841 labia
2422 4790 2651 4841 tantum
2683 4791 2829 4855 erat,
2857 4804 3184 4858 parumque
3205 4788 3361 4844 circa
3379 4794 3644 4844 mentum
3668 4780 3870 4857 aliquid

2237 4875 2563 4930 videbatur.
2592 4875 2669 4929 Ex
2700 4874 2885 4930 nimia
2910 4876 3066 4931 enim
3107 4876 3490 4947 abstinentia,
3514 4882 3568 4932 et
3587 4891 3725 4947 pene
3756 4868 3868 4943 jugi

2238 4964 2451 5029 inedia,
2477 4964 2651 5019 etiam
2676 4963 2872 5019 vultus
2896 4964 3085 5035 ipsius
3102 4966 3298 5021 nudus
3322 4971 3532 5038 praeter
3552 4970 3869 5021 caeterorum

2240 5053 2547 5108 hominum
2602 5054 3093 5109 consuetudinem
3118 5054 3447 5110 videbatur.
3483 5056 3567 5109 Ad
3602 5054 3752 5109 hunc
3777 5063 3868 5121 ego

2240 5161 2372 5199 cum
2388 5143 2707 5198 admodum
2732 5143 2924 5199 tristis
2953 5143 3265 5214 aliquando
3282 5145 3594 5215 venissem,
3612 5144 3872 5197 dicerem-

2241 5253 2352 5307 que
2365 5235 3176 5306 ei:AbbaMacari,quidjabes
3192 5235 3704 5307 faciam,quoniam
3720 5229 3870 5285 variae

2242 5324 2622 5395 cogitationes
2639 5324 2904 5379 animum
2923 5340 3117 5379 meum
3136 5325 3766 5392 conturbant,dicentes
3784 5315 3874 5372 mi-

2240 5416 2323 5469 hi:
2344 5414 2709 5471 Proﬁciscere
2724 5415 3030 5487 hinc,quia
3048 5416 3191 5470 nihil
3208 5433 3376 5489 agere
3392 5421 3445 5472 te
3462 5415 3670 5481 cernis;
3689 5412 3779 5467 ille
3801 5424 3872 5463 re-

2240 5503 2506 5575 spondit:
2534 5503 2654 5571 Dic,
2687 5503 2901 5576 inquit,
2925 5504 3071 5577 ipsis
3103 5506 3554 5577 cogitationibus
3586 5503 3725 5559 tuis:
3746 5500 3867 5554 Pro-

2240 5597 2368 5665 pter
2414 5592 2716 5649 Christum
2761 5593 3014 5666 parietes
3053 5593 3210 5651 colle
3234 5595 3408 5652 istius
3448 5591 3723 5651 custodio.
3752 5588 3866 5644 Haec
