4092 6324
461 391 569 447 283

1605 397 1975 449 APPENDIX
2012 396 2109 447 AD
2145 394 2361 447 VITAS
2400 394 2718 447 PATRUM.

3738 400 3832 454 284

461 516 681 589 fatigor
700 521 754 574 et
776 519 1018 575 crucior.
1044 518 1144 575 Cui
1170 520 1277 575 hoc
1314 522 1455 576 tunc
1478 518 1758 575 Antonius
1808 532 2006 574 severa
2028 520 2112 572 at-
2143 518 2196 586 Α
2228 518 2346 572 tem
2365 515 2574 570 animae
2591 516 2655 569 ad
2676 515 2902 570 inferna
2917 514 3411 588 mittuntur;quod
3428 517 3836 593 patiunturqui-

465 622 578 677 que
606 607 893 663 iracunda
916 626 1047 664 voce
1072 610 1393 681 respondit:
1428 611 1511 664 Tu
1534 609 1701 664 illum
1736 613 1838 663 ate
1858 606 2115 679 projicis,

465 696 703 767 Eulogi‘?
720 699 817 752 sed
840 699 1063 753 illcnon
1088 701 1319 771 projicit
1346 716 1477 754 eum
1498 700 1595 770 qui
1617 715 1726 754 ase
1746 699 1963 753 factum
1990 713 2117 752 esse

466 787 789 855 cognoscit.
816 788 1057 859 Projicis
1079 790 1245 843 eum?
1269 789 1566 843 meliorem
1587 788 1991 853 teinveniet,et
2012 785 2115 840 eli»

466 880 561 945 get
579 880 724 929 Ueus
743 877 841 947 qui
858 878 1475 950 colligatdestitutum.
1493 878 1753 948 Cumque
1770 875 2116 949 perterritus

468 964 537 1018 ad
558 963 677 1019 hazo
702 966 981 1038 Eulogius
1013 971 1184 1023 verba
1209 968 1715 1035 tacuisset,rclicto
1740 972 1977 1022 sanctus
1998 970 2112 1019 An-

465 1055 664 1110 tonius
697 1058 959 1130 Eulogio,
992 1077 1199 1114 rursus
1222 1060 1697 1131 cmpitaegrotum
1732 1058 1980 1130 pr0priis
2003 1074 2117 1112 ser-

466 1145 746 1201 monibus
779 1152 1101 1215 verberare,
1149 1154 1203 1203 et
1238 1150 1357 1203 haec
1407 1151 1475 1203 ad
1510 1166 1642 1203 eum
1694 1166 1827 1203 cum
1860 1147 2114 1203 clamore

465 1234 723 1289 maximo
749 1234 925 1307 loqui:
952 1238 1382 1309 Elephantiose,
1408 1255 1569 1293 coeno
1606 1255 1671 1293 ac
1704 1237 1824 1292 luto
1857 1236 2113 1303 horride,

465 1339 569 1377 nec
597 1328 749 1379 terra
772 1326 945 1396 digne
968 1344 1074 1382 nec
1088 1328 1252 1396 cmlo,
1272 1345 1385 1382 non
1409 1327 1704 1382 desinisin
1721 1326 1995 1396 injuriam
2015 1324 2113 1379 Dei

465 1411 790 1469 vociferari.
808 1416 1007 1471 Nescis
1023 1418 1271 1488 quiaqui
1290 1417 1585 1473 ministrat
1600 1417 1703 1471 tibi
1718 1413 2115 1471 Christusest?

469 1504 969 1571 quemadmodum
986 1524 1167 1562 ausus
1182 1524 1241 1562 es
1256 1512 1456 1563 contra
1470 1501 2118 1573 Christumtalialoqui?

466 1607 604 1645 nam
625 1599 859 1664 propter
873 1595 1166 1651 Christum
1186 1597 1368 1652 seiste
1385 1597 1619 1653 servitio
1636 1594 1993 1663 talietobseq
2006 1591 2117 1647 uiis

466 1682 1013 1752 subjugaviLQuem
1042 1692 1096 1741 et
1118 1687 1311 1759 ipsum
1338 1686 1592 1741 mordaci
1617 1700 1887 1739 sermone
1905 1682 2120 1738 lacera-

467 1775 591 1826 tum
619 1773 873 1844 reliquit.
889 1778 1315 1849 Conversisque
1333 1776 1524 1832 verbis
1543 1776 1611 1830 ad
1635 1776 1843 1829 fratres
1863 1773 2030 1841 alios,
2047 1772 2117 1825 ad

467 1876 585 1914 unu
600 1878 954 1935 mquemque
974 1866 1072 1932 ita,
1089 1870 1152 1919 ut
1168 1866 1312 1920 ratio
1328 1864 1692 1936 singulorum
1709 1860 2111 1917 exhibebatlo-

465 1954 656 2017 cutus,
674 1970 879 2008 rursus
894 1955 963 2008 ad
981 1954 1287 2025 Eulogium
1304 1959 1653 2025 etzegrotum
1668 1952 1837 2017 redit,
1855 1950 2112 2020 dicitque

466 2038 548 2093 eis
578 2056 590 2095 :
630 2041 710 2095 Ne
741 2043 873 2111 quis
905 2048 1187 2113 vestrum,
1222 2061 1253 2098 o
1287 2043 1409 2109 ﬁlii,
1446 2058 1743 2115 quoquam
1793 2058 1854 2097 se
1900 2043 2111 2107 vertat,

465 2133 671 2183 neuter
692 2131 763 2186 ab
783 2130 961 2187 altero
986 2139 1303 2204 separetur,
1334 2134 1431 2188 sed
1454 2134 1525 2187 ad
1549 2130 1755 2186 cellam
1780 2135 2030 2185 vestram
2051 2128 2108 2183 in

465 2234 581 2288 qua
604 2236 705 2291 per
725 2224 949 2276 tantum
976 2227 1209 2293 tempus
1226 2223 1454 2277 vixistis
1473 2221 1655 2277 redite
1672 2237 1800 2275 cum
1819 2235 2114 2292 pace,om-

466 2324 598 2362 nem
624 2309 927 2365 tristitiam
962 2316 1261 2381 ponentes;
1284 2312 1399 2383 jam
1426 2327 1581 2366 nunc
1603 2311 1757 2365 enim
1782 2311 1849 2364 ad
1873 2326 1970 2364 vos
2001 2313 2110 2363 Do-

466 2398 663 2453 minus
696 2416 864 2455 meus
896 2400 1109 2457 mittet.
1136 2401 1283 2455 Nam
1316 2400 1561 2456 tentatio
1590 2400 1703 2456 ista
1746 2399 1962 2453 idcirco
2017 2414 2109 2453 ac-

463 2487 605 2543 cidit
629 2489 812 2560 vobis,
841 2489 1061 2560 quiaad
1080 2492 1257 2546 linem
1280 2491 1410 2545 vitae
1439 2490 1608 2545 ambo
1630 2488 1894 2555 venistis,
1916 2488 2108 2559 etjam

462 2582 977 2650 uterquevestrum
995 2577 1779 2635 merebiturcoronari.Nihil
1794 2593 1929 2647 ergo
1945 2576 2113 2631 aliter

460 2666 826 2732 feceritis,ne
849 2669 992 2724 forte
1015 2687 1114 2726 vos
1137 2670 1378 2739 angelus
1427 2668 1747 2724 veniensin
1801 2667 1944 2722 eoin
1996 2682 2110 2736 quo

461 2755 579 2809 dixi
602 2754 727 2811 loco
743 2757 999 2813 invenire
1015 2776 1128 2814 non
1146 2758 1686 2831 possit,vestrisque
1702 2755 1935 2811 coronis
1953 2755 2110 2808 frau-

462 2844 703 2900 demini.
726 2846 830 2911 Qui
857 2864 987 2902 cum
1010 2849 1080 2903 ad
1100 2847 1307 2902 cellam
1329 2864 1496 2902 suam
1522 2844 1801 2901 velociter
1816 2843 2109 2899 redeundo

463 2934 863 3007 redintegrata
908 2952 1046 3007 pace
1085 2937 1405 3005 venissent,
1429 2936 1552 2989 inta
1583 2933 1965 3005 quadraginta
1984 2932 2109 2987 dies

461 3021 743 3095 Eulogius
776 3024 933 3095 prior
963 3025 1125 3092 obiit,
1146 3031 1202 3081 et
1224 3029 1354 3097 post
1379 3025 1534 3079 aliud
1562 3023 1821 3077 triduum
1839 3021 2109 3092 supradi-

462 3115 592 3167 ctus
626 3113 834 3169 defecit
852 3119 1127 3186 aegrotus,
1153 3116 1352 3171 animo
1376 3115 1750 3169 vehementer
1770 3110 2105 3166 incolumis.

2228 604 2691 676 cunquecarnali
2707 605 3835 678 obedierintvoluntali,etquicunqueira-

2227 696 2500 751 cundiam
2517 695 3100 765 retinentes,reddere
3116 694 3286 750 malis
3301 697 3461 765 paria
3492 700 3835 755 tentaverint.

2228 785 2576 840 Referebant
2596 790 2787 840 autem
2810 785 2978 839 nobis
3001 789 3119 839 tam
3160 784 3469 854 Chronius,
3501 802 3670 856 quam
3718 804 3836 842 san-

2227 879 2356 928 ctus
2384 874 2613 940 Hierax,
2650 879 2825 947 atque
2856 874 2953 930 alii
3007 873 3208 945 plures
3239 873 3411 928 vicini
3461 874 3714 942 fratrum,
3740 877 3838 933 ista

2227 979 2351 1034 quae
2386 964 2598 1019 dicam.

2879 1070 3108 1126 CAPUT
3147 1070 3212 1125 X.

2352 1162 2470 1217 Vita
2499 1162 2669 1217 Pauli
2687 1161 2995 1233 Simplicis,
3049 1162 3190 1216 beati
3219 1158 3447 1215 Antonii
3475 1159 3744 1232 discipuli.

2294 1274 2510 1331 Paulus
2544 1271 2777 1328 nomine
2800 1269 3197 1342 (Pallad.,cap.
3227 1269 3318 1339 28)
3351 1268 3605 1323 rusticus
3628 1268 3845 1339 quidam

2227 1372 2283 1422 et
2308 1362 2675 1437 agricultura:
2695 1377 2928 1429 vacans,
2955 1360 3109 1414 ultra
3130 1375 3336 1414 omnes
3353 1357 3612 1429 optimus
3635 1374 3697 1411 ac
3719 1357 3846 1413 satis

2227 1454 2501 1525 simplex,
2527 1450 2934 1523 pulcherrima:
2969 1448 3203 1520 quidem
3236 1448 3424 1515 vultu,
3472 1448 3570 1502 sed
3603 1446 3846 1501 moribus

2229 1542 2394 1598 malae
2429 1542 2779 1611 conjunctus
2812 1538 2994 1593 uxori.
3032 1538 3175 1593 Cum
3226 1553 3355 1593 eam
3390 1551 3491 1608 per
3548 1534 3846 1606 plurimum

2228 1631 2509 1703 temporis
2544 1630 2772 1685 occulta
2801 1627 3003 1682 fraude
3029 1631 3388 1699 peccantem,
3413 1625 3663 1696 quadam
3685 1622 3768 1678 die
3791 1639 3849 1678 ex

2231 1738 2369 1793 agro
2388 1725 2681 1776 revertens
2717 1718 2963 1788 turpiter
3008 1716 3345 1781 invenisset,
3382 1714 3687 1784 subitoque
3727 1728 3846 1766 cum

2232 1811 2649 1881 aliojacentem
2669 1807 2788 1862 viro
2808 1804 3491 1878 deprehendissetmnde
3508 1808 3692 1857 tamen
3713 1800 3844 1854 divi-

2143 1897 2189 1959 B
2221 1918 2296 1956 na
2314 1899 2602 1955 ordinatio
2624 1901 3008 1953 memoratum
3034 1895 3278 1949 Paulum
3299 1895 3375 1949 ad
3410 1892 3701 1948 meliorem
3734 1890 3845 1942 vitae

2220 1990 2515 2046 tramitem
2538 1987 2909 2057 provocabat)
2924 1985 3266 2052 ,verecunde
3283 1979 3712 2054 aliquantulum
3733 1978 3847 2033 risit

2219 2080 2321 2135 tali
2345 2079 2591 2149 loquens
2612 2077 2683 2131 ad
2707 2080 2983 2146 utrosque
3004 2090 3296 2130 sermone:
3319 2072 3490 2140 Bene,
3524 2069 3727 2140 inquit,
3769 2068 3851 2121 be-

2222 2186 2313 2235 ne;
2337 2168 2489 2223 unde
2511 2171 2735 2221 certum
2760 2164 2959 2220 sciatis
2982 2167 3050 2219 ad
3080 2179 3171 2218 me
3192 2162 3302 2218 hoc
3321 2160 3470 2216 nihil
3491 2159 3717 2232 penitus
3731 2171 3850 2227 per-

2219 2260 2429 2323 tinere,
2466 2263 2521 2312 et
2543 2272 2643 2327 per
2658 2256 2860 2311 Jesum
2880 2253 2977 2326 qui
2998 2254 3120 2309 haec
3160 2251 3571 2324 respicitjuro,
3595 2247 3740 2320 quod
3757 2261 3850 2317 ego

2222 2349 2371 2403 hanc
2390 2346 2637 2402 ulterius
2656 2361 2769 2399 non
2789 2344 3199 2399 habeboVade
3217 2339 3639 2413 igitur,erittua
3656 2352 3776 2390 cum
3798 2333 3851 2386 ﬁ-

2221 2438 2318 2493 liis
2335 2437 2481 2501 suis;
2501 2452 2606 2506 ego
2623 2432 3213 2505 enim,inquit,ibo,et
3232 2433 3301 2486 de
3320 2430 3547 2501 reliquo
3566 2441 3654 2481 me
3674 2439 3852 2479 mona-

2220 2526 2393 2581 chum
2422 2524 2714 2595 proﬁteor.
2738 2524 2957 2593 Etpost
2977 2522 3097 2575 hac
3129 2519 3275 2575 nulli
3308 2514 3849 2590 quidquamdicens,

2221 2612 2485 2670 ascendit
2506 2617 2635 2667 octo
2669 2611 2964 2682 proximas
2990 2608 3346 2677 mansiones,
3383 2612 3441 2663 et
3471 2606 3541 2661 ad
3597 2604 3842 2657 sanctum

2222 2706 2539 2761 Antonium
2569 2704 2771 2775 pergit.
2806 2704 3069 2771 Quicum
3101 2702 3252 2756 fores
3272 2701 3404 2771 ejus
3424 2698 3496 2755 ab
3520 2713 3584 2752 eo
3608 2696 3846 2765 percute-

2221 2801 2734 2866 rentur,egressus
2766 2798 2875 2859 est,
2902 2798 2957 2848 et
2990 2791 3128 2863 quid
3154 2794 3396 2861 cuperet
3420 2783 3751 2848 sciscitanti,
3780 2781 3851 2835 ait

2218 2884 2325 2940 illi:
2359 2882 2675 2940 Monachus
2697 2882 2820 2937 fieri
2856 2880 3006 2936 volo.
3062 2878 3390 2951 Respondit
3434 2873 3736 2942 Antonius,
3766 2870 3846 2923 di-

2220 2990 2377 3029 cens:
2415 2976 2557 3029 Cum
2604 2971 2687 3027 sis
2741 2971 3060 3026 admodum
3100 2986 3295 3034 senex,
3340 2966 3644 3037 sexaginta
3683 2972 3849 3016 annos

2220 3060 2758 3135 agens,monachus
2776 3060 2870 3115 hic
2887 3060 3008 3114 ﬁeri
3034 3075 3148 3113 non
3174 3063 3359 3130 potes,
3388 3057 3487 3113 sed
3528 3051 3707 3123 magis
3727 3047 3851 3104 vade

2220 3156 2290 3210 ad
2314 3155 2504 3210 vicum
2525 3156 2777 3219 tuum,et
2796 3151 2952 3222 Operi
2971 3150 3210 3206 cultoris
3228 3148 3599 3215 iucumbe,ut
3616 3148 3669 3199 et
3686 3141 3852 3195 vivere

531 3222 816 3330 Plimfifls
845 3228 1037 3330 aufem
1072 3241 1202 3279 cum
1234 3223 1553 3322 Plurim“?
1580 3218 1935 3330 ίεξῖηρονξδβη
1959 3219 2106 3330 Ἰξδθ
2138 3262 2180 3330 C
2222 3243 2624 3316 operariorum
2647 3241 2784 3311 vita,
2818 3218 2876 3297 et
2899 3242 3118 3311 gratias
3139 3255 3308 3311 agere
3338 3238 3459 3294 Deo
3494 3233 3678 3308 possis
3706 3248 3718 3299 ;
3751 3230 3853 3284 im-

460 3311 643 3368 baicis
662 3313 894 3369 fecisset
913 3314 1082 3382 locis,
1107 3315 1174 3369 ad
1193 3313 1551 3369 monasteria
1571 3310 1959 3366 Alexandrina
1982 3310 2109 3364 des-

460 3402 676 3457 cendit:
709 3404 1015 3475 evenitque
1052 3409 1114 3459 ut
1145 3405 1215 3459 ad
1251 3403 1417 3458 illum
1452 3405 1780 3457 occurreret
1811 3399 1964 3454 diem
2006 3398 2106 3470 qui

465 3490 639 3545 unius
657 3492 894 3562 quidem
916 3495 1065 3563 quad
1078 3489 1675 3565 ragesimus,alterius
1690 3492 1882 3544 autem
1900 3486 2106 3543 tertius

463 3579 792 3635 celebratus
816 3586 955 3636 tunc
972 3600 1004 3636 a
1028 3583 1305 3637 fratribus
1321 3579 1791 3636 dicebatur.Cum
1810 3576 2106 3648 igiturhoc

459 3667 751 3725 Chronius
770 3670 1127 3740 didicissset,
1146 3671 1473 3742 obstupuit;
1489 3672 1843 3740 sumptoque
1858 3668 2109 3738 Evange-

457 3755 535 3811 lio
559 3764 781 3826 sancto,
808 3764 983 3831 atque
1016 3762 1073 3816 in
1108 3762 1298 3816 medio
1327 3763 1575 3815 fratrum
1595 3758 1809 3830 posito,
1835 3772 1970 3812 cum
2010 3772 2105 3811 sa-

459 3853 753 3904 cramento
781 3849 923 3921 ipsis
947 3868 1048 3922 per
1064 3851 1329 3906 ordinem
1350 3853 1560 3905 cuncta
1576 3846 1866 3919 exposuit,
1885 3846 2103 3900 dicens:

458 3940 678 3993 Horum
711 3942 977 3995 omnium
1006 3957 1152 4013 quos
1172 3939 1648 4004 commemoravi,
1704 3938 1992 4006 interpres
2024 3935 2107 3989 fui
2177 3963 2184 3970 -

460 4025 586 4098 ipse
608 4045 969 4097 sermonum,
995 4048 1060 4086 eo
1080 4032 1233 4101 quod
1253 4034 1446 4085 Graace
1472 4028 1631 4098 loqui
1652 4030 1893 4082 sanctus
1926 4027 2106 4079 Anto-

462 4117 598 4171 nius
627 4120 1071 4191 nesciebat;ego
1105 4124 1299 4175 autem
1335 4122 1642 4188 utramque
1688 4131 1960 4171 noveram
1990 4113 2107 4168 lin-

462 4220 661 4275 guam,
686 4212 862 4277 atque
880 4206 1031 4262 inter
1058 4208 1217 4278 ipsos
1242 4208 1541 4279 loquebar,
1566 4205 1683 4261 illis
1702 4204 1936 4277 quidem
1962 4204 2108 4259 Grae-

463 4307 551 4357 co,
577 4293 674 4348 isti
697 4299 890 4349 autem
912 4298 1177 4367 Egyptio
1211 4313 1307 4352 ore
1340 4296 1717 4368 respondens.

537 4398 653 4455 Hoc
676 4417 908 4472 quoque
925 4402 1213 4458 Chronius
1230 4404 1352 4473 ipse
1374 4403 1543 4458 nobis
1563 4402 1845 4457 referebat
1862 4400 2105 4468 (Pallad.

466 4504 584 4558 cap.
617 4490 730 4558 27),
766 4492 919 4561 quod
952 4492 1002 4546 ei
1035 4501 1273 4548 sanclus
1304 4492 1615 4556 Antonius,
1644 4492 1701 4546 in
1730 4491 1831 4546 illa
1860 4492 1990 4562 ipsa
2007 4507 2108 4545 no-

470 4583 557 4631 cte
580 4594 694 4647 qua
714 4579 951 4634 beatum
974 4581 1200 4636 dimisit
1220 4581 1551 4652 Eulogium,
1578 4580 1821 4635 dixisset
1851 4581 1990 4650 quia
2011 4595 2113 4650 per

470 4672 657 4722 totum
683 4686 899 4724 annum
927 4671 1104 4725 Deum
1132 4671 1477 4742 deprecatus
1502 4669 1729 4736 fuisset,
1760 4674 1824 4724 ut
1845 4668 2113 4724 ostende-

470 4763 673 4813 rentur
700 4758 881 4813 eidem
932 4776 1031 4831 per
1089 4759 1500 4815 revelationem
1554 4759 1681 4814 loca
1737 4763 2112 4828 peccatorum

465 4850 1118 4919 atquejustorumEtjse
1132 4849 1345 4904 vidisse
1360 4848 1587 4904 dicebat
1601 4863 2113 4918 procerumquem-

466 4938 598 4992 dam
625 4955 812 5007 usque
831 4938 900 4991 ad
927 4940 1111 4993 nubes
1129 4938 1425 5010 gigantem
1447 4938 1580 4992 tetri
1602 4937 2113 5002 coloris,extentas

464 5043 676 5083 manus
693 5028 763 5082 ad
788 5028 998 5082 ccelum
1040 5028 1312 5098 habente,
1339 5032 1511 5097 atque
1539 5027 1692 5081 infra
1708 5027 1883 5097 pedes
1925 5025 2113 5097 ipsius

463 5116 655 5171 lacum
678 5119 747 5173 ad
764 5117 1199 5189 speciemmaris
1216 5119 1434 5172 fusum.
1452 5115 1559 5170 Ubi
1574 5121 1856 5187 tanquam
1871 5132 1999 5171 aves
2024 5116 2112 5169 in-

466 5206 1127 5275 quit,animasvolantes
1150 5207 1296 5262 vidit
1320 5207 1629 5274 Antonius;
1655 5212 1709 5260 et
1726 5204 1837 5259 illa:
1876 5205 2113 5275 quidem

468 5310 666 5364 quazcu
680 5312 829 5365 nque
853 5312 1033 5367 supra
1056 5313 1267 5351 manus
1290 5295 1478 5365 ipsius
1502 5300 1795 5366 caputque
1816 5294 2112 5363 volabant,

466 5385 1351 5457 conservabantur;queecunque
1367 5390 1555 5439 autem
1567 5385 1835 5439 manibus
1852 5383 2039 5454 ipsius
2053 5400 2115 5439 re

467 5488 789 5544 percusssas
805 5473 1550 5544 fuissentmergebanturin
1568 5472 2003 5527 lacum.Vocem
2020 5490 2115 5528 au-

466 5566 583 5617 tem
602 5565 738 5617 tunc
757 5561 868 5616 sibi
887 5561 1061 5616 talem
1078 5563 1307 5619 venisse
1326 5563 1631 5618 referebat:
1645 5566 1764 5617 Has
1778 5577 1982 5617 omnes
1996 5564 2116 5618 ani-

469 5667 595 5707 mas
612 5667 761 5722 quas
776 5649 1040 5706 volantes
1060 5650 1402 5718 vides,scias
1421 5652 1648 5708 animas
1670 5651 2113 5721 essejustorum

468 5756 593 5813 quas
619 5740 677 5797 in
719 5740 974 5813 paradisi
1022 5739 1381 5797 habitatione
1411 5740 1807 5813 requiescunt;
1866 5740 1977 5796 illa:
2008 5758 2114 5798 au-

2220 3352 2417 3407 parem
2436 3341 2490 3391 te
2513 3333 2666 3389 enim
2691 3332 2947 3388 miseriis
2972 3350 3035 3388 ac
3056 3331 3239 3387 labori
3260 3330 3649 3387 solitudinum
3695 3322 3848 3378 scias.

2214 3430 2472 3481 Rursum
2501 3425 2571 3480 ad
2598 3423 2719 3479 haec
2742 3438 2920 3477 senex
2955 3422 3053 3477 ille
3101 3420 3431 3492 respondit,
3490 3419 3599 3473 hoc
3644 3413 3845 3469 dicens:

2216 3515 2513 3587 Quidquid
2549 3531 2641 3569 me
2664 3512 3019 3581 docueris,id
3050 3512 3277 3567 faciam.
3305 3515 3371 3565 Et
3415 3522 3648 3566 rursum
3693 3503 3851 3558 Anto-

2218 3607 2375 3669 nius,
2404 3604 2525 3659 Dixi
2556 3603 2679 3669 tibi,
2712 3603 2851 3674 quia
2901 3602 3155 3657 multum
3197 3616 3376 3656 senex
3430 3617 3515 3665 es,
3566 3612 3668 3652 nec
3697 3588 3836 3647 vales

2218 3694 2461 3766 implere
2480 3693 2635 3765 quod
2659 3692 2891 3763 quaeris:
2913 3690 3234 3759 discedere,
3251 3695 3306 3745 et
3324 3689 3373 3744 si
3394 3685 3713 3745 monachus
3735 3691 3848 3734 esse

2217 3784 2613 3852 desideras,ad
2637 3781 2852 3837 leviora
2871 3779 3232 3836 monasteria
3246 3797 3298 3833 ω
3310 3779 3440 3850 agis
3473 3790 3663 3849 perge,
3678 3770 3742 3827 ad
3757 3782 3843 3823 eos

2220 3876 2425 3929 fratres
2458 3872 2555 3943 qui
2575 3876 2823 3943 possunt
2845 3870 3243 3925 infirmitatem
3265 3869 3350 3923 tui
3366 3866 3631 3940 corporis
3651 3860 3843 3917 tolera-

2218 3978 2278 4017 re
2301 3960 2609 4033 patienter;
2637 3975 2741 4031 ego
2764 3959 2914 4013 enim
2940 3958 3035 4013 hic
3058 3956 3218 4013 solus
3233 3957 3430 4025 sedeo,
3458 3958 3587 4026 post
3605 3948 3844 4023 quinque

2218 4050 2364 4120 dies,
2397 4052 2454 4104 et
2484 4049 2594 4103 hoc
2617 4064 2752 4104 cum
2784 4064 3017 4102 summa
3045 4047 3261 4117 inopia,
3296 4046 3498 4101 cibum
3530 4053 3779 4098 sumens.

2289 4140 2391 4194 His
2409 4153 2545 4210 ergo
2566 4142 2622 4192 et
2638 4136 2856 4192 talibus
2877 4136 3070 4191 verbis
3103 4134 3416 4190 excludere
3438 4131 3683 4190 Paulum
3700 4122 3844 4210 vole-

2217 4230 2335 4285 bat.
2356 4228 2459 4282 Cui
2488 4209 2626 4281 eum
2645 4225 2743 4281 ille
2767 4242 2881 4281 non
2906 4224 3322 4296 acquiesceret,
3348 4224 3506 4279 intra
3525 4219 3730 4277 ostium
3749 4209 3849 4267 ccl-

2219 4318 2347 4374 lulze
2373 4334 2434 4373 se
2452 4315 2699 4371 recludit
2715 4314 3007 4371 Antonius
3025 4317 3260 4385 propter
3278 4312 3476 4383 ipsum
3499 4327 3599 4383 per
3618 4306 3848 4363 triduum

2212 4408 2376 4479 juge,
2403 4422 2505 4461 nec
2528 4404 2661 4459 inde
2679 4420 3025 4477 progressus
3056 4408 3164 4473 est,
3199 4403 3373 4457 etiam
3395 4418 3530 4457 cum
3551 4391 3851 4454 necessitas

2219 4492 2538 4566 corporalis
2573 4498 2827 4565 urgeret.
2851 4493 3051 4563 Neque
3073 4498 3263 4547 tamen
3286 4491 3378 4547 ille
3399 4492 3470 4546 de
3491 4487 3711 4544 foribus
3732 4486 3848 4535 tan-

2221 4584 2319 4639 diu
2338 4581 2633 4651 exclusus,
2654 4582 3146 4649 abcessit.Quarto
3164 4580 3345 4653 igitur
3363 4581 3459 4635 die
3490 4580 3727 4635 sanctus
3744 4573 3850 4625 An-

2222 4674 2415 4728 tonius
2435 4688 2565 4726 cum
2587 4671 2937 4726 necessitate
2955 4675 3179 4726 natura:
3196 4668 3853 4741 compelleretur,egres—

2223 4780 2324 4818 sus
2347 4761 2674 4828 est,iterum
2694 4761 2896 4816 dicens
2928 4760 2999 4815 ei:
3035 4760 3215 4829 Vade,
3248 4759 3465 4830 inquit,
3506 4757 3643 4811 hinc
3675 4763 3853 4815 senex,

2224 4852 2363 4923 quid
2385 4848 2670 4905 molestus
2698 4865 2758 4904 es
2789 4848 2965 4904 mihi?
2995 4849 3261 4904 habitare
3282 4865 3395 4903 non
3429 4851 3592 4919 potes
3616 4853 3851 4899 mecum,

2222 4942 2305 4997 Ad
2341 4954 2515 5011 quem
2550 4938 2767 4994 Paulus
2795 4939 2901 4994 hoc
2932 4938 3093 4993 dixit:
3129 4938 3301 4993 Aliud
3336 4938 3461 4992 ﬁeri
3511 4951 3626 4990 non
3658 4928 3855 5003 potest.

2225 5029 2338 5085 nisi
2373 5034 2438 5083 ut
2458 5029 2553 5083 hic
2585 5028 2797 5092 vivam,
2822 5027 3352 5098 inquit,etmoriar.
3383 5017 3856 5091 Circumspiciens

2224 5120 2406 5191 igitur
2434 5119 2549 5173 huc
2579 5123 2752 5188 atque
2783 5115 2926 5171 illuc
2955 5120 3196 5172 sanctus
3219 5116 3532 5180 Antonius,
3553 5111 3858 5175 vidensque

2226 5210 2373 5279 quod
2409 5207 2555 5262 nihil
2584 5222 2783 5260 secum
2809 5206 2879 5260 ad
2904 5205 3029 5260 vitae
3046 5205 3326 5260 alimenta
3348 5207 3746 5275 portaret,non
3766 5207 3857 5279 paf

2227 5278 2383 5363 nem,
2408 5314 2522 5352 non
2554 5312 2793 5367 aquam,
2828 5312 2942 5350 non
3000 5295 3157 5350 aliud
3219 5294 3570 5367 quidquam,
3631 5292 3687 5344 et
3715 5278 3857 5356 quod

2226 5391 2434 5459 quarto
2449 5391 2640 5440 tamen
2667 5384 2834 5439 diein
2857 5384 3375 5455 continuojejunio
3401 5370 3862 5454 permaneret,ti-

2225 5490 2511 5545 mensque
2537 5490 2605 5529 ne
2627 5472 3051 5545 ignaruslongi
3078 5472 3290 5545 jejunii
3324 5471 3507 5527 nimia
3554 5463 3863 5523 defectione

2225 5568 2575 5629 moreretur,
2608 5567 2663 5617 et
2678 5560 2939 5633 aliquam
2971 5562 3083 5617 sibi
3098 5562 3287 5618 exhoc
3308 5560 3863 5631 relinqueretmacu-

2226 5652 2610 5724 lam,tandem
2643 5650 3207 5723 suscepiteum.Tali
3225 5654 3421 5708 autem
3440 5640 3864 5704 conversatione

2228 5744 2366 5801 vita:
2397 5759 2500 5816 per
2525 5758 2732 5801 omnes
2747 5741 2957 5814 degere
2977 5741 3103 5799 dies
3127 5741 3303 5815 coepit
3320 5728 3865 5809 Antonius,qualem
