4092 6324
210 410 319 467 289

1468 404 1902 461 HERACLIDIS
1941 406 2367 461 PARADISUS.

3516 405 3624 459 290

215 548 455 605 remque
484 529 729 598 faciens,
763 530 834 585 ad
876 533 1171 585 certamen
1224 529 1536 585 adversum
1582 527 1857 600 spiritum
1893 530 1944 596 Α
1974 525 2089 596 lus,
2122 527 2193 581 de
2223 526 2333 581 hoc
2365 525 2677 598 exprobrat
2724 526 2887 596 vitio,
2923 527 3157 583 dicens:
3191 528 3259 583 Et
3285 544 3389 584 vos
3439 527 3630 584 innati

216 621 643 689 fornicationis,
687 620 884 674 divina
914 618 1103 691 gratia
1134 618 1530 686 tolerandum,
1565 616 1863 673 sufficien-

216 718 303 768 ter
332 727 423 766 me
452 710 828 766 exhortatum
865 708 1095 764 remisit
1125 709 1192 762 ad
1231 707 1463 763 cellam.

846 833 1075 890 CAPUT
1114 833 1235 889 XII.

678 933 798 985 Vita
832 930 1097 1002 Stephani
1127 930 1405 987 monachi.

276 1050 613 1123 Stephanus
635 1048 874 1119 quidam
902 1047 1194 1103 oriundus
1216 1064 1282 1102 ex
1306 1048 1489 1120 Libya
1511 1049 1759 1115 (Pall.,c.
1777 1048 1867 1119 30)

217 1142 269 1196 in
297 1146 465 1211 parte
496 1156 698 1195 eorum
735 1138 995 1193 locorum
1025 1138 1243 1208 quibus
1276 1138 1634 1193 Marmaricae
1668 1143 1724 1193 et
1745 1143 1869 1192 Ma-

214 1230 459 1286 reotidis
487 1246 697 1284 nomen
722 1233 832 1292 est,
856 1243 955 1297 per
984 1226 1288 1299 sexaginta
1311 1244 1497 1283 annos
1520 1228 1752 1293 sedens,
1780 1244 1872 1282 us-

217 1337 323 1390 que
352 1320 503 1375 adeo
522 1318 816 1390 perfectus
840 1317 1029 1371 factus
1044 1322 1133 1372 est
1152 1317 1499 1383 monachus,
1522 1322 1872 1388 tantumque

219 1410 425 1464 habuit
447 1410 509 1463 in
534 1406 922 1463 discernenda
936 1423 1129 1461 rerum
1150 1406 1871 1477 ambiguitatejudicium,

223 1504 283 1554 ut
314 1498 615 1569 ejusmodi
646 1496 905 1551 divinam
947 1496 1196 1567 gratiam
1234 1502 1594 1551 mereretur:
1629 1498 1734 1551 hoc
1767 1500 1873 1561 est,

218 1594 277 1643 ut
299 1587 643 1659 quicunque
668 1586 738 1640 ad
764 1586 983 1657 ipsum,
1009 1601 1078 1639 ex
1103 1601 1459 1657 quacunque
1482 1601 1541 1640 re
1564 1585 1751 1641 tristis
1773 1584 1875 1640 ali-

218 1678 448 1748 quando
465 1676 888 1747 venisset,post
902 1675 1187 1730 visionem
1208 1676 1335 1744 ejus
1351 1681 1527 1747 atque
1541 1693 1872 1733 sermonem

221 1768 376 1821 laetus
409 1767 776 1821 abscederet.
810 1764 995 1819 Notus
1023 1770 1219 1819 autem
1253 1765 1347 1819 hic
1396 1772 1453 1820 et
1499 1772 1705 1821 sancto
1756 1768 1876 1823 viro

1970 617 2111 671 estis
2142 618 2187 689 (I
2215 616 2340 671 Cor.
2374 618 2474 688 IV).

2042 706 2147 761 Hic
2178 706 2303 778 ipse
2334 706 2553 762 Valens
2586 711 2900 779 postquam
2934 708 3293 779 pervenitad
3327 724 3617 779 eremum,

1968 795 2030 849 in
2072 812 2183 865 qua
2216 813 2317 867 per
2346 796 2631 867 plurimos
2665 814 2850 852 annos
2880 797 3023 851 vixit
3055 799 3390 864 nobiscum,
3422 799 3631 853 diffici-

1971 884 2164 956 lisque
2179 884 2303 939 vitae
2327 891 2636 941 assecutus
2652 894 2741 941 est
2768 887 3053 952 studium,
3079 888 3147 940 ad
3172 892 3402 942 tantum
3424 904 3628 959 super-

1972 974 2078 1027 biae
2109 991 2390 1029 cacumen
2425 976 2710 1041 ascendit,
2744 979 2808 1029 ut
2830 976 3137 1031 diabolicis
3158 976 3536 1032 irrisionibus
3561 994 3627 1032 ac

1974 1063 2223 1119 fallaciis
2253 1064 2601 1120 vinceretur.
2636 1065 2781 1119 Nam
2810 1065 3087 1136 paulatim
3126 1082 3259 1119 eum
3294 1066 3351 1119 in
3380 1067 3625 1120 docendi

1978 1152 2227 1208 elatione
2260 1154 2591 1223 deceptum,
2616 1154 2685 1208 ad
2713 1154 2818 1208 hoc
2840 1155 3065 1209 dmmon
3092 1156 3439 1222 adduxerat,
3464 1160 3530 1209 ut
3553 1156 3634 1210 ita

1976 1258 2038 1297 se
2071 1242 2267 1297 nescio
2319 1243 2459 1313 quid
2513 1258 2643 1298 esse
2695 1260 2980 1315 magnum
3033 1248 3288 1314 putaret,
3348 1250 3631 1315 tanquam

1977 1331 2241 1403 quotidie
2256 1332 2598 1402 angelorum
2617 1333 2840 1388 visione
2857 1332 3308 1405 ministerioque
3324 1335 3631 1391 frueretur.

2049 1430 2398 1485 Referebant
2433 1430 2613 1502 igitur
2640 1432 2770 1501 ejus
2804 1430 3125 1496 notissimi,
3160 1432 3313 1503 quod
3349 1449 3464 1487 uno
3487 1450 3635 1504 quo-

1980 1521 2113 1575 dam
2140 1520 2253 1590 die,
2273 1521 2410 1575 dum
2437 1521 2495 1575 in
2521 1521 2779 1576 tenebris
2803 1538 2951 1593 opus
2976 1521 3211 1589 faceret,
3238 1538 3377 1576 acus
3403 1522 3635 1594 illaqua

1980 1608 2322 1682 sportellam
2356 1610 2698 1675 consuebat,
2732 1610 3045 1665 excidisset
3066 1628 3096 1665 e
3118 1611 3631 1677 manibus,etcum

1981 1716 2107 1755 eam
2142 1716 2257 1754 non
2291 1704 2481 1770 potest
2510 1701 2673 1771 (quia
2705 1700 2761 1754 in
2787 1701 3035 1755 obscuro
3065 1716 3178 1754 non
3210 1701 3493 1772 cerneret)
3544 1702 3632 1755 in-

1981 1788 2200 1857 venire,
2233 1788 2505 1861 lampade
2531 1790 2855 1844 ministerio
2878 1789 3165 1844 daemonis
3182 1790 3231 1843 ei
3258 1806 3527 1856 accensa,
3552 1790 3635 1845 sic

223 1856 476 1954 Αοίοηίξ)
511 1855 640 1967 “ﬁt!
677 1854 941 1925 Pervenit
962 1854 1573 1967 θυίοωξίίθωξδίῖυθ
1597 1856 1665 1910 δά
1693 1858 1873 1911 Ποδίτί
1909 1903 1953 1967 D
1986 1895 2153 1933 acum
2187 1854 2376 1949 quam.
2400 1879 2733 1949 perdiderat
2758 1878 3098 1943 invenisset,
3136 1895 3343 1932 rursus
3390 1894 3453 1932 ex
3508 1854 3636 1948 ipsa

221 1945 504 2015 temporis
536 1944 663 1998 dies
691 1960 703 1997 :
731 1959 904 2013 quem
936 1959 1043 2014 ego
1068 1944 1302 2013 quidem
1329 1945 1523 1999 videre
1546 1962 1660 2001 non
1686 1947 1868 2017 potui,

222 2050 281 2089 eo
312 2034 473 2104 quod
510 2033 865 2104 separabant
895 2049 1003 2087 nos
1034 2031 1207 2103 longa
1231 2032 1535 2088 intervalla
1556 2039 1869 2091 terrarum.

288 2123 551 2177 Sanctus
602 2127 797 2176 autem
846 2123 1197 2176 Ammonius
1248 2127 1304 2177 et
1353 2125 1654 2194 Evagrius,
1688 2129 1745 2179 et
1774 2125 1874 2197 qui

224 2228 346 2266 cum
374 2212 529 2284 ipsis
551 2211 886 2277 erant,mihi
908 2211 1224 2281 aliquando
1242 2213 1587 2281 referebant,
1616 2214 1876 2269 dicentes

222 2303 366 2371 quod
414 2300 777 2371 reperissent
806 2316 938 2355 eum
964 2301 1217 2371 quodam
1242 2305 1502 2372 tempore
1526 2301 1623 2355 tali
1649 2303 1876 2373 aegritu-

228 2392 353 2444 dine
390 2390 788 2457 laborantem,
824 2399 883 2444 ut
914 2390 972 2445 in
1009 2388 1151 2460 ipsis
1185 2395 1405 2445 naturae
1432 2391 1699 2445 verendis
1729 2408 1874 2462 quo-

224 2480 347 2533 dam
386 2477 589 2532 ulcere
621 2478 798 2549 (quod
834 2477 1072 2547 quidam
1098 2478 1211 2548 (17.
1233 2477 1651 2549 phagedaenam
1678 2478 1876 2550 appel-

224 2569 359 2638 lant)
399 2569 790 2624 cruciaretur.
826 2568 934 2632 Qui
964 2569 1102 2622 dum
1138 2585 1171 2623 a
1194 2568 1449 2638 quodam
1472 2570 1696 2624 medico
1715 2587 1880 2626 cura-

223 2665 405 2723 retur,
440 2658 802 2723 invenimus,
838 2657 1135 2729 inquiunt,
1172 2673 1303 2712 eum
1328 2674 1476 2728 opus
1499 2659 1736 2729 quidem
1762 2676 1879 2715 ma-

225 2749 397 2803 nibus
431 2746 747 2802 facientem
783 2746 929 2815 suis,
961 2751 1019 2801 et
1049 2752 1418 2817 torquentem
1450 2748 1521 2802 de
1552 2747 1766 2819 palmis
1790 2750 1876 2803 fu-

226 2855 341 2903 nes,
377 2853 455 2891 ac
488 2836 800 2891 nobiscum
850 2836 1340 2890 sermocinantem
1375 2856 1388 2903 ;
1442 2841 1679 2893 ca‘teras
1722 2839 1878 2893 960

226 2944 351 2982 vero
380 2925 658 2997 corporis
690 2931 886 2997 partes
914 2925 1138 2979 medico
1188 2925 1453 2994 ferroque
1502 2926 1877 2997 prazhentcm,

227 3017 317 3086 qui
353 3016 511 3069 adeo
546 3032 649 3086 per
679 3014 926 3085 gratiam
961 3013 1251 3084 patientiae
1284 3012 1509 3069 alienus
1540 3019 1665 3070 erat
1694 3034 1725 3070 a
1747 3033 1880 3071 sen-

228 3122 287 3159 su
321 3105 616 3175 corporis,
652 3108 717 3158 ut
748 3101 991 3157 alterius
1021 3103 1285 3157 crederet
1311 3103 1576 3158 membra
1628 3106 1877 3161 concidi.

291 3193 563 3248 Abscisis
591 3192 789 3262 itaque
818 3190 1087 3246 verendis
1136 3192 1405 3262 partibus
1446 3193 1696 3263 cunctis,
1730 3194 1877 3249 nihil

228 3285 465 3353 penitus
500 3261 814 3337 sentiebat.
849 3284 909 3336 In
942 3261 1168 3335 tantum
1205 3287 1475 3351 separata
1507 3261 1877 3355 mens-ipsius
1910 3261 1951 3327 δ

224 3378 383 3427 erata
404 3372 586 3426 rebus
602 3370 971 3438 humanis,et
993 3370 1325 3426 ccelestibus
1344 3371 1486 3426 solis
1509 3373 1879 3443 cogitationi-

224 3460 324 3515 bus
358 3466 675 3531 occupata.
713 3460 889 3515 Nobis
940 3465 1133 3514 autem
1185 3464 1302 3515 tam
1354 3461 1593 3516 tristitia
1637 3462 1877 3533 repletis

225 3566 393 3621 quam
436 3551 632 3622 ipsius
665 3549 965 3621 languoris
993 3550 1229 3604 horrore
1261 3550 1544 3618 confusis,
1570 3552 1881 3620 cogitanti-

224 3640 456 3712 busque
471 3640 625 3707 quod
645 3638 985 3707 hujusmodi
1003 3638 1162 3692 illius
1177 3638 1281 3693 viri
1310 3638 1427 3693 vita
1446 3640 1620 3695 talem
1643 3642 1881 3696 incidis-

227 3730 384 3784 setin
420 3727 1023 3783 morbumutsiceum
1060 3744 1294 3783 necesse
1322 3733 1476 3783 esset
1509 3730 1721 3797 secari;
1774 3730 1882 3786 hoc

229 3817 317 3872 ille
351 3819 567 3871 beatus
594 3816 691 3872 Dei
715 3833 918 3871 servus
941 3816 1277 3886 Stephanus
1300 3816 1581 3882 sentiens,
1608 3819 1691 3872 sic
1724 3819 1881 3874 dice-

231 3908 321 3961 bat
348 3925 359 3960 :
389 3905 548 3971 Filii,
574 3905 763 3960 videte
787 3921 858 3959 ne
882 3905 1062 3959 animi
1086 3906 1261 3961 vestri
1288 3922 1353 3961 ex
1374 3906 1728 3963 valetudinis
1770 3909 1883 3977 (18)

232 3993 402 4065 hujus
439 3994 934 4065 contemplatione
963 3994 1272 4049 laedantur.
1308 3994 1461 4049 Nihil
1493 3996 1646 4051 enim
1681 4014 1882 4053 eorum

230 4102 344 4154 qua
379 4084 527 4139 facit
558 4084 709 4139 Deus
736 4100 805 4138 ex
826 4083 1024 4154 aliqua
1050 4085 1415 4155 malignitate
1434 4086 1755 4155 descendit,
1780 4089 1881 4142 sed

230 4175 431 4228 omnia
481 4176 549 4227 ad
595 4174 814 4227 bonum
850 4174 1043 4239 finem,
1078 4178 1137 4227 et
1167 4174 1422 4228 votivum
1454 4174 1671 4229 exitum
1722 4191 1882 4246 spec-

231 4268 375 4317 tant.
414 4262 708 4317 Fortassis
737 4267 932 4318 autem
967 4268 1022 4317 et
1053 4262 1179 4333 ipsa
1212 4280 1345 4333 pars
1378 4264 1636 4333 corporis
1668 4264 1884 4321 talibus

234 4351 357 4406 dedi
396 4350 713 4421 suppliciis
751 4352 1104 4417 merebatur,
1142 4350 1472 4422 meliusque
1507 4352 1592 4407 illi
1639 4358 1762 4407 erat
1793 4354 1884 4408 hic

231 4442 488 4513 recipere
516 4441 724 4507 vicem,
748 4456 927 4512 quam
961 4441 1033 4494 ad
1067 4444 1281 4495 aeterna
1311 4445 1603 4496 tormenta
1627 4446 1756 4513 post
1779 4441 1885 4497 hoc

234 4531 516 4586 saeculum
552 4530 858 4585 reservari.

303 4619 437 4674 Hmc
469 4618 672 4690 itaque
705 4635 949 4674 suorum
979 4618 1395 4690 contemplatio
1428 4635 1788 4685 sermonum,
1813 4621 1884 4674 ad
1918 4630 1964 4692 ι)

238 4708 538 4777 patientiae
570 4707 828 4762 studium
875 4723 979 4762 nos
1028 4707 1343 4763 aedificatus
1390 4709 1886 4780 confirmatosque

240 4796 486 4852 dimisit.
526 4796 750 4851 Idcirco
775 4812 910 4851 vero
939 4796 1057 4851 haec
1092 4796 1284 4866 retuli,
1322 4814 1392 4852 ne
1424 4798 1698 4868 quisdam
1743 4800 1887 4853 forte

241 4885 502 4954 miretur,
565 4888 614 4941 si
656 4886 927 4941 videmus
972 4891 1310 4941 sanctorum
1371 4886 1626 4957 aliquem
1680 4887 1889 4957 hujus-

241 4976 392 5029 modi
428 4975 780 5048 aegritudine
811 4974 1202 5043 laborantem,
1236 4980 1339 5031 aut
1368 4976 1643 5047 deinceps
1676 4976 1887 5032 videri-

240 5079 393 5119 ωυε.

840 5170 1075 5227 CAPUT
1130 5171 1291 5227 XIII.

882 5271 957 5325 De
1010 5270 1247 5325 Valente.

300 5385 517 5442 Valens
553 5386 791 5442 nomine
824 5386 1037 5441 iterum
1074 5385 1183 5440 fuit
1242 5386 1505 5457 quidam,
1555 5386 1891 5442 Palestinus

242 5478 472 5545 quidem
508 5492 743 5549 genere,
776 5477 875 5531 sed
913 5481 1106 5531 mente
1140 5476 1498 5542 Corinthius,
1535 5477 1663 5532 ideo
1714 5495 1890 5532 sensu

244 5564 480 5621 inflatus
515 5565 788 5636 (Pellad.,
822 5582 941 5637 cap.
989 5567 1102 5637 31).
1157 5567 1215 5619 In
1262 5566 1697 5620 Corinthiorum
1736 5566 1890 5621 enim

248 5654 461 5710 animis
494 5672 727 5726 semper
754 5660 947 5709 tumor
972 5655 1213 5727 quidam
1239 5658 1295 5709 et
1322 5655 1541 5709 inflatio
1570 5655 1776 5709 mentis
1800 5672 1895 5726 ap-

251 5750 450 5814 paret;
483 5743 639 5799 sicut
670 5743 741 5797 ad
776 5760 873 5800 eos
904 5744 1167 5800 scribens
1194 5743 1892 5816 beatusApostolusPau-

1984 1966 2284 2022 inflatione
2318 1968 2592 2035 refectus,
2626 1968 2682 2021 in
2714 1972 2943 2022 tantum
3000 1967 3289 2037 superbia:
3341 1972 3633 2023 tumorem

1982 2056 2168 2112 elatus
2201 2060 2390 2121 est,ut
2412 2073 2711 2111 sacrorum
2737 2073 2971 2127 quoque
2996 2056 3408 2127 mysteriorum
3434 2057 3631 2112 Chris-

1984 2146 2026 2199 ti
2051 2150 2451 2200 contemneret
2482 2147 2975 2200 communionem.

2057 2244 2262 2297 Evenit
2293 2248 2487 2298 autem
2513 2249 2577 2297 ut
2609 2244 2849 2314 quidam
2877 2243 3014 2297 illuc
3035 2244 3325 2315 peregrini
3350 2244 3639 2313 venirent,

1984 2333 2261 2403 variaque
2276 2332 2639 2403 leguminum
2660 2349 3116 2401 genera,nucum
3137 2338 3310 2403 atque
3328 2350 3633 2403 pomorum

1988 2422 2058 2475 ad
2078 2421 2381 2476 ecclesiam
2404 2422 2681 2476 fratribus
2708 2422 3049 2476 exhiberent
3071 2438 3083 2477 :
3106 2438 3232 2492 quae
3267 2438 3400 2476 cum
3428 2439 3628 2477 susce-

1989 2512 2173 2583 pisset
2204 2516 2448 2565 sanctus
2478 2511 2761 2565 Macarius
2796 2512 3097 2582 presbyter
3118 2511 3635 2577 noster,misisset-

1990 2616 2101 2671 que
2124 2599 2375 2671 singulis
2407 2605 2691 2670 quantum
2727 2617 2935 2653 manus
2968 2616 3173 2671 capere
3205 2605 3401 2671 posset
3434 2601 3632 2670 unius,

1988 2688 2141 2743 inter
2167 2705 2314 2759 quos
2345 2689 2523 2743 etiam
2556 2705 2687 2743 cum
2723 2688 2951 2743 Valenti
2986 2694 3211 2760 partem
3244 2705 3375 2743 cum
3410 2690 3632 2744 caeteris

1988 2778 2365 2844 destinasset,
2397 2778 2610 2832 Valens
2644 2794 2775 2832 eum
2812 2778 2909 2848 qui
2937 2778 3291 2833 transmissa
3320 2778 3631 2847 detulerat,

1988 2868 2223 2937 injuriis
2254 2867 2558 2939 plagisque
2578 2868 2862 2933 confecit;
2897 2867 3005 2922 hoc
3037 2867 3085 2922 ei
3109 2866 3307 2922 dicens
3332 2883 3345 2923 :
3368 2869 3549 2931 Vade,
3578 2875 3636 2923 et

1990 2957 2081 3011 dic
2112 2958 2381 3023 Macario,
2416 2958 2568 3027 quod
2605 2974 2716 3011 non
2751 2974 2880 3010 sum
2916 2956 3016 3010 illo
3046 2957 3319 3022 deterior,
3346 2961 3409 3011 ut
3458 2958 3633 3013 bene-

1989 3048 2276 3101 dictiones
2308 3047 2377 3101 ad
2415 3063 2506 3101 me
2528 3046 2908 3100 transmittat.
2933 3050 3199 3116 Cumque
3220 3045 3377 3100 hunc
3397 3048 3524 3117 ejus
3542 3063 3631 3101 er-

1998 3153 2184 3191 rorem
2203 3134 2493 3190 Macarius
2509 3140 2751 3190 sanctus
2778 3134 3243 3205 audisset,atque
3268 3136 3337 3189 ad
3362 3152 3496 3190 eum
3518 3136 3632 3191 alio

1993 3226 2086 3279 die
2108 3224 2296 3279 solatii
2321 3241 2499 3279 causa
2522 3224 2870 3295 consiliique
2895 3224 3169 3290 venisset,
3196 3223 3527 3295 diceretque
3550 3225 3633 3281 ei:

1990 3315 2274 3369 Seductus
2305 3330 2367 3368 cs
2398 3315 2575 3367 frater
2622 3312 2856 3382 Valens,
2904 3312 3137 3383 quiesce
3179 3312 3250 3366 de
3294 3319 3522 3381 caétero,
3570 3330 3637 3369 ac

1991 3403 2304 3457 Dominum
2339 3403 2673 3473 deprecare,
2708 3402 2814 3456 hoc
2840 3402 2887 3457 ei
2912 3402 3262 3473 persuadere
3288 3419 3398 3456 non
3422 3404 3634 3474 potuit.

1990 3496 2216 3545 Etcum
2250 3492 2485 3563 penitus
2517 3493 2588 3545 ab
2616 3507 2680 3545 eo
2712 3508 2824 3545 non
2852 3492 3173 3559 audiretur,
3200 3491 3387 3546 tristis
3412 3493 3477 3546 dc
3508 3492 3637 3561 ejus

1992 3581 2162 3635 ruina
2194 3581 2403 3644 factus,
2438 3580 2744 3635 abscessit.

2063 3681 2270 3735 Certus
2303 3680 2483 3750 igitur
2510 3680 2681 3751 cmpit
2711 3696 2838 3735 esse
2860 3681 2979 3747 jam
3017 3681 3267 3749 daemon,
3293 3683 3446 3753 quod
3476 3683 3550 3737 ita
3578 3693 3643 3738 ut

1995 3769 2119 3841 ipse
2151 3769 2355 3832 voluit,
2390 3767 2637 3823 fallaciis
2670 3769 2797 3838 ejus
2831 3786 2893 3822 ac
2923 3770 3072 3822 dolis
3100 3770 3331 3825 cederet
3377 3771 3589 3827 Valens
3624 3791 3637 3840 ;

1994 3875 2243 3929 moxque
2266 3860 2335 3913 de
2353 3859 2480 3926 ejus
2503 3858 2825 3927 perditione
2846 3858 3232 3921 securus,ista
3248 3859 3639 3914 machinatur.

1996 3949 2058 4003 In
2090 3948 2341 4019 effigiem
2374 3946 2686 4001 Salvatoris
2712 3947 3187 4017 transfiguratus,
3212 3953 3376 4002 nocte
3408 3949 3477 4002 ad
3504 3966 3635 4005 eum

1996 4038 2150 4092 venit
2174 4055 2305 4093 cum
2327 4037 2503 4091 choro
2529 4037 2781 4107 quodam
2811 4035 2969 4090 mille
2992 4035 3081 4105 (ut
3106 4035 3375 4105 fluxerat)
3402 4038 3641 4109 angelo-

1996 4145 2150 4191 rum,
2170 4128 2467 4197 lampades
2488 4142 2765 4181 accensas
2782 4119 3130 4190 tenentium,
3150 4131 3350 4180 etcum
3370 4126 3643 4183 flammea

1998 4222 2143 4283 rota,
2165 4217 2221 4269 in
2247 4234 2361 4287 qua
2383 4215 2733 4269 Salvatorem
2759 4215 2959 4269 sedere
2983 4214 3382 4281 simulaverat,
3431 4232 3641 4287 prisce—

1998 4306 2170 4359 dentc
2217 4322 2331 4359 uno
2380 4321 2446 4359 ex
2477 4304 2644 4375 ipsis,
2695 4304 2860 4371 eique
2920 4302 3032 4357 ista
3083 4304 3356 4358 dicente:
3418 4304 3646 4361 Placuit

1998 4394 2228 4449 Christo
2254 4394 2616 4447 conversatio
2641 4397 2743 4446 tua
2765 4410 2829 4447 ac
2851 4392 3064 4447 fiducia
3089 4393 3407 4463 probabilis
3429 4394 3645 4463 vita3,et

1997 4483 2237 4537 venitad
2268 4488 2342 4551 te,
2366 4481 2707 4536 desiderans
2732 4486 2787 4536 te
2813 4482 3039 4547 videre;
3089 4482 3363 4552 egredere
3408 4483 3584 4553 igitur
3613 4500 3643 4538 e

1999 4572 2140 4628 cella
2174 4577 2295 4639 tua,
2330 4571 2592 4642 nihilque
2625 4570 2778 4624 aliud
2818 4570 3016 4640 iacias,
3049 4571 3158 4624 nisi
3213 4575 3275 4624 ut
3311 4571 3640 4625 venientem

1996 4662 2229 4717 eminus
2261 4677 2525 4727 cernens,
2560 4659 2855 4713 inclinans
2887 4663 2961 4723 te,
2995 4660 3237 4713 adorare
3271 4660 3535 4730 festines,
3560 4662 3644 4716 sic

1996 4751 2271 4821 deinceps
2329 4750 2397 4803 ad
2451 4749 2751 4820 proprium
2802 4748 3202 4802 habitaculum
3274 4766 3641 4805 reversurus.

1999 4842 2282 4912 Egressus
2314 4836 2494 4909 igitur
2524 4854 2552 4892 e
2586 4837 2725 4893 cella
2756 4854 2883 4905 sua,
2918 4838 3277 4909 credensque
3310 4855 3367 4893 se
3409 4856 3644 4894 cernere

1998 4929 2192 4984 divina
2222 4927 2530 4982 ministerii
2566 4926 2817 4981 caelestis
2842 4926 3053 4996 officia,
3078 4933 3405 4995 cunctaque
3425 4926 3647 4998 lampa-

1999 5020 2139 5073 dum
2173 5017 2399 5088 fulgore
2421 5015 2745 5084 rutilantia,
2768 5022 2826 5071 et
2856 5015 3051 5088 ipsum
3077 5015 3508 5070 Antichristum
3531 5033 3645 5071 non

2000 5108 2154 5162 ultra
2188 5107 2362 5161 unius
2397 5106 2653 5177 spatium
2704 5105 2879 5160 stadii
2930 5105 3340 5171 constitutum,
3394 5105 3645 5175 procidit

2002 5213 2222 5268 pronus
2264 5195 2324 5249 in
2376 5200 2618 5263 terram,
2669 5199 2725 5250 et
2774 5210 2908 5249 eum
2955 5210 3129 5266 quem
3166 5193 3349 5249 Deum
3384 5196 3647 5251 crederet

2001 5284 2288 5341 adoravit.

2074 5388 2135 5440 In
2171 5388 2400 5439 tantum
2424 5382 2763 5457 igiturlresa
2785 5399 2949 5437 mens
2976 5383 3103 5452 ejus
3128 5386 3234 5449 est,
3287 5387 3351 5438 ut
3390 5401 3522 5439 cum
3557 5401 3648 5440 se-

2004 5474 2204 5546 quenti
2238 5475 2329 5529 dic
2356 5473 2659 5529 ecclesiam
2695 5472 2905 5527 fuisset
2936 5472 3263 5544 ingressus,
3298 5474 3557 5530 collectis
3588 5476 3647 5530 in

2006 5580 2187 5619 unum
2220 5563 2496 5617 fratribus
2528 5561 2781 5616 diceret:
2816 5561 3072 5632 Egojam
3099 5566 3513 5619 communione
3531 5581 3645 5618 non

2005 5671 2184 5727 egeo;
2217 5652 2512 5707 Christum
2546 5649 2700 5705 enim
2734 5650 2929 5722 ipsum
2961 5652 3079 5705 vidi
3114 5652 3306 5708 hodie.
3342 5655 3505 5707 Tunc
3545 5653 3645 5705 de-

2007 5759 2171 5798 mum
2193 5739 2553 5797 venerabiles
2577 5740 2772 5796 Patres
2797 5740 2999 5798 ferreis
3020 5758 3153 5799 eum
3179 5740 3429 5797 vinculis
3452 5739 3645 5811 illiga-
