4092 6324
224 347 324 403 293
1466 365 1775 423 HERACL]
1794 371 1900 423 1118
1938 371 2363 427 PARADISUS.
3506 381 3615 441 294

226 476 295 529 ab
322 478 546 530 auctore
581 476 925 547 facinorum,
958 484 1112 553 quod
1156 501 1358 543 omnes
1393 492 1627 545 sanctos
1658 491 1857 547 Patres
1889 496 1942 560 Α
1975 495 2365 564 pertinebant,
2405 497 2673 554 hortulos
2719 515 2953 572 quoque
3004 505 3059 557 et
3102 500 3502 560 instrumenta
3532 508 3625 562 di-

225 564 468 619 scientias
499 566 707 621 virtute
757 570 1069 641 praecellat,
1124 590 1225 644 per
1273 593 1449 647 quam
1501 594 1646 634 suus
1678 580 1857 637 hostis
1970 599 2148 637 versae
2176 584 2556 655 supellectilis
2605 589 2953 657 necessaria,
3007 594 3061 645 et
3096 590 3318 663 reliqua
3349 610 3475 665 quae
3508 594 3623 651 hu-

222 654 467 718 eii‘ectus,
515 653 670 710 hanc
718 657 941 713 foveam
995 663 1343 731 perditionis
1396 667 1663 735 incurrit,
1708 687 1859 725 nun-
1972 674 2131 726 mani
2167 690 2309 729 usus
2342 676 2489 730 ratio
2522 676 2807 747 deposcit.

222 760 387 816 quam
418 762 549 799 cum
585 747 804 804 talibus
853 751 989 807 viris
1023 754 1118 824 qui
1173 756 1590 826 gubernaculis
1623 763 1857 833 sapien-
2042 771 2171 825 Ista:
2198 788 2265 825 ex
2287 772 2594 827 dissimilis
2619 776 2745 828 vitae
2769 792 2981 845 genere
3006 778 3159 835 intra
3185 781 3360 836 unius
3389 782 3621 841 habita-

222 835 305 888 tiaa
334 834 658 905 spiritualis
690 838 780 892 usi
832 846 989 907 sunt,
1024 841 1185 913 loqui
1232 846 1531 916 dignatus.
1564 851 1726 905 Unde
1760 869 1856 907 ne-
1968 858 2353 915 cuiiclaustra
2371 861 3626 946 collectae,frequentibussinevicemjurgiis

224 922 432 946 -1--s--_
467 941 526 946 ,Α
568 927 817 946 ..---ἲῘ-μν
976 931 989 946 ι
1173 933 1204 946 .-
1387 937 1407 946 η
1506 938 1518 946 .
1611 939 1668 946 -.ι

219 922 433 995 glectus
465 941 529 978 ac
564 927 884 998 negligens,
921 931 993 984 ad
1035 933 1240 988 mortis
1274 937 1563 1005 profunda
1593 939 1857 1011 dilapsus
1970 948 2589 1019 inquietabantzunde
2612 922 2905 1010 interdum
2932 960 3250 1014 necessitas
3275 922 3629 1033 exigEbattjut

2052 1013 2067 1019 _
3198 1013 3538 1033 η
3569 1013 3624 1019 __

216 1017 313 1079 est,
348 1013 499 1067 sicut
533 1015 707 1070 arbor
735 1017 1007 1073 foliorum
1040 1022 1388 1092 exuberans,
1423 1034 1661 1097 repente
1685 1030 1856 1086 unius
1972 1038 2123 1091 inter
2145 1055 2240 1093 eas
2263 1040 2633 1096 simultatum
2682 1042 2889 1099 talium
2925 1062 3136 1102 causas
3163 1049 3285 1119 ipse
3307 1067 3624 1121 cognosce-

221 1103 489 1156 momenti
525 1108 783 1175 tempore
835 1110 993 1163 nuda
1022 1111 1303 1183 aridaque
1347 1122 1730 1183 monstratur,
1764 1137 1857 1175 se-
1966 1133 2405 1199 ret,pacemque
2428 1133 3077 1205 repararet.Collegerat
3100 1138 3253 1192 enim
3278 1138 3417 1195 illuc
3438 1159 3623 1213 usque

221 1191 455 1213 -.-_j_-_.
501 1193 645 1213 ____J
708 1211 757 1213 ἀμ
803 1195 812 1205 ⁸
868 1210 877 1213 -
1110 1204 1117 1213 ι
1222 1203 1253 1213 Α
1310 1202 1319 1212 ο
1507 1205 1517 1213 ι
1587 1206 1597 1213 .

2086 1191 2102 1199 ,
2308 1191 2325 1199 -
2493 1191 2508 1201 ι
2914 1191 2946 1205 υ
3247 1191 3250 1192 ⁷
3283 1191 3368 1193 “⁷“⁷
3395 1191 3413 1195 '
3443 1191 3621 1213 “'1‘“

216 1191 460 1246 cundum
496 1193 648 1262 quod
702 1195 986 1267 scriptum
1038 1204 1163 1254 est:
1216 1202 1322 1266 Qui
1356 1220 1472 1258 non
1506 1205 1724 1262 habent
1754 1225 1852 1280 gu-
1968 1217 2451 1273 adtrecentarum
2480 1237 2791 1277 numerum
2816 1224 3189 1291 feminarum,
3226 1244 3329 1283 nec
3356 1229 3482 1285 sine
3502 1249 3621 1288 me-

215 1279 542 1347 bernacuia,
577 1284 792 1339 cadunt
826 1284 977 1341 sicut
1008 1288 1145 1343 folia
1177 1290 1364 1361 (Prov.
1397 1294 1495 1363 x1).
1968 1306 2189 1361 diatore
2230 1307 2379 1378 ipso,
2415 1313 2781 1367 conversatio
2820 1329 3021 1369 earum
3068 1320 3293 1386 poterat
3334 1320 3615 1376 ordinari-

816 1420 1047 1477 CAPUT
1086 1423 1228 1479 XVI.
1965 1395 2124 1458 Quod
2156 1413 2288 1451 cum
2313 1398 2437 1467 jam
2475 1416 2574 1469 per
2595 1400 2901 1456 biennium
2928 1404 3159 1475 faceret,
3183 1411 3237 1460 et
3260 1407 3451 1463 adhuc
3472 1426 3620 1480 pene

1216 1464 1429 1570 ξηϋαηα
1966 1484 2090 1554 ipse
2111 1484 2344 1554 juvenis
2368 1488 2939 1563 videretur(triginta
2962 1494 3119 1548 enim
3144 1494 3229 1550 vel
3255 1498 3618 1570 quadragin-

1965 1576 2023 1627 ta
2047 1590 2230 1629 annos
2249 1575 2543 1645 habebat),
2563 1583 2822 1636 tentatus
2837 1586 2921 1636 est
2939 1583 3068 1637 subi
3083 1592 3132 1638 to
3157 1586 3441 1655 corporali
3461 1589 3615 1644 desi-

1965 1662 2124 1717 derio
2139 1663 2479 1735 voluptatis.
2508 1667 2729 1723 Relicto
2756 1671 2948 1740 itaque
2974 1673 3325 1729 monasterio
3350 1676 3488 1730 dum
3515 1694 3619 1749 per

1964 1750 2313 1807 solitudines
2340 1759 2489 1810 totas
2527 1756 2849 1829 biduojugi
2869 1760 3114 1829 jejunus
3134 1768 3369 1832 erraret,
3405 1763 3615 1835 hujus-

1965 1842 2123 1895 modi
2148 1858 2375 1913 precem
2394 1844 2545 1899 fudit
2564 1847 2633 1900 ad
2656 1848 2964 1903 Dominum
2984 1867 2995 1903 :
3014 1850 3616 1925 Domine,inquit,aut

1960 1929 2156 1985 occide
2190 1946 2304 1996 me,
2336 1949 2406 1986 ne
2438 1933 2666 1988 videam
2698 1934 2829 1990 illas
2862 1937 3103 1991 tristitia
3125 1937 3481 2009 laborantes,
3512 1948 3613 1998 aut

1958 2036 1990 2072 a
2021 2035 2113 2073 me
2144 2021 2525 2077 tentatiunem
2560 2022 2737 2093 hujus
2770 2025 3112 2096 cupiditatis
3146 2026 3403 2099 exclude,
3431 2035 3492 2084 ut
3513 2048 3606 2087 ea-

1954 2125 2081 2163 rum
2114 2125 2316 2164 curam
2352 2110 2430 2166 ita
2461 2117 2522 2166 ut
2554 2117 2780 2183 oportet
2811 2119 2912 2168 aut
2942 2117 3211 2171 convenit
3241 2134 3461 2189 geram.

2023 2206 2388 2279 Vespertinis
2419 2209 2615 2281 itaque
2647 2210 2809 2266 horis
2850 2212 3046 2267 subito
3071 2230 3203 2268 eum
3235 2214 3288 2268 in
3313 2216 3604 2273 desiderio

1951 2312 2191 2350 somnus
2220 2300 2531 2368 Oppressit,
2567 2304 2620 2354 et
2646 2304 2760 2355 tres
2787 2318 3031 2356 numero
3055 2302 3294 2374 angelos
3314 2306 3385 2360 ad
3410 2323 3472 2361 se
3504 2324 3600 2362 ve-

1949 2384 2105 2440 nisse
2128 2388 2448 2457 conspexit,
2482 2393 2543 2443 ut
2566 2388 2691 2459 ipse
2723 2390 3029 2445 referebat.
3059 2392 3598 2466 Tenueruntigitur

1947 2490 2103 2544 eum,
2130 2476 2418 2531 dicentes:
2445 2476 2557 2531 Cur
2589 2494 2862 2548 egressus
2888 2496 2949 2533 es
2973 2481 3041 2534 de
3059 2483 3412 2537 monasterio
3437 2484 3598 2539 femi-

1947 2565 2194 2619 narum?
2217 2566 2590 2628 Quibuscum
2618 2567 2711 2623 ille
2744 2570 3279 2641 transmigrationis
3302 2590 3419 2628 suae
3454 2592 3593 2630 cau-

1943 2670 2069 2708 sam
2093 2655 2351 2721 referret,
2377 2662 2432 2711 et
2455 2657 2727 2713 timuisse
2750 2675 2811 2713 se
2844 2659 3081 2727 diceret,
3118 2677 3189 2716 ne
3221 2667 3321 2717 aut
3345 2664 3457 2718 sibi
3491 2669 3592 2720 aut

1942 2742 2056 2798 illis
2081 2749 2348 2813 noceret;
2378 2745 2481 2801 hoc
2506 2746 2587 2800 illi
2608 2748 2679 2801 ad
2708 2747 2818 2803 ista
2837 2750 3194 2819 respondent
3216 2769 3227 2806 :
3246 2752 3498 2824 Siigitur
3519 2755 3591 2810 ab

1941 2832 2737 2907 hujusmoditentationeper
2753 2854 2856 2892 nos
2882 2838 3380 2910 fuerisliberatus,
3400 2844 3586 2911 vadis,

1938 2927 1992 2975 et
2022 2939 2225 2978 rursus
2247 2923 2508 2996 ipsarum
2532 2926 2785 2998 suscipis
2806 2928 3049 2982 curam?
3071 2929 3154 2983 Ad
3181 2932 3329 3000 quod
3361 2948 3492 2987 cum
3518 2931 3585 2986 li-

1935 3010 2255 3068 benterille
2286 3015 2693 3086 acquievisset,
2720 3017 3140 3087 jusjurandum
3181 3020 3251 3074 ab
3287 3037 3353 3075 eo
3377 3020 3585 3092 hujus-

1937 3102 2117 3165 modi,
2143 3102 2296 3157 sicut
2320 3103 2441 3174 ipse
2467 3104 2770 3170 referebat,
2795 3106 3023 3177 exigere
3047 3114 3386 3178 coeperunt:
3417 3110 3579 3179 Jura,

1936 3190 2389 3262 inquientcs,his
2412 3193 2737 3263 verbis,[’er
2757 3211 2889 3249 eum
2916 3194 3015 3266 qui
3037 3196 3205 3251 habet
3223 3214 3424 3253 curam
3445 3199 3580 3269 mei,

2020 3249 2035 3262 ι
2278 3249 2289 3259 ι
2610 3249 2622 3263 ,
2932 3249 2949 3266 ι
3231 3249 3580 3269 _---,

1855 3249 1897 3315 δ
1936 3279 2169 3335 illarum
2195 3298 2393 3336 curam
2440 3282 2778 3337 habiturum
2819 3300 2946 3339 esse
2985 3286 3246 3355 mejuro.
3278 3288 3420 3342 Cum
3446 3305 3581 3360 ergo

1934 3368 1991 3422 in
2017 3369 2135 3423 haec
2161 3369 2277 3425 illis
2297 3373 2912 3441 verbajurasset,tunc
2936 3391 3088 3428 unus
3110 3391 3177 3429 ex
3202 3375 3345 3445 ipsis
3369 3393 3580 3433 manus

1931 3456 2093 3512 illius
2124 3461 2337 3527 tenuit,
2387 3470 2437 3515 et
2472 3460 2615 3516 alter
2637 3462 2832 3533 pedes,
2868 3463 3077 3518 tertius
3105 3469 3295 3520 autem
3347 3471 3576 3537 arrepta

1932 3548 2216 3603 novacula
2240 3549 2405 3605 illum
2433 3551 2793 3607 emasculare
2815 3552 2977 3607 visus
3000 3557 3087 3608 est
3114 3570 3127 3614 ;
3156 3571 3267 3609 non
3293 3557 3445 3626 quod
3475 3573 3576 3627 pro

1928 3653 2060 3691 vero
2090 3637 2197 3692 hoc
2223 3639 2455 3707 faceret,
2483 3642 2580 3695 sed
2608 3642 2759 3711 quod
2788 3642 2973 3697 facere
2993 3643 3305 3698 videretur.
3344 3645 3485 3699 Nam
3514 3645 3572 3699 in

1929 3726 2182 3797 quodam
2205 3732 2440 3797 stupore
2465 3728 2645 3783 animi
2672 3745 2737 3784 eo
2769 3736 3025 3800 tempore
3048 3749 3109 3786 se
3132 3749 3260 3787 esse
3282 3734 3575 3800 credebat,

1927 3819 2097 3883 atque
2130 3814 2235 3869 hac
2260 3817 2549 3871 sentiebat
2596 3834 2655 3872 se
2687 3818 2909 3873 ratione
2942 3826 3231 3874 curatum.
3267 3823 3430 3875 Tunc
3466 3821 3575 3892 igi-

1926 3908 2021 3958 tur
2052 3905 2243 3977 angeli
2276 3906 2638 3979 interrogant
2669 3925 2826 3978 eum,
2864 3927 2935 3963 an
2961 3910 3180 3980 aliquid
3217 3911 3325 3965 sibi
3353 3912 3568 3965 factum

1923 4010 2097 4050 suum
2128 3997 2418 4066 profuisse
2441 3999 2745 4053 sensisset.
2782 3998 2880 4053 Ille
2904 4000 3225 4070 respondit,
3250 3999 3571 4054 Vehemen-

1922 4090 2027 4151 ter,
2056 4086 2345 4157 inquiens,
2367 4087 2655 4160 intelligo,
2680 4106 2827 4145 onus
2847 4090 3139 4159 quoddam
3161 4090 3303 4144 mihi
3323 4106 3449 4144 esse
3472 4107 3566 4144 su-

1922 4173 2143 4230 blatum
2171 4196 2183 4244 ;
2212 4182 2266 4231 et
2287 4178 2433 4231 satis
2457 4179 2626 4233 credo
2652 4180 2810 4233 omni
2844 4196 3019 4251 quam
3055 4179 3441 4234 formidabam
3473 4196 3566 4235 me

1922 4264 2189 4319 molestia
2218 4266 2554 4323 liberatum.
2598 4268 2809 4323 Dicunt
2833 4268 2884 4324 ei
2910 4284 2921 4324 :
2947 4270 3095 4339 Ergo
3125 4286 3279 4324 nunc
3313 4270 3457 4324 vade
3489 4270 3561 4324 ad

1917 4355 2337 4409 monasterium
2372 4360 2560 4409 tuum.

1985 4451 2091 4513 Qui
2114 4457 2245 4523 post
2270 4453 2533 4523 quinque
2557 4470 2860 4525 regressus
2881 4455 3457 4528 dies,ingressusque
3480 4456 3562 4511 lu-

756 4516 988 4615 QAPUT:
1030 4518 1206 4576 XVII.
1910 4516 2172 4611 gentium
2200 4516 3330 4615 mo-nasteriumvfeminarum,inueodem
3356 4516 3563 4601 exinde

516 4603 645 4657 Vz'ta
677 4604 890 4660 abbatis
922 4607 1055 4662 Εἰίεε
1086 4618 1138 4664 ει
1170 4611 1443 4667 Dorothei.

1944 4647 2036 4685 sco
2060 4631 2276 4687 mansit
2296 4633 2351 4686 in
2371 4632 2514 4688 cella
2535 4650 2601 4689 ex
2624 4634 2861 4706 obliquo
2886 4603 3206 4690 habitaculi
3231 4635 3391 4691 illius
3412 4635 3561 4707 posi-

232 4703 371 4761 Elias
389 4707 629 4779 quidam
648 4711 1238 4778 nomine,mouachus
1254 4718 1512 4789 optimus
1527 4738 1798 4793 magnam
1912 4724 1988 4787 ta,
2015 4719 2071 4773 in
2098 4737 2214 4790 qua
2236 4738 2367 4775 cum
2397 4723 2579 4793 magis
2606 4724 2747 4793 ipsis
2772 4724 3075 4795 proximus
3099 4724 3417 4793 videretur,
3444 4725 3559 4779 fre-

174 4787 355 4849 habuit
385 4796 858 4855 consideratione
881 4817 1057 4859 sexus
1082 4787 1660 4866 inﬁrmi—devotarum
1684 4813 1800 4870 Deo

1944 4812 2223 4879 quentibus
2240 4828 2337 4866 eas
2356 4817 2639 4883 quantum
2665 4812 2721 4867 in
2740 4813 2867 4885 ipso
2888 4818 3029 4879 erat,
3047 4814 3555 4868 emendationibus

172 4881 442 4952 Virginum
476 4903 680 4943 curam
709 4890 983 4960 (Pallad.,
1016 4910 1138 4962 cap.
1162 4897 1275 4966 35).
1298 4901 1445 4952 Sunt
1467 4899 1620 4953 enim
1657 4902 1800 4958 tales
1912 4899 2251 4969 corrigebat.
2286 4881 2439 4955 Viait
2489 4906 2678 4957 autem
2731 4881 2874 4957 alios
2919 4902 3310 4974 quadraginta
3344 4918 3551 4969 annos,

172 4976 540 5038 quorumdam
559 4978 1046 5051 animae,quarum
1066 4986 1439 5056 prapositum
1459 4987 1647 5044 ultimi
1666 4990 1799 5047 ﬁnis
1911 4990 2129 5043 sanctis
2152 4989 2421 5045 Patribus
2446 5008 2785 5047 asseverans
2808 4992 2962 5063 quod
2988 5008 3287 5062 nunquam
3316 4990 3466 5044 ultra
3496 4990 3553 5044 in

172 5061 486 5119 testimonio
510 5068 950 5137 comprobatur.
987 5070 1091 5133 Qui
1116 5090 1311 5129 amore
1333 5074 1569 5130 virtutis
1603 5094 1801 5134 accen-
1909 5093 2007 5131 cor
2030 5078 2216 5148 ipsius
2239 5080 2510 5150 cogitatio
2534 5080 2667 5134 talis
2688 5081 3034 5136 ascenderit.
3060 5086 3222 5135 Hanc
3257 5096 3391 5151 ergo
3419 5080 3554 5134 bea-

170 5163 274 5218 sus,
303 5155 357 5205 et
380 5153 617 5208 feminei
667 5172 844 5211 sexus
886 5159 1280 5233 miseratione,
1314 5163 1371 5218 in
1395 5180 1460 5219 ea
1481 5166 1634 5221 962
1669 5184 1800 5238 quis
1910 5172 2003 5221 tus
2038 5166 2134 5221 ille
2177 5168 2325 5222 Elius
2370 5168 2465 5224 Dei
2505 5170 2752 5240 gratiam
2804 5170 3041 5240 meruit,
3094 5174 3156 5223 ut
3205 5168 3288 5223 sic
3320 5168 3556 5240 propria

168 5240 374 5296 Atravis
398 5242 1183 5317 [Pallad.,Athribe]civitate
1203 5252 1513 5321 dicitur,ex
1533 5257 1797 5325 pecuniis
1909 5273 2050 5310 cura
2083 5257 2364 5313 muliebre
2393 5260 2812 5315 monasterium
2846 5260 3217 5331 gubernaret.

169 5338 278 5393 qua:
300 5329 408 5401 ipsi
432 5334 915 5407 suppeditabant,
940 5342 1362 5397 monasterium
1392 5343 1649 5400 immane
1668 5364 1798 5403 con-
1978 5352 2125 5407 Huic
2152 5355 2413 5409 succedit
2462 5355 2785 5410 Dorotheus
2817 5356 2902 5409 vir
2933 5356 3329 5425 beatissimus,
3364 5356 3461 5428 qui
3490 5356 3549 5410 in

168 5417 372 5473 struxit.
406 5421 487 5474 Ad
506 5422 888 5492 quemlocum
916 5426 1374 5501 plurimas(quaa
1401 5434 1593 5504 vagari
1618 5441 1675 5489 et
1707 5452 1795 5490 er-
1910 5442 2167 5497 moribus
2200 5442 2512 5499 laudabilis
2544 5444 2668 5497 vita:
2711 5444 3038 5514 consenuit,
3071 5462 3184 5500 non
3218 5445 3456 5517 quidem
3490 5445 3544 5499 in

168 5516 278 5557 rare
300 5513 745 5581 consueverant)
792 5513 1039 5572 feminas
1075 5522 1467 5592 congregavit,
1505 5524 1798 5581 omnium-
1908 5532 2404 5603 monasterioipso
2430 5533 2510 5588 ita
2532 5534 2854 5588 conversari
2878 5534 3547 5606 prazvalensutprior,in

168 5604 285 5661 quc,
318 5604 487 5666 prout
518 5601 833 5656 necessitas
876 5605 1251 5675 postulasset,
1284 5625 1484 5665 curam
1512 5614 1751 5683 gerebat
1779 5631 1791 5669 :
1905 5620 2203 5691 superiore
2224 5601 2415 5677 tamen
2435 5638 2497 5677 se
2521 5622 2777 5677 condidit
2800 5601 3081 5695 cel-iambi
3106 5601 3547 5681 unam—fecitfe-

167 5682 366 5748 quibus
410 5694 616 5744 cuncta
668 5692 1021 5761 praestiterat
1069 5712 1195 5768 quae
1244 5698 1314 5753 ad
1356 5700 1483 5755 vitae
1517 5682 1793 5761 Solatium
1904 5714 2163 5767 uestram
2188 5728 2255 5767 ex
2279 5728 2390 5782 qua
2420 5711 2798 5784 contemplari
2835 5714 3084 5772 feminas
3114 5716 3171 5771 in
3200 5711 3545 5771 monasterio

604 1508 675 1563 De
702 1508 920 1580 virgine
956 1514 1449 1585 Jerosolymz’tana.

272 1612 553 1669 Noveram
584 1614 870 1687 virginem
896 1619 1210 1688 quamdam
1233 1622 1301 1677 de
1324 1623 1683 1697 Jerosolyma
1706 1628 1854 1698 (Pal-

214 1701 331 1770 Iap.,
362 1718 491 1769 cap.
546 1704 660 1774 34),
718 1704 906 1761 cilicio
952 1709 1246 1779 vestitam,
1301 1717 1356 1767 et
1404 1730 1508 1783 per
1538 1731 1635 1769 sex
1667 1710 1852 1775 annos

210 1806 422 1861 semper
453 1792 777 1860 inclusam,
828 1795 1097 1867 nihilque
1129 1799 1257 1869 ejus
1300 1803 1451 1871 quod
1486 1803 1849 1877 voluptatem

209 1877 445 1948 aliquam
506 1888 703 1952 posset
759 1882 1031 1939 exhibere
1084 1892 1418 1956 gustantem
1465 1912 1478 1959 ;
1540 1875 1716 1964 quam
1778 1899 1847 1953 ad
1880 1875 1926 1940 Β

204 1973 559 2038 postremum
616 1970 809 2027 divino
869 1972 1085 2030 auxilio
1146 1978 1510 2051 destitutam,
1572 1989 1687 2038 tam
1736 1985 1846 2041 im-

208 2072 402 2111 mensa
436 2061 735 2130 superbia:
768 2064 1010 2117 morbus
1041 2064 1272 2134 invasit,
1315 2072 1379 2122 ut
1405 2068 1577 2126 talem
1612 2074 1842 2131 ruinam

204 2146 415 2217 qualem
458 2148 740 2219 dicimus,
772 2154 1112 2209 sustineret.

259 2238 501 2309 Aperuit
531 2241 687 2295 enim
724 2244 919 2299 subito
952 2244 1265 2302 fenestram
1302 2248 1521 2305 cellula:
1548 2269 1687 2320 suae,
1715 2272 1842 2311 sus-

203 2328 451 2399 cepitque
488 2346 622 2385 eum
674 2332 771 2401 qui
825 2345 1202 2391 consueverat
1252 2338 1303 2392 ei
1350 2340 1481 2395 vita:
1509 2346 1840 2402 necessaria

162 2466 165 2467 ,
204 2416 548 2484 ministrare,
586 2436 719 2475 cum
752 2438 819 2475 eo
871 2425 1289 2482 concumbens.
1325 2428 1440 2482 Hoc
1485 2435 1679 2487 autem
1714 2451 1835 2489 ma-

195 2504 298 2562 lum
344 2509 482 2564 inde
529 2511 858 2583 descendit,
911 2516 1061 2585 quod
1122 2533 1235 2571 non
1288 2521 1614 2575 secundum
1658 2524 1835 2595 spiri-

198 2596 329 2651 tuale
360 2600 759 2669 propositum,
794 2618 899 2657 nec
950 2609 1185 2674 propter
1226 2606 1593 2663 dilectionem
1627 2611 1727 2667 Dei
1761 2614 1831 2668 ad

197 2686 588 2743 monachicam
624 2694 860 2745 venerat
899 2692 1074 2746 vitam
1104 2712 1116 2761 ;
1165 2695 1263 2749 sed
1300 2696 1569 2752 humana:
1602 2702 1829 2757 vanita-

194 2774 255 2827 tis
276 2774 571 2845 illecebra,
608 2794 734 2848 ques
762 2796 829 2833 ex
860 2778 1052 2836 inanis
1084 2783 1284 2853 gloriae
1316 2786 1633 2856 cupiditate
1662 2806 1833 2861 gene-

192 2867 355 2929 ratur,
386 2873 443 2920 et
479 2882 586 2936 per
618 2867 913 2924 infirmam
946 2876 1123 2940 atque
1154 2871 1491 2929 instabilem
1526 2878 1707 2933 animi
1731 2897 1830 2935 vo-

190 2950 478 3007 luntatem.
510 2954 659 3008 Dum
688 2957 843 3011 enim
878 2959 1261 3025 cogitationes
1295 2979 1433 3017 suas
1467 2982 1669 3021 omnes
1694 2968 1825 3025 alie-

192 3055 262 3092 nre
314 3041 438 3095 vita:
521 3043 823 3100 maledicis
882 3048 1436 3118 reprehensionibus
1493 3064 1824 3128 occuparet,

191 3127 512 3185 discedente
544 3133 615 3186 ab
649 3149 715 3187 ea
767 3135 971 3206 angelo
1024 3140 1371 3211 sanctitatis,
1426 3143 1651 3199 nullum
1695 3127 1824 3202 orn-

191 3217 307 3272 nino
338 3221 646 3275 custodem
684 3225 929 3295 propriae
962 3225 1277 3297 reliquerat
1310 3231 1615 3288 castitatis.

250 3306 465 3363 Idcirco
520 3314 715 3364 autem
772 3317 1081 3384 utramque
1130 3314 1309 3373 vitam
1344 3319 1821 3391 religiosissimo-

190 3411 301 3449 rum
334 3397 677 3467 hominum,
709 3405 766 3455 et
814 3418 1012 3457 eorum
1048 3405 1147 3474 qui
1195 3423 1297 3477 per
1328 3409 1656 3480 neglectum
1692 3420 1823 3485 post

189 3481 395 3541 labores
428 3488 809 3558 immodicos,
863 3496 917 3545 et
962 3497 1291 3565 temporum
1334 3500 1523 3570 spatia
1555 3501 1624 3556 de
1658 3481 1820 3559 sum-

191 3587 269 3626 mo
300 3575 535 3647 fastigio
563 3578 894 3633 ceciderunt
944 3582 1355 3654 describimus,
1400 3593 1464 3641 ut
1497 3592 1818 3662 unusquis-

188 3677 283 3731 que
312 3681 373 3718 ex
407 3682 525 3720 sua
556 3671 993 3725 conversatione
1027 3671 1272 3729 insidias
1304 3676 1526 3732 inimici
1559 3682 1820 3737 conside-

187 3765 322 3821 rans,
375 3754 643 3809 occultos
695 3758 822 3826 ejus
871 3757 1109 3829 laqueos
1160 3765 1345 3833 possit
1394 3768 1653 3824 evadere.
1706 3771 1813 3827 Sed

183 3855 293 3894 cum
321 3842 438 3897 sint
464 3859 814 3915 magnorum
840 3848 1087 3903 virorum
1116 3851 1585 3928 feminarumque
1608 3875 1816 3929 quam-

184 3928 412 3999 plurimi,
443 3933 549 4004 qui
583 3935 1111 3994 abrenuntiationis
1139 3957 1256 3996 sum
1292 3945 1578 4018 principia
1600 3928 1815 4007 virtute

180 4030 536 4091 peregerunt,
571 4023 781 4079 deinde
813 4027 882 4080 ab
932 4027 1097 4084 hoste
1129 4038 1473 4089 cunctorum
1504 4036 1808 4095 hominum

179 4110 430 4165 auntelisi
450 4131 464 4179 ;
487 4112 614 4166 ideo
629 4129 695 4167 ex
714 4113 1260 4189 pluribus,quorum
1282 4122 1455 4178 etiam
1475 4126 1601 4180 vitae
1618 4130 1811 4186 socius

178 4197 370 4267 exstiti,
405 4218 631 4271 paucos
662 4219 963 4274 enumero,
991 4208 1129 4277 quia
1162 4226 1349 4281 neque
1383 4213 1512 4269 illos
1542 4218 1609 4270 ad
1638 4219 1809 4275 fortia

173 4284 275 4351 jam
304 4305 579 4346 revocare
630 4292 898 4360 ulterius,
951 4312 1056 4351 nec
1098 4299 1239 4353 mihi
1282 4303 1559 4371 prodesse
1590 4323 1807 4377 praeva-

177 4372 268 4441 leo,
297 4394 547 4450 magnos
578 4379 793 4437 Christi
818 4383 1070 4441 athletas
1102 4386 1375 4461 laudans,
1408 4409 1511 4446 nec
1543 4372 1802 4453 imitans.
