4092 6324
520 349 628 405 295

519 492 625 531 suo
658 478 873 549 posset.
906 477 1090 541 Quam
1128 476 1442 531 fenestram
1475 478 1532 529 et
1561 474 1834 530 claudere
1857 477 1914 529 et
1941 472 2169 544 aperire
2198 473 2254 539 Α

521 570 922 634 consueverat,
945 564 1039 619 cui
1061 568 1117 619 et
1133 564 1353 635 jugiter
1372 563 1693 627 assidebat,
1720 563 1790 617 ad
1812 562 2175 617 unanimita-

523 659 639 710 tem
667 670 981 725 pacemque
1005 670 1233 709 sorores
1257 652 1843 723 erudiens.Itaquein
1871 652 2174 723 superiore

522 744 625 799 illa
648 743 984 799 monasterii
1008 748 1168 814 parte
1192 742 1661 809 consenuit,eum
1688 758 1873 813 neque
1898 741 2173 796 mulieres

521 835 591 887 ad
627 834 818 903 ipsum
852 833 1183 897 ascendere,
1220 847 1406 902 neque
1438 832 1563 902 ipse
1595 831 1946 886 descendere
1977 834 2175 902 posset

522 924 592 978 ad
626 940 745 987 cas,
779 923 918 992 quia
953 937 1056 977 nec
1087 920 1255 976 scalae
1298 921 1416 975 illic
1450 938 1712 991 unquam
1752 921 1951 992 positae
1985 924 2169 987 erant,

522 1028 625 1083 per
648 1028 795 1082 quas
819 1010 1161 1081 bujusmodi
1185 1011 1459 1080 cuiquam
1488 1014 1712 1081 pateret
1730 1027 2021 1065 accessus.
2043 1010 2173 1065 Haec

518 1105 610 1155 est
644 1100 795 1155 beati
828 1100 1103 1155 Dorothei
1136 1100 1193 1153 in
1229 1099 1594 1154 abstinentia:
1626 1100 1840 1155 virtute
1872 1098 2170 1171 perfectio,

516 1194 573 1245 et
604 1190 740 1245 finis
772 1189 1139 1259 bujusmodi.

1108 1304 1342 1360 CAPUT
1380 1304 1581 1359 XVIII.

978 1394 1101 1450 Vita
1132 1396 1416 1449 Piumom's
1458 1394 1712 1463 virginis.

587 1494 824 1548 Piamon
858 1492 1095 1548 nomine
1144 1493 1306 1565 virgo
1348 1493 1615 1562 quaedam
1660 1491 1769 1545 fuit
1800 1508 1927 1563 quae
1960 1507 2168 1547 omnes

515 1583 703 1638 aetatis
736 1600 851 1638 sua:
881 1600 1064 1637 annos
1105 1599 1237 1636 cum
1282 1587 1466 1637 matre
1503 1598 1612 1636 sua
1645 1580 1804 1647 vixit,
1834 1580 2056 1651 jugiter
2088 1582 2168 1633 fa-

517 1675 676 1728 ciens
700 1691 847 1744 opus
879 1673 1004 1738 lini,
1038 1679 1093 1727 et
1126 1677 1256 1744 post
1286 1672 1536 1727 alterum
1572 1688 1804 1743 semper
1836 1673 1986 1725 diem
2015 1671 2169 1725 circa

514 1780 813 1834 vesperam
849 1764 1045 1817 cibum
1081 1778 1319 1817 sumens
1361 1761 1643 1833 (Pallad,
1673 1778 1791 1831 cap.
1825 1762 1935 1829 37).
1973 1761 2101 1815 Haec
2134 1776 2166 1813 a

1668 352 2033 407 APPENDIX
2071 351 2171 403 AD
2206 346 2424 405 VITAS
2462 351 2777 405 PATRUM.
3795 359 3889 415 296

2901 474 3132 533 CAPUT
3174 476 3313 532 XIX.

2741 572 2854 629 Vita
2885 575 3104 630 abbatis
3135 575 3439 631 Pachomz’i.

2349 689 2751 747 Tabennensis
2778 692 3036 761 nomine,
3069 692 3124 745 in
3142 691 3433 747 Thebaide
3461 693 3744 762 provincia
3768 695 3894 751 dici-

2277 782 2373 834 tur
2398 780 2580 845 locus,
2615 781 2672 834 in
2704 798 2818 852 quo
2849 781 3203 837 Pachomius
3239 781 3474 851 quidam
3510 782 3615 836 fuit
3645 783 3895 853 (Pallad,

2275 870 2535 939 €011.38},
2563 871 2651 923 vir
2682 872 2879 941 justus
2910 872 2967 926 in
3004 876 3258 937 tantum,
3294 878 3359 925 ut
3390 888 3488 942 per
3513 872 3754 926 divinam
3787 890 3895 943 gra-

2278 961 2419 1012 tiam
2454 960 2608 1014 963
2644 966 2842 1015 nosset
2876 962 3090 1026 futura,
3118 965 3172 1014 et
3204 959 3466 1031 angelica
3497 962 3663 1015 etiam
3696 962 3899 1018 visione

2279 1048 2588 1103 frueretur.
2615 1049 2717 1103 Hic
2743 1051 2811 1104 ad
2835 1050 3154 1120 perfectum
3186 1048 3512 1104 misericors
3540 1055 3593 1103 et
3624 1051 3899 1107 humanus

2278 1137 2407 1207 fuit,
2436 1143 2492 1192 et
2524 1138 2920 1193 inaestimabili
2944 1139 3149 1194 fratres
3167 1154 3364 1194 amore
3383 1138 3599 1194 dilexit.
3634 1142 3706 1193 Ad
3741 1157 3897 1211 quem

2276 1227 2334 1282 in
2360 1228 2642 1299 spelunca
2671 1230 2968 1284 sedentem
3001 1229 3243 1300 angelus
3273 1228 3499 1284 Domini
3519 1231 3691 1296 venit,
3719 1232 3901 1286 dicens

2276 1318 2363 1373 ei:
2402 1322 2508 1372 Per
2534 1318 2731 1373 omnia
2763 1334 2889 1388 quae
2922 1318 2991 1372 ad
3027 1318 3389 1389 propositum
3422 1323 3585 1373 tuum
3607 1320 3898 1389 pertinent,

2276 1408 2429 1462 scias
2446 1412 2498 1462 te
2511 1424 2639 1462 esse
2658 1409 2974 1479 perfectum
3000 1432 3014 1474 ;
3037 1407 3327 1475 undejam
3350 1407 3407 1462 in
3431 1407 3706 1479 spelunca
3720 1424 3902 1479 super-

2278 1497 2393 1552 fluo
2420 1498 2611 1565 sedes,
2642 1497 2772 1552 veni
2816 1497 3016 1567 igitur,
3049 1502 3107 1552 et
3153 1496 3355 1551 relicto
3386 1497 3493 1551 hoc
3538 1496 3680 1565 loco,
3712 1496 3899 1568 collige

2276 1603 2479 1641 omnes
2513 1586 2831 1641 monachos
2856 1587 3148 1656 juniores,
3178 1590 3233 1640 et
3274 1602 3401 1640 cum
3438 1587 3583 1657 ipsis
3613 1586 3821 1653 habita,
3850 1591 3900 1640 et

2275 1676 2555 1745 eosjuxta
2575 1673 2833 1741 regulam
2858 1674 3009 1737 vitaz,
3041 1690 3211 1743 quam
3237 1691 3267 1727 a
3288 1690 3378 1728 me
3411 1674 3623 1739 disces,
3655 1674 3893 1728 institue.

2273 1762 2527 1817 Tabulas
2552 1770 2742 1816 autem
2779 1762 2863 1816 illi
2899 1779 3090 1817 aeneas
3123 1763 3372 1828 dedit,in
3399 1763 3613 1833 quibus
3632 1765 3891 1834 scriptum

512 1854 627 1908 Deo
656 1853 866 1907 meruit
890 1853 1148 1922 accipere
1173 1851 1477 1906 scientiam
1508 1851 2005 1907 futurorum.Nam
2030 1867 2161 1904 cum
2194 1843 2243 1908 Β
2275 1858 2427 1907 erat:
2463 1852 2772 1907 Permittes
2805 1852 3115 1923 unicuique
3146 1858 3208 1907 ut
3237 1857 3468 1907 tantum
3502 1858 3773 1925 quantum
3808 1870 3898 1923 po-

511 1943 661 2013 apud
698 1947 1008 2013 Egyptum
1052 1941 1346 2010 quondam
1382 1941 1437 1993 in
1472 1957 1717 1994 ascensu
1754 1940 2017 1994 fluminis
2048 1940 2162 1994 Nili

514 2038 717 2086 contra
739 2031 846 2084 vici
882 2030 1058 2084 unius
1090 2029 1375 2083 excidium
1406 2030 1566 2083 vicus
1601 2029 1745 2083 alter
1770 2030 1990 2083 veniret
2014 2034 2163 2091 (cum

511 2120 716 2189 grandi
734 2120 887 2174 enim
911 2117 1231 2172 certamine
1249 2118 1585 2187 partiuntur
1611 2117 1969 2187 irrigationis
1992 2117 2165 2185 vices,

512 2226 701 2279 usque
726 2210 867 2262 adeo
894 2212 956 2261 ut
976 2211 1033 2261 et
1065 2208 1133 2261 ad
1161 2207 1405 2261 vulnera
1427 2224 1533 2261 sua
1563 2212 1897 2278 mortesque
1925 2209 2169 2262 descen-

511 2298 698 2369 dant).
733 2302 874 2352 Cum
910 2297 1093 2369 igitur
1123 2297 1329 2351 fortior
1359 2295 1613 2367 populus
1646 2297 1711 2350 ad
1738 2296 2031 2351 inferioris
2053 2297 2163 2351 vici

510 2388 801 2456 homines,
828 2387 882 2440 in
908 2404 1019 2456 quo
1048 2390 1175 2441 erat
1200 2386 1333 2453 ista,
1357 2385 1633 2451 venisset,
1660 2401 2021 2457 numeroque
2046 2402 2166 2441 suae

510 2476 914 2531 multitudinis
930 2476 1203 2543 fidens,et
1220 2480 1336 2529 tam
1366 2473 1910 2544 militaribusquam
1930 2474 2165 2530 rusticis

502 2568 686 2622 armis
709 2566 1139 2634 instructus,ad
1166 2564 1526 2619 eversionem
1554 2564 1907 2633 supradictae
1932 2580 2161 2634 posses-

501 2656 686 2711 sionis
710 2656 1033 2721 accederet,
1062 2654 1249 2709 astitit
1271 2654 1318 2707 ei
1354 2652 1597 2723 angelus
1622 2654 1937 2706 adventum
1965 2652 2159 2706 inimi-

501 2762 700 2799 corum
723 2745 1212 2814 nuntians,quem
1241 2741 1437 2796 nullus
1460 2742 1577 2795 illic
1604 2741 2156 2811 poteratsuspicari.

503 2835 666 2889 Tunc
688 2836 850 2903 virgo
882 2837 1208 2887 memorata
1256 2831 1364 2885 vici
1391 2831 1762 2902 presbyteros
1794 2830 2157 2896 convocavit,

502 2925 613 2978 hoc
632 2924 834 2978 dicens
862 2940 873 2976 :
900 2922 1064 2976 Exite
1091 2925 1145 2975 et
1167 2921 1453 2975 occurrite
1482 2920 1553 2973 iis
1582 2920 1682 2989 qui
1711 2922 1782 2974 de
1804 2920 1926 2974 vico
1956 2920 2053 2974 illo
2087 2922 2154 2973 ad

500 3012 959 3067 internecionem
986 3015 1237 3065 vestram
1262 3009 1458 3064 venire
1486 3010 1857 3075 festinant,ae
1882 3026 1949 3063 ne
1969 3026 2083 3063 una
2100 3014 2159 3063 et

500 3102 613 3173 ipsi
639 3119 771 3157 cum
798 3100 1025 3155 cellulis
1046 3100 1255 3155 vestris
1276 3099 1425 3153 ccede
1449 3098 1723 3170 pereatis,
1759 3098 2153 3169 deprecamini

503 3209 623 3253 eos,
662 3196 721 3246 ut
754 3193 824 3245 ab
858 3195 1139 3262 apparatu
1176 3188 1512 3244 certaminis
1548 3188 1727 3257 hujus
1761 3189 2055 3243 recedant.

567 3285 831 3345 Cumque
856 3280 1174 3352 presbyteri
1194 3279 1511 3332 admodum
1528 3279 1594 3333 ad
1613 3278 1734 3332 haec
1755 3277 1909 3332 dicta
1925 3277 2153 3331 timuis-

498 3375 651 3435 sent,
684 3370 849 3440 proni
885 3370 951 3423 ad
998 3370 1172 3439 pedes
1203 3369 1440 3428 cadunt,
1476 3373 1747 3437 rogantes
1787 3383 1938 3429 eam,
1976 3373 2151 3437 atque

494 3459 795 3513 dicentes:
830 3457 976 3520 Quia
1028 3473 1135 3511 nos
1190 3473 1303 3510 non
1359 3456 1642 3509 audemus
1688 3455 1772 3509 cis
1805 3472 2145 3522 occurrere;

497 3548 721 3603 scimus
745 3548 900 3601 enim
923 3551 978 3600 et
1006 3546 1319 3601 ebrietates
1352 3562 1574 3612 eorum,
1609 3549 1665 3599 et
1694 3545 1997 3600 audaciam
2033 3563 2149 3599 non

493 3638 817 3693 ferendam.
844 3637 951 3691 Sed
981 3638 1130 3690 adde
1163 3636 1272 3690 hoc
1305 3651 1559 3706 quoque,
1585 3635 1886 3705 inquiunt,
1914 3636 2149 3691 miseri-

493 3726 701 3782 cordia:
728 3731 1050 3797 tumsupra
1073 3740 1305 3779 omnem
1334 3725 1488 3778 hunc
1513 3725 1609 3795 qui
1639 3724 2068 3792 tremitvieum,
2094 3729 2151 3779 et

491 3833 670 3887 super
712 3816 887 3870 istam
927 3832 1163 3886 quoque
1199 3815 1615 3868 domunculam
1654 3821 1836 3879 tuam,
1873 3819 1928 3868 et
1959 3814 2149 3885 magis

491 3907 619 3975 ipsa
654 3906 1000 3977 progredere
1034 3909 1209 3975 atque
1242 3919 1481 3958 occurre
1502 3903 1897 3967 venientibus,
1924 3902 2147 3958 locum-

492 4012 605 4066 que
638 3996 815 4050 istum
854 3995 1030 4048 redde
1077 3998 1372 4063 pacatum.
1428 3997 1498 4045 At
1545 3991 1644 4045 illa
1677 3991 1785 4044 hoc
1818 3992 2053 4062 quidem
2090 4008 2149 4046 se

494 4086 783 4139 facturam
829 4083 1099 4153 negavit;
1133 4081 1396 4136 ascendit
1425 4085 1621 4135 tamen
1659 4080 1927 4149 protinus
1976 4098 2147 4150 supe-

492 4176 645 4229 riora
670 4175 879 4228 domus
915 4172 1256 4242 propriae,et
1288 4175 1409 4225 tota
1441 4168 1557 4223 illic
1591 4174 1757 4223 nocte
1790 4170 1846 4223 in
1873 4172 2151 4225 continua

490 4264 751 4319 oratione
785 4260 1129 4328 permansit,
1161 4276 1230 4313 ne
1264 4275 1453 4331 genua
1495 4258 1735 4328 quidem
1771 4257 2031 4325 ﬂectens,
2064 4265 2148 4313 at-

488 4369 600 4423 que
632 4351 739 4406 has
777 4350 1021 4404 Domino
1068 4366 1267 4420 preces
1315 4348 1571 4403 effudit:
1619 4348 1863 4402 Domine
1907 4348 2148 4421 (inquit)

486 4443 771 4513 Deus,qui
808 4457 1042 4495 omnem
1078 4438 1677 4511 judicasterram,cui
1712 4438 1857 4492 nihil
1883 4456 2144 4509 unquam

488 4532 678 4604 placet
706 4532 1023 4601 injustum,
1055 4530 1336 4584 ascendat
1367 4528 1436 4581 ad
1469 4532 1523 4581 te
1556 4528 1741 4581 oratio
1775 4543 1924 4595 mea,
1959 4533 2015 4582 et
2047 4531 2147 4583 ad-

484 4624 678 4677 veniat
713 4622 903 4675 virtus
934 4624 1059 4683 tua,
1093 4636 1220 4689 quae
1253 4617 1312 4671 in
1345 4617 1635 4671 excidium
1672 4621 1937 4671 nostrum
1974 4634 2145 4672 ruen-

488 4715 576 4765 tes
610 4712 665 4764 in
701 4726 767 4765 eo
802 4708 949 4779 ipso,
996 4709 1055 4763 in
1103 4724 1217 4778 quo
1262 4706 1381 4761 illis
1428 4706 1748 4760 occurrerit
1786 4705 1931 4772 loco,
1966 4707 2146 4762 veluti

482 4800 783 4856 clavorum
818 4797 1088 4853 aﬂixione
1117 4797 1379 4851 conﬁxos
1412 4795 1732 4849 contineat.

556 4889 673 4943 Hoc
707 4904 844 4957 ergo
878 4902 1169 4953 sermone,
1191 4885 1378 4940 ethac
1405 4885 1665 4939 oratione
1696 4884 2006 4953 completa,
2040 4884 2143 4940 ho-

481 4982 601 5033 stes
624 4993 827 5033 eorum
856 4976 912 5029 in
939 4975 1249 5043 tertiojam
1277 4973 1389 5027 vici
1419 4972 1611 5042 lapide
1635 4972 1959 5037 constituti,
1990 4973 2145 5029 circa

480 5068 732 5138 primam
757 5066 963 5121 horam
988 5064 1100 5119 diei
1131 5063 1212 5117 ita
1236 5063 1295 5117 in
1332 5066 1652 5116 memorato
1677 5060 1969 5116 haeserunt
1995 5062 2141 5134 loco,

480 5160 544 5210 ut
569 5173 812 5227 prorsus
848 5154 1067 5209 moveri
1098 5152 1234 5207 inde
1268 5168 1381 5207 non
1418 5154 1678 5221 possent.
1712 5154 1831 5204 Hoc
1857 5155 2051 5205 autem
2088 5158 2143 5208 et

482 5244 631 5315 ipsis
680 5243 1031 5298 revelatione
1066 5243 1418 5313 patefactum
1462 5243 1571 5303 est,
1606 5240 1757 5309 quod
1812 5239 2142 5297 molitiones

484 5350 688 5387 eorum
726 5332 1023 5387 orationes
1069 5333 1404 5385 memoratae
1436 5328 1681 5399 virginis
1728 5326 2138 5397 impedissent.

487 5422 619 5478 Mox
664 5423 864 5491 itaque
908 5421 1268 5491 quibusdam
1314 5419 1385 5472 de
1430 5418 1556 5472 suis
1602 5416 1671 5469 ad
1723 5415 1916 5471 vicum
1953 5420 2139 5490 ipsius

486 5510 709 5579 missis,
746 5510 1047 5581 postulant
1078 5526 1305 5581 pacem,
1341 5509 1454 5562 ista
1488 5505 1839 5561 mandantes
1866 5523 1877 5560 :
1909 5506 2140 5566 Gratias

483 5606 596 5656 Deo
630 5600 801 5671 agite,
840 5599 938 5669 qui
990 5616 1091 5653 vos
1141 5597 1509 5653 orationibus
1554 5596 1855 5651 Pinmonis
1893 5597 2139 5670 virginis

479 5690 555 5749 ab
588 5688 815 5746 excidio
849 5692 1050 5744 vestrae
1086 5685 1485 5759 possessionis
1516 5683 1746 5739 avertit.

2277 1943 2383 1996 scit
2414 1947 2468 1995 et
2499 1942 2610 1996 cibi
2646 1947 2840 1995 sumat
2868 1946 2923 1995 et
2956 1948 3211 2013 potus,et
3242 1943 3405 2011 juxta
3440 1942 3894 1997 manducantium

2278 2037 2331 2084 et
2347 2030 2668 2084 bibentium
2691 2030 2842 2084 vires
2864 2030 3103 2100 paribus
3122 2045 3353 2099 quoque
3372 2029 3647 2101 operibus
3664 2046 3755 2084 eos
3773 2031 3897 2083 sub-

2271 2118 2595 2189 jugabis,et
2626 2134 2809 2186 neque
2838 2134 3187 2189 quemquam
3217 2119 3513 2188 jejunare,
3542 2135 3723 2189 neque
3752 2134 3897 2173 man-

2278 2208 2492 2262 ducare
2510 2206 2877 2278 prohibebis:
2897 2207 2977 2261 ita
2997 2212 3288 2275 tamen,ut
3308 2207 3644 2261 fortioribus
3662 2212 3710 2263 et
3732 2209 3899 2277 magis

2276 2295 2585 2351 edentibus
2605 2295 3579 2367 semperopusgraviusinjungas;
3599 2297 3900 2351 inﬁrmiau-

2274 2392 2389 2441 tem
2408 2391 2603 2441 ctvere
2619 2386 2888 2441 monachi
2910 2387 2977 2439 ad
3000 2387 3357 2457 operandum
3381 2387 3570 2443 levius
3585 2394 3896 2459 urgeantur.

2275 2477 2541 2532 Diversae
2557 2481 2749 2530 autem
2766 2475 2919 2530 intra
2935 2478 3150 2531 atrium
3172 2477 3384 2531 domus
3401 2478 3640 2532 cellulas
3663 2478 3897 2541 facies,et

2273 2572 2473 2623 ternos
2494 2583 2592 2635 per
2608 2565 2876 2635 singulas
2898 2582 3132 2621 manere
3156 2565 3477 2637 prazcipies.
3506 2567 3567 2621 In
3592 2583 3702 2621 uno
3724 2572 3894 2619 tamen

2272 2654 2395 2709 loco
2428 2656 2596 2709 cibus
2622 2654 2885 2709 omnium
2914 2654 3031 2708 ﬁat.
3061 2659 3341 2709 Somnum
3375 2671 3513 2710 vero
3545 2656 3768 2726 capiant
3795 2671 3893 2707 non

2270 2746 2545 2815 iacentes,
2566 2744 2662 2797 sed
2694 2760 2873 2813 super
2904 2744 3221 2798 instructas
3246 2749 3301 2798 et
3330 2743 3639 2815 paululum
3672 2745 3892 2798 reclines

2270 2833 2599 2899 cathedras,
2622 2838 2677 2886 et
2694 2833 2908 2887 velatas
2934 2832 3123 2902 palliis
3148 2832 3270 2887 suis
3301 2832 3579 2887 sedentes
3596 2832 3891 2903 quiescant.

2270 2921 2521 2976 Utantur
2539 2925 2730 2975 autem
2755 2920 3022 2974 noctibus
3039 2920 3211 2974 lineis
3230 2921 3495 2975 vestibus
3515 2921 3679 2992 (quas
3710 2920 3891 2975 levite-

2270 3028 2375 3066 nas
2406 3010 2633 3081 vocant)
2658 3008 3152 3079 cincti,etsinguli
3182 3010 3405 3080 quique
3437 3027 3637 3064 eorum
3670 3008 3893 3082 pellibus

2268 3100 2525 3172 caprinis
2558 3101 2701 3154 bene
2735 3100 3014 3154 confectis
3058 3104 3354 3169 tegantur.
3400 3100 3554 3162 Quas
3587 3098 3776 3171 pelles,
3807 3112 3894 3151 nec

2185 3203 2228 3271 ο
2271 3195 2413 3245 tunc
2436 3206 2665 3261 quoque
2698 3206 2831 3245 cum
2864 3189 3156 3245 voluerint
3186 3190 3384 3243 cibum
3421 3206 3623 3260 capere
3654 3189 3892 3244 velsom-

2270 3298 2430 3342 num,
2470 3281 2787 3351 deponant.
2822 3280 3064 3345 Quando
3113 3284 3306 3334 autem
3342 3280 3415 3333 ad
3452 3278 3893 3335 communionem

2258 3370 2501 3425 Sabbati
2522 3369 2605 3425 vel
2631 3369 2911 3424 Dominici
2933 3370 3045 3424 diei
3063 3368 3501 3441 ingrediuntur,
3520 3368 3893 3440 unusquisque

2260 3477 2435 3514 suum
2465 3459 2762 3525 cingulum
2798 3460 3001 3525 solvat,
3037 3458 3364 3530 pellcmque
3399 3460 3673 3531 deponat,
3691 3464 3743 3514 et
3772 3472 3886 3511 cum

2259 3548 2725 3603 cucullotantum
2742 3549 3399 3617 ingrediatur.Cueullos
3416 3557 3609 3607 autem
3624 3549 3769 3621 ipsos
3782 3549 3889 3603 s‘ne

2257 3638 2392 3693 villo
2414 3638 2684 3710 parvulos
2704 3638 2922 3703 fieri,ut
2941 3638 3263 3695 infantibus
3281 3640 3606 3705 ordinavit;
3625 3640 3678 3693 in
3695 3637 3885 3709 quibus

2258 3736 2311 3784 et
2344 3730 2605 3797 quedam
2640 3728 2810 3798 signa
2842 3730 2911 3783 de
2941 3746 3201 3800 purpura
3223 3731 3356 3785 fecit
3378 3731 3582 3786 intexi.
3612 3728 3786 3783 Jussit
3813 3726 3879 3777 vi-

2258 3820 2399 3889 ginti
2418 3824 2669 3890 quatuor
2686 3836 2815 3874 esse
2829 3820 3066 3874 ordines
3083 3820 3352 3889 fratrum,
3374 3822 3540 3891 iuxta
3553 3818 3743 3891 viginti
3758 3832 3881 3888 qua-

2260 3914 2395 3963 tuor
2427 3924 2731 3963 numerum
2764 3908 3128 3976 litterarum;
3157 3913 3213 3963 et
3246 3911 3567 3976 unicuique
3597 3907 3772 3963 ordini
3799 3922 3881 3959 su-

2260 3996 2563 4067 perposuit
2590 3997 2842 4053 litteram
2870 4002 3126 4053 Graecam
3156 3998 3227 4051 ab
3256 3998 3536 4069 Alpha,et
3566 3995 3883 4065 Beta,Gam-

2262 4105 2376 4152 ma,
2414 4087 2595 4153 Delta,
2630 4093 2685 4141 et
2717 4089 2944 4143 caeteris
2978 4104 3167 4159 usque
3198 4092 3441 4160 Omega.

2335 4182 2477 4231 Dum
2514 4177 2690 4247 igitur
2738 4177 3125 4247 interrogaret
3169 4183 3417 4234 sanctus
3459 4175 3884 4239 Pachomius,et

2259 4269 2319 4323 in
2356 4273 2514 4321 tanta
2549 4268 2929 4322 multitudine
2974 4267 3345 4337 singulorum
3382 4270 3703 4340 requireret
3731 4266 3885 4320 vitam

2258 4361 2487 4415 dicebat
2519 4360 2775 4414 secundo
2808 4359 2888 4414 illi
2936 4359 3037 4427 qui
3083 4364 3206 4414 erat
3249 4359 3308 4413 in
3357 4377 3467 4415 suo
3500 4361 3697 4415 ordine
3726 4356 3882 4426 prior,

2261 4450 2759 4521 quemadmodum
2796 4465 2857 4503 se
2903 4449 3079 4503 habet
3109 4448 3323 4522 Alpha,
3364 4450 3452 4505 vel
3485 4448 3768 4522 quomodo
3796 4444 3885 4499 ha-

2259 4542 2355 4595 bet
2405 4540 2581 4595 Beta?
2629 4544 2693 4593 Et
2739 4540 2987 4595 iterum:
3034 4539 3234 4595 Saluta
3294 4540 3477 4595 Zetha
3536 4539 3615 4595 vel
3677 4535 3882 4606 Lapda:

2260 4645 2746 4700 unumquemque
2778 4633 2967 4683 autem
3004 4646 3071 4683 ex
3104 4628 3337 4700 proprio
3372 4629 3543 4700 signo
3575 4632 3632 4683 et
3660 4625 3886 4681 vocabu-

2257 4719 2312 4773 lo
2359 4718 2561 4772 litterae
2609 4718 2967 4788 requirebat.
3026 4719 3092 4772 Et
3150 4716 3617 4788 simplicioribus
3673 4713 3883 4786 quidem

2258 4808 2650 4880 perfectisque
2685 4807 3010 4871 monachis,
3054 4807 3249 4879 inquit
3293 4808 3564 4879 angelus,
3597 4807 3720 4861 lotze
3749 4803 3887 4858 litte-

2257 4914 2331 4951 ra:
2364 4914 2601 4959 nomen,
2650 4896 2990 4951 durioribus
3033 4902 3226 4951 autem
3275 4913 3341 4952 ac
3372 4894 3800 4951 difﬁcilioribus
3827 4888 3886 4942 Xi

2254 4986 2460 5040 littera:
2509 5002 2721 5040 nomen
2769 4985 3060 5057 impones.
3111 4987 3309 5057 itaque
3360 4985 3676 5056 unicuique
3718 4976 3885 5037 ordini

2256 5074 2402 5130 tales
2432 5074 2852 5129 vocabulorum
2903 5073 3211 5143 imprimes
3258 5079 3447 5142 notas,
3494 5079 3558 5129 ut
3591 5086 3772 5127 mores
3801 5082 3888 5137 per

2254 5182 2352 5221 eas
2383 5164 2793 5234 significentur
2824 5164 3178 5218 animorum.
3224 5163 3338 5219 Soli
3383 5170 3582 5219 tamen
3617 5155 3886 5232 spiritales

2254 5259 2538 5309 noverant
2579 5253 2708 5316 viri,
2755 5251 2989 5324 qualem
3041 5253 3348 5325 supposita
3395 5253 3685 5309 elementa
3724 5248 3882 5303 vitam

2257 5343 2347 5397 sui
2382 5342 2603 5397 ordinis
2637 5342 2899 5395 indicare
2928 5340 3255 5395 videantur.

2322 5431 2617 5500 Scriptum
2642 5434 2835 5483 autem
2857 5429 2963 5483 hoc
2991 5429 3047 5483 in
3070 5430 3289 5485 tabulis
3309 5431 3455 5501 ipsis
3474 5434 3599 5484 erat
3622 5445 3634 5483 :
3656 5426 3711 5483 Si
3744 5422 3881 5494 quis,

2254 5517 2670 5587 inquit,dealio
2691 5517 3043 5571 monasterio
3060 5519 3405 5588 peregrinus
3420 5511 3885 5577 advenerit,aliam

2250 5607 2513 5677 regulam
2549 5622 2824 5677 sequens,
2858 5622 2962 5660 nec
2991 5608 3307 5662 manducet
3332 5624 3468 5663 cum
3500 5608 3617 5661 illis
3639 5606 3760 5669 iste,
3791 5612 3881 5653 nec

2252 5702 2435 5769 potet,
2468 5713 2657 5770 neque
2700 5697 2756 5751 in
2810 5697 3178 5753 mansionem
3228 5713 3429 5753 eorum
3472 5694 3880 5753 introducatur,

3998 5033 4015 5179 ᾗ

4006 4998 4015 5153 ί
