4092 6324
201 390 291 446 297

1426 388 1865 442 HERACLIDIS
1904 391 2328 448 PARADISUS.

3477 395 3583 449 298

200 516 297 572 nisi
326 515 457 569 forte
490 511 546 564 in
580 509 789 565 itinere
816 510 1034 566 eisdem
1091 509 1263 564 fuerit
1311 511 1645 583 adjunctus.
1681 514 1822 578 Qui-
1853 516 1904 581 Α
1938 517 2377 591 prtebeutes,[et
2400 521 2499 592 qui
2523 537 2659 575 sues
2682 520 2856 575 etiam
2890 521 3226 593 pascebant.
3252 523 3412 587 Quod
3447 538 3580 578 cum

200 620 403 676 cunque
430 618 562 656 vero
595 600 815 655 idcirco
837 601 907 655 ad
942 615 1041 655 eos
1063 600 1235 655 fuerit
1257 599 1584 672 ingressus,
1612 605 1673 655 ut
1694 618 1826 657 cum

200 697 324 768 ipsis
350 695 705 764 permaneat,
736 707 848 744 non
876 689 1042 745 illum
1070 689 1183 744 nisi
1203 690 1440 745 triennii
1460 695 1696 762 tempus
1726 693 1828 747 im-

208 783 437 859 pleverit,
461 782 521 835 in
557 782 683 835 loca
710 780 1053 834 monasterii
1086 781 1399 835 secretiora
1430 781 1693 852 recipies.
1716 784 1825 837 Sed

198 891 308 931 cum
340 872 496 945 prius
522 869 942 942 pertriennium
964 874 1151 924 totum
1177 870 1528 925 laboriosius
1552 888 1701 942 opus
1724 873 1830 927 du-

198 967 409 1035 riusque
442 961 770 1034 perfecerit,
803 966 941 1014 tunc
976 964 1272 1032 receptum
1310 960 1661 1017 intrinsecus
1694 979 1825 1018 cum

192 1059 293 1126 jam
323 1069 445 1108 esse
482 1051 806 1123 permittes.

254 1144 490 1199 Edentes
516 1139 766 1196 cucullis
788 1138 981 1211 capita
1003 1155 1110 1194 sua
1132 1138 1344 1207 velent,
1371 1157 1441 1195 ne
1469 1139 1616 1195 alter
1665 1159 1824 1197 man-

197 1235 486 1289 ducantem
520 1229 766 1284 alterum
802 1230 1039 1284 fratrem
1075 1229 1339 1301 aspiciat.
1373 1230 1487 1284 Nec
1519 1230 1673 1301 loqui
1710 1232 1826 1286 cui-

193 1339 342 1395 quam
362 1322 505 1375 dum
526 1318 848 1385 editliceat,
867 1336 971 1374 nec
994 1320 1254 1389 aspicere
1276 1320 1347 1375 ad
1374 1319 1551 1376 ullam
1579 1320 1819 1375 alteram

195 1416 414 1485 partem,
439 1408 549 1464 nisi
582 1409 653 1463 ad
686 1408 880 1464 solum
911 1409 1194 1475 catinum,
1219 1419 1273 1465 et
1295 1409 1363 1463 ad
1390 1408 1575 1463 solam
1605 1410 1695 1464 cui
1724 1427 1818 1465 su-

190 1500 508 1574 perponitur
541 1514 829 1554 mensam.
856 1499 972 1554 Hoc
1004 1499 1179 1554 etiam
1213 1500 1503 1555 ordinavit
1533 1504 1590 1554 et
1612 1500 1821 1571 jussit,

195 1597 243 1645 ut
265 1590 550 1645 orationes
584 1586 895 1643 duodecim
931 1605 1175 1643 numero
1208 1605 1309 1659 per
1338 1594 1527 1645 totum
1559 1589 1711 1644 diem
1738 1590 1821 1644 fa-

195 1685 381 1749 cerent,
411 1684 474 1734 et
523 1694 731 1733 rursus
790 1678 1098 1734 duodecim
1160 1678 1323 1744 alias,
1360 1680 1591 1749 quando
1624 1680 1692 1734 ad
1728 1696 1822 1734 ve.

194 1771 493 1840 spertinum
516 1767 716 1824 lumen
743 1768 1038 1823 venirent:
1066 1769 1122 1822 in
1154 1769 1458 1825 nocturnis
1487 1786 1720 1841 quoque
1742 1770 1823 1824 vi-

192 1860 323 1933 giliis
346 1859 596 1914 totidem
630 1874 830 1931 preces
862 1857 1261 1925 effunderent;
1288 1863 1404 1913 tres
1435 1864 1632 1914 autem
1665 1859 1819 1915 solas
1850 1891 1896 1955 Β

193 1952 248 2005 ad
278 1950 477 2003 horam
514 1965 729 2003 nonam
764 1948 898 2003 diei.
933 1948 1176 2010 Quando
1207 1964 1340 2002 vero
1373 1950 1640 2003 universa
1663 1949 1817 2003 mul-

195 2040 351 2094 litudo
388 2038 777 2094 conveniebat
835 2038 905 2091 ad
958 2040 1464 2104 manducandum,
1497 2040 1820 2111 unicuique

193 2130 353 2185 ordini
409 2131 473 2183 in
534 2128 790 2200 singulis
846 2129 1212 2183 orationibus
1266 2129 1473 2184 statuit
1522 2129 1817 2202 psalmum

193 2221 501 2291 praecinere.

245 2311 391 2364 Tunc
407 2313 663 2364 sanctus
679 2306 1030 2362 Pachomius
1046 2306 1214 2377 quasi
1232 2308 1632 2363 contradicere
1648 2325 1819 2373 ange-

189 2399 233 2453 lo
250 2396 437 2465 voluit,
455 2398 571 2452 hoc
596 2396 828 2451 dicens:
853 2400 1051 2451 Paucas
1077 2399 1215 2451 sunt
1237 2396 1361 2450 ista:
1386 2396 1819 2451 orationes.Gui

188 2488 469 2558 respondit
502 2487 612 2541 hoc
646 2485 926 2559 angelus:
964 2490 1075 2541 Has
1110 2486 1403 2541 orationes
1450 2486 1573 2541 fieri
1603 2486 1819 2541 idcirco

189 2577 429 2648 praecepi,
473 2582 538 2631 ut
569 2581 626 2630 et
649 2577 906 2630 minores
937 2575 1062 2630 sine
1091 2576 1288 2646 aliqua
1309 2575 1551 2646 implere
1575 2576 1821 2631 tristitia

192 2668 506 2739 impositam
544 2665 654 2720 sibi
685 2664 913 2720 vivendi
945 2664 1206 2735 regulam
1270 2664 1514 2736 possint.
1549 2664 1656 2730 Qui
1684 2681 1819 2721 vero

191 2756 530 2811 ﬁrmioribus
555 2752 1273 2823 consummatioribusque
1297 2754 1571 2809 sensibus
1592 2754 1815 2821 vivunt,

190 2862 287 2901 non
316 2850 401 2901 est
430 2844 560 2900 illis
596 2860 832 2899 necesse
884 2842 1076 2898 aliena
1128 2842 1252 2914 lege
1309 2843 1670 2915 constringi;
1705 2844 1817 2915 ipsi

189 2935 322 2989 enim
354 2933 714 3005 semetipsos
743 2934 896 2987 intra
927 2932 1103 2987 cellas
1138 2933 1591 3004 universumque
1638 2935 1817 2988 vitam

188 3023 369 3079 visioni
402 3028 463 3078 et
498 3024 685 3078 cultui
714 3022 813 3077 Dei
875 3025 1107 3093 penitus
1164 3022 1469 3077 dederunt.
1504 3022 1604 3077 His
1658 3039 1814 3094 ergo,

185 3113 373 3184 inquit,
406 3113 529 3169 ista
561 3111 831 3184 praecepi,
867 3112 967 3184 qui
1001 3127 1104 3167 nec
1152 3112 1412 3167 invenire
1453 3117 1699 3183 possunt
1728 3112 1816 3166 vel

185 3203 403 3274 implere
439 3220 574 3275 quae
608 3202 856 3274 prosint,
889 3206 955 3256 ut
1012 3217 1143 3255 cum
1179 3200 1373 3256 servili
1432 3202 1685 3272 quadam
1714 3218 1813 3255 ne-

183 3292 428 3347 cessitate
463 3289 780 3360 compulsi,
816 3288 1178 3344 ostenderint
1216 3288 1458 3359 dignam
1516 3290 1575 3343 in
1609 3306 1670 3345 se
1702 3291 1812 3345 sub
1845 3260 1887 3327 C

181 3381 451 3452 proposito
486 3378 889 3451 disciplinam,
923 3384 1064 3433 tunc
1108 3380 1347 3433 demum
1406 3380 1476 3434 ad
1535 3379 1812 3435 fiduciam

181 3468 385 3525 valeant
415 3469 635 3524 divinae
669 3468 886 3523 notitiae
919 3469 1239 3539 pervenire.
1265 3468 1367 3523 His
1390 3468 1591 3539 itaque
1622 3470 1816 3540 dispo-

182 3558 707 3632 sitis,impletoque
764 3556 1114 3627 ministerio,
1149 3557 1393 3629 angelus
1452 3559 1726 3613 discessit
1783 3575 1816 3614 a

181 3653 327 3704 santo
357 3647 703 3704 Pachomio.

246 3738 499 3793 Plurima
532 3738 713 3810 igitur
743 3742 883 3793 sunt
914 3737 1270 3793 monasteria
1296 3738 1353 3791 in
1388 3738 1602 3809 quibus
1629 3754 1816 3809 usque

185 3828 243 3881 ad
270 3833 493 3899 septem
525 3827 688 3881 milia
710 3832 850 3881 sunt
872 3827 1155 3893 virorum,
1182 3845 1307 3897 quae
1332 3817 1672 3898 bujusmodi
1696 3829 1818 3883 ins-

182 3916 340 3972 tituta
368 3916 722 3973 custodiunt
751 3917 860 3971 Sed
895 3917 1213 3971 maximum
1247 3917 1299 3971 id
1335 3917 1584 3972 habetur
1614 3924 1670 3973 et
1699 3918 1819 3989 pri-

183 4022 353 4071 mum,
389 4009 451 4062 in
488 4023 607 4077 quo
645 4006 991 4061 Pachomius
1023 4006 1149 4077 ipse
1181 4006 1450 4078 degebat,
1484 4024 1551 4062 ex
1585 4024 1700 4078 quo
1731 4008 1819 4062 vi—

182 4095 377 4151 dentur
407 4102 469 4151 et
505 4100 715 4149 caetera
764 4095 1121 4150 monasteria
1178 4096 1556 4167 processisse,
1590 4114 1715 4168 quae
1748 4098 1819 4153 ad

183 4184 323 4242 mille
353 4184 826 4257 quadringentos
860 4185 1067 4239 fratres
1107 4185 1321 4241 habere
1353 4191 1699 4242 noscuntur.

242 4275 558 4347 Interquos
577 4275 753 4329 etiam
774 4278 864 4329 est
886 4275 1124 4345 quidam
1147 4274 1403 4330 famulus
1426 4276 1547 4340 Dei,
1567 4276 1826 4347 Aphtho-

185 4364 583 4429 niusnomine,
604 4364 921 4419 admodum
950 4364 1093 4418 mibi
1119 4364 1511 4419 amicitiarum
1532 4366 1666 4434 jure
1689 4382 1825 4421 con-

178 4453 430 4521 junctus,
448 4451 553 4524 qui
572 4452 1089 4507 secunduminillo
1113 4453 1467 4509 monasterio
1499 4455 1721 4510 obtinet
1742 4454 1824 4511 lo-

188 4556 303 4596 cum
323 4541 602 4609 (Pallad.,
618 4558 737 4613 cap.
752 4541 867 4613 39.)
886 4544 1067 4608 Quem
1095 4542 1164 4597 de
1178 4543 1295 4597 vita
1322 4544 1579 4615 ipsiuset
1602 4560 1831 4599 conver-

1937 622 2042 677 ego
2067 610 2615 679 reprehendendum
2642 615 2929 681 put-irem,
2951 610 3058 667 hoc
3082 612 3584 683 quoqueextradi-

1935 696 2092 751 tione
2120 699 2405 768 majorum
2440 716 2502 755 se
2533 700 2866 772 suscepisse
2888 700 3177 771 dicebant,
3204 702 3344 773 quia
3364 701 3582 758 idcirco

1933 784 1991 838 in
2014 788 2382 843 monasteriis
2404 806 2533 845 esse
2557 794 2847 861 oporteret
2864 807 3098 857 sues,ne
3113 796 3169 845 et
3191 790 3576 847 cribratarum

1935 884 2301 932 excrementa
2330 879 2566 951 frugum
2600 879 2876 951 perirent,
2911 884 2967 935 et
3019 884 3398 952 purgatorum
3440 881 3579 937 folia

1935 966 2152 1021 olerum
2180 974 2235 1023 et
2254 975 2458 1025 caetera
2479 987 2604 1040 qum
2620 970 2903 1025 damnum
2926 970 2997 1041 (si
3020 971 3460 1042 projicerentur)
3484 971 3576 1026 in-

1936 1054 2171 1111 ferrent.
2191 1058 2381 1112 Occidi
2414 1060 2596 1130 igitur
2617 1076 2752 1114 sues
2786 1060 3267 1129 ipsosjubebant,
3291 1065 3349 1115 et
3374 1077 3577 1117 carnes

1934 1147 2170 1215 quidem
2205 1148 2363 1219 ipsas
2390 1149 2722 1203 ementibus
2753 1149 2944 1215 vendi,
2977 1148 3231 1221 ungulas
3280 1154 3480 1205 tamen
3511 1166 3577 1205 ac

1934 1236 2211 1291 minimas
2247 1243 2438 1308 partes
2469 1252 2693 1308 eorum,
2717 1237 2776 1291 in
2799 1255 3082 1307 aegrorum
3108 1254 3174 1293 ac
3194 1253 3401 1293 senum
3433 1256 3577 1310 epu-

1930 1322 2018 1377 las
2044 1324 2430 1398 deputari,§eo
2463 1327 2616 1396 quod
2649 1326 2706 1381 in
2742 1326 2977 1396 regione
3028 1324 3131 1380 illa
3179 1327 3418 1398 grandis
3449 1343 3580 1383 esse

1931 1412 2129 1484 inopia
2162 1431 2355 1469 rerum
2395 1428 2447 1470 et
2510 1416 2836 1486 frequentia
2894 1415 3203 1471 hominum
3260 1414 3575 1471 videretur.

1932 1501 2263 1570 Blemmyos
2296 1509 2490 1559 autem
2524 1504 2743 1558 vicinos
2777 1502 2898 1558 suis
2930 1503 3150 1558 ﬁnibus
3181 1503 3467 1573 habent.]1

2001 1591 2378 1647 Antelucanis
2397 1594 2573 1659 igitur
2591 1593 2753 1648 boris
2776 1597 3105 1665 surgentes,
3119 1592 3216 1663 qui
3234 1593 3575 1664 perdierum

1927 1684 2083 1734 vices
2113 1681 2355 1751 reliquis
2386 1682 2739 1747 serviebant,
2772 1682 2869 1736 alii
2904 1683 3231 1752 coquebant
3265 1682 3445 1750 cibos,
3481 1682 3579 1736 alii

1930 1786 2166 1824 mensas
2201 1771 2503 1840 parabant.
2538 1772 2691 1834 Quas
2723 1771 2876 1825 circa
2932 1771 3165 1826 tertiam
3222 1771 3338 1825 diei
3370 1770 3575 1826 horam

1930 1875 2142 1929 ponere
2172 1860 2350 1928 soliti,
2381 1860 2630 1930 perfecto
2665 1860 2819 1914 omni
2854 1875 3025 1930 opere
3057 1876 3163 1915 suo
3215 1876 3574 1931 superpone-

1928 1950 2071 2003 bant
2100 1949 2318 2002 eisdem
2356 1965 2553 2019 panes,
2580 1954 2637 2003 et
2669 1948 2944 2003 herbulas
2976 1949 3263 2019 quasdam
3286 1965 3393 2005 suo
3416 1965 3575 2004 more

1927 2038 2217 2105 conditas,
2251 2054 2398 2108 quas
2458 2038 2735 2108 lapsanas
2778 2039 2885 2108 (21)
2926 2042 3154 2093 vocant.
3188 2037 3384 2094 Olivas
3416 2040 3575 2094 964

1926 2135 2253 2199 quoque,et
2271 2144 2506 2183 caseum
2530 2133 2738 2200 przeter
2756 2144 2983 2196 carnes,
3010 2128 3374 2184 communita
3396 2129 3572 2184 etiam

1926 2218 2137 2273 diversi
2164 2217 2392 2289 generis
2414 2217 2589 2273 olera.
2613 2217 2841 2283 Quibus
2866 2217 2926 2271 in
2959 2217 3117 2273 hunc
3140 2218 3427 2275 ordinatis
3453 2236 3574 2274 mo-

1925 2306 2207 2376 dum,a1ii
2239 2311 2399 2362 sexta
2443 2307 2555 2361 diei
2616 2306 2756 2361 hora
2812 2306 3225 2378 ingredientes,
3264 2308 3577 2364 sumebant

1926 2398 2143 2463 cibum,
2179 2396 2275 2451 alii
2307 2397 2576 2467 septima,
2611 2395 2708 2451 alii
2738 2401 2957 2465 octava,
2994 2395 3092 2451 alii
3142 2413 3315 2463 nona,
3349 2396 3445 2453 alii
3477 2398 3575 2452 de-

1926 2488 2095 2551 cima,
2132 2485 2227 2540 alii
2258 2486 2588 2553 undecima,
2616 2484 2712 2541 alii
2745 2485 3175 2557 profundajam
3223 2490 3390 2541 nocte
3418 2487 3579 2542 vesci

1924 2578 2380 2641 consueverant;
2411 2574 2651 2645 quidam
2711 2578 2906 2630 autem
2949 2579 3081 2646 post
3120 2574 3365 2630 biduum
3398 2577 3575 2633 etiam

1926 2665 2234 2734 capiebant
2264 2664 2478 2718 cibum.
2513 2669 2591 2719 Ex
2624 2664 2858 2736 propria
2887 2668 3083 2719 tamen
3126 2663 3318 2719 littera
3352 2669 3576 2736 poterat

1924 2752 2070 2808 hora
2101 2752 2565 2824 uniuscujusque
2590 2754 2885 2825 cognosci.
2918 2753 3199 2809 Similiter
3228 2753 3401 2809 etiam
3424 2754 3572 2826 ipsis

1924 2847 2093 2898 erant
2122 2847 2178 2898 et
2206 2859 2382 2914 opera
2412 2842 2600 2897 divisa
2627 2858 2645 2910 ;
2676 2842 2772 2897 alii
2806 2842 2960 2898 enim
2984 2841 3356 2913 agriculturae
3386 2842 3572 2899 inser-

1923 2931 2174 3000 viebant,
2210 2933 2360 2987 alter
2389 2932 2624 2987 hortum
2658 2933 2901 2998 colebat,
2936 2932 3032 2987 ille
3063 2931 3309 2987 ofﬁcinae
3341 2931 3571 2988 fabricas

1922 3022 2229 3088 vacabant,
2264 3021 2361 3077 ille
2394 3023 2655 3093 pistoris,
2691 3021 2835 3077 alter
2854 3022 3232 3093 carpentarii,
3259 3022 3406 3077 alter
3434 3039 3569 3079 vero

1924 3110 2165 3166 fullonis
2186 3117 2307 3167 arte
2343 3112 2621 3181 clarebat,
2647 3112 2793 3167 alter
2822 3112 3084 3183 pellium,
3104 3110 3251 3167 alter
3278 3112 3566 3168 coriorum

1926 3202 2286 3256 confectione
2345 3202 2618 3267 sudabat,
2648 3201 2801 3257 alius
2846 3201 3125 3256 Codicum
3179 3200 3426 3257 lectione
3481 3204 3569 3258 vel

1927 3292 2352 3362 conscriptione
2411 3292 2723 3363 gaudebat,
2757 3292 2904 3347 alter
2960 3291 3272 3363 sportellas
3320 3294 3573 3363 grandes

1920 3381 2177 3436 intexere
2209 3380 2423 3436 solitus
2456 3386 2602 3446 erat,
2634 3382 2781 3436 alter
2810 3381 3109 3449 minores;
3136 3397 3340 3435 omnes
3368 3384 3569 3437 tamen

1922 3470 2099 3525 simul
2134 3470 2469 3525 memoriter
2498 3468 2834 3542 spirituales
2861 3469 3045 3527 libros
3076 3470 3375 3526 tenebant.

2544 3576 2776 3632 CAPUT
2805 3579 2934 3632 XX.

1929 3665 2051 3721 Vita
2104 3665 2665 3721 Tabennensiotarum
2722 3666 3083 3736 feminarum,
3116 3673 3168 3723 et
3230 3666 3474 3738 Virgine,
3504 3667 3568 3724 de

2136 3754 2242 3808 qua
2272 3738 2482 3809 dictum
2510 3740 2695 3807 fuerat
2722 3739 2924 3807 falsum
2956 3739 3351 3795 testi-monium.

1995 3826 2093 3881 Est
2106 3832 2300 3881 autem
2317 3828 2469 3898 apud
2486 3826 2989 3881 istosfeminarum
3006 3827 3571 3898 quadringentarum

1925 3932 2170 3971 numero
2186 3916 2629 3981 monasterium,
2648 3916 2856 3971 iisdem
2875 3917 3163 3983 moribus,
3183 3921 3355 3985 atque
3371 3918 3575 3971 eadem

1927 4006 2296 4061 ordinatione
2335 4005 2679 4071 viventium,
2704 4011 2941 4077 excepto
2973 4004 3298 4061 velamento
3333 4004 3575 4077 pellium

1928 4094 2051 4151 solo
2083 4095 2356 4163 (Pallad.,
2402 4111 2519 4166 cap.
2576 4096 2653 4164 3),
2686 4096 2755 4149 Et
2789 4094 3065 4150 mulieres
3127 4096 3364 4166 quidem
3418 4102 3579 4150 trans

1927 4185 2171 4239 ﬂuvium
2205 4184 2499 4248 habitant,
2533 4186 2686 4239 infra
2720 4184 2961 4239 fluvium
2998 4188 3192 4239 autem
3225 4184 3355 4239 viri.
3398 4185 3578 4240 Cum-

1929 4290 2042 4345 que
2074 4274 2353 4329 defuncta
2377 4291 2494 4328 una
2526 4274 2819 4345 virginum
2856 4274 3049 4343 fuerit,
3081 4274 3351 4330 vestitam
3377 4280 3583 4330 eamut

1930 4362 2148 4419 assolet
2173 4364 2448 4418 deferunt
2476 4363 2623 4431 aliae,
2658 4368 2716 4418 et
2748 4381 2929 4435 supra
2961 4364 3145 4435 ripam
3173 4363 3330 4418 fluvii
3355 4369 3583 4435 ponunt

1931 4469 2180 4509 sorores.
2216 4454 2401 4516 Quam
2435 4454 2571 4509 inde
2604 4471 2735 4509 cum
2768 4454 3028 4509 olearum
3062 4453 3421 4510 ramusculis
3458 4453 3582 4525 pal-

1932 4543 2337 4615 musculisque
2369 4543 2635 4599 navicula
2665 4545 3112 4599 transfretantes
3161 4543 3291 4614 viri,
3347 4548 3403 4598 et
3430 4542 3585 4615 psal-

188 4630 1834 4703 sationesecuri,Alexandriamsmpetransmittunt,util-
1866 4634 1908 4698 D
1944 4651 2068 4689 mos
2101 4640 2398 4701 canentes,
2434 4634 2502 4688 ad
2538 4650 2677 4689 suas
2729 4634 3098 4689 transferunt
3146 4637 3362 4704 partes,
3417 4637 3474 4688 et
3527 4633 3586 4686 in

190 4718 327 4775 licea
349 4722 593 4792 quidem
621 4720 819 4790 quaein
851 4721 1206 4775 monasterio
1230 4722 1491 4789 fecerint,
1513 4725 1834 4789 vendat;ea

189 4818 365 4865 autem
390 4827 529 4881 qua:
559 4811 672 4864 scit
696 4812 1045 4876 necessaria,
1065 4816 1221 4864 emat
1245 4827 1478 4881 semper
1503 4827 1567 4866 ac
1600 4813 1829 4867 referat.

189 4901 323 4954 Sunt
336 4904 393 4955 et
416 4900 533 4955 alia
552 4898 911 4954 monasteria
928 4900 1286 4955 ducentenos
1307 4901 1511 4955 fratres
1529 4906 1584 4956 et
1605 4906 1833 4956 trecen-

192 4990 343 5043 tenos
377 4988 681 5053 habentia,
716 4989 773 5041 in
808 5005 875 5043 ea
904 5004 1081 5059 quam
1115 4993 1305 5044 Panos
1337 4988 1571 5045 civitate
1598 4996 1831 5047 vocant:

193 5092 357 5147 quam
389 5094 499 5149 ego
532 5078 961 5149 quadragintos
990 5078 1303 5134 habentem
1336 5078 1489 5133 viros
1532 5080 1835 5151 ingressus

194 5165 399 5223 inveni.
436 5169 597 5221 Inter
627 5183 778 5238 quos
809 5167 1199 5222 sarcinatores
1258 5166 1596 5238 quindecim
1626 5171 1834 5240 reperi,

193 5254 379 5311 fabros
400 5257 677 5312 ferrarios
702 5258 1344 5329 septem,carpentarios
1364 5262 1633 5329 quatuor,
1651 5277 1840 5315 came-

194 5342 359 5401 larios
387 5347 725 5413 duodecim,
752 5345 1004 5401 fullones
1019 5346 1357 5417 quindecim
1375 5350 1842 5419 numero,singu-

193 5431 273 5489 los
299 5436 357 5490 in
394 5442 520 5491 arte
550 5436 787 5508 propria
812 5435 1168 5490 laborantes.
1202 5436 1268 5490 Et
1299 5436 1469 5491 exiis
1499 5453 1625 5507 qum
1659 5440 1845 5508 quoti—

197 5522 361 5579 diano
395 5524 577 5580 victui
608 5542 920 5597 superesse
952 5529 1240 5596 poterant,
1266 5526 1442 5580 etiam
1468 5530 1845 5585 monasteriis

195 5610 941 5685 feminarumzcarceribusq
952 5630 1023 5669 ue
1034 5614 1144 5669 vici
1158 5614 1245 5671 nis
1263 5616 1846 5689 necessariaquaequc

1945 4725 2176 4795 proprio
2213 4741 2346 4778 cum
2382 4724 2619 4794 reliquis
2651 4725 2930 4795 deputato
2988 4725 3252 4779 condunt
3297 4723 3588 4795 sepulcro.

1944 4814 2151 4869 Nullus
2182 4818 2400 4883 tamen,
2424 4820 2659 4886 excepto
2687 4816 3024 4887 presbytero
3047 4831 3112 4870 ac
3135 4814 3401 4880 diacono,
3426 4818 3593 4867 tran-

1941 4905 2018 4960 sit
2049 4906 2118 4958 ad
2154 4904 2572 4959 monasterium
2603 4906 2991 4972 feminarum;
3027 4909 3085 4959 et
3115 4904 3224 4959 hoc
3264 4918 3368 4975 per
3391 4900 3585 4957 Domi-

1946 4994 2141 5049 nicum
2178 4994 2329 5048 diem
2359 4998 2611 5050 tantum.

2017 5086 2079 5141 In
2100 5086 2208 5141 hoc
2224 5086 2350 5157 ipso
2372 5085 2688 5141 mulierum
2712 5085 3173 5151 habitaculo,res
3193 5082 3407 5138 accidit
3438 5080 3597 5137 talis.

1950 5174 2197 5238 Quidam
2232 5174 2563 5230 sarcinator
2588 5175 2844 5230 vestium
2866 5174 3166 5230 saecularis
3188 5176 3603 5243 transgressus

1949 5264 2372 5335 ﬂuvium,opus
2388 5266 2457 5319 ab
2474 5264 2622 5336 ipsis
2640 5264 2871 5335 aliquod
2890 5262 3396 5334 perignorantiam
3413 5269 3606 5333 postu-

1952 5353 2396 5421 labat(Pallmi.,
2430 5370 2554 5426 cap.
2580 5355 2692 5421 40).
2715 5353 2979 5422 Cumque
3010 5353 3214 5407 unade
3252 5351 3601 5424 feminisju-

1953 5442 2116 5498 venis
2132 5444 2515 5514 processisset
2544 5448 2688 5513 (tute
2710 5442 2867 5497 enim
2901 5442 3212 5497 videbatur
3240 5442 3350 5498 hoc
3397 5443 3607 5508 facere,

1957 5536 2191 5603 propter
2211 5532 2563 5588 solitudines
2582 5532 2774 5604 ipsius
2788 5548 2852 5587 ac
2877 5531 3108 5587 deserta
3124 5531 3606 5606 regionis)subito

1957 5636 2091 5677 eum
2115 5638 2228 5677 non
2262 5627 2473 5694 sponte
2500 5621 2823 5695 conspexit,
2856 5622 3612 5694 deditqueillitalerespon-

263 5738 281 5775 ι
317 5736 564 5796 Uncinis
596 5736 827 5795 inclusa
854 5739 1069 5795 desunt
1099 5738 1360 5795 Palladio
1392 5739 1620 5798 Herveti
1658 5743 1880 5802 Latino.
1914 5747 2081 5805 Sunt.
2115 5747 2175 5804 in
2208 5748 2426 5805 Graeco.

521 5859 791 5919 PATBOL.
838 5856 1111 5920 LXXIV.

3213 5866 3290 5925 10
