4092 6324
227 434 320 487 301

1468 436 1902 491 HERACLIDIS
1937 440 2365 496 PARADISUS.

3516 453 3624 508 302

225 558 511 613 diverterit
541 558 756 623 locum,
781 556 865 611 vel
900 574 1014 630 quo
1050 558 1161 612 fine
1193 557 1470 613 defecerit
1500 560 1568 614 ad
1633 558 1853 614 nullius
1884 561 1938 626 Α
1971 578 2092 616 ram
2110 566 2950 639 secundam,utsupradictum
2968 570 3223 626 viderem
3240 572 3624 633 virum.lnve-

225 651 404 722 potuit
435 649 715 703 hactenus
748 648 1018 702 notitiam
1052 647 1371 719 pervenire.

810 764 1042 820 CAPUT
1072 764 1257 819 XXII.

231 860 334 913 Vita
355 857 568 912 abbatis
597 853 849 920 Joannis,
883 856 979 937 qui
1007 856 1065 934 in
1098 856 1235 937 (.ch
1252 856 1549 920 habitavit,
1570 860 1619 911 et
1656 861 1859 911 Parme-

836 930 949 982 ηἱιἘ
970 929 1228 994 tirginis.

286 1048 413 1103 Fuit
434 1047 677 1119 quidam
698 1046 953 1101 Joannes
978 1045 1033 1098 in
1052 1046 1266 1117 oppido
1290 1046 1380 1100 cui
1404 1046 1586 1117 Lycus
1607 1046 1860 1100 vocabu-

222 1140 331 1193 lum
360 1144 451 1193 est
477 1138 883 1206 (Pallad.,cap.
920 1135 1031 1205 43),
1064 1135 1160 1203 qui
1220 1135 1567 1203 carpentarii
1619 1136 1857 1205 quidem

223 1235 411 1295 artem,
438 1229 578 1282 dum
607 1227 798 1281 adhuc
821 1230 974 1280 esset
997 1224 1635 1295 puer,didicit,fratrem
1662 1230 1856 1280 tamen

221 1320 523 1374 tinctorem
554 1316 783 1370 habuit:
819 1316 1037 1386 quique
1070 1315 1441 1385 postmodum
1472 1317 1743 1383 cumjam
1768 1316 1855 1368 vi-

223 1410 354 1481 ginti
377 1414 433 1463 et
456 1407 721 1478 quinque
742 1412 897 1461 esset
919 1404 1378 1468 annorum,huic
1401 1402 1611 1458 saeculo
1637 1421 1855 1457 renun-

222 1499 476 1553 tiav:t.Et
507 1513 609 1569 per
638 1495 901 1566 quinque
928 1510 1115 1549 annos
1138 1493 1195 1547 in
1220 1493 1468 1547 diversis
1489 1494 1857 1547 monasteriis

220 1588 527 1659 degens,ad
554 1591 914 1658 postremum
939 1583 1099 1638 solus
1121 1583 1324 1637 sesein
1352 1582 1568 1653 Lycum
1607 1582 1856 1637 contulit

220 1686 489 1735 montem:
525 1679 583 1731 in
616 1677 785 1746 cujus
816 1674 1123 1729 cacumine
1152 1674 1329 1727 trium
1358 1672 1471 1727 sibi
1495 1673 1853 1727 voluminum

219 1770 447 1842 [Pallad
464 1813 478 1837 ,
512 1765 833 1836 tholorum]
864 1764 1106 1819 cellulas
1131 1764 1265 1817 fecit
1286 1764 1419 1833 ('22).
1433 1762 1853 1833 Ingressusque

216 1860 361 1927 illuc,
393 1861 477 1912 ita
509 1874 572 1912 se
603 1856 867 1918 inclusit,
903 1860 965 1907 ut
995 1854 1220 1908 aditum
1256 1869 1489 1923 quoque
1521 1869 1713 1923 ipsum
1755 1870 1853 1921 per

1971 652 2219 721 niigitur
2236 672 2368 709 eum
2394 656 2749 712 assidentem
2778 660 3067 729 fenestrae,
3097 678 3167 717 ex
3188 678 3305 734 qua
3326 666 3398 719 ad
3447 666 3619 722 sein-

1967 743 2367 811 gredientibus
2392 744 2951 819 solebatloqui.Post
2974 751 3221 821 primam
3242 752 3439 825 itaque
3453 756 3616 811 salu-

1968 832 2245 887 tationem
2275 833 2381 889 hoc
2412 835 2552 889 mihi
2580 839 3075 909 perinterpretem
3117 841 3280 895 dixit:
3336 843 3499 899 Unde
3529 861 3613 913 es,

1966 920 2048 974 vel
2086 938 2189 976 cur
2211 923 2527 978 advenisti?
2546 942 2676 979 nam
2702 942 2805 997 ego
2820 928 2889 981 de
2911 929 3087 983 sociis
3101 930 3330 1001 Evagrii
3356 948 3538 988 unum
3557 940 3613 991 te

1966 1026 2093 1065 esse
2116 1012 2379 1081 conjicio.
2417 1013 2713 1085 Respondi
2749 1032 2837 1070 me
2866 1033 2993 1071 esse
3028 1019 3427 1090 peregrinum,
3464 1028 3521 1077 et
3541 1025 3611 1079 de

1965 1100 2200 1155 Galatiae
2234 1103 2499 1171 partibus
2532 1104 2745 1173 venire,
2778 1111 2834 1159 et
2865 1122 3049 1161 unum
3105 1124 3194 1163 me
3253 1125 3321 1163 ex
3378 1111 3609 1183 Evagrii

1967 1191 2246 1246 fratribus
2278 1209 2405 1248 esse
2435 1194 2740 1250 confessus
2772 1212 2924 1251 sum.

2038 1327 2262 1380 Interea
2284 1326 2423 1380 dum
2459 1327 2777 1399 loquimur,
2808 1330 3111 1401 ingressus
3143 1336 3232 1387 est
3254 1332 3448 1388 subito
3481 1351 3613 1406 pro-

1964 1413 2164 1468 vinciae
2190 1416 2374 1486 ipsius
2397 1420 2875 1491 praescs,Alypius
2902 1421 3160 1488 nomine;
3196 1422 3265 1475 ad
3298 1438 3495 1493 quem,
3520 1441 3613 1479 re-

1968 1501 2101 1555 licto
2135 1520 2307 1573 quem
2343 1521 2565 1559 meeugn
2604 1506 2855 1561 habebat
2885 1524 3176 1580 sermone,
3228 1526 3288 1564 se
3342 1511 3611 1568 contulit.

1965 1590 2187 1645 Secessi
2222 1592 2392 1661 igitur
2424 1598 2493 1648 ab
2528 1596 2735 1650 iisdem
2772 1597 3101 1666 paululum,
3134 1606 3191 1654 et
3223 1597 3344 1655 loco
3398 1602 3611 1658 cedens

1962 1680 2193 1733 eminus
2210 1683 2629 1739 steti.Prolixas
2643 1692 2834 1739 autem
2852 1702 3053 1741 eorum
3072 1688 3463 1744 fabulationes
3478 1706 3609 1761 gra-

1964 1770 2105 1821 viter
2128 1786 2189 1823 ac
2215 1771 2456 1826 moleste
2472 1775 2682 1839 ferens,
2712 1775 2860 1829 intra
2887 1778 3176 1847 meipsum
3195 1777 3409 1832 bonum
3440 1778 3607 1835 illum

1962 1874 2159 1911 senem
2182 1860 2701 1930 reprehendebam,
2726 1879 2791 1918 eo
2816 1866 2995 1935 quod,
3021 1882 3150 1919 meo
3172 1882 3441 1921 sermone
3464 1884 3605 1923 con-

216 1966 373 2021 quem
399 1947 649 2008 introiit,
682 1943 1053 1999 obstruxerit.
1090 1943 1223 1996 Erat
1256 1940 1435 2011 igitur
1459 1958 1639 1995 unum
1688 1941 1856 1994 volu-
1888 1931 1933 1995 Β
1966 1951 2204 2015 tempto,
2232 1948 2395 2003 illum
2424 1952 2618 2021 potius
2643 1931 3275 2025 honorasset.ldeoque
3302 1972 3435 2011 cum
3459 1957 3604 2011 mihi

218 2056 333 2094 men
368 2039 439 2093 ad
480 2034 811 2107 corporales
842 2034 1189 2104 deputatum
1245 2031 1641 2096 necessitates,
1689 2030 1847 2085 aliud

214 2132 260 2184 in
287 2146 395 2199 quo
429 2144 585 2198 opus
621 2126 805 2179 facere
835 2129 891 2177 et
921 2123 1116 2176 cibum
1152 2136 1384 2174 sumere
1437 2126 1847 2186 consueverat,

214 2222 430 2273 tertium
470 2218 531 2270 in
561 2232 674 2286 quo
699 2214 920 2268 orabat.

273 2308 365 2362 Hic
398 2308 581 2373 igitur
604 2320 734 2358 cum
770 2302 1152 2373 trigintajam
1186 2315 1371 2352 annos
1399 2298 1746 2368 complesset
1768 2300 1846 2354 in-

209 2398 415 2466 clusus,
476 2413 577 2465 per
626 2392 809 2448 solam
870 2406 1097 2460 semper
1146 2390 1458 2443 fenestram
1519 2392 1848 2445 necessaria

208 2488 367 2542 victui
392 2503 506 2541 suo
529 2486 601 2538 ab
617 2480 1068 2537 administrante
1086 2478 1655 2549 suscipiens,meruit
1674 2478 1846 2534 talem

208 2578 445 2648 gratiam
464 2575 659 2643 Dei,ut
676 2572 915 2625 haberet
938 2568 1238 2623 scientiam
1261 2567 1766 2621 futurorumNam
1792 2573 1847 2623 et

205 2672 403 2723 sanctae
430 2662 729 2720 memoria:
743 2658 1070 2715 Theodosio
1088 2657 1420 2727 imperatori
1438 2658 1770 2727 t'requenter
1792 2667 1847 2711 et

204 2759 348 2812 varia
369 2774 439 2811 ex
471 2755 543 2810 iis
594 2769 719 2824 qua:
742 2753 939 2805 essent
978 2751 1253 2802 eventura
1274 2745 1554 2816 praedixit.
1582 2746 1843 2801 Primum

205 2848 428 2919 quidem
449 2846 522 2899 de
537 2844 784 2897 Maximo
804 2847 1047 2910 tyranno
1066 2836 1218 2907 quod
1236 2842 1290 2889 et
1311 2852 1375 2889 su
1389 2840 1695 2905 peraturus
1711 2854 1843 2891 eum

204 2943 363 3002 esset,
398 2941 461 2991 et
498 2932 823 2989 Galliarum
855 2945 922 2983 ex
961 2926 1226 2998 partibus
1255 2941 1617 2991 reversurus;
1642 2931 1845 2995 postea

203 3033 383 3081 autem
410 3030 472 3080 et
503 3025 573 3077 de
596 3019 852 3091 Eugenio
876 3024 1143 3089 tyranno,
1165 3015 1351 3069 eidem
1378 3031 1502 3085 quas
1528 3015 1843 3071 subsecuta

200 3122 348 3183 sunt,
375 3120 517 3171 ante
542 3110 827 3184 przedixit;
853 3108 1004 3178 quod
1030 3122 1162 3160 eum
1197 3104 1432 3174 quidem
1458 3110 1842 3175 superaturus

198 3205 469 3273 esset,sed
492 3199 842 3272 ipseibidem
860 3197 1029 3249 vitam
1049 3192 1654 3263 ﬁniturus,filiumque
1668 3211 1729 3248 su
1745 3212 1841 3249 um

196 3308 589 3351 successorem
614 3288 842 3360 imperii
867 3285 1198 3341 relicturus.
1216 3283 1297 3337 De
1324 3300 1436 3353 quo
1460 3284 1611 3353 apud
1636 3300 1837 3338 omnes
1868 3295 1909 3361 ρ

194 3386 423 3457 grandis
460 3397 697 3452 semper
729 3379 884 3431 fama
924 3373 1238 3429 convaluit.
1296 3378 1535 3442 Propter
1590 3374 1743 3443 quod
1779 3390 1836 3446 et

192 3474 549 3531 Theodosius
570 3472 903 3541 imperator,
930 3461 1251 3536 prophetali
1278 3478 1411 3516 eum
1436 3464 1697 3517 venerari
1731 3465 1831 3519 ho—

195 3584 319 3621 nore
342 3565 752 3625 consueverat,
774 3571 1041 3611 asserens
1064 3552 1229 3606 illum
1253 3568 1475 3623 magnae
1499 3569 1627 3607 esse
1654 3554 1829 3607 virtu-

194 3657 277 3711 tis.
301 3656 447 3711 Cum
477 3651 656 3723 igitur
681 3664 805 3713 nos,
824 3648 930 3700 hoc
953 3649 1041 3699 est
1063 3660 1167 3714 ego
1217 3647 1272 3696 et
1295 3643 1497 3695 beatus
1525 3644 1827 3713 Evagrius,

190 3752 239 3799 et
256 3742 686 3804 Ammonius,et
707 3736 951 3790 Albinus
969 3734 1124 3787 circa
1140 3731 1334 3787 Nitriae
1366 3730 1712 3786 solitudines
1736 3734 1832 3786 de»

190 3848 550 3907 geremus,cu
564 3828 787 3901 piebam
800 3842 865 3879 us
878 3823 1185 3893 diligenter
1197 3835 1510 3891 agnoscere
1526 3826 1826 3891 memorati

185 3926 279 3979 viri
301 3925 605 3978 virtutem.
629 3918 723 3972 Ait
753 3932 853 3981 ego
882 3912 1049 3967 nobis
1073 3916 1212 3965 tunc
1236 3916 1476 3964 sanctus
1518 3910 1822 3981 Evagrius:

187 4014 452 4068 Libenter
479 4008 740 4063 audirem
766 4006 836 4059 ab
860 4020 947 4066 eo,
970 4002 1063 4070 qui
1092 4004 1342 4053 mentem
1382 4004 1556 4070 atque
1605 4017 1824 4055 sermo-

190 4119 310 4157 nem
345 4104 498 4156 bene
521 4097 679 4151 novit
702 4095 967 4165 probare,
992 4090 1184 4160 qualis
1216 4089 1292 4143 sit
1312 4088 1422 4143 iste
1446 4088 1527 4143 vir
1549 4106 1721 4159 quem
1750 4089 1827 4144 lo-

190 4192 438 4263 quimur.
466 4186 523 4241 Si
545 4186 699 4240 enim
721 4198 853 4236 eum
880 4197 993 4235 non
1012 4180 1174 4250 prius
1190 4178 1301 4230 alio
1320 4178 1601 4232 referente
1621 4195 1825 4249 cogno-

186 4298 328 4348 vero,
355 4275 734 4344 necessejam
758 4272 866 4326 erit
888 4276 951 4324 ut
971 4270 1040 4322 ad
1064 4273 1320 4322 montem
1346 4268 1472 4337 ejus
1492 4269 1825 4324 ascendam.

186 4370 333 4433 Quod
362 4383 498 4423 cum
525 4364 822 4419 au'lissem
846 4376 972 4429 ego,
996 4372 1183 4425 neque
1204 4356 1475 4425 cuiquam
1504 4357 1823 4426 quidquam

188 4459 291 4514 tale
314 4459 621 4513 dixissem:
657 4468 771 4506 uno
804 4450 894 4503 die
927 4452 1154 4502 tantum
1190 4450 1471 4511 moratus,
1506 4444 1616 4499 alio
1641 4446 1825 4499 clausi

188 4549 450 4603 cellulam
479 4546 755 4607 meam,et
779 4556 869 4594 me
884 4536 1258 4608 atqueipsam
1280 4536 1825 4590 commendansDeo

186 4636 536 4691 Thebaidem
554 4648 741 4702 usque
757 4624 1435 4699 perrexiDiebusdecem
1452 4627 1649 4678 etocto
1665 4642 1755 4678 om
1770 4624 1824 4678 ni

188 4726 384 4781 itinere
412 4723 698 4784 confecto,
732 4719 944 4790 partim
960 4714 1317 4770 ambulando
1344 4713 1829 4784 pedibus,partim

187 4833 279 4887 per
296 4816 541 4871 fluvium
567 4809 915 4880 navigando.
940 4806 1236 4875 Agebatur
1258 4807 1450 4856 autem
1475 4802 1578 4856 hoc
1597 4819 1661 4856 eo
1681 4809 1831 4856 tem-

191 4922 335 4973 pore,
373 4921 489 4975 quo
523 4900 738 4957 fluvius
769 4897 993 4953 solebat
1025 4894 1359 4957 ascendere,
1382 4892 1619 4961 quando
1657 4892 1828 4945 multi

187 5000 461 5067 aegrotare
482 4984 1090 5057 consueverant,quod
1120 4998 1249 5037 sum
1274 4988 1330 5036 et
1354 4982 1476 5051 ipse
1497 4997 1829 5051 perpessus.

252 5084 397 5139 Cum
431 5099 570 5153 ergo
594 5078 732 5133 illuc
756 5076 1064 5137 venissem,
1110 5071 1374 5125 clausum
1427 5073 1656 5139 septum
1689 5070 1832 5140 [Ms.,

190 5172 541 5241 membrum]
572 5169 716 5223 illud
740 5163 958 5229 inveni,
980 5161 1130 5232 quod
1158 5168 1285 5215 ante
1306 5159 1640 5229 ingressum
1670 5160 1832 5213 cubi-

190 5262 449 5317 culorum
484 5260 675 5332 ipsius
734 5259 879 5314 erat;
940 5256 1137 5320 postea
1192 5249 1347 5302 enim
1412 5248 1605 5318 ipsum
1641 5248 1832 5302 locum

190 5354 586 5406 exstruxerant
606 5349 833 5401 fratres.
866 5342 1022 5397 Talis
1055 5345 1247 5394 autem
1265 5337 1625 5392 eratredilicii
1647 5338 1835 5409 ipsius

191 5441 553 5509 magnitudo,
581 5442 646 5491 ut
672 5437 787 5491 fere
809 5440 1041 5490 centum
1066 5433 1295 5499 caperet
1325 5428 1500 5481 viros.
1557 5426 1831 5481 Clausum

189 5510 382 5585 autem
417 5544 649 5598 semper
672 5527 863 5596 ipsum
890 5522 1171 5575 habentes
1196 5518 1409 5582 locum,
1436 5515 1559 5570 solo
1596 5516 1835 5571 Sabbati

190 5627 239 5674 et
262 5620 569 5675 Dominico
597 5617 687 5669 die
712 5614 937 5685 operire
959 5610 1395 5663 consueverant.
1432 5606 1675 5675 Cognita
1696 5624 1832 5677 ergo

187 5726 364 5764 causa
378 5711 445 5764 ob
461 5722 637 5780 quam
653 5703 1023 5759 clauderetur
1037 5697 1227 5769 quievi
1241 5699 1583 5766 exspectans
1596 5695 1833 5750 Sabbati

190 5799 365 5855 diem:
403 5799 657 5869 quicum
681 5794 1035 5856 advenisset,
1069 5792 1371 5858 ingressus
1396 5800 1526 5839 sum
1546 5784 1697 5840 circa
1730 5785 1832 5841 ho-

1962 2034 2253 2105 ingratum
2281 2038 2504 2105 fuisset,
2527 2051 2713 2111 spreto
2742 2043 3236 2108 codem,recedere
3252 2044 3603 2115 cogitabam.

1958 2124 2195 2179 Vocavit
2222 2126 2417 2197 itaque
2449 2130 2519 2182 ad
2553 2131 3255 2186 setuncilleTheodorum
3279 2135 3607 2189 nominein-

1960 2220 2267 2285 terpreteni
2300 2235 2497 2286 suum,
2532 2220 2730 2275 dicens
2757 2238 2767 2275 :
2794 2220 2948 2275 Vade
2970 2222 3041 2275 ad
3072 2222 3311 2276 fratrem
3337 2222 3526 2293 illum,
3550 2230 3609 2281 et

1957 2303 2049 2357 dic
2072 2304 2142 2358 ei:
2176 2305 2300 2359 Noli
2324 2324 2450 2362 esse
2473 2308 2887 2379 pusillanimis;
2906 2310 3030 2379 jam
3056 2328 3209 2365 nunc
3229 2312 3384 2366 enim
3410 2313 3607 2369 dimit-

1956 2398 2075 2446 tam
2110 2394 2435 2463 praesidem,
2470 2403 2524 2451 et
2557 2403 2744 2452 tecum
2780 2400 3007 2469 loquar.
3038 2401 3287 2469 Cognovi
3325 2401 3507 2471 igitur
3538 2418 3607 2457 ex

1956 2481 2064 2536 hoc
2094 2499 2221 2537 esse
2249 2484 2545 2539 hominem
2570 2486 2957 2556 spiritualem,
2990 2492 3046 2543 et
3070 2488 3269 2543 omnia
3285 2490 3602 2559 praevidere

1926 2568 1931 2571 ’
1956 2576 2011 2625 et
2040 2572 2255 2627 idcirco
2287 2590 2352 2628 eo
2380 2576 2567 2646 magis
2587 2577 2732 2647 coepi
2766 2578 3069 2632 remorari.

2027 2698 2271 2770 Egresso
2298 2716 2429 2754 vero
2463 2717 2595 2755 mox
2628 2701 2761 2756 inde
2794 2703 3058 2773 praeside,
3113 2719 3205 2759 me
3235 2704 3470 2772 vocavit,
3506 2704 3598 2762 his

1956 2804 2046 2841 me
2067 2787 2372 2858 alloquens
2404 2790 2615 2845 verbis.
2641 2791 3261 2862 Cur,inquit,animam
3288 2796 3449 2849 tuam
3470 2810 3599 2851 mea

1954 2877 2645 2947 reprehensionelaasisti?
2660 2897 2833 2952 quam
2854 2880 2909 2934 in
2938 2898 3025 2935 me
3044 2880 3597 2955 invenerasculpam

1954 2971 2015 3018 ut
2048 2982 2114 3019 ea
2144 2966 2199 3020 in
2235 2966 2351 3021 tuis
2386 2968 2659 3025 sensibus
2691 2969 3129 3041 cogitaresque
3156 2986 3259 3025 nec
3292 2972 3349 3025 in
3388 2988 3479 3027 me
3498 2989 3597 3028 co—

1952 3070 2192 3125 gnosco,
2214 3072 2318 3109 nec
2344 3061 2473 3111 tuos
2498 3058 2616 3112 scio
2642 3075 2833 3113 mores
2856 3060 3183 3115 decere?An
3201 3060 3597 3132 ignorasillud

1952 3145 2101 3213 quod
2138 3146 2420 3216 scriptum
2455 3153 2562 3209 est,
2595 3149 2745 3218 quod
2782 3165 2894 3203 non
2937 3148 3259 3205 incolumes
3292 3166 3357 3204 ac
3392 3151 3589 3221 fortes,

1952 3234 2052 3287 sed
2078 3236 2230 3304 quod
2256 3236 2403 3289 male
2420 3237 2543 3290 sani
2571 3238 2792 3291 medico
2807 3255 3038 3309 semper
3060 3238 3594 3310 indigeant(Ma!th.

1952 3340 2030 3391 1x;
2063 3324 2235 3379 Marc.
2268 3342 2324 3391 x;
2360 3327 2510 3380 Lucae
2539 3326 2624 3393 vi?
2653 3326 2793 3380 Nam
2827 3331 2889 3380 tu
2917 3344 3007 3381 me
3031 3344 3163 3382 cum
3197 3328 3362 3396 velis,
3390 3334 3447 3383 et
3470 3346 3598 3383 rur-

1951 3430 2053 3467 sus
2076 3430 2179 3484 ego
2202 3414 2457 3471 invenire
2481 3421 2532 3471 te
2552 3434 2815 3487 possum,
2841 3421 2895 3471 et
2927 3416 2975 3471 si
2998 3434 3063 3471 ex
3089 3434 3178 3472 me
3204 3417 3447 3472 forsitan
3475 3417 3603 3472 nul-

1949 3502 2094 3571 lum,
2129 3521 2193 3558 ex
2229 3504 2357 3559 aliis
2390 3510 2582 3561 tamen
2618 3507 2898 3561 fratribus
2930 3506 3167 3579 aliquod
3209 3506 3597 3578 Patribusque

1946 3593 2161 3663 poteris
2185 3593 2394 3648 habere
2418 3594 2707 3650 solatium
2739 3597 2850 3651 Iste
2872 3614 3003 3651 vero
3027 3602 3183 3652 totus
3205 3614 3273 3653 ex
3294 3596 3593 3653 sazculari—

1944 3683 2055 3736 bus
2088 3685 2261 3736 rebus
2294 3685 2590 3737 diabolican
2618 3687 2847 3739 deditus
2896 3688 3187 3756 potestati,
3246 3688 3339 3741 vix
3397 3686 3585 3743 brevis

1945 3773 2097 3827 hora:
2130 3773 2316 3843 Spatio
2350 3773 2535 3843 potuit
2566 3775 2869 3846 respirare.
2906 3777 2972 3829 Et
3004 3776 3585 3844 nunctentans,sicut

1944 3862 2184 3933 quidam
2202 3878 2401 3917 servus
2417 3867 2713 3917 austerum
2733 3864 3033 3917 dominum
3052 3880 3225 3918 suum
3244 3866 3567 3934 fugiens,ve

1943 3951 2373 4007 nitutsalutare
2388 3952 2480 4006 hic
2504 3952 2789 4007 inveniret
2805 3951 3454 4008 auxiliumJnconsulta
3479 3953 3589 4024 igi-

1940 4046 2038 4094 tur
2056 4047 2227 4109 atque
2249 4042 2584 4112 importuna
2606 4059 2697 4097 res
2725 4042 2961 4109 fieret,si
2983 4042 3151 4096 illum
3176 4042 3591 4111 relinquerem,

1940 4135 1995 4183 et
2017 4134 2209 4185 tecum
2237 4148 2511 4199 morarer,
2539 4132 2637 4202 qui
2656 4133 2869 4203 jugiter
2893 4131 3104 4186 salutis
3131 4136 3241 4185 tuae
3263 4129 3591 4185 commodis

1940 4236 2141 4275 vacare
2172 4222 2489 4276 consuesti.
2524 4224 2701 4287 Quem
2747 4238 2852 4290 ego
2911 4237 3262 4293 magnopere
3308 4225 3586 4293 precatus

1940 4325 2070 4363 sum
2096 4316 2157 4363 ut
2179 4328 2278 4381 pro
2313 4327 2403 4363 me
2426 4312 2766 4383 dignaretur
2788 4328 2973 4366 orare:
2996 4312 3102 4365 hoc
3127 4311 3283 4366 enim
3310 4310 3451 4365 mihi
3478 4308 3593 4381 spi-

1942 4400 2207 4454 ritualem
2268 4400 2434 4455 illum
2470 4400 2655 4454 virum
2696 4416 2824 4455 esse
2884 4401 3209 4455 certissime
3272 4399 3588 4472 persuasit.

2007 4536 2162 4589 966
2197 4536 2359 4589 Tunc
2382 4534 2610 4605 illejam
2635 4534 2820 4590 laetior
2852 4536 3086 4589 dextera
3116 4552 3223 4590 sua
3253 4534 3311 4588 in
3347 4533 3589 4589 sinistra

1939 4641 2031 4679 me
2065 4625 2272 4678 leniter
2304 4624 2501 4679 vultus
2535 4625 2645 4680 mei
2684 4630 2845 4695 parte
2878 4625 3189 4695 percussit,
3219 4624 3327 4679 hoc
3369 4624 3593 4678 dicens:

1945 4713 2147 4768 Multae
2189 4713 2597 4769 tribulationes
2652 4720 2914 4782 manent,
2950 4731 3155 4784 passus
3190 4730 3251 4769 es
3314 4712 3501 4767 multa
3533 4715 3599 4766 ut

1944 4804 2127 4859 exires
2158 4804 2227 4856 de
2259 4803 2595 4872 solitudine,
2630 4810 2685 4857 et
2715 4802 2950 4858 interim
2984 4804 3094 4857 hoc
3127 4802 3451 4857 formidans
3488 4798 3595 4855 ali-

1944 4891 2295 4964 quantulum
2319 4892 2504 4946 facere
2526 4892 2831 4947 distulisti.
2854 4892 2977 4946 Pias
3003 4898 3199 4946 autem
3216 4890 3407 4959 tibi,et
3426 4888 3598 4960 quasi

1943 4981 2321 5037 rationabiles
2347 4997 2555 5035 causas
2578 4982 2823 5037 atterens
2849 4979 3389 5047 dmmon,ventilare
3404 4983 3457 5031 te
3471 4981 3590 5032 ten-

1944 5076 2045 5126 tat.
2073 5070 2391 5125 Admonuit
2420 5070 2572 5125 enim
2632 5076 2688 5126 et
2720 5070 2875 5126 circa
2910 5070 3088 5141 patris
3119 5066 3503 5132 desiderium,
3536 5067 3594 5119 et

1945 5160 2441 5229 quemadmodum
2474 5161 2654 5214 frater
2672 5166 2806 5215 tuus
2825 5175 3105 5230 sororque
3122 5155 3402 5221 converti,
3422 5158 3597 5224 atque

1947 5251 2002 5303 in
2038 5248 2351 5303 solitudine
2383 5265 2551 5318 agere
2574 5248 2749 5303 vitam
2775 5266 2941 5304 suam
2970 5245 3416 5302 deberent.Ecce
3441 5258 3598 5298 nunc

1948 5339 2049 5394 tibi
2080 5339 2185 5393 hoc
2211 5355 2315 5409 ego
2350 5339 2931 5408 renuntio,utrosque
2951 5337 3206 5393 salvatos
3237 5352 3365 5392 esse
3387 5350 3602 5406 cogno-

1947 5446 2060 5485 sce.
2088 5428 2586 5482 Renuntiaverunt
2607 5427 2760 5481 enim
2796 5428 2968 5481 ambo
2992 5426 3372 5483 saecularibus
3400 5425 3597 5481 rebus.

1950 5520 2018 5572 Et
2040 5516 2586 5587 pater,inquit,tuus
2603 5516 2749 5570 alios
2773 5521 2994 5586 septem
3016 5517 3277 5572 victurus
3292 5521 3602 5581 estaunos;

1950 5606 2426 5675 insisteigiturac
2446 5605 2568 5659 vive
2590 5605 2647 5658 in
2664 5605 2913 5660 desertis
2937 5610 3002 5659 ut
3022 5606 3251 5678 coepisti
3286 5605 3446 5669 locis,
3466 5619 3607 5660 neve

1948 5701 2258 5769 parentum
2284 5712 2463 5750 causa
2485 5700 2719 5749 tuorum
2746 5696 2815 5750 ad
2834 5696 3086 5767 patriam
3119 5696 3310 5752 redire
3337 5693 3599 5758 festines;

1947 5786 2231 5858 scriptum
2251 5789 2338 5840 est
2360 5786 2537 5842 enim:
2553 5785 2734 5842 Nemo
2760 5786 2998 5841 mittens
3011 5802 3188 5857 super
3203 5788 3463 5842 aratrum
3477 5798 3599 5836 ma-
