4092 6324
239 381 350 437 305
1508 378 1947 435 HERACLIDIS
1983 378 2410 437 PARADISUS.
3550 383 3657 439 306

243 506 345 580 qui
384 522 512 562 eam
541 523 574 561 a
605 505 869 561 daemone
900 503 1170 560 liberavit
1223 503 1463 560 visitata
1503 506 1613 569 est,
1663 516 1798 557 mox
1840 503 1898 557 et
1926 500 1975 567 Α
2012 502 2302 559 adductus
2332 504 2689 577 animarum,
2713 522 2860 579 quas
2884 522 3099 580 magno
3121 522 3316 563 errore
3337 505 3657 579 implicitas

242 597 489 670 peperit,
516 600 573 651 et
604 594 763 667 loqui
798 594 1142 666 promeruit.
2010 592 2303 663 videbam,
2328 610 2464 651 cum
2487 612 2676 653 essem
2723 596 2873 653 liber
2915 597 3261 665 monachus,
3304 614 3373 653 ex
3412 597 3655 670 Egypto

318 687 509 757 Hujus
556 685 668 741 viri
712 684 884 739 etiam
927 683 1481 755 praznuntiationem
1516 683 1715 754 (quam
1768 698 1903 753 pro-
2012 698 2198 753 genus
2229 685 2469 752 ducens,
2531 690 2843 759 propterea
2874 687 3163 757 meipsum
3197 688 3447 743 vendere
3474 688 3653 757 volui,

242 776 505 847 phetiam
538 780 749 830 vocant
778 774 1097 845 aliquando
1145 773 1385 845 cognovi
1432 773 1622 839 (Pall.,
1672 790 1718 827 ε.
1774 772 1899 842 82);

242 873 453 937 postea
486 871 545 921 et
592 865 891 919 Simonem
944 863 1353 918 admirabilem
1383 863 1576 917 virum
1610 877 1777 933 quem
1810 861 1899 915 in-

240 956 422 1011 terim
459 972 568 1026 ego
602 960 835 1009 notasse
870 972 935 1009 ac
968 969 1140 1009 nosse
1165 969 1254 1007 me
1288 952 1550 1008 memini.

312 1046 421 1101 Hic
439 1044 585 1099 mihi
600 1044 976 1099 beatissimus
992 1048 1166 1114 atque
1180 1040 1723 1097 abstinentissimus
1756 1044 1899 1096 Pos-

245 1135 518 1191 sidonius
542 1134 717 1189 etiam
752 1133 866 1188 ista
889 1134 1194 1200 referebat,
1220 1133 1372 1203 quod
1396 1130 1899 1202 aquadragesimo

243 1225 351 1279 aevi
381 1225 474 1280 sui
507 1240 863 1290 anno,usum
893 1223 1059 1293 panis
1085 1222 1140 1276 in
1164 1222 1315 1276 victu
1336 1220 1569 1292 proprio
1586 1236 1699 1275 non
1719 1218 1900 1273 habe-

247 1320 561 1386 ret,neque
576 1330 763 1385 usque
777 1312 847 1368 ad
866 1312 1122 1367 medium
1140 1312 1251 1366 diei
1270 1310 1523 1382 spatium
1540 1309 1899 1363 iracundiam

246 1405 538 1460 adversus
560 1402 748 1457 ullum
768 1401 1075 1457 tenuisset.
1102 1406 1232 1454 Haec
1248 1405 1388 1455 sunt
1413 1398 1692 1454 miracula
1726 1404 1901 1467 atque

247 1494 423 1565 signa
446 1492 752 1547 fortissimi
771 1489 1407 1546 inChristoPossidonii
1427 1506 1553 1561 quas
1567 1488 1764 1543 divina
1778 1504 1903 1558 gra-

250 1584 329 1637 tia
355 1588 655 1654 operatus,
675 1580 730 1635 in
749 1580 841 1635 his
862 1580 1041 1635 vitam
1062 1580 1342 1633 famatam
1364 1578 1529 1633 finire
1552 1576 1897 1649 promeruit.

838 1686 1067 1741 CAPUT
1098 1685 1297 1740 XXIV.

255 1779 393 1836 Vita
432 1775 756 1849 Serapionis
812 1776 1087 1857 monac/ti,
1151 1776 1465 1830 Cleomenis
1518 1782 1568 1829 et
1616 1773 1901 1845 cujusdam

948 1850 1217 1918 Virginis.

322 1938 497 1994 Alius
521 1938 761 2010 quidam
806 1939 1084 2009 Serapion
1112 1936 1349 1992 nomine
1375 1935 1484 1990 fuit
1506 1935 1698 2007 (Pall.,
1717 1950 1760 1989 ε.
1787 1934 1899 2004 83).

251 2028 355 2095 qui
383 2026 663 2081 Sidonius
687 2042 1033 2098 cognomen,
1069 2029 1389 2096 acceperat,
1434 2023 1571 2095 quia
1593 2022 1756 2077 nulla
1786 2021 1902 2076 alia

2012 777 2192 828 utvos
2224 773 2390 829 liberi
2430 793 2461 830 a
2488 778 2719 846 magnis
2742 777 2997 848 peccatis
3033 793 3162 832 esse
3184 778 3453 849 possetis.
3509 778 3657 844 Quia

2010 861 2191 933 igitur
2264 864 2333 917 ad
2388 865 2620 934 plenum
2679 883 2781 937 per
2834 866 3230 921 humilitatem
3299 882 3491 921 meam
3547 866 3656 923 hoc

2012 952 2146 1007 fecit
2177 953 2352 1018 Deus,
2386 955 2610 1024 gaudeo
2639 973 2651 1022 ;
2702 955 2919 1011 idcirco
2957 972 3200 1011 aureum
3234 958 3385 1025 quod
3429 972 3531 1028 pro
3564 972 3655 1012 me

2012 1041 2278 1111 dedistis,
2303 1043 2569 1114 accipite,
2595 1049 2658 1099 ut
2678 1044 2824 1101 alios
2849 1062 3078 1117 quoque
3102 1046 3318 1116 quibus
3343 1046 3657 1101 subvenire

2012 1131 2255 1201 possim,
2280 1132 2587 1204 reperiam.
2615 1134 2721 1198 Qui
2754 1150 2888 1189 cum
2919 1134 3088 1189 illum
3116 1135 3451 1206 frequenter
3480 1138 3655 1207 atque

2012 1219 2302 1276 instanter
2332 1227 2625 1293 rogarent,
2659 1240 2790 1278 vera
2820 1223 3143 1279 assertione
3173 1224 3455 1291 dicentes,
3500 1224 3655 1295 quod

2009 1315 2287 1383 tanquam
2314 1330 2556 1368 suarum
2580 1314 2885 1369 dominum
2916 1314 3269 1379 animarum,
3302 1318 3526 1387 patrem
3551 1313 3655 1370 ha-

2012 1401 2249 1457 biturun
2273 1407 2468 1458 essent
2497 1405 2708 1469 eum,si
2730 1421 2847 1459 una
2869 1420 2999 1459 cum
3029 1404 3174 1475 ipsis
3198 1418 3433 1459 manere
3454 1403 3656 1475 digna-

2011 1495 2170 1545 retur
2193 1508 2258 1547 ac
2280 1492 2487 1561 vivere,
2517 1508 2706 1563 neque
2727 1497 2924 1549 tamen
2960 1492 3076 1548 ullo
3104 1493 3277 1549 modo
3305 1493 3655 1562 persuadere

2011 1580 2118 1635 hoc
2140 1579 2189 1635 ei
2214 1586 2475 1651 possent,
2501 1588 2637 1637 tunc
2660 1582 2864 1638 dicunt
2883 1584 2952 1637 ad
2976 1598 3109 1637 eum
3139 1582 3351 1638 :Dabis
3372 1598 3509 1655 ergo
3532 1582 3657 1653 ipse

2012 1685 2222 1723 aurum
2270 1668 2410 1724 illud
2464 1671 2842 1741 pauperibus,
2890 1672 3041 1741 quod
3075 1688 3182 1727 nos
3211 1670 3392 1726 veluti
3452 1671 3657 1726 arrhas

2012 1759 2299 1827 quasdam
2326 1775 2428 1829 pro
2452 1765 2655 1815 nostra
2682 1760 2871 1815 salute
2892 1761 3124 1817 dedisse
3150 1760 3557 1832 cognovimus.
3589 1758 3659 1812 Et

1932 1869 1979 1934 Β
2012 1848 2092 1901 ait
2112 1847 2229 1902 illis
2264 1866 2276 1903 :
2303 1850 2441 1905 Date
2464 1849 2571 1904 hoc
2592 1866 2718 1915 vos,
2744 1851 2884 1922 quia
2913 1856 3174 1905 vestrum
3198 1854 3326 1917 est;
3361 1864 3467 1921 ego
3500 1846 3656 1903 enim

2015 1936 2238 1993 alienas
2262 1938 2538 2008 pecunias
2562 1955 2677 1994 non
2697 1940 2851 1994 dono
2878 1940 3259 2012 pauperibus.
3291 1940 3502 1994 Dicunt
3519 1953 3656 2009 ergo

2011 2025 2061 2079 ei
2098 2041 2109 2080 :
2144 2025 2360 2081 Saltem
2389 2026 2497 2081 hoc
2549 2031 2605 2083 te
2645 2044 2999 2100 magnopere
3034 2029 3439 2100 deprecamur,
3472 2030 3533 2082 ut
3564 2025 3653 2081 vel

248 2120 411 2171 veste
428 2116 540 2171 nisi
564 2114 687 2171 sola
708 2115 951 2170 sindone
975 2114 1458 2178 utebatur.Quem
1474 2113 1616 2167 nihil
1636 2127 1895 2182 unquam

253 2205 537 2261 habuisse
566 2204 649 2260 vel
682 2205 1009 2276 possedisse
1056 2205 1200 2259 satis
1224 2208 1426 2257 notum
1460 2202 1734 2257 omnibus
1768 2200 1895 2270 fuit,

244 2300 488 2366 propter
508 2295 662 2364 quod
694 2300 751 2349 et
772 2294 1105 2365 apathes,id
1128 2297 1217 2349 est
1242 2290 1897 2364 impassibilis,vocaba—

240 2390 359 2447 tur,
382 2386 523 2456 quia
542 2383 776 2439 nullum
793 2384 1127 2456 patiebatur
1158 2383 1513 2437 desiderium
1529 2380 1892 2452 possidendi.

240 2473 654 2529 Peritissimus
677 2479 873 2529 autem
900 2478 1027 2528 erat
1050 2472 1295 2527 scientia
1322 2471 1674 2537 litterarum,
1699 2470 1890 2540 Scrip-

236 2568 523 2633 turasque
550 2578 757 2618 omnes
790 2563 1072 2617 tenaciter
1095 2561 1337 2617 memori
1355 2566 1557 2632 terque
1579 2558 1888 2615 recolebat.

244 2652 351 2717 Qui
379 2670 447 2706 ex
470 2652 653 2707 nimia
678 2652 1033 2707 abstinentia
1056 2651 1319 2707 omnium
1348 2667 1567 2717 rerum,
1591 2654 1647 2704 et
1672 2666 1741 2704 ex
1760 2648 1889 2720 jugi

236 2742 573 2797 divinorum
602 2741 980 2797 meditatione
1002 2739 1537 2801 librorum,cellulae
1559 2739 1736 2794 unius
1760 2738 1887 2810 qui-

230 2837 323 2885 ete
383 2848 499 2885 non
552 2835 781 2902 poterat
809 2847 938 2886 esse
979 2836 1317 2895 contentus,
1359 2830 1457 2884 sed
1494 2846 1595 2901 per
1625 2829 1888 2885 diversas

232 2935 405 2975 mens
428 2937 660 2989 semper
682 2920 867 2990 ipsius
890 2920 1253 2974 trahebatur.
1296 2924 1437 2974 Toto
1462 2918 1641 2989 igitur
1680 2916 1886 2971 mundi

233 3010 347 3064 fine
398 3009 770 3076 discurrens,
796 3009 863 3064 ad
890 3008 1024 3063 talis
1053 3008 1249 3079 gloriae
1291 3008 1563 3063 virtutem
1597 3007 1884 3071 ascendit,

231 3098 423 3169 Hujus
451 3101 608 3153 enim
640 3098 878 3154 habitus
909 3099 991 3169 (id
1026 3102 1114 3153 est
1148 3098 1524 3169 voluntatis‘)
1556 3112 1725 3151 mens
1755 3098 1884 3166 ejus

228 3194 393 3254 erat;
426 3188 583 3243 unde
614 3193 672 3243 et
696 3187 1059 3242 voluntatem
1089 3186 1579 3257 atl'ectionumque
1610 3185 1881 3241 differen-

227 3277 365 3347 tias,
402 3294 518 3332 non
550 3278 1019 3332 substantiarum
1054 3293 1352 3332 vocamus.

296 3367 417 3422 Hoc
452 3371 649 3421 autem
681 3367 751 3421 de
782 3383 847 3422 eo
880 3370 1077 3437 patres
1109 3366 1294 3421 sancti
1319 3365 1638 3436 aliquando
1670 3364 1879 3420 refere-

226 3456 392 3519 bant,
426 3457 583 3527 quod
612 3472 712 3528 per
740 3456 1091 3510 monachum
1120 3455 1376 3525 aliquem
1400 3454 1769 3510 conlusorem
1786 3470 1879 3508 su-

226 3546 475 3616 um(23),
506 3544 565 3599 in
587 3545 802 3617 oppido
830 3546 1087 3615 quodam
1117 3544 1321 3616 viginti
1346 3543 1669 3598 solidorum
1695 3542 1876 3614 pretio

223 3634 475 3705 paganis
504 3642 689 3690 semet
711 3634 904 3705 ipsum
926 3634 1263 3689 distraxerit
1295 3633 1526 3700 mimis;
1547 3637 1603 3688 et
1624 3649 1773 3703 quos
1797 3632 1874 3686 si-

223 3729 428 3792 gnatos
449 3740 555 3795 pro
578 3740 640 3779 se
665 3728 969 3794 acceperat
1001 3722 1241 3790 solidos,
1266 3723 1421 3794 apud
1448 3740 1509 3777 se
1532 3722 1657 3793 ipse
1682 3738 1874 3776 serva-

225 3818 389 3871 verit.
413 3816 646 3872 Tandiu
672 3831 830 3886 ergo,
857 3831 990 3868 cum
1017 3814 1311 3885 praedictis
1332 3813 1431 3885 qui
1455 3829 1587 3867 eum
1612 3814 1876 3867 emerant

226 3906 513 3974 mimis,in
545 3904 646 3959 tali
671 3904 943 3960 servitute
969 3904 1313 3975 permansit,
1348 3903 1612 3975 quandiu
1637 3907 1693 3958 et
1716 3900 1874 3957 Chri-

222 3995 446 4050 stianos
469 4012 569 4050 eos
595 3996 888 4062 faceret,et
911 4010 943 4048 a
966 3993 1121 4048 ludis
1147 3992 1533 4048 theatralibus
1550 3995 1870 4064 separaret.

220 4084 392 4139 Nullo
420 4089 617 4139 autem
652 4081 765 4138 alio
797 4083 867 4137 ad
896 4082 1113 4137 victum
1146 4099 1345 4147 suum,
1369 4087 1605 4153 excepto
1635 4097 1782 4153 pane
1814 4083 1871 4135 et

222 4190 395 4244 aqua,
416 4175 501 4227 uti
526 4172 770 4237 solebat,
795 4188 984 4243 neque
1006 4187 1267 4242 unquam
1284 4170 1609 4239 Scripturas
1637 4174 1869 4225 sanctas

218 4262 407 4335 legere
431 4262 720 4317 cessabat.
746 4264 969 4316 Interea
998 4260 1155 4331 longi
1180 4261 1466 4331 temporis
1492 4260 1676 4331 spatio
1714 4258 1871 4329 prior

220 4352 410 4405 mimae
446 4351 697 4406 maritus
719 4349 913 4405 animo
955 4349 1301 4405 stimulante
1342 4352 1731 4419 compunctus
1761 4355 1867 4417 est,

218 4446 355 4495 tunc
378 4446 434 4497 et
459 4441 589 4511 ipsa
620 4441 749 4510 ejus
774 4440 1051 4510 conjunx,
1078 4440 1147 4493 ad
1175 4443 1532 4510 postremum
1563 4438 1738 4492 etiam
1773 4438 1871 4492 do-

219 4546 350 4585 mus
385 4536 524 4585 tota.
550 4530 867 4585 Dicebatur
888 4533 1104 4595 autem,
1139 4528 1290 4598 quod
1312 4533 1627 4597 antequam
1652 4526 1867 4597 aliquis

2010 2119 2142 2185 post
2172 2116 2308 2170 anni
2342 2117 2627 2172 circulum
2661 2134 2767 2173 nos
2800 2118 3064 2189 requiras
3094 2118 3361 2173 Athenis.

2078 2204 2181 2259 Hic
2204 2205 2401 2276 itaque
2424 2207 2837 2262 sanctissimus
2864 2207 3121 2263 famulus
3139 2206 3356 2263 Christi
3379 2206 3653 2277 frequen-

2009 2297 2098 2347 ter
2128 2295 2555 2364 peregrinando
2584 2297 2654 2351 ad
2682 2296 2980 2353 Helladam
3000 2297 3284 2369 pervenit,
3327 2312 3391 2351 ac
3434 2312 3533 2368 per
3555 2294 3657 2349 tri-

2006 2384 2188 2437 duum
2225 2390 2491 2440 moratus
2522 2385 2790 2450 Athenis,
2824 2404 2857 2441 a
2885 2386 3045 2441 nullo
3079 2401 3290 2456 panem
3320 2401 3434 2456 quo
3460 2399 3652 2439 vesce-

2005 2476 2169 2526 retur
2196 2474 2438 2543 accepit.
2473 2473 2619 2528 Nam
2668 2490 2855 2546 neque
2887 2474 3193 2547 pecuniam
3228 2472 3497 2540 habebat,
3539 2487 3653 2527 non

2002 2560 2239 2632 pellem,
2286 2578 2400 2616 non
2452 2578 2651 2633 peram
2698 2579 2809 2618 non
2866 2564 3190 2635 quidquam
3244 2562 3402 2618 aliud
3450 2576 3653 2617 secum

2002 2654 2210 2721 praeter
2240 2651 2572 2718 sindonem,
2598 2668 2714 2723 qua
2740 2652 2931 2708 fuerat
2953 2654 3219 2719 amictus,
3244 2652 3483 2707 ferebat.
3508 2655 3650 2706 Cum

1991 2739 2117 2809 jam
2138 2754 2275 2811 ergo
2293 2756 2477 2811 usque
2492 2742 2562 2795 ad
2588 2746 2859 2813 quartam
2884 2742 3033 2796 diem
3054 2741 3199 2796 nihil
3220 2741 3452 2812 penitus
3474 2741 3649 2796 eden-

1999 2831 2071 2884 do
2095 2829 2609 2891 venisset.esurire
2630 2832 3004 2887 vehementer
3025 2832 3556 2904 cmpit.Nibilenim
3581 2847 3647 2887 eo

1988 2919 2213 2989 jejunio
2239 2921 2406 2990 pejus
2428 2921 2605 2991 quod,
2630 2926 3009 2993 extorquetur
3033 2922 3235 2988 invito,
3261 2940 3328 2979 ex
3359 2923 3529 2994 cujus
3550 2936 3649 2977 ne-

1995 3010 2268 3065 cessitate
2294 3009 2553 3081 procedit
2593 3027 2742 3081 saepe
2789 3011 3052 3082 perfidia.
3094 3011 3263 3068 Stetit
3293 3029 3430 3084 ergo
3463 3028 3643 3084 supra

1995 3100 2309 3168 quemdam
2359 3098 2698 3155 colliculum
2732 3100 3009 3166 civitatis,
3038 3100 3138 3156 ubi
3171 3103 3451 3173 primates
3483 3103 3643 3173 ejus-

1996 3190 2124 3243 dem
2149 3188 2346 3259 oppidi
2379 3188 2693 3244 concilium
2722 3189 2939 3245 habere
2970 3196 3411 3259 consueverant,
3437 3194 3493 3247 et
3524 3190 3642 3248 illic

1996 3294 2207 3331 manus
2239 3277 2416 3332 etiam
2451 3294 2589 3332 suas
2641 3280 3021 3350 percutiendo
3072 3279 3364 3335 clamabat
3411 3280 3527 3334 vim
3579 3295 3641 3335 se

1990 3366 2307 3421 maximam
2341 3367 2484 3438 pati,
2512 3367 2603 3421 his
2654 3366 3032 3423 sermonibus
3054 3368 3257 3424 dicens
3286 3367 3635 3423 :Athenien-

1988 3472 2082 3511 ses
2114 3455 2588 3521 viri,succurrite.
2621 3456 3048 3513 Concurrentes
3088 3461 3282 3513 autem
3322 3473 3527 3513 omnes
3559 3457 3640 3513 si-

1989 3544 2113 3599 mul
2145 3562 2525 3615 quoscunque
2549 3546 3164 3619 palliis,quoscunque
3195 3548 3493 3603 cernimus
3517 3546 3635 3602 bir-

1988 3636 2068 3691 ris
2118 3654 2247 3692 esse
2297 3637 2556 3703 vestitos,
2608 3638 2971 3710 interrogant
3018 3655 3152 3695 eum
3198 3639 3338 3711 quid
3372 3639 3632 3709 haberet,

1988 3725 2141 3780 unde
2163 3725 2437 3792 venisset,
2470 3725 2555 3780 vel
2578 3727 2719 3796 quid
2746 3726 3043 3783 diceretse
3066 3728 3207 3798 pati.
3233 3728 3396 3783 Tunc
3419 3726 3516 3783 ille
3544 3742 3633 3783 re-

1985 3813 2223 3883 spondit
2247 3830 2259 3868 :
2286 3813 2368 3868 Ab
2391 3814 2791 3885 .Egyptiorum
2825 3814 3062 3885 quidem
3086 3831 3296 3887 genere
3317 3818 3628 3885 descendo,

1985 3904 2427 3958 conversatione
2468 3903 2812 3959 monachus.
2837 3904 2917 3958 Ex
2948 3920 3062 3974 quo
3096 3908 3296 3960 tamen
3344 3905 3413 3961 de
3439 3906 3629 3976 patria

1985 4009 2111 4047 mea
2142 4010 2268 4064 quae
2300 3998 2423 4047 erat
2455 3993 2598 4047 mihi
2632 4010 2787 4055 vera,
2822 3993 3089 4056 discessi,
3113 3993 3171 4048 in
3197 3994 3375 4049 trium
3400 3995 3625 4050 tenera-

1982 4086 2174 4138 torum
2202 4082 2683 4138 manusincurri:
2718 4099 2787 4137 ex
2807 4084 3024 4154 quibus
3047 4083 3194 4139 duos
3216 4083 3456 4156 quiden,
3489 4100 3631 4155 quo-

1983 4188 2213 4242 cunque
2236 4173 2409 4228 modo
2433 4172 2691 4228 debitum
2710 4172 3132 4245 solvens,potui
3156 4172 3449 4229 declinare
3466 4178 3523 4229 et
3546 4173 3630 4229 sio

1981 4278 2047 4316 ea
2070 4278 2195 4333 quae
2219 4262 2289 4317 ab
2317 4261 2461 4332 ipsis
2504 4262 2936 4331 objiciebantur
2969 4264 3251 4334 effugere;
3290 4263 3494 4319 tertius
3525 4280 3631 4319 au-

1980 4355 2097 4405 tem
2132 4351 2322 4405 adhuc
2348 4350 2443 4405 ille
2468 4367 2559 4406 me
2583 4350 2812 4419 retinet,
2837 4369 2940 4407 nec
2974 4352 3156 4409 habeo
3187 4353 3342 4407 unde
3366 4356 3422 4408 et
3453 4352 3629 4408 satis-

1981 4440 2169 4494 facere
2211 4440 2453 4511 possim.
2491 4444 2762 4512 Cumque
2788 4440 2874 4495 illi
2899 4440 3263 4513 requirerent
3302 4442 3525 4514 abipso
3550 4442 3631 4496 fe-

1982 4534 2279 4584 neratores
2305 4529 2521 4600 quibus
2540 4545 2600 4585 se
2624 4530 2948 4586 debitorem
2977 4548 3105 4587 esse
3126 4532 3397 4599 disceret,
3420 4531 3628 4587 scisci-

219 4622 343 4690 ejus
366 4624 748 4691 cognosceret
775 4617 979 4683 vitam,
1006 4619 1183 4689 pedes
1205 4633 1433 4687 quoque
1458 4617 1599 4687 ipsis
1618 4616 1859 4685 levaret,
1896 4607 1941 4671 D
1973 4618 2250 4673 tabantur
2289 4619 2359 4673 ab
2390 4635 2455 4673 eo
2496 4619 2597 4689 qui
2624 4618 2705 4672 illi
2730 4624 2955 4689 essent,
2977 4619 3067 4674 vel
3087 4620 3187 4675 ubi
3216 4620 3514 4693 degerent,
3537 4618 3626 4676 vel

221 4716 291 4763 ut
311 4710 561 4765 dominis
589 4725 601 4763 :
630 4712 833 4779 postea
862 4724 994 4762 vero
1036 4723 1211 4778 quam
1233 4706 1541 4777 spirituale
1564 4706 1861 4761 lavacrum

222 4806 464 4873 uterque
501 4799 785 4872 suscepit,
809 4804 1056 4868 uterque
1078 4814 1111 4852 ο.
1136 4797 1400 4852 theatrali
1432 4801 1565 4852 actu
1600 4798 1863 4867 recessit,

222 4893 603 4962 conversique
625 4894 765 4945 sunt
786 4889 856 4944 ad
884 4893 1107 4942 castam
1140 4887 1360 4958 pariter
1378 4903 1440 4940 ac
1465 4886 1618 4956 piam
1659 4886 1862 4941 vitam.

217 4979 602 5036 Vehementer
622 4983 821 5035 autem
865 4981 1253 5033 memoratum
1281 4992 1345 5030 ac
1378 4976 1630 5031 dulciter
1660 4974 1864 5048 dilige-

218 5071 360 5125 bant
382 5073 597 5139 virum,
628 5070 736 5125 hoc
778 5069 1039 5124 dicentes
1072 5067 1121 5123 ei
1159 5084 1171 5121 :
1204 5066 1367 5133 Veni,
1407 5067 1605 5133 frater,
1632 5068 1758 5137 jam
1808 5071 1865 5121 te

217 5158 482 5215 libertate
522 5160 836 5227 donamus,
869 5174 934 5212 eo
967 5156 1121 5227 quod
1154 5155 1279 5226 ipse
1308 5172 1413 5210 nos
1448 5155 1607 5226 prior
1637 5157 1708 5210 de
1739 5160 1862 5209 tur-

220 5247 281 5317 pi
317 5249 540 5304 servitio
577 5246 857 5303 liberasti.
886 5246 975 5300 Ad
1012 5262 1158 5316 quos
1188 5244 1555 5316 magnusille
1581 5244 1862 5317 Serapion

217 5337 514 5407 respondit
546 5356 559 5394 :
592 5338 759 5392 Nunc
788 5336 956 5391 vobis
1005 5351 1110 5405 ego
1143 5334 1268 5405 jam
1330 5335 1695 5389 necesSarius
1747 5350 1862 5389 non

216 5442 369 5495 sum,
399 5444 545 5499 opus
578 5428 637 5481 in
668 5426 832 5481 vobis
865 5440 1040 5480 suum
1087 5422 1240 5477 Deus
1291 5440 1394 5495 per
1444 5440 1536 5479 me
1580 5422 1861 5495 implevit,

213 5518 275 5569 et
310 5516 610 5589 utriusque
635 5521 896 5571 vestrum
928 5513 1127 5568 anima
1166 5512 1395 5567 salvata
1440 5520 1548 5568 est.
1582 5512 1747 5568 Unde
1771 5529 1863 5568 se-

220 5606 435 5661 cretum
466 5623 663 5663 meum
686 5605 851 5661 vobis
882 5609 1057 5674 atque
1078 5601 1188 5657 hoc
1220 5602 1373 5674 quod
1404 5601 1687 5658 hactenus
1708 5601 1867 5658 cela-

216 5708 410 5749 veram
441 5694 654 5767 pando.
689 5694 826 5767 Ego,
862 5692 1075 5763 inquit,
1109 5690 1488 5747 miseratione
1534 5694 1864 5749 vestrarum

297 5792 313 5828 ¹
344 5793 457 5854 Hoc
486 5796 650 5855 deest
670 5795 730 5851 in
760 5794 868 5852 Ms.
900 5795 1104 5852 Moret.

1977 4707 2110 4778 quis
2132 4706 2226 4761 ille
2254 4706 2353 4779 qui
2387 4708 2437 4763 ei
2462 4707 2745 4763 molestus
2768 4712 2961 4777 esset;
2997 4725 3171 4780 quem
3194 4709 3245 4765 si
3269 4710 3627 4779 ostenderet,

1974 4797 2281 4867 adjuturos
2329 4797 2467 4852 sein
2494 4796 2771 4853 omnibus
2803 4814 2937 4853 eum
2971 4796 3343 4869 pollicentur.
3369 4796 3624 4853 Tuncil-

1975 4885 2027 4941 le
2054 4903 2065 4940 ε
2102 4888 2138 4940 Α
2173 4884 2482 4958 principio,
2506 4886 3059 4958 inquit,juventutis
3082 4887 3311 4954 mete,hi
3336 4892 3455 4943 tres
3478 4884 3623 4940 mihi

1974 4991 2207 5047 semper
2231 4975 2459 5031 molesti
2487 4976 2743 5046 fuerunt,
2768 4976 3061 5047 cupiditas
3088 4975 3369 5047 pecunias,
3393 4972 3625 5030 deside-

1976 5066 2129 5121 rium
2179 5064 2568 5137 voluptatum,
2593 5072 2649 5122 et
2686 5066 2978 5123 voracitas
3016 5066 3274 5122 ventris:
3300 5082 3369 5121 ex
3408 5063 3626 5137 quibus

1977 5155 2150 5209 rebus
2174 5155 2345 5223 duas,
2370 5155 2479 5210 hoc
2500 5160 2587 5211 est
2610 5154 2868 5226 pecuniae
2893 5172 2958 5209 ac
2979 5154 3347 5226 voluptatum
3395 5154 3629 5225 cupidi-

1977 5248 2153 5299 tatem
2184 5243 2581 5315 evasissejam
2606 5243 2827 5310 videor,
2844 5259 3033 5313 neque
3057 5242 3198 5297 mihi
3224 5242 3470 5299 ulterius
3492 5247 3634 5300 sunt

1977 5333 2232 5389 molestae
2260 5351 2272 5399 ;
2299 5334 2528 5388 tertiam
2557 5350 2690 5389 vero
2716 5337 2919 5405 (quam
2946 5331 3062 5385 dixi
3086 5331 3488 5406 voracitatem)
3514 5333 3631 5391 fer-

1977 5440 2037 5478 re
2071 5438 2182 5477 non
2218 5439 2480 5493 possum.
2515 5423 2659 5477 Nam
2695 5438 2829 5477 cum
2882 5425 3093 5492 quarto
3139 5420 3232 5476 die
3271 5421 3397 5493 jam
3431 5439 3500 5479 ex
3528 5440 3628 5479 ne-

1975 5510 2548 5582 cessitatejejunem,
2573 5514 2743 5582 urget
2768 5525 2860 5565 me
2895 5508 2997 5563 illa
3028 5508 3184 5565 sicut
3212 5512 3625 5568 severissimus

1976 5601 2283 5667 fenerator,
2308 5600 2547 5672 exigens
2575 5599 2843 5655 debitum
2875 5597 3117 5655 solitum
3151 5617 3383 5674 semper
3413 5618 3479 5658 ao
3510 5601 3623 5656 tla-

1974 5688 2189 5761 gitans,
2221 5693 2279 5746 et
2311 5689 2425 5746 nisi
2477 5688 2804 5760 reddidero,
2854 5691 3105 5747 mortem
3152 5689 3430 5749 minatur.
3461 5690 3623 5747 Tunc
