4092 6324
489 332 595 387 307

1638 334 2001 388 APPENDIX
2041 335 2137 386 AD
2176 332 2393 385 VITAS
2428 331 2730 384 PATRUM
3768 331 3857 388 308

494 455 737 528 quidam
778 455 1262 528 philosophorum
1312 461 1586 527 putantes
1635 472 1768 511 eum
1817 454 2140 525 composita
2169 457 2223 521 Α
2253 453 2424 519 simo,
2459 451 3239 524 miraculisquefamigerato
3263 451 3449 506 factus
3469 455 3856 519 estnotus,cu-

492 545 764 615 quaedam
798 548 853 600 et
882 546 1017 601 ﬁcta
1046 562 1307 614 narrare,
1353 562 1532 600 unum
1591 546 1844 601 solidum
1895 545 2147 600 offerunt

490 635 542 691 ei
575 652 685 706 quo
718 635 815 690 ille
865 642 1124 707 sumpto,
1157 645 1211 690 et
1241 637 1471 691 cuidam
1497 636 1596 707 qui
1626 653 1806 707 panes
1836 635 2142 705 vendebat,

493 725 652 792 dato,
686 741 919 795 unoque
945 730 1172 779 tantum
1207 725 1277 779 ab
1311 741 1376 780 eo
1410 742 1558 796 pane
1588 730 1884 794 suscepto,
1917 741 2048 778 mox
2072 725 2142 778 ab

488 814 690 868 eadem
717 814 1012 884 profectus
1044 819 1133 868 est
1163 814 1415 880 civitate,
1442 831 1631 885 neque
1654 820 1844 868 tamen
1878 831 2138 885 unquam

487 907 689 973 postea
721 903 789 956 ad
829 904 1019 973 ipsam
1057 919 1322 958 reversus
1354 910 1459 957 est.
1495 904 1735 974 Cognito
1768 903 1920 957 968
1947 908 2137 957 autem

487 1007 553 1045 eo
585 990 922 1062 philosophi
965 991 1070 1055 illi,
1120 992 1400 1063 omnique
1433 994 1510 1047 rei
1542 992 1783 1047 veritate
1816 997 2137 1064 perspecta,

485 1095 765 1150 magnum
800 1080 996 1135 nescio
1031 1096 1206 1151 quem
1257 1081 1447 1135 virum
1480 1099 1604 1136 csse
1653 1082 1957 1135 firmantes
2008 1082 2135 1136 red-

484 1168 606 1224 dito
651 1168 829 1224 unius
882 1170 1068 1240 pretio
1102 1170 1294 1241 panis,
1333 1170 1589 1225 solidum
1627 1171 1697 1224 ab
1726 1187 1790 1225 eo
1823 1186 1993 1241 quem
2043 1169 2136 1223 ille

486 1264 850 1329 susceperat,
885 1264 1249 1330 receperunt.

565 1374 709 1428 Cum
734 1389 871 1444 ergo
892 1372 1149 1428 venisset
1172 1374 1552 1429 beatissimus
1576 1374 1671 1429 ille
1699 1374 1852 1429 circa
1876 1376 2137 1430 Lacedae-

486 1462 678 1516 monis
700 1461 846 1529 loca,
864 1479 1047 1516 unum
1076 1462 1197 1517 illic
1221 1463 1291 1517 de
1314 1463 1607 1534 prioribus
1632 1465 2132 1531 civitatis,bonum

485 1550 540 1604 in
577 1550 801 1606 caeteris
825 1552 999 1606 rebus
1028 1553 1238 1617 virum,
1286 1569 1607 1624 omnesque
1650 1554 1718 1607 de
1742 1554 1913 1607 domo
1948 1553 2134 1624 ipsius

488 1639 837 1695 Manichaaos
862 1656 991 1695 esse
1019 1641 1308 1711 cognovit.
1337 1645 1395 1696 In
1422 1641 1530 1695 hac
1554 1659 1759 1697 rursus
1783 1643 1951 1697 domo
1972 1643 2136 1711 juxta

485 1728 819 1799 exemplum
846 1730 1117 1799 superius
1137 1730 1399 1784 vendidit
1422 1747 1483 1786 se
1506 1736 1561 1785 et
1593 1731 1747 1785 intra
1770 1731 1915 1786 duos
1951 1749 2134 1786 annos

486 1821 607 1873 tam
644 1817 832 1887 ipsum
869 1818 1080 1873 domus
1131 1820 1437 1874 dominum
1474 1820 1544 1874 ab
1577 1820 1915 1875 exsecrabili
1951 1826 2127 1886 secta,
2161 1830 2208 1894 B

486 1922 663 1977 quam
687 1907 993 1978 conjugem
1020 1908 1147 1977 ejus
1163 1912 1459 1980 totamque
1485 1909 1761 1963 familiam
1780 1910 2127 1974 abstractos,

484 1994 751 2050 Ecclesiae
784 1996 1041 2052 tradidit.
1076 1996 1256 2059 Quem
1290 1997 1372 2051 illi
1398 1999 1520 2068 jam
1572 2015 1686 2053 non
1738 1999 1905 2069 quasi
1939 2000 2131 2052 famu-

484 2082 606 2139 lum
641 2083 985 2155 diligebant,
1019 2087 1117 2140 sed
1146 2086 1315 2157 quasi
1350 2088 1585 2142 fratrem
1621 2089 1997 2142 attendebant
2028 2104 2128 2159 po-

483 2173 604 2228 tius
635 2177 737 2228 aut
767 2177 1015 2244 patrem,
1051 2191 1251 2230 verum
1286 2176 1698 2232 benedicentes
1731 2181 1932 2232 Deum.

556 2298 1011 2370 Postpaululum
1034 2304 1290 2371 tempus,
1308 2318 1437 2357 cum
1464 2302 1535 2356 ab
1555 2302 1636 2357 eis
1655 2302 2130 2359 discessissethic

484 2387 812 2458 spirituaiis
829 2389 1069 2444 adamas
1091 2390 1529 2461 Serapion,cum
1556 2390 1762 2446 multis
1785 2391 1915 2446 aliis
1931 2395 1985 2445 et
2005 2390 2130 2461 ipse

483 2474 790 2547 ingressus
817 2480 1382 2544 estnavem,reddito
1407 2481 1590 2552 pretio
1617 2481 1779 2551 prius
1802 2480 1955 2551 quod
1976 2497 2132 2534 acce-

485 2570 651 2636 perat
671 2584 704 2621 a
724 2565 1003 2634 dominis,
1028 2568 1193 2637 quasi
1220 2568 1465 2623 Romam
1498 2569 1898 2640 navigaturus.
1932 2570 2131 2624 Nautes

483 2670 616 2709 vero
666 2655 1036 2726 suspicantes
1081 2658 1236 2727 quod
1275 2666 1551 2729 sumptus
1597 2658 1853 2727 haberet,
1876 2664 1931 2713 et
1978 2660 2132 2728 quod

483 2744 767 2813 quasdam
787 2760 987 2799 secum
1015 2746 1138 2799 auri
1168 2748 1390 2817 species
1414 2747 1729 2809 attulisset,
1750 2752 2138 2818 susceperunt

483 2832 791 2899 eum,nihil
817 2834 887 2887 ab
912 2849 978 2887 eo
999 2834 1233 2904 penitus
1259 2836 1757 2906 requirentes,nec
1772 2836 2136 2907 ambigentes

484 2921 637 2991 quod
657 2922 1031 2992 unusaliquis
1046 2940 1110 2977 ex
1130 2924 1274 2995 ipsis
1291 2942 1381 2979 res
1395 2926 1655 2993 ejusdem
1691 2942 1923 2995 quoque
1945 2929 2007 2979 ut
2026 2941 2133 2979 caa-

484 3017 767 3074 terorum,
788 3010 845 3064 in
870 3017 1034 3082 parte
1053 3014 1215 3068 navis
1231 3014 1813 3069 constituisset.Dum
1842 3015 2136 3085 igiturna-

485 3098 964 3169 vigarenl,etjam
983 3102 1188 3157 abesse
1209 3103 1549 3174 quingentis
1566 3105 1636 3159 ab
1659 3103 2134 3159 Alcxandriasta-

2244 534 2348 613 jus
2379 542 2630 597 lectulus
2666 546 2797 613 post
2824 541 3013 613 ipsius
3046 556 3292 596 mortem
3313 539 3739 597 solebatcurare
3759 543 3858 599 lan-

2253 637 2517 703 guentes.
2549 632 2689 685 Viso
2716 631 2825 686 hoc
2846 631 3027 701 igitur
3071 631 3142 685 ab
3165 631 3391 697 eodem,
3425 633 3480 684 et
3501 630 3859 688 azdificatuset

2251 723 2456 775 doetus
2478 726 2566 775 est
2589 722 2657 775 ad
2686 721 3028 792 perfectum.
3063 719 3158 775 Ille
3181 720 3337 775 enim
3381 719 3467 773 vir
3495 719 3742 775 eruditus
3779 732 3857 776 at-

2253 828 2365 882 que
2398 812 2725 865 instructus
2760 809 3006 864 scientia
3029 814 3086 864 et
3110 810 3279 863 bonis
3304 808 3559 863 moribus
3583 812 3715 863 erat.

2321 902 2365 953 A
2392 917 2506 970 quo
2529 900 2674 954 forte
2716 917 2848 954 cum
2892 902 3179 970 quaereret
3218 899 3351 969 quis
3391 896 3533 951 alter
3570 898 3860 955 monachus

2250 988 2631 1059 velfquaznam
2656 989 2817 1059 virgo
2842 989 3043 1042 devota
3067 988 3123 1042 in
3150 988 3292 1042 urbe
3335 990 3649 1041 memorata
3676 988 3859 1057 degere

2249 1077 2543 1132 diceretur
2565 1077 2827 1148 (ριιιιαιι.,
2852 1078 3097 1147 cap.85),
3120 1075 3387 1145 cognovit
3411 1092 3536 1130 esse
3558 1074 3671 1129 illic
3704 1076 3858 1146 virgi-

2249 1184 2379 1221 nem
2403 1169 2714 1237 quamdam
2738 1184 2866 1237 quze
2886 1184 2945 1222 se
2964 1168 3034 1221 ab
3058 1166 3333 1221 omnibus
3356 1169 3618 1236 separata
3639 1164 3857 1219 clausis-

2247 1262 2336 1311 set
2376 1257 2529 1311 intra
2572 1256 2841 1311 cellulam
2866 1273 3030 1310 suam
3061 1261 3235 1327 atque
3257 1253 3377 1309 illic
3408 1254 3727 1323 quiescens,
3748 1252 3858 1308 nul-

2245 1345 2367 1400 lum
2404 1345 2707 1401 hominum
2744 1363 2998 1416 unquam
3032 1342 3531 1406 videret.Quaerrit
3551 1342 3861 1411 moxipsius

2245 1436 2486 1490 domum
2518 1452 2529 1489 :
2556 1453 2731 1507 quam
2758 1452 2891 1490 cum
2914 1435 3252 1499 invenisset,
3278 1433 3498 1489 accedit
3520 1433 3585 1486 ad
3627 1431 3857 1487 vetulam

2245 1527 2583 1595 quamdam,
2638 1544 2763 1597 quas
2794 1526 2853 1580 in
2887 1525 3217 1580 ministerio
3266 1527 3597 1579 memoratae
3644 1522 3858 1592 virginis

2246 1621 2387 1683 erat,
2424 1616 2530 1670 hoc
2572 1616 2623 1669 ei
2655 1617 2890 1671 dicens:
2916 1615 3096 1684 Vade,
3147 1618 3203 1669 et
3252 1613 3462 1668 nuntia
3492 1611 3714 1684 virgini,
3738 1611 3859 1682 quia

2246 1706 2576 1759 necessario
2609 1722 2734 1760 eam
2766 1705 2960 1760 videre
2992 1704 3278 1759 desidero.
3314 1703 3417 1758 Illa
3466 1719 3595 1757 vero
3634 1699 3860 1756 reddidit

2245 1810 2591 1864 responsum
2609 1796 2802 1849 dicens
2826 1795 2977 1866 quod
2997 1812 3062 1849 ex
3079 1792 3483 1858 multi,sannis
3503 1791 3775 1846 neminem
3792 1788 3859 1842 vi-

2240 1883 2446 1940 disset.
2470 1884 2620 1938 Dicit
2641 1886 2691 1939 ei
2718 1886 2937 1950 :Vade,
2978 1883 3179 1937 nuntia
3203 1883 3277 1949 ei;
3323 1883 3474 1936 Deus
3504 1880 3651 1935 enim
3693 1896 3776 1934 me
3795 1879 3857 1933 ad

2240 1972 2595 2043 colloquium
2624 1973 2812 2044 ipsius
2837 1972 3014 2026 misit.
3043 1972 3144 2026 Illa
3167 1988 3295 2026 vero
3321 1988 3392 2024 ne
3414 1971 3501 2025 sic
3524 1969 3746 2041 quidem
3770 1984 3852 2021 vo-

2239 2060 2350 2115 luit
2375 2062 2813 2117 nuntiare.Cum
2840 2060 3167 2131 ilaqueillic
3190 2061 3337 2115 duos
3370 2060 3459 2114 vel
3484 2064 3600 2113 tres
3627 2058 3741 2112 dies
3767 2056 3853 2111 ob-

2242 2155 2616 2215 servasset,et
2638 2156 2760 2205 tum
2786 2152 3021 2206 demum
3050 2150 3121 2206 ab
3144 2167 3210 2206 ea
3233 2153 3544 2221 susceptus
3568 2144 3856 2211 fuisset,ait

2241 2240 2425 2295 eidem
2450 2240 2625 2303 :Quid
2652 2240 2744 2295 hic
2774 2242 2943 2295 sedes
2965 2240 2993 2295 ?
3034 2239 3139 2295 Illa
3178 2236 3483 2311 respondit
3504 2254 3517 2292 :
3542 2238 3660 2293 Non
3683 2235 3856 2302 sedeo,

2242 2330 2340 2384 sed
2369 2328 2626 2384 ambulo.
2652 2329 2798 2384 Dicit
2824 2329 2922 2384 ille
2949 2347 2960 2384 :
2985 2330 3106 2393 Quo
3122 2328 3422 2383 ambulas?
3450 2327 3570 2393 Illa,
3596 2327 3662 2380 ad
3687 2322 3857 2379 Domi-

2243 2417 2634 2489 num,inquit.
2670 2418 2762 2473 Ait
2782 2418 2877 2473 ille
2899 2418 3111 2483 :Vivis,
3137 2435 3210 2472 an
3236 2422 3471 2472 mortua
3489 2414 3586 2471 es?
3636 2413 3733 2468 llla
3753 2428 3858 2466 res-

2246 2507 2684 2577 pondit:(1redo
2709 2507 2766 2561 in
2791 2508 2905 2563 Deo
2931 2524 3079 2572 meo,
3106 2523 3233 2562 esse
3259 2523 3349 2561 me
3378 2510 3667 2560 mortuam
3700 2518 3858 2557 saecu-

2244 2595 2337 2663 lo;
2374 2613 2507 2650 nam
2542 2613 2713 2651 carne
2745 2596 2845 2666 qui
2896 2597 3116 2660 vivunt,
3167 2596 3237 2650 ad
3289 2595 3598 2650 Dominum
3631 2593 3706 2647 ire
3759 2605 3858 2645 non

2244 2691 2511 2757 possunt.
2529 2686 2620 2738 Ait
2643 2685 2735 2740 ille
2761 2703 2773 2741 :
2798 2685 2851 2739 Si
2876 2684 3055 2756 igitur
3082 2686 3187 2739 hoc
3210 2684 3403 2756 ipsum
3430 2682 3769 2755 persuadere
3788 2678 3863 2732 vis

2248 2774 2415 2842 mihi,
2443 2775 2528 2829 fac
2549 2774 2678 2847 ipsa
2698 2776 2852 2841 quod
2880 2775 3044 2830 facio.
3064 2773 3171 2830 Illa
3194 2774 3500 2845 respondit
3523 2788 3536 2829 :
3561 2772 3615 2828 Si
3636 2769 3861 2842 possibi-

2246 2863 2326 2917 lia
2347 2868 2577 2918 tantum
2596 2864 3273 2934 jusseris,faciam.'l‘unc
3296 2864 3390 2918 ilic
3413 2860 3864 2935 responditzPos-

2248 2953 2442 3009 sibilia
2458 2960 2667 3009 cuncta
2680 2958 2819 3009 sunt
2838 2953 3057 3011 homini
3084 2954 3214 3008 huic
3233 2952 3450 3009 saeculo
3470 2957 3709 3019 mortuo,
3740 2966 3865 3020 pra:-

2247 3049 2335 3098 ter
2358 3042 2541 3097 solam
2570 3043 2951 3114 impietatem.
2978 3042 3194 3098 Deinde
3222 3045 3301 3098 ait
3332 3061 3343 3097 :
3371 3043 3659 3114 Egredere
3678 3045 3731 3095 et
3752 3054 3865 3111 pro-

2248 3133 2480 3187 cede.Et
2501 3133 2600 3188 illa
2623 3134 2958 3204 respondit:
2985 3132 3381 3205 Vigessimum
3404 3138 3466 3187 et
3492 3130 3751 3203 quintum
3772 3144 3862 3181 an-

486 3187 598 3241 dus
630 3187 986 3295 vfdfrenufr’
1015 3198 1316 3295 (ξωρθτυξξί
1346 3209 1549 3248 omnes
1582 3194 1683 3264 qni
1717 3210 1848 3248 cum
1883 3192 2010 3295 ips}?
2043 3192 2128 3246 in‘
2162 3202 2206 3263 (ἶ
2251 3240 2389 3276 num
2428 3239 2557 3294 ego,
2584 3240 2652 3277 ex
2691 3187 2806 3293 q‘uo
2836 3187 3138 3295 nunquam
3188 3240 3255 3278 ex
3285 3221 3395 3277 hoc
3424 3187 3555 3277 Ιοέο
3586 3218 3864 3291 egredior:

483 3276 672 3347 gressi
708 3277 962 3343 fuerant,
990 3278 1146 3334 circa
1175 3281 1316 3336 solis
1344 3298 1615 3337 occasum
1650 3299 1882 3337 sumere
1914 3281 2137 3348 cibum,

483 3366 637 3436 quod
658 3370 714 3421 et
738 3371 925 3421 nauta:
943 3368 1183 3439 ipsijam
1212 3371 1482 3426 fecerant.
1506 3374 1767 3442 Cumque
1795 3389 1926 3426 eum
1950 3371 2137 3442 primo

481 3453 576 3509 die
601 3471 714 3510 non
740 3455 1007 3510 viderent
1030 3458 1324 3525 edentem,
1351 3476 1590 3515 causam
1627 3478 1755 3516 esse
1778 3461 2049 3532 aliquam.
2070 3460 2139 3514 de

482 3544 873 3613 navigationis
900 3545 1163 3601 molestia
1180 3548 1575 3605 crediderunt.
1599 3552 1665 3605 At
1684 3567 1815 3605 cum
1844 3566 1947 3604 nec
1970 3549 2138 3604 tertio

481 3648 714 3702 quoque
738 3649 842 3687 nec
867 3640 1072 3704 quarto
1097 3637 1168 3690 de
1192 3638 1389 3692 cibum
1416 3645 1669 3710 caperet,
1695 3639 1999 3711 epulantes
2022 3622 2138 3710 ipsi

475 3721 603 3790 jam
627 3722 833 3793 quinto
857 3723 948 3778 die
972 3724 1026 3778 iu
1054 3742 1290 3781 summa
1332 3728 1498 3783 illum
1525 3729 1716 3800 quiete
1758 3746 2136 3800 perseveran-

482 3814 600 3864 tem
627 3810 710 3866 sic
734 3811 1295 3885 alloquuntur:Cur,
1328 3818 1835 3890 inquiunt,homo,
1860 3818 1951 3872 hic
1976 3817 2136 3873 solus

484 3897 613 3970 ipse
638 3916 750 3954 non
778 3903 1066 3958 comedis?
1097 3906 1419 3976 respondit,
1453 3925 1565 3961 non
1591 3908 1801 3962 habere
1830 3924 1889 3961 se
1911 3907 2130 3961 dicens.

481 3991 603 4051 Quo
628 3988 827 4044 audito
851 3989 1110 4046 vicissim
1141 4009 1201 4047 se
1227 3999 1415 4048 nautae
1442 3995 1803 4067 interrogare
1825 4001 2126 4066 cmperunt

482 4078 757 4148 quisnam
783 4096 873 4133 res
897 4080 1025 4149 ejus
1053 4098 1117 4136 ac
1141 4087 1416 4153 sumptus
1440 4085 1796 4155 suscepisset
1820 4085 1875 4138 in
1904 4084 2050 4138 navi.
2070 4084 2138 4138 Et

485 4183 620 4221 cum
646 4167 789 4221 nulli
815 4169 886 4222 ab
911 4185 976 4223 eo
1001 4170 1201 4225 datum
1230 4171 1452 4244 aliquid
1479 4175 2135 4245 reperissent,objurga-

480 4254 627 4309 bant
650 4272 808 4323 cum,
854 4257 969 4312 ista
1016 4259 1279 4316 dicentes
1304 4279 1316 4317 :
1339 4264 1843 4327 Quemadmodum
1868 4262 2129 4318 ascendi'

482 4343 562 4399 sti
592 4344 720 4401 sine
770 4348 1106 4419 sumptibus
1132 4353 1369 4407 navium
1394 4353 1421 4407 ?
1450 4355 1604 4409 unde
1645 4355 1940 4410 mercedes
1962 4354 2136 4407 datu-

483 4451 585 4489 rus
618 4452 678 4490 es
712 4437 921 4492 nobis?
946 4440 1102 4495 unde
1137 4440 1262 4514 ipse
1283 4445 1550 4501 victurus
1594 4462 1653 4501 es
1676 4447 1703 4500 ‘?
1742 4446 1837 4500 Ait
1869 4445 1963 4501 illc
1983 4445 2133 4499 viro-

486 4540 616 4578 rum
652 4527 1125 4596 patientissimus
1152 4548 1163 4584 :
1190 4534 1269 4587 Ad
1301 4550 1393 4589 me
1425 4535 1570 4589 nihil
1603 4537 1880 4606 pertinet;
1906 4535 2133 4590 educite

482 4627 574 4667 me
598 4621 772 4685 atque
795 4616 1063 4687 projicite
1088 4621 1156 4674 ad
1184 4620 1348 4676 illum
1366 4623 1462 4678 ubi
1484 4624 1897 4681 meinvenistis
1914 4625 2127 4680 locum.

480 4704 682 4757 Nautes
705 4702 1080 4776 indignantes
1133 4709 1404 4767 dicebant
1432 4731 1443 4767 :
1470 4712 1512 4768 Ο
1558 4712 1673 4769 ira!
1722 4714 1895 4769 etiam
1921 4715 1965 4769 si
1995 4730 2132 4769 ceu-

480 4794 608 4846 tum
644 4792 862 4849 solidos
907 4795 1098 4864 dares,
1143 4817 1445 4872 nunquam
1488 4803 1593 4859 hoc
1634 4804 1884 4859 libenter
1932 4805 2141 4860 facere‘

484 4896 639 4948 mus,
673 4898 803 4938 cum
838 4884 915 4939 sit
946 4886 1137 4958 navigi
1170 4894 1327 4944 tanta
1354 4894 1741 4963 prosperitas;
1782 4900 2139 4965 quapropter

482 4969 849 5040 propositum
875 4979 1075 5045 emptae
1098 4978 1490 5049 navigationis
1531 4982 1866 5054 implemus.
1912 4982 1995 5037 Ita
2024 4982 2134 5053 igi-

481 5062 582 5112 tur
612 5060 831 5116 mansit
861 5061 919 5115 in
968 5064 1097 5119 navi
1148 5083 1411 5132 securus,
1458 5074 1519 5123 ut
1550 5070 1600 5125 ei
1647 5087 1833 5143 usque
1888 5070 2134 5126 Romam

483 5153 676 5204 nautae
701 5166 905 5206 omnes
940 5152 1224 5210 alimenta
1257 5158 1601 5228 praeberent.

554 5262 661 5317 Ubi
681 5281 816 5337 ergo
834 5267 1026 5340 attigit
1047 5271 1293 5328 Romam
1315 5275 1533 5331 athleta
1552 5278 1761 5334 Christi
1779 5278 2138 5335 fortissimus

486 5351 888 5426 (Pallad.,cap.
906 5359 1017 5428 84).
1048 5362 1220 5433 ccepit
1242 5365 1535 5435 requirere
1557 5369 1846 5423 curiosius
1862 5370 2136 5439 quisnam

483 5439 603 5495 illic
628 5457 878 5513 magnus
914 5462 1042 5502 esse
1094 5450 1308 5521 aliquis
1341 5455 1666 5510 monachus
1705 5456 2019 5522 diceretur,
2046 5450 2132 5512 vel

483 5546 609 5601 quae
660 5531 822 5602 virgo
877 5533 978 5589 Dei
1021 5540 1437 5608 praedicaretur
1462 5562 1494 5599 a
1525 5545 1772 5600 cunctis.
1806 5550 1949 5601 Cum
1982 5548 2134 5601 inte-

482 5635 580 5675 rea
604 5617 917 5675 Domnioni
942 5625 1182 5682 cuidam
1203 5630 1527 5688 fortissimo
1552 5638 1726 5705 atque
1751 5634 2136 5693 abstinentis-

542 5722 562 5761 ί
593 5719 929 5782 Mirandum
955 5726 1085 5801 hoc,
1120 5746 1239 5787 non
1270 5730 1647 5793 imitandum.

2251 3328 2426 3383 quam
2447 3313 2517 3366 ob
2546 3328 2781 3367 causam
2807 3327 2943 3383 ergo
2964 3312 3053 3366 vis
3080 3312 3249 3367 hodie
3275 3308 3720 3383 procedamPAit
3741 3305 3827 3360 ille
3854 3320 3867 3358 :

2251 3402 2591 3471 Vah,nonne
2615 3406 2675 3456 tu
2705 3401 2905 3457 dixisti
2929 3401 3082 3472 quod
3106 3400 3318 3456 saeculo
3344 3405 3578 3456 mortua
3600 3397 3714 3454 sis?
3734 3394 3871 3451 unde

2252 3492 2633 3547 manifestum
2659 3491 2926 3563 estquod
2960 3496 3017 3545 et
3048 3490 3324 3546 saaculum
3358 3492 3490 3546 tibi.
3523 3488 3679 3556 Quod
3712 3485 3757 3541 si
3783 3500 3872 3539 ve-

2250 3599 2380 3638 rum
2413 3587 2522 3649 est,
2554 3588 2644 3637 est
2676 3589 2941 3637 mortuus
2970 3580 3115 3635 nihil
3147 3582 3361 3647 sentit;
3396 3598 3582 3637 unum
3622 3595 3747 3650 ergo
3774 3580 3869 3640 est,

2247 3673 2368 3729 sive
2399 3690 2512 3728 non
2546 3672 2847 3743 procedas,
2880 3671 2998 3726 sive
3032 3672 3347 3742 procedas;
3402 3687 3541 3743 ergo
3580 3667 3868 3743 progrede-

2248 3779 2330 3819 re.
2365 3762 2495 3818 Haac
2524 3763 2771 3817 audiens
2802 3760 2982 3832 virgo,
3014 3759 3318 3832 processit.

2318 3857 2641 3923 Postquam
2692 3856 2881 3906 autem
2906 3851 3191 3922 processit
3221 3868 3250 3905 e
3281 3850 3494 3906 cellula
3543 3867 3668 3917 sua,
3714 3856 3763 3902 et
3805 3843 3868 3899 ad

2249 3942 2564 4012 quamdam
2601 3940 2905 3996 basilicam
2932 3941 3109 4007 venit,
3140 3940 3459 3996 rursusille
3483 3938 3871 3996 sanctissimus

2248 4030 2365 4086 illic
2386 4032 2457 4086 ad
2480 4047 2607 4085 eam
2631 4030 2926 4102 loquitur:
2952 4030 3009 4084 Si
3042 4046 3179 4101 ergo
3204 4030 3287 4085 vis
3308 4032 3560 4085 suadere
3602 4027 3738 4083 mihi
3762 4040 3868 4080 cer-

2245 4119 2494 4185 tissime,
2522 4120 2677 4189 quod
2703 4124 2934 4175 mortua
2971 4120 3076 4185 sis,
3102 4120 3343 4189 necjam
3369 4136 3507 4175 cum
3548 4116 3872 4174 hominibus

2246 4210 2483 4281 placens
2506 4209 2782 4275 vivas,i'ac
2810 4215 2865 4264 et
2888 4209 3017 4280 ipsa
3040 4209 3194 4280 quod
3223 4208 3389 4275 facio,
3419 4215 3475 4265 et
3501 4225 3631 4264 vere
3661 4212 3715 4261 te
3741 4218 3873 4259 mor-

2245 4302 2407 4353 tuam
2434 4298 2646 4353 sagculo
2671 4297 2813 4353 scio.
2866 4299 2933 4352 Et
2983 4298 3355 4370 virgo:Quid
3410 4299 3496 4354 vis
3541 4295 3786 4369 amplius
3808 4293 3876 4346 Γα-

2247 4387 2395 4443 ciam
2418 4387 2445 4441 ?
2474 4392 2627 4442 Exue
2660 4391 2739 4453 te,
2772 4386 2983 4457 inquit,
3015 4388 3274 4443 vestibus
3307 4387 3447 4457 tuis,
3480 4392 3538 4443 et
3569 4401 3767 4442 omnes
3794 4396 3876 4437 res

2249 4476 2465 4547 quibus
2499 4476 2702 4543 uteris,
2737 4476 2817 4531 ita
2846 4481 2912 4531 ut
2951 4492 3078 4548 ego,
3131 4493 3310 4548 super
3358 4477 3669 4533 humerum
3727 4483 3876 4528 tuum

2167 4578 2210 4642 Ι)
2247 4581 2417 4637 pone,
2451 4568 2507 4620 et
2537 4566 2622 4621 sic
2652 4565 2836 4621 transi
2889 4582 2991 4637 per
3040 4565 3293 4620 mediam
3342 4567 3664 4635 civitatem,
3696 4568 3751 4619 et
3792 4576 3878 4616 eo-

2245 4656 2375 4709 dem
2410 4671 2569 4710 more
2603 4671 2695 4709 me
2726 4655 2953 4710 nudum
2985 4671 3091 4711 nec
3136 4654 3335 4727 aliqua
3380 4654 3732 4713 verecundia
3758 4666 3880 4722 per-

2252 4744 2552 4799 turbatum
2586 4760 2824 4813 sequere
2856 4745 3320 4816 precedentem‘.
3360 4746 3447 4801 Ad
3482 4745 3587 4801 hoc
3628 4742 3725 4797 illa
3771 4755 3878 4795 res-

2251 4833 2457 4904 pondit
2487 4850 2499 4887 2
2534 4833 2641 4887 Sed
2677 4833 2996 4889 multorum
3022 4833 3274 4900 animas,
3297 4851 3426 4907 quae
3453 4851 3546 4890 me
3569 4839 3683 4889 tam
3707 4829 3881 4885 defor-

2249 4922 2423 4975 miter
2479 4920 2781 4977 ambulare
2834 4922 3104 4993 viderint,
3173 4923 3340 4991 Iaado,
3391 4928 3450 4979 et
3482 4928 3586 4979 aut
3623 4923 3875 4977 insanam

2247 5010 2439 5066 cuncti
2475 5027 2602 5066 esse
2633 5012 2891 5079 credent,
2917 5017 3017 5066 aut
3039 5012 3355 5068 daemonem
3395 5014 3519 5085 pati
3556 5013 3765 5067 dicent.
3795 5006 3880 5061 Ait

2248 5098 2380 5155 ille:
2412 5101 2481 5154 Et
2502 5100 2643 5171 quid
2678 5100 2786 5156 hoc
2812 5102 2881 5155 ad
2912 5106 2988 5169 te,
3024 5101 3072 5156 si
3106 5106 3205 5157 aut
3228 5102 3589 5158 damoniosa
3615 5096 3877 5161 credaris,

2248 5194 2349 5243 aut
2381 5190 2600 5245 voceris
2626 5190 2878 5245 insana?
2909 5190 2995 5245 Tu
3048 5190 3202 5246 enim
3254 5193 3409 5263 apud
3445 5190 3577 5247 illos
3623 5190 3719 5261 qui
3768 5187 3878 5241 haec

2246 5279 2665 5351 loquuntur,ut
2695 5281 2843 5336 dicis
2876 5287 3109 5338 mortua
3142 5300 3223 5339 es.
3253 5284 3480 5340 Mortuo
3508 5289 3702 5340 autem
3735 5295 3877 5335 nuu-

2247 5389 2424 5443 quam
2458 5390 2612 5428 curae
2643 5378 2732 5428 est
2764 5372 2954 5445 siquis
2985 5375 3037 5430 ei
3086 5375 3173 5430 vel
3208 5376 3545 5445 detraxerit,
3581 5374 3665 5430 vel
3696 5372 3876 5428 irrise-

2246 5462 2349 5528 rit;
2378 5462 2524 5515 nihil
2569 5463 2724 5517 enim
2754 5463 2965 5519 horum
2999 5470 3187 5538 potest
3223 5468 3441 5523 sentire
3473 5468 3638 5522 Tunc
3670 5462 3807 5519 dixit
3832 5458 3878 5516 ei

2245 5550 2407 5621 virgo
2438 5567 2452 5606 :
2491 5552 2746 5608 Obsecro
2780 5557 2834 5609 te
2866 5555 3152 5628 quidquid
3186 5555 3344 5612 aliud
3389 5556 3476 5611 vis
3509 5556 3566 5611 in
3602 5571 3728 5611 meo
3755 5568 3877 5624 pro-

2247 5639 2458 5711 posito,
2493 5642 2658 5712 jube,
2694 5647 2752 5699 et
2793 5643 3022 5702 faciam.
3066 5646 3146 5701 Ad
3179 5646 3326 5702 hanc
3358 5645 3516 5702 enim
3546 5659 3731 5717 usque
3757 5641 3878 5697 vitae
