4092 6324
258 411 363 465 313

1517 412 1956 468 HERACLIDIS
1997 414 2424 469 PABADIBUS.

3568 410 3673 467 314

258 534 524 605 ingressa
556 539 646 591 est
692 536 763 591 ad
797 536 1203 592 habitaculum
1239 553 1407 593 suum
1437 555 1450 591 :
1485 536 1583 593 ille
1613 553 1749 592 vero
1785 553 1916 592 ora-
1944 537 1997 602 Α
2029 539 2190 593 tudo.
2239 540 2483 611 Semper
2532 542 2712 614 igitur
2741 542 2918 597 vitam
2952 542 3213 614 quietam
3243 555 3421 612 agens
3448 578 3461 604 ,
3494 542 3671 609 atque

254 625 409 679 tione.
439 625 498 679 in
524 625 733 681 limine
760 626 975 683 domus
1000 627 1170 694 facta,
1198 628 1268 681 ad
1294 627 1685 682 solitudinum
1714 643 1908 682 secre-

263 719 313 767 ta
350 715 653 770 remeavit.

321 810 445 859 Hoc
470 811 666 860 autem
694 806 882 877 ipsius
907 806 1259 863 miraculum
1293 809 1494 875 fertur,
1523 810 1672 879 quod
1695 825 1828 863 cum
1849 807 1906 861 in

257 909 318 947 e0
355 894 453 948 ubi
489 895 737 965 degebat
772 895 895 950 loco
919 897 1153 953 fecisset
1185 898 1295 953 sibi
1322 904 1587 969 puteum,
1618 903 1673 953 et
1695 914 1905 967 aquam

254 982 370 1037 illic
404 985 834 1039 amarissimam
880 987 1219 1057 reperisset,
1254 987 1471 1042 ibidem
1517 1004 1698 1056 usque
1732 988 1801 1041 ad
1838 987 1907 1039 fi-

254 1088 387 1126 nem
423 1072 701 1128 ultimum
737 1075 907 1143 vixit,
943 1080 1254 1131 contentus
1284 1076 1530 1131 inventae
1563 1076 1907 1131 amaritudi-

248 1163 426 1219 nibus
461 1180 651 1235 aqum,
686 1170 749 1219 ut
783 1166 1123 1236 patientiam
1147 1167 1377 1222 cunctis
1402 1168 1648 1237 pr0priae
1672 1166 1907 1221 virtutis

246 1254 608 1310 ostenderet.
645 1254 807 1309 Multi
834 1259 1030 1310 tamen
1057 1261 1253 1327 postea
1281 1257 1570 1321 monachi,
1600 1256 1906 1325 postillius

247 1348 496 1397 mortem
546 1344 755 1415 degere
785 1344 842 1398 in
877 1344 1023 1399 cella
1068 1346 1255 1416 ipsius
1288 1346 1567 1417 pertinaci
1610 1345 1906 1400 voluntate

247 1432 573 1503 cupientes,
620 1449 691 1488 ne
728 1451 843 1489 uno
878 1436 1113 1506 quidem
1159 1453 1311 1491 anno
1343 1435 1461 1490 illic
1504 1436 1771 1490 habitare
1803 1451 1905 1505 po-

248 1526 510 1575 tuerunt.
555 1523 741 1577 Habet
770 1523 924 1578 enim
960 1525 1086 1595 ipse
1118 1525 1278 1579 locus
1319 1529 1375 1579 et
1407 1527 1676 1580 timorem
1722 1525 1903 1579 maxi-

253 1626 413 1664 mum
445 1626 701 1682 semper,
734 1617 790 1668 et
821 1612 1099 1667 solatium
1134 1614 1388 1669 nullum.

824 1702 1058 1758 CAPUT
1110 1704 1330 1758 XXVII.

774 1791 907 1847 Vita
938 1794 1135 1863 Moysis
1165 1794 1377 1865 Libyci.

314 1879 546 1972 Moyses
578 1881 826 1950 quidam
865 1883 936 1938 de
968 1883 1148 1955 Libya
1171 1884 1458 1939 oriundus
1484 1884 1611 1954 fuit,
1632 1884 1718 1939 vir
1742 1900 1895 1939 man—
1931 1907 1978 1972 Β

244 1969 583 2025 suetudinis
638 1987 887 2027 summa:
932 1976 988 2027 et
1030 1972 1365 2029 dilectionis
1421 1974 1746 2040 immensae,
1795 1973 1895 2045 qui

243 2058 462 2114 ccslesti
515 2062 706 2130 gratia
757 2078 941 2135 aagros
993 2079 1197 2119 curare
1247 2064 1569 2135 promeruit
1617 2064 1897 2135 (Pallad.,

250 2165 369 2219 cup.
404 2149 519 2220 88).

314 2239 420 2293 Hic
444 2239 645 2295 retulit
677 2241 845 2310 mihi,
881 2244 1033 2313 quod
1058 2260 1188 2299 cum
1225 2243 1657 2313 adhucjuvenis
1690 2243 1749 2297 in
1775 2261 1897 2299 mo-

243 2328 503 2385 nasterio
537 2346 641 2385 suo
676 2334 851 2398 esset,
886 2348 949 2386 ac
980 2337 1221 2403 puteum
1254 2332 1521 2386 maximae
1555 2332 1897 2402 capacitatis

244 2418 544 2485 effoderet,
571 2419 770 2492 viginti
796 2420 853 2475 in
888 2421 1072 2476 latum
1108 2422 1419 2477 habentem
1456 2422 1650 2491 pedes,
1683 2427 1739 2477 et
1770 2439 1898 2477 cen-

246 2512 371 2562 tum
408 2507 465 2561 in
494 2509 873 2580 profundum,
907 2512 1043 2566 etin
1076 2516 1235 2566 tanto
1260 2512 1446 2582 spatio
1472 2510 1696 2566 nullum
1732 2528 1895 2583 aqua:

244 2598 477 2669 signum
511 2598 748 2665 videret,
784 2600 1103 2672 praesertim
1139 2618 1271 2656 cum
1306 2600 1484 2655 etiam
1519 2601 1667 2655 infra
1698 2601 1894 2671 ipsum

242 2687 408 2742 nulla
438 2688 679 2756 indicia,
709 2688 764 2742 in
792 2690 1007 2761 quibus
1037 2707 1165 2745 esse
1188 2690 1408 2761 aliquid
1444 2691 1707 2745 humoris
1728 2694 1894 2761 puta-

243 2776 437 2843 batur,
473 2783 840 2849 apparerent,
874 2780 1014 2833 dum
1048 2784 1282 2834 centum
1317 2795 1462 2850 pene
1494 2778 1636 2834 alios
1668 2779 1896 2834 etfodis-

246 2870 375 2921 sent
409 2867 607 2937 pedes,
640 2883 706 2922 ac
740 2884 843 2922 nec
872 2872 1012 2923 tunc
1037 2869 1273 2940 quidem
1302 2870 1608 2924 humorem
1636 2868 1891 2939 aliquem

247 2954 508 3009 invenire
522 2955 855 3026 potuissent
873 2977 886 3025 ;
913 2957 1132 3021 tristes,
1156 2957 1363 3027 inquit,
1390 2959 1458 3012 ad
1471 2959 1601 3012 mod
1616 2975 1709 3011 um
1734 2959 1890 3026 facti,

239 3060 269 3096 a
298 3048 419 3097 tam
446 3042 643 3099 inutili
662 3062 835 3116 opere
850 3046 1252 3117 cogitabamus
1277 3047 1609 3103 abscedere.
1637 3049 1777 3102 Ecce
1795 3066 1891 3103 au-

240 3136 356 3186 tem
391 3133 590 3188 subito
616 3139 854 3189 sanctus
880 3134 1012 3189 Pior
1042 3137 1111 3191 de
1136 3135 1362 3191 ultimis
1385 3134 1769 3191 solitudinum
1802 3136 1889 3191 lo-

240 3222 321 3275 cis
354 3221 413 3275 in
448 3223 704 3278 maximo
738 3225 942 3279 ardore
972 3229 1169 3293 aestus,
1205 3225 1345 3281 hora
1376 3231 1538 3281 sexta
1556 3226 1667 3281 diei
1692 3227 1891 3281 admo-
1925 3230 1967 3297 C

243 3311 382 3365 dum
416 3326 485 3366 ex
520 3311 666 3383 pelle
696 3312 921 3369 velatus
954 3315 1143 3369 astitit
1174 3316 1366 3381 nobis,
1397 3320 1454 3371 et
1480 3316 1566 3371 his
1600 3320 1892 3387 postremo

242 3400 476 3457 locutus
506 3406 595 3457 est
626 3403 856 3458 verbis:

316 3491 461 3557 Quid
497 3491 768 3548 homines
818 3510 1003 3565 parvae
1037 3494 1193 3560 fidei,
1230 3496 1667 3566 angustiamini,
1702 3502 1757 3551 et
1788 3498 1890 3551 de-

247 3597 482 3650 sperare
530 3580 803 3638 voluistis
829 3583 856 3638 ‘l’
893 3584 977 3639 Ab
1011 3584 1293 3640 hesternas
1342 3586 1498 3641 enim
1540 3585 1650 3641 diei
1702 3586 1891 3658 spatio

248 3685 433 3741 usque
465 3686 625 3726 nunc
652 3670 891 3727 tristitia
921 3673 1334 3729 absorbemini.
1364 3674 1731 3729 Descendens
1754 3692 1889 3747 ergo

246 3757 301 3812 in
325 3760 708 3831 profundum,
734 3778 835 3833 per
856 3777 953 3816 eas
974 3778 1118 3832 quas
1143 3761 1225 3816 illi
1255 3762 1512 3818 fecerant
1532 3763 1740 3831 scalas,
1767 3782 1889 3819 ora-

245 3848 534 3904 tioneillic
558 3866 689 3904 cum
706 3850 981 3906 omnibus
999 3852 1263 3919 facta,ter
1288 3854 1433 3907 ferro
1450 3856 1599 3923 quod
1628 3854 1685 3907 in
1711 3871 1887 3909 manu

244 3943 495 4010 ceperat,
531 3938 723 3995 solum
758 3940 916 4011 putei
968 3943 1278 4012 percussit,
1313 3942 1421 3997 hoc
1454 3942 1692 3998 dicens:
1730 3945 1886 4001 Deus

242 4043 543 4082 sacrorum
596 4028 1083 4098 patriarcharum,
1132 4035 1204 4098 te,
1238 4031 1451 4102 inquit,
1484 4050 1792 4103 precamur
1822 4052 1885 4090 ac

241 4117 515 4186 petimus,
552 4132 625 4171 ne
647 4117 773 4172 sine
805 4134 983 4173 causa
1012 4118 1265 4190 impensi
1300 4121 1418 4175 sint
1450 4123 1596 4177 tanti
1635 4124 1882 4178 fratrum

236 4204 482 4274 labores,
517 4206 617 4260 sed
653 4219 861 4276 prazsta
892 4208 1036 4280 ipsis
1071 4226 1243 4263 usum
1278 4212 1405 4279 ejus
1433 4228 1609 4282 quam
1654 4214 1882 4269 deside-

238 4300 364 4349 rant
393 4312 581 4367 aquae.
619 4294 908 4352 Continuo
941 4296 1288 4353 ebullientes
1320 4300 1390 4354 de
1420 4300 1741 4357 visceribus
1774 4302 1882 4357 soli

236 4381 433 4439 latices
513 4383 895 4456 perfuderunt
945 4392 1273 4457 precantes.
1342 4393 1610 4461 Cumque
1672 4408 1881 4448 rursus

238 4474 658 4546 orasset,ccepit
680 4476 749 4530 ad
785 4477 1021 4548 propria
1050 4476 1195 4532 velle
1222 4494 1496 4545 remeare,
1526 4480 1781 4551 quicum
1807 4484 1878 4536 ad

2021 644 2225 683 omnes
2280 630 2376 699 qui
2412 630 2481 684 ad
2531 630 2848 686 videndum
2884 631 3151 685 eumdem
3185 627 3516 692 veniebant,
3570 642 3673 698 per

2020 733 2205 772 annos
2241 717 2526 789 plurimos
2550 720 2787 785 docens,
2821 720 2888 774 ad
2917 726 3278 791 postremum
3304 718 3373 772 de
3391 716 3535 773 cella
3562 734 3670 771 sua

2017 805 2153 860 talis
2187 808 2263 861 rei
2300 808 2643 863 necessitate
2672 810 2975 880 processit.

2088 896 2232 950 Cum
2268 898 2449 952 fames
2474 899 2791 953 admodum
2817 899 3010 969 gravis
3040 898 3096 952 in
3122 897 3405 952 Edissena
3431 895 3663 950 civitate

2018 986 2244 1039 sazviret
2279 1030 2292 1051 ,
2328 987 2639 1043 miseratus
2684 988 2780 1042 ille
2839 993 3177 1058 pereuntem
3220 986 3661 1041 multitudinem

2017 1075 2320 1143 rusticam,
2356 1077 2601 1131 accessit
2626 1078 2693 1131 ad
2719 1077 2950 1143 divites,
2977 1076 3082 1130 hoc
3104 1077 3188 1129 eis
3211 1074 3449 1129 dicens:
3476 1076 3662 1139 Quare

2018 1163 2178 1217 nulla
2200 1181 2320 1231 vos,
2354 1165 2566 1236 inquit,
2601 1167 2873 1221 humanae
2905 1171 3126 1220 naturae
3158 1164 3243 1219 sic
3288 1169 3420 1219 ante
3460 1164 3660 1218 oculos

2018 1257 2244 1308 vestros
2275 1255 2601 1309 deficientis
2644 1256 3043 1311 misericordia
3078 1259 3290 1323 movet,
3325 1254 3425 1308 sed
3460 1258 3663 1325 putre-

2017 1344 2164 1397 facta
2184 1344 2538 1399 intrinsecus
2563 1347 2631 1399 ad
2659 1345 3204 1400 condemnationem
3231 1348 3663 1399 vestrarumser

2015 1433 2159 1487 vatis
2183 1434 2559 1489 animarum?
2577 1435 2838 1489 Tuncilli
2866 1436 3019 1490 :Non
3037 1435 3343 1501 habemus,
3362 1432 3657 1501 inquiunt,

2014 1523 2229 1593 quibus
2263 1526 2567 1595 pecuniam
2602 1525 2911 1595 egentibus
2935 1524 3306 1579 dividendam
3333 1523 3401 1577 ad
3432 1538 3661 1593 compa-

2012 1613 2296 1668 rationem
2330 1615 2593 1670 ciborum
2627 1616 2861 1669 credere
2892 1615 3231 1669 debeamus.
3265 1612 3479 1667 Omnes
3502 1611 3656 1665 enim

2011 1703 2293 1771 negotiari
2330 1721 2431 1775 pro
2465 1706 2587 1760 suis
2611 1705 2935 1759 commodis
2957 1704 3178 1759 volunt.
3211 1704 3289 1757 At
3310 1703 3407 1757 ille
3428 1702 3541 1756 ista
3570 1700 3659 1754 di-

2011 1794 2277 1849 centibus
2304 1811 2316 1848 :
2344 1794 2525 1864 Talis,
2560 1794 2773 1865 inquit,
2807 1794 2968 1848 vobis
3002 1794 3241 1848 videor?
3267 1792 3530 1846 Habebat
3560 1806 3662 1844 au-

2010 1888 2124 1937 tem
2162 1900 2435 1955 magnam
2486 1886 2637 1955 apud
2676 1883 2939 1938 homines
2972 1884 3095 1954 ipse
3146 1883 3234 1937 vir
3266 1883 3501 1935 famam.
3550 1878 3657 1942 Qui

2012 1978 2153 2028 tunc
2180 1975 2229 2028 ei
2263 1991 2376 2029 non
2405 1973 2549 2029 falsa
2572 1975 2851 2039 dicentes,
2876 1973 2989 2028 ista
3012 1972 3403 2044 respondent:
3431 1970 3659 2024 Scimus

2011 2067 2085 2132 te,
2121 2063 2420 2133 inquiunt,
2467 2063 2765 2119 hominem
2816 2064 2910 2118 l)ei
2944 2080 3092 2118 esse.
3125 2064 3195 2116 At
3244 2060 3378 2115 ille:
3432 2058 3659 2113 Credite

2010 2165 2148 2220 ergo
2196 2149 2337 2204 mihi
2374 2151 2653 2221 pecunias
2698 2158 2956 2218 vestras;
3007 2151 3183 2205 etiam
3218 2164 3373 2204 nunc
3424 2150 3659 2218 propter

2009 2255 2111 2293 vos
2153 2256 2259 2311 ego
2318 2241 2524 2295 ordino
2558 2257 2648 2296 me
2688 2240 2906 2312 ipsum,
2950 2244 3336 2309 suscepturus
3384 2236 3653 2291 ministe-

2008 2328 2161 2383 rium
2197 2331 2633 2400 peregrinorum
2666 2336 2841 2401 atque
2873 2330 3244 2385 miserorum.

2078 2422 2327 2490 Accepta
2349 2419 2531 2491 igitur
2546 2416 3314 2490 pecuniainterclusitcertis
3333 2415 3652 2487 parietibus

2008 2509 2267 2580 porticus
2295 2509 2571 2578 civitatis,
2604 2515 2659 2564 et
2692 2514 2981 2565 trecentos
3013 2509 3073 2561 in
3104 2507 3249 2578 ipsis
3275 2505 3519 2561 lectulos
3553 2523 3653 2576 po-

2006 2600 2144 2666 suit,
2166 2598 2221 2652 in
2247 2600 2461 2669 quibus
2486 2601 2633 2655 fame
2656 2602 2966 2670 pereuntes
2990 2597 3311 2665 reficiebat;
3337 2594 3653 2650 morientes

2007 2688 2245 2759 quidem
2298 2688 2607 2759 sepeliens,
2641 2705 2739 2744 eos
2790 2693 2986 2744 autem
3020 2686 3237 2758 quibus
3287 2684 3474 2740 adhuc
3516 2700 3651 2755 spes

2006 2779 2204 2850 aliqua
2236 2778 2361 2833 vitae
2388 2784 2531 2842 erat,
2565 2778 2623 2833 in
2655 2779 2801 2849 ipsis
2832 2795 3033 2833 eorum
3070 2777 3370 2832 laboribus
3399 2790 3650 2831 curans:

2006 2870 2394 2939 omnibusque
2430 2869 2811 2939 pereuntibus
2852 2868 3004 2923 fame
3037 2866 3134 2939 qui
3174 2865 3314 2920 illuc
3347 2865 3652 2919 undecun-

2003 2976 2115 3032 que
2148 2959 2572 3024 confluxcrant,
2604 2958 3007 3029 quotidianum
3042 2955 3437 3010 ministerium
3470 2970 3645 3008 suum

2002 3052 2071 3105 ad
2110 3050 2502 3105 necessariam
2536 3048 2985 3103 sollicitudinem
3016 3046 3374 3118 praebens,ex
3404 3044 3477 3099 iis
3517 3060 3645 3115 qua:

2001 3141 2071 3195 ad
2105 3156 2234 3195 eum
2274 3140 2490 3210 singuli
2523 3140 2739 3211 quique
2770 3138 2979 3191 divites
3018 3136 3373 3191 deferebant.

2079 3230 2325 3301 lmpleto
2357 3234 2550 3283 autem
2588 3231 2904 3282 memorato
2936 3243 3107 3292 anno,
3135 3230 3446 3296 postquam
3470 3223 3647 3294 copia:

2010 3320 2245 3391 frugum
2280 3320 2528 3389 grandes
2551 3319 2803 3382 fuerunt,
2827 3314 3077 3387 singulis
3102 3314 3437 3386 quibusque
3455 3313 3523 3367 ad
3549 3312 3651 3366 do-

2010 3408 2231 3463 micilia
2254 3409 2483 3480 prepria
2506 3407 2808 3479 regressis,
2827 3423 2956 3460 cum
2979 3404 3194 3477 quibus
3216 3403 3303 3458 vel
3326 3402 3480 3459 circa
3502 3417 3650 3472 quos

2010 3499 2222 3553 faceret
2253 3515 2367 3553 non
2400 3498 2659 3561 haberet,
2689 3496 2992 3552 confestim
3025 3495 3094 3549 ad
3142 3510 3309 3549 suam
3344 3491 3652 3547 revertitur

2007 3587 2303 3656 cellulam,
2336 3588 2393 3641 in
2428 3605 2543 3658 qua
2572 3588 2715 3641 obiit
2749 3590 2879 3657 post
2908 3585 3163 3655 spatium
3198 3582 3419 3639 mensis
3449 3580 3647 3637 unius.

2005 3677 2355 3748 Hujusmodi
2379 3679 2574 3730 autem
2606 3675 2969 3729 occasionem
2995 3674 3147 3727 circa
3166 3673 3339 3727 finem
3368 3670 3549 3735 illius,
3575 3670 3642 3723 ad

2004 3766 2334 3838 exemplum
2350 3764 2848 3837 Stephani,pietas
2863 3763 3060 3818 divina
3078 3762 3441 3834 praestiterat.
3462 3758 3645 3814 Multa

2000 3873 2134 3911 vero
2167 3854 2422 3925 reliquit,
2458 3871 2584 3925 quae
2611 3853 2735 3924 ipse
2756 3852 3126 3923 conscripsit,
3152 3869 3217 3907 ex
3239 3852 3449 3920 quibus
3473 3851 3645 3920 plura

2002 3963 2213 4016 magna
2246 3944 2418 4000 laude
2449 3943 2840 3999 celebrantur.

2072 4034 2479 4092 Necessarium
2513 4039 2705 4088 autem
2739 4031 2906 4087 valde
2937 4036 2993 4087 et
3023 4031 3129 4086 hoc
3162 4035 3321 4102 puto,
3356 4032 3419 4083 ut
3442 4027 3644 4083 mulie-

1997 4126 2159 4180 ribus
2183 4124 2598 4197 quoque,sicut
2616 4122 2837 4195 praefati
2862 4119 3295 4185 sumus,viriles
3321 4134 3513 4173 mores
3536 4116 3639 4171 ha—

1994 4215 2270 4270 bentibus
2302 4220 2479 4285 atque
2511 4213 2810 4278 honestos,
2847 4213 2914 4266 ad
2961 4208 3298 4265 memoriam
3330 4207 3643 4276 sempiter-

1993 4321 2128 4359 nam
2152 4303 2329 4359 libelli
2349 4303 2529 4358 nostri
2548 4301 2821 4373 paginam
2844 4301 3227 4372 przebeamus,
3249 4297 3462 4368 quibus
3485 4296 3638 4351 Deus

1992 4399 2188 4448 noster
2219 4411 2332 4449 non
2371 4392 2648 4447 inferiora
2680 4408 2820 4446 sexu
2862 4389 3007 4445 virili
3041 4388 3359 4443 certamina
3400 4385 3639 4440 donavit

1990 4488 2045 4538 et
2075 4484 2333 4554 praemia,
2366 4486 2431 4537 ut
2464 4483 2725 4537 demeret
2776 4479 2905 4535 aliis
2936 4478 3368 4550 negligentibus
3401 4491 3630 4529 omnem

235 4565 583 4618 sumendum
617 4564 814 4619 cibum
848 4565 919 4619 ab
951 4564 1070 4621 illis
1102 4567 1472 4636 retineretur,
1506 4569 1614 4625 hoc
1645 4570 1762 4626 illis
1794 4571 1875 4626 lo-
1909 4605 1953 4670 Β
1988 4572 2377 4629 excusationis
2401 4572 2789 4627 occasionem.
2824 4572 2957 4634 Quae
2981 4568 3117 4639 quia
3146 4584 3317 4623 sexus
3342 4564 3637 4621 inferioris

233 4657 401 4708 cutus
431 4658 553 4709 est:
589 4656 832 4726 Propter
856 4656 1010 4727 quod
1034 4657 1179 4711 971
1211 4674 1365 4723 sum,
1392 4658 1602 4729 inquit,
1626 4661 1871 4732 missus,

232 4740 337 4797 hoc
363 4742 581 4799 factum
617 4750 744 4802 est:
780 4761 917 4800 nam
951 4749 1015 4800 ut
1038 4748 1233 4801 cibum
1267 4763 1557 4819 caperem,
1584 4766 1754 4805 nemo
1782 4766 1872 4807 me

237 4831 408 4887 misit.

786 4905 1021 4961 CAPUT
1052 4906 1312 4963 XXVIII.

547 4976 669 5033 Vita
708 4977 963 5048 Ephraem
1004 4978 1228 5035 diaconi
1271 4980 1546 5037 Edisseni.

300 5069 371 5121 De
400 5066 666 5138 Ephraam
716 5065 957 5122 diacono
990 5068 1283 5124 Edissenae
1334 5071 1591 5127 ecclesiae
1617 5072 1863 5143 (Pallad.

226 5169 340 5223 cap.
375 5157 514 5225 101),
533 5155 719 5211 multa
749 5160 804 5210 te
831 5157 1065 5213 audisse
1090 5175 1204 5213 non
1229 5159 1684 5233 dubito,dignus
1707 5162 1862 5219 enim

228 5244 442 5316 fuitqui
467 5250 621 5302 esset
644 5246 700 5301 in
728 5262 826 5301 ore
849 5251 1209 5303 sanctorum.
1227 5248 1332 5313 Qui
1350 5266 1479 5304 cum
1510 5250 1590 5305 ita
1613 5255 1860 5323 utopor-

224 5333 393 5399 tebat,
414 5334 525 5390 iter
555 5335 655 5390 viae
676 5335 1003 5406 spiritualis
1034 5337 1357 5410 implesset,
1383 5356 1569 5411 neque
1596 5359 1856 5413 unquam

223 5440 255 5476 a
285 5430 428 5480 recto
446 5427 681 5481 tramite
700 5426 1233 5495 deviasset,meruit
1248 5446 1347 5501 per
1370 5432 1612 5500 gratiam
1631 5432 1727 5487 Dei
1755 5450 1855 5487 na-

222 5513 489 5570 turalium
513 5515 728 5571 habere
745 5515 1015 5571 notitiam
1041 5534 1276 5574 rerum:
1310 5522 1400 5575 cui
1424 5520 1753 5578 benedictio
1772 5524 1855 5578 di-

218 5600 350 5659 vina
369 5605 672 5673 successit,
692 5610 867 5677 atque
882 5605 982 5662 illa
998 5624 1126 5680 quae
1149 5608 1358 5665 exinde
1388 5611 1649 5667 nascitur
1670 5612 1851 5669 beati-

1987 4663 2277 4731 videntur,
2315 4680 2429 4717 non
2465 4678 2637 4735 posse
2670 4676 2730 4715 se
2763 4659 2966 4713 dicunt
2999 4658 3069 4713 ad
3102 4655 3632 4713 commendandam

1982 4752 2218 4807 virtutis
2250 4751 2496 4823 gloriam
2530 4748 2831 4824 pervenire
2864 4750 2904 4802 ί.

2573 4885 2797 4941 CAPUT
2839 4881 3039 4938 XXIX.

1980 4980 2055 5033 De
2084 4978 2279 5042 Paula,
2306 4975 2614 5039 Eustochio,
2652 4973 2894 5033 Veneria.
2918 4971 3213 5037 Theodora,
3242 4970 3384 5025 Usia.
3409 4967 3620 5042 Adolia,

2055 5040 2420 5119 Bassiaizilla,
2458 5048 2710 5113 Photina,
2780 5044 3115 5111 Sabiniano,
3147 5042 3349 5109 Asella,
3383 5040 3547 5093 Avita

2047 5168 2260 5223 Multas
2286 5165 2467 5239 igitur
2498 5165 2745 5220 feminas
2775 5162 2918 5232 vidi,
2953 5161 3358 5233 plurimasque
3388 5160 3509 5211 tam
3538 5157 3622 5211 vi-

1973 5259 2120 5313 duas
2144 5273 2320 5328 quam
2346 5255 2601 5327 virgines
2619 5254 2772 5321 novi,
2798 5253 2951 5307 inter
2972 5266 3117 5321 quas
3145 5246 3385 5302 Paulam
3406 5246 3617 5300 Roma-

1972 5364 2105 5401 nam
2143 5345 2406 5417 (Pallart.,
2430 5361 2474 5397 ι’.
2496 5343 2651 5411 1125),
2674 5345 2917 5396 matrem
2937 5336 3159 5395 Toxotii
3186 5336 3315 5405 (28),
3343 5336 3616 5392 feminam

1968 5438 2036 5491 ad
2069 5451 2256 5507 genus
2279 5435 2406 5489 vita:
2431 5434 2587 5504 quod
2620 5437 2707 5487 est
2728 5430 3050 5486 secundum
3079 5425 3615 5498 spiritum,dexter-

1966 5526 2113 5581 rimo
2148 5523 2417 5597 ingenio:
2454 5522 2571 5594 (cui
2602 5522 2863 5593 quidem,
2897 5518 3214 5591 quominus
3245 5516 3296 5572 ei
3328 5532 3392 5572 se
3421 5516 3609 5581 daret,

1959 5614 2380 5687 impedimento
2413 5613 2522 5668 fuit
2545 5611 2935 5683 Hieronymus
2966 5607 3207 5680 quidam
3230 5620 3441 5680 genere
3471 5603 3609 5660 Dal-

295 5692 315 5777 ξ
348 5693 697 5777 hipomanus
737 5695 837 5777 hic
868 5695 1252 5777 interserehat
1291 5698 1733 5759 Testamentum
1766 5704 1953 5762 sancti
2004 5704 2293 5777 Ephraem,
2329 5702 2479 5776 quod
2514 5718 2619 5758 nec
2660 5700 2719 5757 in
2761 5697 3061 5757 Heraclide
3104 5713 3211 5755 nec
3240 5697 3300 5753 in
3344 5692 3601 5751 Palladio

220 5767 341 5821 est:
375 5766 548 5824 habes
579 5766 637 5823 id
667 5767 820 5824 inter
847 5784 1024 5841 opera
1050 5769 1339 5843 Ephmm.
