4092 6324
398 380 505 435 315

1545 379 1922 436 APPENDIX
1957 380 2057 434 AD
2094 380 2308 435 VITAB
2344 382 2666 436 PATRUM.

3701 377 3809 432 316

404 507 582 571 mata,
633 503 734 575 qui
766 502 1070 557 mulierem
1104 502 1328 573 optima
1373 501 1567 557 indole
1598 503 1664 556 ad
1698 518 1885 573 genus
1929 501 2053 555 vitae
2083 518 2138 585 Α
2238 502 2431 558 Alium
2464 519 2698 575 quoque
2726 502 2840 557 vidi
2876 502 3029 572 apud
3063 500 3505 573 Jerosolymam,
3544 500 3820 556 Adolium

397 594 887 665 perfectum,cum
915 592 973 646 in
1005 608 1071 647 eo
1095 590 1332 655 multos,
1354 607 1423 645 ne
1443 590 1635 645 dicam
1667 606 1892 657 omnes,
1920 589 2055 645 lon—

406 682 653 753 gissimo
686 686 819 753 post
849 698 910 735 se
933 679 1235 734 intervallo
1258 680 1553 734 videretur
1577 696 1748 751 posse
1772 680 2058 757 relinque-

402 788 483 839 re,
500 772 624 841 ipse
645 771 860 824 invidia
883 775 1074 824 motus
1100 769 1171 822 ad
1188 786 1362 823 suum
1382 768 1673 840 peculiare
1689 768 1918 822 vivendi
1939 769 2056 823 ins-

405 862 651 915 titutum
679 863 1019 933 pertraxit‘.
1050 861 1188 931 Ejus
1212 860 1330 914 ﬁlia
1354 858 2059 915 nomineEustochiumin

409 950 702 1005 Bethleem
738 951 916 1003 vitam
936 950 1125 1004 adhuc
1158 949 1557 1005 monachalem
1585 954 1811 1004 exercet
1838 948 2064 1019 (Pallad

404 1056 524 1109 cap.
548 1041 688 1109 126),
706 1056 883 1110 quam
902 1040 1138 1110 quidem
1153 1056 1254 1108 ego
1276 1055 1578 1110 nunquam
1603 1038 1891 1093 allocutus
1906 1054 2061 1103 sum;

407 1134 684 1183 caeterum
720 1128 905 1182 fertur
956 1127 1175 1197 insigni
1224 1144 1353 1181 esse
1399 1126 1732 1199 pudicitita,
1782 1133 1839 1181 et
1870 1141 2065 1199 regere

404 1217 747 1272 societatem
778 1216 1073 1285 virginum
1116 1215 1569 1288 quinquaginta.

478 1306 618 1360 Novi
652 1305 825 1359 etiam
860 1304 1169 1359 Veneriam
1226 1306 1461 1360 nomine
1511 1307 1830 1377 quamdam
1888 1306 2061 1373 (PaL,

406 1414 455 1453 ο.
494 1396 638 1466 127),
669 1395 901 1449 comitis
936 1393 1215 1449 Vallacini
1251 1394 1540 1460 relictam,
1573 1412 1700 1466 qua:
1740 1393 1937 1449 divisit
1963 1394 2061 1449 be-

407 1502 479 1540 ne
517 1490 692 1555 atque
722 1484 1003 1554 dispersit
1034 1500 1183 1538 onus
1216 1483 1443 1553 cameli,
1478 1500 1658 1555 seque
1696 1482 2057 1549 vulneribus,

402 1592 531 1645 quae
564 1574 756 1627 solent
788 1573 909 1627 fieri
942 1588 1010 1626 ex
1044 1572 1227 1627 nimio
1259 1589 1434 1643 opum
1471 1574 1746 1643 pondere,
1772 1572 2058 1627 liberavit.

474 1665 831 1718 Theodoram
886 1678 1120 1733 quoque
1171 1664 1393 1718 tribuni
1448 1662 1701 1733 alicujus
1751 1664 2059 1733 conjugem

407 1754 701 1827 quondam
736 1752 889 1822 (Pal.
939 1770 985 1809 ε.
1024 1753 1168 1821 1‘28),
1205 1754 1346 1807 adeo
1380 1752 1525 1807 nihil
1558 1754 1627 1807 de
1660 1752 1912 1824 propriis
1950 1751 2061 1806 sibi

408 1844 579 1898 bonis
613 1841 917 1912 reliquisse
932 1842 1197 1913 cognovi,
1223 1846 1285 1896 ut
1306 1848 1441 1896 ante
1466 1846 1711 1896 mortem
1738 1858 1905 1896 suam
1928 1839 2068 1895 alio-

2170 592 2430 658 nomine,
2475 593 2783 647 ducentem
2818 608 2884 646 ex
2932 591 3107 646 Tarso
3162 590 3375 662 oppido
3417 606 3602 662 genus
3646 591 3822 660 (PaL,

2168 699 2215 737 c.
2252 683 2395 745 104),
2421 682 2517 752 qui
2556 698 2685 737 cum
2707 682 2969 737 venisset
3000 680 3161 749 illuc,
3192 698 3223 734 a
3254 679 3416 735 nullo
3452 696 3597 751 pene
3639 680 3821 734 detri—

2169 776 2287 825 tam
2318 772 2619 842 ingressus
2644 777 2731 827 est
2758 771 2905 826 viam
2940 789 2953 837 ;
2984 771 3201 842 quique
3234 787 3346 824 non
3378 769 3491 824 tale
3510 770 3681 841 quale
3712 785 3823 825 nos

2172 860 2433 932 plurimi,
2466 862 2619 916 972
2644 862 2752 916 iter
2777 861 2985 922 tenuit.
3009 861 3106 915 sed
3144 875 3357 914 novum
3386 858 3497 913 sibi
3519 858 3817 929 quoddam

2172 958 2226 1004 et
2257 950 2411 1004 ultra
2431 950 2696 1005 homines
2726 951 3089 1023 propositum
3113 947 3577 1004 conversationis
3599 947 3828 1002 invenit

2168 1038 2227 1093 in
2245 1044 2565 1110 tantum,ut
2588 1041 2879 1095 daemones
2897 1056 3128 1111 quoque
3144 1037 3665 1094 eontremiscerent
3690 1054 3828 1091 aus-

2171 1129 2462 1184 teritatem
2498 1128 2645 1201 eius,
2681 1146 2745 1184 ac
2792 1132 3060 1201 fugerent
3091 1129 3163 1183 ab
3202 1127 3424 1199 ingenti
3472 1130 3601 1197 ejus
3635 1127 3820 1181 absti-

2172 1218 2387 1285 nentia,
2441 1220 2997 1290 continuationeque
3050 1234 3395 1290 magnarum
3442 1215 3822 1287 vigiliarum;

2172 1312 2236 1362 ut
2269 1324 2447 1380 prope
2494 1308 2550 1363 id
2586 1309 2737 1379 quod
2782 1308 2987 1364 dicunt
3016 1308 3391 1379 phantasma,
3425 1306 3534 1361 hoc
3565 1309 3654 1360 est
3703 1321 3821 1361 non

2172 1414 2265 1452 res
2296 1414 2446 1465 vera,
2483 1399 2582 1454 sed
2616 1400 2808 1471 imago
2835 1413 2962 1453 esse
2989 1397 3185 1468 aliqua
3216 1399 3542 1468 putaretur.

2245 1493 2353 1543 Per
2399 1486 2913 1561 Quadragesimam
2947 1487 3183 1558 quidem
3229 1486 3424 1556 quinto
3457 1500 3683 1555 quoque
3725 1483 3822 1539 die

2172 1579 2419 1645 edebat;
2454 1577 2678 1649 reliquo
2730 1594 2862 1631 vero
2895 1576 3033 1631 anni
3085 1580 3363 1645 tempore,
3398 1578 3533 1645 post
3572 1572 3822 1627 biduum

2173 1684 2404 1739 semper
2426 1667 2618 1721 cibum
2642 1682 2847 1737 capere
2874 1669 3274 1720 consueverat.
3310 1663 3427 1718 Hoc
3449 1668 3644 1718 autem
3670 1662 3727 1716 in
3754 1678 3821 1717 eo

2174 1772 2473 1827 magnum,
2492 1756 2645 1827 quod
2671 1774 2701 1809 a
2723 1754 3072 1827 vespertinis
3095 1752 3256 1808 horis
3280 1768 3467 1824 usque
3491 1752 3560 1806 ad
3588 1756 3825 1821 tempus

2174 1845 2624 1911 matutinorum,
2666 1862 2780 1915 quo
2814 1860 3020 1899 rursus
3052 1842 3241 1897 caeteri
3277 1844 3485 1896 fratres
3516 1842 3581 1895 ad
3628 1843 3824 1895 orato-

409 1949 541 1986 rum
574 1931 624 1985 ei
660 1930 1064 1986 misericordia
1097 1931 1309 2003 stipem
1344 1932 1412 1985 ad
1450 1930 1730 1985 alimenta
1762 1930 2061 2000 praeberet.
2094 1901 2140 1965 B
2173 1935 2324 1989 rium
2360 1933 2739 2004 colliguntur,
2771 1932 2867 1986 ille
2894 1932 2959 1986 in
2996 1935 3191 1986 monte
3218 1929 3423 1985 Oliveti
3452 1934 3614 1983 stans
3644 1928 3701 1982 in
3750 1944 3819 1982 eo

484 2022 780 2076 Defecerat
802 2025 993 2075 autem
1020 2020 1077 2074 in
1106 2022 1461 2075 monasterio
1485 2020 1636 2091 quod
1662 2020 1876 2091 Escyca
1899 2035 2058 2073 voca-

406 2110 547 2165 bulo
572 2111 911 2164 nominatur
940 2111 1089 2177 (Pal.
1130 2110 1440 2181 Hesycha),
1476 2111 1738 2180 proximo
1772 2108 1942 2175 mari,
1977 2108 2057 2162 fe-

408 2198 753 2267 minajustaa
778 2197 957 2267 (Usia,
986 2200 1136 2267 Pal.)
1161 2214 1393 2269 semper
1421 2198 1530 2269 (29)
1550 2214 1615 2252 ac
1634 2215 1732 2268 per
1752 2196 1912 2251 omni
1936 2212 2063 2267 pro-

407 2287 620 2343 babilis
651 2287 782 2342 vitae
803 2288 970 2352 (PaL,
991 2305 1038 2342 c.
1066 2288 1211 2358 129),
1233 2289 1404 2357 cujus
1427 2304 1683 2343 sororem
1708 2287 1885 2342 etiam
1909 2286 2058 2341 Ado-

405 2374 543 2432 liam
560 2392 834 2431 noveram
858 2376 1027 2445 (PaL,
1050 2393 1097 2431 c.
1124 2376 1269 2445 l30).
1296 2378 1428 2440 Quae
1453 2376 1560 2430 etsi
1581 2392 1693 2430 non
1720 2376 1909 2446 potuit
1929 2391 2060 2446 ger-

407 2482 593 2520 manas
628 2464 851 2519 meritis
883 2465 1230 2536 comparari,
1257 2466 1492 2537 dignam
1525 2469 1724 2519 tamen
1757 2481 1859 2535 pro
1891 2463 2062 2520 modo

406 2554 645 2609 virtutis
670 2553 918 2624 propriae
952 2555 1166 2609 famam
1191 2554 1473 2609 habuisse
1497 2556 1679 2608 fertur
1701 2558 1757 2609 et
1778 2554 1980 2607 vitam.

481 2642 889 2696 Bassianillam
917 2659 1149 2713 quoque
1173 2642 1409 2697 nomine
1439 2642 1713 2697 feminam
1746 2642 1861 2696 vidi
1888 2641 2061 2712 (PaL,

410 2748 457 2785 c.
496 2732 639 2799 131),
675 2732 943 2801 magistri
976 2733 1275 2802 quondam
1312 2731 1566 2785 militum
1593 2731 1942 2786 Candidiani
1976 2745 2063 2784 re-

414 2818 639 2885 lictam,
670 2829 939 2890 prompla
962 2826 1155 2875 mente
1169 2826 1226 2875 et
1250 2821 1513 2875 moribus
1535 2821 1757 2875 sanctis
1781 2836 1966 2889 usque
1991 2819 2063 2874 ad

414 2924 672 2979 prasens
720 2924 949 2979 quoque
978 2914 1237 2979 tempus,
1282 2910 1657 2964 vehementer
1695 2907 2067 2964 institutione

418 2997 777 3053 monachica
811 2998 934 3052 vita:
966 3013 1033 3052 ac
1063 2996 1260 3053 labore
1292 2999 1626 3051 sudantem.

486 3088 589 3141 Est
614 3091 670 3141 et
700 3085 815 3141 alia
867 3086 1112 3142 Pbotina
1146 3087 1381 3141 nomine
1431 3087 1605 3157 (PaL,
1638 3103 1684 3141 c.
1718 3087 1862 3155 132),
1905 3102 2065 3158 pres-

413 3175 600 3246 byteri
633 3175 949 3231 Theoctisti
982 3175 1099 3231 ﬁlia
1128 3175 1310 3249 virgo,
1344 3192 1474 3247 qua)
1506 3174 1671 3231 valde
1693 3175 1940 3231 honesta
1963 3175 2069 3231 ha-

414 3264 588 3319 betur
616 3271 670 3319 et
702 3268 926 3318 sancta.

477 3354 817 3424 (Antiochiae
846 3370 1079 3424 quoque
1102 3354 1477 3409 Sabinianam
1509 3353 2069 3420 nomine,diaconis-

413 3459 537 3500 sam
571 3442 1053 3497 honestissimam
1104 3442 1260 3498 vidi:
1296 3460 1423 3513 quae
1458 3458 1593 3497 cum
1631 3444 1759 3514 ipso
1808 3441 2070 3512 colloqui

412 3532 733 3605 putabatur
763 3531 902 3600 Deo,
934 3548 1181 3603 quaeque
1214 3532 1396 3587 amita
1428 3530 1577 3587 beati
1626 3530 1869 3587 Joannis
1910 3532 2069 3603 epis-

417 3621 546 3692 copi
575 3621 685 3675 fuit
716 3620 781 3690 ³.)

489 3710 763 3765 Romane
778 3709 952 3765 etiam
970 3709 1224 3766 Asellam
1244 3711 1479 3767 nomine
1495 3711 1707 3766 bonam
1727 3710 1892 3766 valde
1906 3710 2073 3766 Chris

413 3800 454 3855 ti
498 3798 784 3870 virginem
838 3799 967 3854 novi
1003 3799 1061 3854 in
1095 3799 1450 3855 manasterio
1483 3800 1753 3855 senuisse
1783 3800 1979 3871 ((Pal.,
2023 3816 2071 3853 c.

418 3888 566 3959 133),
589 3889 859 3943 feminam
882 3888 1081 3943 mitem
1107 3895 1282 3960 atque
1307 3893 1703 3955 mansuetam,
1730 3888 2076 3943 multorum-

421 3992 533 4047 que
557 3993 759 4032 curam
784 3976 904 4031 illic
935 3984 1251 4048 gerentem.
1278 3977 1386 4031 Ubi
1411 3976 1564 4031 viros
1587 3977 1761 4031 etiam
1787 3992 1918 4031 cum
1945 3992 2077 4030 con-

415 4066 662 4137 jugibus
693 4066 820 4120 suis
850 4066 988 4134 vidi,
1021 4066 1444 4121 monachorum
1476 4082 1542 4121 eo
1575 4071 1833 4137 tempore
1854 4065 2003 4121 vitas
2021 4069 2077 4121 et

425 4154 696 4209 instituta
728 4155 1002 4208 dicentes.

489 4244 718 4297 Avitam
742 4243 1000 4312 aliquam
1018 4243 1132 4299 Deo
1154 4244 1393 4317 dignam
1423 4261 1557 4300 cum
1584 4244 1908 4315 Aproniano
1930 4261 2073 4315 quo-

421 4333 558 4386 dam
587 4332 777 4402 ipsius
795 4332 937 4396 viro,
959 4337 1012 4386 et
1038 4332 1217 4388 filiam
1240 4350 1440 4388 eorum
1462 4332 1747 4387 Eunomia
1764 4334 1879 4387 vidi
1928 4334 2071 4404 (Pal.

423 4438 471 4475 c.
509 4421 652 4489 134),
684 4421 828 4475 adeo
863 4420 1160 4492 placentes
1189 4428 1326 4489 Deo,
1354 4427 1418 4477 ut
1438 4422 1746 4477 transferri
1776 4423 1843 4477 ad
1880 4422 2077 4477 coeles-

424 4514 546 4564 tem
578 4510 757 4565 vitam
794 4514 930 4565 ante
963 4516 1341 4583 conspectum
1374 4511 1563 4582 ipsius
1595 4516 1978 4566 mererentur.
2010 4511 2079 4565 Et

428 4598 544 4668 ipsi
578 4598 735 4653 enim
761 4599 887 4668 jam
922 4599 1128 4655 ultimo
1163 4601 1276 4656 {ine
1308 4605 1528 4655 natura:
1567 4617 1725 4654 nunc
1756 4601 1811 4654 in
1848 4600 2075 4655 Christo

427 4686 760 4758 quiescunt,
795 4689 894 4759 qui
930 4694 1300 4760 peccatorum
1344 4689 1582 4760 quidem
1615 4690 1880 4744 omnium
1914 4690 2076 4745 nexi-
2109 4658 2156 4720 D

426 4776 537 4831 bus
552 4776 803 4832 absoluti
829 4784 987 4834 sunt.
1014 4778 1351 4834 Divinarum
1377 4784 1571 4834 autem
1596 4795 1787 4834 rerum
1809 4778 2078 4850 peritiam

421 4871 604 4938 atque
638 4866 905 4922 notitiam
940 4884 1173 4938 semper
1203 4869 1556 4923 habuerunt.

1033 4958 1261 5014 CAPUT
1310 4956 1469 5013 XXX.

537 5047 657 5101 Vita
687 5046 978 5101 beatorum
1006 5047 1221 5102 Iuliani
1250 5054 1303 5101 et
1342 5046 1523 5101 Adolii
1550 5048 1965 5102 monachorum.

498 5140 579 5189 De
606 5135 844 5191 Juliano
876 5137 1131 5206 quodam
1166 5137 1223 5190 in
1244 5135 1534 5190 Edissenaa
1561 5136 1870 5205 provinciae
1897 5137 2076 5206 parti-

425 5222 540 5277 bus
573 5224 685 5277 sito
713 5225 836 5279 viro
879 5225 1001 5295 (qui
1034 5242 1164 5280 vere
1199 5224 1519 5280 monachus
1551 5224 1855 5279 dicebatur
1882 5223 2077 5278 audivi

426 5312 597 5379 (PaL,
634 5327 680 5366 c.
710 5314 853 5384 102),
892 5315 1047 5385 quod
1073 5330 1259 5385 usque
1300 5314 1442 5368 adeo
1469 5329 1673 5368 omnes
1695 5313 1954 5385 corporis
1984 5314 2077 5368 sui

430 5415 635 5455 carnes
656 5402 725 5455 ad
743 5402 995 5458 nihilum
1011 5404 1353 5475 redegisset,
1376 5402 1659 5473 utpellem
1675 5402 1730 5456 in
1748 5419 1808 5457 se
1824 5400 2005 5457 solam
2022 5406 2078 5458 et

429 5505 565 5545 ossa
586 5494 1040 5561 monstraret,ob
1060 5494 1212 5566 quod
1230 5492 1357 5564 ipse
1379 5492 1701 5547 mercedem
1716 5508 1751 5548 a
1766 5496 2074 5559 Deo,cura-

423 5579 658 5634 tionum
691 5580 945 5651 gratiam
977 5583 1035 5638 in
1069 5582 1276 5638 ultimo
1296 5581 1424 5637 vitae
1448 5598 1567 5637 suae
1591 5581 1707 5638 ﬁne
1730 5581 2073 5654 promeruit.

502 5722 519 5757 ί
560 5719 800 5781 Uncinis
832 5723 1061 5782 inclusa
1090 5725 1303 5781 desunt
1326 5721 1615 5780 Heraclidi
1643 5722 1835 5782 Fabri.

2169 2023 2295 2078 loco
2342 2024 2495 2078 unde
2549 2023 2814 2078 Salvator
2863 2025 3206 2091 assumptus
3260 2024 3368 2086 est,
3418 2017 3723 2090 psallendo
3764 2022 3824 2071 et

2171 2114 2390 2167 orando
2425 2117 2765 2181 pernoctare
2790 2114 3195 2177 consueverat,
3216 2114 3274 2164 et
3296 2108 3415 2163 sive
3439 2108 3549 2163 sub
3574 2106 3820 2175 nimbis,

2172 2202 2292 2256 sive
2324 2202 2435 2256 sub
2476 2202 2688 2273 pluviis
2715 2218 2816 2257 seu
2849 2200 3116 2272 pruinis;
3148 2197 3470 2254 immobilis
3510 2214 3823 2269 permane-

2172 2291 2290 2345 bat.
2324 2291 2428 2354 Qui
2455 2296 2832 2361 posteaquam
2867 2290 2971 2345 boc
2992 2290 3162 2344 modo
3185 2287 3421 2342 solitum
3447 2291 3680 2358 tempus
3704 2286 3825 2340 im-

2174 2380 2414 2451 plesset,
2440 2382 2606 2451 signo
2632 2380 2851 2447 mallei,
2877 2396 2991 2451 quo
3016 2380 3224 2433 fratres
3245 2382 3480 2432 caeteros
3511 2376 3828 2431 excitabats

2174 2470 2504 2542 percutiens
2523 2472 2671 2525 fores
2685 2469 2947 2524 omnium
2966 2468 3334 2534 cellularum,
3360 2466 3429 2521 ad
3448 2465 3685 2537 propria
3702 2481 3832 2519 ora-

2174 2560 2325 2615 toria
2355 2558 2697 2613 deducebat.
2733 2559 2795 2612 In
2820 2558 3036 2629 quibus
3069 2573 3201 2611 cum
3233 2571 3591 2625 unoquoque
3624 2569 3829 2609 eorum

2176 2665 2361 2704 unum
2393 2647 2481 2703 vel
2513 2648 2756 2702 alterum
2788 2648 2847 2701 in
2879 2646 3233 2716 antipbonas
3262 2644 3557 2715 psalmum
3589 2659 3829 2709 canens,

2176 2738 2539 2805 totidemque
2569 2754 2703 2791 cum
2737 2736 2988 2808 singulis
3034 2751 3233 2805 preces
3267 2734 3540 2800 fundens,
3575 2732 3659 2788 sic
3692 2738 3831 2787 ante

2176 2829 2365 2884 lucem
2390 2827 2581 2882 adhuc
2605 2827 2999 2881 revertebatur
3025 2824 3095 2879 ad
3129 2823 3401 2878 cellulam
3426 2839 3616 2877 suam.
3642 2823 3827 2887 Quem

2178 2920 2387 2973 fratres
2419 2918 2571 2988 (vere
2603 2915 2759 2971 enim
2791 2915 2901 2969 sub
2937 2916 3045 2968 Deo
3072 2912 3301 2983 loquar)
3336 2911 3653 2983 spoliatum
3689 2927 3827 2964 ves-

2177 3007 2336 3062 tibus
2350 3006 2473 3061 suis
2488 3022 2699 3075 aquam
2716 3003 2931 3075 saepius
2946 3001 3465 3065 stillantibus,aliis
3482 3000 3829 3067 induebant,

2177 3095 2360 3150 donec
2391 3094 2504 3148 illae
2537 3093 2916 3148 siccarentur.
2949 3091 3041 3145 Sic
3084 3107 3221 3162 ergo
3265 3089 3562 3161 paulisper
3602 3105 3814 3144 somno

2177 3185 2429 3239 refectus
2462 3199 2646 3253 usque
2677 3182 2745 3237 ad
2781 3182 2987 3235 horam
3026 3180 3283 3249 tertiam,
3318 3180 3530 3235 iterum
3565 3177 3832 3251 psalmos

2100 3276 2142 3343 ρ
2181 3290 2419 3340 canens,
2442 3272 2640 3326 venire
2668 3271 2737 3325 ad
2765 3268 3005 3325 alterius
3031 3270 3141 3324 diei
3172 3284 3477 3340 vesperam
3503 3268 3830 3323 nitebatur.

2254 3361 2382 3415 Haec
2403 3359 2593 3415 Adolii
2620 3360 2931 3414 Tarsensis
2952 3358 3138 3411 virtus
3155 3357 3283 3424 fuit,
3308 3358 3410 3427 qui
3430 3356 3831 3427 Jerosolyme,

2183 3449 2608 3505 consummatis
2633 3448 2926 3519 patientiae
2952 3445 3469 3516 moribus,vixit,et
3495 3444 3697 3501 ultimo
3720 3445 3835 3499 ibi-

2183 3542 2314 3595 dem
2343 3540 2458 3595 line
2488 3539 2717 3596 defecit.

2775 3630 2999 3686 CAPUT
3024 3628 3229 3683 XXXI.

2582 3721 2707 3774 Vita
2758 3718 3069 3774 Innocentii
3102 3715 3435 3788 presbyteri.

2254 3809 2331 3863 De
2364 3808 2701 3864 beatissimo
2734 3808 3067 3863 Innocentio
3098 3805 3367 3877 (Pallad.,
3400 3820 3518 3874 cap.
3554 3804 3699 3874 103),
3726 3801 3835 3874 qui

2185 3898 2245 3952 in
2278 3914 2343 3952 ea
2375 3915 2502 3968 quae
2534 3903 2623 3954 est
2655 3898 2725 3953 ad
2766 3897 2988 3952 Olivam
3020 3894 3263 3952 ecclesia
3294 3894 3599 3965 presbyter
3631 3892 3762 3959 fuit,
3798 3909 3834 3945 a

2185 3986 2375 4042 mullis
2408 3988 2642 4059 quidem
2678 3992 2733 4042 et
2765 3985 2994 4058 magnis
3017 3984 3156 4039 viris
3185 3982 3424 4049 audisti,
3444 3981 3836 4039 nihilominus

2187 4080 2384 4131 tamen
2412 4077 2586 4131 etiam
2623 4092 2656 4130 a
2687 4076 2875 4141 nobis,
2898 4074 2997 4146 qui
3029 4089 3159 4127 cum
3184 4088 3250 4127 eo
3274 4071 3445 4125 annis
3475 4070 3665 4125 tribus
3688 4070 3837 4125 vixi-

2186 4182 2341 4233 mus,
2366 4182 2552 4236 pauca
2575 4180 2909 4236 cognosces.
2944 4163 3090 4220 Nam
3117 4159 3401 4231 quidquid
3426 4158 3673 4214 aliorum
3694 4175 3805 4215 ocu
3825 4190 3838 4203 -

2185 4254 2274 4310 los
2306 4253 2499 4321 latuit,
2535 4254 2704 4309 nobis
2737 4270 2851 4308 non
2878 4252 3068 4322 potuit
3098 4248 3401 4304 occultari.

2258 4343 2361 4397 Hic
2390 4360 2525 4415 ergo
2557 4341 3038 4413 simplicissimus
3087 4338 3351 4393 omnium
3382 4336 3533 4405 fuit;
3568 4337 3669 4407 qui
3697 4354 3836 4392 cum

2187 4433 2296 4487 sub
2309 4432 2663 4504 imperatore
2683 4428 3039 4494 Constantio,
3054 4427 3111 4482 in
3129 4426 3432 4498 principiis
3447 4426 3576 4497 ejus
3600 4426 3839 4498 imperii

2186 4522 2243 4576 in
2263 4538 2605 4594 magnorum
2620 4520 2877 4576 virorum
2891 4520 3096 4575 ordine
3114 4516 3448 4585 militasset,
3466 4516 3685 4587 quique
3700 4533 3770 4572 cu
3784 4535 3840 4573 m

2190 4628 2374 4682 usque
2405 4612 2475 4667 ad
2508 4610 2652 4666 illud
2687 4615 2921 4681 tempus
2953 4624 3085 4663 cum
3123 4605 3316 4678 proria
3348 4622 3525 4660 uxore
3558 4606 3837 4673 vixisset,

2189 4701 2610 4772 habuissetque
2653 4700 2841 4755 filium
2884 4698 3122 4753 nomine
3162 4696 3407 4751 Paulum
3441 4695 3837 4751 domesticum

2189 4791 2538 4846 militantem
2565 4790 2665 4858 ;ad
2683 4793 3044 4861 postremum
3078 4782 3839 4840 renuntiavitsmcularibus

2187 4878 2694 4937 rebus.Maledixit
2722 4882 2919 4932 autem
2952 4874 3180 4947 proprio
3209 4873 3327 4928 ﬁlio
3360 4877 3548 4941 Pater,
3582 4890 3648 4928 eo
3668 4874 3827 4944 quod

2189 4970 2510 5041 presbyteri
2528 4969 2780 5037 alicujus
2795 4966 2974 5021 filiam
2990 4963 3350 5033 corrupisset
3376 4964 3845 5034 deprecatusque

2189 5066 2279 5115 est
2301 5060 2640 5127 Dominum,
2666 5058 2865 5111 dicens
2892 5072 2903 5109 :
2929 5054 3011 5110 Da
3034 5052 3141 5123 illi,
3164 5052 3425 5120 Domine,
3448 5051 3721 5122 spiritum
3754 5060 3845 5108 ta-

2186 5150 2324 5219 lem,
2361 5154 2425 5203 ut
2453 5146 2680 5203 nullum
2698 5144 3047 5217 unquamad
3083 5140 3516 5214 peccandumin
3533 5157 3707 5196 carne
3732 5159 3849 5198 sua

2189 5244 2425 5309 tempus
2452 5236 2729 5292 inveniat.
2758 5234 2995 5290 Rectius
3023 5234 3141 5287 fore
3166 5230 3497 5295 credens,si
3522 5247 3657 5285 cum
3681 5236 3843 5287 atro-

2189 5331 2363 5385 citate
2384 5328 2691 5392 daamonis,
2716 5342 2890 5396 quam
2914 5341 3046 5379 cum
3077 5337 3364 5390 corporeae
3388 5320 3706 5392 voluptatis
3729 5322 3845 5377 im-

2188 5420 2441 5491 puritate
2492 5419 2758 5472 certaret.
2793 5414 2956 5478 Quod
3008 5411 3244 5483 quidem
3278 5410 3358 5463 ita
3391 5414 3454 5464 ut
3500 5410 3677 5477 dixit,
3722 5412 3845 5466 fac-

2185 5513 2313 5563 tum
2344 5512 2471 5575 est;
2506 5522 2641 5561 nam
2673 5509 2730 5561 et
2757 5520 2944 5575 usque
2972 5502 3033 5556 in
3058 5504 3401 5573 praesentem
3434 5498 3590 5555 diem
3623 5498 3843 5555 Paulus

2185 5596 2312 5669 ipse
2368 5595 2570 5652 ferreis
2602 5594 2827 5651 catenis
2875 5593 3135 5660 vinctus,
3165 5588 3226 5644 in
3254 5604 3320 5644 eo
3350 5588 3452 5660 qui
3499 5592 3589 5645 est
3627 5586 3837 5647 Oliveti

2256 5720 2277 5755 ²
2312 5718 2550 5776 Uncinis
2578 5717 2811 5775 inclusa
2840 5715 3055 5773 desunt
3082 5710 3363 5769 Palladio.
