4092 6324
226 402 330 459 317

1526 408 1964 464 HERACLIDIS
1998 409 2426 464 PARADIBUS.

3540 410 3646 466 318

228 533 425 585 monte
456 530 747 602 consistit,
772 535 827 587 et
857 533 927 588 ab
964 532 1270 589 immundo
1300 534 1510 605 spiritu
1544 550 1645 605 pro
1678 532 1873 589 crimi-
1906 542 1960 609 Α
2062 533 2164 589 Hic
2182 549 2248 589 eo
2273 538 2554 603 tempore,
2576 550 2691 605 quo
2716 532 3649 608 Julianusinfelixtenebatimpe-

226 618 317 674 nis
351 620 442 674 sui
475 621 840 692 correptione
867 621 1185 677 cruciatur.

292 709 398 764 Hic
431 709 559 781 ipse
588 711 962 766 Innocentius
999 728 1180 783 qnam
1216 712 1551 768 misericors
1607 712 1799 778 fuerit,
1836 711 1885 767 si

224 800 472 854 veracite
495 800 739 855 rreferre
761 799 998 856 voluero
1024 800 1311 857 delirasse
1336 820 1424 857 me
1448 804 1504 856 in
1530 802 1885 872 quibusdam

226 888 607 960 forsitan,pro
620 890 749 959 ejus
767 889 1143 961 simplicitate
1161 892 1762 962 quisjudicabit.Nam
1782 891 1886 944 fre-

226 983 478 1047 quenter
493 995 627 1033 eum
645 978 1006 1049 surripuisse
1022 980 1148 1035 suis
1164 980 1444 1036 fratribus
1459 980 1885 1051 cibos,etegen-

222 1068 385 1121 tibus
417 1068 656 1123 dedisse
683 1069 1030 1139 cognovi.ln
1067 1070 1422 1125 immensum
1458 1071 1613 1125 enim
1648 1071 1885 1123 modum

225 1156 477 1228 simplex
502 1163 644 1222 erat,
664 1174 851 1229 neque
875 1158 1192 1230 quidquam
1225 1159 1673 1230 malicoripsius
1696 1164 1884 1212 norat.

225 1245 389 1301 Unde
420 1247 681 1301 divinam
716 1264 949 1319 quoque
981 1247 1075 1303 hic
1107 1249 1351 1319 gratiam
1374 1254 1575 1304 contra
1594 1249 1886 1303 damones

224 1335 464 1389 meruit.

287 1425 375 1479 Ad
400 1441 573 1495 quem
600 1441 733 1480 cum
751 1425 1070 1497 aliquando
1085 1427 1421 1482 videntibus
1448 1426 1887 1497 nobis,juvenis

226 1515 472 1586 quidam
508 1515 718 1570 fuisset
747 1515 1250 1587 exhibitus,quem
1273 1516 1516 1588 spiritus
1540 1517 1887 1571 immundus

224 1604 591 1673 impleverat,
615 1609 671 1659 et
691 1605 968 1660 omnibus
990 1610 1179 1661 totum
1215 1606 1467 1661 solverat
1501 1606 1801 1671 membris;
1827 1605 1883 1658 in

226 1697 482 1760 tantum,
504 1698 689 1766 utego
713 1695 919 1750 videns
942 1712 1076 1750 eum
1101 1696 1334 1751 eminus
1352 1695 1885 1766 talem,nequeam-

225 1782 435 1854 bigens
462 1798 574 1837 non
601 1800 772 1854 posse
794 1785 1010 1850 curari,
1037 1790 1279 1840 matrem
1304 1788 1434 1856 ejus
1460 1788 1559 1857 qui
1582 1785 1889 1839 videbatur

223 1869 925 1977 exhibitusgliosquequi
942 1888 1076 1926 eum
1093 1874 1453 1927 deduxerant
1468 1872 1888 1943 propellijube'
1916 1912 1960 1977 Β

221 1974 367 2012 rem.
394 1957 598 2012 Evenit
620 1962 815 2013 autem
840 1958 991 2014 inter
1013 1960 1134 2015 haec
1161 1966 1224 2014 ut
1248 1960 1651 2032 superveniret
1684 1975 1875 2024 senex,

222 2062 280 2100 ac
306 2050 566 2100 stantem
600 2052 656 2101 et
689 2064 823 2102 cum
848 2046 1269 2104 lamentatione
1301 2050 1612 2104 deflentem
1647 2053 1883 2119 prepter

220 2138 339 2189 tam
386 2126 846 2191 inenarrabilem
898 2136 1001 2190 filii
1054 2137 1326 2192 morbum
1364 2142 1607 2192 matrem
1642 2138 1881 2191 videret.

219 2222 425 2278 Victus
467 2238 605 2295 ergo
656 2223 932 2280 continuo
964 2224 1050 2279 vir
1083 2225 1178 2280 ille
1214 2225 1564 2280 venerabilis
1610 2225 1882 2297 lacrymis

221 2314 455 2383 ejus,ex
486 2314 696 2369 affectu
722 2316 907 2369 sancti
940 2316 1134 2371 cordis
1167 2315 1884 2386 ingemuit,juvenemque

222 2402 615 2476 apprehendit
644 2420 845 2471 manu,
878 2410 934 2459 et
964 2405 1120 2459 intra
1151 2404 1473 2459 oratorium
1508 2421 1700 2471 suum,
1727 2405 1880 2475 quod

228 2495 353 2565 ipse
388 2499 815 2563 construxerat,
849 2504 901 2549 et
933 2495 991 2551 in
1028 2513 1143 2567 quo
1178 2495 1453 2568 reliquias
1486 2497 1672 2550 sancti
1707 2496 1881 2551 Joan-

222 2583 311 2639 nis
348 2584 627 2655 Baptistae
661 2584 1064 2651 collocaverat,
1099 2586 1283 2651 duxit,
1319 2590 1493 2657 atque
1520 2584 1639 2639 illic
1670 2585 1882 2640 oratio-

222 2686 356 2726 nem
402 2688 504 2741 pro
537 2687 602 2726 eo
636 2672 855 2727 faciens
889 2690 920 2727 a
950 2673 1125 2727 tertia
1175 2690 1385 2728 nonam
1442 2689 1628 2743 usque
1677 2674 1879 2727 horam

224 2760 360 2825 diei,
391 2760 749 2816 incolumem
797 2778 932 2816 eum
966 2762 1093 2832 ipso
1126 2760 1217 2816 die
1252 2762 1527 2828 reddidit,
1564 2766 1879 2833 purgatum

222 2849 506 2917 daemone,
562 2855 737 2920 atque
782 2850 1165 2905 constrictum
1227 2852 1504 2905 omnibus
1558 2852 1878 2917 membris;

220 2955 341 3009 quze
378 2956 568 3007 usque
600 2940 742 2994 adeo
776 2941 1007 2995 fuerant
1036 2940 1344 3007 dissoluta,
1382 2944 1445 2994 ut
1475 2939 1705 3010 quoties
1737 2940 1881 2995 infe-

223 3027 298 3083 lix
352 3046 501 3102 puer
548 3029 831 3086 voluisset
861 3046 1167 3101 exspuere,
1202 3031 1260 3085 in
1295 3034 1524 3101 tergum
1558 3036 1732 3102 sputa
1753 3032 1883 3101 jac-

221 3120 390 3173 taret.
428 3119 516 3173 Ita
545 3135 676 3174 eum
714 3119 1061 3174 distorserat
1092 3120 1341 3175 damon.

284 3207 815 3278 Aniculaquaadam
833 3208 980 3261 adiit
996 3213 1384 3263 memoratum
1400 3209 1881 3280 virum,quaerens

1997 621 2170 687 rium,
2195 622 2573 678 saecularibus
2606 624 2956 678 renuntiavit
2986 625 3181 689 rebus,
3216 642 3545 696 magnaque
3566 626 3647 680 ei-

1998 712 2152 775 dem,
2170 712 2564 783 interrogatus
2590 714 2661 767 ub
2686 730 2773 781 eo,
2795 730 2929 768 cum
2956 715 3303 769 auctoritate
3328 717 3649 787 respondit.

1998 802 2179 865 Quem
2212 807 2350 857 tunc
2381 802 2478 856 ille
2508 802 2760 869 (calvitie
2791 803 2981 857 eidem
3037 804 3201 873 prius
3254 804 3424 875 facta)
3468 805 3653 874 jussit

1999 892 2194 960 pueris
2210 890 2637 955 verberari.0ui
2653 908 2718 945 su
2733 891 3007 962 pplicium
3031 891 3334 963 plagarum
3353 894 3648 962 patientis-

1999 980 2145 1033 sime
2176 981 2389 1044 ferens,
2425 982 2711 1034 maximas
2743 981 2789 1035 ei
2822 982 3041 1051 gratias
3073 983 3210 1052 egit,
3244 982 3397 1037 sicut
3450 988 3651 1052 postea

1999 1069 2167 1123 nobis
2198 1074 2256 1122 et
2286 1069 2407 1138 ipse
2437 1071 2738 1124 referebat.
2773 1070 2917 1124 lIuic
2951 1075 3145 1124 tamen
3180 1070 3331 1125 inter
3362 1072 3650 1142 principia

1998 1175 2131 1212 cum
2158 1158 2540 1213 fornicatione
2555 1176 2619 1213 ac
2634 1160 2853 1213 ventris
2871 1175 3039 1213 vorac
3056 1164 3169 1213 tate
3183 1160 3523 1229 gravissima
3543 1163 3651 1214 fuit
3724 1220 3729 1223 μ

1998 1263 2231 1316 pugna;
2261 1264 2407 1318 quos
2432 1248 2526 1302 ille
2549 1247 2730 1301 animi
2753 1252 2809 1301 et
2831 1247 3091 1318 corporis
3117 1250 3352 1302 morbos
3374 1248 3453 1302 ita
3476 1265 3541 1302 su
3555 1264 3647 1318 pe-

1998 1335 2335 1401 ravit,velut
2366 1337 2412 1389 si
2448 1338 2578 1407 quis
2602 1337 2959 1392 immensum
2994 1337 3329 1392 incendium
3358 1336 3649 1392 validissi-

1999 1425 2110 1479 mis
2127 1425 2295 1495 aquis
2310 1427 2737 1497 exstinguat.ln
2754 1427 3004 1497 quadam
3022 1426 3177 1481 enim
3194 1443 3254 1482 se
3268 1425 3650 1481 cell'ulaclau-

1999 1532 2155 1582 sum,
2182 1516 2332 1571 ferro
2366 1533 2602 1587 semper
2631 1516 2914 1583 oneravit,
2950 1534 3063 1571 non
3098 1533 3308 1587 panem
3343 1518 3557 1571 factum
3581 1535 3650 1572 ex

1998 1605 2190 1659 tritico
2218 1606 2388 1660 edere
2420 1605 2622 1669 voluit,
2658 1606 2884 1660 nullum
2921 1610 3151 1660 coctum
3182 1605 3420 1676 ignibus
3451 1606 3645 1660 cibum

1999 1695 2361 1765 sumpsit.Ac
2385 1700 2509 1749 tum
2535 1697 2769 1749 demum
2798 1698 2854 1749 in
2880 1696 3079 1749 decem
3102 1700 3157 1749 et
3181 1701 3309 1749 octo
3334 1694 3649 1761 annis,me-

2000 1785 2245 1837 moratis
2278 1784 2653 1854 passionibus
2701 1784 2965 1847 domitis,
2999 1784 3242 1855 dignum
3278 1783 3376 1838 tali
3415 1783 3652 1838 victoria

1999 1872 2283 1944 hymnum
2318 1874 2431 1929 Deo
2455 1874 2687 1937 cecinit,
2715 1873 2913 1927 dicens
2940 1890 2952 1926 :
2980 1873 3256 1927 Exaltabo
3282 1878 3356 1941 te,
3384 1873 3649 1939 Domine,

1993 1962 2268 2032 quoniam
2292 1963 2602 2034 suscepisti
2629 1979 2855 2027 me,nee
2873 1961 3173 2016 delectasti
3200 1962 3472 2016 inimicos
3492 1978 3653 2015 meos

1992 2067 2166 2122 super
2192 2068 2281 2106 me
2304 2053 2472 2120 (Psal.
2498 2052 2669 2122 xxxx).
2690 2052 2794 2105 Cui
2821 2053 3093 2122 frequens
3119 2067 3352 2121 semper
3374 2056 3431 2105 et
3453 2050 3653 2105 varius

1993 2157 2125 2195 cum
2152 2141 2462 2211 spiritibus
2497 2141 2743 2213 impuris
2770 2141 3277 2212 perquadraginta
3308 2157 3516 2204 annos,
3543 2156 3646 2210 pa-

1992 2229 2342 2285 tientissime
2370 2230 2523 2285 intra
2555 2234 2729 2286 unius
2752 2229 3089 2285 monasterii
3112 2229 3367 2284 claustra
3388 2229 3643 2301 degenti,

1993 2320 2298 2373 conﬂictus
2338 2319 2465 2375 fuit.

2063 2408 2217 2463 973
2250 2408 2365 2463 Hoc
2393 2426 2625 2480 quoque
2683 2408 2852 2464 nobis
2912 2407 3135 2463 solebat
3187 2408 3342 2463 idem
3407 2408 3641 2474 referre,

1994 2506 2146 2568 quod
2185 2515 2283 2567 per
2302 2498 2692 2569 quadraginta
2715 2514 2778 2551 ac
2802 2498 2949 2551 duos
2973 2514 3157 2551 annos
3181 2514 3246 2551 ex
3273 2496 3646 2566 nullOpomo-

1994 2602 2121 2639 rum
2144 2604 2351 2657 genere
2374 2587 2843 2658 gustasset.Cum
2870 2591 3063 2641 autem
3086 2592 3278 2641 metus
3300 2584 3463 2639 illum
3486 2602 3643 2639 mor-

1991 2674 2067 2727 tis
2100 2672 2416 2745 aliquando
2448 2679 2697 2732 vexaret.
2732 2690 2833 2745 per
2872 2690 2971 2728 sex
3014 2690 3200 2727 annos
3250 2672 3533 2727 clausisse
3584 2689 3645 2726 se

1991 2749 2143 2818 intra
2160 2764 2499 2818 memoriam
2530 2768 2917 2828 mortuorum,
2945 2768 3006 2816 ut
3029 2762 3557 2832 darmonem,quem
3576 2777 3643 2815 ex

1992 2854 2305 2908 formidine
2338 2854 2651 2925 sepultura:
2688 2852 3003 2907 terribilem
3039 2851 3423 2916 sentiebat,in
3451 2850 3645 2920 sepul-

1993 2943 2107 2997 cris
2130 2942 2447 2997 habitando
2471 2960 2535 2997 su
2549 2942 3077 3014 peraret.Libenter
3097 2941 3253 2995 hunc
3274 2946 3516 2995 sanctus
3542 2940 3640 2993 Ba—

1991 3031 2161 3087 silius
2182 3032 2493 3104 episcopus
2525 3032 2729 3087 habuit
2759 3031 2817 3085 in
2853 3030 3472 3097 memoria,districtos
3495 3028 3553 3083 in
3580 3045 3645 3083 eo

1993 3138 2185 3176 mores
2244 3138 2476 3193 semper
2523 3136 2589 3175 ac
2638 3120 2959 3191 simplices,
3020 3119 3528 3190 intentionemque
3575 3118 3644 3172 ad

1995 3211 2178 3266 Deum
2212 3210 2473 3282 dirigens
2510 3227 2521 3264 :
2566 3210 2666 3280 qui
2702 3227 2886 3281 usque
2918 3211 2988 3265 ad
3027 3214 3337 3280 praesentes
3372 3208 3497 3263 dies
3530 3224 3643 3262 non

219 3312 377 3352 ovem
408 3312 589 3368 quam
620 3313 680 3351 se
706 3295 1031 3367 perdidisse
1065 3298 1115 3349 de
1142 3298 1593 3353 flebat.Dicebat
1624 3314 1761 3367 ergo
1797 3298 1879 3353 ei:
1914 3286 1956 3351 C
1996 3299 2404 3356 desinitlibros
2422 3300 2841 3372 propriamanu
2860 3299 3134 3368 scribere,
3150 3297 3329 3353 etiam
3345 3314 3478 3352 cum
3495 3300 3647 3351 octo-

224 3385 474 3440 Ostende
499 3384 641 3440 mihi
670 3385 885 3455 ipsum,
912 3385 970 3440 in
995 3402 1110 3457 quo
1135 3386 1878 3457 perdidisti,locum.0uem

219 3473 425 3529 mulier
478 3489 615 3528 cum
667 3474 738 3528 ad
791 3473 891 3529 illa
922 3475 1141 3546 quibus
1194 3476 1469 3530 Lazarion
1525 3493 1738 3532 nomen
1795 3481 1884 3532 est

221 3563 561 3618 deduxisset
598 3562 745 3633 loca,
773 3565 935 3619 stetit
964 3563 1108 3633 illic,
1131 3570 1187 3619 et
1218 3566 1510 3621 instanter
1540 3566 1741 3621 oravit.
1777 3566 1881 3621 Ju-

218 3669 385 3709 venes
433 3657 635 3708 autem
689 3653 786 3725 qui
844 3653 1022 3709 furati
1072 3671 1239 3710 ovem
1276 3656 1525 3722 fuerant,
1549 3656 1674 3724 jam
1707 3655 1881 3710 etiam

231 3741 567 3797 occiderant
608 3759 759 3798 eam.
792 3748 938 3798 Dum
991 3743 1173 3815 igitur
1206 3760 1436 3816 precem
1472 3745 1683 3813 fundit,
1720 3744 1881 3799 nullo

227 3832 456 3902 penitus
488 3833 823 3901 confitente,
866 3834 1144 3890 carnibus
1190 3841 1387 3891 autem
1422 3835 1609 3906 ipsius
1657 3835 1880 3906 pecoris

223 3920 374 3976 intra
390 3922 624 3976 vineam
657 3938 784 3992 qua;
817 3921 1121 3991 adjacebat
1153 3922 1469 3989 abstrusis,
1496 3922 1689 3976 subito
1706 3937 1883 3992 supra

221 4010 377 4082 ipsas
408 4011 665 4067 volitans
709 4028 918 4067 corvus
952 4011 1136 4077 stetit,
1172 4018 1517 4083 partemque
1552 4012 1688 4066 inde
1724 4012 1885 4066 aufe-

222 4116 352 4155 rens
383 4100 602 4162 carnis.
639 4117 849 4156 rursus
896 4101 1208 4156 abscessit.
1249 4104 1372 4166 Quo
1400 4102 1547 4167 viso,
1585 4100 1681 4156 ille
1712 4118 1884 4157 vene-

226 4188 425 4243 rabilis
458 4206 635 4244 senex
671 4190 889 4244 furtum
925 4189 1081 4260 quod
1118 4188 1416 4244 celabatur
1476 4190 1719 4245 invenit.
1756 4191 1886 4244 Mox

229 4284 422 4335 autem
460 4280 634 4349 juves
670 4280 783 4352 ipsi
816 4281 1161 4335 confitentes
1195 4280 1495 4351 proprium
1531 4286 1778 4349 reatum,
1813 4282 1882 4335 ad

231 4369 404 4438 pedes
431 4369 560 4438 ejus
593 4369 994 4439 prociderunt.
1028 4370 1073 4423 A
1103 4370 1320 4439 quibus
1379 4374 1583 4440 postea
1631 4368 1882 4439 pretium

232 4458 381 4527 quod
407 4459 639 4528 justum
662 4458 972 4514 videbatur
1004 4462 1269 4514 exactum
1297 4463 1405 4529 est,
1430 4464 1488 4514 et
1511 4458 1738 4515 mulieri
1762 4460 1886 4513 red-

235 4546 439 4603 dilum.

797 4680 1020 4737 CAPUT
1061 4682 1309 4737 XXXII.

661 4799 780 4854 Vita
810 4797 1122 4855 Philoromi
1148 4800 1475 4871 presbyteri.

311 4943 706 4999 Philoromum
741 4942 980 4998 nomine
1014 4944 1420 5016 presbyterum
1481 4944 1796 5015 quemdam
1831 4935 1890 4997 in

243 5034 467 5090 Galatia
527 5034 765 5106 regione
823 5034 1065 5102 cognovi
1126 5034 1392 5105 (Pallad.,
1454 5052 1499 5090 c.
1551 5036 1699 5102 113),
1758 5050 1891 5088 cum

243 5140 354 5193 quo
386 5124 565 5180 multo
598 5124 772 5180 etiam
804 5127 1065 5193 tempore
1095 5124 1198 5178 fui.
1230 5126 1413 5189 Quem
1441 5124 1629 5179 virum
1666 5123 1892 5195 patien-

241 5212 473 5268 tissima:
526 5214 710 5269 fuisse
753 5212 1005 5279 virtutis,
1060 5230 1125 5267 ac
1172 5214 1496 5285 perfectum
1550 5230 1649 5283 per
1698 5213 1896 5267 omnia

249 5302 591 5357 monachum
625 5301 1135 5373 comprobavi,qui
1173 5318 1239 5356 ex
1271 5302 1481 5357 ancilla
1512 5302 1748 5372 quidem
1778 5318 1892 5356 ma-

249 5391 684 5462 tre,abingenuo
707 5396 902 5446 tamen
927 5396 1090 5462 patre
1120 5392 1305 5446 fuerat
1331 5392 1895 5463 procreatusTantaa

248 5484 433 5535 autem
460 5479 920 5536 conversationis
939 5486 996 5536 et
1015 5480 1305 5536 libertatis
1333 5499 1460 5552 quze
1490 5482 1560 5535 ad
1596 5480 1895 5535 Christum

246 5570 488 5639 pertinet
514 5571 642 5637 fuit,
664 5575 729 5626 ut
758 5570 935 5625 etiam
971 5570 1055 5625 illi
1090 5572 1189 5642 qui
1222 5571 1527 5626 nobilitate
1560 5571 1790 5643 generis
1813 5570 1897 5624 in-

253 5660 606 5729 superabiles
651 5659 1027 5730 videbantur,
1061 5659 1474 5715 erubescerent
1502 5675 1568 5716 ac
1596 5661 1901 5732 stuperent

250 5762 435 5817 mores
458 5752 584 5822 ejus
610 5755 788 5823 atque
818 5750 1083 5806 virtutes.

1995 3390 2159 3462 ginta
2189 3407 2374 3445 annos
2408 3394 2561 3461 agat.

2068 3479 2304 3534 Dicebat
2336 3480 2444 3534 hoc
2476 3478 2653 3534 etiam
2682 3479 2807 3549 ipse
2840 3476 3240 3543 beatissimus,
3266 3476 3419 3547 quod
3444 3492 3511 3530 ex
3533 3492 3644 3545 quo

1996 3570 2315 3638 accepisset
2346 3568 2643 3623 lavacrum
2675 3567 3157 3640 regenerationis,
3184 3570 3358 3639 atque
3386 3562 3648 3637 mysterii

1995 3658 2243 3729 gratiam
2277 3657 2627 3728 spiritualis,
2656 3675 2839 3728 usque
2862 3657 2920 3711 in
2947 3660 3293 3729 praesentem
3327 3654 3648 3725 diem,sine

1998 3764 2175 3802 causa
2198 3763 2258 3801 se
2282 3746 2523 3801 alterius
2538 3764 2684 3817 pane
2700 3763 2871 3801 usum
2891 3748 3069 3801 fuisse
3087 3745 3356 3811 nesciret;
3377 3745 3475 3799 sed
3493 3745 3648 3814 quod

2000 3854 2066 3892 ex
2089 3836 2389 3891 laboribus
2419 3837 2693 3907 propriis,
2719 3835 2891 3891 sicuti
2921 3837 3270 3907 persuadere
3305 3840 3439 3889 ante
3472 3839 3649 3888 Deum

2000 3926 2169 3981 nobis
2210 3925 2452 3990 solebat,
2488 3927 2771 3981 ducentos
2814 3925 3243 3996 quinquaginta
3284 3922 3502 3978 solidos
3532 3921 3647 3977 ele-

1998 4016 2305 4088 phantioso
2342 4015 2740 4070 laborantibus
2790 4016 2993 4070 morbo
3044 4013 3323 4079 dedisset,
3356 4028 3647 4067 memora-

1998 4110 2237 4174 tamque
2254 4104 2561 4175 pecuniam
2579 4120 2689 4159 non
2706 4103 3132 4173 cxcujusquam
3162 4100 3402 4155 alterius
3423 4100 3510 4154 vel
3538 4098 3648 4153 levi

1999 4194 2339 4261 damno,sed
2356 4208 2423 4247 ex
2439 4209 2719 4247 manuum
2734 4208 2974 4247 suarum
2995 4190 3265 4260 operibus
3280 4188 3646 4261 praestitisse.

2070 4282 2175 4347 Qui
2203 4283 2470 4353 pedester
2502 4282 2612 4337 iter
2642 4296 2812 4337 omne
2836 4281 3172 4348 conﬁciens,
3190 4279 3434 4334 Romam
3462 4292 3647 4348 usque

2001 4370 2461 4442 pervenit,atque
2482 4370 2539 4424 in
2565 4370 2813 4426 ecclesia
2834 4370 3022 4426 sancti
3048 4369 3195 4425 Petri
3223 4368 3498 4439 Paulique
3520 4384 3649 4422 ora-

1997 4460 2259 4515 tionibus
2286 4459 2472 4526 factis,
2500 4477 2708 4516 rursus
2739 4461 2810 4515 ad
2848 4458 3251 4515 Alexandriam
3284 4458 3551 4531 pedester
3570 4472 3652 4510 re-

1999 4548 2233 4616 meavit;
2262 4548 2359 4603 ubi
2383 4548 2593 4603 iterum
2619 4566 2849 4619 precem
2876 4549 3025 4603 fudit
3046 4547 3103 4603 in
3121 4546 3650 4617 basilicamartyris

1921 4657 1968 4722 Β
2000 4637 2379 4709 Evangelistze
2406 4638 2603 4691 Marci.
2624 4637 3001 4709 Jerosolymze
3033 4637 3208 4692 etiam
3241 4634 3496 4691 secundo
3522 4634 3649 4702 fuit,

2002 4744 2105 4799 pro
2128 4727 2349 4782 honore
2373 4732 2711 4782 sanctorum
2735 4726 3020 4793 locorum,
3036 4726 3406 4798 propriisque
3422 4739 3655 4794 semper

2002 4817 2342 4888 sumptibus
2364 4834 2429 4872 ao
2452 4817 2698 4889 pedibus
2731 4825 3013 4889 martyres
3049 4821 3279 4870 sanctos
3300 4814 3353 4867 in
3375 4812 3651 4867 omnibus

2002 4908 2361 4963 sufficienter
2390 4908 2713 4963 honoravit.
2741 4909 2847 4972 Qui
2869 4913 2925 4962 et
2946 4908 3053 4961 hoc
3077 4908 3146 4961 ad
3182 4908 3440 4959 nostram
3472 4901 3653 4956 rediti-

2003 4997 2293 5053 cationem
2327 5015 2479 5069 saepe
2510 4998 2757 5059 dicebat,
2782 5015 2895 5053 non
2922 5013 2981 5051 se
3007 4995 3346 5051 meminisse
3371 4992 3522 5063 quod
3551 5008 3655 5045 un-

2005 5104 2183 5160 quam
2215 5088 2488 5142 sensibus
2520 5088 2645 5142 suis
2677 5104 2710 5141 a
2738 5087 2852 5142 Deo
2882 5085 3054 5141 fuerit
3086 5087 3413 5154 separatus.

2077 5179 2205 5233 Haec
2230 5183 2365 5232 sunt
2387 5178 2713 5232 beatissimi
2738 5176 3053 5232 Philoromi
3086 5172 3657 5242 certamina,quibus

2006 5269 2257 5323 invictus
2280 5266 2635 5338 apparuit,et
2656 5267 2776 5320 haec
2800 5271 3141 5321 sanctorum
3165 5263 3401 5317 Patrum
3420 5260 3658 5316 immar-

2007 5356 2297 5412 cescibilis
2328 5356 2379 5410 ei
2411 5354 2603 5425 gloriae
2633 5371 2845 5409 corona
2876 5355 3110 5407 donata.

2618 5470 2848 5526 CAPUT
2888 5470 3144 5526 XXXIII.

2484 5560 2600 5617 Vita
2635 5560 2886 5615 Melania
2917 5563 3178 5616 senioris.

2080 5664 2291 5717 Sancta
2312 5659 2409 5716 illa
2440 5662 2498 5714 et
2520 5655 2774 5713 multum
2796 5658 2969 5715 beata
2988 5658 3238 5716 Melania
3260 5657 3649 5731 (Pallad.,cap.

2019 5751 2162 5824 117),
2186 5750 2257 5807 de
2277 5750 2539 5821 Hispano
2568 5746 2656 5804 vel
2680 5746 2881 5804 urbico
2911 5764 3121 5822 genere
3151 5741 3657 5816 descendens,ﬁlia
