4092 6324
397 416 505 471 319

1586 418 1958 473 APPENDIX
1992 415 2091 468 AD
2127 414 2345 469 VITAS
2382 416 2703 470 PATRUM.

3705 412 3813 466 320

396 542 636 613 quidem
667 543 995 600 Marcellini
1031 544 1341 614 cujusdam
1376 542 1710 599 exconsulis
1743 542 1871 612 fuit,
1904 556 2050 596 uxor
2079 555 2134 621 Α
2231 540 2365 594 Erat
2392 539 2566 595 etiam
2600 556 2733 593 cum
2757 555 2823 594 ea
2844 538 3117 594 Ruffinus
3136 536 3377 609 quidam
3404 537 3815 605 nomine,civis

397 636 593 687 autem
645 633 953 703 cujusdam
1009 632 1372 688 honorabilis
1422 632 1555 699 viri,
1607 632 1779 703 cujus
1836 646 2047 686 nomen

399 723 738 776 meminisse
769 739 883 776 non
915 739 1177 793 possum.
1218 724 1351 787 Quae
1384 722 1666 793 vigesimo
1699 739 1763 777 ac
1797 720 2051 776 secundo

396 810 579 863 aztatis
610 827 729 864 suae
763 826 916 864 anno
949 810 1019 865 ad
1054 811 1394 866 viduitatem
1438 812 1692 875 redacta,
1728 810 2053 865 divinitatis

396 914 614 964 amore,
637 902 849 953 aeterno
881 916 1098 969 sponso
1134 901 1347 956 meruit
1377 900 1866 972 copulari,usque
1896 899 1955 953 in
1989 898 2057 951 ﬁ-

399 1003 531 1041 nem
564 987 691 1041 vitae
721 1004 840 1042 sum
872 988 1125 1059 diligens
1158 993 1465 1055 eum.Quae
1498 989 1645 1044 nulli
1681 993 1907 1044 secreta
1940 986 2060 1042 ani'

396 1076 477 1129 mi
507 1076 596 1130 sui
632 1078 889 1148 prodens
920 1078 1370 1149 (prohibebatur
1400 1079 1557 1134 enim
1591 1080 1742 1134 inter
1776 1075 2060 1149 principia

392 1163 658 1220 Valentis
682 1165 960 1238 imperii),
987 1174 1366 1239 procuratore
1396 1178 1526 1223 ante
1560 1167 1676 1223 ﬁlio
1710 1184 1815 1222 suo
1848 1166 2061 1221 consti—

392 1257 542 1323 tuto,
576 1270 643 1309 ea
683 1272 814 1326 quae
858 1256 1074 1312 habere
1110 1260 1166 1313 in
1201 1259 1516 1314 mobilibus
1569 1258 1878 1313 videbatur
1928 1272 2060 1310 cum

393 1343 565 1399 certis
599 1345 796 1414 pueris
822 1362 888 1401 ac
913 1347 1123 1416 puellis
1146 1347 1206 1402 in
1232 1365 1434 1404 navem
1466 1349 1653 1415 misit,
1681 1348 1875 1417 itaque
1902 1344 2061 1401 festi-

395 1450 544 1487 nans
576 1433 992 1490 Alexandriam
1040 1438 1351 1508 navigavit.
1387 1439 1463 1492 Ex
1510 1455 1627 1509 qua
1658 1439 2063 1509 (posteaquam

394 1520 515 1574 illic
547 1523 746 1577 omnia
769 1524 1053 1591 vendidit,
1081 1531 1138 1581 et
1160 1527 1215 1580 in
1240 1527 1528 1597 pecunias
1557 1531 1746 1581 totum
1800 1529 1974 1595 atque
2004 1523 2062 1576 in

395 1607 604 1665 aurum
631 1612 876 1683 redegit)
899 1614 1094 1669 Nitriae
1126 1616 1319 1687 attigit
1342 1620 1628 1683 montem;
1650 1619 1823 1684 atque
1844 1612 2062 1666 ibidem

391 1701 759 1756 venerabiles
792 1707 984 1773 patres
1016 1704 1166 1759 vidit
1203 1705 1417 1760 Pambo
1460 1701 2068 1771 beatissimum,Arsi-

395 1789 549 1843 sium
587 1789 879 1845 famulum
931 1792 1166 1861 Christi,
1202 1795 1699 1866 Serapionemque
1753 1793 2067 1862 majorem—

395 1877 775 1950 Scythensem
810 1883 1305 1952 Paphnutium,et
1340 1885 1636 1939 Isidorum
1672 1881 2063 1938 confessorem

399 1972 575 2038 atque
596 1968 936 2041 episcOpum
964 1971 1124 2026 illius
1148 1972 1412 2028 civitatis
1444 1991 1571 2044 qua
1594 1971 2079 2028 vocaturHermO‘

400 2056 575 2127 polis,
602 2060 660 2111 et
683 2062 955 2114 sanctum
984 2060 1351 2117 Dioscorum.
1379 2064 1541 2133 Apud
1576 2079 1722 2135 quos
1749 2061 1808 2116 in
1827 2060 2075 2122 desertis

399 2144 544 2201 iocis
578 2163 677 2201 sex
708 2152 940 2204 tantum
976 2150 1283 2207 mensibus
1318 2157 1718 2222 commorata,
1740 2167 1946 2206 omnes
1978 2150 2078 2220 qui

403 2234 523 2290 illic
555 2240 724 2291 erant
757 2243 991 2294 sanctos
1020 2240 1176 2296 viros
1210 2242 1543 2314 peragravit
1574 2259 1639 2297 ac
1676 2241 1840 2296 vidit.

471 2342 609 2398 Post
638 2341 759 2398 haec
792 2348 989 2400 autem
1023 2363 1151 2401 cum
1188 2346 1502 2403 Alexandri
1524 2365 1567 2402 ae
1626 2348 1933 2420 praefectus
1967 2348 2078 2401 Au-

401 2431 654 2502 gustalis
683 2433 1075 2506 Isidorum,et
1105 2436 1454 2506 Pithimum,
1477 2437 1853 2509 Adelphium,
1886 2436 2078 2508 Paph—

407 2521 1079 2591 nutium,Pambo,inter
1102 2544 1250 2598 quos
1270 2529 1445 2583 etiam
1472 2528 1854 2599 etquemdam
1873 2542 2074 2582 senem

396 2612 1003 2684 Ammonium,unam
1038 2614 1354 2671 habentem
1387 2616 1737 2685 auriculam,
1764 2621 1820 2672 et
1852 2616 2073 2671 duode-

392 2699 508 2753 cim
566 2700 873 2773 episcopos
925 2704 1448 2776 presbyterosque,
1482 2710 1538 2761 et
1568 2706 1712 2761 alios
1751 2704 2063 2775 quosdam:

396 2804 584 2859 usque
614 2791 684 2844 ad
717 2796 949 2846 centum
986 2794 1297 2848 duodecim
1334 2812 1603 2866 numero,
1626 2795 1780 2850 circa
1808 2792 2065 2848 Palaesti'

401 2894 535 2932 nam
565 2882 622 2932 et
653 2878 1079 2937 Diocaasaream
1115 2883 1458 2940 damnasset
1489 2884 1731 2950 exsilio;
1765 2884 1911 2938 istos
1940 2883 2061 2938 hac

395 2965 743 3023 beatissima
776 2985 978 3025 omnes
1009 2976 1212 3026 secuta
1236 2976 1342 3038 est,
1372 2977 1518 3027 etex
1542 2972 1792 3044 propriis
1814 2969 2057 3027 faculta«

391 3055 555 3110 tibus
577 3057 661 3112 eis
686 3056 1080 3114 ministerium
1103 3078 1275 3116 suum
1295 3062 1833 3133 praebuit.Cumque
1848 3060 1918 3116 ab
1938 3058 2055 3114 illis

393 3144 493 3215 qui
509 3145 566 3200 in
586 3151 1029 3204 memoratorum
1050 3150 1317 3205 custodia
1332 3156 1499 3207 erant
1518 3149 2055 3223 prohibereturhaec

391 3233 582 3290 facere
613 3235 788 3307 (sicut
832 3237 975 3293 mihi
1007 3249 1061 3293 et
1091 3240 1208 3311 ipsi
1246 3258 1398 3311 saepe
1450 3242 1798 3306 referebant,
1831 3257 1964 3295 nam
1995 3243 2052 3295 et

2106 1926 2154 1992 B

2165 628 2345 684 Italus
2365 645 2434 684 ex
2457 628 2816 701 Aquileiensi
2848 628 3179 701 oppido,vir
3201 627 3576 693 nobilium,et
3599 628 3656 683 in
3684 645 3822 700 pro-

2167 719 2353 791 posito
2397 718 2680 791 singulari
2716 718 2857 774 satis
2890 716 3126 773 fortium
3176 732 3442 786 morum;
3491 717 3588 790 qui
3641 723 3697 773 et
3746 718 3818 774 ad

2166 809 2636 881 presbyteratum
2662 812 2863 880 postea
2888 808 3101 863 meruit
3132 806 3452 877 pervenire.
3471 809 3593 873 Quo
3618 807 3824 863 nullus

2168 900 2552 965 mansuetior,
2587 899 2807 968 fortior,
2843 902 2899 954 et
2947 897 3249 970 placidior,
3282 900 3570 967 tanquam
3620 896 3823 953 omnia

2168 990 2382 1056 sciens,
2404 990 2461 1044 in
2483 1006 2620 1045 sexu
2641 988 2791 1044 virili
2816 989 3004 1060 potuit
3030 986 3295 1042 inveniri.
3320 987 3419 1042 Isti
3446 987 3627 1059 igitur
3656 987 3715 1041 in
3739 988 3832 1042 vi-

2168 1079 2223 1151 gi
2237 1079 2317 1133 nti
2342 1084 2398 1134 et
2422 1085 2646 1151 septem
2672 1079 2843 1134 annis
2858 1094 3061 1134 omnes
3076 1077 3229 1149 apud
3246 1076 3671 1147 Jerosolymam
3688 1094 3829 1132 san-

2171 1173 2292 1223 ctos
2309 1174 2477 1240 atque
2497 1169 2835 1240 peregrinos
2854 1167 3183 1240 episcopos,
3202 1166 3836 1237 monachos,virgines-

2172 1258 2424 1329 que(boc
2439 1258 2595 1313 enim
2609 1266 2888 1314 voverant
2910 1262 3022 1312 Deo
3046 1256 3346 1326 suscipere
3379 1255 3637 1327 propriis
3659 1271 3830 1309 sum-

2175 1347 2374 1418 ptibus
2398 1364 2463 1401 ac
2492 1348 2680 1402 fovere
2711 1355 3153 1415 consueverant,
3180 1360 3502 1415 omnesque
3534 1344 3600 1399 ad
3639 1360 3699 1399 se
3732 1360 3834 1400 ve-

2174 1436 2402 1491 nientes
2427 1436 2698 1492 meliores
2720 1440 3017 1492 tantarum
3033 1433 3318 1490 actalium
3342 1449 3537 1489 rerum
3560 1441 3829 1489 contem-

2174 1524 2876 1596 plationefecerunt.1llos
2896 1526 3070 1579 etiam
3102 1523 3552 1595 quadringintos
3577 1539 3828 1577 numero

2177 1615 2496 1671 monachos
2528 1616 2627 1687 qui
2664 1620 2898 1687 prOpter
2928 1614 3241 1669 Paulinum
3266 1629 3327 1667 se
3348 1613 3421 1667 ab
3444 1612 3701 1668 Ecclesia
3732 1628 3832 1667 se—

2177 1706 2711 1776 parabant,sancta3
2745 1721 2953 1760 rursus
2982 1703 3255 1759 Ecclesiae
3285 1703 3690 1770 reddiderunt,
3713 1718 3836 1756 om-

2179 1812 2399 1867 nesque
2432 1796 2607 1851 etiam
2644 1799 2858 1867 praeter
2887 1794 2994 1849 hos
3026 1809 3307 1864 perversae
3340 1795 3509 1847 sectae
3540 1791 3839 1858 homines,

2185 1890 2241 1940 et
2259 1890 2459 1940 contra
2476 1884 2754 1956 Spiritum
2778 1888 3048 1940 sanctum
3083 1882 3369 1953 sacrilego
3402 1898 3498 1936 ore
3521 1884 3838 1946 certantes,

2186 1976 2256 2030 ad
2311 1974 2624 2030 Ecclesiam
2673 1980 2952 2040 nostram,
2985 1988 3119 2027 vera
3168 1971 3491 2036 suadendo,
3524 1987 3589 2025 ac
3612 1970 3843 2041 jugiter

2184 2071 2427 2120 cunctos
2459 2064 2719 2119 docendo
2752 2065 3183 2130 revocaverunt,
3216 2061 3572 2115 honorantes
3591 2060 3833 2129 quidem

2182 2171 2249 2209 ac
2281 2171 2431 2225 saepe
2462 2157 2769 2225 pascentes
2816 2151 3081 2222 ejusdem
3135 2149 3246 2205 loci
3297 2148 3558 2204 clericos.
3591 2148 3659 2202 Et
3710 2148 3833 2202 haec

2181 2244 2400 2314 pariter
2432 2241 2730 2307 facientes,
2761 2242 2941 2297 vitam
2974 2257 3142 2296 suam
3178 2239 3269 2310 pio
3303 2239 3499 2294 studio
3531 2238 3834 2305 finierant,

2184 2332 2326 2387 nulli
2356 2332 2593 2403 quidem
2626 2348 2693 2387 ex
2724 2348 2786 2386 se
2815 2329 2902 2385 vel
2932 2329 3114 2385 levem
3149 2330 3357 2383 dantes
3385 2325 3651 2383 scandali
3699 2343 3841 2382 sus-

2180 2422 2495 2492 picionem,
2537 2425 2726 2477 totum
2759 2437 2891 2475 vero
2942 2421 3144 2475 orbem
3198 2422 3486 2472 terrarum
3537 2415 3841 2489 spirituali

2179 2510 2564 2567 aedificatione
2596 2507 3012 2581 plenissimum
3047 2505 3464 2577 relinquentes.

2748 2623 2976 2679 CAPUT
3014 2621 3261 2677 XXXIV.

2645 2715 2763 2771 Vita
2795 2712 3024 2770 Chronii
3043 2712 3367 2784 presbyteri.

2243 2805 2528 2861 Chronius
2551 2804 2789 2876 quidam
2816 2800 3342 2874 nomine(Pallad.,
3363 2816 3485 2872 cap.
3517 2799 3836 2870 89),oriun-

2171 2895 2280 2950 dus
2298 2912 2364 2949 ex
2389 2896 2511 2949 vico
2534 2894 2627 2949 cui
2649 2893 2943 2949 Phoenicis
2975 2890 3323 2948 vocabulum
3348 2894 3457 2958 est,
3483 2888 3701 2960 quique
3734 2889 3834 2944 de-

2162 2984 2336 3039 sertis
2357 2989 2446 3040 est
2468 2984 2761 3055 proximus
2785 2980 3293 3053 locis,quindecim
3310 2978 3495 3034 millia
3508 2995 3795 3051 passuum
3813 3018 3831 3051 ,

2166 3075 2366 3129 dextro
2395 3073 2666 3145 pede(30)
2690 3087 3029 3136 numerans,
3054 3087 3086 3124 a
3120 3070 3349 3141 proprio
3374 3068 3499 3123 vico
3533 3084 3724 3138 usque
3755 3068 3831 3122 ad

2162 3168 2390 3218 certum
2409 3163 2773 3218 desertorum
2798 3176 3077 3216 emensus
3092 3165 3176 3215 est
3193 3159 3389 3214 finem.
3411 3156 3518 3213 Ubi
3535 3158 3685 3213 facta
3703 3174 3834 3211 ora-

2163 3239 2343 3317 1iione,
2374 3258 2618 3323 puteum
2653 3250 2851 3306 effodit
2880 3250 3016 3316 sibi,
3039 3249 3101 3304 in
3134 3263 3248 3320 quo
3279 3246 3513 3319 Optimae
3542 3263 3707 3317 aqua;
3742 3262 3834 3302 re-

394 3338 503 3413 ego
522 3330 796 3380 sanctum
821 3300 1229 3397 Pithimum,et
1252 3300 1627 3398 lsidorum,et
1650 3330 2046 3402 Paphnutium
2081 3300 2124 3367 θ
2164 3300 2570 3413 ρατίίνξηειω,
2597 3300 3261 3412 δοριθᾷί-ιξιξινιξὼ-ωᾎῌξ)
3284 3300 3837 3408 (angat-gius“;

390 3411 553 3483 vidi),
574 3413 882 3470 benedicta
915 3420 1055 3471 tunc
1087 3417 1189 3472 illa
1220 3424 1458 3489 sumpta
1479 3428 1635 3474 veste
1660 3418 2049 3491 puerili,circa

387 3503 757 3573 vespertinas
780 3504 957 3561 horas
984 3507 1184 3562 omnia
1207 3506 1290 3563 eis
1312 3508 1440 3563 vitae
1466 3508 1797 3563 necessaria
1827 3508 2052 3564 defere-

395 3589 517 3646 hat.

466 3680 588 3743 Quo
603 3682 853 3753 cognito,
872 3684 1190 3741 Palaestina:
1216 3687 1525 3758 provincias
1549 3686 1899 3755 consularis,
1917 3703 2048 3742 cre—

406 3769 551 3824 dens
580 3773 735 3841 quod
768 3772 935 3829 sinus
967 3791 1106 3831 suos
1139 3780 1337 3846 posset
1369 3776 1528 3833 fumo
1560 3777 1815 3848 quodam
1875 3782 2051 3849 atque

396 3862 617 3915 terrore
648 3877 714 3915 ex
754 3862 1002 3933 pecunia
1026 3865 1155 3933 ejus
1185 3864 1448 3935 implere,
1468 3866 1651 3935 jussit
1682 3881 1807 3921 eam
1834 3865 2054 3937 (ignota

402 3947 558 4003 enim
583 3948 728 4020 ipsis
751 3952 896 4021 erat)
926 3952 1139 4019 corripi
1170 3958 1346 4024 atque
1368 3954 1427 4007 in
1451 3970 1743 4009 carcerem
1777 3954 1948 4009 tradi.
1974 3954 2053 4008 Ex

401 4052 513 4108 quo
543 4036 668 4093 loco
700 4044 840 4095 tunc
869 4041 917 4093 ei
954 4057 1055 4111 per
1085 4041 1477 4097 internuntios
1505 4044 1793 4113 quosdam
1851 4048 2054 4098 sancta

396 4124 500 4180 illa
532 4128 868 4182 mandavit:
897 4130 1036 4200 Ego,
1066 4130 1283 4201 inquit,
1312 4129 1473 4186 illius
1499 4131 1637 4202 filia,
1663 4136 1720 4187 et
1743 4131 2051 4187 illiuscon-

386 4214 500 4283 jux
524 4216 626 4280 lui,
653 4217 868 4271 ancilla
888 4235 1021 4274 vero
1046 4237 1203 4275 nunc
1235 4220 1454 4277 Christi
1488 4239 1655 4292 sum;
1689 4238 1761 4278 ne
1792 4240 1928 4295 ergo
1961 4239 2053 4278 me

394 4304 465 4357 ob
483 4304 763 4360 vilitatem
789 4310 1095 4377 praesentis
1116 4308 1354 4365 habitus
1378 4312 1864 4367 contemnendam
1890 4316 2056 4383 puta~

393 4392 567 4463 veris,
597 4394 738 4465 quia
770 4394 939 4451 facile
992 4396 1289 4467 extollere,
1324 4400 1371 4454 si
1403 4400 1598 4470 velim,
1632 4400 1761 4472 ipsa
1792 4418 1884 4457 me
1916 4418 2052 4473 pos-

396 4499 529 4536 sum
564 4500 577 4537 :
612 4500 716 4540 nec
754 4490 968 4541 terrere
1004 4488 1187 4559 igitur
1220 4506 1310 4544 me
1342 4490 1397 4544 in
1434 4489 1631 4562 aliquo
1662 4491 2055 4563 vales,neque

396 4570 722 4643 quidquam
756 4574 901 4629 mihi
934 4576 1004 4630 de
1038 4577 1183 4632 meis
1216 4580 1393 4633 rebus
1422 4579 1673 4635 auferre.
1709 4586 1893 4651 Atque
1923 4581 2052 4637 ideo

398 4676 470 4714 ne
500 4659 620 4716 haec
654 4663 923 4719 fortassis
956 4665 1237 4736 ignorans
1288 4667 1617 4739 periculum
1666 4669 1905 4741 aliquod
1954 4675 2055 4724 aut
2085 4675 2130 4740 D

393 4750 619 4806 crimen
658 4752 946 4824 incurras,
981 4754 1199 4811 idcirco
1229 4756 1340 4812 ista
1390 4756 1494 4812 tibi
1548 4759 1840 4813 mandavi.
1874 4758 2052 4822 Quasi

389 4854 515 4909 qua
562 4841 781 4897 diceret
816 4860 827 4898 :
866 4843 1162 4900 interdum
1194 4846 1351 4901 enim
1384 4863 1621 4903 necesse
1653 4852 1742 4903 est
1771 4849 2052 4903 adversus

396 4928 799 5001 imprudentes
848 4933 967 4989 haec
1019 4935 1134 5007 agi,
1170 4940 1225 4990 et
1272 4935 1450 4991 veluti
1484 4937 1763 5009 accipitre
1792 4937 1879 4993 vel
1911 4954 2053 4994 cane

388 5025 592 5075 contra
616 5038 714 5078 eos
738 5024 1074 5096 arrogantia
1095 5024 1199 5089 uti,
1227 5042 1357 5096 qure
1376 5042 1634 5098 congruo
1655 5032 1920 5100 tempore
1951 5045 2050 5083 su-

389 5110 600 5179 perbos
614 5113 1751 5184 comprehensuraimmittatur.Talibus
1776 5134 1912 5189 ergo
1926 5134 2049 5173 ver-

394 5196 484 5252 bis
508 5214 641 5253 mox
661 5200 786 5271 ipse
818 5202 1054 5258 territus
1080 5204 1591 5274 judex,excusavit
1615 5207 1804 5261 eidem
1830 5209 2044 5263 factum

387 5302 587 5356 suum,
613 5294 669 5343 et
690 5289 769 5345 ita
791 5307 919 5347 eam
946 5296 1009 5347 ut
1032 5297 1327 5347 meruerat
1345 5292 1667 5351 honoravit.
1695 5297 1761 5351 Et
1778 5296 1964 5366 jussit
1985 5301 2049 5352 ut

393 5374 463 5428 ad
497 5373 629 5431 illos
661 5377 836 5447 viros,
870 5380 1097 5450 quoties
1122 5380 1313 5448 vellet,
1348 5383 1669 5439 accederet.

467 5481 598 5537 Haec
627 5488 821 5541 autem
852 5488 1136 5543 revocatis
1169 5489 1240 5543 ab
1272 5489 1477 5546 exsilio
1510 5492 1848 5548 memoratis
1880 5492 2042 5564 viris,

394 5572 821 5629 monasterium
857 5577 1011 5648 apud
1044 5576 1467 5650 Jerosolymam
1498 5580 1611 5635 sibi
1645 5581 1802 5647 fecit,
1834 5580 1893 5637 in
1928 5599 2043 5655 quo

390 5660 597 5733 viginti
628 5670 685 5718 et
717 5667 938 5735 septem
971 5682 1261 5722 annorum
1296 5673 1530 5742 tempus
1562 5670 1849 5744 implevit,
1868 5672 2040 5745 quin-

395 5750 674 5824 quaginta
701 5768 899 5812 secum
931 5770 1162 5813 sorores
1192 5755 1448 5829 virgines
1478 5759 1726 5817 habens.

2161 3431 2311 3501 cant)
2335 3432 2401 3486 ad
2428 3430 2589 3502 putei
2612 3430 2731 3484 ima
2749 3430 3145 3496 descendens;
3182 3428 3339 3483 circa
3362 3443 3538 3498 quem
3566 3430 3623 3481 et
3645 3425 3831 3481 cellu-

2160 3510 2278 3577 lam
2302 3519 2736 3591 sibiparvulam
2769 3518 2918 3576 fecit.
2952 3520 3108 3575 974
3137 3518 3218 3572 Ex
3249 3534 3366 3590 quo
3395 3518 3487 3572 die
3521 3516 3579 3572 in
3617 3517 3832 3571 eadem

2162 3610 2469 3667 mansione
2490 3626 2551 3666 se
2569 3608 2895 3679 constituit,
2921 3606 3177 3664 summis
3202 3607 3386 3663 Deum
3404 3606 3677 3677 precibus
3694 3622 3823 3661 ora-

2160 3701 2262 3771 vit,
2296 3716 2366 3755 ne
2398 3700 2467 3753 ad
2497 3716 2564 3755 ea
2593 3716 2717 3769 quae
2747 3699 2818 3753 ab
2853 3697 3198 3754 hominibus
3218 3696 3561 3752 habitantur
3583 3695 3708 3751 loca
3734 3694 3827 3749 ul-

2160 3790 2344 3844 terius
2388 3790 2707 3845 accederet.
2740 3792 2876 3844 Post
2910 3803 3139 3859 paucos
3166 3789 3362 3841 autem
3394 3802 3579 3841 annos
3612 3784 3835 3841 meruit

2163 3878 2467 3949 presbyter
2489 3878 2613 3931 ﬁeri
2639 3894 2652 3931 :
2676 3876 3005 3947 habuitque
3026 3891 3223 3931 secum
3246 3874 3518 3930 collectos
3540 3890 3606 3928 ex
3630 3874 3828 3929 diver-

2164 3965 2245 4021 sis
2281 3966 2559 4022 fratribus
2591 3982 2771 4036 usque
2805 3966 2876 4020 ad
2909 3967 3196 4020 ducentos
3229 3980 3475 4019 numero
3509 3963 3687 4018 viros.

2236 4056 2505 4126 Magnam
2524 4072 2657 4111 vero
2681 4055 2830 4110 hanc
2863 4054 3051 4126 ipsius
3086 4054 3290 4109 dicunt
3321 4053 3503 4109 fuisse
3520 4054 3829 4121 virtutem,

2165 4145 2320 4216 quod
2347 4144 2956 4217 persexagintaannos
2976 4142 3143 4200 altari
3175 4142 3435 4199 serviens
3450 4142 3574 4211 Dei,
3600 4159 3665 4198 ac
3688 4143 3835 4197 fun-

2163 4251 2306 4306 gens
2338 4234 2530 4290 officio
2563 4234 2898 4301 sacerdotii,
2934 4250 3236 4304 nunquam
3268 4234 3339 4287 de
3400 4231 3833 4289 solitudinibus

2164 4338 2440 4395 egressus
2459 4328 2569 4390 est,
2590 4339 2693 4379 nec
2718 4323 2830 4378 nisi
2865 4322 3100 4394 proprio
3131 4336 3304 4394 opere
3336 4337 3401 4376 ac
3435 4321 3648 4376 sudore
3673 4337 3835 4391 quee-

2164 4413 2348 4468 situm
2380 4412 2580 4484 attigit
2611 4427 2847 4483 panem.

2735 4528 2968 4583 CAPUT
3026 4526 3244 4582 XXXV.

2170 4619 2285 4675 Vita
2342 4620 2504 4674 Jacob
2561 4618 2842 4685 monachi,
2893 4619 2943 4672 et
2994 4615 3300 4687 Paphnutii
3358 4614 3617 4685 Cephala,
3656 4619 3709 4671 et
3768 4615 3833 4671 dc

2340 4690 2669 4763 quibusdam
2698 4690 2876 4745 subito
2908 4691 3166 4758 mortuis,
3201 4697 3253 4743 et
3286 4687 3456 4759 lapsis
3486 4687 3636 4742 aliis.

2235 4780 2414 4834 Jacob
2447 4778 2617 4834 etiam
2653 4778 2889 4834 nomine
2920 4776 3137 4849 aliquis
3183 4776 3547 4846 (Palladius.,
3580 4792 3700 4847 cap.
3734 4775 3828 4846 90)

2164 4870 2263 4943 qui
2296 4870 2513 4927 Clodus
2546 4886 2759 4926 nomen
2792 4873 3115 4942 acceperat,
3138 4886 3209 4925 ex
3228 4868 3435 4925 vicinis
3458 4868 3647 4924 eidem
3683 4883 3829 4921 con-

2156 4960 2402 5029 junctus
2433 4967 2513 5015 est
2544 4959 2710 5027 locis,
2744 4974 2979 5029 unaque
3009 4958 3300 5014 ambobus
3329 4958 3446 5013 vita
3478 4956 3737 5030 perfecta
3766 4955 3829 5009 in

2163 5050 2518 5105 monasterio
2552 5053 2695 5104 erat.
2719 5047 3010 5119 Utrosque
3040 5052 3235 5104 autem
3268 5048 3612 5105 benedictus
3644 5048 3833 5101 Anto-

2163 5138 2299 5193 nius
2334 5143 2523 5194 norat.

2234 5229 2494 5293 Quodam
2526 5228 2707 5300 igitur
2726 5227 2837 5297 die,
2863 5244 2995 5284 cum
3017 5232 3257 5284 sanctus
3281 5244 3518 5301 quoque
3544 5226 3833 5298 Paphnu-

2160 5316 2303 5384 tius,
2328 5333 2503 5389 quem
2527 5317 2843 5389 Cephalam
2870 5318 3364 5388 cognominabant
3383 5315 3667 5391 (Pallad.,
3701 5331 3831 5387 cap.

2158 5406 2273 5477 91),
2309 5422 2426 5461 una
2484 5422 2619 5461 cum
2653 5405 2799 5477 ipsis
2826 5406 3081 5475 degeret,
3114 5406 3200 5461 vir
3233 5422 3508 5478 magnam
3544 5403 3642 5459 Dei
3668 5404 3827 5461 dono

2158 5494 2468 5551 scientiam
2500 5496 2935 5568 Scripturarum
2968 5494 3214 5562 habens,
3247 5497 3351 5567 qui
3382 5501 3504 5552 tam
3533 5480 3704 5552 vetus
3721 5498 3828 5550 Te-

2159 5588 2518 5642 stamentum
2534 5602 2707 5642 omne
2722 5601 2901 5659 quam
2924 5583 3145 5642 Novum
3170 5584 3545 5659 interpretari
3571 5584 3820 5656 solebat,

2157 5691 2291 5730 cum
2315 5679 2507 5733 tamen
2530 5676 2657 5749 ipse
2676 5675 2825 5732 nihil
2844 5676 2914 5731 de
2928 5674 3249 5747 Scripturis
3261 5676 3485 5734 sanctis
3499 5674 3816 5749 aliquando

2155 5764 2415 5839 legisset.
2439 5767 2599 5825 Adeo
2630 5770 2830 5825 autem
2850 5769 2974 5823 erat
2994 5764 3157 5824 mitis
3178 5770 3236 5824 et
3258 5766 3547 5842 placidus,
3580 5768 3647 5825 ut
3675 5780 3816 5840 pro-
