4092 6324
210 345 319 402 329

1467 337 1903 394 HERACIJDIS
1940 337 2368 393 PABADISUB.

3522 340 3631 397 330

212 488 331 528 non
361 470 418 527 in
450 469 599 525 lecto
626 466 839 539 quievi,
872 481 987 521 non
1020 464 1079 520 in
1105 462 1313 520 lectica
1361 463 1709 520 recumbens
1758 462 1869 517 iter
1894 461 1950 530 Α
1978 464 2109 516 Haec
2138 460 2267 532 ipsa
2298 461 2370 515 ab
2402 460 2561 517 omni
2592 461 2935 519 animalium
2970 481 3143 521 carne
3172 480 3410 538 semper
3442 467 3631 524 absti-

215 563 413 706 fe‘lIac
426 649 555 720 ipsa
571 645 1052 717 eloquentissima
1068 644 1871 715 fuit,magnumqueamorem

210 739 425 797 habuit
447 737 799 802 litterarum,
828 739 890 789 ut
912 736 991 789 ita
1012 733 1258 806 legendo
1282 737 1479 788 noctes
1498 732 1556 786 in
1597 732 1721 787 dies
1743 747 1868 786 ver-

208 833 595 897 teret,omnes
617 826 993 897 antiquorum
1020 824 1406 895 interpretum
1431 822 1611 877 libros
1638 820 1872 876 notissi-

214 934 344 972 mos
376 915 619 971 habens.
654 916 809 967 Inter
838 928 986 983 quos
1015 911 1212 965 tricies
1244 915 1488 966 centena
1531 909 1713 964 millia
1740 926 1867 965 ver-

212 1024 391 1063 suum
415 1004 664 1077 legendo
686 1002 1001 1057 transierat
1024 1019 1036 1055 :
1060 999 1867 1072 Gregorii,Pieriiquoqueget

208 1095 519 1169 Stephani,
553 1092 871 1164 Basiliique
904 1099 956 1147 et
987 1091 1235 1147 aliorum
1290 1090 1862 1145 studiosissimorum

213 1188 477 1241 virorum
498 1183 673 1239 vicies
694 1186 938 1237 centena
963 1180 1166 1235 millia.
1193 1182 1329 1244 Quae
1351 1184 1541 1234 tamen
1563 1196 1675 1233 non
1693 1179 1863 1250 quasi

208 1273 611 1348 perfunctorie
636 1271 1205 1338 transcurrebat,sed
1232 1285 1715 1340 unumquemque
1739 1286 1863 1340 sep-

208 1366 319 1421 ties
351 1368 651 1419 auctorem
684 1360 1009 1416 revolvens.
1076 1360 1235 1416 Unde
1280 1358 1569 1413 mendacii
1616 1358 1861 1414 scientia

209 1454 517 1510 nominum
552 1457 727 1522 atque
757 1454 1051 1505 sectarum
1086 1449 1319 1520 penitus
1347 1448 1611 1515 liberata,
1654 1447 1854 1503 coales-

203 1544 369 1599 tibus
402 1541 613 1615 pennis
644 1556 747 1611 per
776 1539 1027 1611 gratiam
1088 1539 1417 1593 litterarum
1464 1538 1534 1592 ad
1578 1542 1856 1592 aeternam

204 1650 373 1705 spem
410 1631 752 1700 Salvatoris,
784 1628 1002 1702 gallina
1033 1627 1360 1700 spiritualis
1400 1627 1623 1695 effecta,
1674 1628 1858 1699 potuit

204 1717 838 1791 evolare,immortales
873 1719 944 1773 ab
966 1735 1032 1774 eo
1061 1716 1507 1773 vicissitudines
1531 1721 1853 1789 receptura.

790 1825 1020 1881 CAPUT
1074 1825 1272 1881 XLIII.

658 1917 781 1972 Vita
809 1915 1168 1987 Olympiadis
1201 1914 1403 1971 vidua}.

276 2009 473 2080 Hujus
486 2006 733 2079 vestigia
745 2007 1059 2062 subsecuta
1073 2003 1371 2074 Olympias
1392 2003 1857 2071 nomine,castis-

200 2098 375 2153 simis
408 2096 677 2152 moribus
708 2095 923 2150 femina
949 2110 1014 2148 ac
1067 2093 1162 2148 Dei
1218 2109 1415 2147 amOre
1464 2092 1852 2163 ﬂagrantibus

197 2187 473 2258 (Pallam,
505 2202 629 2257 cap.
666 2185 810 2255 144),
846 2182 1146 2254 proposito
1179 2182 1307 2252 ejus
1339 2181 1604 2237 exhibuit
1653 2199 1847 2253 parem

197 2277 401 2343 vitam,
423 2277 479 2329 in
504 2274 782 2331 omnibus
801 2273 1131 2327 divinarum
1148 2287 1402 2342 sequens
1415 2271 1781 2343 Scripturaru
1794 2290 1846 2327 m

200 2364 543 2420 consilium.
578 2368 713 2428 Quae
746 2360 992 2418 Seleucii
1026 2361 1260 2431 quidem
1292 2377 1359 2414 ex
1381 2361 1613 2415 comitis
1645 2378 1849 2417 secun-

200 2456 342 2510 dum
378 2470 615 2509 carnem
649 2452 769 2507 ﬁlia
801 2452 946 2517 fuit;
972 2449 1545 2521 neptisveroAblavii
1572 2452 1843 2521 praefecti,

197 2560 385 2598 nurus
420 2546 618 2598 autem
653 2540 858 2613 paucis
888 2544 1119 2595 tantum
1170 2540 1377 2595 diebus
1415 2539 1695 2605 Nebridii,
1748 2540 1845 2611 qui

200 2633 516 2702 prafectus
538 2627 1189 2699 Constantinopolitanae
1222 2628 1385 2683 urbis
1418 2628 1543 2694 fuit,
1578 2630 1675 2684 sed
1702 2646 1846 2684 uxor

196 2722 439 2777 omnino
462 2720 723 2787 nullius;
751 2719 953 2773 dicunt
974 2718 1129 2773 enim
1157 2735 1223 2773 ea
1246 2717 1528 2789 virginem
1566 2734 1694 2773 esse
1742 2720 1839 2774 de-

189 2811 478 2877 functam,
504 2809 677 2864 Verbi
714 2808 867 2863 978
893 2807 1155 2862 veritatis
1184 2808 1372 2879 magis
1403 2808 1675 2879 conjugio
1706 2808 1838 2879 glo-

193 2899 471 2956 riantem.
506 2902 642 2965 Qum
674 2914 879 2954 omnes
911 2895 1218 2951 facultates
1268 2913 1409 2951 suas
1466 2896 1523 2950 in
1557 2914 1841 2969 pauperes

190 2992 401 3047 fratres
436 2989 716 3060 dispersit
744 2995 916 3057 atque
945 2985 1165 3041 divisit.
1198 2986 1298 3040 Cui
1324 3002 1438 3040 non
1463 3003 1706 3058 parvum
1733 2988 1843 3042 fuit

192 3096 428 3150 semper
458 3094 564 3149 pro
592 3076 853 3131 veritatis
884 3074 1206 3130 assertione
1252 3078 1565 3129 certamen.
1627 3075 1839 3132 Multas

1885 1824 1933 1888 B

1983 550 2133 617 nuit,
2157 550 2374 621 piscem
2401 555 2593 606 autem
2615 555 2670 606 et
2692 552 2849 607 olera
2871 570 3004 609 cum
3028 554 3154 610 oleo
3179 554 3345 610 festis
3385 572 3450 611 ac
3487 574 3625 613 san-

1981 639 2091 694 ctis
2113 639 2318 695 diebus
2343 656 2575 695 sumere
2602 641 2797 697 solens
2828 659 2841 708 ;
2887 660 2988 714 per
3028 643 3317 715 reliquum
3368 645 3471 701 aevi
3531 647 3624 702 sui

1977 732 2213 800 tempus
2245 746 2420 801 posca
2450 735 2505 785 et
2536 730 2688 786 sicco
2721 748 2869 803 pane
2891 738 3168 789 contenta
3196 734 3443 790 vivebat.

2048 819 2227 888 Cujus
2246 820 2521 891 deinceps
2545 820 2709 875 imita
2732 824 2823 876 est
2844 823 3091 893 vestigia
3114 823 3344 879 Gelasia
3384 826 3623 883 nomine

1975 908 2309 963 castissima
2342 908 2709 981 mulier,qum
2739 910 3011 967 sensibus
3043 913 3156 982 piis
3187 914 3258 967 ad
3283 913 3622 985 jugumvir-

1972 998 2236 1069 ginitatis
2261 999 2507 1054 accessit
2527 999 2802 1069 (Pallad.,
2824 1016 2947 1072 cap.
2984 1002 3127 1071 146).
3153 1002 3397 1057 Tribuni
3422 1009 3619 1060 autem

1972 1087 2430 1158 cujusdammlia
2455 1088 2580 1142 fuit.
2608 1088 2791 1158 Hujus
2821 1089 3118 1161 etoptimaa
3146 1091 3372 1146 feminas
3396 1108 3617 1149 memo-

1972 1176 2172 1231 rabilis
2202 1177 2387 1232 viitus
2418 1179 2684 1248 refertur,
2720 1179 2876 1249 quod
2910 1196 3215 1250 nunquam
3248 1180 3616 1240 iracundiam

1969 1266 2155 1337 ipsius
2183 1266 2393 1321 viderit
2446 1267 2588 1322 solis
2642 1285 2907 1335 occasus,
2955 1268 3074 1324 sive
3118 1276 3323 1325 contra
3361 1287 3619 1340 servum,

1968 1357 2087 1411 sive
2118 1361 2320 1411 contra
2349 1357 2647 1424 ancillam,
2685 1358 2803 1414 sive
2830 1362 3035 1413 contra
3081 1375 3374 1430 quemque
3432 1360 3617 1417 alium

1969 1447 2175 1501 fuisset
2208 1448 2373 1503 irata.
2401 1448 2681 1519 Fugiebat
2703 1448 2860 1503 enim
2889 1449 3009 1503 haec
3039 1450 3381 1506 beatissima
3402 1467 3619 1509 memo-

1966 1536 2111 1591 riam
2146 1536 2405 1606 malitiae,
2439 1538 2630 1593 sciens
2678 1539 2829 1609 quod
2882 1538 2994 1594 iter
3040 1540 3169 1609 ejus
3213 1540 3285 1596 ad
3339 1544 3615 1598 aeternam

1966 1629 2213 1679 mortem
2246 1626 2608 1697 perduceret.

2555 1734 2792 1790 CAPUT
2849 1736 3017 1791 XLV.

2357 1825 2475 1879 Vita
2503 1823 2814 1879 Salomonis
2844 1825 3213 1883 anachoreta.

2034 1915 2098 1967 In
2132 1912 2376 1969 Antinoo
2408 1914 2725 1969 Thebaidis
2757 1915 3071 1985 provincias
3103 1915 3333 1972 civitate
3356 1922 3609 1988 quatuor

1962 2002 2131 2057 annis
2150 2003 2368 2075 jugiter
2391 2004 2605 2075 fui,per
2626 2004 2780 2076 quod
2806 2020 2979 2059 omne
3002 2010 3235 2077 tempus
3251 2009 3607 2065 monasteria

1961 2090 2079 2146 illic
2112 2092 2381 2147 universa
2412 2093 2654 2163 cognovi
2687 2093 2951 2161 (Pallad.,
3000 2110 3120 2165 cap.
3167 2096 3280 2167 96).
3326 2097 3607 2154 Habitant

1960 2187 2155 2237 autem
2192 2180 2349 2235 mille
2381 2186 2437 2235 et
2467 2181 2703 2236 ducenti
2734 2182 2837 2236 viri
2873 2182 3267 2252 probatissimi
3293 2186 3353 2241 in
3376 2202 3601 2243 memo-

1958 2275 2092 2324 rata:
2125 2271 2414 2325 territorio
2446 2270 2721 2337 civitatis,
2756 2288 2999 2327 suarum
3051 2290 3112 2327 se
3164 2290 3445 2330 manuum
3503 2293 3602 2331 su-

1958 2359 2093 2414 dore
2126 2365 2449 2430 pascentes.
2480 2360 2559 2413 Ex
2592 2360 2809 2431 quibus
2837 2360 3004 2415 inulti
3030 2366 3199 2433 (quos
3221 2364 3601 2421 anachoretas

1954 2450 2186 2519 vocant)
2224 2450 2295 2503 ad
2346 2449 2579 2520 rupium
2630 2453 2687 2503 et
2734 2449 3126 2506 solitudinum
3176 2469 3238 2507 se
3290 2453 3603 2525 speluncas

1952 2536 2344 2593 contulerunt.

2024 2627 2181 2682 Inter
2212 2643 2359 2697 quos
2391 2625 2668 2681 Salomon
2700 2627 2955 2693 nomine,
2990 2630 3315 2685 monachus
3333 2631 3595 2688 castissi-

1950 2734 2084 2773 mus
2115 2721 2291 2787 atque
2323 2716 2674 2771 mitissimus
2708 2717 2836 2785 fuit,
2888 2718 2985 2788 qui
3035 2718 3223 2791 gratia
3270 2721 3595 2778 divinitatis

1948 2810 2250 2877 acceperat
2281 2805 2621 2877 patientiam
2653 2806 3049 2878 singularem;
3084 2809 3303 2881 quique
3336 2828 3395 2865 se
3427 2812 3593 2882 quin-

1948 2895 2361 2967 quagesimum
2389 2894 2447 2948 in
2480 2896 2761 2966 spelunca
2793 2914 2901 2951 sua
2931 2914 3150 2952 annum
3193 2898 3406 2955 habere
3432 2900 3593 2955 dice-

1945 2985 2067 3050 bat,
2100 2985 2376 3039 manibus
2410 3001 2641 3056 semper
2671 2986 2794 3041 suis
2826 2986 3004 3041 victui
3029 3004 3135 3042 suo
3159 2988 3594 3046 sufﬁcientissi-

1948 3093 2039 3131 me
2071 3075 2555 3131 subministrans.
2592 3076 2925 3147 Scripturas
2959 3082 3155 3134 autem
3196 3084 3430 3137 sanctas
3461 3098 3594 3137 om-

191 3170 366 3225 etiam
411 3166 560 3221 alias
600 3164 849 3220 feminas
886 3162 1108 3230 docuit,
1152 3163 1371 3218 multos
1421 3168 1485 3218 ut
1534 3166 1839 3236 oportebat
1869 3196 1913 3263 C
1952 3182 2056 3221 nes
2089 3165 2365 3221 didicisse
2396 3166 2722 3222 videbatur.

190 3258 565 3330 presbyteros
596 3258 771 3325 atque
803 3253 1108 3324 episcopos
1138 3252 1460 3307 honoravit.
1495 3255 1579 3309 Ad
1613 3256 1838 3311 confes~

192 3365 392 3405 eorum
422 3362 661 3418 quoque
686 3344 968 3416 palmam,
1002 3359 1106 3415 pro
1136 3344 1375 3398 veritate
1408 3361 1585 3415 quam
1636 3346 1839 3415 coluit,

190 3438 411 3495 meruit
444 3435 765 3509 pervenire.
798 3435 980 3505 Cujus
1013 3450 1225 3489 nomen
1259 3450 1324 3489 ac
1354 3434 1531 3489 vitam
1560 3436 1620 3491 in
1658 3437 1842 3494 Cons—

190 3526 689 3599 tantinopolitana
720 3524 863 3579 urbe
895 3525 1193 3594 degentes,
1228 3523 1393 3595 ipsis,
1428 3529 1493 3579 ut
1521 3526 1659 3594 dixi,
1712 3532 1841 3582 stu-

188 3620 330 3673 dent
359 3614 801 3671 confessoribus
832 3628 1188 3683 comparare.
1242 3612 1388 3669 Nam
1439 3613 1574 3670 talis
1623 3616 1679 3670 in
1733 3615 1842 3671 hoc

190 3706 411 3761 mundo
455 3703 596 3759 ﬁnis
626 3718 863 3774 quoque
894 3701 1081 3773 ipsius
1115 3701 1245 3757 fuit.
1278 3702 1567 3767 Omnibus
1606 3705 1676 3758 ad
1710 3722 1842 3773 pos-

191 3806 443 3851 tremum
478 3792 759 3866 periculis
790 3808 853 3847 se
886 3797 1120 3863 pr0pter
1152 3807 1361 3847 nomen
1405 3794 1501 3847 Dei
1547 3796 1841 3865 Opposuit.

776 3898 1014 3953 CAPUT
1072 3899 1272 3955 XLIV.

508 3989 629 4044 Vita
660 3987 936 4044 Candida?
968 3988 1173 4052 vidum,
1204 3995 1253 4041 et
1286 3986 1538 4044 Gelasize.

265 4083 453 4147 Quam
479 4094 689 4134 rursus
704 4080 1006 4132 secutaest
1020 4075 1234 4131 similis
1249 4076 1508 4133 moribus
1529 4078 1655 4134 vitae
1680 4081 1850 4137 beata

199 4169 433 4239 mulier,
469 4167 709 4223 nomine
738 4165 1000 4221 Candida
1029 4164 1296 4234 (Pallad.,
1346 4183 1465 4237 cap.
1523 4169 1663 4236 145),
1715 4173 1850 4227 Tra.

192 4260 319 4331 jani
356 4256 622 4328 magistri
658 4255 911 4310 militum
936 4254 1302 4327 ﬁlia,magna
1323 4255 1636 4312 Christiani
1660 4262 1851 4317 nomi-

206 4350 299 4403 nis
330 4352 391 4402 et
420 4347 636 4401 cultrix
664 4344 896 4417 egregia
926 4343 1237 4414 castitatis,
1266 4346 1704 4403 conversatione
1724 4348 1851 4405 lau-

202 4436 439 4505 dabitis,
473 4435 754 4490 ecclesias
786 4438 1018 4489 sanctas
1050 4438 1226 4505 atque
1274 4436 1579 4508 episcopos
1634 4440 1850 4497 colens.

201 4527 337 4591 Quae
373 4524 553 4579 filiam
588 4523 823 4595 quidem
850 4523 1457 4594 propriam,doctrinze
1477 4543 1593 4582 suae
1620 4530 1857 4602 virgini.

204 4615 350 4670 tatis
380 4614 583 4669 ordine
614 4612 942 4685 copulatam
978 4612 1261 4684 praemisit
1291 4615 1361 4668 ad
1414 4615 1735 4687 Christum,
1793 4626 1857 4676 ut

210 4703 536 4759 maximum
569 4704 789 4757 donum
816 4701 1066 4757 laterum
1086 4718 1324 4757 suorum
1350 4708 1529 4775 atque
1551 4706 1856 4770 virtutum.

214 4792 600 4847 Postmodum
630 4807 764 4846 vero
798 4794 1205 4845 consummato
1239 4792 1524 4847 castitatis
1558 4811 1621 4849 ac
1646 4802 1865 4855 sancti-

212 4881 356 4937 tatis
386 4881 599 4947 officio,
634 4880 804 4936 bonis
831 4880 1109 4934 omnibus
1141 4881 1433 4953 rebusque
1466 4885 1590 4939 suis
1632 4901 1867 4961 compe-

214 4971 363 5026 tenti
394 4970 812 5026 distributione
843 4968 1147 5041 dispersis,
1183 4974 1239 5024 et
1285 4971 1415 5042 ipsa
1463 4990 1629 5030 suam
1683 4978 1864 5035 filiam

210 5062 535 5117 subsecuta
565 5066 677 5117 est.

280 5157 444 5207 Hanc
460 5168 566 5225 ego
585 5151 946 5206 laborantem
963 5151 1232 5206 noctibus
1246 5168 1311 5206 ac
1326 5154 1579 5225 propriis
1595 5161 1867 5218 manibus

212 5241 531 5296 molentem
566 5257 799 5312 semper
815 5240 881 5293 ad
902 5239 1307 5307 infringendas
1327 5244 1476 5298 vires
1500 5249 1868 5317 corporissui

212 5347 488 5386 noveram
517 5349 530 5397 ;
564 5335 741 5401 atque
772 5329 881 5383 hoc
912 5329 1261 5385 referentem
1294 5334 1508 5403 saepius
1533 5337 1867 5408 audiebam,

214 5423 357 5493 quia
390 5437 522 5476 cum
547 5420 845 5491 jejunium
882 5420 932 5473 ei
967 5418 1153 5473 solum
1189 5419 1460 5477 sufficere
1492 5441 1605 5479 non
1651 5434 1869 5499 posset,

212 5512 389 5568 etiam
415 5510 741 5565 laboriosas
773 5508 883 5563 sibi
909 5508 1139 5581 vigilias
1166 5510 1647 5585 addidisset,qum
1671 5518 1870 5573 θάνοις-

214 5619 348 5657 sum
379 5600 753 5672 incorporeas
777 5604 1097 5670 potestates
1113 5616 1231 5654 una
1247 5602 1615 5672 cumjejunio
1630 5606 1872 5661 dimica-

212 5698 492 5762 rent,quo
516 5706 655 5762 supe
668 5688 853 5743 rhinm
881 5688 1098 5745 mentis
1112 5693 1525 5764 tumoremque
1540 5694 1871 5767 deponeret.

548 5812 783 5869 Parnm.
844 5807 1099 5869 LXXlV.

2532 3272 2769 3328 CAPUT
2826 3273 3008 3329 XLVI.

2265 3363 2396 3417 Vita
2427 3361 2639 3418 abbatis
2668 3362 2928 3418 Dorothei
2956 3371 3008 3419 el
3054 3366 3280 3421 Dioclis.

2017 3451 2345 3507 Dorotheus
2376 3452 2614 3523 quidam
2668 3454 2970 3524 presbyter
3030 3454 3087 3508 in
3149 3456 3432 3527 spelunca
3478 3458 3594 3514 alia

1946 3542 2164 3612 degens
2196 3541 2500 3596 immensa:
2532 3542 2811 3597 bonitatis
2847 3542 2955 3596 fuit
2984 3544 3247 3613 (Pallad.,
3296 3563 3415 3619 cap.
3475 3548 3591 3621 97),

1948 3637 2004 3686 et
2038 3630 2608 3701 irreprehensibilem
2659 3632 2785 3701 ipse
2832 3632 3012 3687 vitam
3074 3635 3314 3705 peregit.
3373 3638 3479 3701 Qui
3526 3656 3591 3695 eo

1948 3720 2097 3791 quod
2131 3724 2419 3774 meruerat
2449 3719 2769 3774 sacerdotis
2801 3720 3082 3790 officium,
3134 3724 3409 3781 omnibus
3469 3726 3590 3782 illic

1949 3812 2148 3863 sancta
2180 3806 2452 3879 mysteria
2485 3808 2763 3863 fratribus
2796 3809 3195 3865 ministrabat.

2020 3898 2169 3952 Huic
2196 3898 2488 3968 quondam
2512 3897 2719 3968 junior
2749 3896 2847 3952 illa
2878 3898 3130 3955 Melania
3159 3902 3597 3972 majorisMela-

1953 3988 2059 4043 nias
2090 3988 2301 4059 neptis,
2335 3988 2405 4042 de
2445 4004 2560 4059 qua
2614 3987 2671 4041 in
2722 3988 3105 4058 sequentibus
3156 3990 3347 4046 dicam
3395 3994 3599 4066 (Infra,

1951 4096 1998 4135 ο.
2034 4078 2145 4150 49),
2180 4078 2539 4149 quingentos
2591 4095 2835 4134 numero
2894 4080 3304 4137 transmiserat
3360 4083 3601 4154 solidos,

1954 4186 2167 4239 rogans
2202 4172 2265 4221 ut
2294 4168 2571 4221 fratribus
2623 4167 2741 4221 illic
2770 4170 3119 4240 degentibus
3166 4188 3232 4226 eo
3280 4172 3407 4244 ipse
3453 4174 3607 4230 divi-

1956 4260 2136 4313 deret.
2171 4259 2251 4312 Ex
2281 4257 2497 4328 quibus
2532 4257 2655 4327 ipse
2682 4262 2797 4311 tres
2847 4262 3261 4316 tantummodo
3310 4262 3468 4330 tulit,
3518 4279 3608 4319 re-

1958 4348 2148 4419 liquos
2181 4347 2362 4402 Diocli
2395 4347 2625 4401 cuidam
2661 4348 2923 4404 solitario
2956 4350 3430 4422 monacbojussit
3460 4354 3610 4419 dari,

1959 4437 2080 4491 viro
2114 4439 2377 4491 omnium
2414 4453 2608 4491 rerum
2646 4438 2892 4493 scientia
2923 4440 3186 4511 praedito,
3219 4458 3393 4513 quem
3437 4443 3611 4515 longe

1964 4526 2062 4581 ille
2093 4526 2501 4595 sapientiorem
2540 4544 2602 4581 se
2624 4543 2753 4582 esse
2783 4528 3033 4595 dicebat,
3082 4530 3183 4601 qui
3233 4537 3431 4604 posset
3486 4532 3614 4588 sine

1965 4617 2159 4687 aliqua
2194 4616 2426 4670 laesione
2458 4616 2667 4670 animae
2699 4622 2909 4671 cuncta
2940 4618 3217 4690 dividere,
3251 4638 3385 4677 cum
3439 4622 3617 4677 sciret

1974 4705 2228 4777 amplius
2261 4722 2325 4760 ac
2372 4705 2776 4762 rationabilius
2821 4712 3109 4778 quantum
3152 4710 3362 4783 cuique
3412 4710 3616 4767 distri-

1974 4795 2151 4850 buere
2182 4794 2503 4863 debuisset,
2540 4794 2738 4851 dicens
2769 4797 2882 4852 sibi
2916 4796 3047 4854 illos
3074 4803 3192 4855 tres
3210 4800 3429 4856 solidos
3448 4815 3619 4873 posse

1976 4888 2263 4943 sufﬁcere.

2047 4986 2151 5039 Hic
2174 4986 2298 5057 ipse
2315 4985 2536 5040 Diocles
2549 4988 2969 5056 grammaticus
2986 4989 3223 5061 quidem
3241 4991 3495 5061 primum
3512 4988 3624 5044 fuit

1975 5072 2244 5144 (Pallad.,
2270 5088 2387 5143 cap.
2408 5073 2519 5142 98),
2555 5072 2942 5145 philosophia:
2979 5081 3177 5130 autem
3200 5094 3261 5130 se
3293 5080 3491 5147 postea
3523 5078 3621 5132 de-

1979 5162 2141 5215 derat
2158 5182 2169 5229 ;
2188 5162 2285 5215 sed
2304 5165 2562 5233 tempore
2579 5164 3087 5234 procedente,cum
3106 5164 3451 5236 vigesimum
3468 5170 3622 5221 octa-

1977 5268 2111 5305 vum
2141 5267 2361 5305 annum
2391 5257 2588 5322 ageret
2609 5253 2818 5319 aatatis,
2851 5254 3038 5324 gratia
3062 5255 3248 5309 eidem
3274 5254 3470 5310 divina
3496 5273 3625 5326 per-

1981 5340 2188 5405 suasit,
2222 5344 2283 5393 ut
2318 5339 2700 5396 saecularibus
2731 5342 3016 5397 doctrinis
3050 5344 3625 5411 renuntiaret,adin-

1981 5428 2344 5485 stitutionem
2378 5446 2510 5484 vero
2534 5430 2748 5484 Christi
2772 5431 3199 5503 scientiamque
3227 5434 3477 5489 ccalestis
3500 5434 3626 5506 phi-

1980 5518 2259 5589 1090pbia3
2294 5536 2353 5572 se
2387 5523 2693 5581 conferret,
2730 5524 2785 5573 et
2815 5519 2940 5589 ipse
2972 5538 3035 5574 co
3090 5528 3348 5594 tempore
3405 5523 3629 5595 trigesi-

1986 5625 2145 5663 mum
2164 5614 2218 5662 et
2245 5608 2511 5678 quintum
2537 5626 2756 5663 annum
2780 5610 2835 5662 in
2863 5610 3160 5681 speluncis
3192 5612 3434 5679 habens,
3458 5612 3627 5666 nobis

1983 5698 3065 5757 istadiccbat:Scususbumanuscum
3092 5720 3125 5757 a
3157 5704 3508 5774 cogitatione
3540 5716 3625 5753 re-

3238 5824 3302 5877 ll
