4092 6324
495 334 601 390 331

1654 325 2022 380 APPENDIX
2057 322 2160 380 AD
2194 324 2412 380 VITAS
2446 326 2769 387 PATRUM.

3774 336 3867 394 332

500 456 745 514 cesserit
773 455 898 524 Dei,
934 456 1035 509 aut
1064 450 1318 508 damoni
1350 450 1604 508 efﬁcitur
1634 448 1871 517 slmilis,
1897 453 1998 505 aut
2019 464 2149 504 mu-
2177 448 2233 516 Α
2264 466 2443 521 supra
2473 450 2751 509 humeros
2802 469 2962 510 meos
3012 456 3275 526 poneret,
3326 456 3718 531 stupendaque
3769 461 3870 520 illic

503 547 580 602 tis
608 544 967 602 animalibus
993 545 1386 613 comparatur.

577 635 757 706 Cujus
791 632 931 688 dicti
963 630 1249 686 rationem
1283 644 1415 684 cum
1450 629 1522 683 ab
1554 645 1620 684 eo
1636 642 1983 697 caperemus
2006 625 2157 681 acci-

508 742 664 797 pere,
696 724 806 779 ista
834 721 1103 777 dicebat:
1139 719 1285 783 Quia
1307 719 1357 774 si
1408 718 1539 790 quis
1589 736 1620 772 a
1663 718 1778 773 Deo
1828 716 2157 785 recesserit,

509 829 745 870 necesse
767 814 856 867 est
881 815 943 865 ut
961 812 1062 865 aut
1079 808 1137 863 in
1164 807 1524 863 desiderium
1549 806 1917 878 a1iquod,aut
1937 805 1994 859 in
2046 803 2156 859 ali-

508 920 681 975 quam
705 900 1071 957 iracundiam
1096 896 1624 953 ruat.Desiderium
1642 896 1880 968 quidem
1903 894 2044 949 illud
2061 894 2158 948 in-

509 997 880 1049 sensatorum
904 986 1646 1052 animalium,iracundiam
1667 1002 1799 1041 vero
1823 986 2155 1039 daemonum

509 1099 640 1138 esse
670 1080 917 1136 dicebat.
950 1079 1038 1134 Me
1070 1081 1264 1133 autem
1297 1075 2157 1147 contradicente,quemadmo-

510 1174 651 1227 dum
686 1173 882 1242 posset
915 1168 1060 1235 ﬁeri,
1098 1172 1160 1223 ut
1191 1182 1323 1222 cum
1355 1166 1470 1221 Deo
1494 1165 1717 1236 jugiter
1748 1168 1985 1219 maneat
2022 1179 2156 1218 sen-

510 1279 616 1318 sus
650 1262 945 1316 humanus
977 1278 990 1327 ;
1026 1258 1137 1312 hoc
1160 1262 1299 1311 tunc
1331 1254 1426 1310 ille
1477 1254 1744 1310 dicebat:
1788 1254 1851 1308 In
1894 1269 2159 1324 quacun-

509 1368 625 1422 que
658 1348 1027 1420 cogitatione,
1058 1345 1147 1402 vel
1181 1346 1239 1400 in
1272 1343 1540 1417 quolibet
1570 1346 1702 1398 actu
1736 1342 1937 1397 anima
1969 1341 2156 1397 homi-

510 1440 603 1496 nis
634 1438 796 1494 illius
823 1437 999 1493 fuerit
1020 1436 1121 1508 qui
1153 1434 1482 1490 secundum
1516 1432 1701 1488 Deum
1751 1431 1914 1499 vivit,
1965 1431 2013 1486 si
2064 1430 2162 1502 pia

512 1534 621 1599 est,
651 1528 963 1599 eidemque
994 1526 1223 1599 placere
1254 1523 1513 1590 festinat,
1540 1538 1675 1577 eum
1708 1521 1823 1577 Deo
1847 1537 1979 1576 eum
2032 1535 2160 1576 esse

516 1618 896 1677 manifestum
927 1620 1037 1671 est.

1085 1720 1316 1777 CAPUT
1381 1718 1593 1777 XLVII.

978 1822 1098 1877 Vita
1128 1819 1347 1875 abbatis
1389 1817 1693 1888 Capitonis.

582 1934 687 1990 Hic
708 1929 946 2002 juvenis
975 1931 1100 1983 erat
1128 1924 1331 1997 Capito
1368 1923 1611 1996 quidam
1636 1920 1869 1977 nomine
1890 1921 2163 1990 (Pallad.,

515 2040 641 2096 cap.
673 2023 752 2091 9),
785 2018 883 2091 qui
911 2018 1101 2090 priore
1130 2014 1260 2069 vita:
1292 2029 1415 2069 suae
1445 2016 1707 2084 tempore
1748 2010 1896 2065 latro
1946 2010 2164 2081 fuerat;

515 2113 734 2185 quique
752 2125 888 2164 cum
910 2108 967 2162 in
985 2104 1266 2178 spelunca
1281 2099 1833 2173 suaquinquaginta
1853 2099 2167 2171 implesset

516 2218 722 2261 annos.
753 2215 857 2254 nec
883 2212 1072 2267 usque
1103 2194 1172 2249 ad
1205 2197 1477 2264 quartum
1504 2190 1757 2261 lapidem
1785 2189 2166 2245 Antinoensis

517 2290 716 2364 Oppidi
752 2302 1013 2359 unquam
1046 2282 1231 2339 voluit
1262 2281 1558 2349 accedere,
1594 2295 1698 2334 nec
1730 2294 1920 2349 usque
1950 2278 2021 2332 ad
2053 2278 2167 2333 ﬂu-

516 2382 678 2436 vium
710 2377 907 2434 Nilum
941 2373 1043 2447 qui
1074 2376 1198 2427 erat
1226 2369 1529 2443 proximus
1556 2386 1568 2435 ;
1613 2367 1964 2438 dicebatque
2011 2369 2167 2438 quod

517 2471 767 2528 necdum
800 2483 862 2522 se
888 2460 1317 2521 eonversationi
1349 2462 1523 2530 atque
1554 2456 1812 2513 sermoni
1854 2456 2165 2513 hominum

519 2557 907 2632 plurimorum
938 2555 1138 2623 posset
1168 2550 1524 2621 ingerere,eo
1556 2546 1710 2617 quod
1732 2545 1923 2600 adhuc
1944 2545 2169 2601 fortiter

520 2648 873 2720 repugnaret
901 2639 1235 2697 communis
1266 2637 1566 2692 inimicus.

592 2741 733 2791 Cum
764 2733 878 2788 isto
909 2729 1164 2785 vidimus
1195 2732 1249 2782 et
1264 2726 1445 2781 alium
1466 2724 1782 2795 quemdam
1808 2738 1877 2778 ex
1896 2721 2014 2778 illis
2036 2722 2169 2778 soli-

521 2826 690 2884 tariis
714 2822 853 2877 viris
876 2818 1148 2893 (Pallad.,
1172 2832 1297 2887 mp.
1331 2814 1472 2886 100),
1497 2829 1658 2885 aeque
1680 2816 1738 2867 et
1775 2812 1971 2884 ipsum
2015 2812 2168 2867 intra

521 2914 812 2990 speluncis
840 2926 957 2966 suae
991 2911 1215 2963 secreta
1248 2904 1563 2972 viventem,
1609 2901 1710 2972 qui
1758 2917 1924 2956 vanae
1970 2898 2167 2972 gloriae

518 3000 905 3064 stimulissub
924 2996 1181 3069 imagine
1204 2993 1568 3050 somniorum
1585 2991 1802 3045 illusus
1817 2995 1988 3061 atque
2002 2992 2168 3045 dece-

519 3101 680 3170 ptus,
715 3089 895 3148 simili
928 3092 984 3144 et
1016 3089 1141 3159 ipse
1173 3085 1348 3139 modo
1384 3080 1609 3138 solebat
1639 3095 1737 3136 eos
1762 3096 1909 3170 quos
1936 3080 2169 3135 induce-

518 3169 621 3242 bat
652 3182 920 3249 illudere,
952 3182 1009 3233 et
1039 3179 1243 3248 pastor
1271 3172 1711 3245 quodammodo
1742 3169 2031 3241 insipiens
2084 3170 2164 3224 vi-

522 3276 770 3331 debatur
794 3285 923 3326 esse
951 3271 1281 3330 ventorum,
1315 3267 1488 3331 atque
1538 3265 1876 3333 persecutor
1924 3259 2167 3314 umbra-

524 3381 654 3421 rum
685 3360 884 3433 (Eccti.
917 3371 1111 3422 XXXIV,
1137 3354 1215 3425 2),
1248 3352 1648 3422 incorruptam
1676 3349 1910 3420 quidem
1943 3347 2169 3403 habens

526 3466 866 3525 corpoream
920 3445 1251 3503 castitatem
1300 3458 1314 3496 :
1376 3440 1504 3495 sine
1554 3439 1734 3494 dubio
1791 3443 1849 3493 et
1933 3441 2171 3509 propter

529 3545 718 3617 ipsam
734 3538 1117 3599 senectam,et
1139 3536 1373 3604 propter
1390 3528 1713 3601 plurimum
1738 3527 1892 3617 quod
1917 3525 2170 3617 habebat

528 3615 591 3689 in
637 3628 882 3687 desertis
916 3625 1060 3681 locis
1092 3628 1348 3692 tempus,
1372 3624 1430 3674 et
1467 3622 1707 3690 propter
1754 3616 1944 3689 ipsam
1998 3615 2168 3670 forsi-

521 3729 621 3778 tan
672 3717 865 3775 inanis
896 3713 1096 3787 glorias
1121 3710 1467 3774 vanitatem,
1512 3724 1637 3777 quae
1668 3722 1767 3761 cor
1788 3705 1915 3776 ejus
1947 3720 2013 3758 ac
2044 3720 2171 3759 sen-

518 3828 622 3868 sus
666 3820 1071 3881 perversarum
1122 3805 1214 3871 (ut
1239 3798 1409 3867 solet)
1443 3813 1637 3852 rerum
1673 3794 2025 3865 cogitatione
2048 3793 2172 3847 viti-

515 3903 731 3970 averat,
765 3896 1093 3966 divinaeque
1140 3885 1601 3945 conversationis
1634 3885 1854 3939 fecerat
1885 3882 2164 3938 alienum.

1068 4004 1295 4061 CAPUT
1370 3999 1612 4056 XLVIII.

624 4104 741 4159 Vita
772 4103 988 4157 Amata?
1017 4098 1110 4169 (32
1138 4106 1191 4153 et
1222 4101 1389 4162 Taor,
1439 4096 1491 4148 et
1520 4090 1754 4146 alterius
1797 4087 2055 4157 virginis.

582 4214 885 4267 Suntvero
904 4208 962 4260 in
988 4204 1192 4261 eadem
1218 4197 1663 4257 Antinoensium
1689 4194 1921 4251 civitate
1943 4193 2166 4249 duode-

511 4304 625 4359 cim
650 4295 1009 4356 monasteria
1030 4294 1325 4365 virginum
1356 4290 1713 4345 feminarum
1738 4286 1893 4341 979
1911 4284 2167 4354 perlecta

509 4385 953 4446 conversatione
973 4380 1292 4436 viventium
1321 4376 1589 4448 (Pallad.,
1613 4374 1830 4444 c.137);
1867 4372 1924 4426 in
1945 4370 2165 4442 quibus

507 4482 778 4536 Amatam
812 4472 1131 4545 quamdam
1164 4465 1706 4532 nomine,aneillam
1726 4462 1940 4517 Christi
1963 4477 2162 4516 senem

2263 548 2387 595 erat
2416 542 2473 596 in
2504 541 2738 598 Christo
2770 543 3071 599 immensae
3104 543 3321 598 fiducia
3352 546 3653 602 castitatis.

2336 629 2399 683 In
2428 628 2538 684 hoc
2567 629 2695 701 ipso
2726 631 2888 703 virgo
2919 632 3187 702 quaedam
3210 635 3359 687 Taor
3383 634 3611 689 nomine
3633 636 3872 707 (Pal/art,

2261 733 2381 789 cap.
2418 718 2563 790 138),
2596 720 2889 792 discipula
2918 720 3103 791 illius,
3138 722 3384 794 triginta
3431 739 3611 779 annos
3660 726 3715 781 in
3769 746 3875 784 mo-

2262 809 2520 863 nasterio
2548 808 2795 877 habens,
2833 827 2946 866 non
2978 810 3198 873 tunica,
3233 828 3348 866 non
3372 818 3620 869 mavorte
3643 816 3875 883 (33),non

2261 898 2672 955 calceamentis
2704 918 2967 973 unquam
3001 902 3162 956 novis
3196 902 3280 957 uti
3312 901 3517 968 voluit,
3540 904 3645 960 hoc
3663 907 3875 966 dicens:

2260 987 2417 1043 Nihil
2442 987 2558 1044 tale
2581 990 2871 1059 desidero,
2895 1008 2965 1046 ne
2990 994 3229 1063 propter
3248 992 3355 1046 hoc
3376 996 3433 1046 et
3456 992 3606 1049 foras
3636 999 3878 1069 progredi

2262 1093 2458 1148 cogar.
2494 1077 2629 1132 Alias
2661 1079 2901 1150 quidem
2936 1096 3139 1135 omnes
3166 1079 3472 1137 Dominico
3503 1086 3725 1139 tantum
3781 1087 3881 1153 die,

2263 1181 2443 1221 causa
2472 1166 2678 1223 divinae
2710 1169 3150 1225 communionis
3172 1171 3486 1241 procedere
3509 1172 3578 1226 ad
3605 1173 3880 1231 ecclesiam

2266 1254 2561 1326 solebant;
2587 1262 2790 1312 sancta
2810 1273 2946 1313 vero
2972 1258 3073 1312 illa
3093 1259 3368 1314 extremis
3390 1259 3596 1315 induta
3612 1263 3887 1333 pannis,in

2268 1346 2625 1401 monasterio
2657 1347 2782 1403 sola
2812 1348 3127 1414 residebat,
3160 1366 3309 1420 opus
3330 1349 3554 1421 jugiter
3602 1368 3767 1408 suum
3817 1355 3890 1409 fa-

2267 1434 2453 1492 ciens.
2480 1441 2618 1491 Tam
2649 1437 2935 1508 elegantis
2968 1442 3166 1494 autem
3199 1439 3399 1494 formis
3428 1444 3576 1508 erat,
3603 1446 3665 1496 ut
3703 1444 3891 1500 castis-

2267 1523 2487 1580 simum
2511 1541 2805 1598 quemque
2836 1531 2893 1582 et
2925 1528 3482 1584 constantissimum
3507 1530 3692 1586 virum
3716 1534 3895 1588 vultus

2268 1612 2457 1685 ipsius
2487 1630 2553 1669 ac
2584 1613 2961 1685 pulchritudo
2994 1621 3193 1688 posset
3221 1616 3467 1687 illicere,
3522 1617 3631 1673 nisi
3682 1618 3757 1675 ita
3785 1637 3894 1677 mo-

2270 1705 2436 1761 ribus
2467 1711 2627 1762 esset
2657 1712 2885 1771 ornata,
2911 1712 2976 1763 ut
3005 1708 3062 1761 in
3092 1708 3417 1780 semetipsa
3462 1708 3702 1765 haberet
3751 1711 3897 1768 inaes-

2190 1795 2596 1891 Btimabilem
2625 1798 2945 1867 quemdam
2993 1797 3295 1853 custodem
3345 1798 3655 1854 castitatis.
3703 1801 3802 1866 Qui
3849 1807 3898 1857 et

2274 1884 2474 1941 oculos
2506 1887 2857 1957 cujusquam
2914 1886 3165 1959 turpiter
3188 1887 3508 1959 cupientis,
3563 1889 3632 1943 ad
3675 1889 3901 1946 immen-

2275 1992 2406 2031 sum
2440 1977 2724 2047 pudorem
2757 1976 3133 2048 compelleret
3162 1994 3228 2032 ac
3260 1978 3561 2033 timorem.

2344 2064 2473 2119 Alia
2504 2081 2739 2137 quoque
2769 2066 2827 2119 in
2859 2066 3054 2121 vicino
3084 2067 3505 2122 commanebat
3534 2069 3906 2143 (Pallad.,cap,

2277 2155 2424 2226 139),
2454 2156 2625 2226 cujus
2657 2172 2762 2227 ego
2793 2156 3002 2211 faciem
3041 2155 3279 2228 quidem
3313 2156 3514 2212 videre
3545 2175 3661 2214 non
3710 2160 3859 2231 potui
3894 2184 3907 2225 ;

2274 2259 2539 2314 unquam
2572 2243 2730 2299 enim
2763 2260 2831 2298 ex
2860 2261 2973 2314 quo
3006 2243 3144 2299 huic
3178 2245 3404 2299 mundo
3439 2245 3823 2312 renuntiavit,
3848 2247 3911 2301 de

2275 2331 2630 2386 monasterio
2663 2331 2847 2386 fertur
2876 2347 3134 2402 egressa,
3170 2333 3228 2387 in
3263 2349 3379 2404 quo
3413 2334 3724 2405 sexaginta
3744 2351 3913 2389 annos

2274 2437 2393 2475 una
2414 2436 2549 2475 cum
2579 2424 2764 2475 matre
2785 2437 2894 2476 sua
2914 2421 3192 2476 habitans
3219 2422 3506 2493 implesse
3550 2429 3914 2479 memoratur.

2274 2509 2379 2567 Cui
2411 2510 2482 2565 ad
2515 2514 2880 2582 postremum
2907 2527 3043 2566 cum
3076 2526 3384 2567 recessura
3416 2517 3578 2567 esset
3624 2527 3655 2567 e
3701 2512 3918 2578 saeculo,

2275 2598 2335 2653 in
2370 2598 2592 2653 visione
2623 2598 2853 2653 adstitit
2882 2597 3162 2654 Colothus
3191 2599 3482 2655 vocabulo
3534 2604 3774 2672 martyr,
3828 2600 3921 2672 qui

2274 2687 2333 2740 in
2367 2686 2588 2741 eisdem
2621 2686 2923 2742 colebatur
2952 2686 3097 2745 locis
3126 2688 3382 2760 (34),hoc
3404 2689 3459 2745 ei
3484 2689 3691 2745 dicens
3717 2706 3730 2744 :
3752 2689 3921 2745 Hodie

2276 2778 2345 2831 ad
2381 2775 2699 2831 Dominum
2734 2782 2905 2832 tuum
2940 2793 3168 2850 perges,
3201 2778 3301 2832 ubi
3334 2783 3394 2833 et
3428 2781 3671 2834 sanctos
3710 2780 3922 2835 videbis

2276 2883 2516 2934 omnes;
2554 2867 2684 2922 veni
2712 2867 2892 2939 igitur
2925 2868 2985 2921 in
3012 2866 3320 2923 basilicam
3356 2869 3658 2940 martyrii,
3709 2875 3773 2924 ut
3816 2868 3924 2924 illic

2276 2956 2565 3027 prandeas
2598 2973 2854 3011 mecum.
2888 2956 3010 3020 Quo
3044 2957 3265 3025 audito,
3318 2958 3521 3028 prima
3574 2957 3771 3014 statim
3808 2957 3925 3013 luce

2276 3046 2550 3111 surrexit,
2585 3062 2650 3101 ac
2678 3046 2850 3102 solito
2900 3063 3060 3102 more
3105 3047 3340 3115 vestita,
3394 3047 3461 3102 in
3503 3047 3788 3120 sportella
3833 3066 3931 3104 sua

2280 3151 2515 3207 panem,
2549 3139 2607 3190 et
2635 3134 2841 3202 olivas,
2874 3140 2932 3191 et
2962 3135 3119 3192 olera
3151 3136 3529 3192 comminuta
3574 3136 3821 3193 sustulit
3850 3155 3927 3193 se-

2288 3241 2444 3279 cum.
2477 3229 2545 3279 Et
2575 3231 2715 3281 tunc
2747 3227 3008 3297 primum
3042 3231 3175 3298 post
3202 3231 3283 3282 tot
3313 3244 3621 3284 annorum
3659 3228 3937 3283 curricula

2288 3314 2631 3386 procedens,
2668 3315 2738 3369 ad
2773 3316 3122 3387 martyrium
3155 3316 3342 3370 sancti
3373 3318 3567 3372 venit.
3614 3316 3722 3373 Ubi
3743 3318 3934 3372 oratio-

2286 3403 2460 3459 nibus
2512 3402 2621 3459 rite
2666 3404 2959 3475 perfectis,
3009 3404 3264 3477 opperiri
3308 3406 3493 3479 coepit
3550 3408 3673 3463 tale
3723 3415 3936 3479 tempus

2286 3496 2423 3565 diei,
2457 3512 2573 3567 quo
2604 3513 2809 3551 omnes
2843 3497 3078 3568 penitus
3130 3515 3163 3551 a
3213 3503 3552 3554 memorato
3615 3500 3934 3554 recederent

2283 3584 2430 3642 loco.
2459 3587 2623 3650 Quod
2655 3603 2785 3642 eum
2819 3586 2899 3641 ita
2930 3588 3146 3642 factum
3178 3587 3428 3655 videret,
3462 3589 3647 3660 cmpit
3676 3589 3872 3645 sedere
3888 3590 3935 3643 et

2282 3676 2551 3731 invocare
2582 3681 2851 3731 sanctum
2883 3681 3221 3747 martyrem,
3274 3675 3533 3732 dicens:
3582 3678 3794 3733 Sancte
3839 3677 3932 3732 Co-

2281 3763 2460 3829 lotbe,
2493 3764 2738 3819 benedic
2769 3780 2963 3820 escam
3020 3781 3234 3831 meam,
3282 3769 3468 3834 atque
3517 3765 3934 3822 interventibus

2280 3853 2399 3907 tuis
2434 3868 2661 3908 mecum
2696 3854 2987 3925 prolieisci
3016 3854 3557 3927 dignare.Sumpto
3592 3856 3777 3928 igitur
3796 3855 3933 3919 cibo,

2280 3948 2336 3997 et
2367 3945 2516 3999 facta
2547 3961 2756 4000 rursus
2800 3945 3084 4014 oratione,
3134 3944 3288 4001 circa
3327 3946 3484 4003 solis
3533 3964 3815 4004 occasum
3871 3944 3935 4002 ad

2280 4035 2701 4089 monasterium
2756 4051 2929 4090 suum
2980 4035 3194 4091 rediit:
3247 4036 3342 4090 ubi
3386 4039 3578 4094 matri
3629 4056 3775 4094 suae.
3830 4036 3939 4092 Cle-

2280 4122 2510 4191 mentis,
2544 4124 2639 4193 qui
2666 4124 3027 4180 Stromateus
3058 4126 3383 4194 dicebatur,
3442 4127 3723 4184 libellum
3768 4125 3940 4190 dedit,

2278 4213 2337 4267 in
2368 4218 2547 4268 Amos
2579 4213 2872 4285 prophetae
2903 4214 3059 4270 dicta
3102 4215 3547 4287 conscriptum,
3602 4218 3719 4275 hoc
3768 4218 3817 4273 ei
3863 4216 3943 4271 di-

2277 4319 2451 4357 cens:
2489 4304 2672 4358 istum
2705 4303 2980 4375 episcopo
3014 4304 3113 4375 qui
3144 4304 3278 4360 exul
3310 4310 3463 4374 stat,
3514 4307 3715 4378 dabis,
3763 4308 3941 4362 dices-

2276 4407 2388 4461 que
2418 4392 2469 4447 ei
2500 4396 2565 4447 ut
2595 4409 2698 4464 pro
2731 4409 2824 4447 me
2854 4409 3020 4449 orare
3051 4394 3347 4465 dignetur,
3379 4397 3749 4467 proficiscor
3796 4396 3943 4452 enim

2277 4481 2345 4534 ad
2382 4481 2694 4536 Dominum
2728 4498 2945 4537 meum.
2981 4486 3048 4537 Et
3096 4482 3154 4537 in
3198 4483 3330 4555 ipsa
3373 4492 3562 4542 nocte
3614 4485 3849 4552 defecit,
3890 4488 3944 4538 et

504 4570 622 4625 vidi
652 4565 949 4638 octoginta
970 4563 1097 4633 jam
1128 4560 1185 4615 in
1215 4557 1566 4615 monasterio
1588 4572 1695 4611 suo
1723 4571 1908 4608 annos
1932 4552 2153 4607 baben-
2184 4557 2231 4621 Β
2264 4584 2454 4639 neque
2485 4573 2584 4623 aut
2621 4568 2875 4624 dolorem
2910 4569 3093 4625 unum
3126 4552 3358 4642 cap—itis,
3394 4578 3511 4629 aut
3542 4574 3804 4631 calorem
3835 4590 3948 4629 cor-

504 4666 646 4730 tem,
680 4654 855 4712 sicuti
885 4652 1085 4708 vicinae
1117 4649 1306 4722 ipsius
1338 4652 1394 4703 et
1423 4646 1551 4718 ipsa
1602 4644 1952 4699 referebant.
2008 4646 2154 4698 Cum

504 4767 618 4822 qua
637 4744 942 4817 sexaginta
963 4756 1205 4797 numero
1231 4736 1511 4793 mulieres
1535 4735 1892 4801 habitantes,
1910 4729 2155 4802 atquein

503 4820 873 4896 abstinentiae
899 4831 1149 4903 puritate
1172 4845 1273 4900 per
1287 4829 1418 4898 ejus
1435 4825 1762 4881 doctrinam
1780 4820 2157 4884 viventes,in-

501 4934 733 4987 tantum
766 4922 969 4978 eadem
1005 4935 1210 4974 omnes
1238 4916 1656 4987 diligebant,ut
1687 4928 1757 4967 ne
1789 4911 2008 4966 clavem
2028 4909 2155 4980 qui-

501 5021 635 5074 dem
667 5010 955 5072 vestibulo
981 5006 1318 5064 monasterii
1346 5006 1415 5060 ad
1442 5002 1891 5060 similitudinem
1916 5004 2155 5054 czetera-

503 5124 634 5163 rum
662 5117 899 5161 necesse
926 5103 1081 5154 esset
1112 5095 1300 5167 infigi.
1329 5093 1467 5150 Sola
1497 5092 1651 5149 enim
1679 5090 1798 5146 illic
1830 5105 2036 5144 omnes
2057 5104 2154 5143 eas

501 5198 792 5253 immensa
821 5188 1058 5246 dilectio
1092 5203 1241 5242 anus
1274 5183 1460 5257 ipsius
1492 5182 1879 5250 doctrinaque
1930 5176 2152 5231 retine-

502 5287 620 5350 bat,
679 5282 751 5337 ad
799 5275 1262 5349 incorruptionis
1333 5272 1581 5345 gloriam
1642 5285 1890 5341 corpora
1948 5282 2152 5321 earum

502 5378 846 5442 mentesque
879 5382 1254 5426 conservans.

573 5462 703 5517 Haec
721 5460 1034 5530 ipsaquam
1051 5456 1167 5511 dixi
1184 5470 1358 5510 senex
1373 5468 1522 5525 usqu
1539 5467 1566 5505 e
1583 5450 1724 5504 adeo
1747 5464 1903 5519 purae
1940 5446 2153 5502 mentis

505 5556 562 5609 et
583 5545 841 5617 corporis
858 5551 1035 5601 erata
1056 5543 1407 5615 cogitatione
1422 5550 1475 5596 et
1495 5539 1769 5612 passione
1821 5536 2066 5608 peccati,
2088 5540 2154 5589 ut

507 5656 645 5699 cum
675 5638 746 5694 ad
778 5637 969 5709 ipsam
999 5632 1305 5704 ingressus
1338 5632 1605 5695 fuissem,
1634 5632 1811 5700 atque
1842 5625 2150 5697 sedissem,

503 5733 676 5803 juxta
702 5742 795 5783 me
823 5722 1222 5780 indifferenter
1248 5722 1495 5792 sederet,
1531 5733 1743 5775 manus
1786 5714 1961 5772 etiam
2012 5730 2152 5771 suas

2268 4658 2427 4731 poris
2460 4658 2667 4725 sensit,
2699 4659 2798 4714 sed
2835 4660 2963 4732 ipsa
2994 4677 3055 4715 se
3087 4664 3151 4715 ut
3180 4666 3302 4717 erat
3322 4664 3689 4735 sepelienda
3717 4679 3945 4735 compo-

2268 4749 2406 4819 suit,
2441 4749 2714 4821 spiritum
2750 4767 2923 4806 suum
2956 4753 3234 4807 manibus
3262 4754 3361 4809 Dei
3398 4757 3878 4814 commendans.

2851 4840 3087 4897 CAPUT
3147 4842 3333 4898 XLIX.

2272 4929 2389 4982 Vita
2419 4927 2687 4985 Melaniae
2715 4928 2957 4999 iunioris
2987 4930 3224 5057 Ρίνέἰᾳηὶ
3254 4932 3374 5003 ejus
3402 4937 3646 5004 mariti,
3672 4944 3729 4992 et
3749 4934 3949 4992 Albinae

2985 5020 3074 5057 ma
3104 5020 3204 5057 ris.

2985 5020 3204 5058 matris.

2337 5093 2398 5144 Et
2427 5088 2705 5160 quoniam
2740 5090 2797 5143 in
2831 5091 3236 5162 superioribus
3253 5091 3605 5151 relaturum
3627 5096 3701 5152 de
3720 5096 3951 5169 juniore

2263 5174 2514 5231 Melania
2546 5193 2638 5230 me
2660 5178 2971 5248 spopondi,
3005 5181 3412 5236 necessarium
3452 5200 3631 5240 nunc
3686 5185 3950 5241 debitum

2266 5268 2501 5322 reddam
2535 5267 2800 5337 (Pallad.,
2833 5284 2878 5323 c.
2912 5268 3053 5337 419;
3085 5287 3274 5341 supra,
3324 5288 3371 5326 c.
3427 5275 3557 5343 46).
3624 5276 3750 5331 Nec
3800 5273 3952 5330 enim

2256 5358 2488 5428 justum
2521 5361 2611 5412 est
2640 5356 2817 5412 veluti
2848 5361 3273 5429 praetereundo,
3306 5364 3597 5420 transire
3646 5371 3779 5421 tam
3831 5364 3953 5419 lau-

2264 5446 2517 5502 dabilem
2551 5447 2740 5519 ipsius
2772 5448 2831 5502 in
2865 5465 3105 5520 corpore
3129 5452 3550 5523 juventutem,
3599 5460 3954 5527 tantamque

2264 5537 2390 5609 ejus
2424 5537 2549 5591 sine
2582 5536 2781 5608 aliqua
2814 5539 3093 5594 memoria
3123 5538 3471 5599 litterarum
3499 5547 3823 5616 praeterire
3844 5546 3956 5599 vir-

2264 5631 2472 5697 tutem,
2501 5643 2629 5699 quae
2662 5628 2906 5684 senibus
2936 5645 3001 5685 ac
3033 5629 3514 5691 studiosissimis
3547 5636 3725 5693 circa
3770 5636 3955 5693 Deum

2262 5714 2499 5772 feminis
2526 5716 2730 5772 merito
2762 5733 2918 5773 nunc
2946 5718 3274 5789 praefertur.
