4120 6322
199 282 309 340 333

1468 286 1900 343 HKBACLIDIS
1936 288 2078 344 PAR
2086 288 2365 345 ADIBUS.

3513 286 3618 343 334

276 410 436 466 Hanc
464 408 644 481 igitur
686 412 957 482 parentes
987 408 1225 481 quidem
1258 408 1448 480 ipsius
1496 408 1550 465 vi
1599 408 1857 465 maxima
1884 415 1944 481 Α
2049 411 2337 484 Propositi
2370 414 2567 469 autem
2591 411 2778 484 ipsius
2806 411 3290 484 vitahujusmodi
3310 415 3457 468 erat.
3481 417 3622 469 Post

200 501 424 557 nubere
438 505 775 572 coegerunt,
795 500 986 572 primo
1000 500 1235 555 cuidam
1254 500 1501 555 Romani
1519 499 1863 556 nominisvi-

198 592 431 657 ro.Quae
446 594 639 645 tamen
661 606 890 662 semper
906 590 1278 661 cumjujibus
1293 589 1433 645 aviae
1448 607 1566 644 sua:
1581 586 1866 644 doctrinis

201 680 639 745 stimularetur,
673 696 738 735 eo
770 695 959 749 usque
989 679 1453 750 spiritualiterin
1475 679 1712 733 civitate
1730 696 1865 750 pro-

200 769 406 837 cessit,
440 774 502 824 ut
535 786 650 824 non
674 770 775 824 diu
808 769 867 823 in
888 768 1139 841 nuptiali
1163 768 1461 841 proposito
1478 773 1864 841 permaneret.

202 860 355 916 Nam
385 874 523 914 cum
555 858 918 930 suscepisset
946 857 1867 929 filiosduos,etutriquedef‘uncti

204 949 483 1014 fuissent,
517 948 676 1004 venit
707 948 777 1003 ad
801 952 1033 1003 tantum
1052 965 1153 1020 pro
1171 947 1386 1003 Christi
1405 947 1641 1003 nomine
1666 948 1866 1002 odium

204 1039 572 1110 nuptiarum,
597 1043 661 1093 ut
679 1037 787 1093 hoc
806 1039 1053 1093 Piniano
1086 1038 1297 1093 marito
1316 1054 1422 1093 suo
1447 1037 1640 1093 Severi
1661 1052 1871 1107 expres-

201 1129 337 1183 fecti
370 1126 493 1182 filio
524 1127 745 1182 diceret
770 1144 784 1183 :
806 1127 865 1182 Si
885 1127 1082 1199 diligis
1099 1128 1450 1193 castitatem,
1471 1131 1529 1183 et
1546 1126 1869 1182 monachus

199 1216 289 1273 vis
319 1233 451 1272 esse
481 1232 741 1286 mecum,
774 1223 830 1272 te
856 1217 991 1271 vitae
1014 1234 1154 1273 mea:
1172 1217 1483 1273 dominum
1505 1216 1866 1285 conﬁtebor;

199 1307 251 1363 si
292 1312 494 1362 autem
527 1306 634 1362 tibi
665 1322 841 1378 grave
885 1307 994 1362 hoc
1037 1307 1271 1362 videtur
1305 1312 1366 1361 ut
1389 1305 1614 1378 juveni,
1670 1308 1870 1377 accipe

200 1397 788 1469 quascunquehabeo
813 1398 1212 1468 facultates,et
1232 1397 1481 1452 liberum
1500 1395 1648 1451 mihi
1672 1411 1869 1450 meum

204 1503 427 1557 corpus
460 1486 750 1558 relinque,
784 1492 848 1543 ut
877 1488 946 1544 de
978 1492 1183 1543 caetero
1216 1487 1546 1543 secundum
1603 1484 1869 1540 volunta-

207 1581 331 1633 tem
370 1577 468 1631 Dei
497 1576 724 1647 vivens,
757 1578 979 1649 possiin
1012 1577 1255 1650 implere
1287 1577 1443 1649 quod
1468 1576 1662 1647 cupio.
1691 1575 1760 1629 Et
1786 1574 1870 1628 uti

208 1672 416 1721 secuta
447 1666 574 1737 ejus
607 1666 1071 1739 virtutem,§aviae
1091 1668 1382 1723 haeredem
1409 1683 1500 1720 me
1522 1681 1674 1731 esse,
1702 1663 1872 1734 cujus

1971 502 2221 557 alterum
2254 502 2409 557 diem
2452 519 2685 574 semper
2716 503 2911 558 cibum
2943 519 3151 575 capere
3182 507 3568 559 consueverat
3602 521 3615 571 ;

1971 608 2106 647 nam
2149 591 2303 646 inter
2335 592 2464 663 ipsa
2504 591 2793 663 principia
2825 592 3031 663 quinto
3074 609 3308 666 quoque
3343 593 3622 667 gustabat

1972 681 2065 735 die
2099 722 2112 748 ,
2146 680 2322 752 idque
2356 681 2674 735 observans
2711 680 2962 737 faciebat
2991 685 3047 735 et
3074 681 3317 736 diurnas
3348 698 3482 736 cum
3514 698 3621 736 an-

1973 769 2189 824 cillulis
2221 770 2347 824 suis
2372 769 2682 825 ministerii
2706 771 2798 825 sui
2853 771 3034 838 vices,
3066 787 3214 842 quas
3238 775 3523 843 tanquam
3556 769 3617 825 in

1974 858 2328 914 monasterio
2361 863 2425 913 ut
2454 875 2684 915 sorores
2716 859 2990 916 habebat.

2046 948 2181 1003 Erat
2212 951 2404 1003 autem
2439 964 2572 1002 cum
2604 949 2734 1020 ipsa
2765 954 2822 1004 et
2854 953 3039 1005 mater
3066 950 3193 1021 ejus
3223 949 3436 1005 Albina
3466 947 3621 1022 (Pal-

1974 1037 2106 1106 lad.,
2139 1054 2182 1093 ε.
2212 1039 2355 1106 120),
2385 1054 2579 1108 parem
2599 1038 2776 1092 vitam
2799 1037 3045 1107 habens,
3066 1039 3456 1110 similiterque
3481 1055 3617 1111 pro-

1974 1127 2132 1199 prias
2163 1126 2484 1198 separatim
2526 1143 2665 1199 opes
2698 1131 2754 1182 et
2782 1127 2908 1197 ipsa
2942 1128 3308 1200 dispergens.
3341 1127 3621 1184 Habitant

1973 1233 2106 1273 vero
2148 1216 2205 1271 in
2252 1216 2730 1287 possessionibus
2772 1217 2897 1272 suis
2934 1234 3186 1289 semper,
3227 1221 3284 1272 et
3322 1216 3620 1272 interdum

1973 1305 2130 1361 intra
2156 1305 2432 1373 Siciliam,
2468 1322 2895 1378 nonnunquam
2929 1308 3084 1361 intra
3114 1306 3494 1379 Campaniam
3528 1307 3624 1361 de-

1975 1401 2118 1467 gunt
2146 1412 2280 1451 cum
2304 1395 2591 1451 eunuchis
2613 1396 2970 1467 quindecim,
2994 1400 3051 1451 et
3068 1396 3366 1467 sexaginta
3382 1394 3624 1467 virgini-

1976 1486 2110 1551 bus,
2139 1490 2194 1541 et
2224 1502 2356 1540 cum
2390 1484 2520 1540 aliis
2554 1485 2827 1557 ingenuis
2856 1486 2947 1539 vel
2981 1484 3230 1541 ancillis.

2047 1582 2250 1630 Parem
2277 1591 2511 1646 quoque
2529 1579 2587 1630 et
2614 1574 2897 1629 Pinianus
2922 1575 3134 1644 conjux
3152 1573 3340 1644 ipsius
3364 1588 3497 1628 cum
3520 1575 3625 1628 tri-

1977 1665 2139 1737 ginta
2163 1664 2463 1719 monachis
2486 1664 2607 1735 agit
2624 1664 2804 1719 vitam
2829 1662 3095 1735 (Palluit,
3118 1680 3165 1717 c.
3196 1663 3318 1734 121)
3345 1680 3357 1717 :
3392 1662 3495 1734 qui
3518 1666 3619 1717 aut

209 1760 495 1811 etnomen
514 1756 718 1825 habeo,
740 1756 1333 1829 recognoscam.Nam
1350 1756 1398 1811 si
1417 1753 1695 1810 voluisset
1716 1758 1872 1807 Deus
1903 1793 1949 1857 Β
1978 1753 2211 1809 lectioni
2245 1757 2585 1808 sanctarum
2616 1753 3058 1825 Scripturarum
3087 1759 3275 1820 vacat,
3298 1758 3400 1807 aut
3428 1752 3625 1809 horto-

211 1851 277 1901 ut
307 1845 405 1900 hic
437 1846 651 1902 saeculo
684 1846 1035 1908 frueremur,
1060 1862 1362 1917 nunquam
1388 1844 1531 1899 mihi
1553 1848 1872 1913 utrumque

212 1952 391 2007 quem
428 1937 650 2010 peperi,
685 1937 1003 1993 immatura
1035 1941 1221 1993 morte
1254 1937 1571 2009 rapuisset.

280 2044 435 2099 Cum
483 2045 585 2099 diu
619 2045 815 2116 itaque
857 2046 1269 2101 altercantium
1320 2042 1613 2100 contentio
1653 2042 1872 2114 jugum

208 2135 480 2209 nuptiale
504 2142 787 2203 vexasset,
808 2138 877 2192 ad
900 2144 1260 2209 postremum
1279 2137 1432 2192 Deus
1456 2135 1767 2190 miseratus
1786 2138 1876 2188 est

199 2227 515 2297 juvenem,
545 2225 847 2299 inspirans
878 2227 1052 2282 etiam
1086 2228 1273 2300 ipsius
1292 2227 1525 2293 animae,
1552 2222 1875 2279 utsaacula-

209 2316 296 2371 ria
311 2333 381 2371 ac
398 2322 628 2371 terrena
643 2317 934 2372 desideria
947 2322 1349 2372 contemneret
1372 2335 1385 2384 ;
1406 2320 1468 2370 ut
1490 2316 1548 2369 in
1565 2314 1711 2386 ipsis
1730 2328 1877 2385 quo-

210 2422 329 2478 que
342 2411 668 2461 sanctavox
683 2412 879 2477 posset
898 2404 1621 2479 iinpleriperApostolum,
1644 2404 1876 2458 dicens:

213 2495 380 2551 Unde
416 2496 557 2564 scis,
592 2494 829 2561 mulier,
860 2495 1205 2551 simaritum
1225 2494 1451 2551 salvum
1484 2493 1659 2548 facies
1689 2491 1881 2549 lUnde

213 2585 356 2653 scis,
372 2586 485 2652 vir,
501 2586 551 2639 si
571 2584 878 2641 mulierem
895 2586 1115 2641 salvam
1136 2586 1373 2656 facies(l
1387 2583 1512 2638 Cor.
1533 2583 1633 2654 vn)
1647 2582 1675 2637 ‘l
1691 2582 1883 2653 Nupta

214 2674 407 2748 igitur
436 2674 561 2730 viro
594 2680 687 2731 est
716 2692 853 2731 cum
884 2677 1166 2732 tredecim
1208 2681 1364 2732 esset
1394 2690 1709 2738 annorum,
1761 2687 1881 2742 sep-

216 2767 337 2818 tem
371 2779 511 2818 vero
542 2780 727 2819 annos
758 2780 892 2818 cum
926 2780 992 2819 eo
1025 2763 1472 2837 vixit,vigesimo
1505 2758 1879 2817 renuntiavit.

290 2873 366 2928 Et
402 2871 665 2944 primum
694 2872 932 2945 quidem
969 2873 1253 2945 quidquid
1275 2873 1527 2929 vestium
1560 2869 1883 2925 sericarum

225 2962 285 3018 in
319 2962 695 3017 mavortibus
726 2961 955 3029 habuit,
977 2969 1200 3018 sanctis
1229 2961 1511 3018 altaribus
1529 2956 1885 3028 dedit,quod

214 3058 271 3108 et
290 3052 678 3107 benedictam
702 3051 1103 3125 Olympiadem
1132 3052 1336 3107 fecisse
1354 3049 1758 3123 cognovimus.
1776 3047 1885 3101 Re-

214 3141 419 3214 liquas
451 3157 588 3197 vero
621 3158 767 3212 quas
802 3142 1057 3197 habebat
1089 3141 1307 3198 sericas
1349 3146 1560 3206 vestes,
1594 3156 1697 3210 per
1725 3135 1883 3191 varia

217 3231 614 3288 ecclesiarum
647 3232 1332 3287 distribuitornamenta.
1363 3236 1686 3301 Argentum
1706 3232 1884 3298 atque

220 3337 441 3377 aurum
474 3336 651 3375 suum
686 3338 786 3393 per
816 3321 1062 3376 Paulum
1097 3322 1411 3393 quemdam
1439 3320 1768 3374 Dalmatam
1799 3316 1884 3371 ci-

220 3427 383 3476 vem,
421 3409 778 3465 monachum
812 3416 988 3483 atque
1011 3409 1693 3484 presbyterum,navigio
1710 3406 1891 3461 maris

226 3499 539 3555 Orientem
566 3516 757 3570 usque
780 3500 1129 3556 transmisit.
1166 3502 1231 3556 Et
1254 3501 1335 3555 ita
1366 3498 1805 3563 divisitcuncta,
1829 3499 1894 3551 ut

226 3593 484 3662 Egypto
540 3595 715 3660 atque
768 3590 1055 3646 Thebaidi
1102 3590 1398 3662 delegaret
1429 3590 1631 3643 decem
1667 3583 1892 3651 millia;

230 3679 620 3735 Antiocheam
650 3679 868 3735 civitati
899 3686 1078 3752 atque
1110 3680 1228 3735 illis
1260 3696 1390 3752 qua:
1422 3678 1577 3734 circa
1606 3677 1792 3747 ipsam
1815 3673 1895 3729 vi-

230 3771 601 3826 denturesse
615 3768 971 3841 regionibus,
988 3772 1186 3825 decem
1204 3768 1405 3836 millia;
1428 3766 1736 3840 provinciae
1750 3779 1891 3835 quo.

230 3875 347 3931 que
382 3857 706 3913 Palestina:
738 3858 1075 3929 quindecim
1106 3858 1290 3915 millia
1321 3857 1685 3924 solidorum;
1714 3851 1891 3908 eccle-

232 3950 337 4005 siis
373 3964 513 4020 quaa
543 3964 647 4019 per
677 3948 941 4021 singulas
964 3950 1193 4004 insulas
1215 3955 1377 4018 sunt,
1404 3964 1522 4002 una
1544 3962 1677 4000 cum
1699 3944 1771 3999 iis
1794 3942 1896 4014 qui

234 4042 411 4093 erant
454 4036 647 4092 exsilii
676 4038 937 4093 damnati
987 4037 1364 4110 relegatione,
1420 4038 1621 4092 decem
1672 4030 1895 4099 millia;

234 4126 355 4182 illis
391 4136 589 4181 autem
622 4126 906 4195 ecclesiis,
939 4132 1115 4199 atque
1149 4126 1542 4190 monasteriis,
1568 4128 1625 4179 et
1643 4121 1897 4177 xenodo-

236 4216 392 4271 chiis
426 4232 557 4287 qua:
608 4220 748 4270 sunt
778 4217 889 4272 sub
921 4216 1273 4272 occidentali
1324 4214 1517 4288 plaga,
1551 4211 1897 4283 cunctisque

240 4304 561 4378 egentibus
588 4322 685 4377 per
706 4306 1085 4379 semetipsam
1111 4307 1311 4362 omnia
1326 4322 1451 4377 quae
1468 4304 1663 4370 sciret,
1690 4301 1898 4356 iisdem

243 4394 586 4450 necessaria
615 4395 998 4454 ministraret.

318 4489 457 4539 Haec
487 4488 685 4539 autem
718 4489 775 4540 et
805 4487 1076 4542 universa
1098 4490 1156 4542 et
1186 4485 1299 4541 alia
1320 4484 1492 4557 longe
1522 4482 1693 4556 plura
1722 4495 1899 4552 quam

1981 1861 2111 1899 rum
2145 1843 2585 1899 amcenitatibus
2617 1842 2957 1909 delectatur,
2983 1849 3080 1897 aut
3103 1842 3516 1915 conspectibus
3538 1846 3626 1898 at-

1982 1950 2097 2005 que
2126 1933 2497 1988 sermonibus
2529 1932 2747 1987 fruitur
2777 1931 3296 1987 honestisimorum
3328 1931 3582 1988 virorum
3609 1948 3622 1999 ;

1984 2039 2090 2079 nec
2112 2023 2281 2078 nobis
2307 2022 2543 2093 quidem
2571 2025 2646 2091 (et
2677 2026 2830 2076 certe
2853 2038 2985 2076 cum
3011 2020 3252 2093 plurimi
3270 2020 3449 2076 simul
3475 2036 3629 2077 esse-

1984 2130 2118 2168 mus
2149 2113 2250 2184 qui
2282 2113 2527 2167 Romam
2560 2115 2794 2183 propter
2816 2110 3052 2166 beatum
3080 2111 3424 2182 episcopum
3452 2111 3627 2167 Joan-

1986 2219 2119 2259 nem
2154 2201 2617 2274 perrexeramus)
2651 2201 2860 2273 exigua
2893 2200 3331 2272 praestiterunt;
3365 2200 3465 2256 sed
3490 2201 3630 2256 dum

1985 2297 2043 2347 et
2072 2292 2130 2346 in
2162 2291 2281 2345 illis
2316 2291 2583 2363 partibus
2619 2291 2987 2361 degeremus,
3043 2289 3481 2345 officiosissimo
3525 2305 3630 2344 nos

1987 2386 2371 2452 susceperunt
2421 2378 2669 2451 hospitio
2705 2421 2718 2447 ,
2770 2378 3238 2450 largissimisque
3290 2377 3631 2450 sumptibus

1988 2488 2122 2526 cum
2156 2469 2363 2525 exinde
2396 2467 2923 2541 proficisceremur,
2958 2466 3415 2523 honoraverunt.

2648 2583 2882 2640 CAPUT
2917 2584 2979 2638 L.

2212 2676 2325 2733 Vita
2360 2672 2739 2738 Pammachii,
2781 2672 3048 2744 Macarii,
3092 2672 3423 2729 Constantii.

2064 2768 2279 2822 [lorum
2312 2781 2522 2837 parens
2544 2763 2660 2834 (35)
2681 2763 3094 2818 Pammachius
3117 2762 3352 2819 nomine
3373 2761 3637 2833 (Pallad.,

1991 2862 2110 2928 ca’p.
2147 2856 2301 2926 122),
2334 2853 2421 2908 vir
2452 2851 2918 2925 proconsularis,
2953 2851 3228 2908 similiter
3258 2851 3638 2908 saecularibus

1995 2945 2227 3018 pompis
2259 2942 2639 3009 renuntiavit,
2675 2941 3049 3012 multumque
3078 2940 3479 2997 laudabilibus
3512 2957 3640 2997 mo-

1997 3036 2161 3090 ribus
2192 3033 2351 3088 vixit.
2387 3031 2494 3097 Qui
2521 3047 2725 3086 omnes
2758 3029 3024 3102 proprias
3058 3030 3392 3098 facultates,
3424 3029 3637 3100 partim

1996 3125 2134 3179 dum
2166 3124 2226 3178 in
2260 3120 2470 3177 saeculo
2502 3124 2658 3176 esset
2684 3118 2812 3191 ipse
2841 3119 3157 3191 dispersit,
3190 3118 3402 3190 partim
3437 3118 3637 3174 fratri-

1997 3216 2107 3269 lius
2140 3218 2313 3285 atque
2344 3210 2699 3284 pauperibus
2734 3209 2987 3264 moriens
3018 3208 3397 3280 migransque
3428 3209 3500 3264 ad
3532 3207 3637 3263 Do-

1996 3303 2221 3359 minum
2257 3299 2513 3372 reliquit.

2065 3398 2183 3447 Hoc
2216 3392 2370 3446 idem
2403 3394 2461 3444 et
2490 3388 2655 3444 alter.
2687 3386 2977 3442 Macarius
3008 3386 3267 3455 nomine,
3302 3401 3373 3441 ex
3402 3385 3640 3441 vicariis

1996 3483 2130 3537 fecit
2160 3480 2423 3552 (Pallad.,
2455 3495 2501 3533 c.
2534 3478 2753 3547 cxxm).
3235 3462 3245 3471 ’

2067 3573 2135 3626 Et
2162 3570 2539 3625 Constantius
2567 3566 2828 3637 quidam,
2862 3565 2962 3633 qui
3012 3564 3384 3622 consiliarius
3413 3566 3646 3638 praefec-

1996 3667 2187 3716 torum
2241 3660 2298 3712 in
2332 3656 2511 3713 italiae
2554 3655 2664 3709 fuit
2697 3656 3041 3726 regionibus
3072 3655 3348 3727 (Patlad.,
3388 3672 3435 3711 ο.
3472 3656 3597 3728 124)
3628 3674 3641 3724 ;

2000 3749 2224 3805 nobiles
2243 3746 2406 3801 valde
2427 3750 2482 3800 et
2504 3742 2835 3799 scholastici
2857 3743 2964 3797 viri
2989 3760 3055 3797 ac
3077 3742 3330 3814 plurimo
3356 3744 3456 3799 Dei
3480 3761 3641 3799 amo-

2000 3855 2060 3895 re
2091 3836 2410 3903 sublimes;
2445 3850 2592 3906 quos
2620 3831 2811 3887 adhuc
2848 3832 3018 3888 credo
3052 3847 3379 3903 superesse,
3413 3831 3644 3904 egregia

2002 3927 2423 3986 monachorum
2458 3923 2827 3979 institutione
2855 3922 3133 3977 viventes.

2641 4038 2873 4097 CAPUT
2916 4039 3005 4095 LI.

2010 4136 2130 4193 Vita
2176 4134 2412 4205 virginis
2459 4130 2878 4205 Alexandrinae,
2910 4144 3037 4199 quae
3063 4144 3163 4205 per
3202 4144 3301 4205 sex
3328 4142 3503 4183 αηηοε
3531 4143 3653 4182 ma-

2359 4220 2529 4273 gnum
2571 4202 2938 4257 Athanasium
2979 4201 3294 4257 occultavit.

2075 4294 2376 4367 Virginem
2410 4291 2724 4364 quamdam
2758 4291 2815 4344 in
2846 4290 3198 4346 Alexandria
3228 4305 3502 4346 noveram
3524 4287 3658 4344 civi—

2007 4391 2145 4454 tate,
2178 4400 2353 4455 quam
2388 4398 2493 4453 ego
2526 4380 2899 4453 septuaginta
2929 4397 3114 4435 annos
3138 4384 3410 4451 agentem
3440 4378 3658 4435 vidisse

2012 4494 2106 4532 me
2150 4471 2390 4529 memini
2430 4470 2706 4543 (Pallad,
2748 4487 2869 4541 cap.
2916 4471 3059 4541 136).
3102 4468 3206 4524 Cui
3247 4468 3659 4524 testimonium

321 4537 446 4539 an,
725 4537 1605 4557 _-“__.--_"--___w_-_o-r,
1740 4537 1757 4552 ,
2438 4537 2445 4543 ,
2813 4537 2825 4541 -
3021 4537 3028 4541 .

247 4575 536 4640 diximus,
566 4578 627 4628 ut
647 4574 801 4630 Deus
827 4577 1006 4644 novit,
1026 4593 1093 4631 ex
1118 4574 1394 4632 manibus
1411 4574 1626 4628 Alarici
1652 4572 1901 4642 fidepro-
1936 4537 1981 4602 Β
2014 4565 2207 4624 clerici
2238 4563 2357 4618 illic
2388 4577 2593 4617 omnes
2624 4560 2909 4624 ferebant,
2941 4560 3097 4631 quod
3130 4562 3271 4614 tunc
3304 4574 3438 4614 cum
3470 4559 3670 4614 adhuc

250 4664 383 4738 pria
406 4669 691 4735 tanquam
714 4681 781 4719 ex
805 4680 902 4719 ore
935 4664 1119 4721 leonis
1141 4665 1357 4737 eripuit
1377 4665 1455 4736 (II
1484 4662 1621 4717 Tim.
1647 4678 1721 4727 1v,
1745 4662 1904 4728 xvu).

252 4760 463 4808 Servos
496 4769 628 4808 vero
660 4754 984 4825 promiscui
1016 4772 1191 4810 sexus
1214 4755 1554 4826 quicunque
1577 4748 1909 4806 manumitti

252 4842 547 4910 volebant,
566 4844 837 4914 usquead
860 4849 990 4899 octo
1024 4843 1210 4899 millia
1235 4845 1451 4900 liberos
1473 4843 1623 4899 fecit.
1646 4840 1913 4911 Namque

259 4931 527 5003 reliquos
540 4933 874 5002 quiservire
891 4933 1055 4987 fratri
1081 4932 1265 5004 ipsius
1291 4933 1649 4999 maluerunt,
1674 4945 1914 4985 conces-

260 5021 340 5076 sit
370 5019 587 5086 eidem,
616 5021 798 5077 ternis
824 5038 926 5093 per
946 5021 1212 5093 singulos
1235 5022 1440 5077 solidis
1463 5021 1618 5076 980
1635 5019 1917 5075 distribu-

261 5111 361 5166 tis.
398 5109 777 5166 Possesiones
798 5126 1004 5166 omnes
1022 5128 1407 5183 quascunque
1429 5110 1637 5165 habuit
1668 5109 1727 5163 in
1748 5107 1920 5180 Aqui-

259 5201 450 5263 tania,
482 5198 690 5270 Gallia,
722 5201 1069 5267 Tarracone,
1104 5201 1404 5272 Hispaniis
1436 5199 1759 5269 Galliisque
1791 5197 1917 5251 dis-

262 5288 582 5345 traxit.Eos
610 5305 746 5345 vero
777 5291 1188 5346 tantummodo
1221 5307 1392 5363 agros
1423 5306 1567 5361 quos
1598 5288 1753 5342 intra
1782 5287 1924 5341 Sici-

265 5378 433 5445 liam,
484 5379 865 5452 Campaniam
898 5384 955 5436 et
1006 5380 1259 5434 Africam
1295 5379 1651 5451 possidebat,
1686 5376 1927 5431 sibimet

269 5469 628 5538 reservavit;
662 5486 729 5524 ex
754 5469 969 5541 quibus
999 5469 1359 5525 monasteria
1379 5467 1653 5538 deinceps
1672 5465 1928 5520 aleretac

267 5561 511 5615 foveret.
543 5559 673 5615 Haec
703 5559 882 5630 hujus
913 5560 1147 5615 feminae
1178 5558 1469 5631 sapientia
1490 5557 1549 5612 in
1567 5555 1929 5612 distribuen-

271 5650 349 5706 do
383 5664 560 5705 onere
590 5649 927 5706 divitiarum
951 5649 1080 5705 fuit.

2008 4655 2243 4729 juvenis
2272 4652 2587 4715 videretur,
2630 4649 2842 4721 viginti
2887 4648 3152 4705 fortassis
3184 4665 3498 4717 annorum,
3531 4648 3663 4719 pul-

2019 4743 2370 4803 chritudinis
2394 4757 2641 4813 magnae,
2663 4744 3018 4810 conspectus
3040 4738 3305 4795 omnium
3330 4738 3513 4793 vitare
3530 4753 3669 4792 con-

2022 4835 2329 4903 suevisset,
2361 4848 2431 4886 ne
2454 4848 2566 4902 qua
2586 4834 2823 4901 propter
2845 4828 3197 4884 miraculum
3225 4826 3425 4884 vultus
3447 4827 3577 4897 ejus
3600 4840 3671 4880 ex

2025 4925 2360 4997 suspicione
2392 4919 2785 4992 quorumdam
2827 4917 3058 4974 macula
3088 4921 3408 4973 notaretur.
3447 4917 3570 4980 Quo
3610 4914 3670 4968 in

2025 5021 2286 5085 tempore
2305 5009 2513 5064 accidit
2534 5013 2595 5063 ut
2618 5007 2818 5063 Ariani
2840 5007 2952 5063 sub
2968 5005 3305 5062 Constantio
3324 5004 3678 5076 imperatore

2031 5122 2131 5179 per
2173 5100 2555 5175 praepositum
2608 5098 2737 5167 ejus
2777 5097 3092 5153 Eusebium
3151 5095 3313 5149 beato
3361 5090 3679 5148 Athanasio

2032 5190 2418 5252 Alexandrino
2451 5187 2724 5259 episcOpo
2759 5186 3014 5241 facerent
3055 5183 3388 5251 factionem,
3420 5186 3478 5239 et
3515 5196 3680 5237 exse-

2032 5283 2281 5341 crandas
2312 5278 2359 5335 ei
2395 5276 2711 5332 criminum
2744 5274 3071 5330 calumnias
3102 5273 3446 5329 excitarent.

2104 5375 2267 5428 Tunc
2290 5367 2467 5441 igitur
2513 5365 2611 5419 ille
2636 5363 3011 5429 venerabilis,
3039 5361 3690 5435 corruptumjudicium

2038 5464 2447 5539 pollutumque
2478 5452 2806 5518 declinans,
2838 5469 2953 5507 non
2985 5452 3173 5508 amico
3205 5469 3289 5521 se,
3316 5468 3433 5507 non
3455 5450 3691 5519 clerico,

2042 5571 2155 5610 non
2190 5545 2439 5625 parenti,
2475 5561 2591 5600 non
2623 5539 2896 5612 cuiquam
2924 5541 3023 5597 alii
3049 5541 3300 5598 credidit
3327 5545 3504 5613 atque
3535 5556 3698 5595 com-

2043 5642 2240 5710 misit;
2270 5637 2373 5695 sed
2404 5651 2541 5692 cum
2574 5630 2770 5690 subito
2802 5632 3047 5705 quidam
3078 5633 3440 5705 praefecturae
3463 5630 3705 5699 appari-
