  <div class='ocr_page' id='page_1' title='image "/cluster/home/n/w/nwhite01/storage/ocr_20150623/74/hvd.32044054758784/173.png"; bbox 0 0 4120 6322; ppageno 0'>
   <div class='ocr_carea' id='block_1_1' title="bbox 497 303 607 359">
    <p class='ocr_par' dir='ltr' id='par_1_1' title="bbox 497 303 607 359">
     <span class='ocr_line' id='line_1_1' title="bbox 497 303 607 359; baseline -0.009 0"><span class='ocrx_word' id='word_1_1' title='bbox 497 303 607 359; x_wconf 87' lang='grc'><strong>335</strong></span> 
     </span>
    </p>
   </div>
   <div class='ocr_carea' id='block_1_2' title="bbox 1653 296 2762 358">
    <p class='ocr_par' dir='ltr' id='par_1_2' title="bbox 1653 296 2762 358">
     <span class='ocr_line' id='line_1_2' title="bbox 1653 296 2762 358; baseline -0.006 1"><span class='ocrx_word' id='word_1_2' title='bbox 1653 296 2022 358; x_wconf 78' lang='grc' dir='ltr'><strong>ΔΡΡΕΝΟΙΧ</strong></span> <span class='ocrx_word' id='word_1_3' title='bbox 2058 297 2157 351; x_wconf 81' lang='lat' dir='ltr'><strong>AD</strong></span> <span class='ocrx_word' id='word_1_4' title='bbox 2191 296 2407 352; x_wconf 79' lang='lat' dir='ltr'><strong>VITAS</strong></span> <span class='ocrx_word' id='word_1_5' title='bbox 2441 298 2762 355; x_wconf 77' lang='lat' dir='ltr'><strong>PATRUM.</strong></span> 
     </span>
    </p>
   </div>
   <div class='ocr_carea' id='block_1_3' title="bbox 3762 312 3844 371">
    <p class='ocr_par' dir='ltr' id='par_1_3' title="bbox 3762 312 3844 371">
     <span class='ocr_line' id='line_1_3' title="bbox 3762 312 3844 371; baseline 0 0"><span class='ocrx_word' id='word_1_6' title='bbox 3762 312 3844 371; x_wconf 83' lang='lat'><strong>336</strong></span> 
     </span>
    </p>
   </div>
   <div class='ocr_carea' id='block_1_4' title="bbox 496 420 3845 511">
    <p class='ocr_par' dir='ltr' id='par_1_4' title="bbox 496 420 3845 511">
     <span class='ocr_line' id='line_1_4' title="bbox 496 420 3845 511; baseline 0.003 -28"><span class='ocrx_word' id='word_1_7' title='bbox 496 432 651 483; x_wconf 90' lang='lat' dir='ltr'><strong>tores</strong></span> <span class='ocrx_word' id='word_1_8' title='bbox 679 425 881 498; x_wconf 88' lang='lat' dir='ltr'><strong>ipsum</strong></span> <span class='ocrx_word' id='word_1_9' title='bbox 914 423 1359 495; x_wconf 81' lang='lat' dir='ltr'><strong>investigantes,</strong></span> <span class='ocrx_word' id='word_1_10' title='bbox 1391 423 1635 479; x_wconf 91' lang='lat' dir='ltr'><strong>domum</strong></span> <span class='ocrx_word' id='word_1_11' title='bbox 1652 424 1782 495; x_wconf 89' lang='lat' dir='ltr'><strong>ejus</strong></span> <span class='ocrx_word' id='word_1_12' title='bbox 1805 423 2147 511; x_wconf 80' lang='lat' dir='ltr'><strong>intrassent,</strong></span> <span class='ocrx_word' id='word_1_13' title='bbox 2177 423 2232 491; x_wconf 83' lang='grc' dir='ltr'><strong>Α</strong></span> <span class='ocrx_word' id='word_1_14' title='bbox 2262 423 2434 511; x_wconf 86' lang='lat' dir='ltr'><strong>ptum</strong></span> <span class='ocrx_word' id='word_1_15' title='bbox 2467 437 2679 511; x_wconf 85' lang='lat' dir='ltr'><strong>nomen</strong></span> <span class='ocrx_word' id='word_1_16' title='bbox 2703 420 2997 497; x_wconf 80' lang='lat' dir='ltr'><strong>Hippolyti</strong></span> <span class='ocrx_word' id='word_1_17' title='bbox 3019 422 3149 494; x_wconf 83' lang='lat' dir='ltr'><strong>ejus</strong></span> <span class='ocrx_word' id='word_1_18' title='bbox 3175 426 3376 497; x_wconf 83' lang='lat' dir='ltr'><strong>(quem</strong></span> <span class='ocrx_word' id='word_1_19' title='bbox 3405 429 3634 500; x_wconf 80' lang='lat' dir='ltr'><strong>apostoli</strong></span> <span class='ocrx_word' id='word_1_20' title='bbox 3656 439 3845 511; x_wconf 84' lang='lat' dir='ltr'><strong>norant)</strong></span> 
     </span>
    </p>
   </div>
   <div class='ocr_carea' id='block_1_5' title="bbox 490 509 2150 583">
    <p class='ocr_par' dir='ltr' id='par_1_5' title="bbox 490 509 2150 583">
     <span class='ocr_line' id='line_1_5' title="bbox 490 509 2150 583; baseline -0.005 -11"><span class='ocrx_word' id='word_1_21' title='bbox 490 516 695 572; x_wconf 87' lang='lat' dir='ltr'><strong>tunica</strong></span> <span class='ocrx_word' id='word_1_22' title='bbox 710 512 1046 569; x_wconf 86' lang='lat' dir='ltr'><strong>illetantum</strong></span> <span class='ocrx_word' id='word_1_23' title='bbox 1065 529 1173 568; x_wconf 91' lang='lat' dir='ltr'><strong>sua</strong></span> <span class='ocrx_word' id='word_1_24' title='bbox 1187 511 1741 583; x_wconf 89' lang='lat' dir='ltr'><strong>birroquevestitus,</strong></span> <span class='ocrx_word' id='word_1_25' title='bbox 1758 511 1948 567; x_wconf 90' lang='lat' dir='ltr'><strong>medio</strong></span> <span class='ocrx_word' id='word_1_26' title='bbox 1964 509 2150 565; x_wconf 87' lang='lat' dir='ltr'><strong>noctis</strong></span> 
     </span>
    </p>
   </div>
   <div class='ocr_carea' id='block_1_6' title="bbox 493 602 2149 679">
    <p class='ocr_par' dir='ltr' id='par_1_6' title="bbox 493 602 2149 679">
     <span class='ocr_line' id='line_1_6' title="bbox 493 602 2149 679; baseline -0.004 -17"><span class='ocrx_word' id='word_1_27' title='bbox 493 607 754 679; x_wconf 81' lang='lat' dir='ltr'><strong>fugiens,</strong></span> <span class='ocrx_word' id='word_1_28' title='bbox 778 607 847 661; x_wconf 84' lang='lat' dir='ltr'><strong>ad</strong></span> <span class='ocrx_word' id='word_1_29' title='bbox 878 604 1034 660; x_wconf 89' lang='lat' dir='ltr'><strong>hanc</strong></span> <span class='ocrx_word' id='word_1_30' title='bbox 1057 604 1343 675; x_wconf 79' lang='lat' dir='ltr'><strong>virginem</strong></span> <span class='ocrx_word' id='word_1_31' title='bbox 1371 604 1542 659; x_wconf 84' lang='lat' dir='ltr'><strong>venit.</strong></span> <span class='ocrx_word' id='word_1_32' title='bbox 1562 604 1646 660; x_wconf 89' lang='lat' dir='ltr'><strong>Ad</strong></span> <span class='ocrx_word' id='word_1_33' title='bbox 1671 616 1847 675; x_wconf 87' lang='lat' dir='ltr'><strong>quam</strong></span> <span class='ocrx_word' id='word_1_34' title='bbox 1872 608 1991 657; x_wconf 91' lang='lat' dir='ltr'><strong>tam</strong></span> <span class='ocrx_word' id='word_1_35' title='bbox 2016 602 2149 656; x_wconf 92' lang='lat' dir='ltr'><strong>ino-</strong></span> 
     </span>
    </p>
   </div>
   <div class='ocr_carea' id='block_1_7' title="bbox 490 691 2144 767">
    <p class='ocr_par' dir='ltr' id='par_1_7' title="bbox 490 691 2144 767">
     <span class='ocr_line' id='line_1_7' title="bbox 490 691 2144 767; baseline -0.004 -17"><span class='ocrx_word' id='word_1_36' title='bbox 490 697 701 767; x_wconf 66' lang='lat' dir='ltr'><strong>pinatae</strong></span> <span class='ocrx_word' id='word_1_37' title='bbox 724 696 806 749; x_wconf 91' lang='lat' dir='ltr'><strong>rei</strong></span> <span class='ocrx_word' id='word_1_38' title='bbox 841 693 1097 748; x_wconf 76' lang='lat' dir='ltr'><strong>novitate</strong></span> <span class='ocrx_word' id='word_1_39' title='bbox 1112 692 1508 763; x_wconf 88' lang='lat' dir='ltr'><strong>perterritam,</strong></span> <span class='ocrx_word' id='word_1_40' title='bbox 1534 693 1628 748; x_wconf 87' lang='lat' dir='ltr'><strong>his</strong></span> <span class='ocrx_word' id='word_1_41' title='bbox 1645 698 1887 748; x_wconf 90' lang='lat' dir='ltr'><strong>sanctus</strong></span> <span class='ocrx_word' id='word_1_42' title='bbox 1918 691 2144 762; x_wconf 89' lang='lat' dir='ltr'><strong>episco-</strong></span> 
     </span>
    </p>
   </div>
   <div class='ocr_carea' id='block_1_8' title="bbox 491 779 2145 856">
    <p class='ocr_par' dir='ltr' id='par_1_8' title="bbox 491 779 2145 856">
     <span class='ocr_line' id='line_1_8' title="bbox 491 779 2145 856; baseline -0.004 -17"><span class='ocrx_word' id='word_1_43' title='bbox 491 801 603 856; x_wconf 87' lang='lat' dir='ltr'><strong>pus</strong></span> <span class='ocrx_word' id='word_1_44' title='bbox 629 784 859 839; x_wconf 86' lang='lat' dir='ltr'><strong>locutus</strong></span> <span class='ocrx_word' id='word_1_45' title='bbox 889 787 979 838; x_wconf 85' lang='lat' dir='ltr'><strong>est</strong></span> <span class='ocrx_word' id='word_1_46' title='bbox 1010 782 1201 836; x_wconf 84' lang='lat' dir='ltr'><strong>verbis</strong></span> <span class='ocrx_word' id='word_1_47' title='bbox 1242 799 1255 836; x_wconf 90' lang='lat'><strong>:</strong></span> <span class='ocrx_word' id='word_1_48' title='bbox 1294 783 1376 836; x_wconf 86' lang='lat' dir='ltr'><strong>Ab</strong></span> <span class='ocrx_word' id='word_1_49' title='bbox 1416 783 1671 848; x_wconf 82' lang='lat' dir='ltr'><strong>Arianis,</strong></span> <span class='ocrx_word' id='word_1_50' title='bbox 1706 781 1921 853; x_wconf 87' lang='lat' dir='ltr'><strong>inquit,</strong></span> <span class='ocrx_word' id='word_1_51' title='bbox 1965 779 2145 851; x_wconf 90' lang='lat' dir='ltr'><strong>pluri-</strong></span> 
     </span>
    </p>
   </div>
   <div class='ocr_carea' id='block_1_9' title="bbox 494 869 2143 943">
    <p class='ocr_par' dir='ltr' id='par_1_9' title="bbox 494 869 2143 943">
     <span class='ocr_line' id='line_1_9' title="bbox 494 869 2143 943; baseline -0.004 -15"><span class='ocrx_word' id='word_1_52' title='bbox 494 890 656 928; x_wconf 90' lang='lat' dir='ltr'><strong>mum</strong></span> <span class='ocrx_word' id='word_1_53' title='bbox 690 888 940 943; x_wconf 73' lang='lat' dir='ltr'><strong>quaeror,</strong></span> <span class='ocrx_word' id='word_1_54' title='bbox 966 875 1022 925; x_wconf 89' lang='lat' dir='ltr'><strong>et</strong></span> <span class='ocrx_word' id='word_1_55' title='bbox 1060 869 1446 927; x_wconf 84' lang='lat' dir='ltr'><strong>calumniosis</strong></span> <span class='ocrx_word' id='word_1_56' title='bbox 1478 870 1831 925; x_wconf 85' lang='lat' dir='ltr'><strong>criminibus</strong></span> <span class='ocrx_word' id='word_1_57' title='bbox 1872 870 2143 934; x_wconf 90' lang='lat' dir='ltr'><strong>incusor;</strong></span> 
     </span>
    </p>
   </div>
   <div class='ocr_carea' id='block_1_10' title="bbox 496 958 2147 1033">
    <p class='ocr_par' dir='ltr' id='par_1_10' title="bbox 496 958 2147 1033">
     <span class='ocr_line' id='line_1_10' title="bbox 496 958 2147 1033; baseline -0.004 -16"><span class='ocrx_word' id='word_1_58' title='bbox 496 979 569 1018; x_wconf 89' lang='lat' dir='ltr'><strong>ne</strong></span> <span class='ocrx_word' id='word_1_59' title='bbox 591 962 771 1033; x_wconf 85' lang='lat' dir='ltr'><strong>igitur</strong></span> <span class='ocrx_word' id='word_1_60' title='bbox 791 965 848 1016; x_wconf 88' lang='lat' dir='ltr'><strong>et</strong></span> <span class='ocrx_word' id='word_1_61' title='bbox 870 976 974 1031; x_wconf 87' lang='lat' dir='ltr'><strong>ego</strong></span> <span class='ocrx_word' id='word_1_62' title='bbox 999 958 1388 1014; x_wconf 88' lang='lat' dir='ltr'><strong>irrationabili</strong></span> <span class='ocrx_word' id='word_1_63' title='bbox 1411 965 1549 1014; x_wconf 90' lang='lat' dir='ltr'><strong>nota</strong></span> <span class='ocrx_word' id='word_1_64' title='bbox 1570 960 1879 1025; x_wconf 82' lang='lat' dir='ltr'><strong>deformer,</strong></span> <span class='ocrx_word' id='word_1_65' title='bbox 1900 962 1956 1013; x_wconf 90' lang='lat' dir='ltr'><strong>et</strong></span> <span class='ocrx_word' id='word_1_66' title='bbox 1977 973 2147 1028; x_wconf 89' lang='lat' dir='ltr'><strong>prop-</strong></span> 
     </span>
    </p>
   </div>
   <div class='ocr_carea' id='block_1_11' title="bbox 496 1046 2145 1121">
    <p class='ocr_par' dir='ltr' id='par_1_11' title="bbox 496 1046 2145 1121">
     <span class='ocr_line' id='line_1_11' title="bbox 496 1046 2145 1121; baseline -0.005 -14"><span class='ocrx_word' id='word_1_67' title='bbox 496 1057 585 1107; x_wconf 86' lang='lat' dir='ltr'><strong>ter</strong></span> <span class='ocrx_word' id='word_1_68' title='bbox 618 1066 710 1106; x_wconf 89' lang='lat' dir='ltr'><strong>me</strong></span> <span class='ocrx_word' id='word_1_69' title='bbox 739 1050 841 1121; x_wconf 88' lang='lat' dir='ltr'><strong>qui</strong></span> <span class='ocrx_word' id='word_1_70' title='bbox 872 1049 944 1104; x_wconf 91' lang='lat' dir='ltr'><strong>ad</strong></span> <span class='ocrx_word' id='word_1_71' title='bbox 975 1065 1164 1104; x_wconf 87' lang='lat' dir='ltr'><strong>meam</strong></span> <span class='ocrx_word' id='word_1_72' title='bbox 1198 1065 1429 1120; x_wconf 83' lang='lat' dir='ltr'><strong>pcenam</strong></span> <span class='ocrx_word' id='word_1_73' title='bbox 1463 1048 1661 1120; x_wconf 90' lang='lat' dir='ltr'><strong>inique</strong></span> <span class='ocrx_word' id='word_1_74' title='bbox 1692 1048 1880 1120; x_wconf 84' lang='lat' dir='ltr'><strong>parati</strong></span> <span class='ocrx_word' id='word_1_75' title='bbox 1915 1051 2054 1103; x_wconf 88' lang='lat' dir='ltr'><strong>sunt</strong></span> <span class='ocrx_word' id='word_1_76' title='bbox 2084 1046 2145 1100; x_wconf 90' lang='lat' dir='ltr'><strong>in</strong></span> 
     </span>
    </p>
   </div>
   <div class='ocr_carea' id='block_1_12' title="bbox 498 1137 2144 1212">
    <p class='ocr_par' dir='ltr' id='par_1_12' title="bbox 498 1137 2144 1212">
     <span class='ocr_line' id='line_1_12' title="bbox 498 1137 2144 1212; baseline -0.004 -15"><span class='ocrx_word' id='word_1_77' title='bbox 498 1144 803 1212; x_wconf 88' lang='lat' dir='ltr'><strong>peccatum</strong></span> <span class='ocrx_word' id='word_1_78' title='bbox 828 1142 1022 1204; x_wconf 87' lang='lat' dir='ltr'><strong>ruant,</strong></span> <span class='ocrx_word' id='word_1_79' title='bbox 1048 1138 1394 1209; x_wconf 82' lang='lat' dir='ltr'><strong>fugiendum</strong></span> <span class='ocrx_word' id='word_1_80' title='bbox 1412 1138 1598 1209; x_wconf 78' lang='lat' dir='ltr'><strong>magis</strong></span> <span class='ocrx_word' id='word_1_81' title='bbox 1613 1137 1855 1193; x_wconf 84' lang='lat' dir='ltr'><strong>credidi.</strong></span> <span class='ocrx_word' id='word_1_82' title='bbox 1873 1143 2026 1192; x_wconf 89' lang='lat' dir='ltr'><strong>Deus</strong></span> <span class='ocrx_word' id='word_1_83' title='bbox 2041 1153 2144 1191; x_wconf 92' lang='lat' dir='ltr'><strong>au-</strong></span> 
     </span>
    </p>
   </div>
   <div class='ocr_carea' id='block_1_13' title="bbox 497 1226 2140 1299">
    <p class='ocr_par' dir='ltr' id='par_1_13' title="bbox 497 1226 2140 1299">
     <span class='ocr_line' id='line_1_13' title="bbox 497 1226 2140 1299; baseline -0.003 -13"><span class='ocrx_word' id='word_1_84' title='bbox 497 1237 616 1286; x_wconf 87' lang='lat' dir='ltr'><strong>tem</strong></span> <span class='ocrx_word' id='word_1_85' title='bbox 653 1228 796 1283; x_wconf 88' lang='lat' dir='ltr'><strong>mihi</strong></span> <span class='ocrx_word' id='word_1_86' title='bbox 829 1226 936 1282; x_wconf 88' lang='lat' dir='ltr'><strong>hac</strong></span> <span class='ocrx_word' id='word_1_87' title='bbox 966 1232 1137 1282; x_wconf 89' lang='lat' dir='ltr'><strong>nocte</strong></span> <span class='ocrx_word' id='word_1_88' title='bbox 1168 1226 1423 1283; x_wconf 85' lang='lat' dir='ltr'><strong>revelare</strong></span> <span class='ocrx_word' id='word_1_89' title='bbox 1454 1228 1730 1299; x_wconf 86' lang='lat' dir='ltr'><strong>dignatus</strong></span> <span class='ocrx_word' id='word_1_90' title='bbox 1761 1231 1869 1293; x_wconf 90' lang='lat' dir='ltr'><strong>est,</strong></span> <span class='ocrx_word' id='word_1_91' title='bbox 1902 1227 2140 1281; x_wconf 89' lang='lat' dir='ltr'><strong>dicens:</strong></span> 
     </span>
    </p>
   </div>
   <div class='ocr_carea' id='block_1_14' title="bbox 488 1316 2142 1392">
    <p class='ocr_par' dir='ltr' id='par_1_14' title="bbox 488 1316 2142 1392">
     <span class='ocr_line' id='line_1_14' title="bbox 488 1316 2142 1392; baseline -0.002 -17"><span class='ocrx_word' id='word_1_92' title='bbox 488 1320 656 1392; x_wconf 85' lang='lat' dir='ltr'><strong>Apud</strong></span> <span class='ocrx_word' id='word_1_93' title='bbox 690 1316 920 1372; x_wconf 90' lang='lat' dir='ltr'><strong>nullum</strong></span> <span class='ocrx_word' id='word_1_94' title='bbox 953 1317 1035 1372; x_wconf 91' lang='lat' dir='ltr'><strong>ita</strong></span> <span class='ocrx_word' id='word_1_95' title='bbox 1067 1322 1130 1371; x_wconf 89' lang='lat' dir='ltr'><strong>ut</strong></span> <span class='ocrx_word' id='word_1_96' title='bbox 1160 1317 1314 1388; x_wconf 91' lang='lat' dir='ltr'><strong>apud</strong></span> <span class='ocrx_word' id='word_1_97' title='bbox 1346 1316 1507 1372; x_wconf 89' lang='lat' dir='ltr'><strong>illam</strong></span> <span class='ocrx_word' id='word_1_98' title='bbox 1540 1317 1694 1373; x_wconf 89' lang='lat' dir='ltr'><strong>scias</strong></span> <span class='ocrx_word' id='word_1_99' title='bbox 1724 1320 1782 1372; x_wconf 89' lang='lat' dir='ltr'><strong>te</strong></span> <span class='ocrx_word' id='word_1_100' title='bbox 1814 1332 1985 1387; x_wconf 87' lang='lat' dir='ltr'><strong>posse</strong></span> <span class='ocrx_word' id='word_1_101' title='bbox 2022 1316 2142 1371; x_wconf 89' lang='lat' dir='ltr'><strong>sal-</strong></span> 
     </span>
    </p>
   </div>
   <div class='ocr_carea' id='block_1_15' title="bbox 486 1404 2139 1479">
    <p class='ocr_par' dir='ltr' id='par_1_15' title="bbox 486 1404 2139 1479">
     <span class='ocr_line' id='line_1_15' title="bbox 486 1404 2139 1479; baseline -0.002 -16"><span class='ocrx_word' id='word_1_102' title='bbox 486 1408 634 1464; x_wconf 86' lang='lat' dir='ltr'><strong>vari.</strong></span> <span class='ocrx_word' id='word_1_103' title='bbox 663 1410 737 1461; x_wconf 83' lang='lat' dir='ltr'><strong>At</strong></span> <span class='ocrx_word' id='word_1_104' title='bbox 768 1405 869 1461; x_wconf 89' lang='lat' dir='ltr'><strong>illa</strong></span> <span class='ocrx_word' id='word_1_105' title='bbox 898 1422 1032 1461; x_wconf 89' lang='lat' dir='ltr'><strong>cum</strong></span> <span class='ocrx_word' id='word_1_106' title='bbox 1072 1406 1286 1479; x_wconf 92' lang='lat' dir='ltr'><strong>gaudio</strong></span> <span class='ocrx_word' id='word_1_107' title='bbox 1319 1405 1527 1461; x_wconf 68' lang='lat' dir='ltr'><strong>lzetitiaa</strong></span> <span class='ocrx_word' id='word_1_108' title='bbox 1561 1404 1886 1477; x_wconf 88' lang='lat' dir='ltr'><strong>spiritualis</strong></span> <span class='ocrx_word' id='word_1_109' title='bbox 1928 1409 2139 1475; x_wconf 89' lang='lat' dir='ltr'><strong>erecta,</strong></span> 
     </span>
    </p>
   </div>
   <div class='ocr_carea' id='block_1_16' title="bbox 490 1496 2141 1571">
    <p class='ocr_par' dir='ltr' id='par_1_16' title="bbox 490 1496 2141 1571">
     <span class='ocr_line' id='line_1_16' title="bbox 490 1496 2141 1571; baseline -0.001 -18"><span class='ocrx_word' id='word_1_110' title='bbox 490 1498 890 1571; x_wconf 87' lang='lat' dir='ltr'><strong>projectisque</strong></span> <span class='ocrx_word' id='word_1_111' title='bbox 931 1496 1389 1569; x_wconf 89' lang='lat' dir='ltr'><strong>cogitationibus</strong></span> <span class='ocrx_word' id='word_1_112' title='bbox 1421 1498 1609 1568; x_wconf 90' lang='lat' dir='ltr'><strong>vanis,</strong></span> <span class='ocrx_word' id='word_1_113' title='bbox 1644 1499 1817 1569; x_wconf 79' lang='lat' dir='ltr'><strong>coepit</strong></span> <span class='ocrx_word' id='word_1_114' title='bbox 1845 1498 1983 1552; x_wconf 90' lang='lat' dir='ltr'><strong>totis</strong></span> <span class='ocrx_word' id='word_1_115' title='bbox 2014 1514 2141 1552; x_wconf 91' lang='lat' dir='ltr'><strong>sen-</strong></span> 
     </span>
    </p>
   </div>
   <div class='ocr_carea' id='block_1_17' title="bbox 478 1585 2141 1658">
    <p class='ocr_par' dir='ltr' id='par_1_17' title="bbox 478 1585 2141 1658">
     <span class='ocr_line' id='line_1_17' title="bbox 478 1585 2141 1658; baseline -0.001 -15"><span class='ocrx_word' id='word_1_116' title='bbox 478 1589 645 1643; x_wconf 89' lang='lat' dir='ltr'><strong>sibus</strong></span> <span class='ocrx_word' id='word_1_117' title='bbox 674 1603 805 1643; x_wconf 89' lang='lat' dir='ltr'><strong>esse</strong></span> <span class='ocrx_word' id='word_1_118' title='bbox 837 1602 971 1641; x_wconf 91' lang='lat' dir='ltr'><strong>cum</strong></span> <span class='ocrx_word' id='word_1_119' title='bbox 1005 1586 1150 1657; x_wconf 88' lang='lat' dir='ltr'><strong>Deo,</strong></span> <span class='ocrx_word' id='word_1_120' title='bbox 1186 1594 1577 1658; x_wconf 88' lang='lat' dir='ltr'><strong>sanctumque</strong></span> <span class='ocrx_word' id='word_1_121' title='bbox 1607 1585 1776 1643; x_wconf 88' lang='lat' dir='ltr'><strong>illum</strong></span> <span class='ocrx_word' id='word_1_122' title='bbox 1805 1586 1997 1641; x_wconf 90' lang='lat' dir='ltr'><strong>virum</strong></span> <span class='ocrx_word' id='word_1_123' title='bbox 2038 1603 2141 1657; x_wconf 91' lang='lat' dir='ltr'><strong>per</strong></span> 
     </span>
    </p>
   </div>
   <div class='ocr_carea' id='block_1_18' title="bbox 477 1674 2137 1746">
    <p class='ocr_par' dir='ltr' id='par_1_18' title="bbox 477 1674 2137 1746">
     <span class='ocr_line' id='line_1_18' title="bbox 477 1674 2137 1746; baseline -0.003 -12"><span class='ocrx_word' id='word_1_124' title='bbox 477 1694 579 1734; x_wconf 85' lang='lat' dir='ltr'><strong>sex</strong></span> <span class='ocrx_word' id='word_1_125' title='bbox 626 1692 813 1733; x_wconf 90' lang='lat' dir='ltr'><strong>annos</strong></span> <span class='ocrx_word' id='word_1_126' title='bbox 846 1676 1001 1731; x_wconf 90' lang='lat' dir='ltr'><strong>intra</strong></span> <span class='ocrx_word' id='word_1_127' title='bbox 1034 1674 1193 1730; x_wconf 76' lang='lat' dir='ltr'><strong>cellae</strong></span> <span class='ocrx_word' id='word_1_128' title='bbox 1248 1692 1370 1730; x_wconf 68' lang='lat' dir='ltr'><strong>suae</strong></span> <span class='ocrx_word' id='word_1_129' title='bbox 1407 1681 1630 1731; x_wconf 87' lang='lat' dir='ltr'><strong>secreta</strong></span> <span class='ocrx_word' id='word_1_130' title='bbox 1673 1675 1899 1744; x_wconf 86' lang='lat' dir='ltr'><strong>celavit,</strong></span> <span class='ocrx_word' id='word_1_131' title='bbox 1947 1675 2137 1746; x_wconf 81' lang='lat' dir='ltr'><strong>quoad</strong></span> 
     </span>
    </p>
   </div>
   <div class='ocr_carea' id='block_1_19' title="bbox 2261 508 3846 595">
    <p class='ocr_par' dir='ltr' id='par_1_19' title="bbox 2261 508 3846 595">
     <span class='ocr_line' id='line_1_19' title="bbox 2261 508 3846 595; baseline 0.011 -31"><span class='ocrx_word' id='word_1_132' title='bbox 2261 508 2512 565; x_wconf 87' lang='lat' dir='ltr'><strong>habebat</strong></span> <span class='ocrx_word' id='word_1_133' title='bbox 2542 513 2600 565; x_wconf 89' lang='lat' dir='ltr'><strong>in</strong></span> <span class='ocrx_word' id='word_1_134' title='bbox 2633 510 2823 578; x_wconf 89' lang='lat' dir='ltr'><strong>titulo,</strong></span> <span class='ocrx_word' id='word_1_135' title='bbox 2859 511 3201 569; x_wconf 88' lang='lat' dir='ltr'><strong>relationem</strong></span> <span class='ocrx_word' id='word_1_136' title='bbox 3235 514 3491 572; x_wconf 65' lang='lat' dir='ltr'><strong>historiae</strong></span> <span class='ocrx_word' id='word_1_137' title='bbox 3513 518 3682 576; x_wconf 87' lang='lat' dir='ltr'><strong>inveni</strong></span> <span class='ocrx_word' id='word_1_138' title='bbox 3702 508 3846 595; x_wconf 84' lang='lat' dir='ltr'><strong>hujus</strong></span> 
     </span>
    </p>
   </div>
   <div class='ocr_carea' id='block_1_20' title="bbox 2259 599 2979 669">
    <p class='ocr_par' dir='ltr' id='par_1_20' title="bbox 2259 599 2979 669">
     <span class='ocr_line' id='line_1_20' title="bbox 2259 599 2979 669; baseline 0.007 -17"><span class='ocrx_word' id='word_1_139' title='bbox 2259 599 2416 653; x_wconf 91' lang='lat' dir='ltr'><strong>modi</strong></span> <span class='ocrx_word' id='word_1_140' title='bbox 2450 599 2720 668; x_wconf 82' lang='lat' dir='ltr'><strong>(Pallad.,</strong></span> <span class='ocrx_word' id='word_1_141' title='bbox 2751 617 2798 655; x_wconf 80' lang='grc' dir='ltr'><em>ε.</em></span> <span class='ocrx_word' id='word_1_142' title='bbox 2836 601 2979 669; x_wconf 79' lang='grc'>148).</span> 
     </span>
    </p>
   </div>
   <div class='ocr_carea' id='block_1_21' title="bbox 2328 687 3840 768">
    <p class='ocr_par' dir='ltr' id='par_1_21' title="bbox 2328 687 3840 768">
     <span class='ocr_line' id='line_1_21' title="bbox 2328 687 3840 768; baseline 0.014 -29"><span class='ocrx_word' id='word_1_143' title='bbox 2328 687 2985 760; x_wconf 70' lang='lat' dir='ltr'><strong>Nobilissimaqueedam</strong></span> <span class='ocrx_word' id='word_1_144' title='bbox 3002 695 3058 746; x_wconf 88' lang='lat' dir='ltr'><strong>et</strong></span> <span class='ocrx_word' id='word_1_145' title='bbox 3083 691 3840 768; x_wconf 80' lang='lat' dir='ltr'><strong>pulcherrima,inquit,98|</strong></span> 
     </span>
    </p>
   </div>
   <div class='ocr_carea' id='block_1_22' title="bbox 2256 774 3846 851">
    <p class='ocr_par' dir='ltr' id='par_1_22' title="bbox 2256 774 3846 851">
     <span class='ocr_line' id='line_1_22' title="bbox 2256 774 3846 851; baseline 0.01 -20"><span class='ocrx_word' id='word_1_146' title='bbox 2256 774 2470 846; x_wconf 87' lang='lat' dir='ltr'><strong>puella,</strong></span> <span class='ocrx_word' id='word_1_147' title='bbox 2505 778 2807 849; x_wconf 89' lang='lat' dir='ltr'><strong>proposito</strong></span> <span class='ocrx_word' id='word_1_148' title='bbox 2838 777 3194 851; x_wconf 86' lang='lat' dir='ltr'><strong>virginitatis</strong></span> <span class='ocrx_word' id='word_1_149' title='bbox 3226 798 3291 837; x_wconf 87' lang='lat' dir='ltr'><strong>ac</strong></span> <span class='ocrx_word' id='word_1_150' title='bbox 3323 784 3462 851; x_wconf 89' lang='lat' dir='ltr'><strong>vita,</strong></span> <span class='ocrx_word' id='word_1_151' title='bbox 3496 782 3551 838; x_wconf 92' lang='lat' dir='ltr'><strong>in</strong></span> <span class='ocrx_word' id='word_1_152' title='bbox 3572 786 3846 848; x_wconf 88' lang='lat' dir='ltr'><strong>Corinthio-</strong></span> 
     </span>
    </p>
   </div>
   <div class='ocr_carea' id='block_1_23' title="bbox 2256 865 3850 951">
    <p class='ocr_par' dir='ltr' id='par_1_23' title="bbox 2256 865 3850 951">
     <span class='ocr_line' id='line_1_23' title="bbox 2256 865 3850 951; baseline 0.011 -33"><span class='ocrx_word' id='word_1_153' title='bbox 2256 881 2387 919; x_wconf 87' lang='lat' dir='ltr'><strong>rum</strong></span> <span class='ocrx_word' id='word_1_154' title='bbox 2422 865 2650 920; x_wconf 87' lang='lat' dir='ltr'><strong>civitate</strong></span> <span class='ocrx_word' id='word_1_155' title='bbox 2673 866 2944 937; x_wconf 87' lang='lat' dir='ltr'><strong>degebat.</strong></span> <span class='ocrx_word' id='word_1_156' title='bbox 2970 869 3157 933; x_wconf 87' lang='lat' dir='ltr'><strong>Quam</strong></span> <span class='ocrx_word' id='word_1_157' title='bbox 3188 885 3253 925; x_wconf 91' lang='lat' dir='ltr'><strong>eo</strong></span> <span class='ocrx_word' id='word_1_158' title='bbox 3284 875 3564 944; x_wconf 88' lang='lat' dir='ltr'><strong>tempore,</strong></span> <span class='ocrx_word' id='word_1_159' title='bbox 3589 890 3706 932; x_wconf 88' lang='lat' dir='ltr'><strong>cum</strong></span> <span class='ocrx_word' id='word_1_160' title='bbox 3725 882 3850 951; x_wconf 90' lang='lat' dir='ltr'><strong>apud</strong></span> 
     </span>
    </p>
   </div>
   <div class='ocr_carea' id='block_1_24' title="bbox 2246 955 3850 1033">
    <p class='ocr_par' dir='ltr' id='par_1_24' title="bbox 2246 955 3850 1033">
     <span class='ocr_line' id='line_1_24' title="bbox 2246 955 3850 1033; baseline 0.011 -25"><span class='ocrx_word' id='word_1_161' title='bbox 2246 955 2506 1025; x_wconf 83' lang='lat' dir='ltr'><strong>judicem</strong></span> <span class='ocrx_word' id='word_1_162' title='bbox 2534 972 2826 1027; x_wconf 84' lang='lat' dir='ltr'><strong>paganum</strong></span> <span class='ocrx_word' id='word_1_163' title='bbox 2851 959 3164 1027; x_wconf 86' lang='lat' dir='ltr'><strong>quemdam</strong></span> <span class='ocrx_word' id='word_1_164' title='bbox 3189 963 3329 1016; x_wconf 87' lang='lat' dir='ltr'><strong>tunc</strong></span> <span class='ocrx_word' id='word_1_165' title='bbox 3353 964 3850 1033; x_wconf 81' lang='lat' dir='ltr'><strong>persecutiovesana</strong></span> 
     </span>
    </p>
   </div>
   <div class='ocr_carea' id='block_1_25' title="bbox 2254 1044 3851 1128">
    <p class='ocr_par' dir='ltr' id='par_1_25' title="bbox 2254 1044 3851 1128">
     <span class='ocr_line' id='line_1_25' title="bbox 2254 1044 3851 1128; baseline 0.01 -31"><span class='ocrx_word' id='word_1_166' title='bbox 2254 1044 2546 1116; x_wconf 84' lang='lat' dir='ltr'><strong>flagraret,</strong></span> <span class='ocrx_word' id='word_1_167' title='bbox 2580 1045 2756 1101; x_wconf 90' lang='lat' dir='ltr'><strong>veluti</strong></span> <span class='ocrx_word' id='word_1_168' title='bbox 2790 1046 2915 1101; x_wconf 90' lang='lat' dir='ltr'><strong>dies</strong></span> <span class='ocrx_word' id='word_1_169' title='bbox 2947 1046 3238 1118; x_wconf 89' lang='lat' dir='ltr'><strong>ipsorum,</strong></span> <span class='ocrx_word' id='word_1_170' title='bbox 3271 1051 3681 1125; x_wconf 86' lang='lat' dir='ltr'><strong>sacrilegisque</strong></span> <span class='ocrx_word' id='word_1_171' title='bbox 3704 1057 3851 1128; x_wconf 87' lang='lat' dir='ltr'><strong>impe-</strong></span> 
     </span>
    </p>
   </div>
   <div class='ocr_carea' id='block_1_26' title="bbox 2256 1132 3846 1218">
    <p class='ocr_par' dir='ltr' id='par_1_26' title="bbox 2256 1132 3846 1218">
     <span class='ocr_line' id='line_1_26' title="bbox 2256 1132 3846 1218; baseline 0.011 -32"><span class='ocrx_word' id='word_1_172' title='bbox 2256 1132 2552 1189; x_wconf 90' lang='lat' dir='ltr'><strong>ratoribus</strong></span> <span class='ocrx_word' id='word_1_173' title='bbox 2570 1134 3019 1206; x_wconf 90' lang='lat' dir='ltr'><strong>conviciantem,</strong></span> <span class='ocrx_word' id='word_1_174' title='bbox 3046 1137 3315 1193; x_wconf 90' lang='lat' dir='ltr'><strong>nonnulli</strong></span> <span class='ocrx_word' id='word_1_175' title='bbox 3340 1140 3675 1200; x_wconf 86' lang='lat' dir='ltr'><strong>criminibus</strong></span> <span class='ocrx_word' id='word_1_176' title='bbox 3698 1146 3846 1218; x_wconf 74' lang='lat' dir='ltr'><strong>impe~</strong></span> 
     </span>
    </p>
   </div>
   <div class='ocr_carea' id='block_1_27' title="bbox 2253 1221 3847 1306">
    <p class='ocr_par' dir='ltr' id='par_1_27' title="bbox 2253 1221 3847 1306">
     <span class='ocr_line' id='line_1_27' title="bbox 2253 1221 3847 1306; baseline 0.009 -30"><span class='ocrx_word' id='word_1_177' title='bbox 2253 1221 2474 1277; x_wconf 87' lang='lat' dir='ltr'><strong>tebant.</strong></span> <span class='ocrx_word' id='word_1_178' title='bbox 2530 1223 2969 1280; x_wconf 86' lang='lat' dir='ltr'><strong>Insidiabantur</strong></span> <span class='ocrx_word' id='word_1_179' title='bbox 3009 1230 3203 1282; x_wconf 89' lang='lat' dir='ltr'><strong>autem</strong></span> <span class='ocrx_word' id='word_1_180' title='bbox 3253 1228 3668 1300; x_wconf 86' lang='lat' dir='ltr'><strong>pulchritudini</strong></span> <span class='ocrx_word' id='word_1_181' title='bbox 3713 1236 3847 1306; x_wconf 84' lang='lat' dir='ltr'><strong>ejus;</strong></span> 
     </span>
    </p>
   </div>
   <div class='ocr_carea' id='block_1_28' title="bbox 2250 1311 3848 1391">
    <p class='ocr_par' dir='ltr' id='par_1_28' title="bbox 2250 1311 3848 1391">
     <span class='ocr_line' id='line_1_28' title="bbox 2250 1311 3848 1391; baseline 0.009 -25"><span class='ocrx_word' id='word_1_182' title='bbox 2250 1311 2639 1384; x_wconf 83' lang='lat' dir='ltr'><strong>volebantque</strong></span> <span class='ocrx_word' id='word_1_183' title='bbox 2686 1330 2755 1369; x_wconf 91' lang='lat' dir='ltr'><strong>ex</strong></span> <span class='ocrx_word' id='word_1_184' title='bbox 2785 1330 2852 1369; x_wconf 89' lang='lat' dir='ltr'><strong>ea</strong></span> <span class='ocrx_word' id='word_1_185' title='bbox 2880 1313 3110 1370; x_wconf 89' lang='lat' dir='ltr'><strong>lucrum</strong></span> <span class='ocrx_word' id='word_1_186' title='bbox 3143 1315 3182 1371; x_wconf 89' lang='lat' dir='ltr'><strong>ii</strong></span> <span class='ocrx_word' id='word_1_187' title='bbox 3231 1318 3332 1388; x_wconf 91' lang='lat' dir='ltr'><strong>qui</strong></span> <span class='ocrx_word' id='word_1_188' title='bbox 3364 1318 3692 1391; x_wconf 87' lang='lat' dir='ltr'><strong>hujusmodi</strong></span> <span class='ocrx_word' id='word_1_189' title='bbox 3729 1341 3848 1382; x_wconf 85' lang='lat' dir='ltr'><strong>mer-</strong></span> 
     </span>
    </p>
   </div>
   <div class='ocr_carea' id='block_1_29' title="bbox 2252 1400 3467 1473">
    <p class='ocr_par' dir='ltr' id='par_1_29' title="bbox 2252 1400 3467 1473">
     <span class='ocr_line' id='line_1_29' title="bbox 2252 1400 3467 1473; baseline 0.008 -19"><span class='ocrx_word' id='word_1_190' title='bbox 2252 1400 2409 1456; x_wconf 90' lang='lat' dir='ltr'><strong>cium</strong></span> <span class='ocrx_word' id='word_1_191' title='bbox 2441 1404 2830 1473; x_wconf 89' lang='lat' dir='ltr'><strong>negotiatores</strong></span> <span class='ocrx_word' id='word_1_192' title='bbox 2862 1420 2989 1460; x_wconf 87' lang='lat' dir='ltr'><strong>esse</strong></span> <span class='ocrx_word' id='word_1_193' title='bbox 3021 1412 3467 1465; x_wconf 84' lang='lat' dir='ltr'><strong>consueverant.</strong></span> 
     </span>
    </p>
   </div>
   <div class='ocr_carea' id='block_1_30' title="bbox 2319 1490 3852 1566">
    <p class='ocr_par' dir='ltr' id='par_1_30' title="bbox 2319 1490 3852 1566">
     <span class='ocr_line' id='line_1_30' title="bbox 2319 1490 3852 1566; baseline 0.01 -21"><span class='ocrx_word' id='word_1_194' title='bbox 2319 1490 2508 1545; x_wconf 84' lang='lat' dir='ltr'><strong>Judex</strong></span> <span class='ocrx_word' id='word_1_195' title='bbox 2537 1508 2669 1548; x_wconf 90' lang='lat' dir='ltr'><strong>vero</strong></span> <span class='ocrx_word' id='word_1_196' title='bbox 2694 1491 2939 1550; x_wconf 89' lang='lat' dir='ltr'><strong>insanus</strong></span> <span class='ocrx_word' id='word_1_197' title='bbox 2964 1511 3162 1550; x_wconf 87' lang='lat' dir='ltr'><strong>amore</strong></span> <span class='ocrx_word' id='word_1_198' title='bbox 3191 1496 3759 1566; x_wconf 87' lang='lat' dir='ltr'><strong>femineo,votivama</strong></span> <span class='ocrx_word' id='word_1_199' title='bbox 3780 1521 3852 1559; x_wconf 89' lang='lat' dir='ltr'><strong>ca-</strong></span> 
     </span>
    </p>
   </div>
   <div class='ocr_carea' id='block_1_31' title="bbox 2247 1578 3853 1665">
    <p class='ocr_par' dir='ltr' id='par_1_31' title="bbox 2247 1578 3853 1665">
     <span class='ocr_line' id='line_1_31' title="bbox 2247 1578 3853 1665; baseline 0.011 -32"><span class='ocrx_word' id='word_1_200' title='bbox 2247 1578 2708 1637; x_wconf 89' lang='lat' dir='ltr'><strong>lumniatoribus</strong></span> <span class='ocrx_word' id='word_1_201' title='bbox 2740 1584 3129 1652; x_wconf 81' lang='lat' dir='ltr'><strong>occasionem,</strong></span> <span class='ocrx_word' id='word_1_202' title='bbox 3152 1585 3336 1641; x_wconf 91' lang='lat' dir='ltr'><strong>veluti</strong></span> <span class='ocrx_word' id='word_1_203' title='bbox 3365 1589 3618 1659; x_wconf 88' lang='lat' dir='ltr'><strong>quadam</strong></span> <span class='ocrx_word' id='word_1_204' title='bbox 3639 1590 3853 1665; x_wconf 85' lang='lat' dir='ltr'><strong>alicujus</strong></span> 
     </span>
    </p>
   </div>
   <div class='ocr_carea' id='block_1_32' title="bbox 2248 1671 3849 1753">
    <p class='ocr_par' dir='ltr' id='par_1_32' title="bbox 2248 1671 3849 1753">
     <span class='ocr_line' id='line_1_32' title="bbox 2248 1671 3849 1753; baseline 0.009 -29"><span class='ocrx_word' id='word_1_205' title='bbox 2248 1685 2388 1724; x_wconf 90' lang='lat' dir='ltr'><strong>aure</strong></span> <span class='ocrx_word' id='word_1_206' title='bbox 2428 1671 2829 1742; x_wconf 89' lang='lat' dir='ltr'><strong>quadrupedis</strong></span> <span class='ocrx_word' id='word_1_207' title='bbox 2864 1714 2878 1740; x_wconf 93' lang='lat'><strong>,</strong></span> <span class='ocrx_word' id='word_1_208' title='bbox 2913 1689 3048 1728; x_wconf 87' lang='lat' dir='ltr'><strong>mox</strong></span> <span class='ocrx_word' id='word_1_209' title='bbox 3079 1676 3319 1746; x_wconf 86' lang='lat' dir='ltr'><strong>accepit.</strong></span> <span class='ocrx_word' id='word_1_210' title='bbox 3356 1678 3463 1733; x_wconf 89' lang='lat' dir='ltr'><strong>Sed</strong></span> <span class='ocrx_word' id='word_1_211' title='bbox 3509 1684 3849 1753; x_wconf 87' lang='lat' dir='ltr'><strong>posteaquam</strong></span> 
     </span>
    </p>
   </div>
   <div class='ocr_carea' id='block_1_33' title="bbox 479 1757 3852 1872">
    <p class='ocr_par' dir='ltr' id='par_1_33' title="bbox 479 1757 3852 1872">
     <span class='ocr_line' id='line_1_33' title="bbox 479 1757 3852 1872; baseline -0 -51"><span class='ocrx_word' id='word_1_212' title='bbox 479 1770 843 1823; x_wconf 89' lang='lat' dir='ltr'><strong>memoratus</strong></span> <span class='ocrx_word' id='word_1_213' title='bbox 873 1764 1259 1820; x_wconf 89' lang='lat' dir='ltr'><strong>Constantius</strong></span> <span class='ocrx_word' id='word_1_214' title='bbox 1293 1764 1454 1820; x_wconf 84' lang='lat' dir='ltr'><strong>vixit.</strong></span> <span class='ocrx_word' id='word_1_215' title='bbox 1489 1767 1620 1836; x_wconf 86' lang='lat' dir='ltr'><strong>Ipsa</strong></span> <span class='ocrx_word' id='word_1_216' title='bbox 1653 1763 1736 1818; x_wconf 90' lang='lat' dir='ltr'><strong>illi</strong></span> <span class='ocrx_word' id='word_1_217' title='bbox 1760 1764 2008 1819; x_wconf 90' lang='lat' dir='ltr'><strong>abluens</strong></span> <span class='ocrx_word' id='word_1_218' title='bbox 2040 1778 2137 1833; x_wconf 88' lang='lat' dir='ltr'><strong>pe-</strong></span> <span class='ocrx_word' id='word_1_219' title='bbox 2167 1807 2215 1872; x_wconf 85' lang='lat' dir='ltr'><strong>B</strong></span> <span class='ocrx_word' id='word_1_220' title='bbox 2248 1757 2741 1814; x_wconf 78' lang='lat' dir='ltr'><strong>machinamentis</strong></span> <span class='ocrx_word' id='word_1_221' title='bbox 2774 1764 2952 1833; x_wconf 82' lang='lat' dir='ltr'><strong>atque</strong></span> <span class='ocrx_word' id='word_1_222' title='bbox 2984 1762 3209 1818; x_wconf 87' lang='lat' dir='ltr'><strong>artibus</strong></span> <span class='ocrx_word' id='word_1_223' title='bbox 3240 1764 3418 1821; x_wconf 89' lang='lat' dir='ltr'><strong>variis</strong></span> <span class='ocrx_word' id='word_1_224' title='bbox 3452 1784 3564 1823; x_wconf 90' lang='lat' dir='ltr'><strong>non</strong></span> <span class='ocrx_word' id='word_1_225' title='bbox 3597 1770 3768 1840; x_wconf 82' lang='lat' dir='ltr'><strong>potuit</strong></span> <span class='ocrx_word' id='word_1_226' title='bbox 3784 1772 3852 1826; x_wconf 78' lang='lat' dir='ltr'><strong>ei-</strong></span> 
     </span>
     <span class='ocr_line' id='line_1_34' title="bbox 495 1848 3743 1872; baseline 0 0"><span class='ocrx_word' id='word_1_227' title='bbox 495 1855 539 1872; x_wconf 63' lang='lat'><strong>1,</strong></span> <span class='ocrx_word' id='word_1_228' title='bbox 647 1854 658 1866; x_wconf 77' lang='grc' dir='ltr'><strong><em>ο</em></strong></span> <span class='ocrx_word' id='word_1_229' title='bbox 814 1870 910 1872; x_wconf 42' lang='grc' dir='ltr'><strong>ῌ-η</strong></span> <span class='ocrx_word' id='word_1_230' title='bbox 961 1869 1009 1872; x_wconf 46' lang='grc' dir='ltr'><strong>Α-</strong></span> <span class='ocrx_word' id='word_1_231' title='bbox 1075 1854 1253 1872; x_wconf 43' lang='grc' dir='ltr'><strong>-ᾉ--ε,</strong></span> <span class='ocrx_word' id='word_1_232' title='bbox 1311 1857 1354 1872; x_wconf 45' lang='grc' dir='ltr'><strong>λι</strong></span> <span class='ocrx_word' id='word_1_233' title='bbox 1408 1868 1757 1872; x_wconf 35' lang='lat' dir='ltr'><strong>_,,,A_,,,,n-,-</strong></span> <span class='ocrx_word' id='word_1_234' title='bbox 1808 1853 2127 1872; x_wconf 44' lang='lat' dir='ltr'><strong>,_--__A-_.:-</strong></span> <span class='ocrx_word' id='word_1_235' title='bbox 2250 1848 2372 1872; x_wconf 64' lang='grc' dir='ltr'><strong>Δ-..</strong></span> <span class='ocrx_word' id='word_1_236' title='bbox 2404 1849 2752 1872; x_wconf 51' lang='grc' dir='ltr'><strong>η---.--.1-..-</strong></span> <span class='ocrx_word' id='word_1_237' title='bbox 2792 1851 3139 1872; x_wconf 66' lang='lat' dir='ltr'><strong>_-_-_I-__1__21</strong></span> <span class='ocrx_word' id='word_1_238' title='bbox 3252 1871 3261 1872; x_wconf 32' lang='grc' dir='ltr'><em>κ</em></span> <span class='ocrx_word' id='word_1_239' title='bbox 3325 1871 3328 1872; x_wconf 67' lang='lat'>,</span> <span class='ocrx_word' id='word_1_240' title='bbox 3376 1871 3383 1872; x_wconf 60' lang='lat'><strong><em>,</em></strong></span> <span class='ocrx_word' id='word_1_241' title='bbox 3481 1861 3490 1872; x_wconf 79' lang='grc' dir='ltr'>ι</span> <span class='ocrx_word' id='word_1_242' title='bbox 3725 1859 3743 1872; x_wconf 65' lang='grc' dir='ltr'><em>ι</em></span> 
     </span>
    </p>
   </div>
   <div class='ocr_carea' id='block_1_34' title="bbox 479 1853 2138 1927">
    <p class='ocr_par' dir='ltr' id='par_1_34' title="bbox 479 1853 2138 1927">
     <span class='ocr_line' id='line_1_35' title="bbox 479 1853 2138 1927; baseline -0.001 -18"><span class='ocrx_word' id='word_1_243' title='bbox 479 1855 602 1921; x_wconf 88' lang='lat' dir='ltr'><strong>des,</strong></span> <span class='ocrx_word' id='word_1_244' title='bbox 645 1854 770 1927; x_wconf 66' lang='lat' dir='ltr'><strong>ipsa</strong></span> <span class='ocrx_word' id='word_1_245' title='bbox 812 1870 915 1925; x_wconf 91' lang='lat' dir='ltr'><strong>per</strong></span> <span class='ocrx_word' id='word_1_246' title='bbox 956 1869 1019 1908; x_wconf 89' lang='lat' dir='ltr'><strong>se</strong></span> <span class='ocrx_word' id='word_1_247' title='bbox 1067 1854 1264 1908; x_wconf 88' lang='lat' dir='ltr'><strong>omnia</strong></span> <span class='ocrx_word' id='word_1_248' title='bbox 1304 1857 1360 1908; x_wconf 91' lang='lat' dir='ltr'><strong>et</strong></span> <span class='ocrx_word' id='word_1_249' title='bbox 1400 1868 1765 1925; x_wconf 64' lang='lat' dir='ltr'><strong>quaecunque</strong></span> <span class='ocrx_word' id='word_1_250' title='bbox 1805 1853 2138 1908; x_wconf 90' lang='lat' dir='ltr'><strong>necessaria</strong></span> 
     </span>
    </p>
   </div>
   <div class='ocr_carea' id='block_1_35' title="bbox 477 1941 2135 2015">
    <p class='ocr_par' dir='ltr' id='par_1_35' title="bbox 477 1941 2135 2015">
     <span class='ocr_line' id='line_1_36' title="bbox 477 1941 2135 2015; baseline -0.002 -15"><span class='ocrx_word' id='word_1_251' title='bbox 477 1947 645 2000; x_wconf 87' lang='lat' dir='ltr'><strong>erant</strong></span> <span class='ocrx_word' id='word_1_252' title='bbox 668 1959 1004 2015; x_wconf 63' lang='lat' dir='ltr'><strong>praeparans</strong></span> <span class='ocrx_word' id='word_1_253' title='bbox 1043 1958 1108 1997; x_wconf 92' lang='lat' dir='ltr'><strong>ac</strong></span> <span class='ocrx_word' id='word_1_254' title='bbox 1135 1941 1501 2010; x_wconf 87' lang='lat' dir='ltr'><strong>ministrans,</strong></span> <span class='ocrx_word' id='word_1_255' title='bbox 1531 1942 1710 1997; x_wconf 91' lang='lat' dir='ltr'><strong>libros</strong></span> <span class='ocrx_word' id='word_1_256' title='bbox 1734 1958 1965 2013; x_wconf 89' lang='lat' dir='ltr'><strong>quoque</strong></span> <span class='ocrx_word' id='word_1_257' title='bbox 1989 1959 2135 2013; x_wconf 89' lang='lat' dir='ltr'><strong>quos</strong></span> 
     </span>
    </p>
   </div>
   <div class='ocr_carea' id='block_1_36' title="bbox 478 2031 2134 2103">
    <p class='ocr_par' dir='ltr' id='par_1_36' title="bbox 478 2031 2134 2103">
     <span class='ocr_line' id='line_1_37' title="bbox 478 2031 2134 2103; baseline -0.002 -14"><span class='ocrx_word' id='word_1_258' title='bbox 478 2033 576 2089; x_wconf 90' lang='lat' dir='ltr'><strong>ille</strong></span> <span class='ocrx_word' id='word_1_259' title='bbox 594 2032 912 2103; x_wconf 62' lang='lat' dir='ltr'><strong>quaerebat,</strong></span> <span class='ocrx_word' id='word_1_260' title='bbox 943 2036 1148 2087; x_wconf 89' lang='lat' dir='ltr'><strong>mutuo</strong></span> <span class='ocrx_word' id='word_1_261' title='bbox 1172 2047 1432 2098; x_wconf 89' lang='lat' dir='ltr'><strong>sumens,</strong></span> <span class='ocrx_word' id='word_1_262' title='bbox 1459 2036 1633 2102; x_wconf 89' lang='lat' dir='ltr'><strong>atque</strong></span> <span class='ocrx_word' id='word_1_263' title='bbox 1654 2031 1741 2085; x_wconf 90' lang='lat' dir='ltr'><strong>illi</strong></span> <span class='ocrx_word' id='word_1_264' title='bbox 1768 2032 2031 2102; x_wconf 71' lang='lat' dir='ltr'><strong>praebens</strong></span> <span class='ocrx_word' id='word_1_265' title='bbox 2054 2031 2134 2086; x_wconf 85' lang='lat' dir='ltr'><strong>le-</strong></span> 
     </span>
    </p>
   </div>
   <div class='ocr_carea' id='block_1_37' title="bbox 477 2119 2124 2194">
    <p class='ocr_par' dir='ltr' id='par_1_37' title="bbox 477 2119 2124 2194">
     <span class='ocr_line' id='line_1_38' title="bbox 477 2119 2124 2194; baseline -0.001 -17"><span class='ocrx_word' id='word_1_266' title='bbox 477 2122 719 2194; x_wconf 90' lang='lat' dir='ltr'><strong>gendos.</strong></span> <span class='ocrx_word' id='word_1_267' title='bbox 760 2120 971 2175; x_wconf 88' lang='lat' dir='ltr'><strong>Nullus</strong></span> <span class='ocrx_word' id='word_1_268' title='bbox 1012 2128 1207 2176; x_wconf 87' lang='lat' dir='ltr'><strong>tamen</strong></span> <span class='ocrx_word' id='word_1_269' title='bbox 1241 2121 1548 2176; x_wconf 88' lang='lat' dir='ltr'><strong>hominum</strong></span> <span class='ocrx_word' id='word_1_270' title='bbox 1580 2122 1639 2175; x_wconf 92' lang='lat' dir='ltr'><strong>in</strong></span> <span class='ocrx_word' id='word_1_271' title='bbox 1670 2119 2016 2176; x_wconf 85' lang='lat' dir='ltr'><strong>Alexandria</strong></span> <span class='ocrx_word' id='word_1_272' title='bbox 2047 2120 2124 2175; x_wconf 91' lang='lat' dir='ltr'><strong>ci-</strong></span> 
     </span>
    </p>
   </div>
   <div class='ocr_carea' id='block_1_38' title="bbox 473 2210 2132 2282">
    <p class='ocr_par' dir='ltr' id='par_1_38' title="bbox 473 2210 2132 2282">
     <span class='ocr_line' id='line_1_39' title="bbox 473 2210 2132 2282; baseline -0.002 -15"><span class='ocrx_word' id='word_1_273' title='bbox 473 2211 674 2277; x_wconf 89' lang='lat' dir='ltr'><strong>vitate,</strong></span> <span class='ocrx_word' id='word_1_274' title='bbox 700 2226 804 2282; x_wconf 91' lang='lat' dir='ltr'><strong>per</strong></span> <span class='ocrx_word' id='word_1_275' title='bbox 830 2211 1174 2265; x_wconf 87' lang='lat' dir='ltr'><strong>sexennium</strong></span> <span class='ocrx_word' id='word_1_276' title='bbox 1198 2214 1412 2277; x_wconf 82' lang='lat' dir='ltr'><strong>totum,</strong></span> <span class='ocrx_word' id='word_1_277' title='bbox 1429 2210 1669 2266; x_wconf 88' lang='lat' dir='ltr'><strong>ubinam</strong></span> <span class='ocrx_word' id='word_1_278' title='bbox 1691 2214 1931 2265; x_wconf 90' lang='lat' dir='ltr'><strong>sanctus</strong></span> <span class='ocrx_word' id='word_1_279' title='bbox 1956 2210 2132 2265; x_wconf 83' lang='lat' dir='ltr'><strong>Atha-</strong></span> 
     </span>
    </p>
   </div>
   <div class='ocr_carea' id='block_1_39' title="bbox 472 2298 1459 2371">
    <p class='ocr_par' dir='ltr' id='par_1_39' title="bbox 472 2298 1459 2371">
     <span class='ocr_line' id='line_1_40' title="bbox 472 2298 1459 2371; baseline -0.002 -16"><span class='ocrx_word' id='word_1_280' title='bbox 472 2298 676 2355; x_wconf 87' lang='lat' dir='ltr'><strong>nasius</strong></span> <span class='ocrx_word' id='word_1_281' title='bbox 716 2299 925 2371; x_wconf 86' lang='lat' dir='ltr'><strong>degere</strong></span> <span class='ocrx_word' id='word_1_282' title='bbox 957 2298 1147 2370; x_wconf 90' lang='lat' dir='ltr'><strong>potuit</strong></span> <span class='ocrx_word' id='word_1_283' title='bbox 1175 2298 1459 2355; x_wconf 87' lang='lat' dir='ltr'><strong>invenire.</strong></span> 
     </span>
    </p>
   </div>
   <div class='ocr_carea' id='block_1_40' title="bbox 540 2386 2129 2460">
    <p class='ocr_par' dir='ltr' id='par_1_40' title="bbox 540 2386 2129 2460">
     <span class='ocr_line' id='line_1_41' title="bbox 540 2386 2129 2460; baseline -0.002 -15"><span class='ocrx_word' id='word_1_284' title='bbox 540 2388 645 2445; x_wconf 86' lang='lat' dir='ltr'><strong>Ubi</strong></span> <span class='ocrx_word' id='word_1_285' title='bbox 687 2404 846 2444; x_wconf 89' lang='lat' dir='ltr'><strong>mors</strong></span> <span class='ocrx_word' id='word_1_286' title='bbox 868 2393 1065 2443; x_wconf 91' lang='lat' dir='ltr'><strong>autem</strong></span> <span class='ocrx_word' id='word_1_287' title='bbox 1096 2386 1353 2460; x_wconf 88' lang='lat' dir='ltr'><strong>primum</strong></span> <span class='ocrx_word' id='word_1_288' title='bbox 1374 2388 1699 2443; x_wconf 87' lang='lat' dir='ltr'><strong>Constantii</strong></span> <span class='ocrx_word' id='word_1_289' title='bbox 1729 2388 2001 2443; x_wconf 87' lang='lat' dir='ltr'><strong>nuntiata</strong></span> <span class='ocrx_word' id='word_1_290' title='bbox 2020 2392 2129 2453; x_wconf 85' lang='lat' dir='ltr'><strong>est,</strong></span> 
     </span>
    </p>
   </div>
   <div class='ocr_carea' id='block_1_41' title="bbox 468 2477 2128 2550">
    <p class='ocr_par' dir='ltr' id='par_1_41' title="bbox 468 2477 2128 2550">
     <span class='ocr_line' id='line_1_42' title="bbox 468 2477 2128 2550; baseline -0.001 -17"><span class='ocrx_word' id='word_1_291' title='bbox 468 2482 525 2534; x_wconf 87' lang='lat' dir='ltr'><strong>et</strong></span> <span class='ocrx_word' id='word_1_292' title='bbox 556 2478 665 2533; x_wconf 89' lang='lat' dir='ltr'><strong>hoc</strong></span> <span class='ocrx_word' id='word_1_293' title='bbox 701 2478 772 2532; x_wconf 85' lang='lat' dir='ltr'><strong>ad</strong></span> <span class='ocrx_word' id='word_1_294' title='bbox 808 2494 980 2533; x_wconf 88' lang='lat' dir='ltr'><strong>aures</strong></span> <span class='ocrx_word' id='word_1_295' title='bbox 1010 2477 1204 2548; x_wconf 89' lang='lat' dir='ltr'><strong>ipsius</strong></span> <span class='ocrx_word' id='word_1_296' title='bbox 1234 2478 1411 2546; x_wconf 90' lang='lat' dir='ltr'><strong>venit,</strong></span> <span class='ocrx_word' id='word_1_297' title='bbox 1435 2482 1602 2533; x_wconf 87' lang='lat' dir='ltr'><strong>nocte</strong></span> <span class='ocrx_word' id='word_1_298' title='bbox 1626 2494 1858 2550; x_wconf 88' lang='lat' dir='ltr'><strong>rursus,</strong></span> <span class='ocrx_word' id='word_1_299' title='bbox 1883 2482 1947 2532; x_wconf 90' lang='lat' dir='ltr'><strong>ut</strong></span> <span class='ocrx_word' id='word_1_300' title='bbox 1978 2478 2128 2532; x_wconf 82' lang='lat' dir='ltr'><strong>fece-</strong></span> 
     </span>
    </p>
   </div>
   <div class='ocr_carea' id='block_1_42' title="bbox 474 2565 2125 2639">
    <p class='ocr_par' dir='ltr' id='par_1_42' title="bbox 474 2565 2125 2639">
     <span class='ocr_line' id='line_1_43' title="bbox 474 2565 2125 2639; baseline 0 -17"><span class='ocrx_word' id='word_1_301' title='bbox 474 2571 563 2622; x_wconf 85' lang='lat' dir='ltr'><strong>rat</strong></span> <span class='ocrx_word' id='word_1_302' title='bbox 592 2566 779 2639; x_wconf 90' lang='lat' dir='ltr'><strong>prius,</strong></span> <span class='ocrx_word' id='word_1_303' title='bbox 811 2566 1057 2621; x_wconf 91' lang='lat' dir='ltr'><strong>indutus</strong></span> <span class='ocrx_word' id='word_1_304' title='bbox 1088 2566 1237 2623; x_wconf 92' lang='lat' dir='ltr'><strong>bene</strong></span> <span class='ocrx_word' id='word_1_305' title='bbox 1267 2566 1520 2639; x_wconf 90' lang='lat' dir='ltr'><strong>propriis</strong></span> <span class='ocrx_word' id='word_1_306' title='bbox 1540 2567 1824 2636; x_wconf 90' lang='lat' dir='ltr'><strong>vestibus,</strong></span> <span class='ocrx_word' id='word_1_307' title='bbox 1858 2567 1917 2621; x_wconf 91' lang='lat' dir='ltr'><strong>in</strong></span> <span class='ocrx_word' id='word_1_308' title='bbox 1941 2565 2125 2622; x_wconf 87' lang='lat' dir='ltr'><strong>eccle-</strong></span> 
     </span>
    </p>
   </div>
   <div class='ocr_carea' id='block_1_43' title="bbox 482 2655 2129 2726">
    <p class='ocr_par' dir='ltr' id='par_1_43' title="bbox 482 2655 2129 2726">
     <span class='ocr_line' id='line_1_44' title="bbox 482 2655 2129 2726; baseline 0 -15"><span class='ocrx_word' id='word_1_309' title='bbox 482 2655 570 2711; x_wconf 91' lang='lat' dir='ltr'><strong>sia</strong></span> <span class='ocrx_word' id='word_1_310' title='bbox 599 2656 795 2710; x_wconf 88' lang='lat' dir='ltr'><strong>subito</strong></span> <span class='ocrx_word' id='word_1_311' title='bbox 824 2655 1202 2726; x_wconf 87' lang='lat' dir='ltr'><strong>stupentibus</strong></span> <span class='ocrx_word' id='word_1_312' title='bbox 1233 2655 1461 2711; x_wconf 90' lang='lat' dir='ltr'><strong>cunctis</strong></span> <span class='ocrx_word' id='word_1_313' title='bbox 1493 2659 1550 2711; x_wconf 86' lang='lat' dir='ltr'><strong>et</strong></span> <span class='ocrx_word' id='word_1_314' title='bbox 1580 2655 2014 2712; x_wconf 84' lang='lat' dir='ltr'><strong>admirantibus</strong></span> <span class='ocrx_word' id='word_1_315' title='bbox 2036 2656 2129 2711; x_wconf 91' lang='lat' dir='ltr'><strong>in-</strong></span> 
     </span>
    </p>
   </div>
   <div class='ocr_carea' id='block_1_44' title="bbox 474 2743 2125 2808">
    <p class='ocr_par' dir='ltr' id='par_1_44' title="bbox 474 2743 2125 2808">
     <span class='ocr_line' id='line_1_45' title="bbox 474 2743 2125 2808; baseline 0.001 -8"><span class='ocrx_word' id='word_1_316' title='bbox 474 2744 728 2800; x_wconf 90' lang='lat' dir='ltr'><strong>venitur.</strong></span> <span class='ocrx_word' id='word_1_317' title='bbox 772 2744 955 2808; x_wconf 88' lang='lat' dir='ltr'><strong>Quem</strong></span> <span class='ocrx_word' id='word_1_318' title='bbox 988 2761 1195 2800; x_wconf 86' lang='lat' dir='ltr'><strong>omnes</strong></span> <span class='ocrx_word' id='word_1_319' title='bbox 1224 2748 1366 2799; x_wconf 89' lang='lat' dir='ltr'><strong>tunc</strong></span> <span class='ocrx_word' id='word_1_320' title='bbox 1396 2743 1573 2800; x_wconf 89' lang='lat' dir='ltr'><strong>veluti</strong></span> <span class='ocrx_word' id='word_1_321' title='bbox 1604 2761 1672 2799; x_wconf 81' lang='lat' dir='ltr'><strong>ex</strong></span> <span class='ocrx_word' id='word_1_322' title='bbox 1704 2745 1950 2800; x_wconf 87' lang='lat' dir='ltr'><strong>mortuis</strong></span> <span class='ocrx_word' id='word_1_323' title='bbox 1990 2762 2125 2801; x_wconf 89' lang='lat' dir='ltr'><strong>sus-</strong></span> 
     </span>
    </p>
   </div>
   <div class='ocr_carea' id='block_1_45' title="bbox 478 2833 2125 2890">
    <p class='ocr_par' dir='ltr' id='par_1_45' title="bbox 478 2833 2125 2890">
     <span class='ocr_line' id='line_1_46' title="bbox 478 2833 2125 2890; baseline 0.001 -1"><span class='ocrx_word' id='word_1_324' title='bbox 478 2834 727 2889; x_wconf 89' lang='lat' dir='ltr'><strong>citatum</strong></span> <span class='ocrx_word' id='word_1_325' title='bbox 761 2850 825 2888; x_wconf 90' lang='lat' dir='ltr'><strong>se</strong></span> <span class='ocrx_word' id='word_1_326' title='bbox 854 2834 1047 2889; x_wconf 90' lang='lat' dir='ltr'><strong>videre</strong></span> <span class='ocrx_word' id='word_1_327' title='bbox 1070 2833 1400 2889; x_wconf 87' lang='lat' dir='ltr'><strong>credebant.</strong></span> <span class='ocrx_word' id='word_1_328' title='bbox 1436 2835 1653 2889; x_wconf 80' lang='lat' dir='ltr'><strong>Amicis</strong></span> <span class='ocrx_word' id='word_1_329' title='bbox 1685 2839 1878 2889; x_wconf 88' lang='lat' dir='ltr'><strong>autem</strong></span> <span class='ocrx_word' id='word_1_330' title='bbox 1900 2834 2125 2890; x_wconf 90' lang='lat' dir='ltr'><strong>intimis</strong></span> 
     </span>
    </p>
   </div>
   <div class='ocr_carea' id='block_1_46' title="bbox 475 2921 2126 2995">
    <p class='ocr_par' dir='ltr' id='par_1_46' title="bbox 475 2921 2126 2995">
     <span class='ocr_line' id='line_1_47' title="bbox 475 2921 2126 2995; baseline 0.001 -17"><span class='ocrx_word' id='word_1_331' title='bbox 475 2922 603 2978; x_wconf 89' lang='lat' dir='ltr'><strong>suis</strong></span> <span class='ocrx_word' id='word_1_332' title='bbox 634 2921 1054 2993; x_wconf 79' lang='lat' dir='ltr'><strong>satisfaciebat,</strong></span> <span class='ocrx_word' id='word_1_333' title='bbox 1075 2922 1398 2978; x_wconf 90' lang='lat' dir='ltr'><strong>hocdicens</strong></span> <span class='ocrx_word' id='word_1_334' title='bbox 1426 2940 1438 2978; x_wconf 89' lang='lat'><strong>:</strong></span> <span class='ocrx_word' id='word_1_335' title='bbox 1475 2924 1884 2995; x_wconf 89' lang='lat' dir='ltr'><strong>Proptereame</strong></span> <span class='ocrx_word' id='word_1_336' title='bbox 1916 2925 1985 2978; x_wconf 92' lang='lat' dir='ltr'><strong>ad</strong></span> <span class='ocrx_word' id='word_1_337' title='bbox 2002 2942 2126 2980; x_wconf 90' lang='lat' dir='ltr'><strong>ves-</strong></span> 
     </span>
    </p>
   </div>
   <div class='ocr_carea' id='block_1_47' title="bbox 472 3010 2122 3084">
    <p class='ocr_par' dir='ltr' id='par_1_47' title="bbox 472 3010 2122 3084">
     <span class='ocr_line' id='line_1_48' title="bbox 472 3010 2122 3084; baseline 0.002 -18"><span class='ocrx_word' id='word_1_338' title='bbox 472 3016 596 3066; x_wconf 90' lang='lat' dir='ltr'><strong>tras</strong></span> <span class='ocrx_word' id='word_1_339' title='bbox 629 3027 743 3066; x_wconf 81' lang='lat' dir='ltr'><strong>non</strong></span> <span class='ocrx_word' id='word_1_340' title='bbox 774 3010 997 3067; x_wconf 87' lang='lat' dir='ltr'><strong>contuli</strong></span> <span class='ocrx_word' id='word_1_341' title='bbox 1027 3011 1299 3083; x_wconf 87' lang='lat' dir='ltr'><strong>latebras,</strong></span> <span class='ocrx_word' id='word_1_342' title='bbox 1335 3017 1397 3067; x_wconf 87' lang='lat' dir='ltr'><strong>ut</strong></span> <span class='ocrx_word' id='word_1_343' title='bbox 1442 3017 1567 3068; x_wconf 90' lang='lat' dir='ltr'><strong>tuto</strong></span> <span class='ocrx_word' id='word_1_344' title='bbox 1592 3014 1795 3084; x_wconf 89' lang='lat' dir='ltr'><strong>jurare</strong></span> <span class='ocrx_word' id='word_1_345' title='bbox 1848 3014 2122 3084; x_wconf 86' lang='lat' dir='ltr'><strong>possetis,</strong></span> 
     </span>
    </p>
   </div>
   <div class='ocr_carea' id='block_1_48' title="bbox 470 3100 2119 3174">
    <p class='ocr_par' dir='ltr' id='par_1_48' title="bbox 470 3100 2119 3174">
     <span class='ocr_line' id='line_1_49' title="bbox 470 3100 2119 3174; baseline 0.002 -19"><span class='ocrx_word' id='word_1_346' title='bbox 470 3100 714 3156; x_wconf 89' lang='lat' dir='ltr'><strong>ubinam</strong></span> <span class='ocrx_word' id='word_1_347' title='bbox 748 3101 1019 3171; x_wconf 78' lang='lat' dir='ltr'><strong>degerem</strong></span> <span class='ocrx_word' id='word_1_348' title='bbox 1053 3117 1156 3156; x_wconf 87' lang='lat' dir='ltr'><strong>vos</strong></span> <span class='ocrx_word' id='word_1_349' title='bbox 1206 3101 1431 3157; x_wconf 89' lang='lat' dir='ltr'><strong>nescire</strong></span> <span class='ocrx_word' id='word_1_350' title='bbox 1462 3102 1743 3158; x_wconf 89' lang='lat' dir='ltr'><strong>dicentes.</strong></span> <span class='ocrx_word' id='word_1_351' title='bbox 1778 3102 1844 3157; x_wconf 89' lang='lat' dir='ltr'><strong>Et</strong></span> <span class='ocrx_word' id='word_1_352' title='bbox 1884 3106 2119 3174; x_wconf 91' lang='lat' dir='ltr'><strong>propte-</strong></span> 
     </span>
    </p>
   </div>
   <div class='ocr_carea' id='block_1_49' title="bbox 2246 1848 3856 1922">
    <p class='ocr_par' dir='ltr' id='par_1_49' title="bbox 2246 1848 3856 1922">
     <span class='ocr_line' id='line_1_50' title="bbox 2246 1848 3856 1922; baseline 0.009 -21"><span class='ocrx_word' id='word_1_353' title='bbox 2246 1848 2376 1901; x_wconf 90' lang='lat' dir='ltr'><strong>dem</strong></span> <span class='ocrx_word' id='word_1_354' title='bbox 2402 1849 2755 1919; x_wconf 90' lang='lat' dir='ltr'><strong>persuadere</strong></span> <span class='ocrx_word' id='word_1_355' title='bbox 2788 1852 2943 1922; x_wconf 87' lang='lat' dir='ltr'><strong>quod</strong></span> <span class='ocrx_word' id='word_1_356' title='bbox 2962 1851 3164 1922; x_wconf 90' lang='lat' dir='ltr'><strong>voluit,</strong></span> <span class='ocrx_word' id='word_1_357' title='bbox 3199 1871 3345 1910; x_wconf 91' lang='lat' dir='ltr'><strong>novo</strong></span> <span class='ocrx_word' id='word_1_358' title='bbox 3363 1861 3569 1913; x_wconf 89' lang='lat' dir='ltr'><strong>contra</strong></span> <span class='ocrx_word' id='word_1_359' title='bbox 3587 1874 3705 1914; x_wconf 87' lang='lat' dir='ltr'><strong>eam</strong></span> <span class='ocrx_word' id='word_1_360' title='bbox 3722 1859 3856 1917; x_wconf 83' lang='lat' dir='ltr'><strong>furo-</strong></span> 
     </span>
    </p>
   </div>
   <div class='ocr_carea' id='block_1_50' title="bbox 2244 1937 3852 2012">
    <p class='ocr_par' dir='ltr' id='par_1_50' title="bbox 2244 1937 3852 2012">
     <span class='ocr_line' id='line_1_51' title="bbox 2244 1937 3852 2012; baseline 0.01 -22"><span class='ocrx_word' id='word_1_361' title='bbox 2244 1952 2305 1990; x_wconf 91' lang='lat' dir='ltr'><strong>re</strong></span> <span class='ocrx_word' id='word_1_362' title='bbox 2337 1937 2679 2005; x_wconf 74' lang='lat' dir='ltr'><strong>desaeviens,</strong></span> <span class='ocrx_word' id='word_1_363' title='bbox 2714 1955 2829 1994; x_wconf 89' lang='lat' dir='ltr'><strong>non</strong></span> <span class='ocrx_word' id='word_1_364' title='bbox 2863 1945 2965 1995; x_wconf 89' lang='lat' dir='ltr'><strong>aut</strong></span> <span class='ocrx_word' id='word_1_365' title='bbox 2996 1958 3176 2012; x_wconf 65' lang='lat' dir='ltr'><strong>pinna:</strong></span> <span class='ocrx_word' id='word_1_366' title='bbox 3207 1958 3337 1998; x_wconf 89' lang='lat' dir='ltr'><strong>eam</strong></span> <span class='ocrx_word' id='word_1_367' title='bbox 3370 1944 3545 2001; x_wconf 90' lang='lat' dir='ltr'><strong>alicui</strong></span> <span class='ocrx_word' id='word_1_368' title='bbox 3574 1947 3852 2006; x_wconf 84' lang='lat' dir='ltr'><strong>destinavit</strong></span> 
     </span>
    </p>
   </div>
   <div class='ocr_carea' id='block_1_51' title="bbox 2241 2026 3853 2111">
    <p class='ocr_par' dir='ltr' id='par_1_51' title="bbox 2241 2026 3853 2111">
     <span class='ocr_line' id='line_1_52' title="bbox 2241 2026 3853 2111; baseline 0.009 -33"><span class='ocrx_word' id='word_1_369' title='bbox 2241 2029 2343 2079; x_wconf 90' lang='lat' dir='ltr'><strong>aut</strong></span> <span class='ocrx_word' id='word_1_370' title='bbox 2375 2026 2564 2093; x_wconf 89' lang='lat' dir='ltr'><strong>morti,</strong></span> <span class='ocrx_word' id='word_1_371' title='bbox 2598 2028 2724 2095; x_wconf 90' lang='lat' dir='ltr'><strong>sed,</strong></span> <span class='ocrx_word' id='word_1_372' title='bbox 2758 2029 2913 2099; x_wconf 90' lang='lat' dir='ltr'><strong>quod</strong></span> <span class='ocrx_word' id='word_1_373' title='bbox 2946 2035 3068 2085; x_wconf 80' lang='lat' dir='ltr'><strong>erat</strong></span> <span class='ocrx_word' id='word_1_374' title='bbox 3098 2031 3335 2103; x_wconf 89' lang='lat' dir='ltr'><strong>gravius</strong></span> <span class='ocrx_word' id='word_1_375' title='bbox 3364 2038 3544 2106; x_wconf 87' lang='lat' dir='ltr'><strong>atque</strong></span> <span class='ocrx_word' id='word_1_376' title='bbox 3570 2037 3853 2111; x_wconf 87' lang='lat' dir='ltr'><strong>crudelius,</strong></span> 
     </span>
    </p>
   </div>
   <div class='ocr_carea' id='block_1_52' title="bbox 2240 2114 3854 2199">
    <p class='ocr_par' dir='ltr' id='par_1_52' title="bbox 2240 2114 3854 2199">
     <span class='ocr_line' id='line_1_53' title="bbox 2240 2114 3854 2199; baseline 0.01 -32"><span class='ocrx_word' id='word_1_377' title='bbox 2240 2114 2299 2168; x_wconf 91' lang='lat' dir='ltr'><strong>in</strong></span> <span class='ocrx_word' id='word_1_378' title='bbox 2334 2114 2603 2185; x_wconf 88' lang='lat' dir='ltr'><strong>lupanari</strong></span> <span class='ocrx_word' id='word_1_379' title='bbox 2634 2118 2901 2173; x_wconf 89' lang='lat' dir='ltr'><strong>eamdem</strong></span> <span class='ocrx_word' id='word_1_380' title='bbox 2935 2120 3208 2190; x_wconf 85' lang='lat' dir='ltr'><strong>prostitui</strong></span> <span class='ocrx_word' id='word_1_381' title='bbox 3242 2125 3542 2196; x_wconf 69' lang='lat' dir='ltr'><strong>praecepit,</strong></span> <span class='ocrx_word' id='word_1_382' title='bbox 3575 2124 3854 2199; x_wconf 86' lang='lat' dir='ltr'><strong>lenonique</strong></span> 
     </span>
    </p>
   </div>
   <div class='ocr_carea' id='block_1_53' title="bbox 2239 2202 3856 2287">
    <p class='ocr_par' dir='ltr' id='par_1_53' title="bbox 2239 2202 3856 2287">
     <span class='ocr_line' id='line_1_54' title="bbox 2239 2202 3856 2287; baseline 0.009 -30"><span class='ocrx_word' id='word_1_383' title='bbox 2239 2202 2501 2274; x_wconf 90' lang='lat' dir='ltr'><strong>ipsarum</strong></span> <span class='ocrx_word' id='word_1_384' title='bbox 2536 2205 2997 2277; x_wconf 90' lang='lat' dir='ltr'><strong>turpitudinum,</strong></span> <span class='ocrx_word' id='word_1_385' title='bbox 3032 2214 3095 2264; x_wconf 89' lang='lat' dir='ltr'><strong>ut</strong></span> <span class='ocrx_word' id='word_1_386' title='bbox 3128 2214 3327 2266; x_wconf 88' lang='lat' dir='ltr'><strong>ternos</strong></span> <span class='ocrx_word' id='word_1_387' title='bbox 3366 2213 3437 2267; x_wconf 90' lang='lat' dir='ltr'><strong>ad</strong></span> <span class='ocrx_word' id='word_1_388' title='bbox 3472 2230 3608 2269; x_wconf 90' lang='lat' dir='ltr'><strong>eum</strong></span> <span class='ocrx_word' id='word_1_389' title='bbox 3636 2232 3730 2287; x_wconf 90' lang='lat' dir='ltr'><strong>per</strong></span> <span class='ocrx_word' id='word_1_390' title='bbox 3755 2217 3856 2271; x_wconf 86' lang='lat' dir='ltr'><strong>sin-</strong></span> 
     </span>
    </p>
   </div>
   <div class='ocr_carea' id='block_1_54' title="bbox 2239 2293 3857 2370">
    <p class='ocr_par' dir='ltr' id='par_1_54' title="bbox 2239 2293 3857 2370">
     <span class='ocr_line' id='line_1_55' title="bbox 2239 2293 3857 2370; baseline 0.007 -23"><span class='ocrx_word' id='word_1_391' title='bbox 2239 2293 2407 2364; x_wconf 88' lang='lat' dir='ltr'><strong>gulos</strong></span> <span class='ocrx_word' id='word_1_392' title='bbox 2430 2294 2552 2349; x_wconf 86' lang='lat' dir='ltr'><strong>dies</strong></span> <span class='ocrx_word' id='word_1_393' title='bbox 2571 2310 2639 2349; x_wconf 89' lang='lat' dir='ltr'><strong>ex</strong></span> <span class='ocrx_word' id='word_1_394' title='bbox 2670 2296 2984 2352; x_wconf 90' lang='lat' dir='ltr'><strong>concubitu</strong></span> <span class='ocrx_word' id='word_1_395' title='bbox 3017 2297 3205 2370; x_wconf 88' lang='lat' dir='ltr'><strong>ipsius</strong></span> <span class='ocrx_word' id='word_1_396' title='bbox 3226 2300 3449 2357; x_wconf 91' lang='lat' dir='ltr'><strong>solidos</strong></span> <span class='ocrx_word' id='word_1_397' title='bbox 3472 2303 3762 2361; x_wconf 85' lang='lat' dir='ltr'><strong>exhiberet</strong></span> <span class='ocrx_word' id='word_1_398' title='bbox 3779 2305 3857 2359; x_wconf 89' lang='lat' dir='ltr'><strong>in-</strong></span> 
     </span>
    </p>
   </div>
   <div class='ocr_carea' id='block_1_55' title="bbox 2230 2381 3859 2457">
    <p class='ocr_par' dir='ltr' id='par_1_55' title="bbox 2230 2381 3859 2457">
     <span class='ocr_line' id='line_1_56' title="bbox 2230 2381 3859 2457; baseline 0.009 -21"><span class='ocrx_word' id='word_1_399' title='bbox 2230 2381 2450 2451; x_wconf 84' lang='lat' dir='ltr'><strong>junxit.</strong></span> <span class='ocrx_word' id='word_1_400' title='bbox 2485 2385 2670 2451; x_wconf 87' lang='lat' dir='ltr'><strong>Quam</strong></span> <span class='ocrx_word' id='word_1_401' title='bbox 2704 2386 3015 2457; x_wconf 87' lang='lat' dir='ltr'><strong>pecuniam</strong></span> <span class='ocrx_word' id='word_1_402' title='bbox 3048 2404 3180 2444; x_wconf 89' lang='lat' dir='ltr'><strong>cum</strong></span> <span class='ocrx_word' id='word_1_403' title='bbox 3208 2407 3241 2444; x_wconf 90' lang='lat' dir='ltr'><strong>a</strong></span> <span class='ocrx_word' id='word_1_404' title='bbox 3273 2406 3334 2445; x_wconf 90' lang='lat' dir='ltr'><strong>se</strong></span> <span class='ocrx_word' id='word_1_405' title='bbox 3366 2390 3500 2447; x_wconf 90' lang='lat' dir='ltr'><strong>leno</strong></span> <span class='ocrx_word' id='word_1_406' title='bbox 3533 2393 3657 2449; x_wconf 90' lang='lat' dir='ltr'><strong>sine</strong></span> <span class='ocrx_word' id='word_1_407' title='bbox 3701 2394 3859 2450; x_wconf 87' lang='lat' dir='ltr'><strong>dubio</strong></span> 
     </span>
    </p>
   </div>
   <div class='ocr_carea' id='block_1_56' title="bbox 2237 2471 3859 2555">
    <p class='ocr_par' dir='ltr' id='par_1_56' title="bbox 2237 2471 3859 2555">
     <span class='ocr_line' id='line_1_57' title="bbox 2237 2471 3859 2555; baseline 0.008 -30"><span class='ocrx_word' id='word_1_408' title='bbox 2237 2471 2589 2544; x_wconf 89' lang='lat' dir='ltr'><strong>intelligeret</strong></span> <span class='ocrx_word' id='word_1_409' title='bbox 2622 2472 3023 2546; x_wconf 79' lang='lat' dir='ltr'><strong>flagitandam,</strong></span> <span class='ocrx_word' id='word_1_410' title='bbox 3042 2476 3097 2531; x_wconf 90' lang='lat' dir='ltr'><strong>in</strong></span> <span class='ocrx_word' id='word_1_411' title='bbox 3114 2477 3377 2534; x_wconf 91' lang='lat' dir='ltr'><strong>omnium</strong></span> <span class='ocrx_word' id='word_1_412' title='bbox 3399 2497 3529 2537; x_wconf 87' lang='lat' dir='ltr'><strong>eam</strong></span> <span class='ocrx_word' id='word_1_413' title='bbox 3552 2483 3651 2555; x_wconf 92' lang='lat' dir='ltr'><strong>qui</strong></span> <span class='ocrx_word' id='word_1_414' title='bbox 3672 2482 3859 2539; x_wconf 85' lang='lat' dir='ltr'><strong>vellent</strong></span> 
     </span>
    </p>
   </div>
   <div class='ocr_carea' id='block_1_57' title="bbox 2236 2561 2795 2631">
    <p class='ocr_par' dir='ltr' id='par_1_57' title="bbox 2236 2561 2795 2631">
     <span class='ocr_line' id='line_1_58' title="bbox 2236 2561 2795 2631; baseline 0.005 -17"><span class='ocrx_word' id='word_1_415' title='bbox 2236 2561 2396 2615; x_wconf 86' lang='lat' dir='ltr'><strong>dedit</strong></span> <span class='ocrx_word' id='word_1_416' title='bbox 2429 2565 2795 2631; x_wconf 89' lang='lat' dir='ltr'><strong>potestatem.</strong></span> 
     </span>
    </p>
   </div>
   <div class='ocr_carea' id='block_1_58' title="bbox 2307 2650 3858 2727">
    <p class='ocr_par' dir='ltr' id='par_1_58' title="bbox 2307 2650 3858 2727">
     <span class='ocr_line' id='line_1_59' title="bbox 2307 2650 3858 2727; baseline 0.008 -25"><span class='ocrx_word' id='word_1_417' title='bbox 2307 2650 2467 2713; x_wconf 90' lang='lat' dir='ltr'><strong>Quod</strong></span> <span class='ocrx_word' id='word_1_418' title='bbox 2501 2650 2601 2705; x_wconf 90' lang='lat' dir='ltr'><strong>ubi</strong></span> <span class='ocrx_word' id='word_1_419' title='bbox 2634 2651 2839 2722; x_wconf 67' lang='lat' dir='ltr'><strong>praedae</strong></span> <span class='ocrx_word' id='word_1_420' title='bbox 2882 2652 3015 2709; x_wconf 87' lang='lat' dir='ltr'><strong>talis</strong></span> <span class='ocrx_word' id='word_1_421' title='bbox 3049 2655 3358 2727; x_wconf 90' lang='lat' dir='ltr'><strong>accipitres</strong></span> <span class='ocrx_word' id='word_1_422' title='bbox 3400 2674 3603 2716; x_wconf 88' lang='lat' dir='ltr'><strong>verum</strong></span> <span class='ocrx_word' id='word_1_423' title='bbox 3635 2677 3756 2717; x_wconf 88' lang='lat' dir='ltr'><strong>esse</strong></span> <span class='ocrx_word' id='word_1_424' title='bbox 3783 2660 3858 2715; x_wconf 87' lang='lat' dir='ltr'><strong>di-</strong></span> 
     </span>
    </p>
   </div>
   <div class='ocr_carea' id='block_1_59' title="bbox 2234 2738 3857 2819">
    <p class='ocr_par' dir='ltr' id='par_1_59' title="bbox 2234 2738 3857 2819">
     <span class='ocr_line' id='line_1_60' title="bbox 2234 2738 3857 2819; baseline 0.007 -27"><span class='ocrx_word' id='word_1_425' title='bbox 2234 2738 2524 2806; x_wconf 90' lang='lat' dir='ltr'><strong>dicerunt,</strong></span> <span class='ocrx_word' id='word_1_426' title='bbox 2557 2739 2723 2795; x_wconf 88' lang='lat' dir='ltr'><strong>ibant</strong></span> <span class='ocrx_word' id='word_1_427' title='bbox 2752 2745 2928 2813; x_wconf 89' lang='lat' dir='ltr'><strong>atque</strong></span> <span class='ocrx_word' id='word_1_428' title='bbox 2959 2743 3349 2802; x_wconf 88' lang='lat' dir='ltr'><strong>observabant</strong></span> <span class='ocrx_word' id='word_1_429' title='bbox 3377 2750 3721 2819; x_wconf 88' lang='lat' dir='ltr'><strong>perditionis</strong></span> <span class='ocrx_word' id='word_1_430' title='bbox 3746 2750 3857 2805; x_wconf 75' lang='lat' dir='ltr'><strong>otti-</strong></span> 
     </span>
    </p>
   </div>
   <div class='ocr_carea' id='block_1_60' title="bbox 2234 2826 3859 2911">
    <p class='ocr_par' dir='ltr' id='par_1_60' title="bbox 2234 2826 3859 2911">
     <span class='ocr_line' id='line_1_61' title="bbox 2234 2826 3859 2911; baseline 0.008 -29"><span class='ocrx_word' id='word_1_431' title='bbox 2234 2826 2721 2901; x_wconf 85' lang='lat' dir='ltr'><strong>cinam.Datoque</strong></span> <span class='ocrx_word' id='word_1_432' title='bbox 2740 2830 3162 2888; x_wconf 65' lang='lat' dir='ltr'><strong>infelicissimae</strong></span> <span class='ocrx_word' id='word_1_433' title='bbox 3181 2836 3307 2907; x_wconf 90' lang='lat' dir='ltr'><strong>spei</strong></span> <span class='ocrx_word' id='word_1_434' title='bbox 3334 2839 3542 2911; x_wconf 88' lang='lat' dir='ltr'><strong>pretio,</strong></span> <span class='ocrx_word' id='word_1_435' title='bbox 3570 2840 3859 2911; x_wconf 90' lang='lat' dir='ltr'><strong>loqueban-</strong></span> 
     </span>
    </p>
   </div>
   <div class='ocr_carea' id='block_1_61' title="bbox 2232 2919 3857 3001">
    <p class='ocr_par' dir='ltr' id='par_1_61' title="bbox 2232 2919 3857 3001">
     <span class='ocr_line' id='line_1_62' title="bbox 2232 2919 3857 3001; baseline 0.008 -30"><span class='ocrx_word' id='word_1_436' title='bbox 2232 2922 2331 2971; x_wconf 86' lang='lat' dir='ltr'><strong>tur</strong></span> <span class='ocrx_word' id='word_1_437' title='bbox 2362 2934 2497 2973; x_wconf 89' lang='lat' dir='ltr'><strong>cum</strong></span> <span class='ocrx_word' id='word_1_438' title='bbox 2528 2935 2594 2973; x_wconf 89' lang='lat' dir='ltr'><strong>ea</strong></span> <span class='ocrx_word' id='word_1_439' title='bbox 2633 2919 2978 2988; x_wconf 86' lang='lat' dir='ltr'><strong>optabilium</strong></span> <span class='ocrx_word' id='word_1_440' title='bbox 3012 2922 3123 2977; x_wconf 92' lang='lat' dir='ltr'><strong>sibi</strong></span> <span class='ocrx_word' id='word_1_441' title='bbox 3158 2924 3443 2998; x_wconf 90' lang='lat' dir='ltr'><strong>principia</strong></span> <span class='ocrx_word' id='word_1_442' title='bbox 3483 2928 3857 3001; x_wconf 89' lang='lat' dir='ltr'><strong>voluptatum.</strong></span> 
     </span>
    </p>
   </div>
   <div class='ocr_carea' id='block_1_62' title="bbox 2232 3004 3858 3091">
    <p class='ocr_par' dir='ltr' id='par_1_62' title="bbox 2232 3004 3858 3091">
     <span class='ocr_line' id='line_1_63' title="bbox 2232 3004 3858 3091; baseline 0.008 -33"><span class='ocrx_word' id='word_1_443' title='bbox 2232 3004 2337 3060; x_wconf 87' lang='lat' dir='ltr'><strong>Illa</strong></span> <span class='ocrx_word' id='word_1_444' title='bbox 2366 3023 2501 3061; x_wconf 91' lang='lat' dir='ltr'><strong>vero</strong></span> <span class='ocrx_word' id='word_1_445' title='bbox 2532 3008 2805 3077; x_wconf 83' lang='lat' dir='ltr'><strong>precibus</strong></span> <span class='ocrx_word' id='word_1_446' title='bbox 2835 3009 3148 3068; x_wconf 90' lang='lat' dir='ltr'><strong>immensis</strong></span> <span class='ocrx_word' id='word_1_447' title='bbox 3181 3012 3447 3086; x_wconf 90' lang='lat' dir='ltr'><strong>singulos</strong></span> <span class='ocrx_word' id='word_1_448' title='bbox 3480 3034 3717 3091; x_wconf 89' lang='lat' dir='ltr'><strong>rogans,</strong></span> <span class='ocrx_word' id='word_1_449' title='bbox 3747 3017 3858 3073; x_wconf 90' lang='lat' dir='ltr'><strong>vul-</strong></span> 
     </span>
    </p>
   </div>
   <div class='ocr_carea' id='block_1_63' title="bbox 2233 3095 3857 3173">
    <p class='ocr_par' dir='ltr' id='par_1_63' title="bbox 2233 3095 3857 3173">
     <span class='ocr_line' id='line_1_64' title="bbox 2233 3095 3857 3173; baseline 0.008 -25"><span class='ocrx_word' id='word_1_450' title='bbox 2233 3111 2345 3149; x_wconf 89' lang='lat' dir='ltr'><strong>nus</strong></span> <span class='ocrx_word' id='word_1_451' title='bbox 2364 3095 2659 3165; x_wconf 88' lang='lat' dir='ltr'><strong>quoddam</strong></span> <span class='ocrx_word' id='word_1_452' title='bbox 2681 3097 2739 3151; x_wconf 91' lang='lat' dir='ltr'><strong>in</strong></span> <span class='ocrx_word' id='word_1_453' title='bbox 2763 3096 3143 3155; x_wconf 86' lang='lat' dir='ltr'><strong>interioribus</strong></span> <span class='ocrx_word' id='word_1_454' title='bbox 3169 3104 3429 3173; x_wconf 90' lang='lat' dir='ltr'><strong>corporis</strong></span> <span class='ocrx_word' id='word_1_455' title='bbox 3456 3106 3552 3160; x_wconf 90' lang='lat' dir='ltr'><strong>sui</strong></span> <span class='ocrx_word' id='word_1_456' title='bbox 3572 3124 3635 3162; x_wconf 91' lang='lat' dir='ltr'><strong>se</strong></span> <span class='ocrx_word' id='word_1_457' title='bbox 3665 3107 3857 3161; x_wconf 81' lang='lat' dir='ltr'><strong>habere</strong></span> 
     </span>
    </p>
   </div>
   <div class='ocr_carea' id='block_1_64' title="bbox 468 3161 3856 3263">
    <p class='ocr_par' dir='ltr' id='par_1_64' title="bbox 468 3161 3856 3263">
     <span class='ocr_line' id='line_1_65' title="bbox 468 3161 3856 3263; baseline 0.008 -40"><span class='ocrx_word' id='word_1_458' title='bbox 468 3206 565 3245; x_wconf 65' lang='lat' dir='ltr'><strong>rea</strong></span> <span class='ocrx_word' id='word_1_459' title='bbox 598 3189 735 3261; x_wconf 68' lang='lat' dir='ltr'><strong>quia</strong></span> <span class='ocrx_word' id='word_1_460' title='bbox 768 3206 1005 3246; x_wconf 68' lang='lat' dir='ltr'><strong>necesse</strong></span> <span class='ocrx_word' id='word_1_461' title='bbox 1036 3195 1161 3245; x_wconf 59' lang='lat' dir='ltr'><strong>erat,</strong></span> <span class='ocrx_word' id='word_1_462' title='bbox 1185 3192 1407 3263; x_wconf 70' lang='lat' dir='ltr'><strong>ubique</strong></span> <span class='ocrx_word' id='word_1_463' title='bbox 1431 3208 1523 3247; x_wconf 73' lang='lat' dir='ltr'><strong>me</strong></span> <span class='ocrx_word' id='word_1_464' title='bbox 1546 3192 1747 3263; x_wconf 56' lang='lat' dir='ltr'><strong>quam,</strong></span> <span class='ocrx_word' id='word_1_465' title='bbox 1778 3194 1834 3246; x_wconf 71' lang='lat' dir='ltr'><strong>in</strong></span> <span class='ocrx_word' id='word_1_466' title='bbox 1859 3192 2006 3248; x_wconf 68' lang='lat' dir='ltr'><strong>cena</strong></span> <span class='ocrx_word' id='word_1_467' title='bbox 2027 3210 2115 3248; x_wconf 73' lang='lat' dir='ltr'><strong>ve-</strong></span> <span class='ocrx_word' id='word_1_468' title='bbox 2151 3161 2193 3227; x_wconf 62' lang='grc' dir='ltr'><strong>(ἶ</strong></span> <span class='ocrx_word' id='word_1_469' title='bbox 2231 3183 2496 3238; x_wconf 90' lang='lat' dir='ltr'><strong>dicebat:</strong></span> <span class='ocrx_word' id='word_1_470' title='bbox 2531 3186 2704 3255; x_wconf 83' lang='lat' dir='ltr'><strong>cujus</strong></span> <span class='ocrx_word' id='word_1_471' title='bbox 2737 3185 2785 3241; x_wconf 93' lang='lat' dir='ltr'><strong>si</strong></span> <span class='ocrx_word' id='word_1_472' title='bbox 2815 3186 3115 3244; x_wconf 88' lang='lat' dir='ltr'><strong>venientes</strong></span> <span class='ocrx_word' id='word_1_473' title='bbox 3146 3191 3217 3245; x_wconf 90' lang='lat' dir='ltr'><strong>ad</strong></span> <span class='ocrx_word' id='word_1_474' title='bbox 3251 3207 3377 3247; x_wconf 88' lang='lat' dir='ltr'><strong>eam</strong></span> <span class='ocrx_word' id='word_1_475' title='bbox 3415 3194 3660 3251; x_wconf 82' lang='lat' dir='ltr'><strong>fetorem</strong></span> <span class='ocrx_word' id='word_1_476' title='bbox 3696 3196 3856 3252; x_wconf 87' lang='lat' dir='ltr'><strong>senti-</strong></span> 
     </span>
    </p>
   </div>
   <div class='ocr_carea' id='block_1_65' title="bbox 466 3278 2120 3354">
    <p class='ocr_par' dir='ltr' id='par_1_65' title="bbox 466 3278 2120 3354">
     <span class='ocr_line' id='line_1_66' title="bbox 466 3278 2120 3354; baseline 0.002 -21"><span class='ocrx_word' id='word_1_477' title='bbox 466 3296 529 3335; x_wconf 91' lang='lat' dir='ltr'><strong>ro</strong></span> <span class='ocrx_word' id='word_1_478' title='bbox 560 3278 720 3334; x_wconf 90' lang='lat' dir='ltr'><strong>illius</strong></span> <span class='ocrx_word' id='word_1_479' title='bbox 751 3279 998 3352; x_wconf 86' lang='lat' dir='ltr'><strong>virginis</strong></span> <span class='ocrx_word' id='word_1_480' title='bbox 1030 3279 1205 3351; x_wconf 88' lang='lat' dir='ltr'><strong>latui,</strong></span> <span class='ocrx_word' id='word_1_481' title='bbox 1239 3281 1336 3335; x_wconf 85' lang='lat' dir='ltr'><strong>ubi</strong></span> <span class='ocrx_word' id='word_1_482' title='bbox 1367 3298 1461 3336; x_wconf 90' lang='lat' dir='ltr'><strong>me</strong></span> <span class='ocrx_word' id='word_1_483' title='bbox 1492 3281 1667 3336; x_wconf 86' lang='lat' dir='ltr'><strong>celari</strong></span> <span class='ocrx_word' id='word_1_484' title='bbox 1698 3281 1860 3337; x_wconf 85' lang='lat' dir='ltr'><strong>nulla</strong></span> <span class='ocrx_word' id='word_1_485' title='bbox 1891 3286 2120 3354; x_wconf 89' lang='lat' dir='ltr'><strong>poterat</strong></span> 
     </span>
    </p>
   </div>
   <div class='ocr_carea' id='block_1_66' title="bbox 463 3368 2120 3441">
    <p class='ocr_par' dir='ltr' id='par_1_66' title="bbox 463 3368 2120 3441">
     <span class='ocr_line' id='line_1_67' title="bbox 463 3368 2120 3441; baseline 0.002 -18"><span class='ocrx_word' id='word_1_486' title='bbox 463 3384 589 3423; x_wconf 89' lang='lat' dir='ltr'><strong>esse</strong></span> <span class='ocrx_word' id='word_1_487' title='bbox 611 3368 897 3441; x_wconf 90' lang='lat' dir='ltr'><strong>suspicio.</strong></span> <span class='ocrx_word' id='word_1_488' title='bbox 934 3385 1000 3424; x_wconf 92' lang='lat' dir='ltr'><strong>eo</strong></span> <span class='ocrx_word' id='word_1_489' title='bbox 1033 3370 1189 3440; x_wconf 90' lang='lat' dir='ltr'><strong>quod</strong></span> <span class='ocrx_word' id='word_1_490' title='bbox 1224 3374 1282 3424; x_wconf 90' lang='lat' dir='ltr'><strong>et</strong></span> <span class='ocrx_word' id='word_1_491' title='bbox 1302 3368 1546 3441; x_wconf 90' lang='lat' dir='ltr'><strong>pulchra</strong></span> <span class='ocrx_word' id='word_1_492' title='bbox 1576 3370 1881 3441; x_wconf 90' lang='lat' dir='ltr'><strong>etjuvenis</strong></span> <span class='ocrx_word' id='word_1_493' title='bbox 1901 3370 2120 3427; x_wconf 87' lang='lat' dir='ltr'><strong>videre-</strong></span> 
     </span>
    </p>
   </div>
   <div class='ocr_carea' id='block_1_67' title="bbox 464 3457 2119 3530">
    <p class='ocr_par' dir='ltr' id='par_1_67' title="bbox 464 3457 2119 3530">
     <span class='ocr_line' id='line_1_68' title="bbox 464 3457 2119 3530; baseline 0.002 -18"><span class='ocrx_word' id='word_1_494' title='bbox 464 3461 580 3512; x_wconf 89' lang='lat' dir='ltr'><strong>tur.</strong></span> <span class='ocrx_word' id='word_1_495' title='bbox 615 3457 939 3528; x_wconf 90' lang='lat' dir='ltr'><strong>Dupliciter</strong></span> <span class='ocrx_word' id='word_1_496' title='bbox 972 3459 1076 3514; x_wconf 87' lang='lat' dir='ltr'><strong>boc</strong></span> <span class='ocrx_word' id='word_1_497' title='bbox 1121 3475 1248 3515; x_wconf 90' lang='lat' dir='ltr'><strong>meo</strong></span> <span class='ocrx_word' id='word_1_498' title='bbox 1283 3458 1527 3515; x_wconf 90' lang='lat' dir='ltr'><strong>consilio</strong></span> <span class='ocrx_word' id='word_1_499' title='bbox 1559 3461 1842 3530; x_wconf 83' lang='lat' dir='ltr'><strong>gaudens,</strong></span> <span class='ocrx_word' id='word_1_500' title='bbox 1876 3461 2029 3529; x_wconf 90' lang='lat' dir='ltr'><strong>quod</strong></span> <span class='ocrx_word' id='word_1_501' title='bbox 2062 3466 2119 3516; x_wconf 92' lang='lat' dir='ltr'><strong>et</strong></span> 
     </span>
    </p>
   </div>
   <div class='ocr_carea' id='block_1_68' title="bbox 467 3544 2117 3622">
    <p class='ocr_par' dir='ltr' id='par_1_68' title="bbox 467 3544 2117 3622">
     <span class='ocr_line' id='line_1_69' title="bbox 467 3544 2117 3622; baseline 0.003 -22"><span class='ocrx_word' id='word_1_502' title='bbox 467 3561 562 3601; x_wconf 91' lang='lat' dir='ltr'><strong>me</strong></span> <span class='ocrx_word' id='word_1_503' title='bbox 590 3544 1023 3615; x_wconf 84' lang='lat' dir='ltr'><strong>lucrifacerem,</strong></span> <span class='ocrx_word' id='word_1_504' title='bbox 1051 3552 1106 3603; x_wconf 90' lang='lat' dir='ltr'><strong>et</strong></span> <span class='ocrx_word' id='word_1_505' title='bbox 1132 3547 1381 3603; x_wconf 86' lang='lat' dir='ltr'><strong>salutem</strong></span> <span class='ocrx_word' id='word_1_506' title='bbox 1415 3548 1604 3620; x_wconf 90' lang='lat' dir='ltr'><strong>ipsius</strong></span> <span class='ocrx_word' id='word_1_507' title='bbox 1630 3566 1643 3617; x_wconf 92' lang='lat'><strong>;</strong></span> <span class='ocrx_word' id='word_1_508' title='bbox 1670 3550 1856 3622; x_wconf 81' lang='lat' dir='ltr'><strong>profui</strong></span> <span class='ocrx_word' id='word_1_509' title='bbox 1880 3551 2036 3607; x_wconf 90' lang='lat' dir='ltr'><strong>enim</strong></span> <span class='ocrx_word' id='word_1_510' title='bbox 2060 3555 2117 3607; x_wconf 90' lang='lat' dir='ltr'><strong>et</strong></span> 
     </span>
    </p>
   </div>
   <div class='ocr_carea' id='block_1_69' title="bbox 471 3633 1439 3709">
    <p class='ocr_par' dir='ltr' id='par_1_69' title="bbox 471 3633 1439 3709">
     <span class='ocr_line' id='line_1_70' title="bbox 471 3633 1439 3709; baseline 0.005 -21"><span class='ocrx_word' id='word_1_511' title='bbox 471 3633 610 3707; x_wconf 90' lang='lat' dir='ltr'><strong>ipsi,</strong></span> <span class='ocrx_word' id='word_1_512' title='bbox 643 3639 702 3691; x_wconf 86' lang='lat' dir='ltr'><strong>et</strong></span> <span class='ocrx_word' id='word_1_513' title='bbox 730 3635 898 3692; x_wconf 68' lang='lat' dir='ltr'><strong>(ama:</strong></span> <span class='ocrx_word' id='word_1_514' title='bbox 928 3636 1013 3692; x_wconf 90' lang='lat' dir='ltr'><strong>vel</strong></span> <span class='ocrx_word' id='word_1_515' title='bbox 1046 3636 1245 3709; x_wconf 63' lang='lat' dir='ltr'><strong>gloria</strong></span> <span class='ocrx_word' id='word_1_516' title='bbox 1278 3654 1439 3694; x_wconf 64' lang='lat' dir='ltr'><strong>meai.</strong></span> 
     </span>
    </p>
   </div>
   <div class='ocr_carea' id='block_1_70' title="bbox 1097 3756 1479 3813">
    <p class='ocr_par' dir='ltr' id='par_1_70' title="bbox 1097 3756 1479 3813">
     <span class='ocr_line' id='line_1_71' title="bbox 1097 3756 1479 3813; baseline 0.003 -3"><span class='ocrx_word' id='word_1_517' title='bbox 1097 3756 1331 3812; x_wconf 80' lang='lat' dir='ltr'><strong>CAPUT</strong></span> <span class='ocrx_word' id='word_1_518' title='bbox 1366 3757 1479 3813; x_wconf 88' lang='lat' dir='ltr'><strong>LII.</strong></span> 
     </span>
    </p>
   </div>
   <div class='ocr_carea' id='block_1_71' title="bbox 942 3846 1648 3917">
    <p class='ocr_par' dir='ltr' id='par_1_71' title="bbox 942 3846 1648 3917">
     <span class='ocr_line' id='line_1_72' title="bbox 942 3846 1648 3917; baseline 0 -16"><span class='ocrx_word' id='word_1_519' title='bbox 942 3846 1067 3901; x_wconf 69' lang='lat' dir='ltr'><strong>Vitae</strong></span> <span class='ocrx_word' id='word_1_520' title='bbox 1095 3847 1341 3903; x_wconf 75' lang='grc' dir='ltr'><strong>Ιυιὶαηέε</strong></span> <span class='ocrx_word' id='word_1_521' title='bbox 1385 3846 1648 3917; x_wconf 75' lang='lat' dir='ltr'><strong>virginis.</strong></span> 
     </span>
    </p>
   </div>
   <div class='ocr_carea' id='block_1_72' title="bbox 542 3941 2113 4017">
    <p class='ocr_par' dir='ltr' id='par_1_72' title="bbox 542 3941 2113 4017">
     <span class='ocr_line' id='line_1_73' title="bbox 542 3941 2113 4017; baseline 0.004 -20"><span class='ocrx_word' id='word_1_522' title='bbox 542 3941 816 4005; x_wconf 65' lang='lat' dir='ltr'><strong>Quaedam</strong></span> <span class='ocrx_word' id='word_1_523' title='bbox 847 3942 1059 3999; x_wconf 88' lang='lat' dir='ltr'><strong>iterum</strong></span> <span class='ocrx_word' id='word_1_524' title='bbox 1092 3944 1279 4015; x_wconf 87' lang='lat' dir='ltr'><strong>virgo,</strong></span> <span class='ocrx_word' id='word_1_525' title='bbox 1300 3944 1808 4017; x_wconf 89' lang='lat' dir='ltr'><strong>nomineJuliana,</strong></span> <span class='ocrx_word' id='word_1_526' title='bbox 1840 3944 1901 4002; x_wconf 91' lang='lat' dir='ltr'><strong>in</strong></span> <span class='ocrx_word' id='word_1_527' title='bbox 1931 3950 2113 4003; x_wconf 64' lang='lat' dir='ltr'><strong>Caesa-</strong></span> 
     </span>
    </p>
   </div>
   <div class='ocr_carea' id='block_1_73' title="bbox 468 4031 2111 4103">
    <p class='ocr_par' dir='ltr' id='par_1_73' title="bbox 468 4031 2111 4103">
     <span class='ocr_line' id='line_1_74' title="bbox 468 4031 2111 4103; baseline 0.004 -18"><span class='ocrx_word' id='word_1_528' title='bbox 468 4031 646 4086; x_wconf 89' lang='lat' dir='ltr'><strong>riensi</strong></span> <span class='ocrx_word' id='word_1_529' title='bbox 680 4032 1057 4103; x_wconf 86' lang='lat' dir='ltr'><strong>Cappadociae</strong></span> <span class='ocrx_word' id='word_1_530' title='bbox 1089 4031 1322 4087; x_wconf 89' lang='lat' dir='ltr'><strong>civitate</strong></span> <span class='ocrx_word' id='word_1_531' title='bbox 1353 4031 1877 4089; x_wconf 88' lang='lat' dir='ltr'><strong>scholasticissima</strong></span> <span class='ocrx_word' id='word_1_532' title='bbox 1898 4052 2027 4092; x_wconf 90' lang='lat' dir='ltr'><strong>esse</strong></span> <span class='ocrx_word' id='word_1_533' title='bbox 2048 4054 2111 4092; x_wconf 92' lang='lat' dir='ltr'><strong>ac</strong></span> 
     </span>
    </p>
   </div>
   <div class='ocr_carea' id='block_1_74' title="bbox 466 4118 2107 4195">
    <p class='ocr_par' dir='ltr' id='par_1_74' title="bbox 466 4118 2107 4195">
     <span class='ocr_line' id='line_1_75' title="bbox 466 4118 2107 4195; baseline 0.005 -22"><span class='ocrx_word' id='word_1_534' title='bbox 466 4118 811 4174; x_wconf 85' lang='lat' dir='ltr'><strong>ﬁdelissima</strong></span> <span class='ocrx_word' id='word_1_535' title='bbox 840 4119 1143 4175; x_wconf 88' lang='lat' dir='ltr'><strong>dicebatur</strong></span> <span class='ocrx_word' id='word_1_536' title='bbox 1172 4120 1444 4192; x_wconf 78' lang='lat' dir='ltr'><strong>(&quot;allad.,</strong></span> <span class='ocrx_word' id='word_1_537' title='bbox 1476 4139 1598 4193; x_wconf 86' lang='lat' dir='ltr'><strong>cap.</strong></span> <span class='ocrx_word' id='word_1_538' title='bbox 1634 4123 1778 4195; x_wconf 88' lang='grc'><strong>147).</strong></span> <span class='ocrx_word' id='word_1_539' title='bbox 1813 4125 1947 4190; x_wconf 61' lang='lat' dir='ltr'><strong>Quae</strong></span> <span class='ocrx_word' id='word_1_540' title='bbox 1980 4126 2107 4181; x_wconf 93' lang='lat' dir='ltr'><strong>Ori-</strong></span> 
     </span>
    </p>
   </div>
   <div class='ocr_carea' id='block_1_75' title="bbox 461 4207 2107 4285">
    <p class='ocr_par' dir='ltr' id='par_1_75' title="bbox 461 4207 2107 4285">
     <span class='ocr_line' id='line_1_76' title="bbox 461 4207 2107 4285; baseline 0.007 -24"><span class='ocrx_word' id='word_1_541' title='bbox 461 4223 667 4275; x_wconf 77' lang='lat' dir='ltr'><strong>genem</strong></span> <span class='ocrx_word' id='word_1_542' title='bbox 702 4207 867 4263; x_wconf 91' lang='lat' dir='ltr'><strong>illum</strong></span> <span class='ocrx_word' id='word_1_543' title='bbox 893 4210 991 4281; x_wconf 91' lang='lat' dir='ltr'><strong>qui</strong></span> <span class='ocrx_word' id='word_1_544' title='bbox 1022 4209 1210 4266; x_wconf 91' lang='lat' dir='ltr'><strong>multa</strong></span> <span class='ocrx_word' id='word_1_545' title='bbox 1232 4212 1602 4284; x_wconf 88' lang='lat' dir='ltr'><strong>conscripsit,</strong></span> <span class='ocrx_word' id='word_1_546' title='bbox 1627 4230 1987 4285; x_wconf 88' lang='lat' dir='ltr'><strong>paganorum</strong></span> <span class='ocrx_word' id='word_1_547' title='bbox 2010 4234 2107 4271; x_wconf 87' lang='lat' dir='ltr'><strong>sc-</strong></span> 
     </span>
    </p>
   </div>
   <div class='ocr_carea' id='block_1_76' title="bbox 460 4294 2101 4371">
    <p class='ocr_par' dir='ltr' id='par_1_76' title="bbox 460 4294 2101 4371">
     <span class='ocr_line' id='line_1_77' title="bbox 460 4294 2101 4371; baseline 0.007 -22"><span class='ocrx_word' id='word_1_548' title='bbox 460 4294 709 4351; x_wconf 75' lang='lat' dir='ltr'><strong>ditiones</strong></span> <span class='ocrx_word' id='word_1_549' title='bbox 741 4298 1055 4353; x_wconf 85' lang='lat' dir='ltr'><strong>metuendo</strong></span> <span class='ocrx_word' id='word_1_550' title='bbox 1091 4300 1428 4369; x_wconf 73' lang='lat' dir='ltr'><strong>fugientem,</strong></span> <span class='ocrx_word' id='word_1_551' title='bbox 1466 4317 1567 4371; x_wconf 90' lang='lat' dir='ltr'><strong>per</strong></span> <span class='ocrx_word' id='word_1_552' title='bbox 1597 4302 1877 4358; x_wconf 88' lang='lat' dir='ltr'><strong>biennum</strong></span> <span class='ocrx_word' id='word_1_553' title='bbox 1915 4309 2101 4362; x_wconf 90' lang='lat' dir='ltr'><strong>totum</strong></span> 
     </span>
    </p>
   </div>
   <div class='ocr_carea' id='block_1_77' title="bbox 458 4385 2100 4463">
    <p class='ocr_par' dir='ltr' id='par_1_77' title="bbox 458 4385 2100 4463">
     <span class='ocr_line' id='line_1_78' title="bbox 458 4385 2100 4463; baseline 0.007 -23"><span class='ocrx_word' id='word_1_554' title='bbox 458 4385 721 4457; x_wconf 89' lang='lat' dir='ltr'><strong>suscepit</strong></span> <span class='ocrx_word' id='word_1_555' title='bbox 739 4389 915 4457; x_wconf 88' lang='lat' dir='ltr'><strong>atque</strong></span> <span class='ocrx_word' id='word_1_556' title='bbox 932 4386 1162 4455; x_wconf 88' lang='lat' dir='ltr'><strong>celavit,</strong></span> <span class='ocrx_word' id='word_1_557' title='bbox 1189 4389 1440 4459; x_wconf 88' lang='lat' dir='ltr'><strong>propriis</strong></span> <span class='ocrx_word' id='word_1_558' title='bbox 1463 4390 1511 4444; x_wconf 89' lang='lat' dir='ltr'><strong>ei</strong></span> <span class='ocrx_word' id='word_1_559' title='bbox 1537 4392 1874 4463; x_wconf 88' lang='lat' dir='ltr'><strong>sumptibus</strong></span> <span class='ocrx_word' id='word_1_560' title='bbox 1897 4411 2100 4452; x_wconf 89' lang='lat' dir='ltr'><strong>neces-</strong></span> 
     </span>
    </p>
   </div>
   <div class='ocr_carea' id='block_1_78' title="bbox 457 4475 2177 4581">
    <p class='ocr_par' dir='ltr' id='par_1_78' title="bbox 457 4475 2177 4581">
     <span class='ocr_line' id='line_1_79' title="bbox 457 4475 2177 4581; baseline 0.006 -51"><span class='ocrx_word' id='word_1_561' title='bbox 457 4475 614 4530; x_wconf 90' lang='lat' dir='ltr'><strong>saria</strong></span> <span class='ocrx_word' id='word_1_562' title='bbox 642 4480 852 4529; x_wconf 89' lang='lat' dir='ltr'><strong>cuncta</strong></span> <span class='ocrx_word' id='word_1_563' title='bbox 882 4475 1205 4545; x_wconf 80' lang='lat' dir='ltr'><strong>sufﬁciens,</strong></span> <span class='ocrx_word' id='word_1_564' title='bbox 1239 4494 1304 4531; x_wconf 90' lang='lat' dir='ltr'><strong>ac</strong></span> <span class='ocrx_word' id='word_1_565' title='bbox 1338 4477 1663 4533; x_wconf 87' lang='lat' dir='ltr'><strong>ministerio</strong></span> <span class='ocrx_word' id='word_1_566' title='bbox 1694 4499 1800 4536; x_wconf 92' lang='lat' dir='ltr'><strong>suo</strong></span> <span class='ocrx_word' id='word_1_567' title='bbox 1824 4486 2097 4541; x_wconf 88' lang='lat' dir='ltr'><strong>eumdem</strong></span> <span class='ocrx_word' id='word_1_568' title='bbox 2130 4518 2177 4581; x_wconf 70' lang='grc' dir='ltr'><strong>Β</strong></span> 
     </span>
    </p>
   </div>
   <div class='ocr_carea' id='block_1_79' title="bbox 457 4565 2100 4639">
    <p class='ocr_par' dir='ltr' id='par_1_79' title="bbox 457 4565 2100 4639">
     <span class='ocr_line' id='line_1_80' title="bbox 457 4565 2100 4639; baseline 0.007 -21"><span class='ocrx_word' id='word_1_569' title='bbox 457 4580 749 4619; x_wconf 90' lang='lat' dir='ltr'><strong>recreans.</strong></span> <span class='ocrx_word' id='word_1_570' title='bbox 783 4565 919 4630; x_wconf 65' lang='lat' dir='ltr'><strong>Quae</strong></span> <span class='ocrx_word' id='word_1_571' title='bbox 950 4581 1056 4637; x_wconf 90' lang='lat' dir='ltr'><strong>ego</strong></span> <span class='ocrx_word' id='word_1_572' title='bbox 1088 4565 1147 4621; x_wconf 89' lang='lat' dir='ltr'><strong>in</strong></span> <span class='ocrx_word' id='word_1_573' title='bbox 1179 4567 1582 4623; x_wconf 89' lang='lat' dir='ltr'><strong>vetustissimo</strong></span> <span class='ocrx_word' id='word_1_574' title='bbox 1614 4571 1868 4639; x_wconf 88' lang='lat' dir='ltr'><strong>quodam</strong></span> <span class='ocrx_word' id='word_1_575' title='bbox 1895 4574 2100 4630; x_wconf 88' lang='lat' dir='ltr'><strong>Codice</strong></span> 
     </span>
    </p>
   </div>
   <div class='ocr_carea' id='block_1_80' title="bbox 454 4652 2096 4734">
    <p class='ocr_par' dir='ltr' id='par_1_80' title="bbox 454 4652 2096 4734">
     <span class='ocr_line' id='line_1_81' title="bbox 454 4652 2096 4734; baseline 0.007 -26"><span class='ocrx_word' id='word_1_576' title='bbox 454 4652 675 4723; x_wconf 87' lang='lat' dir='ltr'><strong>scripta</strong></span> <span class='ocrx_word' id='word_1_577' title='bbox 704 4654 973 4709; x_wconf 89' lang='lat' dir='ltr'><strong>versibus</strong></span> <span class='ocrx_word' id='word_1_578' title='bbox 1003 4653 1139 4726; x_wconf 90' lang='lat' dir='ltr'><strong>legi,</strong></span> <span class='ocrx_word' id='word_1_579' title='bbox 1163 4654 1221 4710; x_wconf 91' lang='lat' dir='ltr'><strong>in</strong></span> <span class='ocrx_word' id='word_1_580' title='bbox 1258 4656 1363 4711; x_wconf 89' lang='lat' dir='ltr'><strong>hoc</strong></span> <span class='ocrx_word' id='word_1_581' title='bbox 1387 4662 1645 4713; x_wconf 86' lang='lat' dir='ltr'><strong>notatum</strong></span> <span class='ocrx_word' id='word_1_582' title='bbox 1690 4665 1813 4714; x_wconf 83' lang='lat' dir='ltr'><strong>erat</strong></span> <span class='ocrx_word' id='word_1_583' title='bbox 1830 4661 2096 4734; x_wconf 86' lang='lat' dir='ltr'><strong>Origenis</strong></span> 
     </span>
    </p>
   </div>
   <div class='ocr_carea' id='block_1_81' title="bbox 453 4742 2094 4824">
    <p class='ocr_par' dir='ltr' id='par_1_81' title="bbox 453 4742 2094 4824">
     <span class='ocr_line' id='line_1_82' title="bbox 453 4742 2094 4824; baseline 0.007 -28"><span class='ocrx_word' id='word_1_584' title='bbox 453 4742 643 4813; x_wconf 89' lang='lat' dir='ltr'><strong>ipsius</strong></span> <span class='ocrx_word' id='word_1_585' title='bbox 675 4759 895 4811; x_wconf 86' lang='lat' dir='ltr'><strong>manu;</strong></span> <span class='ocrx_word' id='word_1_586' title='bbox 931 4743 1086 4799; x_wconf 87' lang='lat' dir='ltr'><strong>hunc</strong></span> <span class='ocrx_word' id='word_1_587' title='bbox 1121 4787 1135 4815; x_wconf 97' lang='lat'><strong>,</strong></span> <span class='ocrx_word' id='word_1_588' title='bbox 1168 4744 1382 4817; x_wconf 89' lang='lat' dir='ltr'><strong>inquit,</strong></span> <span class='ocrx_word' id='word_1_589' title='bbox 1415 4746 1681 4802; x_wconf 90' lang='lat' dir='ltr'><strong>libellum</strong></span> <span class='ocrx_word' id='word_1_590' title='bbox 1714 4749 1903 4805; x_wconf 89' lang='lat' dir='ltr'><strong>inveni</strong></span> <span class='ocrx_word' id='word_1_591' title='bbox 1938 4754 2094 4824; x_wconf 81' lang='lat' dir='ltr'><strong>apud</strong></span> 
     </span>
    </p>
   </div>
   <div class='ocr_carea' id='block_1_82' title="bbox 446 4832 2097 4904">
    <p class='ocr_par' dir='ltr' id='par_1_82' title="bbox 446 4832 2097 4904">
     <span class='ocr_line' id='line_1_83' title="bbox 446 4832 2097 4904; baseline 0.007 -18"><span class='ocrx_word' id='word_1_592' title='bbox 446 4832 734 4903; x_wconf 89' lang='lat' dir='ltr'><strong>virginem</strong></span> <span class='ocrx_word' id='word_1_593' title='bbox 785 4832 1102 4904; x_wconf 76' lang='lat' dir='ltr'><strong>quamdam</strong></span> <span class='ocrx_word' id='word_1_594' title='bbox 1138 4834 1376 4889; x_wconf 89' lang='lat' dir='ltr'><strong>nomine</strong></span> <span class='ocrx_word' id='word_1_595' title='bbox 1413 4835 1707 4893; x_wconf 88' lang='lat' dir='ltr'><strong>Julianam</strong></span> <span class='ocrx_word' id='word_1_596' title='bbox 1742 4839 1798 4893; x_wconf 93' lang='lat' dir='ltr'><strong>in</strong></span> <span class='ocrx_word' id='word_1_597' title='bbox 1835 4840 2097 4898; x_wconf 75' lang='lat' dir='ltr'><strong>Caesarea</strong></span> 
     </span>
    </p>
   </div>
   <div class='ocr_carea' id='block_1_83' title="bbox 443 4922 2093 5000">
    <p class='ocr_par' dir='ltr' id='par_1_83' title="bbox 443 4922 2093 5000">
     <span class='ocr_line' id='line_1_84' title="bbox 443 4922 2093 5000; baseline 0.007 -24"><span class='ocrx_word' id='word_1_598' title='bbox 443 4922 695 4989; x_wconf 90' lang='lat' dir='ltr'><strong>civitate,</strong></span> <span class='ocrx_word' id='word_1_599' title='bbox 730 4924 871 4978; x_wconf 89' lang='lat' dir='ltr'><strong>dum</strong></span> <span class='ocrx_word' id='word_1_600' title='bbox 906 4924 1059 4995; x_wconf 92' lang='lat' dir='ltr'><strong>apud</strong></span> <span class='ocrx_word' id='word_1_601' title='bbox 1104 4924 1292 4996; x_wconf 88' lang='lat' dir='ltr'><strong>ipsam</strong></span> <span class='ocrx_word' id='word_1_602' title='bbox 1343 4925 1606 4993; x_wconf 85' lang='lat' dir='ltr'><strong>laterem,</strong></span> <span class='ocrx_word' id='word_1_603' title='bbox 1643 4945 1769 5000; x_wconf 68' lang='lat' dir='ltr'><strong>quae</strong></span> <span class='ocrx_word' id='word_1_604' title='bbox 1800 4930 1966 4985; x_wconf 89' lang='lat' dir='ltr'><strong>illum</strong></span> <span class='ocrx_word' id='word_1_605' title='bbox 2021 4934 2093 4987; x_wconf 87' lang='lat' dir='ltr'><strong>ab</strong></span> 
     </span>
    </p>
   </div>
   <div class='ocr_carea' id='block_1_84' title="bbox 440 5005 2092 5093">
    <p class='ocr_par' dir='ltr' id='par_1_84' title="bbox 440 5005 2092 5093">
     <span class='ocr_line' id='line_1_85' title="bbox 440 5005 2092 5093; baseline 0.01 -31"><span class='ocrx_word' id='word_1_606' title='bbox 440 5005 570 5079; x_wconf 85' lang='lat' dir='ltr'><strong>ipso</strong></span> <span class='ocrx_word' id='word_1_607' title='bbox 600 5011 953 5083; x_wconf 89' lang='lat' dir='ltr'><strong>Symmacho</strong></span> <span class='ocrx_word' id='word_1_608' title='bbox 984 5016 1303 5085; x_wconf 88' lang='lat' dir='ltr'><strong>interprete</strong></span> <span class='ocrx_word' id='word_1_609' title='bbox 1332 5014 1671 5071; x_wconf 69' lang='lat' dir='ltr'><strong>Judaeorum</strong></span> <span class='ocrx_word' id='word_1_610' title='bbox 1706 5036 1766 5075; x_wconf 92' lang='lat' dir='ltr'><strong>se</strong></span> <span class='ocrx_word' id='word_1_611' title='bbox 1795 5023 2092 5093; x_wconf 84' lang='lat' dir='ltr'><strong>accepisse</strong></span> 
     </span>
    </p>
   </div>
   <div class='ocr_carea' id='block_1_85' title="bbox 441 5097 748 5155">
    <p class='ocr_par' dir='ltr' id='par_1_85' title="bbox 441 5097 748 5155">
     <span class='ocr_line' id='line_1_86' title="bbox 441 5097 748 5155; baseline 0.013 -5"><span class='ocrx_word' id='word_1_612' title='bbox 441 5097 748 5155; x_wconf 80' lang='lat' dir='ltr'><strong>referebat.</strong></span> 
     </span>
    </p>
   </div>
   <div class='ocr_carea' id='block_1_86' title="bbox 510 5189 2085 5268">
    <p class='ocr_par' dir='ltr' id='par_1_86' title="bbox 510 5189 2085 5268">
     <span class='ocr_line' id='line_1_87' title="bbox 510 5189 2085 5268; baseline 0.011 -27"><span class='ocrx_word' id='word_1_613' title='bbox 510 5190 631 5242; x_wconf 85' lang='lat' dir='ltr'><strong>Non</strong></span> <span class='ocrx_word' id='word_1_614' title='bbox 684 5189 812 5246; x_wconf 89' lang='lat' dir='ltr'><strong>sine</strong></span> <span class='ocrx_word' id='word_1_615' title='bbox 842 5207 1021 5247; x_wconf 88' lang='lat' dir='ltr'><strong>causa</strong></span> <span class='ocrx_word' id='word_1_616' title='bbox 1073 5196 1270 5248; x_wconf 89' lang='lat' dir='ltr'><strong>autem</strong></span> <span class='ocrx_word' id='word_1_617' title='bbox 1304 5193 1554 5251; x_wconf 89' lang='lat' dir='ltr'><strong>virtutes</strong></span> <span class='ocrx_word' id='word_1_618' title='bbox 1603 5213 1837 5268; x_wconf 90' lang='lat' dir='ltr'><strong>quoque</strong></span> <span class='ocrx_word' id='word_1_619' title='bbox 1874 5200 2085 5259; x_wconf 89' lang='lat' dir='ltr'><strong>harum</strong></span> 
     </span>
    </p>
   </div>
   <div class='ocr_carea' id='block_1_87' title="bbox 437 5276 2084 5360">
    <p class='ocr_par' dir='ltr' id='par_1_87' title="bbox 437 5276 2084 5360">
     <span class='ocr_line' id='line_1_88' title="bbox 437 5276 2084 5360; baseline 0.012 -32"><span class='ocrx_word' id='word_1_620' title='bbox 437 5276 603 5345; x_wconf 88' lang='lat' dir='ltr'><strong>posui</strong></span> <span class='ocrx_word' id='word_1_621' title='bbox 638 5277 1015 5349; x_wconf 87' lang='lat' dir='ltr'><strong>feminarum,</strong></span> <span class='ocrx_word' id='word_1_622' title='bbox 1050 5289 1113 5335; x_wconf 93' lang='lat' dir='ltr'><strong>ut</strong></span> <span class='ocrx_word' id='word_1_623' title='bbox 1144 5281 1405 5338; x_wconf 90' lang='lat' dir='ltr'><strong>sciamus</strong></span> <span class='ocrx_word' id='word_1_624' title='bbox 1430 5285 1585 5356; x_wconf 91' lang='lat' dir='ltr'><strong>quod</strong></span> <span class='ocrx_word' id='word_1_625' title='bbox 1611 5285 1814 5343; x_wconf 90' lang='lat' dir='ltr'><strong>multis</strong></span> <span class='ocrx_word' id='word_1_626' title='bbox 1837 5290 2084 5360; x_wconf 84' lang='lat' dir='ltr'><strong>proﬁce-</strong></span> 
     </span>
    </p>
   </div>
   <div class='ocr_carea' id='block_1_88' title="bbox 430 5365 1459 5438">
    <p class='ocr_par' dir='ltr' id='par_1_88' title="bbox 430 5365 1459 5438">
     <span class='ocr_line' id='line_1_89' title="bbox 430 5365 1459 5438; baseline 0.01 -21"><span class='ocrx_word' id='word_1_627' title='bbox 430 5379 493 5417; x_wconf 89' lang='lat' dir='ltr'><strong>re</strong></span> <span class='ocrx_word' id='word_1_628' title='bbox 526 5365 715 5422; x_wconf 90' lang='lat' dir='ltr'><strong>modis</strong></span> <span class='ocrx_word' id='word_1_629' title='bbox 752 5384 1071 5438; x_wconf 90' lang='lat' dir='ltr'><strong>possumus</strong></span> <span class='ocrx_word' id='word_1_630' title='bbox 1100 5370 1147 5426; x_wconf 91' lang='lat' dir='ltr'><strong>si</strong></span> <span class='ocrx_word' id='word_1_631' title='bbox 1185 5371 1459 5428; x_wconf 90' lang='lat' dir='ltr'><strong>velimus.</strong></span> 
     </span>
    </p>
   </div>
   <div class='ocr_carea' id='block_1_89' title="bbox 1047 5489 1459 5547">
    <p class='ocr_par' dir='ltr' id='par_1_89' title="bbox 1047 5489 1459 5547">
     <span class='ocr_line' id='line_1_90' title="bbox 1047 5489 1459 5547; baseline 0.007 -3"><span class='ocrx_word' id='word_1_632' title='bbox 1047 5489 1281 5545; x_wconf 88' lang='lat' dir='ltr'>CAPUT</span> <span class='ocrx_word' id='word_1_633' title='bbox 1316 5491 1459 5547; x_wconf 89' lang='lat' dir='ltr'><strong>LIII.</strong></span> 
     </span>
    </p>
   </div>
   <div class='ocr_carea' id='block_1_90' title="bbox 416 5572 2074 5704">
    <p class='ocr_par' dir='ltr' id='par_1_90' title="bbox 416 5572 2074 5704">
     <span class='ocr_line' id='line_1_91' title="bbox 416 5572 2074 5704; baseline 0.013 -78"><span class='ocrx_word' id='word_1_634' title='bbox 416 5572 492 5628; x_wconf 89' lang='lat' dir='ltr'><strong>De</strong></span> <span class='ocrx_word' id='word_1_635' title='bbox 527 5575 735 5628; x_wconf 77' lang='lat' dir='ltr'><strong>Juvene</strong></span> <span class='ocrx_word' id='word_1_636' title='bbox 772 5577 868 5646; x_wconf 80' lang='lat' dir='ltr'><strong>qui</strong></span> <span class='ocrx_word' id='word_1_637' title='bbox 916 5578 1119 5631; x_wconf 80' lang='lat' dir='ltr'><strong>maluit</strong></span> <span class='ocrx_word' id='word_1_638' title='bbox 1136 5580 1291 5704; x_wconf 51' lang='lat' dir='ltr'><strong>[mori</strong></span> <span class='ocrx_word' id='word_1_639' title='bbox 1322 5598 1486 5665; x_wconf 65' lang='lat' dir='ltr'><strong>quam</strong></span> <span class='ocrx_word' id='word_1_640' title='bbox 1537 5582 1747 5639; x_wconf 78' lang='lat' dir='ltr'><strong>Christi</strong></span> <span class='ocrx_word' id='word_1_641' title='bbox 1800 5587 2074 5654; x_wconf 80' lang='lat' dir='ltr'><strong>virginem</strong></span> 
     </span>
     <span class='ocr_line' id='line_1_92' title="bbox 1106 5665 1373 5704; baseline 0.007 -2"><span class='ocrx_word' id='word_1_642' title='bbox 1106 5665 1130 5702; x_wconf 73' lang='grc' dir='ltr'><strong><em>δ</em></strong></span> <span class='ocrx_word' id='word_1_643' title='bbox 1156 5666 1373 5704; x_wconf 75' lang='grc' dir='ltr'><strong>υυνανι.</strong></span> 
     </span>
    </p>
   </div>
   <div class='ocr_carea' id='block_1_91' title="bbox 1106 5665 1373 5722">
    <p class='ocr_par' dir='ltr' id='par_1_91' title="bbox 1106 5665 1373 5722">
     <span class='ocr_line' id='line_1_93' title="bbox 1106 5665 1373 5722; baseline 0.022 -20"><span class='ocrx_word' id='word_1_644' title='bbox 1106 5665 1373 5722; x_wconf 73' lang='grc' dir='ltr'><strong>διυρνανι.</strong></span> 
     </span>
    </p>
   </div>
   <div class='ocr_carea' id='block_1_92' title="bbox 481 5742 2073 5830">
    <p class='ocr_par' dir='ltr' id='par_1_92' title="bbox 481 5742 2073 5830">
     <span class='ocr_line' id='line_1_94' title="bbox 481 5742 2073 5830; baseline 0.012 -31"><span class='ocrx_word' id='word_1_645' title='bbox 481 5746 543 5799; x_wconf 93' lang='lat' dir='ltr'><strong>In</strong></span> <span class='ocrx_word' id='word_1_646' title='bbox 566 5742 680 5801; x_wconf 88' lang='lat' dir='ltr'><strong>alio</strong></span> <span class='ocrx_word' id='word_1_647' title='bbox 712 5759 947 5818; x_wconf 89' lang='lat' dir='ltr'><strong>quoque</strong></span> <span class='ocrx_word' id='word_1_648' title='bbox 967 5748 1195 5804; x_wconf 85' lang='lat' dir='ltr'><strong>vetusto</strong></span> <span class='ocrx_word' id='word_1_649' title='bbox 1212 5750 1535 5811; x_wconf 89' lang='lat' dir='ltr'><strong>admodum</strong></span> <span class='ocrx_word' id='word_1_650' title='bbox 1555 5753 1784 5829; x_wconf 90' lang='lat' dir='ltr'><strong>Codice,</strong></span> <span class='ocrx_word' id='word_1_651' title='bbox 1803 5758 1904 5830; x_wconf 90' lang='lat' dir='ltr'><strong>qui</strong></span> <span class='ocrx_word' id='word_1_652' title='bbox 1929 5761 2073 5817; x_wconf 90' lang='lat' dir='ltr'><strong>scri-</strong></span> 
     </span>
    </p>
   </div>
   <div class='ocr_carea' id='block_1_93' title="bbox 2230 3275 3857 3359">
    <p class='ocr_par' dir='ltr' id='par_1_93' title="bbox 2230 3275 3857 3359">
     <span class='ocr_line' id='line_1_95' title="bbox 2230 3275 3857 3359; baseline 0.009 -32"><span class='ocrx_word' id='word_1_653' title='bbox 2230 3278 2378 3343; x_wconf 91' lang='lat' dir='ltr'><strong>rent,</strong></span> <span class='ocrx_word' id='word_1_654' title='bbox 2396 3275 2727 3331; x_wconf 88' lang='lat' dir='ltr'><strong>necessario</strong></span> <span class='ocrx_word' id='word_1_655' title='bbox 2750 3293 2981 3348; x_wconf 89' lang='lat' dir='ltr'><strong>semper</strong></span> <span class='ocrx_word' id='word_1_656' title='bbox 2998 3278 3343 3351; x_wconf 74' lang='lat' dir='ltr'><strong>effugerent,</strong></span> <span class='ocrx_word' id='word_1_657' title='bbox 3364 3282 3557 3355; x_wconf 90' lang='lat' dir='ltr'><strong>ipsius</strong></span> <span class='ocrx_word' id='word_1_658' title='bbox 3580 3287 3857 3359; x_wconf 84' lang='lat' dir='ltr'><strong>contagio-</strong></span> 
     </span>
    </p>
   </div>
   <div class='ocr_carea' id='block_1_94' title="bbox 2228 3362 3864 3448">
    <p class='ocr_par' dir='ltr' id='par_1_94' title="bbox 2228 3362 3864 3448">
     <span class='ocr_line' id='line_1_96' title="bbox 2228 3362 3864 3448; baseline 0.008 -32"><span class='ocrx_word' id='word_1_659' title='bbox 2228 3362 2320 3418; x_wconf 90' lang='lat' dir='ltr'><strong>nis</strong></span> <span class='ocrx_word' id='word_1_660' title='bbox 2355 3362 2699 3420; x_wconf 87' lang='lat' dir='ltr'><strong>horrore.0b</strong></span> <span class='ocrx_word' id='word_1_661' title='bbox 2729 3367 2880 3435; x_wconf 92' lang='lat' dir='ltr'><strong>quod</strong></span> <span class='ocrx_word' id='word_1_662' title='bbox 2914 3367 3217 3424; x_wconf 89' lang='lat' dir='ltr'><strong>universos</strong></span> <span class='ocrx_word' id='word_1_663' title='bbox 3242 3370 3660 3430; x_wconf 87' lang='lat' dir='ltr'><strong>miserabiliter</strong></span> <span class='ocrx_word' id='word_1_664' title='bbox 3688 3391 3864 3448; x_wconf 85' lang='lat' dir='ltr'><strong>preca-</strong></span> 
     </span>
    </p>
   </div>
   <div class='ocr_carea' id='block_1_95' title="bbox 2225 3451 3857 3535">
    <p class='ocr_par' dir='ltr' id='par_1_95' title="bbox 2225 3451 3857 3535">
     <span class='ocr_line' id='line_1_97' title="bbox 2225 3451 3857 3535; baseline 0.007 -29"><span class='ocrx_word' id='word_1_665' title='bbox 2225 3451 2402 3506; x_wconf 90' lang='lat' dir='ltr'><strong>batur</strong></span> <span class='ocrx_word' id='word_1_666' title='bbox 2432 3457 2495 3507; x_wconf 90' lang='lat' dir='ltr'><strong>ut</strong></span> <span class='ocrx_word' id='word_1_667' title='bbox 2533 3470 2751 3524; x_wconf 91' lang='lat' dir='ltr'><strong>paucos</strong></span> <span class='ocrx_word' id='word_1_668' title='bbox 2782 3454 2968 3511; x_wconf 89' lang='lat' dir='ltr'><strong>eidem</strong></span> <span class='ocrx_word' id='word_1_669' title='bbox 3020 3460 3405 3516; x_wconf 84' lang='lat' dir='ltr'><strong>concederent</strong></span> <span class='ocrx_word' id='word_1_670' title='bbox 3433 3463 3583 3535; x_wconf 90' lang='lat' dir='ltr'><strong>dies,</strong></span> <span class='ocrx_word' id='word_1_671' title='bbox 3619 3463 3857 3520; x_wconf 90' lang='lat' dir='ltr'><strong>habituri</strong></span> 
     </span>
    </p>
   </div>
   <div class='ocr_carea' id='block_1_96' title="bbox 2225 3542 3860 3625">
    <p class='ocr_par' dir='ltr' id='par_1_96' title="bbox 2225 3542 3860 3625">
     <span class='ocr_line' id='line_1_98' title="bbox 2225 3542 3860 3625; baseline 0.008 -31"><span class='ocrx_word' id='word_1_672' title='bbox 2225 3542 2600 3611; x_wconf 85' lang='lat' dir='ltr'><strong>postmodum</strong></span> <span class='ocrx_word' id='word_1_673' title='bbox 2632 3542 2822 3613; x_wconf 89' lang='lat' dir='ltr'><strong>ipsius</strong></span> <span class='ocrx_word' id='word_1_674' title='bbox 2846 3549 3023 3616; x_wconf 88' lang='lat' dir='ltr'><strong>prout</strong></span> <span class='ocrx_word' id='word_1_675' title='bbox 3052 3554 3351 3619; x_wconf 90' lang='lat' dir='ltr'><strong>cuperent,</strong></span> <span class='ocrx_word' id='word_1_676' title='bbox 3379 3555 3435 3606; x_wconf 89' lang='lat' dir='ltr'><strong>et</strong></span> <span class='ocrx_word' id='word_1_677' title='bbox 3458 3551 3590 3609; x_wconf 88' lang='lat' dir='ltr'><strong>sine</strong></span> <span class='ocrx_word' id='word_1_678' title='bbox 3614 3552 3860 3625; x_wconf 87' lang='lat' dir='ltr'><strong>pecuniis</strong></span> 
     </span>
    </p>
   </div>
   <div class='ocr_carea' id='block_1_97' title="bbox 2223 3634 2596 3700">
    <p class='ocr_par' dir='ltr' id='par_1_97' title="bbox 2223 3634 2596 3700">
     <span class='ocr_line' id='line_1_99' title="bbox 2223 3634 2596 3700; baseline 0.008 -18"><span class='ocrx_word' id='word_1_679' title='bbox 2223 3634 2596 3700; x_wconf 89' lang='lat' dir='ltr'><strong>potestatem.</strong></span> 
     </span>
    </p>
   </div>
   <div class='ocr_carea' id='block_1_98' title="bbox 2295 3718 3859 3797">
    <p class='ocr_par' dir='ltr' id='par_1_98' title="bbox 2295 3718 3859 3797">
     <span class='ocr_line' id='line_1_100' title="bbox 2295 3718 3859 3797; baseline 0.01 -24"><span class='ocrx_word' id='word_1_680' title='bbox 2295 3718 2526 3775; x_wconf 87' lang='lat' dir='ltr'><strong>Interea</strong></span> <span class='ocrx_word' id='word_1_681' title='bbox 2556 3721 2696 3775; x_wconf 91' lang='lat' dir='ltr'><strong>dum</strong></span> <span class='ocrx_word' id='word_1_682' title='bbox 2725 3724 2781 3777; x_wconf 88' lang='lat' dir='ltr'><strong>et</strong></span> <span class='ocrx_word' id='word_1_683' title='bbox 2810 3721 2941 3778; x_wconf 89' lang='lat' dir='ltr'><strong>istis</strong></span> <span class='ocrx_word' id='word_1_684' title='bbox 2965 3724 3048 3778; x_wconf 90' lang='lat' dir='ltr'><strong>sic</strong></span> <span class='ocrx_word' id='word_1_685' title='bbox 3081 3723 3363 3797; x_wconf 88' lang='lat' dir='ltr'><strong>loquitur,</strong></span> <span class='ocrx_word' id='word_1_686' title='bbox 3385 3731 3441 3784; x_wconf 89' lang='lat' dir='ltr'><strong>et</strong></span> <span class='ocrx_word' id='word_1_687' title='bbox 3471 3731 3769 3787; x_wconf 85' lang='lat' dir='ltr'><strong>orationes</strong></span> <span class='ocrx_word' id='word_1_688' title='bbox 3797 3731 3859 3787; x_wconf 86' lang='lat' dir='ltr'><strong>ad</strong></span> 
     </span>
    </p>
   </div>
   <div class='ocr_carea' id='block_1_99' title="bbox 2222 3808 3855 3889">
    <p class='ocr_par' dir='ltr' id='par_1_99' title="bbox 2222 3808 3855 3889">
     <span class='ocr_line' id='line_1_101' title="bbox 2222 3808 3855 3889; baseline 0.009 -28"><span class='ocrx_word' id='word_1_689' title='bbox 2222 3808 2534 3863; x_wconf 89' lang='lat' dir='ltr'><strong>Dominum</strong></span> <span class='ocrx_word' id='word_1_690' title='bbox 2585 3817 2897 3881; x_wconf 90' lang='lat' dir='ltr'><strong>perpetuas</strong></span> <span class='ocrx_word' id='word_1_691' title='bbox 2929 3829 2994 3867; x_wconf 91' lang='lat' dir='ltr'><strong>ac</strong></span> <span class='ocrx_word' id='word_1_692' title='bbox 3026 3815 3314 3871; x_wconf 83' lang='lat' dir='ltr'><strong>maximas</strong></span> <span class='ocrx_word' id='word_1_693' title='bbox 3354 3817 3491 3874; x_wconf 82' lang='lat' dir='ltr'><strong>facit</strong></span> <span class='ocrx_word' id='word_1_694' title='bbox 3521 3821 3787 3889; x_wconf 84' lang='lat' dir='ltr'><strong>(Pallad.,</strong></span> <span class='ocrx_word' id='word_1_695' title='bbox 3814 3838 3855 3875; x_wconf 88' lang='lat' dir='ltr'><strong>c.</strong></span> 
     </span>
    </p>
   </div>
   <div class='ocr_carea' id='block_1_100' title="bbox 2222 3897 3862 3969">
    <p class='ocr_par' dir='ltr' id='par_1_100' title="bbox 2222 3897 3862 3969">
     <span class='ocr_line' id='line_1_102' title="bbox 2222 3897 3862 3969; baseline 0.01 -19"><span class='ocrx_word' id='word_1_696' title='bbox 2222 3897 2367 3968; x_wconf 82' lang='grc'><strong>149),</strong></span> <span class='ocrx_word' id='word_1_697' title='bbox 2401 3897 2518 3953; x_wconf 91' lang='lat' dir='ltr'><strong>illis</strong></span> <span class='ocrx_word' id='word_1_698' title='bbox 2551 3898 2695 3969; x_wconf 88' lang='lat' dir='ltr'><strong>ipsis</strong></span> <span class='ocrx_word' id='word_1_699' title='bbox 2719 3899 2929 3955; x_wconf 89' lang='lat' dir='ltr'><strong>diebus</strong></span> <span class='ocrx_word' id='word_1_700' title='bbox 2947 3901 3150 3960; x_wconf 90' lang='lat' dir='ltr'><strong>videns</strong></span> <span class='ocrx_word' id='word_1_701' title='bbox 3174 3906 3505 3964; x_wconf 81' lang='lat' dir='ltr'><strong>castitatem</strong></span> <span class='ocrx_word' id='word_1_702' title='bbox 3532 3915 3749 3967; x_wconf 65' lang='lat' dir='ltr'><strong>sanctae</strong></span> <span class='ocrx_word' id='word_1_703' title='bbox 3763 3910 3862 3966; x_wconf 90' lang='lat' dir='ltr'><strong>vir-</strong></span> 
     </span>
    </p>
   </div>
   <div class='ocr_carea' id='block_1_101' title="bbox 2216 3985 3857 4072">
    <p class='ocr_par' dir='ltr' id='par_1_101' title="bbox 2216 3985 3857 4072">
     <span class='ocr_line' id='line_1_103' title="bbox 2216 3985 3857 4072; baseline 0.01 -32"><span class='ocrx_word' id='word_1_704' title='bbox 2216 3985 2366 4056; x_wconf 85' lang='lat' dir='ltr'><strong>ginis</strong></span> <span class='ocrx_word' id='word_1_705' title='bbox 2403 3988 2571 4058; x_wconf 91' lang='lat' dir='ltr'><strong>Deus,</strong></span> <span class='ocrx_word' id='word_1_706' title='bbox 2595 3992 2791 4045; x_wconf 89' lang='lat' dir='ltr'><strong>custos</strong></span> <span class='ocrx_word' id='word_1_707' title='bbox 2814 3989 3024 4047; x_wconf 86' lang='lat' dir='ltr'><strong>salutis</strong></span> <span class='ocrx_word' id='word_1_708' title='bbox 3052 3992 3628 4067; x_wconf 74' lang='lat' dir='ltr'><strong>humanae,juvenem</strong></span> <span class='ocrx_word' id='word_1_709' title='bbox 3664 4017 3857 4072; x_wconf 90' lang='lat' dir='ltr'><strong>quem-</strong></span> 
     </span>
    </p>
   </div>
   <div class='ocr_carea' id='block_1_102' title="bbox 2216 4074 3858 4159">
    <p class='ocr_par' dir='ltr' id='par_1_102' title="bbox 2216 4074 3858 4159">
     <span class='ocr_line' id='line_1_104' title="bbox 2216 4074 3858 4159; baseline 0.01 -32"><span class='ocrx_word' id='word_1_710' title='bbox 2216 4074 2351 4129; x_wconf 88' lang='lat' dir='ltr'><strong>dam</strong></span> <span class='ocrx_word' id='word_1_711' title='bbox 2385 4081 2653 4147; x_wconf 88' lang='lat' dir='ltr'><strong>agentem</strong></span> <span class='ocrx_word' id='word_1_712' title='bbox 2684 4077 2741 4131; x_wconf 91' lang='lat' dir='ltr'><strong>in</strong></span> <span class='ocrx_word' id='word_1_713' title='bbox 2776 4079 2952 4134; x_wconf 91' lang='lat' dir='ltr'><strong>rebus</strong></span> <span class='ocrx_word' id='word_1_714' title='bbox 2981 4081 3094 4151; x_wconf 88' lang='lat'><strong>(36)</strong></span> <span class='ocrx_word' id='word_1_715' title='bbox 3126 4087 3244 4137; x_wconf 91' lang='lat' dir='ltr'><strong>tam</strong></span> <span class='ocrx_word' id='word_1_716' title='bbox 3279 4085 3441 4140; x_wconf 89' lang='lat' dir='ltr'><strong>vultu</strong></span> <span class='ocrx_word' id='word_1_717' title='bbox 3475 4104 3657 4159; x_wconf 90' lang='lat' dir='ltr'><strong>quam</strong></span> <span class='ocrx_word' id='word_1_718' title='bbox 3695 4089 3858 4145; x_wconf 88' lang='lat' dir='ltr'><strong>mori-</strong></span> 
     </span>
    </p>
   </div>
   <div class='ocr_carea' id='block_1_103' title="bbox 2214 4164 3859 4242">
    <p class='ocr_par' dir='ltr' id='par_1_103' title="bbox 2214 4164 3859 4242">
     <span class='ocr_line' id='line_1_105' title="bbox 2214 4164 3859 4242; baseline 0.009 -22"><span class='ocrx_word' id='word_1_719' title='bbox 2214 4164 2325 4221; x_wconf 80' lang='lat' dir='ltr'><strong>bus</strong></span> <span class='ocrx_word' id='word_1_720' title='bbox 2340 4167 2577 4236; x_wconf 91' lang='lat' dir='ltr'><strong>bonum,</strong></span> <span class='ocrx_word' id='word_1_721' title='bbox 2599 4168 2678 4224; x_wconf 89' lang='lat' dir='ltr'><strong>ita</strong></span> <span class='ocrx_word' id='word_1_722' title='bbox 2693 4175 2885 4225; x_wconf 90' lang='lat' dir='ltr'><strong>mente</strong></span> <span class='ocrx_word' id='word_1_723' title='bbox 2898 4175 3233 4242; x_wconf 91' lang='lat' dir='ltr'><strong>commovit,</strong></span> <span class='ocrx_word' id='word_1_724' title='bbox 3258 4181 3322 4231; x_wconf 89' lang='lat' dir='ltr'><strong>ut</strong></span> <span class='ocrx_word' id='word_1_725' title='bbox 3342 4175 3436 4231; x_wconf 89' lang='lat' dir='ltr'><strong>ille</strong></span> <span class='ocrx_word' id='word_1_726' title='bbox 3455 4179 3659 4237; x_wconf 91' lang='lat' dir='ltr'><strong>divino</strong></span> <span class='ocrx_word' id='word_1_727' title='bbox 3674 4197 3859 4236; x_wconf 89' lang='lat' dir='ltr'><strong>amore</strong></span> 
     </span>
    </p>
   </div>
   <div class='ocr_carea' id='block_1_104' title="bbox 2213 4262 3855 4343">
    <p class='ocr_par' dir='ltr' id='par_1_104' title="bbox 2213 4262 3855 4343">
     <span class='ocr_line' id='line_1_106' title="bbox 2213 4262 3855 4343; baseline 0.009 -33"><span class='ocrx_word' id='word_1_728' title='bbox 2213 4273 2556 4328; x_wconf 91' lang='lat' dir='ltr'><strong>succensus,</strong></span> <span class='ocrx_word' id='word_1_729' title='bbox 2580 4276 2682 4329; x_wconf 91' lang='lat' dir='ltr'><strong>pro</strong></span> <span class='ocrx_word' id='word_1_730' title='bbox 2709 4275 2775 4314; x_wconf 87' lang='lat' dir='ltr'><strong>ea</strong></span> <span class='ocrx_word' id='word_1_731' title='bbox 2799 4266 3037 4331; x_wconf 88' lang='lat' dir='ltr'><strong>cuperet</strong></span> <span class='ocrx_word' id='word_1_732' title='bbox 3066 4262 3326 4320; x_wconf 89' lang='lat' dir='ltr'><strong>interire.</strong></span> <span class='ocrx_word' id='word_1_733' title='bbox 3354 4267 3477 4323; x_wconf 88' lang='lat' dir='ltr'><strong>Sub</strong></span> <span class='ocrx_word' id='word_1_734' title='bbox 3496 4268 3699 4342; x_wconf 86' lang='lat' dir='ltr'><strong>specie</strong></span> <span class='ocrx_word' id='word_1_735' title='bbox 3729 4287 3855 4343; x_wconf 83' lang='lat' dir='ltr'><strong>ergo</strong></span> 
     </span>
    </p>
   </div>
   <div class='ocr_carea' id='block_1_105' title="bbox 2209 4346 3856 4424">
    <p class='ocr_par' dir='ltr' id='par_1_105' title="bbox 2209 4346 3856 4424">
     <span class='ocr_line' id='line_1_107' title="bbox 2209 4346 3856 4424; baseline 0.009 -25"><span class='ocrx_word' id='word_1_736' title='bbox 2209 4346 2592 4417; x_wconf 84' lang='lat' dir='ltr'><strong>turpitudinis</strong></span> <span class='ocrx_word' id='word_1_737' title='bbox 2615 4350 3035 4419; x_wconf 57' lang='lat' dir='ltr'><strong>perpetranda,</strong></span> <span class='ocrx_word' id='word_1_738' title='bbox 3066 4351 3207 4407; x_wconf 87' lang='lat' dir='ltr'><strong>hora</strong></span> <span class='ocrx_word' id='word_1_739' title='bbox 3238 4356 3531 4424; x_wconf 82' lang='lat' dir='ltr'><strong>profunda</strong></span> <span class='ocrx_word' id='word_1_740' title='bbox 3569 4361 3760 4415; x_wconf 89' lang='lat' dir='ltr'><strong>noctis</strong></span> <span class='ocrx_word' id='word_1_741' title='bbox 3792 4360 3856 4415; x_wconf 88' lang='lat' dir='ltr'><strong>ad</strong></span> 
     </span>
    </p>
   </div>
   <div class='ocr_carea' id='block_1_106' title="bbox 2206 4432 3854 4517">
    <p class='ocr_par' dir='ltr' id='par_1_106' title="bbox 2206 4432 3854 4517">
     <span class='ocr_line' id='line_1_108' title="bbox 2206 4432 3854 4517; baseline 0.01 -30"><span class='ocrx_word' id='word_1_742' title='bbox 2206 4432 2474 4490; x_wconf 90' lang='lat' dir='ltr'><strong>lenonem</strong></span> <span class='ocrx_word' id='word_1_743' title='bbox 2501 4435 2803 4507; x_wconf 85' lang='lat' dir='ltr'><strong>lupanaris</strong></span> <span class='ocrx_word' id='word_1_744' title='bbox 2829 4437 3017 4505; x_wconf 88' lang='lat' dir='ltr'><strong>ipsius</strong></span> <span class='ocrx_word' id='word_1_745' title='bbox 3040 4442 3219 4498; x_wconf 85' lang='lat' dir='ltr'><strong>venit.</strong></span> <span class='ocrx_word' id='word_1_746' title='bbox 3245 4444 3505 4517; x_wconf 86' lang='lat' dir='ltr'><strong>quinque</strong></span> <span class='ocrx_word' id='word_1_747' title='bbox 3531 4448 3758 4505; x_wconf 88' lang='lat' dir='ltr'><strong>solidos</strong></span> <span class='ocrx_word' id='word_1_748' title='bbox 3778 4449 3854 4504; x_wconf 84' lang='lat' dir='ltr'><strong>of-</strong></span> 
     </span>
    </p>
   </div>
   <div class='ocr_carea' id='block_1_107' title="bbox 2210 4523 3858 4604">
    <p class='ocr_par' dir='ltr' id='par_1_107' title="bbox 2210 4523 3858 4604">
     <span class='ocr_line' id='line_1_109' title="bbox 2210 4523 3858 4604; baseline 0.01 -27"><span class='ocrx_word' id='word_1_749' title='bbox 2210 4523 2400 4579; x_wconf 82' lang='lat' dir='ltr'><strong>ferens</strong></span> <span class='ocrx_word' id='word_1_750' title='bbox 2413 4524 2484 4589; x_wconf 79' lang='lat' dir='ltr'><strong>ei,</strong></span> <span class='ocrx_word' id='word_1_751' title='bbox 2502 4531 2823 4598; x_wconf 87' lang='lat' dir='ltr'><strong>petensque</strong></span> <span class='ocrx_word' id='word_1_752' title='bbox 2849 4533 2911 4582; x_wconf 90' lang='lat' dir='ltr'><strong>ut</strong></span> <span class='ocrx_word' id='word_1_753' title='bbox 2930 4546 3164 4585; x_wconf 85' lang='lat' dir='ltr'><strong>manere</strong></span> <span class='ocrx_word' id='word_1_754' title='bbox 3189 4531 3298 4604; x_wconf 91' lang='lat' dir='ltr'><strong>ipsi</strong></span> <span class='ocrx_word' id='word_1_755' title='bbox 3316 4551 3448 4589; x_wconf 89' lang='lat' dir='ltr'><strong>cum</strong></span> <span class='ocrx_word' id='word_1_756' title='bbox 3466 4539 3681 4595; x_wconf 88' lang='lat' dir='ltr'><strong>eadem</strong></span> <span class='ocrx_word' id='word_1_757' title='bbox 3699 4544 3858 4594; x_wconf 87' lang='lat' dir='ltr'><strong>nocte</strong></span> 
     </span>
    </p>
   </div>
   <div class='ocr_carea' id='block_1_108' title="bbox 2207 4611 3856 4691">
    <p class='ocr_par' dir='ltr' id='par_1_108' title="bbox 2207 4611 3856 4691">
     <span class='ocr_line' id='line_1_110' title="bbox 2207 4611 3856 4691; baseline 0.011 -26"><span class='ocrx_word' id='word_1_758' title='bbox 2207 4611 2680 4671; x_wconf 89' lang='lat' dir='ltr'><strong>illaconcederet.</strong></span> <span class='ocrx_word' id='word_1_759' title='bbox 2706 4618 3013 4687; x_wconf 86' lang='lat' dir='ltr'><strong>Ingressus</strong></span> <span class='ocrx_word' id='word_1_760' title='bbox 3037 4618 3234 4691; x_wconf 88' lang='lat' dir='ltr'><strong>itaque</strong></span> <span class='ocrx_word' id='word_1_761' title='bbox 3263 4623 3332 4677; x_wconf 90' lang='lat' dir='ltr'><strong>ad</strong></span> <span class='ocrx_word' id='word_1_762' title='bbox 3360 4626 3743 4683; x_wconf 89' lang='lat' dir='ltr'><strong>secretiorem</strong></span> <span class='ocrx_word' id='word_1_763' title='bbox 3762 4629 3856 4682; x_wconf 87' lang='lat' dir='ltr'><strong>do-</strong></span> 
     </span>
    </p>
   </div>
   <div class='ocr_carea' id='block_1_109' title="bbox 2209 4703 3858 4788">
    <p class='ocr_par' dir='ltr' id='par_1_109' title="bbox 2209 4703 3858 4788">
     <span class='ocr_line' id='line_1_111' title="bbox 2209 4703 3858 4788; baseline 0.009 -33"><span class='ocrx_word' id='word_1_764' title='bbox 2209 4718 2340 4755; x_wconf 87' lang='lat' dir='ltr'><strong>mus</strong></span> <span class='ocrx_word' id='word_1_765' title='bbox 2364 4710 2601 4774; x_wconf 88' lang='lat' dir='ltr'><strong>partem,</strong></span> <span class='ocrx_word' id='word_1_766' title='bbox 2621 4703 2704 4758; x_wconf 88' lang='lat' dir='ltr'><strong>sic</strong></span> <span class='ocrx_word' id='word_1_767' title='bbox 2727 4704 2937 4760; x_wconf 82' lang='lat' dir='ltr'><strong>ail‘atus</strong></span> <span class='ocrx_word' id='word_1_768' title='bbox 2952 4710 3037 4761; x_wconf 85' lang='lat' dir='ltr'><strong>est</strong></span> <span class='ocrx_word' id='word_1_769' title='bbox 3053 4709 3339 4779; x_wconf 89' lang='lat' dir='ltr'><strong>virginem</strong></span> <span class='ocrx_word' id='word_1_770' title='bbox 3362 4728 3374 4767; x_wconf 89' lang='lat'><strong>:</strong></span> <span class='ocrx_word' id='word_1_771' title='bbox 3394 4712 3611 4788; x_wconf 90' lang='lat' dir='ltr'><strong>Surge,</strong></span> <span class='ocrx_word' id='word_1_772' title='bbox 3626 4717 3787 4772; x_wconf 88' lang='lat' dir='ltr'><strong>salva</strong></span> <span class='ocrx_word' id='word_1_773' title='bbox 3807 4720 3858 4770; x_wconf 87' lang='lat' dir='ltr'><strong>te</strong></span> 
     </span>
    </p>
   </div>
   <div class='ocr_carea' id='block_1_110' title="bbox 2206 4791 3858 4865">
    <p class='ocr_par' dir='ltr' id='par_1_110' title="bbox 2206 4791 3858 4865">
     <span class='ocr_line' id='line_1_112' title="bbox 2206 4791 3858 4865; baseline 0.009 -21"><span class='ocrx_word' id='word_1_774' title='bbox 2206 4806 2270 4844; x_wconf 87' lang='lat' dir='ltr'><strong>ac</strong></span> <span class='ocrx_word' id='word_1_775' title='bbox 2291 4791 2495 4846; x_wconf 88' lang='lat' dir='ltr'><strong>libera.</strong></span> <span class='ocrx_word' id='word_1_776' title='bbox 2521 4792 2921 4865; x_wconf 88' lang='lat' dir='ltr'><strong>Spoliavitque</strong></span> <span class='ocrx_word' id='word_1_777' title='bbox 2938 4813 2998 4851; x_wconf 89' lang='lat' dir='ltr'><strong>se</strong></span> <span class='ocrx_word' id='word_1_778' title='bbox 3013 4798 3274 4853; x_wconf 87' lang='lat' dir='ltr'><strong>vestibus</strong></span> <span class='ocrx_word' id='word_1_779' title='bbox 3290 4802 3415 4857; x_wconf 91' lang='lat' dir='ltr'><strong>suis</strong></span> <span class='ocrx_word' id='word_1_780' title='bbox 3437 4803 3571 4863; x_wconf 91' lang='lat' dir='ltr'><strong>(hoc</strong></span> <span class='ocrx_word' id='word_1_781' title='bbox 3597 4805 3858 4862; x_wconf 71' lang='lat' dir='ltr'><strong>estcaoti-</strong></span> 
     </span>
    </p>
   </div>
   <div class='ocr_carea' id='block_1_111' title="bbox 2204 4880 3857 4967">
    <p class='ocr_par' dir='ltr' id='par_1_111' title="bbox 2204 4880 3857 4967">
     <span class='ocr_line' id='line_1_113' title="bbox 2204 4880 3857 4967; baseline 0.008 -32"><span class='ocrx_word' id='word_1_782' title='bbox 2204 4880 2312 4949; x_wconf 84' lang='lat' dir='ltr'><strong>sia,</strong></span> <span class='ocrx_word' id='word_1_783' title='bbox 2337 4880 2644 4953; x_wconf 81' lang='lat' dir='ltr'><strong>chlamyde</strong></span> <span class='ocrx_word' id='word_1_784' title='bbox 2667 4887 2721 4937; x_wconf 91' lang='lat' dir='ltr'><strong>et</strong></span> <span class='ocrx_word' id='word_1_785' title='bbox 2743 4882 2875 4939; x_wconf 91' lang='lat' dir='ltr'><strong>aliis</strong></span> <span class='ocrx_word' id='word_1_786' title='bbox 2895 4885 3168 4943; x_wconf 89' lang='lat' dir='ltr'><strong>virilibus</strong></span> <span class='ocrx_word' id='word_1_787' title='bbox 3193 4891 3439 4965; x_wconf 89' lang='lat' dir='ltr'><strong>cunctis)</strong></span> <span class='ocrx_word' id='word_1_788' title='bbox 3463 4896 3764 4967; x_wconf 88' lang='lat' dir='ltr'><strong>atqueind</strong></span> <span class='ocrx_word' id='word_1_789' title='bbox 3778 4896 3857 4951; x_wconf 91' lang='lat' dir='ltr'><strong>uit</strong></span> 
     </span>
    </p>
   </div>
   <div class='ocr_carea' id='block_1_112' title="bbox 2202 4968 3858 5056">
    <p class='ocr_par' dir='ltr' id='par_1_112' title="bbox 2202 4968 3858 5056">
     <span class='ocr_line' id='line_1_114' title="bbox 2202 4968 3858 5056; baseline 0.009 -32"><span class='ocrx_word' id='word_1_790' title='bbox 2202 4968 2479 5040; x_wconf 87' lang='lat' dir='ltr'><strong>puellam,</strong></span> <span class='ocrx_word' id='word_1_791' title='bbox 2512 4972 2712 5027; x_wconf 90' lang='lat' dir='ltr'><strong>dicens</strong></span> <span class='ocrx_word' id='word_1_792' title='bbox 2746 4972 2797 5028; x_wconf 90' lang='lat' dir='ltr'><strong>ei</strong></span> <span class='ocrx_word' id='word_1_793' title='bbox 2834 4990 2848 5029; x_wconf 86' lang='lat'><strong>:</strong></span> <span class='ocrx_word' id='word_1_794' title='bbox 2879 4975 3127 5031; x_wconf 87' lang='lat' dir='ltr'><strong>Summa</strong></span> <span class='ocrx_word' id='word_1_795' title='bbox 3157 4983 3319 5049; x_wconf 90' lang='lat' dir='ltr'><strong>parte</strong></span> <span class='ocrx_word' id='word_1_796' title='bbox 3353 4980 3695 5056; x_wconf 82' lang='lat' dir='ltr'><strong>chlamydis</strong></span> <span class='ocrx_word' id='word_1_797' title='bbox 3737 4984 3858 5040; x_wconf 88' lang='lat' dir='ltr'><strong>vela</strong></span> 
     </span>
    </p>
   </div>
   <div class='ocr_carea' id='block_1_113' title="bbox 2199 5061 3861 5147">
    <p class='ocr_par' dir='ltr' id='par_1_113' title="bbox 2199 5061 3861 5147">
     <span class='ocr_line' id='line_1_115' title="bbox 2199 5061 3861 5147; baseline 0.01 -34"><span class='ocrx_word' id='word_1_798' title='bbox 2199 5069 2375 5131; x_wconf 85' lang='lat' dir='ltr'><strong>caput</strong></span> <span class='ocrx_word' id='word_1_799' title='bbox 2408 5066 2598 5127; x_wconf 88' lang='lat' dir='ltr'><strong>tuum,</strong></span> <span class='ocrx_word' id='word_1_800' title='bbox 2627 5066 2685 5116; x_wconf 91' lang='lat' dir='ltr'><strong>et</strong></span> <span class='ocrx_word' id='word_1_801' title='bbox 2705 5061 2895 5117; x_wconf 89' lang='lat' dir='ltr'><strong>velata</strong></span> <span class='ocrx_word' id='word_1_802' title='bbox 2917 5067 3135 5121; x_wconf 85' lang='lat' dir='ltr'><strong>recede.</strong></span> <span class='ocrx_word' id='word_1_803' title='bbox 3155 5068 3288 5131; x_wconf 65' lang='lat' dir='ltr'><strong>Qum</strong></span> <span class='ocrx_word' id='word_1_804' title='bbox 3312 5086 3449 5126; x_wconf 89' lang='lat' dir='ltr'><strong>cum</strong></span> <span class='ocrx_word' id='word_1_805' title='bbox 3470 5090 3533 5128; x_wconf 89' lang='lat' dir='ltr'><strong>se</strong></span> <span class='ocrx_word' id='word_1_806' title='bbox 3559 5075 3861 5147; x_wconf 85' lang='lat' dir='ltr'><strong>signasset</strong></span> 
     </span>
    </p>
   </div>
   <div class='ocr_carea' id='block_1_114' title="bbox 2198 5147 3854 5231">
    <p class='ocr_par' dir='ltr' id='par_1_114' title="bbox 2198 5147 3854 5231">
     <span class='ocr_line' id='line_1_116' title="bbox 2198 5147 3854 5231; baseline 0.011 -30"><span class='ocrx_word' id='word_1_807' title='bbox 2198 5147 2257 5202; x_wconf 90' lang='lat' dir='ltr'><strong>iu</strong></span> <span class='ocrx_word' id='word_1_808' title='bbox 2291 5148 2525 5205; x_wconf 89' lang='lat' dir='ltr'><strong>nomine</strong></span> <span class='ocrx_word' id='word_1_809' title='bbox 2562 5151 2811 5222; x_wconf 86' lang='lat' dir='ltr'><strong>Domini,</strong></span> <span class='ocrx_word' id='word_1_810' title='bbox 2844 5152 2927 5208; x_wconf 90' lang='lat' dir='ltr'><strong>ita</strong></span> <span class='ocrx_word' id='word_1_811' title='bbox 2957 5156 3225 5225; x_wconf 84' lang='lat' dir='ltr'><strong>utjussit</strong></span> <span class='ocrx_word' id='word_1_812' title='bbox 3253 5175 3491 5231; x_wconf 87' lang='lat' dir='ltr'><strong>egressa</strong></span> <span class='ocrx_word' id='word_1_813' title='bbox 3520 5168 3642 5219; x_wconf 88' lang='lat' dir='ltr'><strong>est.</strong></span> <span class='ocrx_word' id='word_1_814' title='bbox 3676 5166 3854 5229; x_wconf 81' lang='lat' dir='ltr'><strong>Quam</strong></span> 
     </span>
    </p>
   </div>
   <div class='ocr_carea' id='block_1_115' title="bbox 2197 5237 3787 5321">
    <p class='ocr_par' dir='ltr' id='par_1_115' title="bbox 2197 5237 3787 5321">
     <span class='ocr_line' id='line_1_117' title="bbox 2197 5237 3787 5321; baseline 0.011 -29"><span class='ocrx_word' id='word_1_815' title='bbox 2197 5237 2282 5293; x_wconf 89' lang='lat' dir='ltr'><strong>sic</strong></span> <span class='ocrx_word' id='word_1_816' title='bbox 2312 5238 2598 5295; x_wconf 85' lang='lat' dir='ltr'><strong>Dominus</strong></span> <span class='ocrx_word' id='word_1_817' title='bbox 2632 5240 2911 5297; x_wconf 84' lang='lat' dir='ltr'><strong>intactam</strong></span> <span class='ocrx_word' id='word_1_818' title='bbox 2943 5241 3466 5321; x_wconf 85' lang='lat' dir='ltr'><strong>incorruptamque</strong></span> <span class='ocrx_word' id='word_1_819' title='bbox 3493 5254 3787 5310; x_wconf 77' lang='lat' dir='ltr'><strong>servavit~</strong></span> 
     </span>
    </p>
   </div>
   <div class='ocr_carea' id='block_1_116' title="bbox 2266 5327 3853 5412">
    <p class='ocr_par' dir='ltr' id='par_1_116' title="bbox 2266 5327 3853 5412">
     <span class='ocr_line' id='line_1_118' title="bbox 2266 5327 3853 5412; baseline 0.011 -31"><span class='ocrx_word' id='word_1_820' title='bbox 2266 5327 2501 5383; x_wconf 88' lang='lat' dir='ltr'><strong>Postero</strong></span> <span class='ocrx_word' id='word_1_821' title='bbox 2535 5332 2729 5384; x_wconf 85' lang='lat' dir='ltr'><strong>autem</strong></span> <span class='ocrx_word' id='word_1_822' title='bbox 2779 5330 2893 5403; x_wconf 89' lang='lat' dir='ltr'><strong>die,</strong></span> <span class='ocrx_word' id='word_1_823' title='bbox 2927 5332 3157 5405; x_wconf 90' lang='lat' dir='ltr'><strong>cognito</strong></span> <span class='ocrx_word' id='word_1_824' title='bbox 3191 5338 3467 5393; x_wconf 88' lang='lat' dir='ltr'><strong>omnibus</strong></span> <span class='ocrx_word' id='word_1_825' title='bbox 3509 5340 3633 5398; x_wconf 90' lang='lat' dir='ltr'><strong>hoc</strong></span> <span class='ocrx_word' id='word_1_826' title='bbox 3679 5344 3853 5412; x_wconf 82' lang='lat' dir='ltr'><strong>facto,</strong></span> 
     </span>
    </p>
   </div>
   <div class='ocr_carea' id='block_1_117' title="bbox 2193 5417 3852 5493">
    <p class='ocr_par' dir='ltr' id='par_1_117' title="bbox 2193 5417 3852 5493">
     <span class='ocr_line' id='line_1_119' title="bbox 2193 5417 3852 5493; baseline 0.013 -25"><span class='ocrx_word' id='word_1_827' title='bbox 2193 5431 2371 5486; x_wconf 89' lang='lat' dir='ltr'><strong>agens</strong></span> <span class='ocrx_word' id='word_1_828' title='bbox 2402 5417 2461 5471; x_wconf 89' lang='lat' dir='ltr'><strong>in</strong></span> <span class='ocrx_word' id='word_1_829' title='bbox 2495 5418 2671 5473; x_wconf 91' lang='lat' dir='ltr'><strong>rebus</strong></span> <span class='ocrx_word' id='word_1_830' title='bbox 2693 5418 2990 5490; x_wconf 89' lang='lat' dir='ltr'><strong>illejudici</strong></span> <span class='ocrx_word' id='word_1_831' title='bbox 3019 5423 3291 5493; x_wconf 87' lang='lat' dir='ltr'><strong>traditus,</strong></span> <span class='ocrx_word' id='word_1_832' title='bbox 3317 5444 3383 5483; x_wconf 91' lang='lat' dir='ltr'><strong>ac</strong></span> <span class='ocrx_word' id='word_1_833' title='bbox 3404 5429 3749 5489; x_wconf 85' lang='lat' dir='ltr'><strong>bestiarum</strong></span> <span class='ocrx_word' id='word_1_834' title='bbox 3773 5433 3852 5488; x_wconf 79' lang='lat' dir='ltr'><strong>fe-</strong></span> 
     </span>
    </p>
   </div>
   <div class='ocr_carea' id='block_1_118' title="bbox 2191 5504 3856 5591">
    <p class='ocr_par' dir='ltr' id='par_1_118' title="bbox 2191 5504 3856 5591">
     <span class='ocr_line' id='line_1_120' title="bbox 2191 5504 3856 5591; baseline 0.012 -34"><span class='ocrx_word' id='word_1_835' title='bbox 2191 5506 2361 5559; x_wconf 88' lang='lat' dir='ltr'><strong>ritate</strong></span> <span class='ocrx_word' id='word_1_836' title='bbox 2394 5504 2724 5577; x_wconf 77' lang='lat' dir='ltr'><strong>discerptus</strong></span> <span class='ocrx_word' id='word_1_837' title='bbox 2755 5514 2861 5573; x_wconf 86' lang='lat' dir='ltr'><strong>est,</strong></span> <span class='ocrx_word' id='word_1_838' title='bbox 2900 5515 2964 5565; x_wconf 91' lang='lat' dir='ltr'><strong>ut</strong></span> <span class='ocrx_word' id='word_1_839' title='bbox 2994 5513 3170 5568; x_wconf 90' lang='lat' dir='ltr'><strong>etiam</strong></span> <span class='ocrx_word' id='word_1_840' title='bbox 3206 5515 3263 5570; x_wconf 91' lang='lat' dir='ltr'><strong>in</strong></span> <span class='ocrx_word' id='word_1_841' title='bbox 3299 5515 3404 5573; x_wconf 91' lang='lat' dir='ltr'><strong>hac</strong></span> <span class='ocrx_word' id='word_1_842' title='bbox 3437 5525 3610 5591; x_wconf 87' lang='lat' dir='ltr'><strong>parte</strong></span> <span class='ocrx_word' id='word_1_843' title='bbox 3643 5524 3856 5579; x_wconf 84' lang='lat' dir='ltr'><strong>confu-</strong></span> 
     </span>
    </p>
   </div>
   <div class='ocr_carea' id='block_1_119' title="bbox 2189 5598 3852 5686">
    <p class='ocr_par' dir='ltr' id='par_1_119' title="bbox 2189 5598 3852 5686">
     <span class='ocr_line' id='line_1_121' title="bbox 2189 5598 3852 5686; baseline 0.012 -37"><span class='ocrx_word' id='word_1_844' title='bbox 2189 5611 2289 5650; x_wconf 87' lang='lat' dir='ltr'><strong>sus</strong></span> <span class='ocrx_word' id='word_1_845' title='bbox 2339 5598 2707 5686; x_wconf 83' lang='lat' dir='ltr'><strong>erubesceret</strong></span> <span class='ocrx_word' id='word_1_846' title='bbox 2738 5599 2987 5670; x_wconf 71' lang='lat' dir='ltr'><strong>daemon,</strong></span> <span class='ocrx_word' id='word_1_847' title='bbox 3020 5602 3360 5678; x_wconf 83' lang='lat' dir='ltr'><strong>videretque</strong></span> <span class='ocrx_word' id='word_1_848' title='bbox 3390 5626 3523 5665; x_wconf 89' lang='lat' dir='ltr'><strong>eum</strong></span> <span class='ocrx_word' id='word_1_849' title='bbox 3562 5615 3695 5667; x_wconf 87' lang='lat' dir='ltr'><strong>tam</strong></span> <span class='ocrx_word' id='word_1_850' title='bbox 3750 5629 3852 5686; x_wconf 85' lang='lat' dir='ltr'><strong>pro</strong></span> 
     </span>
    </p>
   </div>
   <div class='ocr_carea' id='block_1_120' title="bbox 2186 5680 3852 5757">
    <p class='ocr_par' dir='ltr' id='par_1_120' title="bbox 2186 5680 3852 5757">
     <span class='ocr_line' id='line_1_122' title="bbox 2186 5680 3852 5757; baseline 0.014 -23"><span class='ocrx_word' id='word_1_851' title='bbox 2186 5697 2295 5734; x_wconf 85' lang='lat' dir='ltr'><strong>sua</strong></span> <span class='ocrx_word' id='word_1_852' title='bbox 2331 5680 2541 5748; x_wconf 87' lang='lat' dir='ltr'><strong>salute,</strong></span> <span class='ocrx_word' id='word_1_853' title='bbox 2574 5700 2749 5754; x_wconf 89' lang='lat' dir='ltr'><strong>quam</strong></span> <span class='ocrx_word' id='word_1_854' title='bbox 2781 5689 3020 5757; x_wconf 86' lang='lat' dir='ltr'><strong>propter</strong></span> <span class='ocrx_word' id='word_1_855' title='bbox 3051 5688 3233 5746; x_wconf 66' lang='lat' dir='ltr'><strong>beata;</strong></span> <span class='ocrx_word' id='word_1_856' title='bbox 3278 5692 3439 5750; x_wconf 90' lang='lat' dir='ltr'><strong>illius</strong></span> <span class='ocrx_word' id='word_1_857' title='bbox 3471 5712 3708 5755; x_wconf 88' lang='lat' dir='ltr'><strong>nomen</strong></span> <span class='ocrx_word' id='word_1_858' title='bbox 3742 5680 3852 5756; x_wconf 77' lang='lat' dir='ltr'><strong>du-</strong></span> 
     </span>
    </p>
   </div>
   <div class='ocr_carea' id='block_1_121' title="bbox 2184 5766 3025 5841">
    <p class='ocr_par' dir='ltr' id='par_1_121' title="bbox 2184 5766 3025 5841">
     <span class='ocr_line' id='line_1_123' title="bbox 2184 5766 3025 5841; baseline 0.01 -20"><span class='ocrx_word' id='word_1_859' title='bbox 2184 5766 2322 5839; x_wconf 88' lang='lat' dir='ltr'><strong>plici</strong></span> <span class='ocrx_word' id='word_1_860' title='bbox 2353 5769 2632 5841; x_wconf 85' lang='lat' dir='ltr'><strong>martyrio</strong></span> <span class='ocrx_word' id='word_1_861' title='bbox 2660 5775 3025 5829; x_wconf 88' lang='lat' dir='ltr'><strong>coronatum.</strong></span> 
     </span>
    </p>
   </div>
  </div>
