4092 6324
383 453 488 509 339

1532 445 1901 500 APPENDIX
1936 445 2034 497 AD
2071 445 2289 498 VITAS
2324 445 2645 498 PATRUM.

3693 438 3801 493 340

383 579 622 653 ginibus
653 575 885 631 duabus
900 568 2036 640 cohabitans,abstinentiamquenovem
2065 567 2122 635 Α
2152 584 2273 634 sco,
2298 566 2443 637 jube
2475 566 2665 638 ipsam
2700 564 2845 620 mihi
2874 565 2931 620 in
2963 563 3408 619 matrimoniUm
3453 562 3614 629 dari;
3664 561 3806 634 quia

384 668 685 725 veldecem
704 663 876 720 annis
902 660 1260 725 custodiens,
1285 676 1317 713 a
1340 658 1596 729 quodam
1620 664 1857 713 cantore
1876 657 2041 713 solli-

387 758 565 814 citata
578 761 753 825 atque
774 755 1050 823 corrupta
1063 749 1430 820 est(Pullad.,
1446 764 1493 802 c.
1514 748 1659 817 140).
1688 752 1821 811 Quae
1841 746 2042 802 statim

386 844 920 917 concipiens,partu
937 838 1279 912 explicitoin
1306 843 1538 893 tantum
1564 836 2043 909 prorupitodium

389 930 775 1004 corruptoris,
809 934 874 985 ut
925 928 1108 982 nimia
1141 926 1591 998 compunctione
1623 924 1860 997 peccati,
1894 923 2049 977 ultra

390 1035 981 1091 mensuramquoque
1006 1033 1312 1073 resumens
1346 1016 1699 1088 poenitentiae
1741 1013 2049 1069 continen-

390 1112 560 1181 tiam,
593 1110 747 1165 fame
778 1107 1153 1176 semetipsam
1186 1104 1358 1160 vellet
1387 1105 1672 1170 occidere,
1706 1102 2053 1174 lacrymosis

393 1200 668 1272 precibus
693 1197 914 1269 jugiter
944 1195 1262 1251 Dominum
1293 1193 1701 1265 interpellans,
1726 1196 1783 1246 et
1812 1191 2011 1245 dicens
2038 1204 2051 1244 ε

391 1290 476 1346 Tu
508 1289 665 1344 Deus
697 1302 929 1357 magne,
966 1284 1069 1355 qui
1121 1290 1357 1355 peccata
1389 1282 1661 1338 omnium
1695 1286 2055 1349 nostrorum,

392 1381 692 1451 totiusque
724 1376 930 1432 mundi
974 1376 1427 1431 immoderatam
1487 1372 1776 1429 malitiam
1829 1376 2061 1443 portare

398 1468 718 1538 consuesti,
760 1467 861 1539 qui
912 1482 1027 1520 non
1079 1465 1169 1519 vis
1220 1469 1467 1519 mortem
1528 1462 1924 1535 peccantium,
1958 1476 2063 1515 nec

391 1558 719 1632 perditione
746 1554 1218 1626 delinquentium
1250 1552 1562 1609 delectaris
1609 1550 2063 1619 (Ezechmxxm),

393 1650 495 1705 sed
536 1647 819 1702 universas
869 1648 1147 1699 creaturae
1180 1648 1292 1697 tuae
1328 1642 1605 1714 probaris
1654 1659 1783 1697 esse
1834 1639 2066 1695 miseri-

398 1755 548 1805 cors,
567 1736 707 1808 quia
736 1740 834 1789 tua
866 1733 1139 1789 voluntas
1167 1738 1257 1788 est
1282 1738 1497 1787 cuncta
1533 1731 1782 1795 salvari;
1810 1746 1901 1784 me
1925 1730 2067 1801 quo'

400 1843 513 1900 que
537 1826 824 1898 perditam
858 1824 917 1878 in
949 1824 1058 1878 hoc
1085 1823 1349 1889 ostende,
1380 1823 1430 1877 si
1465 1820 1652 1877 saluti
1688 1818 1985 1885 restitues,
2007 1831 2072 1880 ut

2149 672 2337 727 neque
2372 654 2472 709 illa
2496 656 2620 725 jam
2652 654 2836 726 virgo,
2869 670 3059 724 neque
3089 670 3193 724 ego
3224 651 3473 707 clericus
3504 667 3631 706 esse
3664 668 3803 722 pos-

2152 761 2306 799 sum.
2342 744 2663 815 Episcopus
2698 760 2823 797 cam
2872 743 3031 798 dedit
3080 740 3353 815 potestati
3403 741 3553 812 ejus,
3587 748 3805 812 putans

2153 834 2306 904 quod
2362 833 2524 887 illam
2580 832 2818 903 juvenis
2874 832 3001 904 ipse
3060 830 3344 903 diligeret,
3380 830 3656 901 quodque
3689 847 3805 885 non

2153 928 2352 994 posset
2382 922 2501 977 ullo
2535 922 2707 977 modo
2744 924 2814 977 ab
2850 923 3049 977 eadem
3083 920 3364 992 separari.

2224 1022 2537 1094 Acceptam
2562 1021 2741 1093 igitur
2758 1021 3078 1091 juvenis,et
3099 1025 3215 1075 tam
3240 1020 3312 1074 ab
3334 1018 3607 1090 episcopo
3630 1035 3809 1090 quam

2157 1129 2188 1165 a
2205 1116 2365 1182 patre
2389 1112 2664 1166 traditam
2692 1111 2801 1166 sibi
2826 1109 3259 1167 commendavit
3280 1107 3635 1164 monasterio
3652 1108 3813 1163 femi-

2160 1217 2369 1255 narum
2396 1217 2676 1273 :quarum
2703 1200 3063 1256 abbatissam
3090 1200 3436 1270 deprecatus
3451 1198 3810 1254 estuthabe-

2162 1295 2248 1345 ret
2263 1290 2379 1344 illic
2392 1307 2518 1345 eam
2532 1291 2734 1356 ,donec
2751 1294 2998 1361 pareret,
3017 1286 3641 1358 sustendandam.lpse
3654 1303 3815 1355 vero,

2164 1395 2232 1432 ea
2253 1378 2596 1433 derelictain
2616 1379 2969 1435 monasterio
2993 1377 3403 1445 memorato,in
3427 1382 3681 1448 angusta
3695 1376 3815 1431 cel-

2166 1466 2287 1522 lula
2302 1484 2363 1522 se
2377 1467 3171 1539 concludens,arripiensque
3194 1466 3611 1522 abstinentiam
3636 1464 3818 1520 nimis

2168 1555 2491 1622 dilﬁcilem,
2514 1558 2654 1612 adiit
2678 1557 2975 1612 Christum
3000 1558 3173 1612 corde
3194 1555 3606 1624 contrito,cum
3628 1552 3820 1625 lacry-

2172 1646 2284 1700 mis
2316 1650 2491 1717 atque
2521 1647 2839 1718 gemitibus
2865 1647 3066 1701 dicens
3103 1662 3115 1701 :
3146 1647 3232 1700 Tu
3264 1645 3530 1712 Domine,
3555 1643 3647 1699 cui
3679 1650 3822 1699 nota

2172 1740 2311 1790 sunt
2342 1734 2559 1801 omnia,
2594 1740 2756 1790 actus
2789 1751 3021 1806 quoque
3053 1751 3214 1789 meos
3246 1733 3559 1806 agnoscis;
3593 1750 3696 1789 nec
3726 1735 3823 1788 est

2175 1825 2489 1895 quisquam
2513 1823 2697 1893 locus,
2727 1825 2825 1896 qui
2846 1823 3277 1895 omnipotentiae
3298 1828 3411 1878 tua:
3434 1823 3823 1878 oculissitoc-

397 1916 555 1988 quod
588 1932 657 1971 ex
688 1914 802 1969 mei
835 1912 1055 1984 peccati
1088 1912 1431 1983 perditione
1464 1914 1722 1966 creatum
1744 1913 1831 1964 est
1856 1906 2070 1979 (solitis
2098 1930 2145 1995 Β
2176 1912 2393 1982 cultus,
2419 1913 2519 1983 qui
2547 1913 2819 1969 universa
2843 1914 2995 1969 nosti
3020 1918 3335 1984 antequam
3369 1913 3636 1968 ﬁant.Tu
3656 1911 3824 1967 solus

397 2005 516 2061 tuis
546 2002 847 2060 miraculis
881 2018 1060 2073 super
1087 2018 1179 2056 me
1216 2001 1495 2056 miseram
1530 1997 1974 2064 demonstratis)
1995 2013 2065 2051 ex

395 2093 505 2150 hac
536 2092 785 2150 celerius
818 2092 949 2146 luce
970 2089 1235 2157 tollatur,
1281 2107 1353 2145 ne
1399 2090 1546 2145 forte
1596 2088 1794 2143 minus
1841 2086 2060 2153 audita,

396 2188 499 2240 aut
549 2182 761 2255 laqueo
792 2191 890 2237 aut
922 2179 1245 2252 praecipitio
1290 2179 1485 2250 perire
1516 2176 1853 2249 compellar.
1882 2176 2061 2245 Cujus

396 2288 599 2346 preces
630 2270 941 2327 exauditae
972 2273 1219 2323 eventus
1254 2268 1549 2334 ostendit;
1584 2266 1781 2322 statim
1809 2279 2063 2336 namque

398 2363 554 2435 quod
593 2361 817 2435 peperit
847 2364 1033 2415 morte
1067 2359 1437 2414 subtractum
1471 2362 1579 2412 est.

470 2452 550 2509 Ex
573 2451 674 2506 illo
698 2449 882 2522 igitur
913 2447 1004 2503 die
1031 2446 1375 2519 captivatori
1409 2446 1648 2518 quidem
1683 2461 1789 2500 suo
1824 2461 1937 2499 non
1973 2445 2063 2499 est

398 2542 527 2599 visa
552 2539 823 2609 ulterius,
848 2541 1107 2592 attamen
1130 2535 1383 2592 summis
1398 2533 2062 2607 ptenitentiaecontinen-

404 2631 622 2702 tiaeque
653 2645 715 2684 se
744 2627 989 2683 tradidit
1012 2625 1324 2698 angustiis.
1350 2627 1435 2679 Ita
1457 2629 1523 2679 ut
1545 2623 1913 2678 divinitatem
1947 2621 2062 2677 sibi

405 2717 722 2792 propitiam
737 2715 980 2789 cupiens
997 2712 1688 2784 reddere,elephantiosis
1714 2711 2063 2767 mulieribus

405 2826 511 2883 per
547 2824 734 2863 annos
772 2805 1016 2876 triginta
1056 2805 1317 2859 serviret.
1343 2802 1523 2873 Cujus
1562 2818 1764 2873 preces
1804 2800 2063 2855 humiles

407 2897 745 2954 misericors
767 2895 1056 2951 Dominus
1090 2910 1203 2947 non
1238 2892 1482 2959 fefellit;
1514 2890 1787 2946 revelavit
1808 2906 2063 2961 namque

408 2987 644 3044 cuidam
693 2990 896 3041 sancto
930 2982 1291 3054 presbytero,
1321 2982 1523 3036 dicens
1561 2997 1573 3035 :
1607 2979 1712 3035 Illa
1741 2980 1898 3051 virgo
1932 2978 2064 3051 plus

409 3074 555 3132 mihi
577 3074 635 3130 in
664 3071 1004 3147 poenitentia
1034 3088 1213 3143 quam
1247 3071 1306 3125 in
1337 3069 1674 3142 virginitate
1697 3086 1805 3125 sua
1824 3068 2062 3139 placuit.

407 3164 539 3220 Haec
569 3167 765 3220 autem
800 3179 957 3218 nunc
987 3178 1092 3233 ego
1126 3160 1280 3228 dico,
1313 3169 1375 3215 ut
1406 3176 1573 3215 nemo
1605 3158 2067 3215 contemnendos

406 3269 507 3312 eos
537 3254 755 3324 credat,
784 3251 885 3324 qui
913 3267 1045 3308 vere
1078 3249 1484 3322 penitentiam
1517 3248 1762 3321 egerint.

1024 3367 1259 3423 CAPUT
1304 3367 1466 3424 Lvu.
1494 3434 1497 3436 η

903 3460 1019 3515 Vita
1046 3456 1331 3513 Eustathii
1361 3454 1602 3511 lectoris.

496 3560 826 3631 Presbyteri
849 3559 1159 3631 cujusdam
1184 3556 1303 3612 filia
1325 3561 1450 3611 erat
1473 3556 1625 3626 apud
1649 3557 1967 3610 Caesaream
1985 3558 2086 3608 Pa-

429 3650 673 3708 laestinae
706 3645 1012 3719 qrovinciae
1029 3644 1321 3700 civitatem
1346 3659 1472 3714 qua
1496 3658 1632 3697 cum
1656 3640 1715 3695 in
1738 3640 2087 3710 virginitatis

435 3756 569 3798 esse
583 3736 879 3811 proposito
891 3735 1476 3804 videretur,przeceps
1490 3730 2085 3801 ruit(Pallad.,c.141).

433 3830 537 3889 Cui
571 3827 692 3896 ille,
722 3844 756 3882 a
782 3842 897 3899 quo
931 3825 1172 3881 inducta
1200 3828 1374 3894 atque
1406 3825 1680 3890 corrupta
1702 3821 1909 3889 fuerat,
1959 3836 2087 3891 per-

434 3918 626 3977 suasit
673 3924 734 3973 ul
786 3916 1006 3971 factum
1061 3912 1364 3984 proprium
1410 3910 1471 3964 in
1518 3908 1699 3964 alium
1757 3909 2090 3965 mentiendo

430 4006 802 4070 transferret,
824 4008 881 4058 et
904 4008 969 4058 ut
989 4001 1188 4057 lectori
1219 4000 1452 4055 cuidam
1487 3998 1740 4053 civitatis
1771 3997 2093 4053 calumnio-

438 4112 573 4155 sum
605 4094 826 4149 crimen
859 4091 1205 4162 imponeret.
1233 4088 1495 4159 Cumque
1521 4089 1647 4155 jam
1679 4087 1921 4157 gravida
1941 4087 2094 4142 vide-

436 4188 622 4253 retur,
650 4186 815 4254 patre
847 4184 913 4235 ut
944 4180 1215 4251 proderet
1244 4178 1388 4232 tanti
1425 4176 1662 4233 sceleris
1680 4182 1979 4232 auctorem
2006 4194 2096 4233 co-

436 4277 633 4344 gente,
665 4287 699 4325 a
730 4273 1052 4325 memorato
1085 4266 1301 4323 lectore
1329 4266 1591 4322 vitiatam
1641 4282 1771 4322 esse
1820 4281 1881 4321 se
1931 4265 2092 4321 dixit.

436 4360 768 4429 Presbyter,
791 4360 857 4412 ut
888 4356 1152 4426 putabat,
1186 4355 1425 4411 veritate
1459 4358 1779 4426 comperta,
1804 4354 2097 4427 suggessit

435 4450 710 4522 episcopo
737 4466 752 4519 ;
808 4447 1119 4519 episcOpus
1150 4447 1209 4501 in
1241 4451 1593 4502 conventum
1625 4448 1893 4503 omnium
1927 4446 2097 4502 cleri-

434 4554 636 4596 corum
666 4537 944 4593 lectorem
975 4535 1113 4592 fecit
1138 4535 1430 4591 accersiri.

506 4628 848 4715 Agitabatur
877 4626 1157 4715 quaestio:
1183 4625 1582 4715 interrogante
1604 4627 1895 4715 episcopo,
1914 4626 2096 4682 lector
2122 4649 2170 4715 Β

433 4716 582 4774 nihil
604 4731 667 4773 se
690 4714 897 4771 fecisse
920 4713 1037 4769 tale
1058 4718 1287 4785 poterat
1308 4713 1592 4769 confiteri.
1618 4713 1762 4769 Nam
1796 4716 2089 4786 quomodo

436 4804 727 4863 confessio
759 4806 1104 4875 sequeretur
1136 4802 1235 4858 ubi
1267 4818 1383 4857 non
1415 4807 1793 4874 praecesserat
1822 4802 2087 4859 crimen?

436 4895 764 4968 Episcopus
785 4890 985 4948 lectori
1007 4908 1116 4948 suo
1133 4892 1514 4949 vehementer
1546 4893 1754 4960 iratus,
1784 4891 1966 4965 quasi
1988 4893 2089 4965 qui

434 4986 810 5057 impudenter
826 4986 1085 5054 negaret,
1108 4981 1157 5037 ei
1182 4982 1293 5037 ista
1315 4981 1545 5037 dicebat
1568 4998 1580 5036 :
1611 4982 1817 5038 Infelix
1836 4988 1891 5038 et
1911 4983 2092 5040 miser

436 5079 610 5146 atque
636 5072 981 5145 impuritate
1000 5070 1261 5127 sordium
1287 5070 1476 5142 plene,
1498 5087 1610 5127 non
1635 5071 1935 5127 confiteris
1951 5075 1973 5127 Ρ
1990 5072 2093 5128 Re-

436 5165 674 5235 spondit
704 5164 814 5218 boc
840 5161 1022 5217 lector
1056 5177 1068 5215 :
1102 5161 1220 5231 Ego
1242 5160 1476 5231 quidem
1509 5163 1663 5232 quod
1697 5167 1821 5218 erat
1856 5162 1915 5218 in
1948 5179 2090 5218 con-

437 5249 1131 5319 soientiameadixi,nihil
1149 5266 1240 5305 me
1253 5266 1386 5305 cum
1402 5250 1508 5306 bac
1524 5250 1739 5306 habere
1754 5266 2087 5321 commune,

434 5355 625 5412 neque
641 5346 939 5412 peccatum
956 5356 1050 5395 me
1067 5338 1301 5411 aliquod
1318 5348 1600 5410 quantum
1618 5342 1689 5395 ad
1708 5346 2087 5397 memoratam

390 5493 394 5497 ,
432 5430 720 5501 virginem
754 5434 1001 5500 spectat,
1024 5445 1340 5500 agnoscere
1364 5448 1377 5495 ;
1414 5429 1512 5484 sed
1529 5430 1575 5483 si
1598 5429 1683 5483 vis
1706 5430 1908 5484 audire
1930 5432 2086 5501 quod

433 5536 549 5575 non
569 5523 679 5587 est,
695 5535 799 5589 ego
822 5518 929 5573 hoc
949 5518 1169 5574 crimen
1194 5518 1430 5574 admisi.
1456 5520 1639 5584 Quem
1662 5518 1774 5573 isla
1798 5518 2088 5577 dicentem

431 5610 617 5682 gradu
652 5606 885 5663 lectoris
918 5607 1189 5677 deposuit
1220 5608 1532 5679 episcopus
1563 5607 1788 5663 statim.

505 5696 690 5753 Atille
713 5700 849 5752 tunc
886 5700 1271 5750 memoratum
1303 5696 1448 5752 adiit
1474 5698 1933 5766 sacerdotem,et
1954 5714 2088 5754 cum

426 5786 789 5861 rogarethoc
806 5786 1009 5842 dicens
1027 5800 1039 5841 :
1056 5785 1342 5850 Quoniam
1362 5785 1463 5857 qui
1479 5801 1571 5844 me
1594 5802 1869 5859 peccasse
1882 5802 2090 5859 cogno-

2178 2002 2339 2071 profu
2352 2003 2769 2073 ndaprospicis
2782 2002 3479 2075 cogitationum,quarum
3500 2000 3829 2057 sincerissi-

2172 2108 2306 2145 mus
2338 2096 2511 2162 atque
2544 2092 2925 2147 acutissimus
2949 2092 3133 2163 judex
3163 2109 3289 2147 esse
3319 2090 3694 2146 consuevisti.
3728 2090 3817 2145 Tu

2172 2180 2570 2251 auxiliatorinj
2584 2186 2709 2236 usta
2727 2181 3164 2253 patientium,tu
3182 2180 3539 2236 calumniam
3564 2181 3824 2237 subeun-

2169 2269 2319 2324 tium
2335 2270 2683 2339 consolator;
2706 2270 2957 2325 cuinihil
2975 2270 3624 2342 placetiniquu'n,apud
3639 2285 3824 2341 quem

2172 2360 2699 2429 mensurajustitize
2715 2360 3108 2416 inaccessibili
3124 2376 3247 2416 sem
3259 2358 3497 2432 perluce
3512 2359 3830 2431 perspicua

2173 2453 2281 2517 est,
2310 2454 2366 2503 et
2387 2466 2561 2505 omne
2593 2467 2740 2521 opus
2790 2450 3097 2505 hominum
3145 2466 3342 2505 coram
3369 2454 3422 2505 te
3445 2454 3551 2505 est.
3579 2448 3712 2504 Tua:
3737 2453 3835 2503 est

2172 2538 2353 2610 igitur
2369 2539 2664 2611 aequitatis
2685 2539 3557 2610 incommutabilisquejudicii,
3585 2555 3833 2595 causam

2174 2645 2409 2699 quoque
2440 2645 2626 2683 meam
2658 2628 2853 2684 divina
2885 2628 3261 2684 manifestare
3291 2628 3603 2684 sententia.

2244 2731 2447 2799 Itaque
2460 2728 3620 2801 cumjuvenisinfatigabiliterDominum
3634 2745 3839 2800 preca-

2174 2821 2301 2871 retu
2312 2817 2720 2888 r,jejuniisque
2732 2818 3041 2889 vigilanter
3054 2834 3119 2873 ac
3132 2817 3834 2890 diligenterincumberet

2175 2905 2333 2960 intra
2355 2906 2527 2961 breve
2558 2911 2814 2978 tempus,
2840 2906 3034 2978 puella
3066 2923 3197 2961 cum
3237 2907 3503 2978 proprios
3533 2907 3679 2963 983
3712 2906 3831 2961 im-

2176 2995 2397 3065 plesset
2430 2982 2577 3065 dies,
2610 2997 2927 3051 advenerat
2958 2995 3008 3049 ei
3040 2995 3184 3050 hora
3214 2995 3502 3068 pariendi,
3535 2995 3834 3065 simulque

2176 3085 2671 3155 instabatjustum
2689 3084 3249 3155 Deijudicium;nam
3266 3101 3396 3140 cum
3411 3102 3539 3140 eam
3554 3090 3839 3157 urgerent

2176 3172 2554 3229 vehementer
2584 3174 2839 3246 gemitus
2859 3191 2924 3230 ac
2947 3174 3199 3240 dolores,
3224 3179 3399 3244 atque
3424 3175 3546 3246 jam
3580 3173 3710 3246 ipsa
3739 3173 3837 3228 in-

2101 3290 2143 3355 ρ
2183 3263 2345 3317 ferna
2376 3262 2788 3318 calumniatrix
2836 3265 3168 3319 miseranda
3215 3264 3600 3334 conspiceret,
3648 3280 3841 3335 neque

2192 3351 2462 3423 expedire
2475 3369 2535 3408 se
2550 3358 2753 3424 partus
2768 3353 2956 3425 ipsius
2971 3357 3167 3424 posset
3182 3353 3471 3425 angustiis
3486 3358 3845 3425 tantumque

2195 3440 2770 3513 cruciatumaprimo
2795 3443 3067 3512 usquead
3084 3442 3401 3514 septimum
3436 3442 3592 3498 diem
3626 3441 3847 3497 mulier

2195 3530 2534 3595 sustineret,
2566 3530 2919 3585 intolerabili
2951 3530 3148 3586 dolore
3178 3530 3506 3602 compulsa,
3539 3548 3671 3587 cum
3712 3532 3847 3602 jam

2197 3619 2323 3675 sine
2345 3619 2522 3675 dubio
2546 3636 2608 3675 se
2625 3620 2985 3676 videretesse
2999 3619 3365 3687 morituram,
3391 3637 3581 3692 neque
3595 3620 3851 3677 ulterius

2197 3714 2298 3763 aut
2321 3709 2698 3775 manducare,
2727 3715 2826 3764 aut
2849 3708 3064 3777 bibere,
3090 3714 3188 3764 aut
3221 3726 3497 3765 somnum
3531 3709 3683 3765 oculi
3715 3709 3850 3780 ejus

2199 3798 2891 3869 caperc.potuissent,hoc
2907 3798 3159 3855 maxima
3175 3800 3591 3870 proclamando
3605 3799 3851 3855 vocedi-

2200 3887 2401 3943 cebat:
2434 3887 2527 3941 Vsa
2561 3888 2787 3943 miserae
2820 3887 2986 3955 mihi,
3012 3904 3140 3960 quae
3158 3890 3224 3943 ad
3250 3888 3359 3944 hoc
3382 3888 3707 3960 periculum
3732 3890 3850 3943 du-

2202 3976 2701 4048 pliciterperveni;
2720 3979 2975 4049 primum
3001 3978 3154 4049 quod
3178 3977 3577 4049 virginitatem
3594 3978 3849 4049 perdidi,

2202 4067 2410 4121 deinde
2433 4068 2585 4137 quod
2610 4067 2823 4122 falsum
2840 4068 3039 4123 lectori
3059 4067 3852 4140 illicrimenimposui.Quod

2202 4156 2400 4211 statim
2417 4156 2673 4212 defertur
2685 4158 2755 4212 ad
2773 4161 2996 4229 patrem
3017 4156 3404 4229 ipsius.Pater
3415 4163 3614 4213 autem
3628 4159 3855 4214 veritus

2204 4261 2275 4300 ne
2308 4246 2475 4317 quasi
2520 4245 3002 4302 calumniatorem
3035 4263 3169 4301 eum
3202 4247 3698 4319 reprehenderent
3725 4247 3858 4314 alii,

2202 4335 2361 4390 velut
2393 4335 2732 4391 incredulus
2766 4336 2985 4407 quievit
3015 4340 3073 4392 et
3103 4337 3308 4392 tacuit.
3344 4340 3446 4391 Per
3476 4336 3637 4391 aliud
3670 4336 3860 4408 igitur

2204 4424 2448 4480 biduum
2461 4425 2828 4491 ,imminente
2842 4425 2893 4480 ei
2906 4425 3555 4498 divinojudicio,neque
3569 4425 3857 4483 morieba—

2205 4519 2302 4569 tur
2332 4531 2519 4587 neque
2552 4514 2816 4587 pariebat
2848 4514 3062 4586 puella.

2276 4614 2346 4668 Et
2369 4613 2646 4685 quoniam
2671 4612 3157 4685 clamoresipsius
3171 4620 3346 4686 atque
3357 4614 3615 4685 gemitus
3628 4613 3859 4670 diutius

2203 4703 2653 4758 circumstantes
2667 4704 3058 4759 sororesterre
3082 4721 3198 4759 non
3226 4703 3857 4775 potuerunt,episcopo

2199 4809 2232 4864 q
2244 4793 2354 4848 uod
2369 4793 2676 4847 audierant
2692 4792 2958 4847 celeriter
2970 4797 3093 4848 retu
3106 4793 3658 4863 lerunt,confessam
3674 4793 3733 4847 in
3748 4793 3859 4848 do-

2198 4880 2318 4937 lore
2332 4881 2441 4937 hoc
2458 4881 2634 4937 etiam
2649 4882 2869 4936 dudum
2888 4898 3016 4937 esse
3034 4881 3477 4954 dicentes,quod
3492 4881 3860 4938 calumniata

2200 4976 2523 5027 memorato
2555 4971 2752 5026 lectori
2785 4970 3013 5041 fuisset,
3045 4976 3102 5027 et
3132 4971 3352 5027 idcirco
3382 4988 3582 5043 parere
3616 4989 3730 5027 non
3752 4988 3855 5026 va-

2199 5061 2362 5117 leret.
2396 5061 2558 5115 Tunc
2574 5060 2645 5114 ad
2670 5076 2801 5115 eum
2824 5060 3102 5116 diaconos
3124 5060 3438 5133 episcopus
3459 5061 3662 5128 mittit,
3686 5077 3862 5115 man-

2199 5151 2415 5221 datque
2439 5149 2528 5205 ei:
2555 5149 2686 5215 Ora,
2713 5149 2921 5220 inquit,
2948 5154 3011 5204 ut
3059 5148 3474 5205 calumniatrix
3506 5155 3608 5205 tua
3643 5149 3858 5221 pariat.

2201 5239 2428 5303 Quibus
2461 5238 2690 5293 nullum
2725 5238 2885 5292 dedit
2907 5253 3256 5307 responsum
3284 5236 3602 5309 ille.neque
3625 5237 3863 5308 aperuit

2201 5330 2417 5384 ostium
2453 5328 2698 5399 proprias
2731 5326 3078 5391 mansionis,
3112 5327 3171 5381 in
3204 5343 3321 5398 qua
3359 5328 3601 5399 jugiter,
3636 5343 3706 5382 ex
3736 5342 3858 5398 quo

2201 5420 2391 5474 fuerat
2407 5416 2961 5489 ingressusjejuniis
2973 5416 3308 5488 vigiliisque
3324 5416 3636 5472 Dominum
3657 5432 3866 5487 preca-

2197 5509 2390 5563 batur.
2416 5508 2610 5579 Pergit
2629 5505 2811 5578 igitur
2834 5510 2997 5577 pater
3022 5505 3213 5577 ipsius
3238 5507 3309 5560 ad
3335 5506 3707 5577 episcopum;
3734 5521 3865 5560 rure

2200 5615 2303 5653 sus
2344 5597 2636 5652 orationes
2672 5596 2729 5649 in
2753 5594 2999 5651 ecclesia
3032 5595 3301 5649 maximas
3332 5595 3513 5662 fiunt;
3548 5600 3603 5651 et
3632 5610 3739 5651 nec
3768 5594 3861 5651 sic

2201 5688 2437 5761 quidem
2472 5687 2572 5742 illa
2602 5686 2837 5757 aliquod
2870 5685 3195 5741 remedium
3229 5686 3539 5741 sentiebat.

2268 5788 2430 5843 Tunc
2462 5785 2644 5858 igitur
2670 5783 2982 5857 episcopus
3024 5782 3152 5857 ipse
3199 5784 3271 5843 ad
3315 5782 3589 5842 lectorem
3639 5785 3799 5843 venit
3835 5799 3856 5844 :
