4092 6324
284 321 393 375 341

1552 331 1988 386 HKRACLIDIS
2025 335 2445 389 PARADISUS.

3604 341 3710 395 342

290 447 490 517 pulsat
520 450 760 520 ostium,
794 459 847 506 et
878 452 1203 523 ingressus,
1238 452 1346 508 hoc
1379 454 1557 508 dicit:
1591 459 1794 526 Surge,
1830 457 1949 512 fra-
1978 458 2034 524 Α
2064 462 2237 530 vade,
2272 459 2487 533 inquit,
2523 469 2575 517 et
2617 463 2686 518 ab
2727 463 2825 519 illo
2873 464 3234 520 frumentum
3297 469 3474 537 atque
3514 465 3706 523 oleum

291 541 382 592 ter
409 539 701 609 Eustathi,
721 545 779 596 et
800 540 957 596 solve
988 543 1141 613 quod
1164 542 1380 614 ligasti.
1424 545 1672 614 Ipsoque
1695 562 1952 601 momen-

293 631 371 693 to,
408 644 538 682 cum
573 627 757 684 lector
779 648 898 686 una
927 647 1060 685 cum
1095 632 1368 703 episeopo
1400 648 1588 703 genua
1620 651 1727 689 sua
1760 635 1950 690 ﬂexis-

293 721 403 782 set,
440 719 659 773 mulier
689 721 855 775 enixa
888 725 997 775 est.
1021 724 1565 794 Tantumquejugis
1604 724 1947 779 innocentiae

292 807 478 860 oratio
510 807 714 875 valuit,
750 815 814 864 ut
845 815 900 865 et
933 809 1228 865 calumnia
1263 812 1499 882 periret,
1533 816 1587 867 et
1623 812 1948 868 calumnia-

289 895 404 950 trix
436 898 853 952 emendaretur
883 899 940 953 in
978 901 1188 970 poenis,
1217 906 1272 955 et
1306 905 1369 955 ut
1402 918 1710 972 possemus
1737 919 1947 972 agnos-

288 1002 419 1040 cere
451 989 953 1056 quemadmodum
999 989 1272 1044 insistere
1305 990 1671 1045 orationibus
1704 992 1947 1046 debere—

285 1091 438 1142 mus,
475 1091 728 1147 quarum
760 1083 980 1132 tantam
1015 1078 1238 1134 scimus
1270 1095 1398 1134 esse
1421 1077 1717 1134 virtutem.

877 1257 1107 1313 CAPUT
1150 1258 1348 1316 LVIII.

676 1384 803 1438 Vita
831 1385 1025 1453 fratris
1056 1384 1192 1440 socii
1225 1385 1553 1440 Heraclidis.

353 1531 550 1580 Pauca
582 1543 737 1582 nunc
759 1528 829 1582 de
855 1529 1030 1583 fratre
1056 1529 1262 1600 loquar
1284 1531 1563 1602 quodam,
1588 1530 1685 1601 qui
1713 1546 1938 1585 mecum

281 1631 316 1669 a
340 1615 631 1686 principio
661 1618 989 1685 juventutis
1015 1636 1200 1691 usque
1225 1621 1279 1674 in
1306 1619 1648 1674 hodiernum
1676 1619 1830 1675 diem
1854 1619 1937 1674 vi-

281 1705 390 1770 xit,
428 1711 606 1776 atque
637 1705 719 1760 ita
751 1724 906 1762 nunc
940 1725 1149 1780 ponam
1185 1710 1360 1764 ﬁnem
1396 1726 1523 1764 meo
1557 1709 1753 1765 libello
1786 1711 1935 1780 (Pal-

276 1795 419 1859 lad.,
449 1812 573 1866 cap.
604 1796 752 1866 451).

348 1888 521 1943 Hunc
553 1906 660 1962 ego
677 1890 995 1961 plurimum
1029 1894 1308 1964 temporis
1329 1894 1644 1948 admodum
1662 1909 1933 1948 noveram

275 1976 443 2032 nullo
475 1979 769 2034 desiderio
802 1981 1016 2036 mentis
1050 1987 1152 2036 aut
1183 1982 1444 2052 corporis
1469 1981 1710 2049 victum,
1743 1982 1828 2037 vel
1861 1983 1933 2037 ad

264 2067 667 2136 jejunandum
686 2068 946 2125 noluisse
963 2070 1184 2140 placere
1199 2071 1560 2138 hominibus,
1575 2071 1660 2126 vel
1676 2073 1745 2126 ad
1766 2073 1935 2126 eden-

277 2156 426 2210 dum
448 2156 641 2212 carnis
659 2157 934 2214 illecebra
953 2165 1317 2229 superatum.
1335 2161 1558 2216 Vicisse
1581 2165 1773 2215 autem
1799 2178 1932 2216 eum

275 2246 554 2302 existimo
579 2252 700 2302 tam
731 2249 1067 2304 divitiarum
1093 2267 1264 2320 quam
1286 2267 1445 2305 vanaa
1469 2251 1660 2320 gloriae
1679 2268 1744 2306 ex
1775 2257 1934 2321 parte

279 2336 504 2404 majore
538 2337 945 2408 cupiditatem,
981 2343 1154 2409 atque
1188 2339 1242 2393 id
1281 2340 1391 2394 sibi
1425 2339 1614 2395 solum
1668 2341 1934 2396 sufficere

277 2425 644 2493 credentem,
672 2427 825 2496 quod
854 2427 1092 2483 haberet
1125 2429 1181 2483 in
1207 2429 1498 2484 manibus.
1523 2429 1693 2484 Nullo
1724 2434 1931 2484 ornatu

277 2515 533 2570 vestium
584 2515 1004 2571 delectabatur.
1071 2518 1173 2572 Pro
1223 2523 1562 2590 contemptu
1594 2520 1766 2574 etiam
1803 2536 1932 2586 suo,

275 2620 515 2675 semper
543 2605 762 2676 gratias
792 2622 964 2677 agere
993 2613 1457 2674 consueverat,et
1488 2626 1588 2680 pro
1620 2607 1769 2664 veris
1791 2608 1934 2662 ami-

281 2695 366 2749 cis
400 2693 576 2749 etiam
614 2695 940 2764 periculum
977 2697 1176 2752 subire
1209 2697 1501 2769 cupiebat.
1535 2699 1818 2769 Expertus
1844 2702 1934 2753 est

272 2784 456 2837 etiam
482 2783 691 2838 millies
713 2789 767 2839 et
792 2786 936 2840 forte
959 2785 1213 2856 amplius
1238 2787 1568 2842 daemonum
1597 2791 1930 2857 potestates,

277 2890 471 2944 usque
508 2875 651 2928 adeo
678 2878 741 2928 ut
769 2875 1019 2943 quadam
1040 2875 1134 2930 die
1167 2868 1377 2944 pacisci
1411 2893 1544 2931 cum
1575 2893 1642 2931 eo
1664 2876 1932 2930 diabolus

274 2963 469 3028 vellet,
505 2963 614 3018 hoc
647 2962 882 3018 dicens:
919 2964 1198 3018 Promitte
1221 2965 1364 3020 mihi
1395 2965 1482 3020 vel
1506 2965 1687 3020 semel
1722 2970 1776 3020 te
1802 2983 1931 3036 pec-

274 3057 644 3118 caturum,et
672 3053 948 3107 feminam
975 3053 1081 3109 tibi
1105 3071 1468 3126 quiscunque
1487 3056 1555 3110 de
1577 3055 1686 3111 hoc
1711 3056 1932 3110 mundo

275 3142 727 3208 desideraveris,
759 3142 1065 3198 exhibebo.

345 3223 473 3278 Alio
506 3225 765 3295 quodam
809 3229 1069 3295 tempore
1102 3243 1204 3297 per
1243 3226 1689 3296 quatuordecim
1735 3235 1932 3282 noctes

272 3313 748 3384 confligenscum
767 3330 830 3368 eo
845 3315 1069 3369 dazmon
1089 3315 1283 3381 (siculi
1300 3317 1423 3387 ipse
1440 3316 1584 3369 mihi
1603 3316 1930 3385 referebat],

276 3419 412 3457 cum
447 3403 699 3475 pedibus
731 3420 864 3458 eum
900 3409 1068 3459 nocte
1099 3405 1170 3459 de
1204 3404 1351 3460 cella
1383 3422 1491 3460 sua
1519 3405 1795 3474 traheret,
1829 3405 1934 3459 hu-

279 3509 457 3547 mana
488 3493 538 3547 ei
572 3508 713 3548 voce
743 3493 1010 3548 dicebat:
1063 3493 1189 3548 Noli
1233 3495 1475 3550 adorare
1522 3495 1844 3559 Christum,
1878 3500 1934 3549 et

286 3599 591 3652 nunquam
643 3583 714 3636 ad
748 3587 803 3636 te
838 3582 1080 3638 ulterius
1131 3585 1424 3639 accedam.
1458 3584 1559 3638 Cui
1603 3585 1712 3640 hoc
1758 3585 1935 3638 dabat

282 3672 379 3726 ille
405 3688 754 3744 responsum
776 3688 788 3724 :
812 3672 1141 3743 Propterea,
1159 3673 1452 3743 inquiens,
1476 3673 1663 3744 magis
1683 3678 1739 3728 et
1756 3673 1932 3729 adoro

281 3779 440 3828 eum,
467 3767 523 3817 et
545 3762 770 3832 jugiter
801 3762 1076 3829 adorabo,
1112 3769 1168 3818 et
1198 3763 1257 3818 in
1298 3763 1654 3818 immensum
1692 3764 1932 3818 modum

279 3853 620 3907 admirabor
641 3850 888 3923 gloriam
912 3851 1100 3922 ipsius
1133 3869 1197 3907 ac
1222 3853 1490 3923 stupebo,
1515 3854 1653 3925 quia
1676 3853 1784 3909 hoc
1807 3853 1933 3924 ipso

254 3942 436 4017 _quod
470 3941 620 3996 facio
663 3940 897 4012 angeris
928 3941 1176 3997 multum
1211 3948 1384 4013 atque
1417 3943 1718 3998 cruciaris.

351 4032 598 4086 Centum
632 4037 688 4086 et
706 4047 804 4086 sex
831 4031 1234 4103 civitatesipse
1257 4033 1730 4105 cognovit,longo
1757 4033 1932 4087 etiam

280 4127 543 4193 tempore
575 4120 635 4175 in
662 4121 934 4192 plurimis
958 4126 1221 4176 moratus
1241 4127 1348 4178 est.
1384 4123 1596 4177 Favore
1620 4127 1675 4177 et
1707 4122 1935 4177 miseri-

281 4211 479 4266 cordia
501 4211 738 4266 Christi.
761 4211 1038 4266 feminam
1075 4216 1347 4282 expertus
1364 4217 1451 4266 est
1486 4211 1731 4277 nullam,
1755 4228 1937 4280 neque

280 4302 437 4356 inter
457 4300 833 4364 somnia,nisi
855 4301 910 4354 in
938 4300 1281 4355 certaminis
1299 4300 1516 4356 visione
1538 4306 1712 4371 atque
1737 4302 1937 4356 conﬂi-

283 4397 436 4447 ctus.
473 4391 605 4446 Scio
640 4397 694 4446 et
727 4408 860 4445 eum
893 4395 984 4444 ter
1014 4391 1310 4460 accepisse
1345 4392 1415 4445 ab
1448 4391 1671 4462 angelis
1703 4391 1934 4446 cibum:

282 4498 400 4536 uno
418 4488 612 4536 autem
637 4481 728 4536 die
755 4480 811 4533 in
839 4479 1192 4535 vastissimis
1212 4479 1598 4535 solitudinum
1622 4480 1939 4548 locis,cum

2065 551 2168 606 tibi
2201 554 2393 607 datur.
2415 555 2678 623 Cumque
2711 555 2781 609 ad
2808 569 2940 608 eum
2977 553 3070 609 ille
3099 555 3222 625 ipse
3254 555 3530 611 venisset.
3565 556 3615 610 is
3636 558 3706 612 ad

2057 659 2229 712 quem
2281 643 2469 696 fuerat
2513 643 2637 713 ipse
2686 644 3074 699 transmissus
3122 645 3202 700 ait
3233 646 3400 700 eiden
3432 661 3444 700 :
3479 647 3562 700 Tu
3607 645 3706 701 ille

2059 733 2254 786 nescio
2283 732 2415 803 quis
2437 731 2464 784 ἱ)
2498 732 2562 785 Et
2592 731 2688 787 ille
2721 750 2782 787 se
2815 750 2942 789 esse
2966 735 3287 804 respondit.
3312 736 3390 788 Ad
3414 751 3582 804 quem
3609 736 3702 789 di-

2054 819 2135 875 xit
2167 822 2275 876 hoc
2309 821 2441 877 ille:
2477 821 2667 876 Jussit
2698 823 2993 894 aliquisut
3021 823 3127 877 tibi
3151 823 3393 894 triginta
3421 824 3701 878 frumenti

2055 910 2303 974 modios,
2339 915 2394 963 et
2427 911 2622 964 decem
2657 909 2765 964 olei
2797 911 3081 965 sextarios
3113 912 3335 965 darem.
3371 911 3447 965 De
3467 911 3573 966 hoc
3606 927 3698 965 er-

2052 1014 2123 1069 go
2159 998 2405 1053 maxime
2443 999 2736 1070 gloriabor
2768 1000 2866 1070 qui
2901 999 3033 1054 talis
3060 1000 3203 1066 fuit;
3235 1017 3404 1070 quem
3427 1000 3556 1055 novi
3582 1001 3697 1055 fre-

2053 1094 2315 1158 quenter,
2355 1106 2483 1143 cum
2501 1088 2962 1160 videretaliquos
2988 1089 3333 1144 necessitate
3348 1090 3699 1161 gravissima

2051 1195 2117 1231 ac
2150 1177 2396 1248 penuria
2446 1177 2730 1243 laborare,
2775 1178 3028 1232 multum
3067 1178 3315 1245 ﬂevisse,
3365 1183 3421 1233 et
3466 1179 3698 1234 dedisse

2049 1267 2259 1321 iisdem
2277 1271 2482 1338 praeter
2508 1285 2721 1339 corpus
2745 1285 2916 1322 suum
2943 1285 3308 1338 quaecunque
3330 1267 3544 1322 habere
3568 1286 3698 1339 pos-

2048 1361 2154 1410 set.
2189 1357 2328 1412 Novi
2361 1357 2537 1412 etiam
2572 1375 2674 1428 pro
2706 1356 2900 1428 aliquo
2924 1357 3232 1422 monacho,
3263 1357 3361 1429 qui
3391 1357 3449 1412 in
3475 1358 3694 1429 peccati

2048 1445 2302 1514 ruinam,
2338 1450 2565 1500 tantum
2599 1446 2658 1501 in
2694 1447 2965 1518 precibus
2997 1446 3120 1502 suis
3155 1447 3377 1502 fudisse
3412 1445 3695 1518 lacryma-

2047 1551 2200 1600 rum,
2238 1540 2300 1589 ut
2331 1551 2465 1590 eum
2499 1535 2570 1589 ad
2621 1535 3022 1606 pmnitentiam
3057 1552 3331 1607 magnam
3374 1537 3592 1590 orando
3628 1552 3692 1590 ac

2047 1620 2236 1676 flendo
2289 1628 2604 1678 revocaret.
2667 1624 2768 1678 Hic
2797 1624 2951 1679 idem
2988 1624 3126 1679 mihi
3172 1623 3486 1694 aliquando
3521 1625 3688 1693 jura-

2043 1710 2145 1775 vit,
2190 1710 2298 1766 hoc
2350 1712 2586 1767 dicens:
2643 1714 2992 1784 Deprecatus
3042 1729 3174 1767 sum
3225 1713 3560 1778 Dominum,
3618 1729 3688 1766 ne

1964 1831 2011 1894 B
2044 1815 2304 1869 unquam
2341 1800 2563 1871 aliquid
2593 1803 2845 1856 maxime
2869 1820 2900 1856 a
2930 1807 3232 1874 peccatore
3264 1802 3348 1856 vel
3383 1801 3581 1866 divite,
3622 1818 3689 1856 ex

2045 1890 2118 1943 iis
2150 1907 2276 1960 quae
2310 1890 2638 1946 necessaria
2676 1890 2854 1946 victui
2890 1891 2975 1947 vel
3024 1892 3156 1947 usui
3191 1907 3318 1946 meo
3351 1891 3690 1946 viderentur

2046 1978 2389 2049 acciperem.

2117 2068 2261 2122 Mihi
2307 2074 2499 2125 tamen
2536 2070 2640 2125 hoc
2691 2071 2912 2125 sufficit
2952 2072 3106 2142 quod
3154 2069 3341 2125 merui
3392 2073 3688 2125 tantorum

2047 2159 2390 2214 meminisse
2416 2165 2776 2226 sanctorum,
2811 2164 2866 2215 et
2899 2161 3053 2231 quod
3097 2160 3310 2214 tradidi
3346 2177 3443 2214 eos
3477 2176 3693 2215 memo-

2046 2248 2144 2302 ria:
2177 2247 2500 2303 litterarum
2532 2267 2544 2316 ;
2582 2267 2769 2320 neque
2802 2249 2953 2304 enim
2993 2248 3120 2303 sine
3165 2249 3448 2304 instinctu
3483 2249 3584 2304 Dei
3617 2250 3689 2303 ad

2044 2337 2152 2392 hoc
2196 2342 2332 2393 tuus
2365 2355 2576 2394 sensus
2623 2355 2906 2393 accensus
2953 2343 3063 2408 est,
3098 2342 3161 2392 ut
3193 2338 3366 2392 velles
3399 2355 3431 2392 a
3463 2354 3554 2392 me
3583 2338 3688 2391 tibi

2046 2428 2158 2482 ista
2190 2428 2480 2482 conscribi
2512 2433 2568 2483 et
2600 2433 2664 2483 ut
2696 2428 2945 2498 istorum
2971 2429 3235 2482 omnium
3261 2427 3410 2482 vitas
3429 2442 3692 2498 compre-

2045 2516 2217 2571 hendi
2250 2517 2587 2588 praeciperes
2619 2517 2725 2572 hoc
2757 2517 2974 2572 libello.

2114 2607 2196 2661 Tu
2230 2624 2382 2673 vero,
2419 2607 2753 2662 felicissime
2777 2606 2994 2662 Christi
3026 2606 3243 2662 famula
3268 2608 3474 2673 Lause,
3499 2606 3686 2662 liben-

2043 2701 2130 2751 ter
2161 2695 2283 2751 hac
2318 2696 2523 2764 recole,
2558 2696 2876 2752 maximam
2911 2696 2967 2750 in
3003 2696 3095 2750 his
3129 2697 3446 2768 imaginem
3487 2715 3686 2752 resur-

2044 2785 2321 2841 rectionis
2345 2803 2690 2857 agnoscens.
2728 2787 2930 2841 Beatas
2961 2790 3298 2841 sanctorum
3333 2786 3482 2842 vitas
3531 2787 3684 2840 viro-

2045 2891 2200 2936 rum,
2236 2878 2291 2929 et
2324 2874 2724 2930 intolerandos
2766 2874 3017 2944 labores,
3051 2880 3107 2930 et
3145 2876 3551 2930 admirandam
3585 2893 3686 2946 pa-

2042 2964 2311 3019 tientiam
2360 2964 2503 3032 lege,
2546 2965 2948 3035 promotisque
2999 2965 3270 3020 sensibus
3320 2982 3584 3036 sequere,
3631 2968 3689 3020 et

2044 3070 2145 3124 spe
2201 3071 2394 3108 rerum
2442 3054 2730 3108 bonarum
2777 3053 3218 3124 cmlestiumque
3265 3054 3446 3119 nutri,
3497 3055 3690 3109 sciens

2047 3159 2264 3214 paucos
2297 3143 2415 3198 fore
2436 3143 2536 3214 qui
2565 3148 2887 3213 sequentur
2904 3160 3001 3197 eos
3023 3143 3121 3213 qui
3141 3143 3244 3198 hos
3264 3147 3689 3213 praecesserunt

1964 3196 2007 3261 Ο
2047 3233 2192 3287 dies.
2232 3233 2338 3286 Pro
2373 3249 2464 3286 me
2487 3236 2677 3287 autem
2699 3249 2863 3287 orare
2884 3231 3147 3301 dignare,
3181 3231 3472 3302 talemque
3497 3237 3552 3287 te
3586 3233 3687 3286 mi-

2040 3316 2303 3392 hiatque
2326 3321 2601 3375 omnibus
2627 3321 2836 3390 praebe,
2864 3319 3095 3391 qualem
3117 3335 3244 3374 esse
3264 3323 3316 3374 te
3334 3319 3462 3374 novi
3492 3336 3523 3373 a
3546 3336 3686 3374 con-

2041 3410 2237 3464 sulatu
2272 3410 2484 3464 Titiani
2515 3427 2700 3481 usque
2724 3409 2778 3463 in
2807 3414 3150 3481 presentem
3176 3408 3355 3475 diem,
3376 3412 3429 3464 et
3452 3407 3685 3479 qualem

2042 3505 2240 3570 postea
2275 3505 2327 3553 te
2350 3499 2658 3569 praesulem
2693 3499 2943 3553 cubiculi
2971 3498 3074 3569 pia:
3094 3497 3482 3553 sedisinveni.
3508 3497 3684 3552 Nam-

2043 3605 2154 3657 que
2188 3604 2348 3658 opes,
2383 3588 2660 3658 dignitas,
2695 3591 2750 3642 et
2779 3592 3073 3658 potestas,
3109 3587 3167 3642 in
3201 3586 3360 3642 nullo
3395 3589 3682 3642 minorem

2041 3681 2096 3731 te
2128 3692 2265 3747 erga
2298 3692 2555 3730 amorem
2591 3675 2692 3730 Dei
2745 3676 3134 3746 timoremque
3186 3677 3464 3731 fecerunt.
3500 3677 3684 3731 Totus

2044 3764 2139 3820 ille
2182 3765 2305 3833 jam
2341 3765 2555 3819 Christi
2605 3781 2705 3831 es;
2742 3763 2921 3833 illius,
2970 3764 3063 3818 cui
3096 3764 3410 3834 aliquando
3459 3765 3687 3819 daemon

2041 3853 2150 3908 hoc
2183 3854 2358 3908 dixit:
2394 3852 2602 3908 Omnia
2638 3852 2744 3907 tibi
2787 3853 2902 3906 ista
2933 3853 3101 3919 dabo,
3139 3853 3185 3907 si
3215 3869 3306 3907 me
3341 3869 3560 3923 pronus
3591 3868 3689 3904 vo-

2042 3943 2225 3998 lueris
2254 3943 2496 3997 adorare
2531 3942 2740 4011 (Matth.
2774 3941 2875 4012 iv).
2910 3941 3045 4012 [Sed
3066 3940 3223 3994 hunc
3255 3939 3537 3995 Dominus
3558 3957 3696 3994 con-

2046 4032 2220 4102 fudit,
2255 4048 2382 4088 cum
2409 4032 2587 4085 dixit:
2620 4030 2779 4085 Vade
2813 4035 2987 4084 retro.
3019 4031 3200 4094 Quem
3225 4031 3289 4083 tu
3310 4045 3540 4099 quoque
3563 4027 3691 4082 imi-

2045 4128 2203 4189 tans,
2239 4121 2562 4193 repudiatis
2596 4120 2766 4174 ﬂuxis
2790 4119 3011 4173 divitiis
3035 4123 3090 4173 et
3116 4117 3414 4173 umbratili
3440 4119 3569 4173 vita:
3590 4116 3696 4171 hu-

2045 4213 2147 4281 jus
2179 4211 2383 4282 gloria,
2429 4210 2725 4265 coelestem
2758 4208 2920 4263 illam
2957 4208 3350 4262 immortalem
3387 4207 3565 4261 vitam
3594 4249 3606 4273 ,
3642 4213 3697 4260 et

2050 4305 2330 4354 teternum
2365 4315 2633 4371 regnum,
2669 4303 2724 4353 et
2757 4302 3036 4370 perpetuo
3062 4301 3395 4352 manentem
3428 4295 3698 4367 gloriam,

2052 4394 2105 4445 et
2123 4390 2276 4444 bona
2307 4388 2405 4443 illa
2435 4387 2880 4458 adamasti,que
2901 4402 3089 4457 neque
3113 4385 3320 4441 oculus
3342 4385 3488 4439 vidit
3512 4402 3701 4456 neque

2052 4478 2213 4532 auris
2246 4478 2487 4544 audivit,
2540 4494 2727 4547 neque
2760 4477 2818 4531 in
2861 4493 2958 4531 cor
2988 4475 3250 4531 hominis
3303 4474 3701 4529 ascenderunt

283 4587 353 4624 ne
380 4570 594 4624 micam
613 4570 852 4642 quidem
879 4568 1044 4637 panis
1069 4567 1326 4635 haberet,
1349 4573 1468 4624 tres
1485 4568 1779 4623 calidosin
1798 4567 1945 4639 pelle
1976 4551 2022 4613 D
2056 4569 2183 4636 (Isa.
2227 4583 2373 4632 inv,
2403 4571 2429 4622 1
2464 4569 2592 4621 Cor.
2628 4568 2726 4637 2);
2759 4583 3008 4637 quorum
3045 4565 3271 4620 utinam
3312 4565 3568 4619 haeredes
3601 4581 3708 4619 nos

283 4677 392 4715 sua
421 4659 635 4730 reperit
658 4659 984 4730 paximates
1009 4677 1022 4726 ;
1049 4657 1162 4712 alio
1192 4675 1424 4730 quoque
1447 4664 1709 4728 tempore
1741 4659 1943 4712 vinum

281 4765 346 4803 ac
365 4765 544 4819 panes
562 4749 782 4819 pariter
800 4747 1037 4802 invenit.
1055 4748 1314 4812 Quodam
1331 4747 1422 4801 die
1435 4764 1502 4802 eu
1517 4763 1565 4800 m
1584 4746 1756 4800 alicui
1773 4747 1947 4800 dixis-

281 4854 341 4893 se
377 4837 748 4903 reminiscor,
782 4838 935 4908 quod
966 4834 1170 4906 angelo
1205 4836 1480 4907 loquente
1512 4835 1634 4889 haec
1666 4835 1942 4901 audierit,

280 4925 470 4981 Didici
496 4932 552 4981 et
575 4926 731 4998 quod
757 4924 1037 4979 alimenta
1057 4923 1184 4979 vitae
1209 4923 1540 4980 necessaria
1565 4941 1679 4979 non
1700 4923 1945 4979 haberes

356 5084 374 5116 ί
417 5079 651 5135 Inclusa
682 5079 896 5134 desunt
926 5077 1184 5133 Editioni
1218 5078 1409 5133 Fabri.

2061 4659 2231 4712 faciat
2265 4674 2379 4711 una
2410 4673 2542 4711 cum
2579 4657 2855 4710 omnibus
2884 4656 3102 4710 sanctis
3129 4654 3252 4709 suis
3283 4653 3632 4725 patriarchis
3654 4657 3710 4707 et

2061 4746 2383 4818 prophetis,
2418 4745 2819 4816 apostolisque
2852 4761 2916 4797 ac
2949 4743 3327 4814 marlyribus,
3357 4747 3411 4798 et
3453 4743 3525 4796 iis
3559 4759 3705 4813 quo-

2060 4851 2189 4890 rum
2224 4835 2280 4888 in
2315 4834 2422 4888 hoc
2467 4833 2617 4888 libro
2650 4833 2986 4887 memoriam
3033 4831 3482 4899 celebravimus,
3518 4829 3710 4901 gratia

2057 4923 2248 4995 ipsius
2280 4921 2598 4978 Salvatoris
2631 4921 2814 4976 nostri
2845 4921 2987 4976 Jesu
3020 4919 3258 4975 Christi.
3292 4920 3357 4988 ¹]²

352 5153 374 5187 ³
433 5152 496 5208 In
528 5153 677 5208 Edit.
713 5149 882 5208 Fabri
904 5149 1261 5221 sequebatur
1283 5150 1375 5206 hic
1397 5148 1709 5222 peroratio.
1748 5148 1846 5204 Est
1875 5148 2074 5205 eadem
2109 5163 2242 5203 cum
2273 5146 2554 5218 prooemio
2580 5163 2781 5220 supra.
