4092 6324
409 411 3806 447 M

2010 443 3803 447 ,_,w—__—___—__

1034 561 2030 717 PALLADII
2140 567 3190 722 LAUSIAGA

917 828 1503 943 INCERTO,
1582 832 1814 927 SED
1880 836 2369 933 VETERI
2434 836 3289 933 INTERPRETE.

1878 1123 2363 1251 Prologus.

481 1409 825 1466 984Multa
838 1411 1075 1483 quidem
1091 1414 1577 1472 etvariadiversis
1592 1418 1957 1489 temporibus
1974 1436 2007 1474 a
2028 1419 2273 1475 diversis
2305 1419 2635 1491 conscripta
2657 1418 2949 1473 habentur
2969 1418 3037 1473 de
3060 1418 3151 1473 his
3180 1418 3279 1489 qui
3303 1418 3606 1474 illecebras
3626 1413 3832 1474 saeculi

408 1499 907 1570 derelinquentes,
929 1503 999 1556 ad
1021 1502 1341 1573 Christum,
1368 1506 1550 1561 fecere
1572 1507 1936 1578 confugium,
1958 1524 2208 1578 quorum
2236 1508 2453 1563 bonum
2478 1507 2659 1563 animi
2681 1507 3039 1562 desiderium
3059 1512 3115 1562 et
3137 1506 3421 1578 religiosas
3444 1507 3660 1562 mentis
3682 1508 3830 1562 aﬂ‘ec

406 1593 533 1643 tum
568 1606 829 1659 superna:
861 1592 1060 1662 gratiae
1095 1593 1424 1665 inspiratio,
1457 1596 1627 1666 quasi
1652 1597 1946 1667 adjectum
1971 1597 2218 1652 ﬂammae
2242 1597 2432 1653 oleum
2460 1598 2776 1661 nutriebat,
2801 1596 2858 1651 in
2882 1597 3325 1652 aediﬁcationem
3350 1612 3552 1652 eorum
3578 1597 3678 1668 qui
3706 1596 3826 1651 ﬁde

404 1677 962 1749 integravoluntarii
990 1689 1329 1751 permanent
1352 1684 1409 1739 in
1434 1685 1701 1740 doctrina
1725 1686 2040 1741 Salvatoris
2060 1687 2241 1741 nostri
2268 1686 2499 1743 Christi.
2525 1686 2929 1741 Consideranti
2951 1692 3147 1741 autem
3168 1703 3340 1757 quam
3368 1690 3600 1759 gratum
3624 1685 3835 1741 sitDeo

408 1766 785 1836 sacriﬁcium,
812 1768 1041 1825 lucrum
1072 1772 1427 1835 animarum,
1465 1773 1653 1829 visum
1677 1779 1767 1829 est
1788 1775 2004 1830 etmihi
2030 1775 2236 1831 humili
2276 1776 2597 1831 reverentia
2628 1792 2731 1847 pro
2756 1774 3144 1846 possibilitate
3184 1792 3312 1831 mea
3342 1775 3605 1830 fraternae
3636 1774 3827 1830 saluti

409 1855 735 1926 consulere,
770 1862 827 1913 et
859 1857 1177 1915 illustrium
1212 1878 1327 1917 non
1361 1864 1769 1919 tantummodo
1798 1864 2084 1932 virorum,
2119 1867 2216 1920 sed
2251 1866 2425 1921 etiam
2455 1866 2807 1920 feminarum
2844 1880 3036 1919 mores
3059 1869 3115 1919 et
3131 1865 3311 1920 vitam
3332 1865 3660 1932 ostendere,
3684 1879 3829 1935 pro-

412 1944 611 2016 palare
640 1946 907 2018 virtutes,
941 1952 997 2004 et
1029 1949 1313 2005 miracula
1344 1950 1661 2021 declarare,
1686 1968 1888 2007 eorum
1922 1954 2147 2009 scilicet
2177 1970 2319 2023 quos
2342 1953 2483 2020 vidi,
2517 1959 2574 2009 et
2605 1954 2674 2008 de
2703 1954 2921 2025 quibus
2946 1953 3162 2023 audivi,
3196 1970 3328 2009 cum
3361 1954 3579 2026 quibus
3610 1959 3668 2008 et
3684 1970 3833 2009 con-

412 2038 682 2090 versatus
712 2053 845 2093 sum
884 2042 1003 2093 tam
1036 2039 1095 2094 in
1126 2040 1354 2111 Egypti
1382 2040 1721 2109 solitudine,
1750 2059 1927 2113 quam
1960 2044 2133 2099 etiam
2166 2043 2222 2097 in
2260 2043 2438 2116 Libya
2467 2050 2525 2099 et
2552 2043 2867 2099 Thebaida.
2904 2047 2961 2098 et
2990 2046 3137 2098 Sene
3170 2044 3352 2113 (Vetus
3384 2043 3563 2100 Editio
3593 2043 3831 2099 Sirene.

416 2122 501 2177 An
532 2125 812 2195 Cyrene?)
838 2126 1039 2193 simul,
1073 2132 1131 2184 et
1164 2129 1265 2200 qui
1299 2129 1578 2185 dicuntur
1608 2131 2119 2200 Tabenneosiotaa;
2147 2134 2358 2188 deinde
2390 2132 2448 2187 in
2483 2133 2926 2204 Mesopolamia,
2960 2131 3287 2197 Palaestina,
3320 2137 3378 2188 et
3412 2133 3597 2202 Syria,
3626 2136 3685 2188 et
3731 2149 3839 2188 eo-

417 2226 551 2267 rum
574 2213 674 2284 qui
702 2214 759 2268 in
794 2215 1052 2272 occiduis
1080 2218 1370 2288 partibus,
1392 2223 1584 2275 Romae
1607 2225 1662 2275 et
1685 2222 2015 2292 Campaniae
2040 2226 2364 2277 morantur.
2391 2222 2688 2277 Desiderio
2712 2221 3006 2292 siquidem
3036 2221 3390 2276 humilitatis
3413 2226 3469 2277 et
3488 2222 3838 2278 obedientize

417 2301 653 2358 auditor
681 2303 924 2360 effectus
967 2308 1303 2363 monasticaa
1351 2308 1766 2379 institutionis,
1807 2310 2178 2383 trigesimum
2214 2316 2269 2367 et
2300 2312 2541 2366 tertium
2574 2328 2754 2383 agens
2785 2312 2973 2366 aetatis
3019 2328 3237 2366 annum
3292 2313 3348 2366 in
3383 2314 3837 2384 congregatione

411 2390 688 2461 fratrum,
722 2393 1110 2452 nihilominus
1134 2401 1189 2452 et
1211 2397 1267 2451 in
1294 2396 1557 2454 solitaria
1576 2400 1695 2455 vita
1730 2400 2058 2456 diversatus
2102 2417 2255 2469 sum,
2304 2401 2403 2455 ubi
2430 2402 2681 2472 plurima
2720 2401 2895 2456 didici
2923 2399 3230 2467 imitanda,
3256 2400 3468 2471 pariter
3491 2406 3547 2457 et
3565 2402 3834 2469 vitanda,

413 2494 542 2549 quas
572 2479 629 2535 in
662 2480 771 2537 hoc
801 2481 973 2549 libro,
1008 2501 1123 2556 qua
1153 2489 1352 2557 potero
1385 2486 1688 2552 brevitate,
1734 2493 2067 2555 contexam;
2102 2494 2167 2544 ut
2198 2490 2256 2543 in
2286 2489 2630 2560 compendio
2663 2487 2963 2544 salutifera
2994 2487 3358 2557 commoniti,
3393 2488 3835 2544 indeﬁcientem

411 2566 623 2624 animae
654 2570 958 2642 capiamus
983 2574 1333 2629 medicinam
1360 2591 1374 2642 ;
1401 2592 1635 2632 omnem
1659 2576 1927 2633 videlicet
1952 2577 2371 2634 obliviscamur
2396 2579 2707 2646 desidiam,
2738 2579 3070 2649 mentisque
3096 2577 3490 2633 somnolentis
3519 2582 3576 2633 et
3598 2576 3835 2634 carnale

409 2656 801 2728 desiderium;
835 2678 1189 2735 omnemque
1224 2665 1653 2721 dissensionem
1678 2666 1883 2737 animi,
1910 2668 2359 2722 commotionem
2392 2668 2732 2737 iracundias,
2756 2667 3061 2723 tristitiam
3085 2672 3142 2722 et
3163 2665 3625 2722 irrationabilem
3648 2666 3833 2722 timo-

413 2761 535 2801 rem
569 2763 669 2818 per
701 2756 823 2805 haec
852 2751 1205 2823 repellamus
1232 2771 1244 2821 ;
1270 2771 1477 2810 vanam
1497 2754 1743 2826 gloriam
1760 2760 1817 2810 et
1849 2757 2227 2812 ambitionem
2252 2756 2447 2811 saeculi
2472 2757 2893 2828 despiciemus,
2922 2762 2985 2811 ut
3006 2758 3063 2810 in
3093 2757 3207 2811 fide
3224 2756 3483 2812 veritatis
3506 2761 3564 2811 et
3587 2756 3644 2811 in
3666 2756 3836 2811 desi-

413 2832 574 2890 derio
596 2838 940 2894 aeternitatis
973 2839 1368 2911 proﬁciamus.
1402 2842 1725 2899 Audientes
1754 2843 1933 2913 igitur
1965 2844 2134 2899 fortia
2164 2849 2496 2901 sanctorum
2530 2850 2714 2917 gesta,
2767 2846 3113 2918 acingamur
3142 2849 3200 2899 et
3230 2861 3337 2900 nos
3369 2864 3383 2913 ;
3438 2848 3716 2916 augescat
3767 2845 3833 2900 in

414 2922 587 2979 nobis
618 2925 784 2994 ﬁdes,
820 2943 922 2999 spe
952 2928 1217 2985 vincendi
1250 2931 1507 2988 charitas
1530 2931 1865 3001 incalescat,
1899 2939 1956 2990 et
1985 2934 2125 2990 certi
2157 2933 2347 2990 simus
2379 2935 2519 3007 quia
2543 2934 2807 2990 Christus
2838 2934 3148 2990 bellatores
3180 2950 3320 2989 suos
3349 2933 3670 3005 adjuvabit,
3703 2933 3840 2989 vic-

410 3013 566 3068 tores
597 3016 917 3072 coronabit.

413 3136 3832 3159 Mm

2090 3233 2145 3298 Α
2176 3232 2501 3287 dicentem:
2537 3231 2683 3297 Quia
2713 3231 2995 3287 erubesco
3018 3231 3312 3302 accipiens
3336 3229 3695 3302 corporalem
3729 3246 3828 3286 es-

2177 3338 2305 3375 cam
2342 3322 2493 3376 sicut
2524 3320 2888 3376 irrationalia
2919 3318 3217 3385 animalia,
3252 3336 3385 3375 cum
3418 3319 3621 3391 utique
3650 3318 3839 3375 homo

2175 3409 2480 3464 rationalis
2514 3427 2546 3464 a
2574 3409 2688 3465 Deo
2720 3413 2951 3465 creatus
2982 3408 3116 3481 sim,
3151 3414 3208 3464 et
3239 3408 3339 3480 qui
3361 3407 3629 3464 deberem
3658 3424 3837 3478 para-

2174 3498 2288 3554 disi
2320 3498 2550 3555 deliciis
2583 3499 2718 3554 frui.
3012 3500 3021 3507 “

478 3583 624 3639 Cum
640 3583 895 3654 primum
914 3586 982 3640 ad
1009 3586 1421 3642 Alexandriam
1446 3588 1836 3659 perrexissem
1861 3590 2065 3645 civita-
2241 3589 2344 3645 Hic
2379 3593 2555 3645 notus
2588 3606 2720 3644 cum
2756 3592 2911 3644 esset
2942 3588 3207 3643 Romano
3239 3587 3498 3658 senatui,
3545 3586 3837 3644 omnibus

412 3674 569 3742 tem,
612 3674 797 3745 reperi
837 3675 1028 3731 virum
1080 3675 1441 3746 mirabilem,
1486 3678 1748 3749 undique
1789 3683 2061 3735 ornatum
2169 3678 2458 3733 matronis
2482 3678 2930 3749 magnificorum
2957 3676 3354 3732 etillustrium
3380 3678 3830 3741 virorum,cum

414 3759 704 3829 moribus,
729 3765 1194 3833 conversatione,
1219 3771 1277 3821 et
1298 3766 1566 3837 scientia,
1588 3766 1878 3823 lsidorum
1900 3784 2062 3839 pres-
2164 3767 2488 3823 Athanasio
2506 3768 2779 3839 episcopo
2803 3784 2981 3822 causa
3003 3765 3137 3821 fidei
3161 3767 3269 3820 fuit
3292 3765 3823 3831 Romammdeinde

410 3850 709 3923 byterum,
744 3857 801 3908 et
839 3855 1203 3911 xenodochio
1234 3857 1619 3912 constitutum
1658 3856 2059 3914 Alexandrinae
2163 3856 2332 3912 eliam
2366 3874 2497 3911 cum
2523 3856 2811 3911 Demetrio
2841 3855 3149 3928 episcopo;
3173 3860 3230 3911 et
3255 3855 3566 3911 abundans
3590 3854 3826 3911 divitiis

407 3940 664 3997 ecclesiae
684 3942 924 4015 (Heracl.
947 3961 1067 4015 cap.
1100 3946 1286 4016 l).Qui
1310 3946 1543 4016 quidem
1566 3946 1763 4017 prima:
1781 3948 2057 4016 juventu-
2162 3944 2219 4000 in
2236 3947 2460 4001 ratione
2473 3945 2819 4001 xenodochii
2838 3943 3322 4000 etsufﬁcientiam
3340 3944 3565 3999 habens
3585 3942 3828 4000 nullum

401 4028 478 4084 tis
496 4029 800 4087 illecebras
822 4032 1128 4088 dicebatur
1152 4034 1211 4088 in
1240 4034 1557 4090 solitudine
1580 4052 1929 4106 macerasse,
1954 4054 2055 4091 cu-
2157 4038 2574 4090 testamentum
2592 4032 3225 4105 scripsitmoriens;sed
3241 4048 3421 4104 neque
3434 4050 3618 4089 unum
3636 4050 3824 4088 num-

951 3263 1187 3321 CAPUT
1218 3266 1524 3323 PRIMUM.

409 3384 620 3443 [sideri
648 3388 701 3442 et
745 3387 1004 3445 Dorothei
1032 3389 1410 3473 conuersatio,
1464 3394 1517 3445 et
1547 3392 1735 3461 passio
1779 3393 2070 3463 cujusdam

1112 3477 1369 3532 vzrgmzs.

392 4119 496 4190 jus
526 4120 704 4176 etiam
737 4138 845 4176 nos
877 4122 1084 4177 cellam
1110 4123 1369 4180 vidimus
1393 4125 1451 4179 in
1485 4129 1682 4179 monte
1712 4124 1927 4179 Nitriae.
1956 4129 2055 4182 In~
2158 4140 2321 4177 mum
2355 4123 2591 4194 reliquit
2620 4122 2679 4177 in
2698 4122 2969 4178 solatium
2994 4123 3297 4177 sororibus
3321 4121 3543 4188 suis,in
3565 4121 3824 4193 virgini-

2155 4212 2291 4268 tatis
2326 4213 2621 4284 proposito
2668 4212 3051 4281 constitutis;
3084 4212 3184 4267 sed
3236 4212 3668 4267 commendavit
3709 4227 3824 4267 eas

2154 4300 2382 4357 Christo
2414 4301 2684 4368 Domino,
2718 4301 2954 4357 dicens:
2982 4300 3091 4367 Qui
3125 4300 3340 4357 creavit
3366 4316 3489 4365 vos,
3523 4300 3822 4372 gubernet

2150 4391 2328 4446 vitam
2353 4395 2628 4458 vestram,
2656 4392 2811 4446 sicut
2837 4396 2892 4446 et
2913 4408 3124 4447 meam.
3149 4391 3285 4445 Erat
3308 4393 3501 4445 autem
3523 4406 3653 4444 cum
3678 4405 3817 4461 ger-

2152 4479 2345 4535 manis
2376 4480 2507 4549 ejus
2535 4478 2908 4551 congregatio
2940 4478 3236 4549 virginum
3270 4475 3666 4549 septuaginta.

396 4207 530 4263 veni
563 4214 759 4265 autem
791 4226 926 4265 eum
960 4228 1251 4266 annorum
1288 4212 1665 4285 septuaginta
1695 4229 1915 4281 senem,
1951 4216 2054 4287 qui

398 4300 533 4366 post
564 4297 900 4369 quindecim
933 4298 1079 4355 alios
1112 4317 1299 4356 annos
1330 4302 1645 4358 defunctus
1676 4307 1766 4357 est
1797 4303 1851 4357 in
1886 4320 2047 4375 pace.

396 4384 500 4441 Hic
532 4402 719 4459 usque
737 4388 808 4441 ad
828 4386 1047 4443 exitum
1080 4390 1216 4445 vitae
1250 4407 1368 4445 sum
1403 4407 1517 4445 non
1552 4391 1728 4447 linteo
1761 4408 1905 4447 usus
1936 4402 2044 4462 est,

396 4489 513 4529 non
531 4475 950 4547 balneo.Cujus
974 4492 1186 4548 corpus
1209 4479 1398 4549 gratia
1418 4480 1519 4535 Dei
1537 4480 2046 4554 itareferlum[Al.,

396 4562 702 4636 refectum]
731 4570 876 4634 erat,
910 4570 973 4620 ut
1005 4572 1279 4638 putarent
1313 4585 1517 4624 omnes
1549 4569 1884 4641 ignorantes
1912 4588 2044 4626 con-
2074 4601 2120 4666 Β
2224 4567 2346 4622 Huc
2377 4566 2846 4637 venientijuveni
2873 4566 3017 4621 mihi
3049 4571 3105 4621 et
3129 4564 3463 4637 deprecanti
3486 4565 3817 4619 eumutin-

393 4654 781 4710 versationem
799 4655 948 4725 ejus,
968 4655 1107 4727 quia
1122 4656 1178 4711 in
1196 4656 1424 4713 deliciis
1439 4659 1694 4730 degeret.
1721 4659 1908 4730 Hujus
1926 4660 2042 4715 vir-

394 4745 552 4799 tutes
584 4743 767 4799 animi
801 4744 850 4799 si
884 4744 1122 4801 voluero
1138 4748 1795 4817 exponere,deﬁcietme
1817 4754 2047 4821 tempus

395 4836 755 4889 narrantem.
780 4833 884 4888 Hic
905 4833 1057 4890 inter
1080 4840 1319 4892 caeteras
1341 4837 1586 4893 virtutes
1610 4837 1784 4893 nimis
1813 4839 2046 4894 miseri-

391 4937 520 4977 cors
551 4939 618 4978 ac
661 4922 955 4995 benignus
984 4929 1201 4992 erat,ut
1234 4926 1407 4981 etiam
1437 4927 1659 4982 inimici
1692 4928 1820 4999 ejus
1846 4928 2043 4983 etinﬁ-

386 5011 547 5067 deles
560 5011 805 5084 gentiles
822 5017 1634 5073 revererentureum.Tantam
1653 5022 1847 5072 autem
1863 5016 2043 5073 scien-

385 5100 527 5155 tiam
545 5101 1197 5175 habuitScripturarum
1216 5104 1547 5161 divinarum
1565 5107 1949 5162 instructions
1970 5106 2042 5163 li-

384 5186 726 5259 brorum,ut
754 5190 908 5245 inter
928 5190 1057 5262 ipsa
1088 5192 1263 5247 etiam
1291 5196 1555 5249 convivia
1577 5195 1821 5249 fratrum
1845 5200 2038 5251 mente

384 5277 686 5333 excederet
716 5278 1128 5351 spiritualibus
1159 5281 1509 5339 visionibus.
1542 5288 1805 5355 Cumque
1837 5284 2036 5356 depre-

386 5369 620 5420 caretur
648 5368 857 5422 referte
882 5368 1016 5439 quis
1047 5374 1203 5425 esset
1226 5387 1498 5427 excessus
1532 5372 1746 5427 mentis
1768 5373 1915 5443 ejus,
1950 5374 2033 5428 di-

384 5452 553 5508 cebat
583 5470 718 5509 cum
742 5454 1016 5528 lacrymis
1050 5474 1062 5511 :
1110 5460 1251 5525 Quia
1279 5466 1473 5517 mente
1497 5466 1700 5533 raptus
1720 5462 1926 5516 sumin
1953 5463 2032 5517 vi-

385 5540 547 5597 sione
580 5545 832 5614 quadam
858 5546 1173 5617 spirituali.
1199 5553 1315 5621 Ego
1332 5567 1465 5607 vero
1486 5550 1897 5623 cognovihunc
1922 5552 2031 5608 fre-

386 5635 635 5702 quenter
663 5632 1083 5706 lacrymantem
1118 5653 1295 5709 super
1344 5657 1630 5708 mensam,
1665 5655 1797 5695 cum
1832 5640 2027 5697 cibum

383 5726 654 5793 caperet;
686 5727 743 5779 et
772 5740 1012 5780 causam
1044 5724 1493 5801 interrogantes,
1528 5730 1863 5786 audivimus
1893 5746 2027 5786 eum

2153 4657 2423 4712 stitueret
2455 4674 2565 4723 me,
2586 4657 3080 4727 conﬁrmaretque
3098 4657 3155 4711 in
3177 4653 3604 4709 monachorum
3625 4653 3814 4710 vitam

2159 4746 2472 4801 ferventem
2499 4744 2741 4816 juvenili
2777 4749 2965 4811 aztale,
2988 4745 3162 4799 verbo
3195 4743 3433 4813 quidem
3464 4759 3557 4797 me
3580 4758 3693 4797 non
3717 4746 3819 4798 est

2156 4834 2509 4903 consolatus,
2540 4835 2639 4889 sed
2676 4834 2866 4906 magis
2888 4833 3144 4889 laborem
3168 4833 3317 4889 985
3350 4832 3583 4886 induxit
3609 4848 3818 4903 corpo-

2154 4924 2357 4980 ralem.
2382 4923 2597 4978 Eduxit
2625 4922 2779 4978 enim
2814 4940 2906 4978 me
2940 4924 3094 4979 foras
3128 4924 3198 4979 de
3222 4922 3457 4978 civitate
3488 4922 3558 4976 ad
3582 4936 3649 4975 ea
3674 4936 3819 4992 qua

2153 5014 2431 5069 dicuntur
2460 5013 2771 5068 secretiora
2803 5012 2950 5080 loca,
2987 5012 3265 5067 milliario
3292 5012 3522 5083 quinto,
3558 5010 3809 5067 tradens

2152 5120 2242 5160 me
2273 5103 2555 5159 Dorotheo
2589 5102 2823 5157 cuidam
2852 5101 3355 5157 abstinentissimo
3381 5100 3502 5154 viro
3525 5098 3804 5165 Thebaeo,

2149 5193 2574 5265 sexagesimum
2590 5190 2781 5263 agenti
2801 5207 3024 5246 annum
3039 5190 3097 5246 in
3116 5190 3482 5264 spelunca,et
3499 5187 3688 5257 jussit
3708 5205 3810 5244 me

2148 5283 2391 5356 implere
2423 5283 2575 5353 apud
2612 5280 2807 5352 ipsum
2852 5284 2969 5335 tres
3000 5297 3218 5347 annos,
3255 5280 3327 5335 ad
3359 5276 3803 5334 edomationem

2145 5374 2404 5445 corporis
2429 5370 2771 5443 passionum
2800 5386 2812 5436 ;
2836 5368 3061 5425 sciebat
3081 5369 3235 5423 enim
3261 5383 3459 5424 senem
3485 5366 3690 5437 grandi
3713 5365 3810 5421 di-

2144 5463 2445 5517 strictione
2474 5461 2785 5516 viventem.
2821 5462 3035 5514 Iterum
3064 5458 3209 5513 mihi
3241 5456 3453 5515 reverti
3476 5457 3545 5511 ad
3570 5472 3633 5511 se
3651 5473 3767 5528 pra:

2143 5554 2297 5622 cepit
2327 5549 2655 5623 spiritualis
2678 5549 3081 5604 instructionis
3106 5566 3303 5605 causa.
3327 5548 3454 5603 Non
3471 5545 3674 5603 valens
3694 5563 3809 5601 au-

2141 5649 2253 5695 tem
2278 5652 2396 5695 tres
2426 5654 2611 5693 annos
2645 5637 2909 5708 implere,
2944 5637 3288 5693 infirmitate
3336 5638 3613 5692 detentus
3645 5677 3660 5704 ,
3717 5635 3804 5692 ita

2139 5735 2278 5788 ante
2309 5728 2628 5788 triennium
2661 5744 2932 5787 reversus
2961 5745 3095 5787 sum
3126 5730 3201 5787 ab
3220 5745 3309 5787 eo.
