4092 6324
250 390 351 445 349

1573 388 1805 442 PALLA
1813 389 1909 443 ΟΠ
1946 390 2325 445 LAUSIACA.

3548 389 3655 444 350

248 514 587 571 festinantes
609 514 989 584 perrexerunt
1009 526 1142 565 cum
1168 511 1458 581 adjutorio
1480 515 1547 570 ad
1569 515 1890 569 eum.Cum
1924 516 1978 582 Α
2009 515 2330 571 auriculam
2383 515 2629 581 abscidi,
2677 531 2813 569 nam
2863 515 2988 586 ipse
3037 513 3298 585 linguam
3346 514 3651 570 abscidisti

248 610 434 660 autem
463 602 708 657 vidisset
735 617 797 657 se
828 604 1209 672 praeventum,
1242 601 1671 672 deprecabatur
1695 620 1816 669 eos,
1849 608 1905 658 et
2008 621 2135 674 qua:
2171 604 2389 661 multos
2424 605 2671 677 populos
2702 606 2908 659 docere
2934 603 3142 674 potuit.

246 710 367 751 cum
385 696 755 750 sacramento
771 690 1105 745 affirmabat
1120 707 1232 744 non
1252 691 1549 763 suscipere
1563 710 1623 748 se
1637 692 1901 747 ordinem

246 784 834 855 episcOpatus,neque
858 780 928 834 de
947 795 1143 834 eremo
1162 781 1688 849 egressurum.lllis
1705 789 1900 836 autem

248 888 352 927 non
386 870 872 934 concedentibus,
908 869 1007 924 sed
1040 867 1324 923 violenter
1353 871 1737 937 instantibus,
1766 888 1900 941 prae-

244 962 508 1017 sentibus
545 960 651 1028 eis,
682 959 907 1029 accepit
939 958 1219 1022 forficem,
1254 962 1310 1011 et
1341 975 1541 1013 aurem
1563 975 1728 1014 suam
1753 958 1899 1013 sini-

245 1055 416 1105 stram
452 1049 527 1104 ab
560 1049 680 1104 imo
712 1047 987 1112 abscidit,
1022 1047 1224 1101 dicens
1257 1046 1376 1102 eis:
1410 1046 1514 1102 Vel
1548 1063 1702 1102 nunc
1758 1048 1899 1102 certi

247 1144 422 1195 estote
454 1138 599 1211 quia
619 1136 986 1209 impossibile
1009 1141 1098 1191 est
1121 1152 1212 1192 me
1237 1136 1361 1191 ﬁeri
1387 1137 1900 1208 episcopum,quia

244 1228 327 1285 lex
349 1229 622 1301 prohibet
645 1226 897 1282 debilem
913 1226 972 1281 in
988 1224 1185 1296 aliquo
1206 1227 1471 1281 membro
1490 1226 1611 1281 fieri
1635 1227 1897 1282 sacerdo-

242 1325 370 1375 tem.
414 1319 581 1373 Tunc
632 1316 1031 1387 relinquentes
1080 1331 1236 1383 eum,
1298 1322 1686 1371 recesserunt.
1740 1316 1889 1371 987

239 1409 527 1463 Abeuntes
553 1411 752 1462 autem
777 1405 1051 1460 dixerunt
1073 1404 1443 1476 episcopo.Et
1466 1404 1546 1459 ait
1566 1403 1649 1459 eis
1664 1405 1894 1475 episco-

240 1512 378 1569 pus:
407 1497 523 1551 Ista
556 1496 649 1550 lex
683 1495 835 1566 apud
867 1493 1087 1549 Judeos
1120 1493 1581 1561 observabatur;
1618 1493 1756 1548 mihi
1790 1510 1892 1549 au-

236 1593 341 1641 tem
373 1585 550 1641 etiam
585 1600 722 1640 eum
753 1583 855 1655 qui
888 1598 1099 1637 nasum
1138 1581 1439 1637 abscisum
1475 1582 1650 1637 habet
1682 1581 1731 1636 si
1788 1582 1891 1636 ad-

241 1674 533 1743 duxeritis,
569 1674 655 1728 ita
686 1677 882 1728 tamen
921 1676 1199 1727 ornatum
1231 1670 1497 1725 moribus
1548 1676 1614 1726 ut
1672 1672 1889 1743 dignus

243 1765 310 1819 sit
336 1764 685 1831 sacerdotio,
720 1761 1003 1818 ordinabo
1053 1777 1210 1816 eum.
1255 1760 1551 1815 Abeuntes
1600 1777 1734 1831 ergo
1783 1762 1888 1817 ite-

238 1870 354 1910 rum
384 1853 679 1925 rogabant
724 1867 880 1907 eum.
937 1851 1069 1940 Ipse
1113 1853 1309 1940 autem
1361 1847 1600 1919 juravit,
1640 1849 1878 1907 dicens:
1913 1876 1959 1940 Β

238 1943 367 2007 Quia
391 1943 438 1997 si
475 1959 576 1997 me
606 1940 937 2012 coegeritis,
965 1939 1138 1995 etiam
1186 1938 1448 2010 linguam
1502 1955 1691 1993 meam
1744 1940 1876 1995 abs-

238 2032 372 2087 cido.
402 2032 491 2087 Ita
524 2047 662 2100 ergo
696 2029 1092 2100 relinquentes
1124 2044 1257 2083 eum
1292 2032 1677 2082 recesserunt.

296 2122 476 2191 Hujus
511 2118 812 2174 Ammonii
847 2120 1031 2173 fertur
1057 2116 1407 2173 miraculum
1435 2135 1449 2185 ;
1475 2116 1608 2187 quia
1641 2120 1875 2188 quando

236 2209 580 2266 desiderium
614 2208 812 2264 carnis
845 2208 1143 2278 surgebat,
1174 2210 1231 2261 et
1260 2205 1544 2261 incitabat
1575 2207 1644 2260 ad
1679 2206 1875 2261 libidi-

233 2317 349 2356 nem
381 2300 658 2355 mernbra
686 2298 842 2369 ejus,
876 2313 1178 2369 nunquam
1214 2296 1473 2368 pepercit
1498 2296 1657 2350 carni
1713 2314 1870 2364 suae;

228 2390 310 2445 sed
341 2390 567 2445 ferrum
593 2388 849 2461 ignitum
899 2387 1230 2459 apponebat
1280 2386 1560 2441 membris
1612 2387 1758 2453 suis,
1809 2392 1874 2442 ut

225 2496 434 2551 semper
464 2478 820 2535 vulneratus
852 2482 1008 2533 esset
1036 2497 1050 2546 ;
1081 2481 1137 2532 et
1194 2477 1273 2531 ita
1321 2475 1680 2531 desiderium
1734 2494 1869 2547 pas-

225 2569 387 2625 sionis
417 2568 839 2640 compescebat
872 2565 1216 2638 magnitudo
1250 2564 1492 2620 doloris.
1517 2565 1607 2620 Sic
1631 2566 1869 2637 quidem

231 2658 578 2714 abstinentia
607 2658 736 2728 ejus
768 2656 879 2711 fuit
932 2673 965 2711 a
1002 2656 1316 2726 juventute
1368 2671 1552 2724 usque
1602 2656 1673 2709 ad
1723 2673 1872 2711 mor-

229 2751 351 2802 tem.
384 2746 548 2802 Nihil
576 2746 731 2817 quod
766 2761 866 2817 per
896 2745 1092 2816 ignem
1124 2743 1357 2812 transit,
1420 2744 1693 2813 comedit,
1745 2745 1874 2800 abs-

234 2853 332 2907 que
362 2852 515 2908 pane
547 2836 853 2891 duntaxat.

290 2926 553 2991 Quodam
582 2940 719 2979 vero
751 2929 1014 2994 tempore
1044 2922 1103 2977 in
1136 2938 1329 2977 eremo
1349 2921 1658 2976 aediﬁcanti
1680 2922 1729 2977 ei
1754 2923 1871 2977 cel-

230 3012 331 3069 lam
361 3014 710 3086 supervenit
741 3012 979 3084 quidam
1014 3012 1215 3079 frater,
1249 3015 1305 3065 et
1335 3010 1481 3064 dixit
1522 3010 1612 3065 ei:
1666 3013 1780 3067 Cur
1811 3012 1869 3066 in

230 3103 318 3157 tali
349 3105 562 3161 ardore
592 3108 767 3159 estus
800 3102 1013 3173 afﬂigis
1061 3100 1461 3171 temetipsum,
1495 3100 1646 3154 abba
1667 3100 1693 3153 ‘I
1738 3100 1874 3155 Res-

230 3193 605 3264 pondensque
636 3194 844 3247 beatus
878 3190 1248 3257 Ammonius,
1303 3188 1423 3244 ait:
1474 3189 1655 3244 Crede
1701 3189 1868 3257 mihi,

2079 694 2317 748 Dicebat
2335 704 2570 748 sanctus
2596 694 2776 748 abbas
2798 693 3110 747 Dioscorus
3135 693 3559 764 prcsbyter,qui
3584 692 3643 748 in

2005 799 2199 837 eremo
2230 783 2475 854 Scythiae
2512 782 2849 837 habitabat:
2884 782 3029 845 Quia
3063 798 3173 835 non
3204 785 3652 851 oportetmona-

2005 872 2178 927 chum
2203 873 2495 927 desideria
2518 872 2666 942 gulae
2691 872 3029 940 ventrisque
3054 872 3260 925 facere.
3284 871 3426 924 Nam
3454 871 3510 924 in
3536 888 3651 941 quo

2004 960 2251 1016 differta
2283 960 2741 1023 sazcularibus,si
2768 959 2995 1030 expleat
3029 959 3443 1013 delectationes
3472 959 3653 1014 suas?

2002 1048 2260 1119 Denique
2285 1052 2617 1120 frequenter
2636 1049 2907 1102 videmus
2929 1048 3192 1102 homines
3211 1048 3521 1102 saeculares
3544 1064 3647 1117 pro

2000 1155 2178 1193 causa
2210 1138 2576 1209 aegritudinis
2609 1156 2640 1192 a
2672 1136 2900 1191 deliciis
2927 1142 2981 1191 et
3013 1136 3501 1191 delectationibus
3525 1137 3652 1191 abs-

1999 1228 2186 1283 tinere
2220 1233 2282 1282 ut
2311 1228 2620 1283 sanitatem
2658 1226 2920 1296 corporis
2952 1226 3397 1297 adipiscantur;
3432 1230 3651 1295 quanto

1999 1319 2188 1388 magis
2220 1317 2536 1389 diligenter
2567 1318 2803 1373 studere
2831 1317 2997 1371 debet
3031 1315 3356 1371 monachus
3407 1332 3510 1386 pro
3552 1332 3650 1369 sa-

1995 1407 2117 1462 lute
2150 1414 2203 1463 et
2236 1408 2637 1462 incolumitate
2671 1407 2878 1461 animae
2914 1422 3054 1473 suae,
3091 1410 3152 1459 ut
3186 1404 3371 1475 possit
3410 1405 3479 1458 ad
3516 1403 3647 1458 illas

1996 1513 2161 1551 veras
2193 1502 2247 1551 et
2276 1502 2522 1551 mternas
2556 1496 2816 1566 paradisi
2849 1494 3111 1562 delicias,
3165 1499 3221 1548 et
3269 1494 3336 1548 ad
3392 1492 3646 1547 caelestis

1995 1585 2158 1657 regni
2184 1585 2430 1658 gloriam
2460 1585 2780 1657 pervenire.

2647 1729 2881 1783 CAPUT
2920 1728 2986 1783 V.

2242 1831 2314 1884 De
2347 1834 2481 1895 Hor,
2516 1830 2720 1884 Pambo
2749 1838 2802 1883 et
2833 1828 3075 1883 Melania
3125 1828 3393 1881 Romana.

2062 1944 2122 1998 In
2160 1945 2266 2001 hoc
2298 1951 2495 2001 monte
2523 1946 2725 2000 Nitriae
2762 1944 2847 1998 vir
2879 1942 3428 1998 abstinentissimus
3478 1941 3593 1996 Hor
3622 1943 3644 1976 ⁸

1986 2033 2222 2088 nomine
2259 2035 2366 2089 fuit
2397 2035 2657 2105 (Heracl.,
2685 2050 2805 2103 cap.
2839 2031 2917 2101 '2),
2955 2032 3125 2100 cujus
3157 2029 3369 2084 multas
3401 2033 3643 2083 attesta-

1986 2123 2157 2177 batur
2189 2122 2434 2177 virtutes
2461 2124 2653 2178 omnis
2688 2121 3024 2175 fraternitas
3054 2119 3507 2185 monachorum;
3534 2132 3640 2189 ego

1982 2229 2113 2267 vero
2147 2230 2261 2267 non
2294 2212 2487 2267 inveni
2521 2228 2656 2267 eum
2690 2212 2999 2265 viventem.
3035 2209 3224 2263 Etiam
3257 2212 3313 2262 et
3343 2207 3451 2262 hoc
3484 2205 3636 2262 dice-

1982 2300 2123 2355 bant
2154 2305 2459 2355 narrantes
2516 2301 2586 2355 de
2634 2317 2723 2367 eo,
2772 2299 2911 2369 quia
2960 2314 3151 2368 neque
3200 2297 3484 2351 mentitus
3542 2298 3636 2350 est

1980 2389 2319 2459 aliquando,
2354 2406 2540 2459 neque
2565 2388 2803 2458 juravit,
2862 2403 3045 2458 neque
3080 2384 3398 2453 maledixit,
3442 2399 3631 2455 neque

1981 2480 2108 2534 Sine
2139 2479 2489 2533 necessitate
2518 2479 2750 2534 locutus
2772 2484 2878 2533 est.

2052 2572 2113 2623 In
2148 2574 2343 2623 monte
2375 2568 2483 2622 hoc
2516 2568 2626 2622 fuit
2658 2573 2713 2622 et
2760 2568 2965 2623 beatus
3016 2566 3257 2630 Pambo,
3308 2569 3627 2636 preceptor

1980 2657 2237 2713 Dioscori
2263 2657 2362 2728 qui
2385 2662 2585 2729 postea
2606 2657 2919 2728 episcopus
2946 2656 3251 2711 ordinatus
3275 2660 3383 2721 est,
3410 2658 3465 2709 et
3493 2658 3631 2709 Am-

1979 2747 2299 2811 monius,et
2319 2746 2819 2810 Joannes,fratres
2841 2744 3160 2808 Dracontii,
3184 2744 3293 2799 viri
3316 2742 3626 2798 mirabilis.

1977 2836 2082 2890 llic
2105 2839 2299 2890 autem
2323 2835 2537 2890 Painbo
2566 2836 2815 2890 habebat
2838 2834 2897 2889 in
2918 2833 3232 2890 sanctitate
3247 2832 3633 2889 etvirtutibus

1979 2926 2195 2980 famam
2229 2940 2529 2994 magnam,
2563 2929 2618 2979 et
2644 2924 2722 2980 ita
2755 2930 2877 2979 erat
2910 2926 3279 2994 contemptor
3311 2921 3435 2977 auri
3458 2924 3514 2975 et
3536 2938 3625 2975 ar-

1980 3015 2158 3087 genti,
2193 3019 2258 3069 ut
2285 3031 2420 3069 vera
2446 3014 2714 3086 deposcit
2745 3014 2913 3068 ratio.
2958 3014 3220 3084 Denique
3253 3011 3447 3067 retulit
3480 3009 3629 3065 mihi

1979 3105 2149 3159 beata
2183 3102 2457 3171 Melania,
2492 3103 2629 3174 quia
2661 3104 2718 3158 in
2758 3103 2963 3174 primis
2996 3119 3130 3158 cum
3182 3102 3516 3157 advenisset
3556 3100 3626 3154 de

1986 3195 2166 3248 Roma
2190 3193 2247 3247 in
2274 3192 2773 3263 Alexandriam,et
2796 3194 3059 3248 audisset
3080 3194 3149 3247 de
3164 3194 3292 3262 ejus
3316 3190 3635 3246 virtutibus

232 3279 413 3349 frater,
445 3281 614 3353 quia,
646 3281 902 3336 donante
932 3279 1031 3334 Dei
1066 3278 1278 3349 gratia,
1328 3278 1661 3347 Scripturas
1701 3295 1869 3334 sanc~
1901 3255 1944 3322 δ
1985 3282 2272 3339 Isidorum
2309 3283 2677 3347 referentem,
2710 3282 2808 3351 qui
2836 3282 3009 3336 etiam
3046 3287 3101 3335 et
3134 3281 3400 3352 perduxit
3422 3296 3547 3335 eam
3575 3280 3633 3333 in

232 3373 310 3425 tas
339 3371 632 3426 memoriae
666 3369 1093 3425 commendavi.
1130 3367 1276 3423 Nam
1329 3371 1385 3422 et
1431 3366 1613 3422 Vetus
1673 3372 1729 3422 et
1758 3368 1877 3424 No-

226 3474 346 3513 vum
375 3461 829 3515 Testamentum
879 3458 950 3513 ab
1002 3458 1239 3512 ineunte
1288 3460 1458 3511 aetate
1511 3458 1580 3511 ad
1634 3458 1875 3529 plenum

226 3547 402 3617 didici,
457 3565 693 3604 necnon
750 3547 926 3603 etiam
981 3552 1037 3602 et
1087 3550 1431 3601 sanctorum
1493 3544 1874 3617 antiquorum

224 3639 441 3693 Patrum
467 3638 932 3694 orthodoxorum
958 3636 1333 3691 sacerdotum
1368 3634 1602 3688 Domini
1635 3650 1874 3691 sexcen-

231 3730 310 3781 tas
340 3727 642 3800 myriadas
694 3725 1124 3797 expositionum
1178 3724 1235 3777 in
1288 3722 1414 3794 lege
1460 3723 1658 3778 divina
1705 3741 1875 3779 cons-

227 3817 428 3887 criptas
471 3815 699 3889 perlegi
732 3815 907 3886 (sicut
936 3816 1310 3870 testabantur
1336 3812 1383 3867 ei
1410 3813 1481 3867 de
1514 3811 1621 3867 hoc
1651 3819 1706 3868 et
1730 3831 1875 3884 pene

230 3918 415 3960 omnes
467 3906 531 3959 in
582 3920 778 3960 eremo
830 3904 1073 3974 Patres),
1127 3908 1185 3958 et
1227 3901 1275 3955 si
1327 3918 1441 3955 uno
1490 3901 1583 3957 die
1629 3903 1875 3959 satiatus

228 3992 370 4049 fuero
424 4009 600 4066 pane,
654 3998 710 4048 et
762 3992 1005 4048 minime
1056 3992 1115 4046 in
1167 4008 1341 4063 opere
1390 4006 1483 4045 me
1541 4007 1873 4058 exercuero,

227 4081 513 4138 extollitur
540 4098 749 4137 sensus
780 4080 1206 4152 meus,etvelut
1230 4078 1723 4136 irrationabilium
1748 4082 1870 4136 ani-

228 4170 452 4227 malium
488 4171 769 4227 efficitur.

289 4260 552 4324 Quodam
586 4265 846 4332 tempore
878 4259 1199 4315 adveniens
1232 4259 1439 4314 beatus
1472 4260 1753 4333 Evagrius
1800 4260 1871 4315 ad

227 4354 484 4404 sanctum
502 4350 780 4406 Ammoni
794 4367 825 4404 u
838 4366 889 4404 τη
908 4352 923 4385 ί
941 4349 1300 4404 visitationis
1322 4348 1648 4419 spiritualis
1662 4350 1869 4420 gratia,

230 4437 354 4493 dum
378 4442 571 4495 multa
597 4440 667 4494 de
686 4438 902 4494 sanctis
927 4438 1247 4509 Scripturis
1273 4439 1419 4493 inter
1440 4456 1503 4494 se
1516 4440 1870 4509 conferrent,

230 4531 280 4581 et
306 4526 645 4585 latarentur
673 4534 921 4601 uterque
954 4527 1343 4600 spiritualiter
1364 4528 1419 4582 in
1437 4529 1871 4599 Domino,post-

1983 3371 2361 3427 solitudinem
2387 3373 2457 3425 ad
2484 3371 2828 3427 visitantum
2850 3376 3086 3426 sanctos
3128 3374 3350 3425 Patres.
3393 3370 3636 3424 Dicebat

1982 3478 2119 3533 ergo
2142 3467 2346 3517 sancta
2365 3461 2642 3517 Melania:
2670 3462 2815 3526 Quia
2829 3460 3014 3516 obtuli
3037 3461 3086 3515 ei
3109 3460 3331 3532 argenti
3357 3458 3629 3513 aerarium

1981 3555 2373 3606 trecentarum
2413 3551 2717 3619 librarum,
2752 3553 3072 3622 deprecans
3094 3566 3252 3618 eum,
3276 3553 3340 3604 ut
3362 3550 3431 3603 de
3458 3549 3633 3603 rebus

1984 3637 2129 3692 meis
2155 3638 2440 3708 acciperet
2460 3639 2531 3692 ad
2557 3640 2916 3709 erogandum
2942 3637 3315 3709 pauperibus.
3346 3641 3473 3707 Ipse
3500 3652 3630 3690 vero

1984 3729 2223 3783 sedebat
2270 3732 2328 3781 et
2376 3728 2611 3782 texebat
2642 3728 2711 3782 de
2746 3726 2901 3782 foliis
2932 3727 3265 3797 palmarum
3300 3725 3629 3798 sportellas.

1984 3816 2499 3872 Benedixitautem
2521 3816 2897 3882 me,dicens:
2942 3817 3225 3871 Dominus
3268 3816 3419 3870 Deus
3468 3814 3635 3868 retri-

1983 3906 2125 3961 buat
2142 3905 2247 3960 tibi
2274 3906 2705 3961 mercedem.Et
2729 3905 2876 3960 dixit
2899 3904 3292 3975 dispensatori
3318 3920 3423 3959 suo
3445 3904 3632 3957 Theo-

1982 3996 2121 4050 doro
2152 4010 2162 4049 :
2188 3994 2427 4066 Suscipe
2448 3999 2505 4049 et
2528 3979 2804 4066 dispensa
2829 3993 2949 4048 haec
2970 3993 3030 4048 in
3056 3993 3215 4047 omni
3252 3993 3451 4064 Libya,
3484 3996 3539 4046 et
3572 3992 3630 4046 in

1980 4083 2195 4139 insulis
2218 4085 2519 4151 fratribus,
2550 4084 2669 4139 hazc
2691 4083 2847 4139 enim
2876 4084 3241 4137 monasteria
3264 4081 3455 4153 magis
3480 4081 3633 4135 indi-

1980 4178 2134 4245 gent.
2162 4174 2559 4244 Prazcepitque
2584 4174 2631 4228 ei
2661 4173 2807 4227 nulli
2831 4173 2887 4227 in
2911 4172 3156 4243 Egypto
3179 4171 3338 4238 dare,
3387 4187 3452 4226 eo
3476 4171 3629 4241 quod

1979 4264 2373 4318 abundantior
2398 4268 2551 4318 esset
2575 4262 2892 4334 provincia.
2917 4262 3035 4333 Ego
3060 4264 3254 4316 autem
3280 4261 3505 4315 stabam
3534 4274 3631 4314 ex-

1980 4356 2253 4423 spectans
2287 4353 2457 4423 quasi
2492 4351 2767 4407 honorari
2798 4356 2854 4406 et
2886 4350 3202 4422 glorificari
3250 4366 3428 4421 super
3477 4349 3631 4420 quod

1980 4440 2329 4495 obtuleram.
2356 4440 2592 4495 Etnihil
2615 4442 2863 4496 audiens
2889 4441 2960 4495 ab
3005 4457 3093 4508 eo,
3138 4439 3255 4495 dixi
3288 4456 3300 4493 :
3354 4443 3425 4493 Ut
3457 4438 3634 4505 scias,

1983 4531 2535 4601 domine,quantum
2557 4530 2955 4602 est,quoniam
2983 4534 3242 4585 trecenta
3261 4530 3450 4600 pondo
3476 4531 3634 4582 sunt.

224 4617 446 4673 modum
471 4617 623 4672 dixit
644 4618 930 4689 Evagrius
957 4619 1026 4672 ad
1053 4617 1453 4683 Ammonium,
1482 4618 1649 4687 quasi
1670 4634 1873 4689 expro-
1901 4615 1947 4680 D
1982 4621 2110 4691 Ipse
2131 4637 2265 4676 vero
2291 4636 2393 4675 nec
2418 4620 2742 4691 respiciens
2770 4637 2884 4683 me,
2918 4619 3223 4690 respondit
3246 4619 3447 4673 dicens
3478 4635 3490 4672 :
3530 4616 3634 4671 Cui

222 4703 428 4763 brando
456 4708 510 4763 ei
545 4707 684 4778 quia
717 4724 916 4762 aurern
949 4706 1057 4762 sibi
1117 4705 1402 4761 inciderat
1430 4723 1441 4760 :
1489 4707 1618 4761 Non
1672 4708 1867 4774 times,

224 4792 419 4865 inquit,
454 4813 629 4865 grave
661 4801 988 4868 peccatum,
1021 4796 1161 4867 quia
1195 4799 1258 4851 ut
1282 4812 1398 4850 non
1424 4796 1755 4866 susciperes
1778 4813 1870 4851 sa-

224 4884 530 4940 cerdotium
547 4902 767 4953 ,aurem
785 4885 891 4940 tibi
909 4885 1213 4940 abscidisti
1230 4885 1257 4938 ‘?
1276 4885 1659 4956 Respondeas
1674 4890 1868 4940 autem

220 4974 580 5044 Ammonius,
628 4976 773 5032 dixit
811 4976 862 5030 ei
889 4992 902 5031 :
927 4975 1214 5047 Deprecor
1235 4979 1311 5041 te,
1337 4981 1402 5029 ut
1423 4991 1623 5030 exores
1647 4992 1750 5046 pro
1777 4992 1871 5031 me

221 5062 281 5115 ad
303 5062 641 5133 Dominum,
666 5069 731 5119 ut
755 5066 826 5120 de
845 5064 976 5120 aliis
1003 5064 1255 5136 peccatis
1277 5064 1417 5120 meis
1438 5064 1867 5135 indulgentiam

220 5152 465 5223 accipere
489 5169 890 5222 merear;nam
914 5154 985 5208 de
1006 5153 1116 5207 hoc
1140 5153 1399 5208 admisso
1425 5170 1540 5208 non
1560 5152 1724 5207 valde
1748 5161 1866 5207 tur-

219 5236 377 5296 batur
403 5243 643 5299 animus
677 5260 864 5299 meus.
897 5242 1319 5298 Verumtamen
1346 5247 1401 5297 te
1426 5242 1617 5315 magis
1640 5246 1869 5313 oportet

221 5328 410 5388 timere
440 5338 499 5389 et
527 5333 989 5389 sollicitudinem
1017 5349 1239 5404 gerere,
1268 5334 1364 5403 qui
1390 5334 1658 5388 eruditus
1691 5349 1753 5387 es
1774 5350 1865 5389 se-

220 5422 463 5478 cundum
480 5423 676 5479 saeculi
694 5423 1131 5495 sapientiam,et
1147 5428 1369 5477 tantam
1388 5422 1694 5478 scientiam
1713 5422 1863 5477 divi-

224 5522 415 5567 narum
440 5512 879 5585 Scripturarum
908 5513 1110 5575 habes,
1144 5528 1319 5582 quam
1372 5511 1472 5567 Dei
1523 5511 1708 5582 gratia
1755 5511 1863 5567 tibi

225 5600 645 5668 contulit,unde
668 5618 873 5673 posses
898 5601 1113 5657 multos
1140 5600 1389 5673 populos
1414 5600 1861 5670 erudire,etele-

226 5685 350 5754 gisti
365 5688 623 5760 magisin
639 5688 818 5746 eremi
836 5688 1155 5745 solitudine
1169 5691 1391 5759 degere.
1418 5688 1486 5743 Et
1507 5705 1611 5761 ego
1626 5690 1858 5759 quidem

289 5808 306 5845 ¹
336 5809 404 5867 Et
421 5810 697 5886 Evagrius
726 5817 786 5871 et
811 5812 1164 5871 Ammonius
1190 5810 1520 5887 Origenista
1551 5812 1688 5871 fuit.

1984 4708 2285 4765 abstulisti
2318 4709 2457 4779 haec,
2496 4708 2634 4779 ﬁlia,
2673 4726 2919 4781 pensare
2950 4726 3099 4779 opus
3130 4724 3245 4763 non
3277 4707 3471 4763 habet.
3525 4706 3631 4770 Qui

1985 4798 2137 4854 enim
2174 4804 2383 4871 pensat
2416 4804 2646 4854 montes
2676 4803 2731 4854 et
2755 4814 2988 4853 omnem
3022 4797 3233 4852 molem
3258 4801 3425 4851 terrae
3448 4796 3630 4865 (Isaia:

1980 4890 2092 4959 xc),
2129 4887 2315 4943 multo
2349 4888 2599 4958 amplius
2652 4890 2811 4943 novit
2861 4888 3247 4958 quantitatem
3304 4884 3484 4953 hujus
3533 4900 3628 4937 ar-

1979 4977 2160 5049 genti.
2191 4976 2249 5031 Si
2283 4976 2439 5031 enim
2472 4976 2616 5031 mihi
2649 4976 2756 5031 hoc
2790 4976 3077 5042 dedisses,
3106 4976 3249 5029 bene
3300 4972 3443 5026 mihi
3482 4971 3629 5026 dice-

1979 5083 2071 5120 res
2103 5070 2391 5137 quantum
2421 5071 2549 5133 est;
2583 5066 2630 5120 si
2665 5070 2859 5121 autem
2892 5066 3007 5119 Deo
3040 5062 3327 5127 obtulisti,
3374 5060 3473 5115 ille
3528 5060 3629 5132 qui

1978 5154 2165 5209 viduae
2198 5154 2430 5209 minuta
2461 5172 2576 5210 non
2609 5154 2874 5225 despexit
2923 5151 3199 5224 pauperis
3248 5149 3455 5218 (Marci
3500 5150 3623 5223 xu),

1978 5261 2081 5299 nec
2108 5248 2269 5299 tuam
2304 5244 2661 5300 oblationem
2696 5245 2890 5298 tradet
2919 5240 3218 5296 oblivioni.

2045 5338 2133 5389 Ita
2163 5350 2298 5403 ergo
2324 5334 2671 5404 gubernavit
2696 5350 2762 5387 ac
2793 5328 3157 5402 dispensavit
3202 5329 3505 5398 Dominus,
3561 5335 3626 5385 ut

1976 5423 2210 5495 quando
2246 5422 2513 5493 ingressa
2536 5422 2741 5477 sumin
2767 5424 3049 5484 montem,
3086 5424 3218 5490 post
3252 5436 3466 5490 paucos
3497 5419 3621 5474 dies

1974 5514 2288 5568 defunctus
2320 5517 2408 5567 est
2440 5511 2614 5566 homo
2638 5510 2763 5573 Dei,
2788 5525 2901 5563 non
2925 5508 3285 5574 infirmatus,
3320 5509 3419 5564 sed
3453 5524 3619 5579 spor-

1968 5602 2169 5658 tellam
2194 5602 2530 5658 consuendo
2554 5600 2865 5655 defunctus
2887 5602 2976 5654 est
2998 5599 3123 5655 sine
3144 5600 3616 5667 febribus,anno-

1970 5708 2101 5747 rum
2123 5690 2521 5764 septuaginta.
2548 5688 2783 5745 Vocavit
2806 5692 3001 5745 autem
3025 5704 3119 5745 me
3144 5687 3619 5755 novissime,cum

2038 5816 2061 5852 ³
2088 5816 2193 5873 Hic
2220 5815 2341 5873 Hor
2369 5813 2481 5871 iuit
2510 5812 2857 5889 Origenista.
