4092 6324
428 365 529 421 351

1581 364 1947 418 APPENDIX
1986 365 2083 417 AD
2122 365 2341 419 VITAS
2379 365 2702 421 PATRUM.

3738 357 3847 414 33

428 495 891 564 transpungeret
919 489 1228 562 sportellas
1259 494 1316 545 et
1344 488 1686 560 compleret,
1713 494 1770 544 et
1790 487 1933 544 dixit
1961 487 2073 544 mi-
2104 489 2160 558 Α
2189 490 2481 545 suavitate
2507 488 2904 545 oleiconditos
2918 486 3101 553 cibos,
3131 488 3189 541 et
3201 499 3304 557 per
3324 483 3692 540 occasionem
3715 499 3848 539 sua-

432 581 494 636 hi
521 599 533 636 :
566 581 811 653 Suscipe
838 580 1013 635 istam
1047 579 1389 651 sportellam
1423 580 1493 633 de
1521 578 1797 634 manibus
1830 578 1996 648 meis,
2021 582 2085 633 ut

435 671 765 726 memorsis
791 671 942 737 mei;
990 669 1151 724 aliud
1205 669 1359 739 quod
1410 668 1516 723 tibi
1573 667 1906 739 relinquam
1964 684 2080 723 non

433 758 641 815 habeo.
674 759 855 823 Quem
888 760 1017 830 ipsa
1048 757 1337 830 sepelivit,
1370 758 1618 813 sindone
1650 774 1861 828 corpus
1892 756 2077 812 invol—

429 863 575 903 vens
602 865 614 901 :
647 854 704 903 et
730 849 811 903 ita
843 847 974 919 ipsa
1003 863 1242 919 egressa
1262 853 1352 902 est
1383 850 1453 902 de
1483 864 1698 903 eremo.
1732 845 2078 918 Sportellam

429 954 567 992 vero
605 952 793 1007 usque
826 938 897 992 ad
933 942 1182 992 mortem
1218 954 1324 1008 pro
1376 936 1783 992 benedictione
1824 935 1933 992 sibi
1989 952 2080 990 re-

429 1027 701 1080 servavit.

503 1120 618 1172 Iste
650 1118 857 1173 beatus
886 1119 1104 1174 Pambo
1136 1118 1197 1173 in
1232 1119 1361 1188 ipsa
1390 1118 1534 1172 hora
1566 1118 1660 1173 sui
1714 1116 1925 1181 exitus,
1984 1132 2081 1170 as-

430 1209 696 1263 tantibus
729 1208 979 1263 Macario
1012 1209 1349 1279 presbytero
1376 1212 1433 1263 et
1460 1206 1789 1272 Ammonio,
1814 1205 1952 1260 viris
1976 1222 2075 1260 no-

430 1297 924 1352 minatissimisin
958 1296 1400 1352 conversatione
1432 1296 1644 1361 sancti,
1694 1295 1867 1351 etiam
1929 1311 2079 1366 prae-

427 1387 695 1442 sentibus
728 1391 785 1441 et
817 1386 950 1441 aliis
984 1386 1287 1455 fratribus,
1320 1386 1430 1440 hoc
1463 1386 1684 1440 dixisse
1706 1383 2076 1455 perhibetur:

424 1475 572 1539 Quia
602 1490 667 1529 ex
702 1491 768 1530 eo
800 1492 913 1546 quo
950 1474 1080 1529 veni
1114 1475 1172 1529 in
1204 1474 1360 1529 hunc
1410 1479 1665 1529 montem
1718 1472 2076 1540 solitudinis,

427 1570 483 1619 et
512 1564 793 1619 aediﬁcavi
829 1564 971 1618 mihi
1004 1564 1231 1634 cellam,
1265 1570 1322 1618 et
1356 1564 1545 1619 mansi
1574 1564 1629 1617 in
1667 1578 1756 1628 ea,
1788 1561 2080 1617 delabere

428 1669 715 1707 manuum
748 1670 1013 1707 mearum
1047 1652 1182 1721 vixi,
1216 1658 1272 1708 et
1302 1670 1417 1707 non
1452 1652 1722 1708 recordor
1762 1650 2077 1721 aliquando

430 1760 522 1797 me
552 1760 763 1813 panem
796 1742 975 1812 gratis
1010 1744 1391 1797 manducasse
1421 1760 1434 1808 ;
1473 1758 1578 1796 nec
1610 1740 1850 1813 pcenitet
1885 1756 1977 1794 me
2008 1740 2079 1793 de

2186 582 2274 636 vis
2290 581 2606 637 conditurae
2626 579 2945 652 compellar
2961 578 3313 634 descendere
3333 575 3404 631 ad
3422 575 3715 631 civitatem
3740 591 3846 630 seu

2185 672 2256 727 ad
2273 673 2431 727 vicos
2446 688 2640 728 emere
2654 670 2869 737 oleum,
2888 676 2941 725 et
2964 669 3171 724 reverti
3200 668 3271 723 ad
3290 684 3553 723 eremum
3566 710 3579 733 ,
3604 666 3845 721 iterum-

2185 779 2294 832 que
2327 762 2680 817 descendere
2710 766 2768 816 et
2791 760 2995 816 reverti
3021 761 3091 814 ad
3118 757 3393 814 cellulam
3421 774 3633 823 meam,
3661 761 3719 812 et
3741 772 3844 829 per

2184 851 2336 906 hanc
2354 853 2721 907 occasionem
2738 851 2825 923 (ut
2841 850 2984 920 dixi)
2999 847 3391 905 descendendi
3408 854 3466 904 et
3478 845 3837 903 ascendendi

2183 941 2427 1013 incipiat
2454 941 2655 1015 vagari
2678 958 2887 997 sensus
2906 957 3075 996 meus
3093 944 3151 996 et
3170 955 3337 995 mens
3354 953 3505 1004 mea,
3520 942 3575 994 et
3590 937 3832 1009 perdam

2184 1031 2497 1087 utilitatem
2532 1031 2860 1087 secretioris
2889 1028 3335 1085 vitas.l)iabolus
3357 1029 3513 1083 enim
3539 1025 3831 1082 multiforo

2184 1120 2298 1175 mis
2328 1126 2436 1192 est,
2468 1124 2526 1176 et
2551 1122 2778 1176 diversa
2806 1119 2953 1175 retia
2980 1119 3125 1174 texit
3157 1123 3221 1174 ut
3249 1117 3440 1189 capiat
3472 1120 3698 1172 mentes
3724 1115 3833 1170 ho-

2184 1212 2433 1266 minum.
2468 1211 2652 1282 Igitur
2682 1228 2790 1267 nos
2812 1210 2931 1266 haec
2963 1210 3292 1277 audientes,
3316 1207 3592 1263 admirati
3621 1221 3832 1262 sumus

2182 1302 2557 1373 prudentiam
2590 1307 2649 1357 et
2678 1302 3182 1357 conversationem
3218 1301 3408 1354 sancti
3439 1298 3714 1355 senioris.

2254 1393 2400 1447 Item
2433 1391 3269 1447 referebatnobisabbasidem
3285 1390 3593 1459 Benjamin
3624 1390 3664 1455 ²,
3696 1387 3835 1459 quia

2182 1482 2577 1553 perrexissent
2614 1482 2689 1537 ad
2710 1482 3033 1553 quemdam
3067 1497 3291 1546 senem,
3312 1481 3413 1552 qui
3430 1480 3621 1535 tenuit
3641 1495 3739 1534 eos
3756 1479 3835 1533 ad

2183 1573 2580 1637 refectionem,
2596 1577 2651 1628 et
2666 1572 2895 1643 paravit
2910 1570 3026 1627 illis
3039 1570 3337 1626 lenticula:
3359 1569 3553 1626 cibum
3570 1575 3830 1624 coctum.

2182 1662 2340 1718 Misit
2370 1667 2565 1717 autem
2598 1662 2657 1716 in
2689 1661 3063 1717 condituram
3096 1660 3291 1717 oleum
3325 1660 3483 1731 quod
3514 1660 3584 1714 de
3602 1658 3834 1715 semine

2183 1752 2583 1822 raphanorum
2606 1751 2664 1805 in
2685 1749 2829 1805 locis
2852 1750 2969 1805 illis
2988 1749 3110 1806 ﬁeri
3140 1750 3306 1806 solet.
3330 1750 3446 1805 Nos
3468 1753 3663 1804 autem
3682 1747 3834 1803 dixi-

426 1832 600 1887 νθνδο
632 1833 787 1903 ίῖυοίί
821 1831 1057 1887 locum?!
1087 1849 1220 1886 sum
1254 1848 1442 1902 usque
1472 1831 1531 1885 in
1566 1830 1717 1885 hanc
1756 1829 1987 1898 hm‘am,
2018 1832 2075 1883 et
2103 1847 2150 1912 Β
2182 1858 2313 1896 mus
2343 1841 2394 1896 ei
2421 1858 2434 1895 :
2468 1841 2656 1906 Pater,
2692 1840 2876 1911 magis
2909 1842 2980 1895 de
3011 1842 3161 1896 bono
3185 1839 3309 1895 oleo
3341 1839 3613 1908 mitte,ut
3641 1837 3833 1910 possi-

419 1920 503 1975 ita
532 1921 678 1976 vado
710 1921 878 1992 quasi
910 1937 1066 1975 nunc
1092 1920 1379 1990 incipiens
1409 1920 1594 1975 Deum
1626 1918 1837 1975 colore.

1057 2010 1293 2065 CAPUT
1340 2009 1433 2065 VI.

549 2102 623 2156 De
652 2101 835 2155 sancti
866 2100 1155 2170 Benjamin
1185 2098 1489 2170 hydropico
1515 2100 1935 2171 patientissimo.

499 2195 560 2244 In
593 2189 703 2244 hoc
735 2194 934 2245 monte
954 2188 1150 2242 Nitriae
1173 2188 1476 2258 Benjamin
1503 2189 1744 2260 quidam
1769 2192 1858 2242 est
1877 2188 2069 2258 (Hera-

430 2278 583 2346 clid.,
617 2295 736 2350 cap.
774 2282 828 2347 2,
861 2282 1101 2333 sanctus
1132 2278 1239 2345 vir,
1274 2278 1373 2349 qui
1406 2277 1548 2332 vixit
1581 2293 1764 2347 usque
1797 2277 1867 2332 ad
1907 2280 2066 2331 octo-

422 2367 583 2437 ginta
615 2385 801 2423 annos
837 2367 1401 2435 abstinentissimus,
1437 2373 1493 2422 et
1535 2368 1800 2422 studium
1859 2381 2068 2437 gerens

421 2457 575 2512 circa
595 2456 847 2511 virtutes
869 2456 1073 2512 animi.
1099 2456 1463 2511 Consecutus
1486 2462 1575 2512 est
1595 2460 1791 2510 autem
1816 2472 1849 2509 a
1871 2453 2067 2509 Domi-

417 2562 491 2601 no
523 2546 771 2618 gratiam
804 2546 1150 2612 sanitatum;
1173 2549 1230 2600 et
1263 2545 1311 2599 si
1343 2546 1435 2600 cui
1468 2562 1683 2599 manus
1706 2545 2065 2616 imponebat,

415 2639 516 2691 aut
546 2635 740 2690 oleum
775 2636 1146 2691 benedictum
1176 2634 1372 2703 dabat,
1402 2635 1595 2690 omnis
1625 2635 1694 2688 ab
1726 2649 1792 2687 eo
1824 2631 2070 2687 inﬁrmi-

415 2728 504 2778 tas
527 2723 939 2795 repellebatur.
970 2724 1124 2778 988
1159 2723 1262 2778 Hic
1288 2724 1488 2795 itaque
1518 2723 1616 2794 qui
1646 2726 1820 2776 tantae
1867 2720 2065 2792 gratiae

420 2812 635 2883 dignus
656 2812 898 2867 habitus
930 2821 1035 2883 est,
1070 2817 1203 2867 ante
1230 2817 1356 2867 octo
1407 2828 1642 2867 menses
1690 2811 1897 2866 mortis
1946 2827 2065 2863 suae

426 2900 785 2972 hydropicus
816 2902 1006 2956 factus
1033 2906 1141 2968 est,
1175 2905 1232 2956 et
1282 2901 1339 2955 in
1386 2906 1617 2956 tantum
1670 2916 1881 2971 corpus
1938 2898 2066 2969 ejus

424 2990 666 3058 tumuit,
701 2994 767 3045 ut
798 2989 1047 3045 alterum
1079 2990 1187 3045 Job
1221 2994 1478 3060 putares.

496 3086 825 3135 Assumens
856 3096 989 3152 ergo
1018 3097 1124 3135 nos
1153 3079 1365 3135 beatus
1414 3080 1723 3148 Macarius,
1777 3078 1877 3150 qui
1926 3082 2066 3131 tunc

422 3173 548 3221 erat
568 3166 951 3239 presbyterin
978 3172 1176 3223 monte
1213 3167 1434 3235 Nitrim,
1476 3184 1568 3222 me
1608 3172 1664 3223 et
1691 3167 2059 3221 Theodorum

423 3273 491 3311 ac
516 3256 1072 3323 Macariolum,dixit
1095 3256 1264 3312 nobis
1284 3274 1296 3311 :
1322 3256 1617 3325 Venite,et
1638 3255 1824 3311 videte
1846 3271 2060 3310 novum

418 3343 616 3413 Job,in
640 3349 803 3401 tanto
828 3350 1057 3401 tumore
1081 3347 1340 3417 corporis
1365 3352 1420 3401 et
1443 3342 2064 3417 passioneinsanabili,

422 3434 779 3491 immensam
799 3438 1123 3509 gratiarum
1143 3437 1429 3492 actionem
1455 3437 1570 3492 Deo
1584 3454 1815 3507 semper
1828 3437 2067 3491 redden-

426 3527 565 3579 tem.
603 3525 899 3580 Abeuntes
929 3542 1065 3597 ergo
1096 3526 1355 3580 vidimus
1386 3542 1520 3581 eum
1553 3527 1611 3579 in
1640 3530 1800 3581 tanto
1840 3530 2067 3579 tumore

425 3613 709 3683 corporis,
742 3618 805 3667 ut
838 3630 951 3668 non
986 3619 1181 3684 posset
1210 3615 1429 3685 digitus
1461 3632 1673 3670 manus
1700 3614 1864 3670 alteri
1886 3612 2068 3686 digito

422 3702 723 3774 conjungi.
752 3703 1056 3759 Intuentes
1088 3708 1283 3759 autem
1319 3704 1469 3760 hanc
1500 3705 1831 3777 passionem
1864 3705 2068 3760 crude-

428 3788 735 3857 lissimam,
768 3791 968 3847 oculos
1016 3794 1443 3849 avertebamus.
1494 3798 1655 3849 Tunc
1701 3794 1844 3848 dicit
1904 3793 2071 3848 nobis

430 3877 636 3934 beatus
668 3878 1013 3951 Benjamin:
1065 3881 1256 3949 Orate,
1308 3882 1495 3948 ﬁlioli,
1552 3888 1617 3937 ut
1659 3899 1773 3937 non
1835 3882 2074 3937 interior

430 3967 604 4024 homo
639 3985 805 4024 meus
838 3970 1194 4042 hydropicus
1225 3972 1345 4037 fiat,
1381 3972 1489 4027 iste
1538 3977 1734 4027 autem
1791 3988 1895 4027 nec
1925 3972 2073 4027 bene

430 4056 660 4127 patiens
692 4057 932 4128 profuit,
967 4076 1072 4113 nec
1104 4059 1253 4114 male
1285 4060 1513 4130 patiens
1541 4061 1759 4115 nocuit.
1794 4060 1900 4115 Per
1947 4064 2071 4115 octo

433 4161 567 4214 ergo
600 4162 833 4202 menses
865 4146 1010 4202 sella
1039 4148 1088 4203 ei
1125 4150 1450 4218 ponebatur
1479 4149 1670 4217 latior,
1706 4150 1764 4205 in
1816 4166 1933 4221 qua
1981 4149 2072 4203 in-

433 4234 798 4288 cessabiliter
823 4235 1059 4291 sedebat
1090 4242 1329 4309 propter
1359 4238 1616 4309 reliquas
1659 4238 1920 4310 corporis
1973 4255 2074 4292 ne-

434 4321 781 4389 cessitates;
819 4338 923 4377 nec
953 4324 1108 4378 enim
1133 4326 1329 4395 jacere
1363 4332 1609 4398 poterat.
1639 4331 1703 4381 In
1734 4326 1843 4382 hac
1882 4334 2074 4381 tamen

435 4408 710 4477 passione
743 4412 964 4481 positus
996 4412 1142 4469 alios
1175 4417 1441 4472 sanabat.
1500 4416 1838 4471 Necessarie
1881 4420 2077 4471 autem

433 4499 840 4555 enarravimus
890 4501 1224 4571 passionem
1274 4504 1448 4572 hanc,
1499 4509 1563 4559 ut
1610 4522 1724 4559 non
1761 4506 2073 4560 conturbe-

2174 1947 2306 1986 mus
2354 1930 2673 1985 comedere.
2721 1929 2823 1985 Ille
2861 1934 3055 1985 autem
3104 1929 3215 1985 hoc
3245 1929 3513 1995 audiens,
3553 1933 3612 1983 et
3656 1927 3829 1999 signo

2171 2021 2363 2077 crucis
2394 2036 2455 2075 se
2487 2019 2752 2091 signans,
2786 2020 2933 2076 dixit
2960 2020 3133 2075 nobis
3159 2035 3171 2076 :
3208 2021 3277 2075 Et
3306 2024 3397 2075 est
3428 2018 3587 2074 aliud
3622 2018 3824 2074 oleum

2173 2114 2381 2180 praeter
2410 2110 2605 2180 ipsum
2628 2110 2655 2163 ?
2684 2126 2790 2181 ego
2813 2109 2922 2165 hoc
2946 2126 3247 2180 nunquam
3268 2109 3485 2164 audivi.
3509 2109 3645 2163 Erat
3661 2107 3825 2162 enim

2173 2194 2298 2266 ipse
2331 2199 2526 2254 senior
2555 2214 2623 2253 ex
2653 2198 2903 2254 infantia
2932 2216 3041 2254 sua
3070 2199 3129 2254 in
3161 2214 3356 2254 eremo
3386 2197 3678 2253 enutritus
3712 2238 3725 2263 ,
3761 2198 3824 2251 et

2172 2304 2405 2359 semper
2435 2290 2760 2361 permansit
2788 2291 2939 2359 apud
2967 2288 3509 2356 sanctos'seniores,
3546 2292 3603 2342 et
3624 2302 3820 2358 neque

2171 2378 2232 2433 in
2265 2378 2527 2435 civitates
2568 2397 2759 2451 neque
2801 2380 2961 2435 vicos
3019 2379 3338 2450 aliquando
3379 2394 3653 2451 egressus
3705 2386 3819 2444 est,

2802 2511 3039 2568 CAPUT
3071 2511 3193 2568 VII.

2169 2601 2243 2656 De
2270 2604 2462 2657 sancto
2492 2599 2798 2673 Apollonio,
2831 2603 2927 2673 qui
2960 2600 3203 2673 quinque
3229 2601 3484 2657 millibus
3518 2600 3824 2656 monacho-

2733 2690 2857 2728 rum
2884 2673 3253 2730 ministravit.

2240 2779 2585 2851 Apollonius
2618 2781 2856 2852 quidam
2912 2782 3150 2837 nomine
3181 2781 3453 2850 (Heracl.,
3486 2796 3604 2851 cap.
3636 2780 3713 2848 3),
3747 2796 3826 2834 ex

2170 2869 2527 2941 negotiatore
2564 2870 2672 2925 fuit
2714 2913 2727 2937 ,
2772 2872 3238 2942 renuntiansque
3281 2868 3479 2925 saeculi
3517 2869 3752 2925 actibus
3796 2914 3811 2937 ,

2172 2962 2229 3013 et
2276 2974 2592 3014 conversus
2640 2960 2710 3014 ad
2753 2959 3057 3015 servitium
3104 2959 3320 3015 Christi
3366 3002 3379 3028 ,
3428 2958 3717 3013 habitavit
3761 2956 3829 3011 in

2172 3052 2372 3103 monte
2402 3048 2624 3117 Nitriae,
2674 3065 2862 3121 neque
2894 3054 3077 3105 artem
3110 3050 3333 3105 discere
3377 3049 3590 3121 potuit,
3626 3063 3828 3119 neque

2168 3152 2376 3191 vacare
2416 3136 2472 3190 in
2506 3138 2836 3193 scribendis
2884 3138 3054 3194 libris
3094 3156 3210 3211 prae
3244 3141 3566 3194 senectute.
3608 3136 3834 3191 Vivens

2092 3209 2134 3275 C
2174 3229 2368 3280 autem
2398 3224 2457 3280 in
2477 3226 2815 3297 supradicto
2841 3235 3037 3282 monte
3074 3209 3278 3299 viginti
3344 3227 3604 3298 quinque
3633 3225 3837 3291 annis,

2175 3313 2284 3369 hoc
2330 3313 2538 3368 habuit
2586 3315 2847 3370 studium
2886 3358 2899 3385 ,
2948 3321 3012 3370 ut
3043 3332 3109 3370 ex
3157 3316 3412 3388 propriis
3458 3313 3727 3386 pecuniis
3771 3318 3838 3368 et

2175 3401 2299 3457 suis
2321 3402 2625 3459 laboribus
2642 3406 2840 3459 omnia
2863 3404 3096 3461 cellaria
3110 3409 3471 3476 compararet
3486 3406 3555 3460 de
3572 3402 3791 3460 Alexan
3804 3435 3829 3445 -

2177 3492 2326 3558 dria,
2360 3499 2416 3548 et
2442 3493 2502 3547 in
2525 3495 2685 3550 omni
2718 3495 3078 3551 fraternitate
3110 3495 3489 3552 ministrabat
3514 3494 3831 3550 inﬁrman-

2174 3580 2377 3637 tibus:
2437 3588 2562 3638 erat
2618 3584 2821 3640 videns
2870 3601 2969 3641 eos
3018 3603 3051 3640 a
3098 3585 3290 3657 prima
3341 3584 3472 3641 luce
3512 3600 3699 3655 usque
3747 3586 3827 3640 ad

2177 3668 2379 3725 horam
2430 3688 2668 3739 nonam,
2703 3688 2806 3743 per
2848 3670 3082 3744 singula
3121 3673 3271 3728 ostia
3305 3672 3641 3744 ingrediens
3689 3688 3829 3727 mo-

2179 3758 2514 3829 nasteriola,
2561 3778 2633 3816 ne
2671 3761 2803 3832 quis
2843 3762 2992 3817 forte
3028 3764 3268 3833 jaceret.
3314 3762 3586 3817 Portabat
3626 3766 3828 3817 autem

2178 3865 2350 3903 uvam
2394 3866 2653 3920 passam,
2697 3850 2852 3906 mala
2890 3855 3151 3922 grauata,
3202 3855 3259 3906 et
3303 3850 3521 3906 similia
3559 3866 3687 3922 qua
3733 3850 3835 3904 in-

2181 3937 2367 3991 ﬁrmis
2399 3940 2728 3994 necessaria
2760 3944 2916 3995 sunt.
2954 3939 3113 3995 Hanc
3144 3940 3404 3995 exercuit
3434 3938 3842 3995 conversatio-

2180 4042 2314 4080 nem
2358 4025 2416 4079 in
2462 4034 2764 4085 senectute
2802 4047 2938 4084 sua.
2974 4030 3082 4093 Qui
3127 4030 3387 4085 moriens
3426 4030 3678 4086 similem
3720 4028 3844 4085 sibi

2181 4114 2500 4187 dereliquit
2530 4118 2990 4189 apothecarium,
3020 4135 3231 4191 rogans
3265 4136 3402 4176 eum
3428 4119 3580 4175 hanc
3601 4135 3844 4175 exerce-

2182 4221 2242 4259 re
2263 4204 2861 4277 administrationem;
2886 4209 3147 4280 quinque
3169 4209 3325 4265 enim
3356 4208 3605 4265 millium
3631 4226 3849 4265 mona-

2183 4294 2427 4351 chorum
2461 4297 2855 4355 habitantium
2889 4300 2947 4355 in
2972 4304 3171 4355 monte
3193 4300 3526 4355 necessaria
3553 4304 3679 4355 erat
3701 4298 3848 4354 talis

2185 4385 2537 4445 ministratio
2562 4409 2577 4461 ;
2601 4398 2905 4465 propterea
2928 4392 3079 4465 quod
3102 4408 3336 4448 eremus
3356 4395 3512 4447 esset
3530 4389 3694 4446 locus
3716 4387 3846 4445 ille.

2793 4509 3029 4565 CAPUT
3076 4509 3227 4566 VIII.

434 4602 587 4658 mur,
621 4590 669 4645 si
702 4568 936 4661 quando
968 4592 1167 4666 aliqua
1214 4568 1551 4667 gravissima
1599 4596 1883 4669 aegritudo
1933 4595 2073 4650 viris
2104 4568 2151 4633 D
2184 4590 2257 4645 De
2280 4601 2465 4649 sancto
2504 4596 2839 4660 Nathanael,
2872 4600 2923 4652 et
2958 4600 3311 4653 (calamentis
3349 4598 3463 4666 eius
3492 4614 3527 4652 a
3565 4595 3841 4654 daemone.

428 4677 614 4747 juslis
645 4682 919 4736 evenerit.
959 4685 1240 4742 Defuncto
1272 4691 1467 4742 autem
1501 4704 1587 4756 eo,
1620 4687 1798 4743 limen
1833 4688 1905 4741 de
1936 4686 2086 4741 ostio

434 4767 699 4825 tulerunt
726 4775 784 4825 et
816 4778 1029 4843 postes,
1064 4781 1130 4831 ut
1183 4780 1382 4847 posset
1426 4793 1635 4847 corpus
1685 4778 1815 4847 ejus
1867 4776 2083 4832 efferri.

431 4856 657 4915 Tantus
690 4866 813 4915 erat
842 4866 1041 4919 tumor
1072 4866 1354 4937 corporis.

505 4946 817 5005 Referebat
847 4952 1027 5008 abbas
1052 4954 1358 5026 Benjamin
1383 4956 1398 4991 ¹
1427 4974 1439 5011 :
1468 4956 1613 5023 Quia
1645 4957 1901 5028 quodam
1942 4960 2089 5010 tem-

429 5053 567 5107 pore
597 5056 703 5111 ego
750 5045 808 5096 et
860 5044 1170 5114 presbyter
1216 5046 1288 5101 de
1340 5046 1521 5102 Gellia
1571 5048 1969 5120 applicuimus
2016 5048 2087 5102 ad

431 5130 749 5197 quemdam
782 5133 1099 5200 seniorem,
1133 5134 1496 5191 habitantem
1531 5137 1591 5191 in
1624 5154 1819 5193 eremo
1865 5136 2087 5208 Scytbi,

432 5219 488 5268 et
513 5217 837 5275 obtulimus
863 5222 914 5276 ei
950 5222 1247 5278 modicum
1281 5224 1411 5281 olei.
1448 5225 1546 5281 Ille
1578 5231 1776 5282 autem
1810 5226 1957 5281 dixit
1985 5242 2090 5281 no-

445 5303 535 5359 bis
560 5321 573 5360 :
594 5307 734 5363 Ecce
755 5309 899 5365 illud
918 5312 1210 5368 modicum
1229 5315 1561 5383 vasculum,
1579 5317 1731 5386 quod
1747 5320 1880 5371 ante
1903 5316 2088 5370 trien-

436 5392 601 5448 nium
625 5396 838 5452 dedisti
864 5399 1030 5467 mihi,
1056 5402 1140 5458 sic
1165 5403 1406 5475 plenum
1443 5410 1641 5461 manet
1672 5423 1860 5477 usque
1891 5406 2085 5461 hodie-

438 5487 552 5542 Nos
574 5493 769 5545 autem
792 5490 912 5546 haec
939 5495 1271 5565 audientes,
1298 5497 1557 5554 diximus
1583 5515 1596 5554 :
1620 5504 1692 5555 Et
1710 5506 2085 5573 quapropter,

434 5579 625 5643 Pater,
651 5578 735 5633 vel
761 5579 819 5633 in
846 5580 1057 5638 diebus
1081 5584 1244 5640 festis
1268 5601 1384 5641 non
1408 5588 1662 5657 gustasti
1687 5589 1757 5644 de
1777 5589 1904 5660 ipso
1928 5590 2091 5645 oleo?

437 5664 507 5720 Et
538 5669 925 5740 respondens,
952 5670 1095 5727 dixit
1127 5672 1297 5729 nobis
1324 5692 1337 5730 :
1366 5675 1499 5731 Ideo
1522 5676 1820 5749 percipere
1842 5678 2004 5736 nolui
2025 5696 2093 5738 ex

440 5769 531 5826 eo,
564 5772 637 5812 ne
662 5756 812 5817 forte
844 5761 1201 5819 consuetudo
1228 5764 1374 5821 mihi
1403 5764 1528 5834 ﬁat,
1562 5769 1619 5822 et
1674 5768 1970 5841 requiram
2021 5772 2091 5829 de

508 5855 526 5894 ι
556 5853 732 5917 Deest
757 5856 1067 5919 Heraclidi.
1098 5858 1320 5937 Pelag,
1370 5860 1555 5923 libell.
1586 5880 1667 5939 xv,
1694 5882 1755 5927 n.
1787 5866 1875 5927 12.

2266 4699 2396 4755 Fuit
2421 4700 2573 4756 alius
2607 4703 2847 4773 quidam
2882 4704 2952 4758 de
2969 4703 3231 4775 antiquis
3252 4704 3577 4770 monachis,
3601 4702 3850 4758 nomine

2196 4787 2519 4845 Nathanael
2550 4792 2869 4861 (Ileraclz'd.,
2892 4808 3016 4864 cap.
3046 4794 3125 4865 5).
3153 4795 3314 4848 Hunc
3337 4808 3442 4864 ego
3466 4809 3580 4848 non
3607 4791 3846 4847 inveni:

2195 4878 2511 4934 transierat
2540 4879 2696 4935 enim
2737 4881 2809 4936 de
2838 4897 3080 4953 corpore
3110 4886 3245 4937 ante
3284 4882 3598 4936 adventum
3641 4896 3849 4935 meum

2196 4972 2331 5022 ante
2372 4986 2558 5025 annos
2591 4970 2927 5041 quindecim
2955 4991 2968 5039 ;
3003 4988 3102 5026 eos
3146 4976 3342 5026 autem
3376 4971 3478 5041 qui
3512 4969 3852 5027 conversati

2198 5061 2338 5111 sunt
2368 5074 2499 5113 cum
2532 5075 2620 5123 eo,
2653 5060 2870 5115 inveni.
2905 5059 3262 5132 Interrogavi
3295 5064 3491 5115 autem
3524 5075 3623 5114 eos
3653 5058 3847 5113 virtu-

2196 5149 2314 5201 tem
2345 5147 2474 5202 viri.
2526 5147 2922 5204 Ostenderunt
2950 5153 3147 5204 autem
3182 5153 3239 5204 et
3280 5148 3425 5203 mihi
3457 5147 3663 5204 cellam
3708 5148 3851 5218 ejus

2198 5235 2256 5290 in
2284 5252 2399 5307 qua
2429 5236 2813 5307 habitaverat,
2848 5239 2949 5293 sed
2974 5243 3114 5295 tunc
3136 5237 3337 5293 nullus
3369 5237 3671 5293 habitabat
3692 5236 3752 5291 in
3773 5253 3854 5294 ea

2200 5331 2506 5396 propterea
2536 5327 2691 5397 quod
2729 5328 2962 5399 propior
2990 5332 3145 5383 esset
3175 5327 3408 5384 cuidam
3444 5328 3569 5383 vico
3603 5326 3852 5381 cohabi-

2195 5414 2460 5470 tantibus
2488 5413 2888 5472 saecularibus.
2922 5415 3025 5471 Ille
3056 5417 3213 5472 enim
3243 5432 3373 5471 eam
3405 5420 3545 5470 tunc
3574 5420 3852 5471 constru-

2196 5502 2301 5568 xit,
2343 5504 2579 5573 quando
2612 5504 2861 5561 rariores
2892 5510 3059 5561 erant
3092 5505 3242 5562 servi
3279 5505 3401 5573 Dei,
3432 5504 3532 5576 qui
3566 5504 3854 5561 dicuntur

2197 5590 2580 5661 anachoreta,
2609 5593 2665 5649 id
2698 5598 2807 5661 est,
2842 5594 2942 5666 qui
2973 5596 3255 5651 recedunt
3282 5594 3343 5650 in
3377 5593 3691 5651 secretiora
3718 5610 3852 5650 ere-

2197 5681 2277 5736 mi
2306 5680 2455 5738 loca.

2265 5770 2611 5829 Referebant
2638 5775 2833 5830 autem
2863 5772 2985 5832 hac
3016 5774 3089 5833 de
3109 5788 3199 5846 eo,
3232 5774 3524 5848 praecipue
3548 5772 3690 5849 quia
3709 5777 3850 5835 tan-

2266 5865 2289 5903 ³
2320 5866 2497 5932 Deest
2525 5866 2839 5931 Heraclidi.
