4092 6324
221 351 322 408 361

1560 352 1899 408 PALLADII
1938 352 2319 410 LAUSIACA.

3537 355 3643 411 362

223 476 701 534 invenitsitulam
738 492 947 533 aeream
966 476 1490 550 dependentem,et
1506 480 1766 533 catenam
1784 477 1890 533 fer-
1918 480 1969 547 Α
2002 479 2159 549 virgo
2192 481 2454 551 quaedam
2481 481 2549 535 de
2582 478 2997 537 Thessalonica
3026 480 3286 546 veniens,
3328 498 3454 552 quae
3486 482 3644 537 mul-

225 584 383 623 ream
399 568 975 639 superputeum,jam
994 567 1063 623 de
1079 566 1279 622 multis
1295 566 1662 638 temporibus
1676 565 1893 622 resolu-

226 662 435 723 tam,et
457 659 687 714 fruetus
718 656 1007 712 malorum
1035 655 1596 729 granatorum,nihil
1624 656 1782 711 intus
1796 655 1895 710 ha-

228 747 518 815 bentium,
546 752 852 820 propterea
877 746 1032 817 quod
1058 746 1350 803 aruissent
1373 763 1405 800 a
1432 745 1613 800 nimio
1638 744 1776 800 solis
1798 760 1891 799 ar-

226 838 365 892 dore
383 855 397 903 ;
416 836 894 892 abominationes
909 836 1084 891 etiam
1102 836 1393 892 idolorum
1419 852 1594 907 quam
1611 833 1893 906 plurimas

227 927 554 982 aureas.lta
566 943 704 999 ergo
718 930 1037 993 revertens,
1054 926 1214 981 venit
1228 931 1359 997 post
1373 925 1497 981 dies
1510 924 1711 995 viginti
1724 923 1893 979 .Dcﬁ-

227 1016 414 1072 ciente
428 1034 569 1089 ergo
583 1016 633 1071 ei
652 1034 803 1088 aqua
826 1034 1003 1088 quam
1022 1016 1292 1089 portabat
1304 1021 1360 1071 et
1384 1032 1553 1087 pane,
1571 1015 1628 1070 in
1647 1014 1891 1070 multam

229 1108 570 1179 angustiam
595 1108 845 1162 devenit.
869 1112 1082 1162 Etcum
1107 1107 1221 1176 jam
1245 1106 1539 1175 deficeret,
1561 1104 1892 1177 apparuitei

230 1196 448 1269 puella,
484 1201 651 1252 stans
684 1197 701 1269 (
734 1196 888 1252 sicut
921 1196 1248 1267 referebat)
1281 1196 1676 1251 mundissimo
1709 1194 1893 1250 linteo

230 1286 473 1355 amicta,
507 1292 566 1343 et
590 1287 811 1342 habens
842 1286 1112 1359 hydriam
1149 1286 1465 1341 stillantem
1498 1303 1682 1358 aquae,
1713 1301 1889 1356 quam

233 1378 469 1433 dicebat
511 1377 683 1448 longe
715 1393 748 1432 a
778 1393 838 1432 se
870 1376 1041 1448 quasi
1082 1376 1339 1431 stadium
1371 1392 1576 1430 unum.
1609 1376 1676 1429 Et
1708 1390 1890 1445 usque

234 1467 357 1523 dies
386 1471 511 1523 tres
532 1464 859 1533 ambulans,
884 1465 1159 1522 etvidens
1180 1482 1306 1521 eam
1332 1481 1465 1521 eum
1496 1464 1704 1534 hydria
1728 1468 1890 1519 stan-

232 1564 373 1627 tem,
388 1558 868 1629 appropinquare
881 1573 994 1611 non
1007 1555 1257 1623 valebat,
1272 1556 1426 1611 sicut
1439 1553 1769 1622 somnians;
1789 1571 1891 1626 spe

232 1653 426 1704 autem
471 1646 708 1701 videndi
747 1647 1141 1717 exspectando
1186 1645 1647 1701 confortabatur.
1683 1648 1892 1699 Postea

234 1734 512 1806 apparuit
541 1734 592 1789 ei
627 1732 941 1790 multitudo
988 1732 1371 1801 bubularum,
1404 1748 1473 1787 ex
1515 1731 1732 1803 quibus
1773 1748 1892 1786 una

235 1842 363 1898 qua
396 1824 655 1879 habebat
684 1822 927 1878 vitulum
947 1823 1145 1893 stetit;
1169 1827 1309 1878 sunt
1334 1822 1487 1878 enim
1513 1822 1713 1877 multa;
1736 1820 1795 1875 in
1817 1819 1881 1875 il-

237 1915 309 1970 lis
350 1914 521 1984 locis,
563 1918 639 1981 et,
683 1913 832 1968 sicut
874 1912 1000 1985 ipse
1029 1912 1278 1983 dicebat,
1319 1911 1665 1967 decurrebat
1719 1910 1769 1966 ci
1817 1910 1888 1965 de

239 2004 524 2061 uberibus
557 2003 662 2061 lac.
694 2004 765 2058 Et
797 2003 947 2058 facta
967 2006 1055 2059 est
1072 2019 1178 2058 vox
1207 2000 1692 2074 desuper.dicens
1727 2018 1739 2056 :
1774 2000 1887 2056 Ma-

239 2095 381 2165 eari,
408 2094 621 2149 accede
644 2094 714 2148 ad
741 2092 1041 2159 bubulam,
1063 2096 1121 2147 et
1142 2108 1305 2164 suge.
1327 2090 1647 2164 Supposuit
1668 2106 1804 2162 ergo
1822 2106 1884 2146 se

218 2186 291 2254 ei,
322 2188 381 2240 et
399 2184 660 2240 laetatus
683 2184 1008 2254 resumpsit
1028 2182 1201 2238 vires.
1226 2183 1519 2252 Venitque
1536 2180 1759 2235 bubula
1779 2179 1883 2236 illa

211 2292 409 2348 nsque
432 2275 503 2330 ad
536 2273 746 2330 cellam
770 2274 899 2344 ejus
922 2272 1146 2328 lactans
1167 2289 1323 2343 eum,
1342 2277 1401 2328 et
1429 2270 1682 2326 vitulum
1702 2287 1876 2326 suum

207 2383 333 2422 non
366 2363 727 2436 suscipiens.

288 2459 580 2510 Reversus
611 2469 749 2525 ergo
775 2452 844 2507 ad
878 2452 1084 2507 fratres
1114 2468 1247 2507 cum
1289 2450 1613 2507 indicasset
1653 2451 1723 2506 de
1774 2467 1878 2522 op-

222 2544 586 2617 portunitate
615 2542 751 2613 loci,
784 2541 1101 2598 multorum
1127 2541 1480 2596 inﬂammati
1504 2545 1645 2596 sunt
1674 2540 1876 2611 animi,

225 2639 288 2689 ut
314 2636 628 2705 pergerent
657 2631 797 2687 illuc
827 2648 961 2686 cum
992 2647 1059 2689 eo
1092 2633 1133 2688 ¹.
1165 2631 1273 2687 Sed
1310 2630 1410 2686 ubi
1452 2630 1641 2686 sancti
1674 2630 1875 2687 Patres

212 2727 531 2780 senserunt
575 2722 806 2777 animos
834 2722 1118 2792 juvenum
1165 2719 1470 2776 concitatis
1511 2721 1581 2775 ad
1625 2736 1872 2792 pergen—

216 2814 377 2881 dum,
416 2816 829 2884 represserunt
858 2826 956 2866 eos
986 2809 1209 2866 salubri
1250 2809 1518 2877 consilio,
1570 2810 1868 2865 dicentes:

219 2906 412 2959 Locus
442 2901 554 2958 iste
585 2902 633 2957 si
667 2917 820 2971 vere,
854 2906 919 2955 ut
958 2901 1193 2967 dicitur,
1228 2917 1261 2955 a
1293 2900 1483 2955 Janne
1522 2904 1579 2955 et
1607 2900 1869 2955 Mambro

216 2993 582 3048 constitutus
614 2995 723 3060 est,
756 3007 873 3046 non
898 2989 1055 3045 aliud
1076 2990 1147 3045 de
1165 3006 1231 3045 eo
1248 2989 1603 3044 credendum
1632 2993 1740 3057 est,
1757 2987 1868 3044 nisi

216 3082 373 3154 quod
394 3079 611 3137 diaboli
626 3096 798 3153 opere
814 3081 883 3135 ad
902 3078 1306 3151 deceptionem
1326 3084 1587 3135 nostram
1622 3079 1864 3134 forsitan

211 3176 577 3244 praeparatus
608 3170 704 3226 sit.
735 3168 792 3225 Si
815 3169 971 3225 enim
995 3168 1307 3225 deliciosus
1328 3173 1418 3225 est
1448 3172 1505 3224 et
1533 3168 1859 3235 abundans,

215 3220 576 3244 τ-πττ--νη
609 3220 704 3226 --τ-
736 3220 792 3225 --
818 3220 971 3225 τ---ά
999 3220 1304 3225 "nm"-
1333 3220 1416 3225 η-
1452 3220 1501 3224 υ
1537 3220 1859 3235 μν-

215 3277 397 3333 quam
430 3276 492 3316 re
522 3260 721 3333 quiem
768 3259 1142 3331 sperabimus
1189 3258 1250 3313 in
1295 3259 1498 3314 futuro
1548 3257 1779 3325 saeculo,
1812 3258 1862 3313 si
1895 3220 1936 3288 Ο

209 3351 307 3407 hic
330 3350 563 3407 deliciis
586 3350 837 3405 fruimur
853 3349 881 3404 ?
903 3350 1032 3405 Haec
1059 3354 1237 3421 atque
1258 3348 1372 3404 alia
1389 3350 1671 3415 dicentes,
1694 3349 1861 3420 juve-

211 3458 359 3497 num
392 3439 623 3497 animos
656 3443 1077 3511 represserunt.
1110 3439 1263 3494 Licet
1292 3438 1449 3493 enim
1496 3437 1861 3494 diversorum

212 3547 526 3603 pomorum
544 3546 810 3585 amoenus
822 3537 973 3585 esset
995 3528 1181 3595 locus,
1196 3533 1252 3583 et
1266 3528 1574 3589 abundans
1592 3528 1865 3583 omnibus

212 3620 590 3687 necessariis,
622 3620 724 3676 sed
752 3636 865 3676 non
899 3635 1070 3691 posse
1088 3618 1318 3674 dicebat
1345 3618 1559 3673 adduci
1579 3616 1718 3672 illuc
1742 3617 1866 3689 plu-

210 3729 305 3768 res
347 3711 585 3779 fratres,
617 3728 689 3767 ne
724 3710 872 3767 forte
902 3710 1202 3766 venientes
1234 3726 1334 3780 per
1380 3724 1645 3764 eremum
1679 3724 1713 3763 a
1751 3708 1867 3761 daa-

212 3801 496 3858 monibus
518 3801 951 3872 deciperentur.
972 3799 1191 3855 Multos
1210 3800 1366 3853 enim
1392 3796 1583 3853 aiebat
1604 3812 1733 3852 esse
1754 3796 1868 3851 daa-

223 3907 452 3961 mones,
486 3906 740 3963 quorum
773 3889 1040 3945 fremitus
1070 3893 1128 3945 et
1159 3887 1510 3944 calliditates
1542 3887 1687 3943 ferre
1718 3884 1870 3941 mul-

217 3982 416 4038 titudo
449 3981 697 4036 fratrum
726 3978 959 4035 insueta
984 3996 1099 4035 non
1131 3982 1349 4051 posset.

294 4071 561 4139 Quodam
596 4076 855 4141 tempore
876 4069 1030 4125 idem
1055 4074 1296 4125 sanctus
1319 4068 1606 4123 Macarius
1628 4070 1873 4138 puteum

216 4160 507 4227 fodiebat,
536 4165 595 4215 et
625 4160 685 4215 in
716 4160 979 4231 proximo
1011 4158 1209 4214 fruteti
1232 4158 1387 4213 silva:
1420 4158 1491 4212 ab
1524 4156 1728 4228 aspide
1754 4172 1876 4227 per-

218 4269 433 4310 cussus
476 4257 564 4308 est
595 4251 921 4324 (Heraclid.,
951 4266 1073 4322 cap.
1103 4250 1179 4311 6).
1213 4248 1319 4313 Qui
1350 4248 1714 4303 mortiferum
1748 4244 1877 4302 ani-

220 4342 409 4399 mala
454 4341 728 4398 faucibus
776 4339 1243 4413 apprehendens,
1280 4338 1558 4394 manibus
1607 4336 1879 4406 utrisque

219 4432 525 4499 scindens,
576 4430 721 4486 dixit
762 4430 815 4485 ei
861 4444 876 4487 :
918 4429 1043 4485 Non
1092 4426 1463 4499 permittente
1520 4425 1657 4497 Dec,
1700 4442 1881 4497 quare

224 4521 531 4593 usurpasti
558 4519 754 4576 venire
772 4519 801 4575 ?

1998 569 2074 622 tis
2102 571 2271 624 annis
2304 570 2361 624 in
2391 570 2646 641 paralysi
2677 570 3001 625 laborabat.
3032 575 3189 625 Hanc
3222 569 3420 641 itaque
3455 587 3643 642 usque

1995 657 2065 711 ad
2098 658 2301 730 viginti
2336 659 2460 715 dies
2492 659 2618 715 oleo
2647 664 2851 715 sancto
2884 676 3238 731 pertingens,
3272 665 3326 714 et
3362 660 3639 715 orationi-

1993 746 2105 802 bus
2136 766 2239 819 pro
2280 765 2342 804 ea
2384 748 2685 817 insistens,
2730 766 2930 805 sanam
2968 749 3193 804 remisit
3225 750 3295 803 ad
3347 750 3638 821 propriam

1993 836 2305 895 civitatem.
2327 841 2460 905 Quae
2482 845 2793 911 postquam
2812 840 3073 911 pervenit
3094 839 3163 893 ad
3184 840 3423 893 domum
3443 856 3635 908 suam,

1994 927 2211 985 multas
2243 929 2569 986 oblationes
2601 930 2811 986 direxit
2857 948 2956 1003 per
3001 931 3229 985 diversa
3263 936 3466 985 sancta
3514 946 3637 985 mo-

1992 1018 2265 1075 nasteria.

2063 1108 2166 1163 Hic
2192 1109 2389 1182 itaque
2419 1110 2704 1166 Macarius
2734 1109 2997 1178 audiens,
3033 1109 3171 1180 quia
3204 1126 3479 1181 magnam
3504 1126 3638 1165 con-

1993 1199 2377 1254 versationem
2412 1206 2469 1255 et
2501 1200 2762 1270 regulam
2791 1199 3136 1270 disciphinas
3158 1200 3639 1255 Tabennensiotm

1994 1288 2265 1343 monachi
2299 1289 2601 1358 haberent,
2626 1296 2851 1345 mutato
2874 1290 3096 1357 habitu,
3122 1291 3529 1362 accipiensque
3553 1292 3641 1346 in-

1993 1377 2271 1433 dumenta
2320 1379 2544 1448 rustici,
2576 1398 2677 1451 per
2720 1380 2846 1435 dies
2896 1379 3229 1450 quindecim
3280 1380 3539 1435 ascendit
3580 1380 3641 1436 in

1991 1466 2349 1524 Thebaidam
2386 1486 2486 1541 per
2507 1469 2907 1525 solitudinem.
2944 1469 3328 1540 Etingressus
3351 1476 3642 1525 monaste-

1994 1556 2142 1611 rium
2174 1558 2780 1615 Tabennensiotarum
2814 1560 3109 1630 quaerebat
3132 1560 3400 1614 abbatem
3426 1566 3485 1615 ut
3515 1562 3641 1631 ejus

1994 1652 2447 1718 prasentaretur
2477 1649 2838 1721 aspectibus,
2870 1650 3059 1704 virum
3094 1655 3385 1719 sanctum,
3420 1650 3641 1705 Pacho-

1994 1735 2177 1792 mium
2227 1738 2485 1808 nomine,
2537 1737 3044 1810 probatissimum,
3079 1738 3366 1794 famulum
3398 1740 3639 1809 Christi,

1919 1847 1965 1912 B
1995 1825 2241 1896 gratiam
2263 1828 2582 1899 prephetia:
2602 1828 3027 1894 habentem,cui
3050 1828 3375 1883 occultatus
3391 1834 3638 1886 estnutu

1996 1913 2095 1969 Dei
2117 1916 2410 1971 advenvus
2430 1916 2688 1973 Macarii.
2712 1918 3183 1989 Repraesentatus
3206 1934 3363 1990 ergo,
3398 1919 3636 1975 dixitei:

1996 2008 2280 2075 Deprecor
2310 2010 2385 2071 te,
2426 2007 2663 2062 domine
2713 2011 2915 2062 sancte
2956 2012 3145 2077 Pater,
3178 2008 3409 2079 suscipe
3459 2026 3551 2064 me
3580 2010 3639 2065 in

1992 2096 2414 2151 monasterium
2442 2100 2636 2163 tuum,
2679 2100 2743 2151 ut
2767 2096 2991 2151 efficiar
3023 2096 3368 2153 monachus.
3405 2098 3552 2153 Dixit
3591 2100 3641 2154 ei

1991 2183 2378 2241 Pachomius:
2410 2184 2542 2240 Jam
2576 2190 2877 2241 senectute
2907 2186 3061 2241 993
3093 2192 3423 2257 provectus,
3452 2188 3640 2244 absti-

1988 2274 2247 2329 nentiam
2280 2292 2393 2330 non
2417 2276 2574 2330 vales
2592 2275 2906 2344 sustinere,
2941 2276 3147 2330 fratres
3170 2277 3321 2331 enim
3347 2281 3645 2333 continen-

1986 2363 2203 2418 tissimi
2228 2369 2387 2432 sunt,
2412 2369 2465 2419 et
2488 2382 2603 2420 non
2630 2366 2821 2420 ferens
2845 2382 3069 2432 eorum,
3092 2364 3373 2433 laborem,
3395 2369 3643 2424 seanda-

1984 2450 2107 2507 lum
2135 2470 2371 2524 passus,
2406 2458 2461 2507 et
2493 2454 2841 2524 regredieris
2876 2454 3239 2509 detrahendo
3290 2455 3395 2510 eis.
3433 2460 3495 2510 lit
3526 2474 3640 2513 non

1984 2544 2243 2614 suscepit
2272 2560 2428 2610 eum,
2464 2560 2567 2598 nec
2600 2544 2786 2615 prima
2808 2560 2911 2599 nec
2935 2545 3187 2599 secunda
3210 2544 3320 2611 die,
3348 2562 3535 2616 usque
3567 2550 3638 2603 ad

1984 2632 2107 2688 dies
2140 2637 2387 2704 septem.
2420 2633 2563 2688 Cum
2598 2650 2735 2705 ergo
2769 2638 3167 2705 perseveraret
3190 2634 3363 2688 etiam
3392 2636 3637 2705 jejunus

1981 2738 2358 2794 permanens,
2389 2728 2521 2794 post
2550 2722 2656 2778 hac
2700 2724 2845 2778 dixit
2875 2723 2964 2778 ei:
2998 2722 3240 2794 Suscipe
3288 2741 3401 2789 me,
3460 2726 3632 2797 abba,

1979 2817 2036 2867 et
2052 2812 2099 2867 si
2120 2829 2231 2867 non
2245 2812 2589 2883 jejunavero
2607 2812 2760 2867 sicut
2799 2816 2856 2867 et
2875 2811 2972 2866 alii
2996 2812 3227 2878 fratres,
3243 2820 3635 2887 operatusque

1978 2918 2093 2957 non
2127 2901 2289 2957 fuero
2317 2902 2473 2958 sicut
2505 2906 2561 2957 et
2591 2901 2699 2969 illi,
2732 2906 2871 2956 tunc
2897 2903 3043 2973 jube
3083 2918 3176 2957 me
3209 2903 3415 2973 jactari
3450 2905 3624 2961 foras.

1976 2991 2105 3046 Haec
2137 2990 2383 3046 audiens
2413 2992 2618 3058 abbas,
2645 2992 2832 3061 jussit
2856 2991 3134 3047 fratribus
3168 2997 3231 3046 ut
3257 2993 3629 3065 susciperent

1974 3083 2240 3137 eum.Est
2271 3088 2463 3137 autem
2485 3083 2853 3153 congregatio
2880 3098 2982 3153 per
3004 3082 3240 3154 singula
3262 3099 3436 3139 mons.
3458 3084 3637 3140 steria

1977 3170 2136 3227 mille
2156 3171 2571 3243 quadringenti
2596 3171 3048 3227 viri.Multorum
3073 3172 3226 3227 enim
3245 3174 3629 3229 monasterio-

1975 3277 2103 3316 rum
2138 3262 2345 3317 beatus
2376 3261 2722 3317 Pachomius
2753 3261 2927 3316 Pater
2956 3266 3099 3327 erat,
3133 3266 3193 3317 et
3227 3262 3416 3317 multa
3449 3262 3636 3319 millia

1972 3350 2397 3406 monachorum
2421 3348 2797 3422 congregatio
2818 3355 2969 3417 erat,
2991 3351 3167 3405 etiam
3190 3367 3247 3406 et
3270 3367 3455 3423 usque
3478 3370 3635 3408 nunc

1972 3452 2113 3495 sunt
2144 3440 2360 3495 Christi
2393 3440 2581 3509 gratia
2612 3439 2920 3511 largiente.
2954 3442 3261 3512 Ingressus
3291 3447 3377 3497 est
3406 3458 3543 3513 ergo
3570 3441 3630 3498 in

1973 3530 2418 3584 monasterium.
2450 3533 2763 3583 Transacto
2786 3532 2978 3583 autem
3005 3546 3188 3600 pauco
3210 3534 3489 3603 tempore,
3524 3549 3627 3589 su-

1977 3619 2238 3690 pervenit
2267 3617 2741 3689 quadragesima,
2777 3623 2832 3672 et
2867 3618 3015 3673 vidit
3056 3619 3323 3691 singulos
3356 3638 3623 3695 quosque

1975 3704 2513 3775 addentcsjejuniis
2552 3705 2938 3760 abstinentiae.
2975 3706 3391 3769 Quidamenim
3414 3727 3616 3768 eorum

1977 3798 2109 3866 post
2138 3795 2287 3849 duos
2319 3793 2445 3849 dies
2466 3793 2826 3858 reficiebant,
2853 3793 2948 3848 alii
2977 3800 3173 3850 autem
3208 3803 3340 3868 post
3372 3801 3635 3873 quinque

1978 3883 2103 3939 dies
2116 3882 2423 3954 capiebant
2436 3881 2656 3947 cibum,
2680 3881 2775 3937 alii
2794 3899 2927 3938 vero
2942 3900 3043 3955 per
3057 3887 3237 3939 totam
3256 3891 3479 3942 noctem
3495 3888 3636 3960 vigi-

1980 3972 2172 4031 lantes
2186 3973 2549 4029 orationibus
2564 3972 2939 4040 insistebant,
2958 3990 3060 4045 per
3076 3974 3229 4028 diem
3250 3979 3443 4031 autem
3460 3994 3639 4048 opera

1983 4080 2269 4119 manuum
2282 4063 2648 4119 exercebant.
2668 4063 2775 4119 Hic
2789 4080 2921 4120 vero
2945 4068 3184 4121 sanctus
3213 4066 3503 4123 Macarius
3517 4074 3639 4125 sta-

1985 4154 2081 4209 bat
2110 4152 2168 4207 in
2200 4154 2438 4225 angulo,
2470 4158 2590 4208 tam
2616 4153 2825 4208 diebus
2872 4170 3047 4225 quam
3073 4156 3344 4211 noctibus
3366 4174 3480 4212 non
3514 4159 3639 4215 dis-

1985 4243 2198 4298 cedens
2230 4260 2549 4312 quoquam,
2573 4259 2881 4314 usquequo
2913 4244 3037 4299 dies
3061 4245 3453 4318 quadraginta
3479 4264 3639 4305 com-

1987 4333 2306 4405 plerentur.
2339 4332 2588 4388 Advenit
2635 4339 2692 4388 et
2738 4333 3193 4406 Paschumeque
3244 4344 3380 4393 tunc
3430 4355 3639 4411 panem

1988 4424 2264 4496 gustavit,
2305 4440 2495 4495 neque
2526 4422 2681 4478 aliud
2717 4440 2953 4495 quoque
2985 4425 3382 4498 pulmentum,
3418 4428 3530 4485 nisi
3557 4430 3644 4485 fo-

1987 4512 2068 4569 lia
2094 4518 2324 4569 tantum
2357 4514 2428 4569 de
2459 4512 2750 4583 caulibus,
2774 4518 2832 4568 et
2863 4513 2985 4569 haec
3009 4514 3189 4569 semel
3224 4516 3279 4569 in
3316 4519 3649 4589 septimana

296 4592 558 4667 Habebat
578 4615 772 4666 autem
805 4609 1065 4665 diversas
1088 4606 1355 4677 cellulas,
1390 4624 1570 4662 unam
1602 4606 1663 4660 in
1687 4608 1885 4661 monte
1912 4592 1960 4657 D
1993 4604 2087 4659 die
2118 4603 2418 4659 Dominica
2445 4604 2736 4659 sumebat.
2772 4602 2889 4659 Nec
2928 4603 3268 4660 discedebat
3306 4606 3377 4662 de
3406 4608 3648 4680 angulo,

228 4699 640 4771 Nitriae,aliam
670 4700 727 4754 in
752 4698 1071 4755 solitudine
1091 4696 1354 4753 interiori
1378 4695 1601 4765 Scythi,
1626 4699 1683 4750 et
1713 4694 1884 4751 aliam

234 4792 299 4846 in
340 4789 470 4847 loco
503 4789 604 4861 qui
636 4788 853 4844 dicitur
878 4787 1057 4844 Cellia
1083 4804 1094 4842 :
1124 4792 1181 4842 et
1211 4787 1481 4858 quaedam
1530 4785 1753 4856 absque
1798 4785 1885 4839 fe-

235 4880 459 4937 nestris
492 4884 654 4946 sunt,
678 4878 738 4934 in
764 4878 982 4950 quibus
1000 4877 1306 4933 dicebatur
1324 4876 1527 4932 sedere
1558 4874 1616 4930 in
1637 4874 1887 4945 quadra-

228 4970 463 5042 gesima
490 4989 504 5039 ;
539 4969 654 5025 alia
682 4972 934 5041 angusta
966 4970 1091 5023 erat
1120 4966 1179 5021 in
1212 4982 1328 5038 qua
1353 4966 1559 5036 jacens
1581 4964 1892 5020 extendere

228 5062 413 5133 pedes
447 5076 564 5115 non
597 5061 867 5131 poterat;
902 5056 1018 5112 alia
1048 5060 1244 5111 autem
1268 5055 1443 5111 latior
1477 5058 1624 5123 erat,
1656 5053 1715 5109 in
1775 5069 1892 5124 qua

227 5148 599 5221 suscipiebat
620 5147 917 5203 venientes
936 5148 1007 5202 ad
1035 5162 1118 5202 se.
1142 5146 1242 5201 llic
1258 5156 1416 5211 vero,
1438 5148 1684 5200 sonante
1701 5143 1894 5215 gratia

221 5239 703 5306 Cbristi,tantam
728 5235 1175 5293 multitudinem
1199 5238 1537 5291 ventorum
1562 5252 1595 5289 a
1617 5234 1895 5288 daemoni-

222 5332 341 5387 bus
375 5329 619 5399 curavit,
652 5332 717 5383 ut
746 5343 955 5383 omnes
986 5326 1365 5392 mirarentur,
1400 5330 1456 5381 et
1498 5324 1897 5397 glorificarent

224 5422 511 5477 virtutem
544 5416 863 5475 Salvatoris
893 5416 1082 5474 nostri
1110 5417 1246 5473 Jesu
1265 5414 1609 5486 Christi,qui
1635 5430 1737 5487 per
1759 5429 1895 5470 eum

229 5509 593 5584 cperabatur
624 5507 939 5580 magnifica
955 5548 969 5564 .

296 5599 447 5656 Cum
483 5600 681 5653 autem
713 5613 821 5654 nos
852 5596 1075 5653 ibidem
1111 5611 1409 5666 essemus,
1456 5594 1655 5651 oblata
1700 5596 1791 5650 est
1846 5591 1901 5650 ei

311 5727 330 5763 ¹
372 5725 543 5781 Deest
573 5722 893 5780 Heraclidi.

571 5842 835 5904 Panos.
882 5837 1147 5902 LXXIV.

1992 4694 2115 4765 illo,
2146 4692 2248 4748 ubi
2276 4692 2530 4764 elegerat
2562 4697 2738 4761 stare,
2774 4692 2885 4748 nisi
2918 4696 3151 4749 tantum
3192 4696 3512 4767 corporalis
3543 4714 3654 4754 ne-

1994 4782 2290 4839 cessitatis
2303 4786 2566 4850 causa,et
2584 4784 2783 4837 statim
2805 4782 3154 4839 festinanter
3171 4787 3532 4842 revertebatu
3544 4792 3660 4857 r,et

1997 4871 2307 4928 claudebat
2326 4871 2541 4927 ostium
2566 4888 2744 4944 super
2767 4875 2913 4937 se,et
2935 4872 3079 4927 nihil
3109 4873 3342 4945 penitus
3364 4874 3654 4946 loqueba-

1997 4962 2221 5029 tur,sed
2239 4961 2297 5016 in
2315 4960 2795 5017 silentiotantum
2818 4960 2975 5017 labia
2998 4962 3126 5033 ejus
3153 4964 3558 5019 movebantur.
3580 4966 3653 5021 Et

2001 5067 2116 5106 non
2132 5049 2687 5105 cessabatcontinue
2710 5050 2907 5105 etsine
2932 5051 3327 5106 cessationein
3353 5053 3527 5107 corde
3552 5070 3665 5109 suo

2002 5139 2235 5211 eloquia
2259 5137 2882 5209 Dominidivinamque
2902 5139 3215 5209 Scriptura:
3240 5155 3666 5200 commemora-

2003 5231 2220 5285 tionem
2238 5227 2786 5299 meditari,etopera
2817 5244 3096 5283 manuum
3122 5227 3486 5286 incessanter
3506 5248 3667 5289 exer-

2005 5336 2134 5376 cere
2157 5318 2341 5375 multo
2366 5316 2621 5389 amplius
2650 5334 2823 5389 quam
2856 5316 2957 5371 alii
2985 5318 3212 5373 fratres.
3232 5317 3362 5375 Haec
3380 5320 3555 5379 fatres
3581 5324 3663 5378 vi.

2005 5411 2234 5478 dentes,
2249 5425 2392 5480 pene
2405 5424 2608 5464 omnes
2622 5404 3003 5461 scandalizati
3019 5423 3084 5461 su
3097 5413 3179 5475 nt;
3197 5418 3665 5470 murmurantes-

2009 5496 2732 5571 quedixeruntpraeposito
2750 5496 3114 5551 monasterii:
3137 5498 3301 5555 Unde
3324 5502 3493 5559 nobis
3510 5502 3667 5559 hunc

2011 5589 2330 5661 adduxisti,
2350 5592 2487 5660 tanq
2500 5603 2633 5644 uam
2650 5585 2776 5643 sine
2791 5601 2964 5643 carne
2982 5586 3285 5661 degentem
3304 5592 3375 5649 ad
3392 5593 3666 5650 condem-

3275 5835 3352 5893 12
