4092 6324
447 382 553 438 363

1593 376 1957 431 APPENDIX
1996 377 2093 430 AD
2132 379 2347 433 VITAS
2385 381 2706 436 PATRUM.

3750 375 3859 434 364

444 509 744 563 nationem
762 501 1283 571 nostram?Projiee
1298 500 2093 572 eum,cognosee,quiavalde
2124 510 2176 577 Α
2206 504 2399 560 subito
2422 504 2681 560 clamans
2700 507 3039 561 attenuatus
3063 507 3171 574 est,
3188 521 3252 560 ac
3275 504 3540 561 redditus
3563 520 3857 561 mensum

442 597 917 655 scandalizentur
947 595 1155 649 fratres
1185 594 1245 647 in
1268 608 1353 647 eo.
1375 593 1501 661 Haec
1533 591 1779 647 audiens
1811 593 2093 663 praeposi-

440 691 537 743 tus
570 685 930 751 monasterii,
964 684 1264 739 admirans
1287 686 1407 741 tam
1432 681 1753 736 districtam
1788 697 2089 736 conversa-

441 778 658 831 tionem
689 776 839 845 ejus,
862 772 1048 829 oravit
1083 770 1421 838 Dominum,
1469 771 1669 825 dicens
1722 786 1734 825 ε
1783 771 2093 826 Manifesta

441 866 588 921 mihi
620 864 906 936 peccatori
939 879 1103 917 servo
1131 866 1251 927 tuo,
1285 859 1552 926 Domine,
1586 860 1726 931 quid
1771 876 1939 931 agere
1989 862 2091 915 de-

437 955 626 1009 beam.
663 954 732 1007 Et
763 951 1080 1008 revelatum
1112 955 1201 1006 est
1229 951 1301 1019 ei,
1341 950 1494 1021 quod
1532 949 1657 1020 ipse
1704 954 1858 1005 esset
1900 949 2087 1005 Maca-

435 1044 580 1099 rius.
615 1042 824 1097 Eduxit
853 1048 1049 1097 autem
1081 1052 1211 1096 eum
1238 1042 1389 1095 foras
1415 1039 1470 1092 in
1507 1038 1847 1105 oratorium,
1874 1039 1972 1093 ubi
2004 1038 2086 1093 al-

433 1138 556 1187 tare
587 1132 846 1203 positum
881 1122 1005 1185 erat
1025 1135 1083 1185 et
1103 1129 1466 1201 amplectens
1484 1128 1785 1183 osculatus
1805 1133 1894 1183 est
1925 1110 2099 1195 eum:

432 1226 488 1277 et
519 1221 663 1275 dixit
692 1220 742 1276 ei
770 1237 781 1276 :
811 1220 952 1275 Vere
982 1219 1070 1275 vir
1090 1219 1298 1274 beatus
1320 1234 1403 1285 es,
1428 1222 1626 1273 sancte
1651 1216 1894 1285 Macari,
1924 1222 1979 1272 et
2001 1217 2082 1273 la-

436 1309 603 1366 tuisti
626 1326 752 1366 nos.
798 1309 947 1365 Olim
969 1309 1125 1364 enim
1150 1326 1215 1364 ex
1232 1306 1416 1363 multo
1439 1312 1697 1378 tempore
1713 1306 2084 1363 desideraba-

433 1416 568 1455 mus
600 1400 795 1456 videre
826 1398 1196 1454 sanctitatem
1235 1402 1439 1465 tuam;
1490 1402 1545 1451 et
1584 1397 1800 1468 gratias
1848 1396 2081 1469 agimus

430 1488 675 1544 Domino
707 1492 909 1544 nostro
938 1487 1077 1544 Jesu
1111 1486 1359 1554 Christo,
1389 1487 1527 1558 quia
1558 1486 1617 1545 in
1668 1486 2078 1558 Spiritualibus

427 1578 619 1650 bonis,
636 1578 1007 1650 maximeque
1028 1578 1087 1632 in
1106 1576 1423 1632 virtutibus
1438 1575 1806 1631 abstinentia:
1829 1576 2075 1631 erudisti

426 1685 529 1724 nos
552 1672 609 1724 et
630 1668 903 1741 parvulos
927 1673 1158 1724 nostros
1182 1684 1294 1723 non
1319 1665 1437 1721 alta
1459 1682 1663 1737 sapere
1690 1667 1747 1721 iu
1768 1683 2076 1722 conversa-

422 1758 579 1816 tione
609 1776 735 1814 sua.
762 1758 1065 1815 Revertere
1088 1774 1224 1829 ergo
1248 1757 1317 1812 ad
1342 1755 1535 1811 locum
1561 1761 1754 1825 tuum,
1776 1773 1889 1811 non
1915 1757 2072 1812 enim

424 1865 631 1920 parum
656 1847 959 1904 aediﬁcasti
983 1863 1107 1915 nos,
1130 1847 1463 1905 beatissime
1486 1849 1674 1917 Pater,
1704 1852 1760 1915 et
1790 1847 2071 1904 orainde-

423 1937 687 1995 sinenter
720 1954 825 2009 pro
857 1936 1043 1994 nobis.

514 2045 779 2112 Quodam
810 2049 1069 2117 tempore
1100 2044 1452 2102 visitationis
1484 2049 1658 2117 atque
1693 2044 2096 2102 aediﬁcationis

443 2136 630 2208 gratia
654 2134 878 2207 perrexi
912 2151 1015 2206 ego
1049 2135 1118 2189 ad
1153 2151 1311 2202 eum,
1345 2140 1401 2190 et
1452 2136 1645 2190 inveni
1693 2140 1829 2191 ante
1876 2135 2092 2190 ostium

441 2224 573 2281 atrii
595 2225 723 2295 ejus
740 2226 1033 2294 jacentem
1058 2224 1372 2295 quemdam
1398 2226 1805 2297 presbyterum
1826 2230 1944 2280 toto
1967 2242 2097 2279 cor-

440 2330 580 2386 pore
598 2313 894 2371 ulceribus
913 2316 1175 2385 plenum,
1192 2313 1403 2385 capitis
1422 2319 1615 2369 autem
1633 2315 1763 2385 ejus
1777 2313 1949 2369 etiam
1964 2312 2093 2385 ipsa

439 2421 574 2460 ossa
597 2407 1112 2475 computruerunt,
1132 2402 1233 2474 qui
1266 2402 1393 2458 ideo
1424 2403 1761 2473 advenerat,
1788 2408 1853 2458 ut
1873 2404 2091 2458 oratio-

439 2493 614 2551 nibus
632 2494 682 2564 ej
694 2509 759 2557 us
774 2490 1084 2548 sanitatem
1101 2491 1527 2563 reciperet.Sed
1543 2496 1783 2548 sanctus
1801 2493 2091 2549 Macarius

437 2600 552 2640 non
584 2582 945 2653 suscipiebat
976 2598 1149 2637 eum:
1184 2598 1291 2654 ego
1330 2588 1523 2637 autem
1556 2581 1845 2654 prostravi
1906 2598 1999 2637 me
2028 2582 2090 2637 in

436 2679 655 2735 terram
689 2673 759 2728 ad
792 2673 968 2743 pedes
1000 2672 1153 2743 ejus,
1185 2677 1243 2728 et
1272 2672 1626 2742 deprecabar
1660 2678 1720 2728 ut
1764 2673 2090 2743 susciperet

437 2780 594 2821 eum.
624 2762 1123 2833 Respondensque
1152 2761 1239 2815 vir
1267 2762 1497 2833 beatus,
1532 2761 1675 2816 dixit
1709 2762 1889 2817 mihi:
1926 2762 2089 2815 Indi-

437 2870 589 2926 gnus
620 2856 710 2907 est
743 2856 806 2907 ut
829 2850 1140 2906 sanitatem
1187 2851 1448 2921 recipiat,
1478 2852 1578 2906 sed
1623 2851 1809 2922 magis
1852 2852 2090 2923 increpa

438 2960 594 3008 enin,
629 2946 686 2995 et
714 2940 896 2995 suade
927 2939 999 3005 ei,
1035 2943 1237 2994 utnon
1262 2940 1476 2996 audeat
1496 2941 1771 2995 accedere
1799 2940 1869 2995 ad
1890 2956 2090 2996 sacro-

438 3035 712 3087 sanctum
745 3028 924 3083 altare
956 3028 1212 3095 Domini,
1245 3031 1303 3083 et
1332 3028 1538 3083 oﬁ‘erre
1580 3029 1935 3083 sacrilicium
1974 3035 2090 3084 Do—

441 3119 620 3185 mino,
640 3118 781 3191 quia
799 3116 1134 3173 t'ornicando
1152 3117 1319 3173 offert
1339 3135 1353 3186 ;
1374 3123 1610 3189 propter
1626 3118 1734 3174 hoc
1748 3119 2088 3190 castigatur.

438 3209 777 3279 Suadeergo
809 3207 859 3262 ei
883 3210 948 3261 ut
980 3206 1359 3278 resipiscatet
1382 3208 1733 3279 condignam
1750 3214 1884 3280 agat
1902 3209 2084 3277 poeni-

440 3260 769 3279 μητρο-
818 3260 857 3262 ,κ
896 3260 941 3261 η
1022 3260 1061 3261 κγ
1099 3260 1123 3278 ,κ
1316 3260 1353 3261 η
1390 3260 1525 3262 η
1557 3260 2053 3280 Ὃ-τηψ

436 3298 703 3363 tentiam,
731 3302 792 3351 ut
816 3296 1273 3352 misericordiam
1298 3315 1330 3351 a
1357 3298 1597 3352 Domino
1621 3302 1916 3352 mereatur
1936 3298 2085 3353 acci-
2117 3260 2159 3328 α

439 3406 593 3462 pere.
620 3389 826 3460 Itaque
855 3404 961 3459 ego
992 3404 1264 3459 egressus
1296 3388 1367 3443 ad
1400 3387 1568 3443 illum
1613 3388 1932 3459 inﬁrmum,
1967 3389 2085 3443 dixi

433 3479 485 3534 ei
519 3478 735 3534 omnia.
760 3478 825 3532 Et
848 3476 945 3533 ille
962 3476 1300 3532 terribiliter
1325 3479 1731 3546 conturbatus,
1757 3478 2083 3549 intremuit,

422 3568 758 3639 juravitque
786 3566 882 3637 qui
919 3566 976 3620 in
1008 3565 1228 3621 exitum
1246 3568 1375 3621 vita:
1408 3584 1529 3623 suae
1557 3584 1671 3622 non
1692 3569 2083 3639 usurparetad

430 3656 613 3713 altare
638 3655 865 3711 Domini
888 3655 1179 3710 accedere.
1215 3660 1353 3711 Post
1373 3656 1491 3713 haec
1516 3659 1784 3728 praecepit
1806 3661 1870 3711 ut
1896 3659 2085 3728 ingre-

431 3749 688 3812 deretur,
723 3746 1103 3816 suscepitque
1132 3761 1289 3814 eum,
1315 3751 1371 3801 et
1402 3747 1548 3801 dixit
1577 3747 1662 3801 el:
1710 3747 1913 3802 Credis
1944 3747 2085 3818 quia

431 3838 585 3894 Deus
616 3842 706 3892 est
728 3851 904 3905 quem
928 3833 1073 3889 nihil
1105 3834 1246 3889 latet
1278 3835 1304 3889 Τ
1336 3836 1654 3907 Respondit
1685 3853 1697 3890 :
1734 3837 1945 3903 Etiam,
1977 3837 2079 3891 do-

434 3926 612 3981 mine.
646 3924 798 3980 Dixit
827 3924 879 3979 ei
915 3940 927 3978 :
962 3923 1242 3989 Nunquid
1268 3924 1507 3993 potuisti
1531 3924 1776 3978 illudere
1800 3943 1873 3979 au
1902 3925 2081 3979 latere

435 4020 612 4071 Deum
634 4013 660 4067 ‘?
694 4012 1046 4082 Respondit:
1072 4012 1217 4066 Non.
1244 4011 1333 4065 Ait
1351 4027 1486 4084 ergo
1510 4029 1521 4065 ε
1544 4012 1599 4066 Si
1621 4029 1756 4083 ergo
1775 4014 2081 4083 cognoscis

430 4102 576 4158 tanti
601 4099 866 4157 criminis
897 4103 1201 4170 peccatum
1225 4106 1415 4169 tuum,
1434 4105 1492 4155 et
1510 4100 1610 4155 Dei
1631 4101 2079 4173 castigationem

428 4189 732 4260 intelligis,
767 4202 867 4257 pro
901 4202 1015 4255 qua
1033 4202 1212 4241 causa
1233 4186 1380 4241 tanti
1415 4187 1551 4241 mali
1575 4186 1821 4257 plagain
1840 4205 2079 4260 corpore

430 4285 529 4334 tuo
561 4282 670 4345 est,
704 4278 947 4345 ideoque
969 4291 1284 4345 percussus
1315 4293 1376 4332 es
1403 4292 1602 4345 ;cessa
1621 4294 1654 4332 a
1676 4276 1849 4333 malis
1878 4278 2081 4345 tuis,et

429 4368 653 4439 corrige
675 4366 745 4420 de
776 4368 1066 4429 caetero,et
1088 4366 1363 4421 conﬁtere
1385 4381 1616 4437 semper
1647 4383 1779 4421 eum
1802 4366 2077 4439 lacrymis

429 4454 803 4530 poenitentiae,
835 4457 893 4508 et
921 4452 1127 4508 intimo
1155 4454 1348 4509 cordis
1402 4455 1598 4511 dolore
1651 4456 1709 4510 in
1761 4462 2076 4528 conspectu

428 4546 657 4606 Domini
694 4552 993 4617 peccatum
1016 4546 1208 4609 tuum,
1234 4544 1376 4599 utin
1401 4546 1493 4601 die
1514 4546 1724 4615 judicii
1754 4547 1944 4617 possis
1968 4546 2073 4602 ali-

2201 594 2613 649 sumfl‘radidit
2628 610 2765 665 ergo
2783 611 2913 650 eum
2932 592 3205 665 patrisuo
3222 611 3693 666 sanum,ungens
3723 610 3860 651 eum

2200 683 2322 739 oleo
2354 689 2578 753 sancto,
2612 683 3008 756 praecepitque
3041 688 3103 739 ut
3143 702 3244 757 per
3282 685 3673 757 quadraginta
3708 685 3862 751 dies,

2198 790 2386 845 neque
2417 791 2652 829 carnem
2684 775 2901 845 ederet,
2935 791 3123 846 neque
3154 774 3353 831 vinum
3373 780 3651 845 sumeret,
3685 780 3741 831 et
3770 776 3858 831 ita

2197 880 2379 919 sanus
2410 864 2681 920 redditus
2713 869 2818 920 est.

2268 963 2574 1019 Referebat
2621 968 2818 1020 autem
2879 964 3048 1020 nobis
3083 964 3239 1020 idem
3271 969 3516 1021 sanctus
3555 965 3641 1021 vir
3664 965 3865 1021 Maca-

2195 1054 2337 1124 rius,
2353 1054 2675 1109 admonens
2690 1058 2755 1109 ut
2768 1054 3330 1125 caveamus,inquit,
3351 1054 3747 1111 multiformes
3774 1054 3867 1111 in-

2192 1143 2372 1198 sidias
2388 1144 2718 1199 dazmonum
2733 1144 2886 1215 ,quia
2901 1145 3158 1215 quodam
3177 1149 3441 1217 tempore
3458 1144 3633 1201 nimis
3658 1145 3709 1200 ei
3738 1161 3866 1200 mo-

2191 1231 2347 1289 lesta
2368 1234 2602 1289 fuerunt
2616 1234 2997 1305 cogitationes
3013 1252 3168 1289 vanae
3181 1232 3629 1306 gloriae,scilicet
3644 1238 3708 1290 ut
3722 1252 3868 1306 qua-

2188 1320 2463 1393 licunque
2478 1324 2648 1379 modo
2663 1323 2938 1393 ejicerent
2965 1340 3100 1381 eum
3133 1324 3202 1379 de
3225 1323 3373 1379 cella
3403 1324 3553 1395 ejus,
3589 1329 3645 1380 et
3666 1326 3739 1381 de
3769 1340 3867 1380 se-

2188 1414 2341 1467 creta
2369 1411 3490 1485 eremiconversatione,suggerentesei,
3517 1416 3581 1467 ut
3608 1412 3868 1467 aediﬁca-

2186 1500 2355 1566 tionis
2378 1501 2567 1574 gratia
2597 1503 2668 1557 ad
2688 1501 3011 1558 remedium
3034 1506 3090 1557 et
3110 1501 3397 1557 sanitates
3420 1500 3727 1559 hominum
3744 1501 3861 1556 Ro-

2186 1606 2340 1645 mam
2362 1594 2741 1663 pergeretpro
2754 1589 2941 1646 salute
2953 1590 3283 1646 animarum
3305 1588 3855 1658 multarum;incrat

2182 1679 2339 1735 enim
2371 1679 2422 1735 ei
2444 1681 2630 1753 gratia
2652 1680 2883 1736 Domini
2916 1686 3115 1736 contra
3140 1681 3477 1736 immundos
3504 1680 3864 1753 spiritus.Et

2182 1784 2313 1823 cum
2346 1769 2565 1825 diutius
2596 1769 2943 1825 insisterent
2972 1770 3023 1826 ei
3056 1769 3395 1839 hujusmodi
3431 1769 3845 1842 cogitationes,

2188 1863 2369 1914 etnec
2399 1858 2587 1915 oranti
2619 1861 2670 1915 ei
2703 1865 3023 1929 cessarent,
3052 1861 3379 1931 jactavitse
3403 1875 3623 1931 pronus
3651 1859 3711 1913 in
3734 1863 3863 1915 ter-

2200 1964 2347 2012 ram,
2379 1952 2436 2004 et
2460 1949 2715 2005 extendit
2745 1950 2922 2021 pedes
2953 1966 3092 2005 suos
3125 1966 3158 2005 a
3188 1948 3327 2004 toris
3361 1948 3537 2003 limen
3569 1948 3707 2004 ostii
3734 1947 3859 2003 cel-

2197 2038 2328 2094 lula:
2344 2057 2461 2095 suae
2493 2039 2756 2096 clamans
2771 2042 3039 2097 etdicens
3065 2040 3350 2109 :Trabite,
3384 2040 3699 2108 daemones,
3734 2043 3858 2094 tra-

2198 2128 2341 2195 hite,
2365 2145 2471 2202 ego
2502 2129 2656 2185 enim
2682 2131 2933 2203 pedibus
2956 2130 3102 2186 meis
3128 2148 3241 2185 non
3275 2131 3421 2186 vado
3447 2155 3462 2198 ;
3488 2130 3587 2185 sed
3613 2130 3661 2185 si
3698 2132 3863 2201 pote-

2197 2218 2327 2285 stis,
2364 2236 2455 2274 me
2486 2219 2623 2275 hinc
2654 2220 2923 2276 abducite
2956 2237 2969 2275 :
3004 2237 3110 2293 ego
3162 2219 3380 2292 quippe
3428 2222 3610 2275 testor
3659 2218 3861 2274 Deum

2197 2307 2352 2379 quod
2387 2307 2477 2363 hic
2504 2308 2669 2379 jaceo
2701 2309 2772 2363 ad
2805 2325 3131 2381 vesperam.
3164 2308 3257 2364 Sic
3280 2325 3415 2381 ergo
3438 2308 3627 2380 jacuit
3661 2322 3863 2380 usque

2195 2396 2265 2451 ad
2299 2412 2621 2468 vesperam.
2656 2399 3040 2455 Postmodum
3072 2398 3326 2455 surrexit
3366 2399 3438 2454 ad
3496 2401 3851 2455 consuetum

2194 2502 2343 2558 Opus
2368 2486 2624 2542 Domini.

2267 2582 2571 2639 Referebat
2600 2587 2786 2641 autem
2813 2584 2980 2641 nobis
3016 2586 3087 2641 de
3127 2585 3379 2658 quodam
3411 2585 3589 2640 fratre
3632 2584 3865 2656 Marco,

2196 2672 2481 2728 monacho
2500 2672 2674 2728 nimis
2689 2673 3192 2731 abstinentissimo
3210 2691 3223 2743 ;
3243 2678 3482 2729 sanctus
3494 2674 3650 2729 enim
3670 2678 3863 2729 Maca-

2196 2761 2320 2816 rius
2338 2763 2791 2834 presbytererat.
2814 2765 3255 2820 Dieebatautem
3275 2782 3286 2819 :
3304 2765 3451 2830 Quia
3492 2762 3685 2819 notavi
3703 2762 3859 2818 mihi

2196 2852 2480 2919 tempora,
2516 2851 2750 2920 quando
2783 2852 3034 2907 traditur
3063 2856 3439 2909 sacrosancta
3480 2849 3856 2906 communio.

2196 2938 2311 3009 Ego
2337 2955 2639 3010 nunquam
2666 2940 2798 2995 dedi
2821 2940 3295 2999 communionem
3320 2943 3508 2995 Marco
3532 2938 3852 3006 monacho,

2197 3028 2297 3083 sed
2315 3028 2560 3100 angelus
2573 3029 2749 3084 dabat
2762 3030 2808 3085 ei
2825 3030 2895 3085 de
2908 3030 3097 3098 altari;
3113 3030 3306 3086 solum
3321 3034 3517 3085 autem
3533 3030 3854 3084 articulum

2199 3133 2482 3172 manuum
2518 3117 2711 3174 dantis
2741 3119 3029 3175 videbam.
3079 3124 3309 3175 Marcus
3360 3122 3559 3174 autem
3606 3118 3855 3189 juvenis

2197 3210 2343 3276 erat,
2377 3210 2433 3261 et
2462 3207 2686 3262 Novum
2709 3207 3007 3278 Vetusque
3028 3209 3185 3262 994
3206 3211 3641 3263 Testamentum
3668 3224 3855 3263 sacrae

2198 3296 2510 3368 Scriptura:
2536 3299 2872 3353 memoriter
2891 3298 3668 3355 observaverat.Mansuetus
3695 3295 3857 3351 ultra

2198 3387 2459 3456 modum,
2493 3390 2691 3442 castus
2724 3402 2901 3458 super
2922 3402 3148 3442 omnes.
3178 3390 3317 3441 Cum
3357 3391 3552 3441 autem
3586 3389 3742 3441 esset
3794 3385 3857 3440 in

2197 3475 2399 3530 ultima
2428 3480 2726 3531 senectute
2758 3476 3551 3548 sanctusMacarius,pcrrexi
3587 3475 3658 3530 ad
3692 3490 3857 3544 eum,

2193 3570 2251 3621 et
2281 3566 2472 3621 inveni
2505 3566 2721 3621 ostium
2755 3565 2977 3621 cellulae
3007 3566 3135 3637 ejus
3168 3565 3632 3621 clausum.Stans
3648 3567 3854 3619 autem

2192 3655 2263 3709 ad
2296 3655 2537 3719 ostium,
2571 3654 2979 3711 auscultabam
3013 3656 3153 3726 quid
3187 3656 3427 3726 diceret,
3458 3654 3544 3710 vel
3573 3671 3704 3709 cum
3730 3670 3855 3725 quo

2193 3744 2544 3816 loqueretur;
2579 3744 2884 3799 audiebam
2915 3745 3069 3799 enim
3104 3760 3239 3799 eum
3272 3743 3854 3815 loquentem.Putavi

2192 3839 2384 3889 autem
2420 3835 2572 3905 quod
2608 3833 2823 3906 aliquis
2845 3850 2979 3890 cum
3015 3834 3143 3906 ipso
3166 3837 3321 3889 esset
3344 3850 3475 3889 cum
3501 3850 3617 3906 quo
3646 3831 3855 3905 loque-

2193 3929 2369 3979 retur.
2406 3926 2535 3993 Ipse
2558 3923 2713 3979 enim
2737 3942 2870 3979 cum
2895 3924 3274 3979 centesimum
3300 3927 3495 3995 ageret
3518 3937 3738 3978 annum
3769 3922 3854 3987 si-

2192 4012 2428 4084 quidem
2457 4014 2579 4083 jam
2613 4018 2669 4068 et
2699 4014 2904 4068 dentes
2933 4013 3232 4068 amiserat.
3272 4013 3451 4085 Igitur
3500 4030 3634 4068 cum
3687 4018 3854 4069 esset

2188 4101 2374 4169 solus,
2406 4102 2518 4157 sibi
2550 4102 2662 4174 ipsi
2696 4102 2981 4175 litigabat,
3016 4109 3071 4158 et
3102 4103 3270 4175 quasi
3305 4102 3531 4175 corpori
3564 4119 3670 4158 suo
3690 4102 3855 4158 dice-

2188 4191 2321 4247 bat:
2358 4192 2505 4257 Quid
2538 4191 2625 4247 vis
2656 4209 2687 4247 o
2719 4197 2781 4246 tu
2814 4192 2909 4262 qui
2947 4190 3099 4247 male
3149 4192 3397 4247 senuisti
3423 4191 3445 4246 Ρ
3476 4192 3756 4263 eecejam
3794 4198 3859 4248 et

2184 4280 2375 4336 oleum
2407 4280 2682 4352 accepisti
2713 4286 2771 4336 et
2800 4281 2996 4335 vinum
3019 4298 3031 4335 :
3056 4281 3126 4336 de
3157 4286 3363 4337 eastern
3397 4280 3540 4353 quid
3574 4281 3660 4336 vis
3687 4281 3855 4351 jam,

2183 4371 2475 4441 decrepita
2497 4387 2702 4425 senum
2724 4370 2751 4424 ?
2768 4370 3152 4442 semetipsum
3173 4371 3487 4442 increpans
3508 4370 3686 4427 etiam
3706 4376 3773 4425 ut
3793 4377 3860 4429 et

2183 4459 2453 4514 diabolus
2481 4458 2962 4514 confunderetur.

2255 4565 2562 4621 Referebat
2575 4564 2745 4620 nobis
2766 4564 3114 4621 virsummaa
3127 4566 3457 4623 sanctitatis
3474 4566 3857 4638 Paphnutius

425 4653 599 4728 (ιιιειω
632 4632 1095 4728 misericordia“?
1128 4649 1194 4687 ⁸ο
1225 4633 1499 4708 Pietatem
1526 4634 1757 4690 Domini
1788 4636 2067 4692 ίηνθηίνθ·
2103 4633 2146 4698 D
2179 4653 2954 4725 diseipulusejus,quoniam
2970 4655 3225 4726 quadam
3242 4632 3854 4728 dielesenaaccipiens

422 4727 738 4797 Deditergo
752 4726 1187 4778 sacramentum
1201 4738 1263 4777 se
1288 4740 1321 4776 n
1334 4740 1592 4794 unquam
1619 4740 2071 4797 peccare,neque

420 4819 491 4876 ad
524 4816 963 4873 sacrosanctum
998 4812 1180 4866 altare
1229 4812 1526 4881 accedere,
1561 4830 1663 4867 nec
1712 4813 2069 4871 oblationem

422 4918 798 4968 consecrare;
832 4900 934 4955 sed
962 4899 1115 4954 sicut
1144 4900 1278 4955 laici
1311 4907 1530 4958 sortem
1585 4903 1820 4958 habere.
1868 4904 2071 4975 Itaque

422 5000 554 5068 post
584 4994 705 5049 haec
736 4991 1021 5061 imposuit
1053 4988 1103 5043 ei
1141 5005 1404 5057 manum,
1440 4995 1497 5046 et
1529 4991 1716 5047 oravit
1765 5008 1867 5063 pro
1898 5008 1963 5047 eo
1994 4994 2067 5048 ad

422 5083 760 5145 Dominum,
793 5083 851 5133 et
879 5077 940 5132 in
973 5078 1173 5147 paucis
1203 5078 1410 5135 diebus
1433 5096 1614 5137 sanus
1646 5080 1831 5137 factus
1859 5084 2070 5148 est,ca-

424 5172 667 5245 pillique
697 5167 904 5239 capitis
926 5166 1053 5236 ejus
1086 5172 1409 5235 creverunt,
1433 5170 1655 5225 etabiit
1684 5187 1887 5226 sanus.

491 5279 640 5351 Ipsis
666 5276 875 5332 diebus
906 5273 1138 5327 oblatus
1170 5278 1257 5329 est
1287 5274 1338 5329 ei
1364 5276 1596 5344 juvenis
1621 5277 1721 5348 qui
1753 5279 2068 5334 vexabatur

420 5363 491 5418 ab
511 5357 816 5415 immundo
835 5354 1042 5424 spiritu
1057 5355 1425 5427 ,etimposuit
1440 5375 1681 5413 manum
1700 5366 2067 5431 supercaput

420 5451 571 5522 ejus,
595 5452 651 5503 et
677 5446 853 5503 aliam
885 5460 1063 5513 super
1112 5450 1334 5515 pectus,
1378 5451 1437 5501 et
1464 5448 1669 5502 tandiu
1702 5465 1879 5519 super
1926 5465 2060 5506 eum

416 5539 624 5602 oravit,
645 5548 949 5605 usquequo
968 5532 1026 5586 in
1047 5549 1179 5588 aera
1201 5536 1511 5606 suspendit
1532 5552 1665 5592 eum
1684 5538 1779 5592 ille
1802 5538 2061 5595 immun-

416 5631 528 5685 dus
542 5620 1057 5699 spirituszinﬁatus
1074 5628 1269 5679 autem
1287 5629 1445 5680 totus
1459 5625 1741 5681 intumuit
1756 5645 1901 5700 puer
1912 5628 2062 5685 sicut

416 5724 569 5786 uter,
589 5716 669 5771 ita
684 5716 825 5769 utex
845 5709 1119 5767 omnibus
1144 5714 1424 5771 membris
1451 5731 1665 5787 aquam
1692 5716 1979 5788 funderet,
1998 5724 2057 5776 et

2181 4744 2441 4799 catulum
2474 4760 2647 4799 suum
2682 4759 2922 4813 caecum,
2955 4743 3173 4799 obtulit
3206 4746 3419 4801 sancto
3470 4745 3744 4813 Macario,
3787 4752 3858 4804 et

2180 4833 2369 4904 capite
2400 4832 2644 4904 pulsans
2674 4834 2805 4888 atrii
2824 4835 2954 4905 ejus
2975 4834 3188 4890 ostium
3212 4835 3465 4905 aperuit,
3490 4840 3546 4889 et
3570 4836 3855 4906 ingressa

2181 4922 2420 4977 sedente
2446 4928 2648 4977 sancto
2673 4921 2795 4977 viro
2820 4922 3066 4994 projeeit
3086 4922 3349 4979 catulum
3368 4925 3438 4979 ad
3473 4924 3671 4995 pedes.
3706 4924 3850 4996 Ipse

2179 5016 2375 5067 autem
2408 5010 2701 5083 accipiens
2723 5028 2879 5080 eum,
2914 5012 3147 5082 exspuit
3169 5012 3228 5066 in
3252 5012 3452 5069 oculos
3474 5015 3692 5084 ejus,et
3715 5030 3857 5071 ora-

2177 5101 2277 5169 vit,
2311 5100 2510 5155 statim
2534 5100 2720 5170 aperti
2751 5104 2894 5155 sunt
2924 5100 3077 5155 oculi
3109 5102 3259 5171 eius,
3292 5106 3349 5157 et
3369 5103 3617 5173 aspexit.
3652 5104 3721 5157 Et
3752 5102 3855 5160 la-

2177 5190 2355 5245 ctavit
2386 5206 2518 5245 eum
2552 5189 2754 5257 leaena,
2792 5188 3117 5261 levavitque
3144 5206 3302 5258 eum,
3337 5196 3395 5246 et
3440 5192 3602 5247 abiit.
3643 5192 3855 5251 Altera

2178 5280 2271 5334 die
2290 5278 2498 5350 pellem
2531 5278 2762 5334 ovinam
2777 5279 3059 5351 grandem
3078 5279 3274 5335 attulit
3292 5280 3341 5335 ei
3359 5280 3558 5338 leaena.
3591 5282 3853 5342 Sanctus

2176 5383 2307 5421 vero
2331 5365 2540 5437 pellem
2570 5366 2798 5433 videns,
2833 5366 3066 5421 dicebat
3096 5366 3325 5423 leaenae;
3359 5367 3522 5425 Unde
3554 5370 3661 5425 tibi
3694 5369 3849 5443 hoc,

2176 5456 2290 5511 nisi
2321 5457 2460 5528 quia
2507 5456 2811 5513 comedisti
2859 5457 3167 5528 cujusdam
3222 5474 3411 5529 ovem,
3472 5458 3718 5516 forsitan
3782 5468 3851 5520 et

2174 5546 2497 5617 pauperis?
2527 5548 2688 5612 Quod
2720 5562 2857 5618 ergo
2889 5547 2960 5601 de
2998 5545 3289 5616 injustitia
3320 5552 3412 5603 est
3446 5565 3559 5604 non
3610 5551 3848 5623 accipio

2174 5652 2208 5690 a
2239 5640 2313 5691 te.
2347 5634 2452 5690 Illa
2478 5651 2612 5693 vero
2646 5636 2940 5691 inclinans
2971 5640 3147 5705 caput
3177 5653 3356 5693 suum
3380 5636 3439 5691 in
3472 5640 3840 5710 pavimento,

2170 5725 2759 5798 deprecabatureum,
2784 5730 2841 5781 et
2860 5725 2931 5782 ad
2965 5725 3144 5797 pedes
3175 5726 3364 5783 sancti
3397 5727 3673 5799 deposuit
3699 5728 3839 5803 pel-
