4092 6324
228 359 333 417 369

1565 364 1904 421 PALLADII
1940 365 2322 423 LAUSIACA.

3542 373 3649 429 370

231 487 498 545 tudinem
525 486 656 556 ejus
674 487 978 558 antiquam
997 488 1290 543 luxuriam
1311 485 1712 544 fornicationis
1735 488 1891 561 inge-
1917 503 1965 567 Α
1998 506 2282 562 exponere
2306 492 2920 567 debemus,‘quomodo
2934 498 3429 556 conversationem
3449 516 3642 568 suam,

238 583 429 634 rentes
461 576 534 632 ei.
572 579 678 642 Qui
711 582 827 631 tam
857 576 1024 632 valde
1056 582 1318 633 tentatus
1349 582 1457 644 est,
1483 577 1778 648 sicutipse
1798 596 1887 633 re-

232 669 474 733 ferebat,
510 673 573 722 ut
607 667 982 739 paulominus
1012 669 1082 723 de
1109 669 1406 740 proposito
1439 669 1728 723 excideret
1757 686 1883 724 suo.

231 761 438 829 Itaque
471 775 542 812 ex
573 757 683 814 hoc
714 757 968 813 validius
1000 759 1349 822 abstinebat,
1383 762 1440 813 et
1482 757 1710 830 vigilias
1759 775 1882 813 am-

231 849 389 920 plius
437 849 694 903 addebat
746 847 879 914 sibi,
927 856 979 902 et
1023 864 1200 919 opera
1224 865 1506 902 manuum
1540 849 1886 919 propensius

230 938 560 1007 exercebat,
578 936 934 992 tabefaciens
951 954 1162 1009 corpus
1180 953 1375 993 suum.
1394 937 1655 1008 Denique
1675 955 1880 1008 propo-

227 1028 342 1084 suit
377 1028 491 1104 sibi
522 1043 583 1082 se
620 1044 733 1083 non
768 1027 1024 1082 dormire
1050 1028 1344 1098 jacentem
1381 1028 1438 1082 in
1473 1027 1742 1093 mattula,
1780 1029 1881 1082 sed

226 1134 326 1189 per
363 1122 548 1172 totam
573 1121 798 1173 noctem
825 1117 1036 1172 stando
1056 1117 1112 1171 in
1138 1117 1283 1172 cella
1305 1117 1526 1183 orabat,
1551 1121 1608 1171 et
1632 1117 1883 1187 psalmo-

226 1209 383 1262 diam
417 1206 706 1278 explebat.
747 1207 893 1263 Nam
926 1207 1248 1279 parietibus
1281 1207 1436 1261 996
1468 1224 1528 1262 se
1559 1207 1879 1273 reclinans,

222 1314 434 1368 parum
467 1297 607 1369 quid
637 1297 827 1352 somni
860 1297 1149 1368 capiebat.
1184 1297 1396 1352 Iterum
1423 1296 1748 1367 posuitsibi
1775 1297 1878 1352 ob-

220 1387 579 1442 servantiam
595 1386 791 1442 aliam.
817 1386 1236 1457 Egrediebatur
1249 1387 1546 1456 noctibus,
1561 1390 1616 1441 et
1631 1386 1748 1442 ibat
1777 1402 1881 1458 per

219 1476 394 1532 cellas
429 1477 758 1544 seniorum,
789 1483 846 1531 el.
877 1475 1118 1531 tollebat
1150 1476 1386 1548 hydrias
1410 1493 1633 1542 eorum,
1660 1476 1716 1530 in
1743 1477 1875 1548 qui-

225 1566 333 1622 bus
366 1566 454 1620 illi
491 1567 602 1622 sibi
627 1566 996 1628 hauriebant,
1031 1571 1085 1620 et
1108 1567 1378 1637 portabat
1402 1565 1518 1620 illis
1543 1582 1788 1637 aquam:
1817 1566 1875 1620 in

219 1655 545 1727 longinquo
577 1655 728 1711 enim
754 1656 1050 1711 habebant
1078 1672 1311 1727 aquam,
1363 1660 1419 1710 et
1468 1655 1710 1726 quidam
1759 1655 1874 1710 duo

219 1746 521 1811 milliaria,
556 1745 651 1800 alli
683 1751 876 1801 autem
908 1745 1084 1800 etiam
1117 1751 1174 1800 et
1203 1746 1460 1816 quinque
1487 1744 1690 1800 millia.
1718 1747 1873 1811 Qua-

215 1837 345 1890 dam
364 1851 502 1891 vero
533 1839 698 1891 nocte
717 1852 828 1890 non
846 1835 1133 1890 sufferens
1156 1836 1380 1889 daemon
1401 1835 1721 1890 ferventem
1739 1835 1865 1904 ejus
1901 1865 1947 1928 Β

215 1925 346 1981 ﬁdei
378 1925 904 1990 conversationem,
930 1924 1212 1980 inclinato
1244 1941 1310 1979 eo
1347 1925 1403 1979 in
1436 1929 1676 1995 puteum
1723 1925 1864 1978 dum

209 2016 473 2071 hauriret
505 2031 741 2087 aquam,
766 2015 1054 2086 percussit
1101 2032 1234 2069 eum
1260 2015 1316 2069 in
1343 2031 1508 2070 renes
1532 2015 1600 2070 de
1617 2019 1789 2079 retro,
1809 2019 1868 2069 et

214 2105 459 2177 reliquit
488 2121 659 2171 eum;
694 2105 945 2174 denique
968 2105 1037 2159 de
1060 2105 1241 2159 nimio
1265 2103 1461 2159 dolore
1475 2104 1865 2171 obmutuit,et

215 2196 507 2252 remansit
538 2194 695 2250 velut
726 2200 1015 2250 mortuus.
1050 2194 1176 2249 Alia
1209 2195 1301 2249 die
1330 2194 1569 2249 veniens
1622 2193 1862 2264 quidam

215 2286 454 2341 haurire
485 2302 723 2356 aquam,
757 2285 980 2340 invenit
1010 2286 1542 2356 eumjacentem,et
1568 2285 1862 2339 nuntiavit

210 2376 379 2430 beato
417 2376 641 2430 Isidoro
667 2375 1002 2446 presbytero
1024 2373 1270 2446 Scythii,
1295 2375 1395 2446 qui
1419 2374 1608 2441 misit;
1635 2378 1688 2429 et
1710 2375 1861 2429 leva-

206 2470 420 2520 verunt
452 2480 609 2535 eum,
645 2470 700 2520 et
718 2464 1140 2519 detuleruntad
1156 2463 1748 2535 ecclesiam,etprope
1763 2480 1864 2535 per

209 2571 435 2610 annum
471 2555 553 2609 ita
585 2554 921 2608 inﬁrmatus
948 2558 1058 2617 est,
1093 2557 1157 2607 ut
1195 2552 1288 2608 vix
1337 2557 1664 2608 resumeret
1709 2554 1861 2608 vires

208 2661 377 2700 suas.
411 2644 570 2700 Dixit
601 2647 796 2699 autem
821 2643 868 2697 ei
906 2644 1166 2697 Isidorus
1209 2643 1544 2715 presbyter:
1596 2643 1860 2709 Quiesce,

210 2733 467 2805 Moyses,
485 2737 542 2788 et
559 2732 674 2788 noli
695 2732 1010 2787 indiscrete
1028 2748 1394 2804 praesumere,
1411 2732 1510 2787 sed
1529 2732 1714 2804 magis
1730 2750 1860 2788 cum

207 2823 565 2878 discretione
587 2826 705 2876 tam
726 2821 1142 2876 abstinentiam
1169 2838 1346 2892 quam
1365 2822 1594 2893 vigilias
1611 2827 1664 2876 et
1686 2839 1863 2894 opera

210 2928 494 2968 manuum
512 2928 734 2968 exerce.
753 2911 1131 2982 Respondeas
1147 2917 1339 2969 autem
1358 2911 1584 2982 Moyses
1599 2911 1709 2965 ait:
1738 2911 1860 2968 Non

211 3004 544 3074 quiescam,
581 3001 918 3057 beatissime
951 3001 1138 3068 Pater,
1181 3017 1486 3071 usquequo
1533 3001 1859 3071 quiescant,

209 3094 537 3164 adjuvante
555 3109 647 3146 me
671 3091 862 3164 gratia
882 3091 1132 3157 Domini,
1148 3091 1639 3146 immundissimw
1656 3091 1865 3159 cogita-

205 3183 404 3239 tiones
426 3186 485 3236 et
506 3182 758 3249 somnia,
785 3198 909 3253 quae
933 3181 1261 3235 immittunt
1284 3180 1859 3251 nequissimidzemo-

206 3290 338 3339 nes,
371 3271 528 3328 sicut
558 3271 842 3343 scriptum
876 3275 1001 3325 est:
1035 3277 1361 3342 Persequar
1383 3269 1652 3325 inimicos
1677 3286 1858 3337 meos,
1894 3245 1934 3313 (ἶ

205 3362 709 3434 comprehendam
727 3359 940 3426 illos,et
965 3377 1077 3415 non
1095 3365 1422 3428 convertar,
1439 3376 1542 3414 nec
1565 3361 1862 3430 quiescam

205 3455 394 3509 donec
425 3452 704 3507 deficiant
733 3452 1088 3522 (Psal.xv11l.
1122 3450 1340 3505 Videns
1372 3456 1567 3506 autem
1593 3450 1862 3505 beatissi-

203 3563 342 3601 mus
361 3545 622 3601 Isidorus
646 3545 818 3598 ﬁxam
835 3543 1144 3598 inDomino
1160 3542 1291 3598 ﬁdei
1307 3544 1431 3613 ejus
1447 3543 1860 3610 constantiam,

201 3635 461 3690 surrexit
491 3639 549 3688 et
571 3632 847 3704 expandit
880 3649 1086 3687 manus
1113 3633 1182 3686 ad
1213 3631 1556 3700 orationem,
1582 3631 1861 3702 dixitque

202 3725 285 3780 ei:
319 3726 386 3778 In
413 3722 652 3778 nomine
684 3721 915 3776 Domini
956 3721 1138 3776 nostri
1170 3721 1309 3777 Jesu
1344 3721 1579 3788 Christi,
1609 3721 1861 3775 donante

207 3815 406 3887 gratia
434 3814 588 3882 ejus,
620 3828 688 3867 ex
719 3811 1003 3866 hodierna
1035 3811 1126 3865 die
1147 3811 1274 3880 jam
1310 3811 1657 3882 quieverunt
1702 3827 1861 3865 som-

207 3905 306 3960 nia
341 3921 474 3974 quae
531 3901 855 3972 inquietare
888 3906 942 3955 te
976 3900 1257 3955 solebant.
1293 3899 1476 3971 Igitur
1525 3900 1858 3971 gloriﬁcans

203 4000 255 4050 et
298 3992 530 4066 gratias
577 4007 758 4062 agens
811 3990 1096 4045 Salvatori
1143 3990 1407 4055 Domino,
1453 4007 1725 4046 reversus
1771 3995 1860 4045 est

203 4086 273 4139 ad
334 4081 610 4137 cellulam
659 4097 849 4134 suam.
891 4081 1028 4134 Post
1065 4079 1299 4150 aliquod
1343 4084 1536 4134 autem
1577 4080 1856 4150 temporis

199 4170 594 4243 interrogavit
642 4187 774 4225 eum
823 4170 1080 4225 Isidorus
1127 4171 1430 4241 presbyter
1474 4170 1543 4224 de
1589 4169 1856 4224 molestia

202 4263 635 4336 cogitationum
668 4259 1018 4316 carnalium.
1053 4261 1121 4314 Et
1150 4260 1246 4315 ille
1279 4261 1639 4331 respondens
1671 4260 1849 4314 dixit:

201 4354 554 4423 Protegente
613 4367 705 4405 me
763 4350 992 4405 Christo
1052 4350 1321 4415 Domino,
1379 4355 1436 4405 et
1493 4350 1855 4406 orationibus

199 4443 344 4511 tuis,
379 4440 525 4496 nihil
551 4439 663 4495 tale
690 4443 895 4511 patior.
931 4439 1075 4494 Huic
1107 4456 1242 4511 ergo
1277 4440 1430 4495 Deus
1460 4439 1694 4495 donavit
1724 4456 1854 4510 gra-

203 4532 377 4598 tiam,
410 4531 483 4585 ad
516 4530 860 4602 effugandos
890 4546 957 4584 ex
984 4529 1238 4584 obsessis
1269 4530 1611 4600 corporibus
1641 4530 1854 4583 deamo-

1998 582 2314 638 auxiliante
2338 586 2523 654 gratia
2545 586 2777 645 Christi.
2802 591 3042 660 dignam
3069 591 3184 647 Deo
3217 591 3503 646 exhibuit.
3534 592 3644 648 De-

1994 676 2233 732 functus
2266 682 2353 732 est
2377 683 2568 734 autem
2592 697 2725 736 cum
2745 687 2901 738 esset
2929 684 2985 739 in
3010 684 3327 740 solitudine
3348 701 3640 740 annorum

1997 766 2427 839 quinquaginta
2443 774 2714 840 quatuor.
2744 773 2847 828 Hic
2863 789 2996 846 ergo
3017 775 3198 831 lector
3223 777 3528 832 ordinatus
3548 781 3636 831 est

1995 873 2026 911 θ.
2049 861 2249 912 sancto
2274 857 2486 913 Basilio
2509 861 3146 935 episeopo.Vidensque
3164 865 3641 937 irreprehensihi-

1991 945 2105 1001 lem
2139 949 2267 1018 ejus
2300 951 2798 1006 conversationem
2824 954 3199 1010 beatissimus
3230 962 3287 1011 et
3316 957 3636 1011 admodum

1990 1036 2185 1093 clarus
2217 1038 2276 1092 in
2319 1039 2584 1094 doctrina
2626 1041 2840 1098 Christi
2875 1043 3187 1116 Gregorius
3237 1047 3640 1102 Nazianzenus

1992 1127 2326 1199 episcopus,
2353 1131 2610 1199 provexit
2631 1147 2765 1186 eum
2786 1134 2856 1187 ad
2885 1134 3229 1190 diaconatus
3253 1136 3535 1191 officium.
3563 1137 3644 1192 Ex

1988 1217 2122 1272 inde
2147 1217 2204 1272 in
2233 1234 2447 1290 magna
2474 1223 2697 1291 synodo
2724 1223 3374 1296 Constantinopolitana
3395 1227 3639 1295 conjun-

1989 1311 2116 1362 ctus
2148 1311 2236 1363 est
2267 1308 2434 1364 beato
2466 1310 2756 1379 Nectario,
2781 1314 3046 1383 ejusdem
3073 1315 3323 1371 civitatis
3341 1317 3639 1388 episcopo.

1985 1397 2128 1452 Cum
2144 1403 2300 1453 esset
2317 1414 2452 1470 ergo
2474 1399 2966 1459 instructissimus
2989 1405 3045 1458 in
3063 1405 3635 1478 divinisScripturis,

1983 1492 2186 1542 contra
2210 1505 2413 1544 omnes
2444 1490 2692 1547 haereses
2723 1492 2983 1559 ﬂorebat,
3018 1495 3077 1549 in
3116 1511 3332 1567 magna
3375 1496 3629 1566 civitate,

1981 1576 2157 1632 etiam
2191 1578 2424 1650 eloquio
2457 1581 3048 1650 potentissimo,utex
3066 1585 3171 1640 hoe
3191 1585 3367 1640 nimis
3385 1587 3454 1640 ab
3470 1587 3632 1642 omni

1981 1666 2211 1722 civitate
2241 1685 2372 1722 cum
2406 1669 2624 1724 honore
2655 1677 2712 1726 et
2743 1672 3054 1729 dilectione
3082 1674 3414 1730 haberetur.
3471 1676 3632 1732 Unde

1981 1756 2286 1813 fascinatio
2318 1760 2675 1830 nugacitatis
2709 1762 3150 1835 diabolicze,que
3171 1765 3490 1821 insectatur
3520 1768 3625 1821 ob-

1981 1865 2218 1904 scurare
2242 1849 2415 1904 bona.
2447 1850 2694 1907 immisit
2715 1851 2771 1906 in
2789 1855 2958 1908 corde
2978 1856 3106 1924 ejus
3129 1857 3514 1926 cogitationes
3531 1858 3625 1911 dc-

1974 1939 2173 1994 siderii
2205 1939 2459 1994 carnalis
2489 1943 2970 2013 concupiscentia
2997 1945 3322 2000 muliebris.
3347 1946 3628 2016 Denique,

1973 2026 2125 2082 sicut
2140 2031 2510 2098 postmodum
2534 2031 2704 2086 nobis
2719 2032 2730 2084 i
2743 2049 2840 2101 pse
2857 2034 3159 2098 referebat,
3177 2035 3474 2090 adamavit
3488 2052 3557 2090 cu
3570 2052 3622 2089 m

1972 2117 2202 2185 mulier,
2224 2135 2354 2189 qua:
2375 2124 2498 2174 erat
2524 2122 2820 2192 magniﬁci
2842 2123 3150 2192 cujusdam
3173 2125 3241 2178 de
3263 2125 3619 2196 primatibus

1973 2208 2172 2280 palatii
2205 2209 2312 2264 viri
2344 2227 2508 2266 uxor.
2541 2211 2823 2282 Evagrius
2853 2218 3048 2269 autem
3083 2214 3297 2270 timens
3333 2217 3528 2276 Deum.
3567 2220 3626 2270 et

1971 2315 2176 2354 verens
2203 2300 2494 2371 propriam
2519 2301 2954 2370 conscientiam,
2977 2321 3039 2359 ac
3062 2321 3178 2376 pra
3200 2305 3384 2360 oculis
3404 2322 3625 2376 ponens

1972 2389 2437 2459 magnitudinem
2454 2392 3219 2465 coni'usionis,maximeque
3234 2395 3288 2448 in
3308 2396 3629 2466 gaudentes

1971 2478 2293 2544 haereticos,
2329 2480 2534 2534 orabat
2558 2481 2892 2550 Dominum,
2915 2485 3237 2554 deprecans
3274 2484 3628 2539 Salvatorem

1969 2567 2360 2633 Christum,ut
2377 2568 2760 2639 impediretur
2777 2576 2892 2625 tam
2916 2573 3119 2627 rabida
3137 2572 3404 2628 mulieris
3422 2578 3630 2628 contra

1971 2672 2032 2712 se
2065 2658 2369 2712 instantia.
2395 2658 2539 2712 Nam
2563 2659 2687 2729 ipse
2709 2661 2944 2731 quidem
2970 2663 3197 2717 volebat
3213 2664 3505 2729 recedere,
3525 2664 3626 2717 sed

1971 2763 2084 2802 non
2099 2747 2828 2819 valebat,eolligationibus
2844 2751 3261 2822 obsequiorum
3275 2754 3324 2823 ej
3337 2769 3402 2808 us
3421 2751 3618 2807 deten-

1969 2843 2084 2894 tus.
2106 2840 2420 2910 Postquam
2440 2843 2628 2894 autem
2648 2840 2850 2896 multis
2867 2844 3620 2913 precibusexoravitDomi-

1970 2945 2112 2984 num
2138 2934 2198 2984 ut
2223 2929 2645 2984 liberareteum
2666 2948 2698 2984 a
2715 2937 2947 3002 peccato
2965 2933 3243 3003 maximo,
3261 2935 3417 3004 quod
3445 2951 3618 3006 opere

1969 3033 2114 3091 pene
2137 3020 2602 3091 perpetrabatur,
2637 3020 2803 3077 afluit
2834 3022 2884 3076 ei
2936 3022 3203 3094 angelica
3246 3024 3508 3079 visitatio
3554 3024 3612 3078 in

1969 3110 2262 3164 schemate
2295 3109 2650 3180 praefectiani
2682 3111 3234 3182 (8),etrapienseum
3257 3113 3526 3183 perduxit
3548 3115 3620 3168 ad

1975 3200 2312 3273 praetorium
2346 3199 2621 3270 praefecti,
2648 3200 2958 3256 misiteum
2994 3201 3052 3256 in
3078 3203 3402 3258 custodiam
3428 3219 3621 3259 carce-

1975 3287 2404 3358 ris,ferreisque
2418 3288 2639 3344 catenis
2653 3288 2932 3344 cervicem
2948 3295 3003 3344 et
3018 3308 3229 3347 manus
3244 3294 3372 3363 ejus
3391 3292 3622 3364 colliga-

1970 3379 2072 3435 vit:
2095 3378 2200 3434 Sed
2229 3394 2330 3449 pro
2348 3394 2460 3446 qua
2482 3394 2661 3433 causa
2684 3378 2794 3434 hoc
2814 3384 3129 3450 pateretur,
3157 3399 3271 3439 non
3294 3382 3524 3437 dicebat
3544 3382 3620 3437 ei.

2042 3471 2172 3539 Ipse
2192 3471 2386 3523 autem
2408 3467 2464 3522 in
2486 3469 2848 3524 conscientia
2865 3487 2973 3525 sua
2989 3476 3218 3527 noverat
3233 3473 3622 3542 quadecausa

1974 3560 2090 3614 ι]ωο
2108 3557 3034 3616 sustineret.Arbitrabaturenim
3053 3562 3204 3632 quod
3220 3561 3478 3616 virillius
3495 3578 3619 3616 ma-

1969 3652 2150 3702 tronae
2165 3647 2596 3716 interpellasset
2611 3664 2894 3704 accusans
2910 3651 3224 3705 eum.Dum
3242 3657 3436 3707 autem
3450 3651 3620 3708 vehe-

1970 3738 2826 3808 menterangeretur,audiehat
2848 3739 3002 3796 enim
3031 3741 3340 3812 strepitum
3366 3746 3423 3796 et
3448 3759 3616 3798 voces

1970 3827 2216 3884 aliorum
2236 3825 2334 3897 qui
2369 3825 2617 3881 diversis
2650 3827 2959 3898 suppliciis
3005 3830 3434 3900 torquebantur
3458 3833 3610 3901 apud

1961 3917 2220 3986 judicem
2249 3932 2348 3987 pro
2364 3915 2769 3971 criminalibus
2785 3917 3000 3984 causis,
3018 3922 3074 3971 et
3090 3918 3217 3973 ideo
3234 3919 3615 3989 permanebat

1966 4005 2133 4061 valde
2165 4006 2424 4075 territus,
2455 4010 2512 4061 et
2534 4007 3014 4062 contremiscens.
3034 4008 3176 4063 Cum
3203 4013 3395 4063 autem
3421 4013 3613 4064 trans-

1967 4097 2281 4168 ﬁgurasset
2311 4112 2372 4151 se
2404 4096 2647 4167 angelus
2680 4098 2778 4168 qui
2813 4097 3097 4153 visionem
3133 4100 3610 4164 concinnaverat,

1967 4187 2133 4256 quasi
2155 4187 2212 4240 in
2241 4187 2488 4258 ﬁguram
2513 4188 2642 4256 ejus
2657 4187 2829 4241 amici
2856 4186 2956 4258 qui
2980 4187 3144 4242 valde
3163 4187 3613 4260 diligebat,eum

1965 4277 2110 4331 dixit
2139 4277 2189 4330 ei
2225 4292 2360 4332 cum
2395 4276 2764 4331 tenereturin
2785 4277 3616 4350 vinculisinterquadraginta

1965 4382 2198 4421 reorum
2228 4382 2538 4436 personas:
2559 4365 2708 4432 Quid
2725 4367 3074 4434 hicteneris,
3090 4368 3325 4422 domine
3340 4368 3618 4423 diacone?

1965 4454 2288 4526 Respondit
2312 4455 2616 4527 Evagrius,
2650 4455 2886 4511 dicens:
2922 4458 2984 4512 In
3016 4456 3258 4513 veritate
3312 4457 3417 4512 tibi
3463 4458 3614 4525 dico,

1965 4562 2077 4601 non
2099 4545 2600 4618 noviquapropter
2620 4547 2711 4601 hic
2730 4551 2949 4603 teneor:
2968 4547 3226 4619 suspicio
3241 4555 3434 4603 autem
3467 4548 3613 4602 mihi

198 4639 322 4692 Πθεν
386 4620 470 4675 ita
533 4627 597 4674 ιη
640 4635 876 4674 muscas
923 4636 1036 4674 non
1081 4619 1269 4690 magis
1327 4620 1642 4674 timeamus
1683 4635 1857 4709 quam
1893 4614 1934 4677 D
1968 4636 2231 4706 est,quia
2256 4635 2459 4691 virille
2482 4637 2830 4707 magniﬁcus
2852 4654 2919 4693 ex
2943 4637 3229 4708 praefectis
3277 4636 3609 4709 interpella-

198 4709 292 4766 ille
330 4710 656 4765 daemones.
684 4713 812 4763 Haec
836 4709 1195 4765 conversatio
1221 4710 1398 4781 Moysi
1423 4709 1730 4780 .‘Ethiopis,
1757 4707 1858 4778 qui

197 4801 379 4856 etiam
416 4800 542 4871 ipse
577 4803 702 4854 erat
736 4800 886 4854 inter
920 4815 1164 4871 magnos
1188 4801 1611 4855 adnumeratus
1638 4799 1855 4853 Patres.

201 4891 529 4946 Defunctus
561 4897 648 4944 est
692 4895 887 4944 autem
931 4907 1214 4945 annorum
1266 4890 1638 4962 septuaginta
1687 4887 1861 4958 quin—

207 4995 341 5051 que.
361 4978 758 5050 Reliquitvero
774 4979 1113 5050 discipulos,
1132 4981 1449 5035 monachos
1464 4977 1856 5051 septuaginta.

830 5085 1059 5140 CAPUT
1114 5085 1224 5140 XV.

825 5176 945 5230 Vita
996 5175 1242 5246 Evagrii.

282 5266 444 5322 Beati
477 5265 707 5336 Evagrii
741 5268 758 5301 ί
790 5281 923 5319 vere
960 5270 1068 5319 Deo
1091 5265 1254 5337 digni
1286 5266 1539 5337 diaconi,
1571 5275 1625 5324 et
1662 5270 1859 5325 erudi-

210 5355 428 5412 tissimi
465 5354 523 5408 in
559 5354 758 5409 divina
780 5354 1025 5410 scientia
1045 5355 1152 5410 viri
1179 5357 1436 5428 (Heracl.,
1462 5374 1580 5428 cap.
1604 5360 1715 5430 25),
1747 5377 1858 5414 non

208 5451 295 5501 est
319 5446 556 5516 justum
591 5443 763 5499 silere
792 5445 995 5510 vitam,
1019 5446 1114 5499 sed
1141 5450 1368 5517 oportet
1389 5446 1538 5503 hanc
1561 5449 1859 5520 scripturae

208 5537 499 5590 mandare
523 5535 593 5589 ad
619 5534 932 5589 utilitatem
958 5533 1300 5607 legentium,
1324 5541 1379 5592 et
1400 5537 1644 5607 gloriam
1671 5539 1866 5595 Salva-

205 5623 356 5679 toris
390 5624 571 5679 nostri
605 5624 744 5679 Jesu
776 5624 1012 5680 Christi.
1047 5627 1232 5689 Quam
1265 5626 1437 5682 etiam
1469 5628 1645 5693 paulo
1688 5629 1865 5684 latius

293 5753 311 5786 ι
345 5749 621 5820 Evagrius
653 5748 982 5820 Origenista
1013 5747 1141 5803 fuit.

1971 4724 2054 4779 vit
2080 4729 2282 4780 contra
2317 4726 2708 4795 mejudicem,
2728 4727 3114 4785 irrationabili
3134 4725 3254 4783 zelo
3276 4745 3609 4798 percussus,

1971 4819 2022 4868 et
2039 4815 2211 4868 timeo
2227 4831 2296 4885 ne
2315 4814 2456 4869 forte
2472 4815 2929 4886 pecuniisjudex
2942 4821 3276 4888 corruptus,
3305 4817 3612 4871 tormentis

1972 4921 2063 4959 me
2084 4904 2378 4974 subjiciat.
2399 4904 2804 4976 Respondeas,
2831 4907 2981 4960 dixit
3004 4907 3054 4961 ei
3076 4923 3088 4961 :
3110 4907 3166 4962 Si
3184 4906 3354 4961 audis
3379 4923 3467 4960 me
3487 4907 3610 4960 ani-

1970 5011 2104 5049 cum
2128 4998 2316 5061 tuum,
2352 5011 2466 5049 non
2499 4995 2731 5065 expedit
2753 4995 2855 5050 tibi
2878 4995 3110 5051 civitate
3133 4996 3240 5050 hac
3263 4995 3613 5050 conversari.

1971 5085 2352 5155 Respondens
2384 5088 2578 5138 autem
2613 5084 2910 5155 Evagrius,
2933 5084 3077 5138 dixit
3099 5085 3178 5139 ei:
3204 5085 3264 5138 Si
3301 5088 3450 5138 Deus
3472 5083 3617 5140 libe-

1969 5174 2182 5230 raverit
2200 5175 2374 5229 mede
2396 5175 2685 5245 angustia;
2710 5173 3272 5230 etcircumventione
3294 5173 3423 5241 hac,
3458 5177 3615 5230 etvi-

1971 5264 2128 5320 deris
2151 5281 2241 5319 me
2260 5263 2316 5318 in
2333 5264 3010 5335 Constantinopoli,scito
3029 5263 3334 5334 quiajuste
3356 5265 3621 5322 sustineo

1973 5353 2299 5426 pmnas.Ait
2324 5354 2395 5408 ei:
2417 5352 3190 5423 AII'erEvangelium,etjura
3212 5352 3354 5407 mihi
3374 5353 3432 5408 in
3448 5355 3627 5411 Evan-

1971 5444 2145 5516 gelio,
2172 5442 2307 5513 quia
2339 5443 2574 5498 recedes
2606 5443 2675 5497 de
2706 5441 2937 5496 civitate
2959 5441 3090 5510 hac,
3111 5445 3167 5496 et
3198 5441 3486 5499 sollicitus
3513 5447 3627 5502 eris

1972 5536 2042 5591 de
2059 5535 2244 5589 salute
2259 5535 2466 5590 animas
2484 5533 2953 5601 tuae,etliberabo
2971 5539 3024 5589 te
3044 5534 3114 5588 de
3131 5533 3238 5589 hac
3255 5537 3624 5594 necessitate.

2044 5626 2264 5681 Detulit
2284 5643 2419 5699 ergo
2443 5624 2843 5697 Evangelium,
2879 5625 3191 5697 etjuravit,
3215 5625 3415 5683 dicens
3440 5643 3451 5681 :
3480 5627 3625 5692 Quia
