4092 6324
508 342 606 398 371
1655 337 2031 395 APPENDIX
2067 339 2168 393 AD
2204 340 2421 395 VITAS
2458 341 2779 397 PATRUM.
3777 345 3869 402 372

509 484 629 523 una
658 466 851 524 solum
880 466 974 523 die
1005 470 1068 523 ut
1098 466 1446 523 vestimenta
1476 481 1604 521 mea
1620 465 1841 536 possim
1863 462 1922 519 in
1945 463 2143 519 navim
2174 466 2229 533 Α
2260 463 3414 537 intravitsubtectum,itautcorpusejus
3431 463 3866 527 sicutirrationa-

511 558 794 628 mitterre,
820 573 1099 613 remoror.
1124 558 1188 612 Et
1211 558 1577 612 sacramento
1600 555 1756 625 dato,
1781 553 1953 609 rediit
1970 554 2040 608 de
2062 569 2156 608 ex-

511 663 679 703 cessu
714 664 889 719 quem
916 646 1305 719 perpessusin
1333 650 1500 701 nocte
1524 645 1731 700 fuerat.
1752 644 2155 715 Etexsurgens

510 737 948 810 cogitavitapud
968 754 1048 803 se,
1068 736 1207 807 quia
1222 736 1358 790 licet
1375 736 1430 789 in
1446 751 1686 790 excessu
1710 733 1818 789 l'uit
1831 749 2160 789 sacramen—

507 832 659 893 tum,
685 827 784 882 sed
812 831 1005 881 tamen
1026 825 1241 896 juravi.
1264 826 1333 879 Et
1357 824 1597 880 mittens
1614 824 1812 879 omnia
1836 840 1960 893 qua:
1983 822 2158 877 habe-

510 918 612 972 bat
638 917 695 970 in
731 916 949 981 navim,
973 915 1131 971 venit
1161 914 1613 986 Jerosolymam.
1660 912 1932 984 Suscepit
1965 916 2158 967 autem

506 1022 638 1061 eum
656 1006 825 1061 beata
840 1004 1417 1076 Melania,quondam
1435 1003 1688 1059 senatrix
1705 1002 2161 1073 Romana,cujus

507 1095 613 1151 ﬁlii
634 1099 691 1152 et
715 1099 956 1166 nepotes
979 1098 1119 1151 sunt
1142 1094 1315 1166 primi
1343 1096 1400 1149 in
1424 1097 1655 1161 senatu,
1682 1108 1838 1148 nunc
1861 1098 2057 1147 aulam
2076 1091 2161 1147 fa-

513 1184 677 1240 mula
705 1184 923 1242 Christi
954 1200 1109 1239 vera.

504 1324 509 1335 .
581 1285 801 1340 Iterum
816 1287 1007 1339 autem
1023 1281 1295 1338 diabolus
1312 1280 1609 1337 induravit
1624 1297 1721 1337 cor
1737 1281 2163 1352 ejustanquam

516 1373 776 1447 juvenis.
806 1373 990 1444 Coepit
1019 1373 1193 1427 etiam
1227 1372 1307 1427 ibi
1334 1375 1563 1426 mutare
1595 1374 1786 1427 vestes
1817 1370 1967 1442 ejus,
2001 1375 2059 1425 et
2106 1370 2165 1424 in

2267 554 2341 610 lis
2371 554 2645 610 animalis
2671 553 3060 611 rhinocerotis
3092 555 3329 610 duceret
3361 553 3492 627 (tl).

2338 642 2481 698 Huic
2512 644 2768 715 quodam
2787 647 3048 716 tempore
3061 643 3355 699 daemones
3374 647 3489 699 tres
3510 643 3563 699 in
3583 644 3668 702 die
3695 663 3867 721 super-

2266 740 2575 803 venerunt,
2608 735 2678 790 de
2702 735 2879 791 verbo
2911 734 3499 806 ﬁdeiconquirentes.
3524 736 3740 794 Etunus
3761 741 3873 811 qui-

2269 826 2402 881 dem
2435 825 2666 881 dicebat
2696 842 2758 881 se
2788 826 3073 881 Arianum
3104 841 3252 891 esse,
3279 824 3429 880 alius
3460 826 3872 899 Eunomianum,

2270 915 2416 971 alter
2445 932 2578 971 vero
2612 914 3113 987 Apollinaristam.
3148 916 3218 969 Et
3244 914 3391 969 istos
3426 930 3524 986 per
3545 915 3741 972 divinae
3777 918 3868 973 Sa.

2272 1004 2502 1077 pientiae
2516 1004 2933 1077 gratiam,dum
2957 1005 3027 1059 de
3044 1002 3396 1059 testimoniis
3410 1009 3727 1060 sanctarum
3747 1006 3875 1061 Scri-

2272 1100 2578 1166 pturarum
2612 1094 3003 1163 concluderet,
3025 1094 3108 1149 illi
3134 1094 3329 1150 subito
3353 1094 3748 1162 conturbati,et
3768 1112 3873 1151 ma-

2272 1200 2454 1256 gnum
2475 1185 2783 1255 strepitum
2800 1184 3466 1254 facientes,phantasma
3484 1182 3780 1239 schematis
3795 1200 3878 1240 eo-

2274 1290 2405 1328 rum
2420 1274 2771 1329 dissolutum
2791 1277 2965 1338 est,et
2981 1288 3275 1345 nusquam
3294 1273 3876 1343 comparuerunt.Fre-

2276 1367 2523 1436 quenter
2552 1368 2749 1419 autem
2796 1380 2830 1418 a
2863 1362 3231 1418 damonibus
3270 1361 3600 1434 ﬂagellatus
3635 1366 3744 1429 est;
3791 1363 3875 1417 sed

2276 1454 2473 1509 divina
2501 1453 2686 1524 gratia
2715 1469 2849 1508 eum
2892 1452 3227 1522 adjuvante,
3269 1451 3585 1522 superabat
3632 1450 3874 1521 maligni-

2278 1549 2460 1599 tatem
2492 1560 2718 1599 eorum.

519 1463 752 1535 eloquio
784 1462 1072 1518 sermonis
1098 1461 1467 1517 exaltabatur
1495 1461 1555 1516 in
1589 1460 1776 1533 gloria
1804 1477 1975 1515 vana.
2015 1463 2168 1516 Deus

511 1557 712 1609 autem
727 1552 825 1625 qui
846 1555 1083 1625 propter
1102 1567 1270 1607 suam
1292 1566 1567 1622 magnam
1586 1548 2048 1605 misericordiam
2064 1548 2169 1603 im-

512 1643 1032 1717 peditoccasiones
1054 1640 1400 1713 perditionis
1420 1644 1659 1709 nostrae,
1694 1638 1968 1710 permisit
1990 1642 2054 1693 ut
2077 1636 2168 1693 ni-
2349 1631 2751 1686 Sextodecimo
2779 1645 2915 1685 vero
2960 1645 3113 1685 anno
3164 1626 3617 1684 conversationis
3650 1626 3784 1697 ejus,
3828 1625 3879 1681 in

512 1714 719 1790 mietas
739 1731 1354 1788 febriumtabefaeeret
1372 1746 1587 1801 corpus
1605 1726 2172 1800 ejus,etinﬁrmitate
2277 1721 2494 1791 quibus
2528 1720 2673 1775 nihil
2706 1724 2933 1775 coctum
2966 1719 3023 1773 in
3045 1718 3174 1774 cibo
3201 1716 3525 1789 accipiebat
3566 1714 3875 1772 necessitate

512 1824 689 1896 longa
721 1822 1076 1879 laceraretur
1108 1837 1209 1893 per
1241 1838 1340 1875 sex
1371 1836 1622 1876 menses.
2196 1837 2242 1902 Β
2278 1810 2561 1881 corporis,
2583 1814 2819 1881 propter
2843 1808 3247 1863 infirmitatem
3271 1805 3554 1862 stomachi
3578 1809 3786 1860 coctum
3810 1804 3879 1858 ci-

584 1924 943 1980 Adhibentes
974 1922 1126 1978 enim
1159 1922 1211 1977 ei
1244 1920 1454 1976 medici
1481 1920 1714 1975 diversa
1750 1917 2161 1985 medicamina,

514 2014 663 2070 nihil
689 2014 1089 2085 proﬁciebant.
1116 2012 1276 2065 Tunc
1300 2010 1443 2064 dixit
1460 2010 1507 2064 ei
1531 2013 1731 2063 saneta
1750 2007 2161 2063 MelaniazNon

516 2105 657 2159 mihi
695 2104 902 2176 placet,
938 2101 1038 2170 fili,
1074 2107 1192 2156 tam
1221 2099 1725 2171 longainﬁrmitaa
1746 2103 1882 2153 tua:
1911 2098 2005 2152 die
2028 2112 2164 2166 ergo

513 2194 657 2249 mihi
692 2210 819 2264 quae
853 2195 991 2246 sunt
1023 2191 1080 2244 in
1114 2190 1288 2245 corde
1316 2195 1436 2258 tuo,
1476 2205 1589 2243 non
1623 2188 1779 2243 enim
1805 2191 1895 2242 est
1941 2187 2163 2256 absque

508 2282 803 2356 permissu
826 2281 925 2337 Dei
959 2280 1079 2336 haec
1125 2277 1441 2333 inﬁrmitas
1490 2282 1614 2331 tua.
1664 2277 1812 2331 991
1862 2275 1927 2329 Et
1964 2275 2161 2329 statim

508 2373 812 2427 confessus
843 2377 929 2425 est
958 2368 1153 2424 omnia
1177 2366 1381 2438 quaain
1409 2365 1605 2421 animo
1631 2367 1758 2436 ejus
1792 2368 1979 2420 erant.
1998 2363 2093 2419 Ait
2114 2362 2163 2419 ei

508 2459 729 2515 famula
760 2457 899 2514 Dei:
933 2456 1213 2513 Promitte
1245 2471 1402 2510 nunc
1433 2470 1628 2510 coram
1663 2454 1778 2509 Deo
1803 2452 1941 2524 quia
1964 2456 2164 2507 teneas

508 2548 964 2624 promissionem
990 2545 1262 2601 solitaria:
1286 2545 1414 2599 vitae
1434 2561 1610 2615 quam
1636 2543 1883 2598 Domino
1907 2559 2162 2613 spopon-

509 2640 670 2705 disti,
704 2643 761 2693 et
789 2637 925 2692 licet
958 2636 1247 2708 peccatrix
1266 2636 1545 2706 deprecor
1562 2633 1877 2689 Dominum
1905 2636 1968 2687 ut
1990 2633 2161 2687 detur

512 2730 620 2785 tibi
636 2734 868 2800 tempus
882 2726 1035 2796 vitae,
1061 2730 1355 2797 quatenus
1369 2723 1685 2795 adimplere
1705 2722 1894 2794 possis
1918 2738 2044 2792 quae
2060 2738 2162 2792 pro

516 2817 704 2875 salute
724 2816 1054 2873 animatum
1074 2814 1358 2869 statuisti.
1387 2813 1517 2883 Ipse
1540 2829 1673 2867 vero
1697 2810 1985 2883 acquievit
2002 2812 2163 2865 salu-

518 2908 747 2966 taribus
762 2906 1000 2962 monitis
1014 2907 1227 2977 ejus,et
1242 2905 1298 2958 in
1319 2902 1519 2975 paucis
1534 2904 1742 2958 diebus
1758 2919 1938 2958 sanus
1954 2902 2163 2971 lactus,

517 3000 686 3073 petiit
716 3003 773 3054 et
804 2999 1151 3069 deprecatus
1172 3002 1259 3051 est
1284 3000 1348 3050 ut
1374 2994 1594 3050 famula
1616 2993 1717 3049 Dei
1741 3010 1842 3065 pro
1870 3010 1932 3048 se
1952 2996 2161 3048 oraret.

517 3094 653 3164 Ipsa
668 3089 825 3146 enim
841 3089 1196 3144 vestimenta
1213 3085 1560 3141 monachilis
1577 3085 1857 3157 propositi
1874 3085 2161 3139 induerat.

516 3184 802 3254 Egressus
820 3185 1035 3250 autem,
1057 3180 1350 3251 profectus
1374 3177 1529 3233 estin
1558 3181 1815 3232 montem
1839 3174 2033 3231 Nitriae
2062 3174 2160 3246 qui

515 3278 606 3328 est
636 3272 693 3325 in
725 3275 987 3343 Egypto,
1022 3269 1081 3323 in
1115 3285 1226 3339 quo
1259 3267 1543 3323 habitavit
1571 3268 1719 3321 duos
1742 3264 2158 3321 annos.Tertio

514 3366 710 3417 autem
738 3360 1207 3428 annoingressus
1227 3361 1315 3411 est
1337 3355 1803 3424 solitudinem,et
1826 3354 1902 3408 ibi
1928 3369 2163 3409 conver-

515 3456 680 3507 satus
710 3453 799 3504 est
830 3446 1271 3519 quatuordecim
1309 3445 1482 3499 annis
1514 3444 1571 3498 in
1606 3443 1695 3498 his
1729 3460 1853 3513 quae
1893 3442 2168 3498 dicuntur

516 3538 716 3596 Cellia.
748 3536 1102 3593 Comedebat
1133 3539 1329 3589 autem
1366 3534 1573 3588 libram
1610 3533 1777 3604 panis
1803 3532 1861 3587 in
1888 3532 2001 3601 die,
2026 3536 2082 3586 et
2104 3532 2163 3586 in

513 3636 631 3684 tres
666 3642 898 3682 menses
922 3623 1185 3678 Italicum
1210 3623 1317 3679 olei
1345 3624 1454 3693 (9)';
1484 3640 1616 3677 nam
1643 3620 2036 3677 nihilcoctum
2067 3638 2165 3675 su-

520 3719 715 3773 mebat
736 3717 793 3771 in
826 3716 1046 3783 cibum,
1072 3731 1177 3769 nec
1204 3713 1423 3785 aliquid
1451 3714 1521 3768 de
1546 3713 1738 3785 pomis
1760 3712 2055 3785 gustabat,
2076 3712 2168 3765 vir

517 3813 669 3864 certe
699 3824 766 3863 ex
797 3805 982 3861 multa
1016 3804 1318 3875 opulentia
1348 3804 1785 3859 etabundantia
1821 3803 2162 3858 deliciarum

516 3899 777 3955 veniens.
816 3897 1083 3952 Faciebat
1116 3900 1309 3950 autem
1339 3896 1396 3949 in
1430 3895 1522 3949 die
1565 3895 1859 3949 orationes
1904 3897 2161 3960 centum,

515 3990 771 4061 exceptis
786 3987 1001 4060 vigiliis
1016 3987 1341 4041 nocturnis.
1362 3985 1664 4041 Scribebat
1682 4001 1813 4039 vero
1837 3988 1896 4038 ut
1913 3985 1982 4039 de
1996 4000 2166 4054 opere

517 4096 799 4137 manuum
816 4095 1054 4133 suarum
1073 4081 1333 4131 sumeret
1349 4076 1566 4143 cibum;
1585 4074 1826 4147 pulchre
1848 4074 2002 4129 enim
2021 4074 2163 4129 scri-

513 4168 966 4226 bebatlibralem
996 4184 1235 4223 manum
1258 4168 1392 4239 (lO).
1416 4172 1573 4223 Intra
1588 4183 1805 4238 paucos
1828 4182 1964 4238 ergo
1979 4181 2163 4219 annos

513 4259 710 4315 lumen
746 4258 1023 4325 scientiae,
1058 4262 1113 4312 et
1143 4257 1428 4324 veritatis,
1454 4262 1517 4312 et
1548 4257 1756 4312 divinis
1797 4255 2074 4323 scientiae,
2109 4258 2166 4310 et

513 4348 879 4405 discretionis
896 4346 1209 4418 spirituum
1226 4347 1477 4418 gratiam
1497 4364 1528 4402 a
1551 4348 1792 4402 Domino
1806 4346 2032 4402 Christo
2046 4361 2164 4417 per-

478 4439 703 4510 .cipere
724 4435 960 4491 meruit.
982 4435 1242 4498 Quantos
1257 4440 1449 4491 autem
1468 4435 1650 4491 libros
1685 4441 1741 4491 et
1771 4434 2161 4506 expositiones

516 4528 586 4582 de
618 4526 833 4581 divinis
857 4524 1199 4596 Scripturis,
1221 4524 1594 4597 conscripsit,
1628 4526 2039 4581 manisfestum
2072 4528 2160 4579 est

517 4616 814 4681 omnibus,
834 4618 890 4669 et
910 4613 1160 4669 maxime
1191 4614 1283 4668 his
1308 4614 1403 4685 qui
1428 4613 1704 4686 praclara
1726 4616 1853 4685 ejus
1875 4612 2154 4685 opuscula

516 4705 896 4769 admirantes,
930 4704 998 4758 ad
1032 4704 1205 4758 fidem
1240 4704 1471 4758 Domini
1502 4703 1815 4759 Salvatoris
1849 4702 2046 4758 relicto
2065 4718 2151 4757 er-

516 4810 645 4850 rore
676 4792 1111 4848 conversisunt.
1146 4791 1291 4848 Nam
1309 4796 1363 4845 et
1381 4791 1450 4846 ad
1468 4790 1911 4846 instructionem
1938 4793 2151 4844 saneta:

515 4882 936 4940 monachorum
955 4879 1412 4936 conversationis
1434 4879 1617 4935 multa
1640 4895 1707 4935 ex
1724 4879 1936 4935 divinis
1960 4879 2156 4949 Serip-

515 4974 685 5043 turis,
718 4977 775 5028 et
808 4970 983 5026 nimis
1014 4974 1151 5041 apta
1180 4969 1514 5025 testimonia
1545 4974 1747 5025 contra
1776 4970 1913 5024 vilia
1960 4976 2013 5023 et
2052 4969 2157 5022 im-

512 5060 905 5133 pugnationes
946 5059 1390 5113 immundorum
1444 5059 1798 5126 dazmonum,
1850 5057 2157 5114 continens

515 5155 642 5222 ejus
672 5151 837 5205 valde
867 5147 1237 5204 admirabilis
1268 5152 1326 5203 et
1358 5148 1637 5203 salutaris
1667 5148 1932 5204 doctrina
1961 5151 2072 5203 est.

578 5250 742 5305 Hunc
758 5249 1071 5320 aliquando
1090 5248 1343 5319 graviter
1363 5246 1746 5319 impugnabat
1761 5247 2161 5304 fornicationis

518 5340 764 5405 daemon,
799 5338 947 5392 sicut
980 5338 1104 5408 ipse
1126 5336 1614 5404 referebatnobis,
1636 5341 1807 5407 etper
1824 5340 2001 5391 totam
2025 5353 2159 5393 noc-

517 5435 634 5486 tem
679 5434 942 5500 tempore
976 5429 1186 5485 hiemis
1220 5428 1413 5483 nudus
1448 5428 1609 5484 stetit
1639 5429 1748 5484 sub
1792 5444 1943 5495 aere,
1988 5429 2068 5483 ita
2099 5433 2164 5484 ut

519 5516 896 5589 congelarent
915 5532 1118 5572 omnes
1144 5533 1349 5573 carnes
1370 5516 1521 5587 ejus.

592 5603 948 5660 Alioiterum
990 5608 1253 5675 tempore
1301 5604 1688 5676 impugnabat
1736 5620 1867 5660 eum
1920 5602 2165 5675 spiritus

523 5694 925 5769 blasphemia,
949 5698 1006 5749 et
1036 5710 1138 5765 per
1169 5694 1557 5765 quadraginta
1586 5694 1711 5750 dies
1741 5710 1805 5750 ac
1830 5698 2027 5751 noctes
2050 5711 2164 5750 non

2273 1900 2412 1954 bum
2449 1899 2712 1970 accipere
2746 1896 3088 1969 compulsus
3127 1900 3234 1952 est.
3268 1896 3486 1950 Panem
3526 1892 3880 1964 quidemjam

2271 2006 2386 2044 non
2414 1988 2671 2058 contigit.
2697 1988 2867 2044 Olera
2889 2003 3022 2043 vero
3042 1992 3097 2041 et
3113 1986 3400 2058 ptisanae,
3424 2001 3492 2039 ac
3514 1982 3767 2056 legumen
3790 1997 3884 2036 us-

2271 2093 2383 2147 que
2396 2077 2465 2130 ad
2484 2077 2631 2130 duos
2646 2091 2831 2130 annos
2854 2073 3171 2146 accipiens,
3187 2074 3268 2127 ita
3283 2073 3598 2127 defunctus
3619 2074 3721 2136 est,
3744 2083 3883 2124 com-

2272 2167 2581 2222 municans
2613 2170 2987 2221 sacrosancta
3015 2163 3370 2236 mysteriain
3395 2160 3659 2231 ecclesia,
3702 2160 3759 2214 in
3806 2158 3887 2212 die

2272 2255 2609 2327 Epiphaniae
2647 2255 2898 2311 Domini.

2340 2346 2894 2400 Referebantautem
2913 2343 3082 2398 nobis
3100 2341 3200 2413 qui
3216 2342 3371 2396 circa
3388 2356 3523 2396 eum
3546 2341 3782 2404 erant,et
3799 2335 3886 2391 ob-

2269 2437 2580 2491 servabant
2605 2452 2761 2501 eum,
2779 2435 2918 2505 quia
2934 2438 3067 2489 ante
3090 2450 3273 2488 unum
3289 2432 3445 2489 diem
3467 2431 3667 2487 mortis
3686 2426 3883 2484 suzedi-

2267 2524 2388 2579 xit:
2422 2523 2560 2593 quia
2583 2524 2709 2594 jam
2728 2523 2933 2577 tertius
2955 2538 3147 2576 annus
3168 2524 3277 2589 est,
3305 2537 3374 2576 ex
3396 2536 3514 2591 quo
3538 2535 3650 2573 non
3690 2513 3881 2570 moles-

2267 2620 2361 2671 tor
2389 2632 2422 2669 a
2452 2612 2673 2669 carnali
2705 2612 3179 2684 concupiscentia
3204 2628 3218 2667 :
3247 2616 3403 2667 certe
3428 2614 3561 2683 post
3589 2612 3800 2664 tantam
3836 2607 3886 2659 et

2270 2704 2444 2760 talem
2474 2705 2675 2773 vitam,
2698 2708 2755 2758 et
2777 2704 3000 2758 aridam
3030 2702 3472 2767 abstinentiam,
3498 2705 3555 2756 et
3578 2699 3810 2761 labores,
3831 2709 3889 2748 ac

2270 2792 2523 2861 dolores,
2552 2798 2609 2848 et
2628 2793 2917 2847 orationes
2968 2791 3095 2847 sine
3135 2790 3595 2847 intermissione.
3648 2785 3781 2842 Huic
3829 2782 3879 2837 in

2271 2882 2627 2938 monasterio
2658 2881 2891 2953 degenti
2925 2880 3195 2935 nuntiata
3236 2884 3327 2935 est
3375 2895 3537 2935 mors
3569 2876 3741 2950 patris
3768 2871 3881 2939 sui;

2270 2971 2369 3043 qui
2403 2971 2550 3026 dixit
2579 2971 2877 3026 nuntianti
2907 2969 3021 3024 sibi
3054 2985 3069 3024 :
3095 2971 3273 3025 Cessa
3293 2966 3718 3039 blasphemare,
3742 2975 3886 3018 meus

2271 3062 2430 3117 enim
2466 3066 2628 3132 pater
2651 3057 3000 3115 immortalis
3022 3062 3132 3114 est.

2882 3174 3116 3230 CAPUT
3157 3174 3312 3229 XVI.

2346 3269 2419 3323 De
2450 3264 2659 3323 Cronii
2684 3266 2995 3338 presbyteri
3022 3264 3168 3391 vita;
3208 3266 3260 3319 et
3309 3263 3373 3319 de
3420 3262 3649 3335 Eulogii
3675 3254 3895 3330 longani-

3000 3354 3057 3391 m
3106 3353 3145 3391 a
3170 3353 3202 3391 ε

3000 3353 3202 3392 muare

2358 3456 2599 3511 Cronius
2660 3454 2963 3526 presbyter
3014 3452 3278 3510 ecclesias
3323 3452 3523 3508 Nitriae
3581 3446 3895 3524 (Heraclid.,

2267 3562 2382 3616 cap.
2408 3545 2487 3614 9),
2521 3543 2725 3599 retulit
2754 3543 2897 3597 mihi
2932 3542 3177 3597 dicens:
3213 3542 3361 3606 Quia
3392 3542 3534 3596 dum
3564 3538 3787 3609 juvenis
3813 3550 3890 3590 es-

2266 3651 2391 3691 sem
2424 3634 2480 3687 in
2517 3632 2873 3689 monasterio
2893 3632 3133 3688 nimiam
3160 3632 3429 3704 patiebar
3452 3630 3734 3687 acediam.
3755 3624 3897 3682 Unde

2268 3724 2500 3795 fugiens
2530 3723 2673 3795 coepi
2707 3739 2891 3795 vagus
2922 3737 3026 3793 per
3055 3738 3317 3777 eremum
3352 3720 3679 3785 ambulare,
3704 3720 3757 3772 et
3783 3730 3895 3787 per-

2267 3814 2396 3869 veni
2431 3830 2619 3884 usque
2652 3813 2724 3867 ad
2761 3816 3014 3867 montem
3049 3810 3146 3866 ubi
3173 3814 3417 3867 sanctus
3435 3808 3721 3866 Antonius
3742 3806 3895 3876 dege-

2270 3904 2390 3973 bat,
2426 3903 2481 3956 id
2514 3908 2623 3969 est,
2655 3900 2826 3971 inter,
2860 3901 3119 3957 medium
3152 3901 3485 3974 Babylonia
3538 3904 3595 3956 et
3648 3892 3894 3953 Heraclia:

2268 3992 2326 4047 in
2360 3991 2695 4047 vastissima
2722 3990 3061 4059 solitudine,
3097 4007 3226 4062 quae
3277 3990 3447 4045 ducit
3497 3990 3569 4045 ad
3606 4002 3759 4043 mare
3801 3982 3899 4037 Ru-

2268 4081 2459 4136 brum.
2492 4080 2745 4136 Veniens
2776 4097 2911 4153 ergo
2946 4080 3002 4134 in
3031 4079 3464 4135 monasterium
3495 4095 3662 4135 secus
3684 4077 3899 4137 ﬂumen,

2269 4171 2425 4242 quod
2447 4170 2662 4225 dicitur
2680 4169 3026 4242 Pisper(t2),
3053 4170 3151 4224 ubi
3176 4170 3315 4241 ejus
3339 4169 3627 4225 sedebant
3649 4158 3900 4235 discipuli

2269 4264 2514 4315 Amatus
2545 4264 2600 4316 et
2632 4259 2944 4330 Macarius,
2980 4259 3077 4331 qui
3110 4263 3168 4315 et
3214 4258 3578 4331 sepelierunt
3607 4272 3758 4314 eum.
3790 4266 3904 4306 exs-

2270 4350 2491 4421 pectavi
2516 4349 2637 4404 dies
2658 4348 3281 4421 quinque,utviderem
3306 4353 3581 4405 sanctum
3606 4341 3899 4402 Antonium

2272 4439 2718 4495 Dicebantenim
2738 4443 3198 4494 eumventurum
3219 4439 3288 4493 ad
3306 4438 3457 4493 illud
3479 4432 3903 4495 monasterium,

2269 4528 2584 4601 aliquando
2608 4529 2843 4600 quidem
2883 4532 3015 4600 post
3049 4528 3245 4584 decem
3280 4528 3427 4597 dies,
3472 4523 3783 4599 aliquando
3819 4534 3904 4574 au-

2271 4628 2378 4675 tem
2407 4626 2539 4691 post
2560 4618 2763 4691 viginti
2792 4618 3452 4691 dies,quemadmodum
3478 4616 3901 4673 eiDominusre-

2269 4708 2631 4779 vclassetpro
2647 4707 2897 4763 utilitate
2920 4707 3354 4763 advenientium
3388 4708 3448 4762 in
3478 4701 3901 4761 monasterium.

2309 4800 2489 4863 Quam
2509 4796 2736 4869 plurimi
2752 4812 2888 4869 ergo
2902 4813 3132 4852 eramus
3147 4797 3486 4869 congregati
3507 4791 3905 4853 fratres.diver‘

2266 4903 2361 4941 sas
2385 4887 2666 4941 habentes
2690 4887 3152 4957 necessitates,in
3176 4887 3391 4959 quibus
3410 4890 3468 4941 et
3502 4884 3776 4956 Eulogius
3796 4874 3904 4949 qui'

2266 4977 2401 5031 dam
2420 4975 2943 5052 Alexandrinus,et
2963 4976 3117 5031 alius
3137 4975 3429 5048 leprosus,
3453 4973 3557 5048 qui
3585 4970 3757 5030 simul
3776 4968 3903 5026 ade-

2267 5070 2399 5121 rant
2432 5083 2531 5137 pro
2555 5065 2653 5120 tali
2686 5083 2867 5122 causa
2888 5065 3188 5136 (Pasch.,c.
3228 5066 3487 5137 19,num.
3520 5064 3596 5137 3).
3624 5062 3724 5118 Hic
3754 5056 3905 5115 Eulo—

2269 5155 2320 5227 gi
2332 5172 2362 5209 u
2374 5172 2399 5210 s
2418 5154 2800 5211 scholasticus
2823 5159 3029 5225 crat,et
3044 5153 3310 5210 eruditus
3324 5153 3538 5225 vir;qui
3559 5166 3752 5209 amore
3766 5144 3902 5203 divi-

2270 5263 2342 5301 no
2362 5262 2570 5316 compu
2583 5244 3407 5313 nctus,ahrenuntiavitturbis
3424 5243 3901 5307 urbium,omnem

2271 5352 2381 5405 que
2424 5334 2818 5389 substantiam
2862 5350 3028 5389 suam
3071 5334 3341 5389 distraxit
3378 5331 3905 5406 eterogavitpaupe-

2272 5423 2616 5487 ribus,sicut
2632 5423 2919 5494 scriptum
2940 5421 3401 5493 est:Dispersit,d
3413 5417 3898 5494 editpauperibus,

2266 5512 2642 5585 justitiaejus
2662 5516 2860 5568 manet
2877 5513 2935 5567 in
2960 5510 3236 5567 saeculum
3255 5501 3903 5581 saeculi(Psal.cxr);etin

2276 5602 2584 5675 Evangelia
2598 5602 2831 5658 dicente
2845 5601 3092 5659 Domino
3115 5618 3127 5657 :
3163 5601 3321 5658 Beati
3331 5599 3761 5663 misericordes,
3780 5592 3903 5666 quia

2277 5692 2393 5766 ipsi
2423 5692 2883 5749 misericordiam
2915 5696 3350 5764 consequentur
3378 5688 3591 5763 (Matth.
3626 5689 3704 5761 v).
3726 5687 3901 5755 Itaque
