4092 6324
468 444 584 500 375

1629 428 2004 487 APPENDIX
2042 430 2141 483 AD
2180 428 2398 481 VITAS
2433 430 2761 484 PATRUM.

3770 436 3863 492 376

474 568 647 625 modo
673 563 870 622 omnia
898 578 1027 635 qua
1059 563 1377 617 evenerunt
1399 556 1597 630 Elogio
1622 562 1677 612 et
1709 555 1966 628 leproso,
1990 569 2136 626 praa-
2168 554 2220 618 Α
2253 567 2390 622 ergo
2424 569 2526 608 nos
2551 552 2888 610 consolatus
2913 558 3022 626 est,
3043 558 3101 611 et
3118 555 3475 613 conﬁrmans
3493 556 3549 612 in
3578 558 3683 615 fide
3700 577 3759 617 ac
3778 578 3871 634 pa-

478 658 627 714 dixit
658 657 860 711 beatus
894 651 1201 708 Antonius.

561 747 744 802 Etiam
796 745 904 799 hoc
951 741 1233 797 referebat
1282 739 1452 795 nobis
1483 733 2144 808 Cronius(Pasc/z.,c.19

488 855 643 893 num.
681 836 748 896 4,·
786 832 909 889 Vita
939 830 1191 900 Antonii,
1217 846 1264 884 ο.
1290 830 1380 896 33)
1409 846 1421 883 :
1449 827 1670 892 Quiain
1697 833 1861 882 nocte
1882 824 1981 879 illa
2002 824 2145 878 dum

486 928 661 983 verbo
698 925 797 979 Dei
831 921 1113 993 prolixius
1145 936 1252 975 nos
1276 920 1508 974 doceret
1527 922 1767 972 sanctus
1787 916 1955 970 Pater
1970 917 2146 969 Anto-

489 1017 655 1082 nius,
690 1019 745 1069 et
778 1013 885 1067 hoc
908 1009 1135 1075 intulit,
1166 1009 1407 1064 dicens:
1439 1006 1584 1070 Quia
1608 1021 1828 1061 annum
1855 1004 2147 1074 integrum

495 1106 652 1162 oravi
688 1110 749 1160 ut
772 1103 1026 1159 revelare
1057 1100 1202 1155 mihi
1222 1100 1566 1170 dignaretur
1590 1114 1689 1169 per
1711 1095 1959 1168 gratiam
1984 1110 2148 1149 suam

490 1195 782 1251 Dominus
806 1191 1306 1263 locumjustorum
1333 1192 1389 1243 et
1413 1192 1799 1260 peccatorum.
1826 1186 1897 1239 Et
1918 1184 2033 1239 vidi
2057 1200 2151 1237 ex-

498 1285 721 1341 celsum
748 1282 1063 1355 quemdam
1089 1280 1382 1352 gigantem
1411 1294 1597 1348 usque
1617 1277 1688 1331 ad
1713 1275 1899 1330 nubes
1932 1272 2154 1346 pertin-

496 1380 753 1448 gentem,
788 1388 1000 1427 manus
1034 1374 1297 1425 extentas
1330 1368 1668 1433 habentem,
1697 1370 1755 1421 et
1782 1368 1987 1420 subter
2018 1379 2154 1418 eum

499 1469 776 1535 stagnum
805 1461 967 1516 velut
997 1475 1178 1529 mare,
1212 1464 1267 1513 et
1298 1458 1448 1528 ignis
1482 1456 1843 1525 ﬂammabat,
1871 1453 2155 1509 fervebat-

498 1569 610 1625 que
632 1552 789 1607 velut
806 1550 1150 1617 caldaria,et
1169 1547 1436 1603 videbam
1458 1546 1686 1600 animas
1707 1544 1869 1600 velut
1889 1543 1949 1597 in
1965 1540 2158 1613 specie

511 1643 706 1699 avium
743 1640 1025 1708 volantes,
1059 1644 1117 1693 et
1149 1642 1624 1708 quantacunque
1660 1634 1898 1706 quidem
1942 1647 2155 1703 super-

503 1732 775 1789 volabant
805 1745 1016 1784 manus
1047 1728 1177 1798 ejus
1207 1730 1263 1782 et
1304 1732 1501 1797 caput,
1545 1723 1940 1789 salvabantur,
1976 1727 2031 1778 et
2060 1737 2156 1776 us-

507 1838 621 1893 que
642 1821 711 1875 ad
747 1818 957 1873 ccelum
992 1815 1446 1888 perveniebant;
1479 1819 1710 1885 quantae
1744 1816 1939 1868 autem
1974 1825 2160 1881 usque

2251 642 2476 709 tientia,
2508 643 2821 700 aedificavit
2851 662 2979 701 nos.
3017 646 3143 701 Haec
3191 651 3390 702 autem
3424 649 3793 719 narravimus,
3818 658 3873 708 ut

2253 748 2367 786 non
2400 734 2822 789 conturbemur
2851 736 3088 806 quando
3120 741 3350 793 sanctos
3378 736 3602 808 aliquos
3626 738 3868 798 videmus

2254 821 2620 893 gravissimis
2652 825 2912 897 corporis
2941 824 3389 882 inﬁrmitatibus
3417 826 3692 884 laborare.

2841 934 3080 989 CAPUT
3109 933 3315 989 XVIII.

2406 1021 2523 1075 Vita
2552 1024 2605 1076 et
2633 1022 2790 1076 zelus
2816 1039 2914 1094 pro
2944 1025 3199 1079 castitate
3236 1025 3419 1079 sancti
3445 1025 3759 1084 Innocentii.

2331 1120 2543 1175 Beatus
2589 1121 2965 1176 Innocentius
3015 1122 3317 1193 presbyter
3346 1122 3405 1176 in
3459 1127 3648 1178 monte
3692 1124 3876 1181 Oliveti

2262 1209 2373 1265 fuit
2401 1208 2418 1281 (
2452 1210 2700 1275 Hei-ML,
2731 1225 2850 1280 cap.
2883 1210 2994 1281 3t).
3031 1210 3219 1266 Multa
3258 1214 3455 1266 autem
3488 1211 3676 1266 audivi
3705 1213 3769 1268 ab
3798 1213 3879 1269 his

2263 1299 2364 1372 qui
2396 1299 2724 1355 conversati
2756 1304 2895 1354 sunt
2926 1315 3061 1355 cum
3093 1316 3159 1356 eo
3192 1301 3384 1356 tribus
3403 1300 3593 1356 annis.
3628 1303 3736 1358 Iste
3762 1303 3885 1358 sim-

2264 1391 2399 1462 plex
2426 1405 2604 1461 supra
2636 1389 2877 1444 modum
2910 1392 3054 1457 erat,
3088 1406 3223 1444 nam
3258 1393 3315 1445 et
3337 1390 3395 1444 in
3420 1391 3628 1462 palatio
3644 1391 3882 1447 clarusin

2267 1480 2478 1536 militia
2510 1480 3069 1534 fuit.Verumtamen
3102 1479 3162 1534 in
3192 1478 3357 1535 initio
3379 1479 3611 1551 imperii
3631 1483 3884 1537 Constan-

2265 1568 2653 1643 tinichracl.,
2677 1570 3023 1641 Constantii]
3055 1570 3494 1625 abrenuntiavit
3542 1571 3741 1626 saeculo
3769 1587 3883 1626 cum

2270 1676 2448 1716 uxore
2463 1658 2704 1714 sua.Hic
2727 1657 3182 1713 babebattilium
3202 1658 3436 1714 nomine
3461 1658 3697 1714 Paulum
3715 1659 3886 1715 dome-

2268 1750 2483 1807 sticum
2517 1748 2893 1814 militantem,
2927 1748 3026 1819 qui
3058 1748 3336 1804 instinctu
3383 1748 3600 1804 diaboli
3654 1750 3886 1821 peccavit

2270 1856 2403 1896 cum
2436 1838 2557 1893 ﬁlia
2587 1838 2929 1909 presbyteri.
2965 1838 3127 1904 Quod
3152 1853 3284 1893 cum
3306 1837 3566 1893 audisset
3604 1839 3885 1909 paterejus

502 1912 573 1967 ad
608 1926 819 1965 manus
850 1909 978 1999 ei“?
1002 1906 1432 1999 pervenissent:
1454 1922 1566 1959 non
1592 1902 1853 1999 valentes
1884 1902 2153 1999 iﬁchfitls
2187 1926 2234 1990 Β
2267 1902 2859 1999 Innocentius,oravit
2882 1902 3429 1992 Dominum,dicens
3456 1944 3469 1981 :
3494 1902 3730 1983 Domine
3752 1902 3886 1982 Deus

500 2000 717 2065 volare,
750 1997 1107 2069 percutiebat
1129 2012 1228 2051 eas
1258 1994 1531 2050 inanibus
1583 1994 1730 2060 suis,
1765 1998 1820 2048 et
1848 1992 2146 2059 alliciebat,

501 2090 900 2157 cadebantque
928 2086 987 2140 in
1005 2090 1277 2157 stagnum
1298 2084 1548 2138 fervens.
1573 2082 1783 2137 Audivi
1804 2098 2033 2154 quoque
2048 2097 2146 2134 vo-

501 2195 622 2234 cem
643 2178 933 2232 dicentem
951 2175 1093 2229 mihi
1111 2174 1217 2229 has
1232 2190 1359 2228 esse
1373 2173 1599 2228 animas
1616 2178 2147 2244 peccatorum;nam

502 2267 636 2322 illas
656 2283 782 2338 qua:
799 2264 1097 2337 gigantem
1112 2262 1280 2319 illum
1303 2260 1867 2334 supervolant,ipsas
1881 2259 2150 2316 esseani-

504 2374 630 2413 mas
651 2357 976 2427 justurum,
1012 2370 1161 2424 quas
1192 2353 1421 2425 pondus
1455 2352 1675 2424 peccati
1709 2367 1821 2405 non
1853 2354 2075 2422 gravat,
2098 2353 2152 2403 et

501 2446 632 2502 ideo
651 2449 899 2517 possunt
921 2443 988 2497 ad
1009 2443 1215 2498 altiora
1231 2442 1639 2508 conscendere,
1660 2458 1785 2512 qua:
1804 2441 1859 2495 in
1882 2439 2152 2511 paradiso

505 2535 607 2592 Dei
641 2535 947 2589 salvantur
978 2551 992 2602 ;
1018 2530 1142 2586 alia:
1174 2535 1367 2586 autem
1402 2534 1542 2586 sunt
1597 2534 1992 2603 peccatorum,
2026 2545 2154 2601 quae

504 2626 635 2680 ideo
660 2624 715 2678 in
734 2622 1030 2677 infernum
1046 2621 1637 2692 demerguntur,quia
1650 2636 1765 2674 non
1785 2623 2029 2689 egerunt
2045 2635 2154 2690 pm-

508 2712 815 2770 nitentiam
851 2711 993 2765 dum
1027 2711 1082 2765 in
1129 2726 1368 2781 corpore
1412 2713 1597 2777 erant,
1631 2712 1695 2762 ut
1730 2706 2156 2778 indulgentiam

510 2807 882 2876 peccatorum
906 2799 994 2854 vel
1020 2799 1335 2854 criminum
1361 2815 1604 2854 suorum
1630 2796 1891 2853 aCbristi
1924 2797 2156 2852 Domini

509 2894 722 2964 pietate
754 2893 1121 2944 mererentur
1142 2888 1425 2958 accipere,
1449 2904 1605 2941 nunc
1627 2891 1821 2942 autem
1847 2887 2160 2941 traduntur

506 2982 578 3036 ad
607 2981 969 3035 infernorum
996 2976 1393 3042 tenebras,ubi
1416 2980 1502 3032 est
1526 2976 1693 3030 fletus
1716 2979 1771 3030 et
1791 2975 2158 3031 stridordcn-

516 3071 665 3126 tium
702 3084 818 3141 pra:
851 3066 1148 3122 nimietale
1179 3082 1484 3138 pccnarum
1520 3068 1893 3121 aeternarum.

1117 3183 1353 3239 CAPUT
1383 3183 1557 3238 XVII.

826 3277 953 3332 Vita
985 3279 1033 3332 et
1064 3275 1387 3347 stt/ferentia
1419 3273 1562 3329 beati
1591 3273 1856 3345 Stephani

578 3376 914 3448 Stephanus
972 3374 1213 3445 quidam
1272 3371 1519 3443 Libycus
1587 3388 1819 3444 genere,
1871 3388 1938 3427 ex
1988 3371 2167 3431 latere

512 3464 865 3522 Marmaritis
898 3470 955 3518 et
980 3464 1244 3518 Mareotae
1270 3462 1508 3516 sedebat
1532 3477 1719 3532 usque
1741 3462 2037 3532 sexaginta
2059 3479 2166 3519 an-

515 3573 625 3612 nos
658 3555 903 3626 (Heracl.
929 3570 1049 3624 cap.
1085 3553 1193 3619 4‘2).
1228 3552 1331 3607 Hic
1362 3568 1607 3607 summae
1638 3552 2013 3608 continentia:
2035 3552 2165 3622 fuit;

519 3661 653 3701 nam
686 3648 745 3698 et
769 3641 1140 3697 discretionis
1162 3642 1409 3713 gratiam
1429 3646 1485 3696 et
1510 3641 1923 3697 consolationis
1947 3643 2169 3713 accepit

514 3748 544 3784 a
572 3734 841 3801 Domino,
868 3733 946 3788 ita
973 3748 1034 3787 ut
1057 3748 1257 3786 omnes
1285 3731 1680 3803 tribulati,pro
1703 3730 1965 3803 qualibet
1990 3748 2169 3787 causa

514 3823 756 3878 tristitiae
775 3822 961 3877 allecti
977 3820 1415 3891 venissent,lzeti
1432 3821 1799 3876 discederent
1814 3822 2164 3891 perverbum

512 3912 935 3968 consolationis
966 3911 1308 3981 ejus.Notus
1340 3916 1533 3966 autem
1570 3915 1768 3967 eratet
1792 3912 1958 3965 beato
1988 3916 2166 3967 Ante-

513 4002 630 4057 nio.
666 4002 936 4056 Pervenit
967 4018 1101 4055 vero
1136 4001 1311 4055 etiam
1346 4002 1413 4054 ad
1440 4004 1704 4071 tempora
1736 4005 1957 4068 nostra,
1991 4017 2165 4071 quem

518 4108 625 4162 ego
640 4092 879 4162 quidem
897 4107 1013 4145 non
1028 4090 1140 4143 vidi
1163 4094 1400 4161 propter
1416 4090 1861 4160 loginquitatem
1881 4090 2164 4145 locorum.

585 4180 691 4244 Qui
724 4185 919 4234 autem
957 4195 1087 4233 cum
1116 4184 1319 4233 sancto
1353 4180 1662 4234 Anamonio
1696 4184 1753 4234 et
1786 4179 2167 4251 EulogioUIe-

511 4269 673 4338 racl.,
708 4268 976 4338 Evagrio]
1019 4274 1185 4321 erant.
1216 4268 1474 4323 videntes
1517 4285 1671 4334 eum,
1704 4268 2031 4324 retulerunt
2060 4286 2165 4324 no-

514 4356 626 4425 bis,
660 4354 1151 4427 quiainvenimus
1180 4357 1332 4410 999
1366 4374 1520 4424 eum,
1544 4357 2163 4428 inquiunt,inﬁrmila-

518 4450 634 4500 tem
658 4443 1000 4515 bujusmodi
1020 4443 1329 4499 habentem
1354 4445 1411 4499 in
1438 4446 1580 4515 ipsis
1599 4445 1741 4501 locis
1760 4447 1816 4500 in
1855 4446 2161 4516 testiculis,

519 4540 574 4589 et
594 4534 653 4589 in
688 4532 1026 4589 summitate
1051 4538 1272 4587 naturae
1295 4533 1508 4589 vulnus
1535 4534 1868 4602 habentem,
1898 4537 2053 4607 quod
2073 4537 2163 4591 di-

515 4624 665 4680 citur
696 4639 905 4678 cancer
922 4638 1021 4677 seu
1043 4622 1333 4677 carcinus.
1358 4624 1462 4677 Hic
1484 4640 1620 4694 ergo
1643 4640 1778 4679 cum
1803 4624 2162 4680 incideretur

515 4714 573 4769 in
608 4713 845 4768 vulnere
876 4711 1498 4778 illo,amedicotamen
1526 4714 1800 4768 manibus
1818 4714 2158 4785 suisopera-

517 4805 688 4859 batur
718 4808 773 4858 et
806 4801 1093 4873 plectebat
1123 4801 1371 4873 palmas,
1398 4807 1455 4856 et
1483 4802 1832 4872 loquebatur
1862 4804 2165 4859 nobis.Re-

514 4893 676 4964 liquo
700 4898 898 4947 autem
920 4906 1158 4962 corpore
1182 4890 1260 4944 ita
1283 4896 1405 4946 erat
1423 4891 1742 4947 immobilis
1762 4892 1929 4964 quasi
1946 4893 1993 4948 si
2013 4892 2163 4948 alius

518 4983 895 5037 incideretur.

589 5071 881 5127 Abscissis
904 5087 1038 5141 ergo
1062 5070 1537 5141 membris,quasi
1562 5071 1608 5126 si
1636 5071 1790 5143 pilus
1815 5073 1860 5127 ei
1895 5071 2128 5127 abscide
2150 5106 2159 5114 -

521 5161 786 5224 retur,ita
805 5177 915 5214 non
942 5159 1248 5214 sentiebat.
1274 5159 1710 5216 Validissimam
1730 5162 1884 5216 enim
1913 5162 2165 5216 habebat

522 5267 623 5319 per
637 5250 881 5319 gratiam
902 5249 1000 5303 Dei
1017 5249 1435 5304 suﬂ'erentiam.
1451 5251 1629 5306 Nobis
1644 5256 1835 5306 autem
1853 5249 2161 5305 contrista-

520 5341 595 5393 tis
627 5344 682 5391 et
713 5338 1181 5392 flentibusdixit:
1218 5337 1427 5405 li‘ilioli,
1462 5339 1519 5394 in
1556 5339 1716 5394 nullo
1752 5338 2040 5393 lardamiui
2093 5340 2164 5392 de

520 5442 697 5480 causa
726 5425 857 5480 ista.
892 5426 1043 5479 Nihil
1078 5427 1231 5481 enim
1263 5428 1415 5497 quod
1445 5430 1702 5499 permitit
1728 5434 1875 5483 Deus
1900 5427 2020 5483 fleri
2047 5444 2165 5483 ma-

518 5516 641 5570 lum
674 5519 798 5581 est;
832 5515 933 5569 sed
963 5513 1261 5571 voluntate
1318 5517 1569 5589 benigna
1612 5518 2019 5589 perferendum
2052 5522 2159 5585 est;

522 5604 769 5660 fortasse
793 5604 944 5657 enim
967 5608 1021 5658 et
1044 5605 1291 5659 obnoxia
1313 5613 1480 5663 erant
1502 5607 1896 5663 membraista
1912 5612 2165 5663 tormen-

524 5695 625 5761 tis,
657 5691 919 5764 satisque
951 5692 1161 5748 melius
1184 5698 1272 5749 est
1295 5695 1387 5751 hic
1412 5697 1735 5769 persolvere
1762 5714 1963 5769 pcenas
1986 5714 2159 5769 quam

526 5787 661 5859 post
692 5782 912 5840 exitum
944 5781 1071 5838 vitae
1102 5782 1298 5855 hujus,
1323 5782 1382 5840 in
1412 5789 1625 5844 aeterno
1648 5789 1777 5858 igne
1798 5785 2164 5845 cruciari.lta

2191 4677 2238 4739 D

2255 2024 2483 2076 amator
2512 2017 2826 2085 castitatis,
2849 2018 2923 2073 da
2952 2017 3005 2072 ei
3026 2016 3202 2073 talem
3227 2017 3610 2088 correptionis
3627 2015 3874 2088 spiritum

2257 2114 2322 2165 ut
2342 2110 2469 2180 jam
2502 2125 2617 2163 non
2641 2106 2900 2163 inveniat
2916 2111 3151 2178 tempus
3175 2106 3458 2178 peccandi
3480 2107 3539 2163 in
3565 2122 3732 2161 carne
3750 2121 3871 2160 sua:

2257 2198 2468 2254 melius
2481 2197 2824 2252 existimans
2839 2200 2901 2252 ut
2914 2197 3101 2268 magis
3116 2196 3403 2252 demonio
3417 2200 3714 2251 vexaretur
3725 2211 3881 2266 quam

2256 2286 2506 2344 luxuria.
2542 2287 2707 2353 Quod
2740 2291 2797 2342 et
2828 2286 3046 2341 factum
3079 2290 3188 2341 est.
3222 2285 3370 2341 Nam
3421 2302 3608 2357 usque
3644 2300 3790 2340 nunc
3833 2285 3884 2338 in

2259 2381 2458 2434 monte
2479 2376 2684 2433 Oliveti
2710 2376 2860 2432 ferro
2882 2376 3110 2432 vinctus
3133 2382 3381 2446 tenetur,
3411 2377 3552 2450 quia
3575 2378 3801 2431 vexatur
3822 2373 3884 2428 ab

2258 2454 2569 2522 immundo
2600 2464 2814 2537 spiritu
2846 2465 3184 2522 crudeliter.

2331 2557 2446 2612 lste
2479 2555 2876 2625 Innocentius,
2909 2555 3103 2628 qualis
3134 2560 3191 2612 et
3222 2560 3514 2629 quantum
3538 2554 3645 2610 fuit
3674 2550 3884 2608 miseri-

2261 2663 2412 2717 c0rs,
2435 2647 2485 2702 si
2518 2646 2752 2703 voluero
2771 2662 2900 2717 quas
2922 2663 3057 2702 vera
3072 2649 3295 2703 suntde
3315 2663 3382 2702 eo
3425 2647 3635 2711 dicere,
3662 2645 3883 2699 fortasse

2264 2736 2555 2795 mendacii
2571 2736 2900 2809 opinionem
2915 2735 3324 2795 incurro.Nam
3339 2739 3673 2809 frequenter
3685 2732 3887 2789 furaba'

2264 2834 2363 2884 tur
2392 2828 2462 2883 de
2479 2827 3031 2898 expensisfratrum,
3063 2828 3309 2883 etdabat
3326 2823 3882 2898 indigentibus.Cum

2267 2922 2462 2975 autem
2485 2922 2642 2973 esset
2664 2916 3397 2989 simplicissimus,accepit
3424 2934 3458 2972 a
3486 2915 3727 2973 Domino
3745 2910 3890 2968 Chri-

2268 3013 2359 3065 sto
2390 3008 2637 3081 gratiam
2670 3012 2874 3064 contra
2903 3008 3385 3064 dmmoneanter
3424 3023 3574 3080 quos
3605 3001 3891 3076 aliquando

2268 3098 2559 3155 adductus
2589 3102 2680 3153 est
2709 3098 2759 3154 ei
2780 3098 3041 3169 juvenis,
3064 3098 3404 3155 videntibus
3434 3096 3623 3166 nobis,
3645 3113 3679 3152 ι
3706 3091 3891 3165 spiritu

2269 3188 2574 3244 immundo
2597 3187 3265 3259 comprehensus,simul
3278 3192 3335 3243 et
3352 3186 3608 3261 paralysi
3624 3184 3890 3241 laborans.

2190 3298 2232 3365 ρ
2270 3280 2450 3344 Quem
2472 3295 2578 3350 ego
2602 3278 2862 3344 intuens,
2885 3278 3040 3334 volui
3064 3283 3311 3334 matrem
3335 3279 3466 3348 ejus
3488 3275 3893 3350 repellere,qnae

2274 3368 2598 3424 adduxerat
2644 3383 2821 3435 eum;
2872 3368 3258 3439 desperabam
3309 3367 3470 3423 enim
3517 3381 3685 3439 posse
3718 3360 3890 3420 sanari

2273 3474 2429 3514 eum.
2463 3458 2607 3514 Cum
2640 3461 2836 3519 autem
2868 3457 3111 3513 vidisset
3139 3473 3266 3512 eam
3318 3457 3519 3513 senior
3566 3459 3804 3512 stantem
3851 3453 3899 3505 et

2273 3548 2508 3603 ﬂentem
2541 3563 2719 3619 super
2741 3547 3139 3603 inenarrabilli
3165 3563 3303 3603 casu
3336 3546 3444 3601 ﬁlii
3478 3545 3730 3612 sui,eum
3762 3542 3895 3598 esset

2273 3632 2757 3706 benignissimus,
2793 3629 3200 3685 misericordia
3227 3632 3426 3685 motus
3461 3628 3636 3685 flevit.
3667 3627 3735 3681 Et
3761 3621 3894 3679 acci-

2273 3724 2439 3795 piens
2457 3725 2760 3795 juvenem,
2784 3720 3086 3792 ingressus
3109 3724 3199 3774 est
3220 3718 3540 3774 oratorium
3565 3711 3893 3785 suum,quod

2273 3812 2384 3869 sibi
2418 3813 2542 3883 ipse
2574 3811 2983 3873 aediﬁcaverat,
3018 3808 3077 3864 in
3111 3824 3225 3879 quo
3271 3807 3533 3880 reliquiae
3558 3810 3721 3862 erant
3759 3799 3894 3858 beati

2272 3902 2516 3959 Joannis
2535 3902 2827 3973 Baptistae,
2863 3902 2919 3955 et
2937 3898 3120 3954 oravit
3136 3914 3313 3969 super
3329 3914 3461 3953 eum
3488 3898 3560 3953 ab
3585 3898 3723 3952 hora
3750 3890 3899 3947 tertia

2275 4007 2460 4062 usque
2490 3991 2561 4046 ad
2594 3991 2797 4046 horam
2831 4005 3066 4056 nonam,
3100 3992 3156 4042 et
3185 3987 3446 4042 donante
3476 3986 3664 4059 gratia
3692 3978 3900 4041 Christi,

2272 4096 2482 4137 sanum
2508 4079 3049 4149 reddiditjuvenem
3074 4076 3245 4132 matri
3270 4081 3479 4141 suimet
3496 4072 3771 4146 paralysis
3790 4070 3897 4138 ejus

2272 4175 2329 4227 et
2360 4172 2588 4225 daemon
2622 4169 2835 4223 virtute
2890 4167 3203 4222 Salvatoris
3252 4166 3439 4222 nostri
3473 4166 3727 4236 effugata
3754 4161 3893 4216 sunt.

2271 4259 2435 4316 Talis
2466 4263 2663 4315 autem
2694 4262 2816 4313 erat
2846 4258 2971 4328 ejus
3004 4255 3312 4329 paralysis,
3347 4262 3412 4311 ut
3441 4254 3677 4328 quando
3710 4263 3895 4323 spuere

2270 4348 2550 4405 voluisset
2582 4364 2739 4419 puer,
2768 4364 2945 4419 super
2961 4347 3198 4403 dorsum
3221 4363 3395 4402 suum
3423 4343 3764 4419 spueret,ita
3788 4340 3897 4395 erat

2271 4444 2553 4496 extortus.

2883 4525 3112 4581 CAPUT
3161 4524 3309 4581 XIX.

2644 4616 2920 4673 Eustathii
2958 4616 3174 4671 lectoris
3202 4615 3548 4686 suﬂerentz’u.

2340 4714 2669 4785 Presbyteri
2705 4714 3017 4785 cujusdam
3050 4712 3170 4768 ﬁlia
3203 4714 3261 4768 in
3288 4714 3556 4770 Czesarea
3602 4708 3894 4767 Palaestina

2272 4806 2477 4862 cecidit
2508 4804 2814 4861 inteliciter
2846 4805 2915 4858 de
2943 4802 3303 4874 virginitatis
3322 4803 3625 4875 proposito
3646 4796 3898 4874 (H67‘t16L,

2270 4912 2320 4951 c.
2351 4896 2464 4965 57),
2497 4898 2554 4949 et
2585 4894 2655 4949 ab
2682 4910 2748 4949 eo
2779 4892 2873 4961 qui
2902 4908 3031 4946 eam
3064 4896 3406 4962 corruperat
3433 4890 3774 4959 prmmonita
3817 4888 3893 4940 est

2272 4989 2337 5039 ut
2354 4983 2624 5038 lectorem
2652 4980 3295 5037 incriminaretur.Cum
3319 4986 3519 5037 autem
3537 4978 3897 5050 concepisset,

2271 5078 2330 5128 et
2361 5076 2522 5127 utero
2556 5076 2819 5126 tumente
2876 5070 3246 5142 apparuisset
3276 5070 3520 5137 crimen,
3541 5069 3713 5142 coepit
3758 5068 3899 5137 pater

2271 5165 2399 5233 ejus
2431 5162 2723 5232 requirere
2748 5164 2804 5215 et
2832 5159 3124 5216 discutere
3156 5177 3305 5216 eam.
3342 5160 3447 5217 Illa
3492 5164 3686 5217 autem
3717 5155 3896 5213 statim

2272 5252 2567 5307 accusavit
2596 5250 2889 5305 lectorem.
2922 5248 3050 5304 Hmc
3072 5251 3319 5306 audiens
3344 5256 3512 5323 pater
3537 5251 3667 5321 ejus
3685 5245 3897 5320 presby-

2271 5346 2379 5407 ter,
2410 5339 2609 5395 retulit
2634 5338 2946 5411 episcopo;
2977 5338 3289 5411 episcopus
3331 5357 3470 5395 vero
3522 5331 3902 5411 congrcgravit

2271 5430 2666 5502 presbyteros,
2700 5432 2754 5482 et
2779 5427 2959 5497 jussit
2988 5415 3510 5485 vocari'lectorem.

2345 5520 2743 5590 Interrogatus
2773 5517 2844 5573 ab
2867 5517 3140 5589 episcopo
3164 5516 3488 5587 lector,non
3512 5515 3897 5578 confitebatur,

2274 5607 2437 5673 Quod
2461 5606 2617 5661 enim
2640 5623 2756 5662 non
2778 5606 3309 5678 fecerat,quomodo
3331 5606 3897 5677 dicere?lndignatus

2269 5714 2406 5770 ergo
2438 5695 2769 5768 episcopus,
2804 5712 2937 5751 cum
2962 5701 3181 5753 terrore
3201 5697 3431 5754 dicebat
3461 5698 3513 5754 ei
3540 5716 3553 5755 :
3586 5697 3711 5753 Non
3731 5690 3895 5750 conti-

2269 5786 2434 5856 teris,
2466 5783 2666 5842 infelix
2694 5789 2752 5842 et
2779 5785 3177 5843 immunditiis
3207 5786 3420 5859 plene?
3442 5780 3898 5860 Respondensle—
