4092 6324
246 343 338 400 381
1281 340 1775 399 EGYPTIORUM
1813 344 2114 401 PATRUM
2153 347 2600 407 SENTENTIE.

244 470 410 543 fratre
433 481 586 535 meo,
609 468 663 522 et
684 465 814 522 volo
867 465 1155 537 meipsum
1193 464 1509 523 vindicare.
1544 467 1745 523 Senior
1775 486 1876 525 au-
1909 471 1963 537 Α
1994 470 2041 524 ei
2077 471 2254 527 frater
2288 489 2299 527 :
2334 474 2480 531 Non.
2513 475 2663 533 Dicit
2720 478 2771 534 ei
2829 479 3022 536 senior

250 564 355 615 tem
388 558 629 630 rogabat
659 573 793 612 eum
822 555 1055 611 dicens:
1080 554 1215 622 Fili,
1237 555 1506 627 relinque
1554 561 1666 613 Deo
1699 558 1889 613 vindi-

248 654 411 716 ctam,
446 654 505 703 et
545 645 757 701 melius
776 650 882 701 est.
908 649 981 701 At
1013 645 1129 715 ille,
1168 646 1293 700 Non
1337 646 1641 715 desistam,
1677 648 1888 718 inquit,

246 739 346 794 nisi
363 737 592 792 fortiter
613 752 762 791 mem
775 735 1026 807 etipsum
1048 735 1549 791 vindicavcro.Cui
1575 736 1655 791 ait
1674 738 1885 792 senior:

247 832 537 894 Quatenus
573 825 749 881 semel
798 825 905 879 hoc
932 824 991 879 in
1025 825 1223 880 animo
1257 830 1355 880 tuo
1388 827 1773 894 constituisti,
1803 826 1887 882 vel

245 934 485 974 oremus.
512 917 581 970 Et
601 930 919 985 exsurgens
937 914 1155 980 senior,
1172 914 1266 969 his
1285 915 1477 969 verbis
1493 916 1663 987 ccepit
1680 932 1884 972 orare:

244 1007 547 1077 Deus,jam
570 1023 683 1060 non
709 1021 857 1075 opus
882 1004 1171 1058 habemus
1199 1005 1558 1074 tuojudicio,
1584 1021 1767 1076 neque
1786 1022 1884 1060 no-

246 1097 325 1153 bis
348 1098 469 1168 jam
508 1094 878 1149 necessarius
904 1110 985 1163 es,
1008 1097 1071 1147 ut
1090 1110 1290 1149 curam
1324 1093 1582 1149 habebas
1606 1094 1674 1148 de
1695 1094 1883 1161 nobis,

249 1185 371 1257 quia
401 1200 508 1239 nos
540 1183 679 1255 ipsi,
714 1182 867 1238 sicut
900 1181 1076 1237 frater
1108 1182 1215 1237 iste
1248 1182 1410 1251 dicit,
1445 1187 1501 1237 et
1529 1182 1801 1238 volumus
1832 1187 1889 1238 et

244 1290 547 1348 possumus
590 1289 695 1327 nos
729 1270 1043 1326 vindicare.
1078 1272 1241 1335 Quod
1278 1288 1408 1326 cum
1445 1271 1542 1325 illo
1577 1273 1752 1327 frater
1781 1290 1885 1327 au-

246 1365 434 1432 disset,
468 1368 605 1418 ante
642 1362 820 1433 pedes
860 1361 1021 1416 senis
1065 1361 1307 1428 effusus,
1361 1361 1585 1415 veniam
1622 1361 1882 1433 postula-

242 1455 329 1511 bat
358 1452 713 1525 promittens
771 1465 833 1505 se
880 1466 1012 1505 cum
1067 1449 1166 1504 illo
1200 1450 1290 1504 cui
1326 1450 1689 1505 irascebatur
1723 1468 1872 1505 nun-

248 1559 406 1615 quam
442 1541 722 1613 deinceps
755 1543 1141 1596 certaturum.

306 1632 433 1687 l5.A
447 1631 710 1702 quodam
728 1630 899 1684 fratre
916 1628 1111 1684 senior
1124 1628 1339 1700 aliquis
1358 1630 1755 1701 interrogatus
1771 1633 1878 1685 est:

243 1721 372 1787 Quid
406 1725 490 1776 est
526 1719 872 1775 humilitas?
904 1718 1342 1791 Rcspondit:Si
1378 1719 1707 1790 peccaverit
1739 1718 1795 1773 in
1830 1726 1882 1773 te

241 1811 399 1865 frater
427 1815 594 1876 tuus,
618 1807 947 1865 remitteilli
975 1813 1284 1899 antequam
1302 1808 1405 1863 tibi
1446 1808 1874 1899 reconcilietur,
1909 1835 1955 1899 Β

240 1901 368 1956 etin
401 1900 558 1955 omni
621 1899 1047 1970 vituperatione
1092 1915 1163 1953 ne
1206 1898 1497 1970 vituperes
1553 1897 1870 1965 hominem,

243 1988 338 2044 nisi
373 1988 782 2059 temetipsum,
806 1988 1037 2042 dicens:
1064 1988 1306 2058 Propter
1331 1991 1565 2059 peccata
1596 2004 1722 2041 mea
1753 1988 1873 2041 hzec

241 2078 360 2133 mihi
390 2082 735 2133 evenerunt.
784 2076 1070 2141 Quoniam
1119 2077 1167 2131 si
1220 2076 1871 2132 commemoraverimus

242 2185 354 2239 qua:
384 2166 453 2221 ab
488 2166 833 2222 hominibus
859 2164 1191 2221 inferuntur
1208 2166 1397 2236 nobis,
1424 2166 1745 2221 auferimus
1768 2166 1874 2220 vir-

240 2262 403 2312 tutem
433 2255 733 2311 memoriae
764 2256 960 2311 Dei.Si
995 2260 1188 2311 autem
1222 2256 1874 2311 commemoraverimus

241 2347 371 2401 mala
400 2363 526 2418 quae
562 2364 596 2400 a
626 2346 991 2401 daemonibus
1036 2346 1370 2401 inferuntur
1417 2346 1606 2414 nobis,
1653 2346 1875 2401 erimus

243 2435 493 2492 insaucii.
529 2436 865 2508 Suspiravit
895 2441 1180 2505 autem,et
1203 2435 1378 2490 dixit:
1400 2452 1602 2490 omnes
1623 2436 1866 2490 virtutes

243 2527 502 2598 ingressa:
536 2532 682 2581 sunt
710 2525 764 2581 in
799 2525 1001 2581 cellam
1023 2526 1174 2580 hanc
1206 2542 1407 2589 unam,
1440 2530 1494 2579 et
1525 2542 1589 2580 ex
1622 2525 1765 2597 ipsis
1801 2526 1874 2579 la-

237 2616 455 2672 boribus
506 2620 741 2672 constat
788 2615 984 2671 homo.
1036 2616 1105 2669 Et
1154 2615 1660 2685 interrogaverunt
1690 2630 1871 2669 eum:

239 2708 355 2771 Quae
386 2706 507 2762 haec
529 2711 626 2761 est
658 2706 890 2762 virtus?
923 2705 1263 2777 Respondit,
1292 2714 1351 2760 ul
1388 2704 1562 2760 homo
1594 2706 1878 2777 vituperet

245 2796 636 2868 semetipsum.

304 2887 381 2941 16.
414 2887 622 2941 Frater
653 2885 891 2958 quidam
927 2884 1073 2939 abiit
1122 2884 1355 2939 haurire
1402 2901 1610 2955 aquam
1660 2886 1731 2940 de
1761 2884 1875 2940 ﬂu-

242 2974 380 3031 mine
408 2993 420 3030 :
445 2980 503 3030 et
534 2974 844 3030 inveniens
868 2973 1175 3029 mulierem
1202 2973 1491 3029 lavantem
1510 2975 1876 3041 vestimenta,

244 3066 482 3137 peccavit
514 3080 654 3120 cum
687 3081 774 3119 ea.
814 3063 1099 3119 Hauriens
1145 3066 1337 3118 autem
1374 3079 1610 3134 aquam,
1649 3064 1771 3118 ibat
1806 3066 1876 3119 ad

242 3152 514 3208 cellulam.
568 3151 930 3207 Insiluerunt
960 3156 1154 3206 autem
1194 3151 1252 3204 in
1293 3166 1423 3204 eum
1451 3150 1743 3205 daemones
1778 3168 1881 3223 per

3538 354 3646 410 382

3072 497 3085 535 :
3138 478 3432 536 Revelavit
3489 479 3633 535 mihi

1999 561 2175 629 Deus,
2213 562 2349 633 quia
2400 582 2575 621 ruens
2622 568 2907 624 subruisti
2958 570 3280 636 diabolum,
3327 574 3383 624 et
3430 568 3640 624 vicisti.

1993 648 2153 703 Tunc
2186 650 2363 705 frater
2397 653 2595 707 retulit
2627 655 2823 711 omnia
2856 656 2937 711 illi
2960 674 3085 729 qua:
3110 656 3635 712 sibiadvenissent.

1994 737 2199 794 Senior
2228 745 2421 795 autem
2459 742 2599 797 dixit
2633 743 2714 797 illi
2750 762 2762 799 :
2799 747 2961 801 Certe
2994 748 3189 816 frater,
3225 746 3497 801 discretio
3535 751 3638 800 tua

1994 828 2268 884 contrivit
2300 830 2575 887 virtutem
2609 833 2852 890 inimici.

2068 919 2150 971 17.
2174 918 2323 973 Dixit
2349 922 2528 975 abbas
2564 923 2853 979 Macarius
2885 925 2977 980 :Si
3007 924 3263 997 aliquem
3288 924 3639 995 corripueris

1992 1014 2315 1065 commotus
2339 1010 2407 1064 ad
2426 1010 3111 1087 iracundiam,propriam
3127 1016 3457 1085 passionem
3473 1014 3647 1068 adim-

1993 1098 2137 1168 ples.
2156 1097 2269 1153 Nec
2292 1098 2446 1154 enim
2466 1105 2526 1154 ut
2553 1102 2733 1155 alium
2757 1103 2970 1169 salves,
2991 1105 3240 1175 teipsum
3266 1106 3505 1175 perdere
3535 1104 3633 1158 de-

1992 1186 2114 1241 bes.
2138 1188 2285 1241 Erue
2308 1189 2637 1259 proximum
2673 1196 2840 1247 tuum
2868 1210 2899 1247 a
2924 1194 3176 1264 peccatis
3194 1194 3319 1247 sine
3340 1193 3632 1264 imprope-

1992 1276 2097 1345 rio,
2144 1278 2450 1348 inquatum
2495 1281 2793 1351 prmvales,
2829 1282 2966 1352 quia
2990 1282 3059 1336 ad
3085 1298 3147 1337 se
3195 1282 3348 1337 Deus
3386 1298 3630 1337 conver-

1990 1368 2177 1420 tentes
2202 1383 2312 1421 non
2336 1367 2580 1438 projicit.
2603 1370 2803 1426 Sermo
2820 1375 3010 1426 autem
3038 1370 3275 1426 malitiae
3302 1389 3413 1426 non
3435 1372 3627 1425 demo-

1990 1458 2148 1509 retur
2179 1455 2236 1509 in
2272 1457 2441 1511 corde
2473 1462 2571 1513 tuo
2605 1464 2806 1514 contra
2854 1476 3014 1531 eum,
3047 1465 3112 1515 ut
3159 1460 3351 1532 possis
3401 1461 3627 1515 dicere:

1993 1543 2223 1598 Dimitte
2258 1544 2429 1600 nobis
2460 1546 2657 1602 debita
2690 1553 2910 1614 nostra,
2944 1550 3096 1603 sicut
3133 1553 3187 1604 et
3229 1566 3331 1604 nos
3377 1547 3630 1603 dimitti-

1988 1647 2119 1687 mus
2147 1634 2509 1690 debitoribns
2556 1637 2793 1713 nostris.
2848 1639 2982 1701 Quae
3027 1642 3315 1709 praecepta
3347 1637 3517 1692 nobis
3550 1637 3631 1691 fa-

1986 1721 2192 1777 cienda
2223 1728 2361 1777 sunt
2392 1741 2524 1779 cum
2559 1726 2835 1782 fratribus
2884 1728 3122 1783 nostris.
3173 1728 3272 1782 Dei
3320 1731 3515 1781 autem
3548 1729 3632 1781 est

1988 1811 2302 1881 dimittere,
2336 1818 2393 1868 et
2435 1816 2779 1871 confirmare
2811 1816 3146 1889 petitionem
3184 1821 3462 1871 nostram.

2061 1902 2143 1956 18.
2180 1901 2785 1975 Referebantquidam
2823 1906 3029 1961 fratres
3065 1906 3134 1961 de
3174 1906 3383 1960 abbate
3413 1905 3628 1977 Nytera

1986 1991 2221 2059 (Pelagq
2260 1992 2432 2048 libell.
2466 2011 2519 2060 x,
2556 2011 2613 2047 η.
2646 1995 2734 2063 36,
2788 1996 3009 2050 nomine
3064 1996 3323 2065 Natyra),
3375 1995 3473 2065 qui
3517 1994 3628 2049 fuit

1986 2080 2312 2151 discipulus
2330 2082 2557 2137 abbatis
2577 2083 2791 2138 Silvani
2824 2101 2835 2138 :
2863 2084 2961 2155 qui
2988 2086 3223 2156 quando
3255 2084 3311 2138 in
3346 2083 3489 2139 cella
3518 2100 3625 2139 sua

1985 2170 2040 2224 in
2080 2176 2276 2227 monte
2299 2172 2439 2226 Sina
2458 2173 2724 2244 degebat,
2743 2174 3041 2229 moderate
3061 2174 3391 2229 abstinebat
3410 2191 3510 2245 pro
3531 2190 3625 2229 ne-

1986 2260 2254 2316 cessitate
2276 2262 2557 2332 corporis.
2584 2264 2827 2328 Quando
2845 2270 3038 2318 autem
3060 2264 3371 2335 episcopus
3394 2263 3623 2317 ordina-

1983 2353 2079 2403 tus
2102 2354 2188 2403 est
2211 2350 2266 2403 in
2292 2352 2494 2418 Faran,
2519 2352 2697 2407 nimis
2720 2352 3070 2407 constrinxit
3093 2369 3154 2407 se
3193 2352 3387 2422 ipsum
3426 2352 3485 2406 in
3512 2352 3621 2405 du-

1982 2438 2132 2493 riore
2155 2439 2525 2507 abstinentia,
2556 2446 2612 2495 et
2634 2441 2691 2497 in
2720 2441 2939 2513 vigiliis
2975 2440 3349 2512 propensius,
3369 2439 3623 2511 atquein

1982 2528 2347 2584 (rationibus
2380 2529 2663 2585 intentius
2682 2532 2909 2602 agebat.
2946 2531 3073 2584 Haec
3096 2535 3290 2584 autem
3313 2530 3519 2585 videns
3540 2529 3629 2584 di-

1984 2616 2584 2687 scipulusejus,dixit
2605 2618 2655 2673 ei
2682 2634 2694 2673 :
2719 2618 2865 2681 Quid
2892 2622 2998 2683 est,
3035 2617 3292 2686 domine,
3328 2617 3470 2672 hoc?
3493 2618 3632 2688 quia

1985 2707 2217 2778 quando
2240 2708 2295 2760 in
2322 2724 2513 2762 eremo
2537 2709 3047 2775 conversabamur,
3064 2723 3178 2762 non
3202 2711 3433 2761 tantum
3458 2706 3516 2761 iu
3535 2708 3634 2761 ab-

1985 2795 2263 2850 stinentia
2278 2796 2626 2852 laborabas?
2651 2798 2969 2869 Respondit
2988 2796 3039 2852 ei
3063 2797 3271 2852 beatus
3292 2795 3627 2865 vir,dicens:

1983 2886 2319 2953 Considera,
2348 2886 2547 2953 frater,
2582 2887 2856 2956 quoniam
2888 2885 2969 2941 ibi
3001 2901 3236 2941 oremus
3273 2893 3415 2951 erat,
3446 2889 3502 2940 et
3536 2900 3632 2940 se-

1984 2980 2142 3030 creta
2165 2976 2363 3046 vita,et
2382 2981 2694 3047 paupertas
2722 2992 2914 3031 :nunc
2945 2979 3141 3031 autem
3166 2974 3385 3046 egressi
3417 2973 3488 3030 de
3520 2989 3637 3029 ere-

1988 3082 2080 3120 mo
2126 3082 2253 3119 cum
2302 3064 2684 3120 saecularibus
2729 3080 3147 3120 conversamur
3196 3063 3558 3130 hominibus,
3582 3066 3637 3117 et

1993 3155 2192 3211 multae
2216 3172 2280 3210 ac
2299 3155 2471 3210 varia:
2497 3155 2663 3210 nobis
2686 3154 3023 3210 occasiones
3065 3156 3477 3220 occurrunl;et
3502 3152 3631 3208 ideo

248 3204 513 3208 -η-τ-ηνω
700 3204 739 3206 η
768 3204 809 3206 η
1076 3204 1081 3205 κ
1616 3204 1619 3205 ν
1694 3204 1737 3205 η
1778 3204 1795 3223 ι
1826 3204 1865 3207 ρ
1994 3204 2187 3211 .--ω-η
2217 3204 2275 3210 ,η
2312 3204 2468 3210 .-.τ
2497 3204 2662 3210 η---
2690 3204 3021 3210 ---ν---ηπ
3069 3204 3624 3220 ---ηηηἾηηη

240 3244 633 3312 cogitationes,
666 3246 723 3296 et
771 3240 1198 3296 constritabant
1246 3256 1402 3305 eum,
1446 3240 1701 3295 dicentes
1750 3257 1761 3295 :
1798 3241 1875 3295 De
1909 3204 1952 3271 ϐ
1990 3245 2342 3309 timeo,nein
2379 3246 2491 3299 fine
2512 3245 2639 3299 vitm
2664 3244 2878 3299 meein
2902 3244 3102 3314 aliqua
3120 3243 3424 3300 occasione
3450 3243 3633 3297 Deum

242 3338 425 3390 caetero
458 3334 567 3389 ubi
597 3332 763 3387 vadis
786 3332 813 3386 ?
846 3349 958 3387 non
1012 3336 1100 3386 est
1143 3331 1249 3385 tibi
1282 3330 1529 3386 ulterius
1579 3332 1761 3387 salus.
1808 3332 1880 3387 Ut

243 3425 365 3496 quid
397 3426 579 3481 etiam
616 3423 892 3480 saeculum
925 3424 1163 3495 perdis?
1198 3422 1536 3494 lntelligens
1560 3427 1753 3478 autem
1773 3424 1883 3479 fra-

240 3518 316 3569 ter
346 3514 436 3571 ille
468 3515 618 3588 quia
643 3514 847 3569 volunt
893 3530 1026 3569 eum
1078 3513 1316 3568 omnino
1362 3513 1601 3585 perdere
1650 3513 1880 3582 erigens

244 3620 297 3658 se
323 3605 570 3661 viriliter
598 3620 700 3675 per
745 3602 1184 3672 conﬁdentiam,
1234 3602 1375 3657 dicit
1428 3602 1881 3673 cogitationibus

242 3694 391 3751 suis:
425 3695 597 3750 Unde
628 3694 903 3765 ingressae
938 3692 1082 3747 estis
1116 3692 1173 3747 in
1209 3707 1299 3746 me
1331 3690 1712 3763 cogitationes
1759 3708 1880 3745 ma-

244 3786 322 3854 le,
354 3791 406 3842 et
437 3785 839 3843 constristatis
874 3801 985 3855 me,
1031 3784 1290 3838 volentes
1324 3800 1415 3838 me
1466 3782 1705 3838 omnino
1752 3800 1880 3855 per-

239 3878 401 3932 dere?
430 3878 562 3932 Non
593 3876 843 3947 peccavi,
889 3879 946 3930 et
998 3874 1209 3929 iterum
1257 3874 1409 3940 dico,
1455 3872 1579 3927 Non
1629 3873 1879 3944 peccavi.

242 3966 300 4021 Et
328 3966 635 4038 ingressus
667 3965 725 4020 in
758 3963 1028 4019 cellulam
1066 3980 1258 4029 suam,
1292 3962 1625 4018 continebat
1645 3979 1706 4017 se
1732 3961 1884 4018 sicut

237 4053 346 4111 heri
378 4061 431 4111 et
465 4053 691 4110 nudius
747 4053 974 4108 tertius.
1031 4052 1327 4107 Revelavit
1358 4056 1555 4107 autem
1594 4057 1747 4107 Deus
1781 4051 1882 4106 uni

240 4143 412 4201 vicino
444 4146 578 4216 ejus
604 4142 991 4214 seniori,quia
1024 4143 1244 4196 frauter
1276 4141 1372 4196 ille
1396 4157 1595 4211 ruens,
1630 4147 1686 4197 et
1708 4142 1763 4196 in
1798 4142 1881 4212 ip-

239 4248 293 4287 so
323 4251 454 4289 casu
491 4232 832 4290 subruisset
883 4230 1205 4298 diabolum,
1240 4235 1297 4286 et
1326 4231 1577 4285 vicisset.
1628 4230 1883 4285 Veniens

240 4326 420 4378 autem
454 4323 528 4378 ad
562 4321 735 4377 illum
769 4322 989 4387 senior,
1023 4320 1164 4375 dicit
1197 4319 1276 4373 illi
1314 4320 1648 4387 :Quomodo
1682 4319 1880 4375 babes.

240 4411 590 4485 frater?1pse
619 4411 931 4483 respondit
961 4428 974 4467 :
1010 4410 1184 4477 Bene,
1210 4409 1378 4464 abba.
1410 4408 1625 4464 Dicitei
1654 4410 1880 4465 senior:

240 4498 300 4553 Et
329 4518 436 4557 non
470 4519 537 4557 es
569 4518 781 4573 passus
812 4500 1114 4555 tristitiam
1149 4499 1239 4553 his
1270 4498 1477 4553 diebus
1498 4498 1525 4552 ?
1558 4499 1882 4571 Respondit

1990 3336 2379 3391 offendamus.
2412 3335 2469 3389 Si
2504 3333 2657 3389 enim
2692 3339 2935 3389 sanctus
2964 3332 3263 3404 apostolus
3288 3330 3635 3401 Paulus,qui

1984 3426 2235 3480 virtutes
2263 3424 2443 3479 animi
2468 3425 2825 3496 possidebat,
2860 3427 2920 3479 ut
2956 3439 3141 3494 usque
3171 3424 3242 3477 ad
3272 3420 3501 3477 tertium
3526 3436 3637 3475 cce-

1990 3515 2111 3570 lum
2158 3515 2349 3569 adhuc
2383 3516 2438 3569 in
2472 3531 2713 3585 corpore
2756 3514 2982 3585 positus
3028 3512 3392 3579 ascenderet,
3440 3513 3638 3564 tamen

1990 3605 2219 3659 dicebat
2256 3621 2267 3657 :
2301 3608 2522 3657 Macero
2555 3621 2766 3674 corpus
2812 3620 3031 3670 meum,
3066 3606 3122 3657 et
3155 3600 3421 3657 servituti
3459 3599 3639 3669 subji-

1991 3694 2099 3756 cio,
2137 3709 2206 3747 ne
2238 3694 2381 3748 forte
2412 3692 2544 3747 aliis
2578 3692 2921 3763 praedicans,
2961 3692 3087 3762 ipse
3141 3691 3426 3761 reprobus
3474 3689 3635 3743 inve-

1992 3782 2121 3837 niar
2162 3784 2206 3852 (Ι
2236 3785 2365 3839 Cor.
2405 3782 2524 3853 ix);
2584 3781 2724 3851 quid
2759 3798 2867 3836 nos
2921 3779 3176 3835 humiles
3226 3785 3283 3835 et
3336 3781 3638 3851 pecatores

1991 3876 2222 3944 oportet
2252 3872 2439 3928 facere
2458 3872 2485 3927 ?

2066 3964 2149 4017 19.
2175 3963 2423 4017 Sedente
2452 3960 2770 4034 aliquando
2820 3960 3031 4015 abbate
3072 3957 3301 4013 Sisoiin
3326 3955 3470 4012 cella
3512 3958 3639 4011 erat

1992 4053 2169 4107 frater
2191 4069 2364 4124 prope
2390 4050 2575 4119 illum,
2610 4054 2666 4105 et
2687 4050 2881 4105 subito
2917 4047 3256 4120 suspiravit,
3296 4050 3353 4102 et
3394 4062 3508 4100 non
3541 4061 3633 4099 co-

1991 4142 2209 4215 gnovit,
2244 4158 2309 4197 eo
2342 4142 2493 4213 quod
2543 4146 2698 4195 esset
2756 4141 2936 4195 frater
2965 4139 3021 4191 in
3053 4135 3315 4208 proximo
3349 4134 3462 4203 illi;
3507 4137 3635 4190 erat

2007 4231 2160 4286 enim
2198 4231 2253 4285 in
2289 4246 2527 4285 excessu
2557 4228 2791 4283 mentis.
2826 4229 2893 4282 Et
2940 4227 3180 4282 mittens
3204 4225 3314 4281 sibi
3348 4223 3633 4297 pamiten-

1985 4319 2338 4387 tiam,dixit:
2366 4320 2601 4390 Ignosce
2623 4316 3139 4387 mihi,frater,quia
3152 4315 3414 4371 nondum
3442 4315 3631 4369 factus

1993 4426 2123 4465 sum
2155 4407 2515 4476 monachus;
2546 4408 2835 4479 suspiravi
2868 4406 3022 4461 enim
3058 4420 3252 4461 coram
3290 4408 3361 4459 te.

244 4610 3633 4639 Μ

750 4722 1879 4853 jEGYPTIORI

1994 4646 3075 4853 mmsis

1322 4918 2539 5070 SENTENTUE

1065 5118 1641 5213 AUCTORE
1702 5118 2148 5213 GRZECO
2220 5119 2794 5233 INCERTO,

642 5281 1094 5372 MARTINO
1158 5273 1239 5352 (ί)
1312 5280 1797 5369 ΠΗΜΙΕΝἻ

1994 5281 2361 5371 ’ISCOPO
2450 5282 2758 5369 INTER
2774 5276 3081 5367 PRETE
3144 5278 3189 5360 ¹.

305 5492 561 5549 10021
612 5490 801 5546 Abbas
849 5490 1105 5546 Joannes
1153 5488 1381 5543 dicebat
1432 5488 1501 5543 ad
1552 5486 1874 5559 discipulos
1906 5490 1949 5554 Ι)
1984 5489 2160 5544 fortes
2193 5490 2326 5545 facti
2382 5493 2521 5546 sunt
2551 5488 2609 5543 in
2644 5502 2814 5559 opere
2874 5484 2994 5553 Dei,
3055 5484 3196 5539 dum
3229 5481 3635 5555 augustiarent

248 5594 409 5635 suos:
433 5582 628 5637 Patres
648 5580 1076 5636 manducantes
1109 5593 1318 5649 panem
1343 5580 1572 5632 tantum
1596 5581 1652 5632 et
1672 5576 1875 5645 salem,

1989 5578 2248 5651 seipsos;
2283 5578 2764 5650 constringamus
2795 5591 2932 5648 ergo
2982 5592 3086 5631 nos
3145 5574 3205 5630 in
3235 5574 3361 5645 ipso
3402 5584 3551 5643 pane
3580 5569 3637 5622 et

311 5698 325 5731 ¹
359 5696 628 5762 Quadam
658 5712 726 5753 ex
752 5695 844 5753 his
875 5694 1053 5752 etiam
1086 5710 1266 5766 supra
1294 5692 1690 5767 occurrunt-in
1724 5692 1855 5751 aliis
1887 5692 2076 5751 libris.
