4092 6324
474 374 584 430 383

1628 368 1996 428 APPENDIX
2034 364 2133 419 AD
2169 364 2387 419 VITAS
2425 365 2745 421 PATRUM.

3765 371 3858 430 384

474 502 615 558 sale.
650 503 889 574 Oportet
920 499 1076 555 enim
1113 499 1431 555 servientes
1465 499 1577 554 Deo
1604 498 1663 552 in
1696 495 1839 569 ipsis
1864 494 2125 550 coarcta-
2158 488 2215 555 Α
2244 489 2370 545 vivo
2393 506 2518 563 ego,
2548 490 2690 545 dicit
2710 490 3004 560 dominus,
3028 490 3140 563 ipsi
3162 490 3306 547 salvi
3329 494 3497 547 erunt
3519 492 3858 570 (Ezechxrv).

476 592 545 660 ri,
580 592 720 664 quia
747 592 867 662 ipse
902 589 1180 645 Dominus
1210 588 1355 644 dixit
1388 606 1401 643 :
1434 592 1610 644 Arcta
1660 592 1717 643 et
1760 588 2012 658 angusta
2042 585 2131 638 est

476 683 571 737 via
602 699 729 754 quae
753 681 914 736 ducit
944 681 1013 734 ad
1047 679 1225 733 vitam
1259 680 1484 751 (Matth.
1518 678 1637 750 vn).

543 781 598 834 2.
634 777 1019 850 Interrogavit
1051 778 1225 831 frater
1270 777 1542 833 eumdem
1594 792 1819 842 senem,
1877 774 2078 829 dicens
2113 788 2125 827 :

474 868 708 941 Jejunia
737 873 794 924 et
826 866 1036 937 vigilia:
1069 884 1217 938 quas
1250 868 1481 937 agimus
1533 866 1669 937 quid
1723 863 1990 921 faciunt?
2020 867 2126 918 Re-

473 958 745 1031 spondit:
768 962 901 1029 Ipsa
929 956 1150 1011 faciunt
1172 958 1428 1011 animam
1454 956 1737 1011 humilem
1765 954 1909 1009 fieri.
1944 953 2129 1023 Scrip-

471 1055 597 1105 tum
641 1053 731 1104 est
763 1047 1121 1103 enim:Vide
1152 1046 1547 1102 humilitatem
1595 1062 1808 1112 meam,
1868 1049 1925 1100 et
1965 1043 2127 1099 labo-

477 1157 599 1197 rem
637 1156 856 1208 meum,
893 1143 951 1195 et
982 1138 1212 1194 dimitte
1261 1138 1457 1194 omnia
1505 1142 1740 1209 peccata
1789 1152 1917 1191 mea
1955 1137 2122 1205 (Psal.

476 1233 654 1304 xxxv).
686 1233 746 1288 Si
779 1232 933 1288 enim
968 1230 1271 1288 laboratin
1308 1232 1395 1286 his
1447 1231 1664 1301 anima,
1718 1230 2031 1286 miseretur
2071 1231 2127 1283 et

474 1325 745 1383 condolet
776 1323 859 1378 illi
892 1324 1063 1379 Deus.

546 1418 597 1472 3.
627 1418 822 1472 Abbas
848 1416 1177 1472 Pmmenius
1202 1416 1380 1471 dixit:
1405 1419 1547 1470 Cum
1573 1414 1923 1485 cogitatione
1952 1412 2125 1469 fornio

470 1509 719 1567 cationis
740 1514 797 1564 et
828 1508 1290 1563 detractionibus
1318 1507 1593 1580 proximi,
1618 1524 1750 1562 cum
1777 1506 1869 1561 his
1894 1505 2124 1561 duobus

468 1604 525 1658 in
548 1601 721 1658 corde
746 1604 848 1656 tuo
873 1616 943 1655 nc
967 1600 1251 1671 loquaris,
1285 1615 1469 1671 neque
1506 1599 1845 1671 acquiescas
1884 1596 2122 1653 omnino

468 1691 923 1764 inquinamento
955 1689 1220 1759 ipsorum
1254 1688 1311 1744 in
1346 1690 1559 1745 anima.
1594 1689 1755 1756 Quod
1792 1687 1839 1742 si
1871 1685 2122 1741 volueris

469 1784 590 1839 haec
608 1783 665 1836 in
690 1782 860 1837 corde
878 1785 977 1835 tuo
998 1778 1293 1846 meditari,
1321 1778 1447 1833 sine
1471 1794 1636 1834 mora
1655 1776 2001 1832 noxietatem
2026 1792 2119 1830 eo-

2239 580 2356 635 Noe
2374 580 2528 635 enim
2553 585 2642 636 est
2666 580 2724 635 in
2752 597 3001 653 persona
3018 581 3357 638 voluntarias
3382 585 3664 654 egestatis,
3686 585 3785 642 Job
3807 590 3857 646 in

2236 686 2448 743 person
2475 671 2877 727 tribulationis
2894 676 2949 727 et
2970 672 3287 743 patientiae,
3313 672 3514 727 Daniel
3538 673 3589 727 in
3632 692 3858 747 persona

2237 761 2626 817 discretionis.
2654 762 2710 816 Si
2736 778 2871 834 ergo
2897 763 3073 817 trium
3099 763 3354 818 istorum
3378 768 3703 820 sanctorum
3729 768 3857 824 viro-

2237 867 2364 906 rum
2394 856 2557 906 actus
2580 852 2634 906 in
2664 850 2857 922 aliquo
2882 852 3118 907 homine
3146 852 3384 921 fuerint,
3420 853 3696 910 Dominus
3716 855 3769 911 in
3798 873 3855 913 eo

2235 946 2325 997 est
2345 940 2620 996 habitans
2654 958 2786 996 cum
2827 942 2978 1013 ipso,
3030 940 3358 1013 suscipiens
3396 957 3550 1011 cum,
3591 948 3642 998 et
3688 945 3854 1017 repel-

2235 1031 2363 1086 lens
2386 1031 2457 1087 ab
2480 1047 2545 1086 eo
2569 1047 2800 1087 omnem
2826 1031 3203 1087 tentalionem
3228 1034 3285 1087 et
3306 1048 3536 1086 omnem
3561 1032 3857 1091 tribulatio-

2236 1137 2371 1176 nem
2397 1120 2907 1192 supervenientem
2933 1121 3005 1175 ab
3026 1119 3287 1176 inimico.

2302 1221 2358 1275 9.
2392 1220 2741 1275 Referebant
2764 1219 2962 1275 Patres
2990 1219 3177 1275 sancti
3212 1221 3447 1292 (Pelag.,
3472 1220 3618 1276 libet.
3654 1238 3777 1289 xvn,
3808 1240 3856 1277 η.

2230 1310 2321 1381 20)
2353 1328 2366 1365 :
2391 1310 2531 1365 Tres
2555 1309 2762 1365 fratres
2787 1309 3023 1364 fuerunt
3040 1310 3110 1364 ad
3132 1310 3575 1366 conductionem
3606 1310 3719 1382 agri
3748 1328 3856 1368 me-

2233 1398 2418 1470 tendi,
2442 1403 2499 1454 et
2524 1403 2836 1471 postquam
2860 1399 3268 1454 conduxerunt
3297 1403 3354 1455 et
3380 1404 3677 1472 cmperunt
3696 1405 3861 1456 mete-

2232 1506 2315 1557 re,
2342 1506 2495 1544 unus
2517 1506 2585 1545 ex
2606 1488 2699 1544 his
2718 1489 3059 1545 infirmatus
3081 1488 3423 1545 discessitin
3452 1489 3652 1546 cellam
3677 1507 3857 1559 suam;

2234 1579 2489 1651 aliiergo
2522 1579 2637 1635 duo
2678 1579 2887 1633 fratres
2932 1579 3208 1634 dixerunt
3238 1580 3307 1634 ad
3360 1580 3645 1635 invicem:
3680 1581 3860 1636 Frater

2233 1675 2431 1727 noster
2461 1670 2813 1740 infirmatur,
2838 1670 3215 1725 adhortemur
3252 1688 3356 1726 nos
3382 1671 3544 1744 ipsos
3564 1671 3855 1739 modicum,

2231 1763 2287 1814 et
2317 1775 2624 1829 speremus
2648 1774 2749 1830 per
2772 1758 3067 1813 orationes
3097 1758 3435 1832 illius,quia
3461 1764 3518 1815 et
3549 1759 3742 1816 locum
3774 1761 3855 1833 ip-

466 1886 595 1927 rum
620 1868 857 1937 senties,
890 1867 1029 1938 quia
1052 1865 1354 1937 instigatio
1379 1865 1729 1937 perditionis
1756 1868 1875 1932 est;
1896 1864 1995 1918 sed
2018 1879 2121 1934 per

2238 1849 2353 1904 sius
2386 1852 2696 1903 metemus.
2724 1847 3039 1918 Postquam
3063 1863 3199 1920 ergo
3225 1853 3615 1915 messuerunt,
3638 1854 3691 1905 et
3711 1865 3853 1905 acce-

468 1957 793 2016 orationem
816 1961 871 2011 et
893 1956 1046 2011 bona
1067 1969 1244 2025 opera
1276 1954 1346 2008 ad
1376 1952 1625 2007 nihilum
1664 1953 1920 2007 deducas
1954 1950 2119 2005 mali-

470 2063 676 2119 gnum,
699 2050 756 2100 et
776 2043 965 2115 magis
988 2041 1203 2113 repelle
1226 2041 1325 2096 illa
1369 2046 1425 2096 et
1447 2040 1685 2096 habebis
1710 2040 1988 2112 requiem.

536 2149 589 2202 4.
616 2148 818 2203 Frater
847 2144 1157 2216 requisivit
1207 2158 1407 2199 senem
1433 2142 1634 2198 dicens
1661 2159 1674 2196 :
1698 2141 1845 2207 Quid
1891 2140 2120 2210 faciam,

478 2241 675 2303 Pater,
700 2243 905 2293 contra
942 2235 1323 2306 cogitationes
1354 2234 1741 2306 passionum?
1764 2233 2118 2305 Respondit;

474 2332 585 2385 Ora
605 2327 915 2384 Dominum
936 2324 1412 2382 utvideantoeuli
1452 2326 1663 2380 animae
1684 2328 1796 2379 tuae
1815 2322 2119 2389 auxilium,

473 2419 628 2490 quod
654 2435 687 2473 a
708 2422 819 2473 Deo
842 2414 1711 2487 est,quicircumdathominem
1725 2418 2118 2469 etconservat.

544 2518 599 2571 5.
624 2516 871 2585 Quidam
899 2516 1074 2569 frater
1087 2515 1380 2570 vadensin
1406 2517 1723 2569 mercatum
1744 2511 2124 2584 interrogavit

479 2606 750 2662 abbatem
806 2604 1187 2670 Pmmenium,
1237 2604 1485 2659 dicens:
1530 2602 1831 2667 Quomodo
1873 2602 2120 2657 vendam

489 2711 662 2766 opera
694 2693 863 2748 mea?
890 2692 1041 2747 Dixit
1070 2692 1120 2748 ei
1154 2708 1331 2748 senex
1364 2709 1377 2747 :
1406 2692 1486 2746 Ne
1514 2690 1658 2746 velis
1690 2689 1911 2761 aliquid
1946 2706 2124 2761 super

480 2785 639 2854 quod
661 2784 811 2838 valet
835 2783 1103 2850 vendere,
1129 2783 1228 2838 sed
1254 2781 1443 2853 magis
1466 2780 1511 2835 si
1531 2795 1823 2851 gravares,
1845 2782 1969 2834 esto
1984 2779 2123 2833 ami-

481 2895 585 2933 cus
607 2877 656 2932 ei
690 2876 785 2946 qui
820 2876 922 2930 tibi
972 2875 1259 2931 violenter
1286 2874 1419 2945 plus
1452 2872 1623 2938 tollit,
1670 2877 1887 2927 etcum
1919 2872 2120 2943 requie

478 2968 679 3023 vende.
715 2967 832 3037 Ego
864 2966 1019 3022 enim
1053 2966 1368 3036 aliquando
1398 2964 1616 3019 vadens
1665 2962 1725 3017 in
1772 2968 2118 3029 mercatum;

476 3072 780 3129 nunquam
813 3055 967 3111 volui
989 3056 1058 3111 de
1082 3056 1266 3126 pretio
1306 3053 1500 3126 operis
1532 3052 1643 3107 mei
1666 3051 2031 3125 plusjuvari,
2066 3057 2123 3108 et

476 3149 715 3203 fratrem
747 3161 944 3202 meum
969 3146 1218 3216 gravari,
1245 3143 1393 3199 hanc
1416 3142 1637 3197 habens
1661 3157 1847 3213 spem,
1880 3140 2122 3212 quialu-

473 3253 638 3292 crum
665 3234 861 3290 fratris
884 3235 997 3290 mei
1025 3251 1172 3306 opus
1196 3230 1661 3289 fructificationis
1692 3235 1802 3286 est.

546 3327 602 3380 6.
652 3325 824 3382 Venit
863 3326 1102 3398 quidam
1136 3326 1313 3379 frater
1342 3324 1411 3377 ad
1446 3322 1716 3377 abbatem
1764 3320 2125 3392 Agathonem

479 3416 696 3487 (Pelag.
736 3416 911 3471 libell.
946 3432 1021 3482 ιν,
1052 3433 1111 3470 η.
1153 3415 1207 3484 8)
1253 3412 1453 3468 dicens
1479 3427 1492 3466 :
1518 3415 1700 3478 Pater,
1736 3410 2007 3481 permitte
2039 3426 2129 3465 me

477 3506 742 3561 habitare
762 3510 952 3560 tecum
974 3522 989 3572 ;
1009 3500 1632 3573 suscipiensqueillum
1658 3499 1802 3555 vidit
1826 3499 2044 3554 nitrum
2068 3498 2126 3554 in

480 3611 657 3649 manu
686 3594 837 3662 ejus,
859 3597 915 3648 et
937 3593 1077 3648 dicit
1095 3592 1144 3649 ei
1173 3592 1365 3647 :Unde
1385 3590 1565 3646 habes
1594 3590 1813 3644 nitrum
1835 3589 1863 3644 ?
1884 3605 2130 3660 respon-

479 3684 568 3737 dit
607 3683 788 3737 frater
824 3683 1062 3738 :Inveni
1098 3681 1241 3737 illud
1276 3682 1335 3735 in
1368 3680 1459 3735 via
1488 3681 1627 3734 dum
1664 3678 1945 3734 venirem.
1977 3677 2132 3733 Dixit

488 3770 571 3826 illi
604 3787 816 3827 senex:
862 3772 947 3826 Tu
998 3770 1142 3825 illud
1178 3768 1861 3841 posueras?respondit:
1886 3768 2032 3824 Non.
2067 3769 2133 3822 Et

482 3861 599 3917 diei
621 3861 670 3917 ei
701 3878 874 3917 senex
920 3878 933 3917 :
983 3861 1040 3915 Si
1074 3876 1211 3931 ergo
1242 3864 1305 3914 tu
1347 3874 1460 3913 non
1494 3872 1795 3928 posueras,
1838 3858 2131 3928 quomodo

487 3950 728 4007 veniens
761 3950 1023 4005 habitare
1056 3965 1285 4004 mecum
1322 3946 1429 4001 hoc
1460 3945 1647 4000 tulisti
1696 3946 1851 4016 quod
1886 3962 1996 3999 non
2032 3962 2131 4016 po-

482 4059 707 4109 sueras,
756 4042 896 4096 dum
925 4056 1041 4110 prae
1081 4038 1269 4093 oculis
1289 4042 1473 4092 Deum
1504 4036 1855 4091 et’mandata
1877 4034 2006 4105 ejus
2038 4034 2137 4091 ha'

482 4132 714 4197 bemus,
773 4130 1064 4184 dicentem
1101 4131 1263 4182 :Non
1299 4126 1735 4197 conscupisces,
1787 4142 1901 4181 non
1954 4125 2131 4181 facies

478 4221 697 4275 furtum
729 4221 908 4287 (Deut.
943 4216 1043 4289 v)?
1072 4222 1160 4273 An
1196 4217 1433 4287 ignoras
1459 4215 1597 4286 quia
1630 4214 1731 4287 qui
1767 4214 1991 4270 furatur
2015 4231 2131 4271 rem

477 4309 751 4377 alienam,
775 4308 1000 4362 daemon
1028 4306 1320 4361 efﬁcitur?
1350 4308 1476 4360 Mox
1497 4310 1692 4360 autem
1718 4304 1944 4361 remisit
1968 4319 2125 4370 eum,

475 4399 678 4453 dicens
714 4414 726 4452 :
763 4397 1013 4467 Reporta
1037 4395 1178 4451 illud
1211 4396 1269 4451 in
1304 4394 1498 4451 locum
1527 4395 1683 4451 unde
1711 4393 1922 4460 tulisti,
1947 4397 2004 4450 et
2025 4394 2128 4450 ha-

478 4488 602 4544 bita
634 4503 884 4543 mecum.

2228 1942 2439 2010 perunt
2464 1938 2789 1993 mercedem
2815 1936 3172 1992 conductels:
3196 1938 3273 2009 (2)
3296 1955 3416 1994 sua:
3440 1942 3655 1993 certam
3696 1938 3856 1994 tritici

2228 2044 2593 2097 mensuram,
2629 2032 2769 2082 tunc
2800 2031 3155 2082 vocaverunt
3188 2031 3246 2081 et
3283 2025 3457 2081 illum
3503 2026 3854 2095 fratrem,di-

2226 2122 2424 2173 centes
2451 2134 2463 2171 :
2490 2116 2651 2185 Veni,
2692 2117 2815 2171 leva
2856 2116 3185 2171 mercedem
3228 2116 3585 2172 conductelaa
3622 2114 3859 2171 tum.llle

2228 2211 2421 2262 autem
2458 2206 2639 2261 dixit:
2667 2205 2907 2270 Qualem
2954 2207 3283 2262 mercedem
3328 2206 3540 2275 habeo,
3583 2223 3708 2262 cum
3755 2223 3856 2261 non

2226 2296 2549 2368 potuissem
2577 2299 2791 2350 metere
2812 2295 2839 2350 ‘I
2872 2294 2954 2350 illi
2984 2312 3116 2350 vero
3141 2297 3574 2368 responderunt
3602 2313 3615 2351 :
3644 2296 3859 2367 PrOpter

2227 2386 2546 2441 orationem
2572 2388 2736 2440 tuam
2763 2401 2866 2440 nos
2901 2385 3332 2457 complevimus
3354 2390 3413 2441 et
3439 2391 3605 2441 tuum
3632 2402 3770 2457 opus
3808 2391 3857 2441 et

2226 2480 2517 2544 nostrum,
2534 2477 2591 2529 et
2611 2474 2738 2529 ideo
2762 2474 2958 2546 accipe
2981 2476 3308 2531 mercedem
3333 2479 3518 2531 tuam.
3553 2475 3651 2531 Ille
3680 2478 3857 2531 autem

2227 2565 2508 2622 noluitab
2531 2565 2614 2619 eis
2639 2564 2862 2635 aliquid
2908 2564 3207 2636 accipere:
3236 2565 3442 2621 multis
3479 2570 3668 2622 autem
3702 2564 3853 2620 illum

2227 2653 2737 2727 compellentibus,
2774 2657 2831 2709 et
2855 2653 2953 2709 illo
2988 2671 3103 2710 non
3137 2655 3575 2726 acquiescente,
3605 2654 3857 2710 abierunt

2227 2744 2297 2799 ad
2320 2744 2637 2815 quemdam
2661 2758 2859 2798 senem
2890 2742 3201 2813 dijudicari
3226 2743 3339 2815 (3);
3375 2745 3523 2799 dixit
3548 2747 3733 2800 autem
3758 2744 3854 2799 fra-

2226 2840 2313 2892 ter
2330 2833 2431 2905 qui
2458 2832 2795 2888 infirmatus
2832 2832 3059 2888 fuerat:
3084 2832 3483 2901 Perreximus,
3523 2835 3750 2890 domine
3782 2832 3853 2889 mi

2226 2923 2397 2992 abba,
2424 2938 2530 2978 nos
2553 2925 2671 2977 tres
2701 2926 2916 2976 metere
2934 2920 3290 2985 conductum
3314 2938 3525 2993 agrum
3556 2940 3569 2991 ;
3606 2922 3852 2977 infirma-

2227 3021 2320 3069 tus
2362 3016 2557 3067 autem
2584 3026 2689 3083 ego
2740 3014 2870 3081 post
2900 3027 3083 3065 unum
3119 3011 3274 3066 diem
3305 3011 3553 3067 discessi
3588 3012 3644 3066 in
3674 3010 3858 3067 cellam

2226 3117 2442 3168 meam,
2475 3105 2530 3157 et
2565 3100 2736 3155 modo
2776 3098 3138 3172 compellunt
3166 3116 3257 3156 me
3290 3100 3390 3156 isti
3422 3101 3626 3158 tollere
3659 3116 3859 3157 merce-

2226 3195 2357 3250 dem
2382 3209 2485 3266 pro
2508 3208 2679 3264 opere
2699 3192 2852 3263 quod
2877 3208 2988 3247 non
3008 3190 3286 3247 laboravi.
3312 3193 3746 3266 Respondentes
3771 3207 3861 3246 au-

2236 3288 2353 3339 tem
2389 3282 2503 3338 duo
2555 3282 2766 3336 fratres
2818 3280 3094 3337 dixerunt
3144 3298 3156 3336 :
3206 3282 3381 3353 Audi,
3415 3282 3651 3338 domine
3684 3285 3861 3337 noster

2234 3376 2428 3438 Pater;
2464 3370 2513 3425 si
2546 3370 2864 3426 fuissemus
2886 3370 2990 3426 toti
3018 3375 3135 3426 tres
3157 3386 3292 3426 cum
3317 3370 3519 3427 labore
3540 3371 3735 3443 grandi
3759 3371 3857 3425 for-

2233 3466 2389 3517 tasse
2447 3459 2792 3532 completuri
2824 3459 3144 3515 fuissemus
3186 3477 3337 3532 opus
3380 3466 3684 3530 nostrum;
3717 3475 3857 3516 nunc

2235 3568 2337 3625 per
2366 3549 2661 3606 orationes
2693 3549 2889 3604 fratris
2921 3549 3105 3604 nostri
3146 3554 3297 3605 Deus
3343 3567 3452 3607 nos
3482 3550 3780 3621 adjuvavit,
3809 3551 3859 3603 et

2236 3640 2592 3714 perfecimus
2617 3642 2803 3695 totum
2829 3655 3061 3711 agrum,
3083 3643 3138 3694 et
3160 3656 3273 3695 non
3299 3640 3425 3695 vult
3449 3640 3649 3697 tollere
3666 3654 3858 3695 merce-

2238 3730 2369 3785 dem
2391 3746 2579 3785 suam.
2610 3730 2737 3783 Haec
2762 3728 3007 3783 audiens
3030 3744 3207 3784 senex
3231 3729 3483 3785 miratus
3502 3735 3588 3785 est
3611 3729 3795 3799 nimis,
3812 3731 3861 3782 et

2238 3820 2568 3876 convocatis
2593 3819 2871 3874 fratribus
2895 3820 3017 3874 suis
3032 3819 3175 3874 dixit
3199 3835 3212 3875 :
3238 3820 3381 3875 Veni
3394 3826 3467 3890 te,
3490 3822 3691 3876 fratres
3705 3824 3758 3876 et
3776 3836 3861 3875 au-

2240 3909 2355 3964 dite
2378 3909 2549 3963 hodie
2566 3908 3129 3978 justitizejudicium.
3146 3909 3432 3980 Exposuit
3454 3910 3656 3964 1003
3674 3908 3865 3963 utrius-

2240 4015 2352 4070 que
2375 3998 2559 4070 partis
2601 3997 2836 4069 singula
2874 3998 3070 4068 verba,
3094 4001 3150 4052 et
3183 4013 3390 4053 omnes
3437 3999 3633 4055 mirati
3658 4003 3788 4055 sunt
3813 3996 3863 4051 in

2240 4089 2543 4159 utrisque;
2578 4104 2693 4142 uno
2732 4087 2969 4158 quidem
3009 4103 3122 4142 non
3178 4088 3583 4143 consentiente
3630 4088 3865 4159 accipere

2237 4176 2607 4248 aliquid,illis
2626 4193 2757 4231 vero
2782 4174 3271 4248 compellentibus
3286 4176 3571 4233 violenter
3594 4176 3865 4249 suscipere

2237 4268 2475 4322 fratrem
2502 4266 2830 4321 mercedem
2850 4281 3040 4321 suam.
3063 4265 3228 4321 Tunc
3252 4267 3592 4323 astantibus
3614 4266 3863 4322 omnibus

2236 4358 2527 4414 ordinavit
2569 4358 2806 4412 fratrem
2839 4356 3099 4428 accipere
3131 4358 3461 4413 mercedem
3492 4374 3680 4423 suam,
3710 4361 3763 4413 et
3789 4354 3865 4409 di-

2236 4464 2514 4521 spensare
2553 4464 2681 4503 eam
2715 4447 2866 4503 sicut
2895 4445 3086 4503 vellet.
3114 4445 3213 4502 Ille
3239 4462 3372 4503 vero
3403 4447 3549 4503 abiit
3596 4446 3776 4503 tristis
3815 4448 3864 4500 et

636 4540 1021 4648 interrogavit
1071 4576 1252 4631 frater
1290 4575 1558 4631 abbatem
1598 4574 1853 4630 Sisoium
1886 4574 2118 4646 (Pelag.,
2151 4575 2201 4643 ι)
2236 4540 2493 4648 phitag“

475 4667 651 4723 libell.
696 4685 752 4737 x,
798 4685 857 4723 η.
909 4667 999 4736 56,
1049 4668 1273 4722 nomine
1321 4666 1608 4733 Pastoris;
1639 4671 1821 4734 Pasc.,
1852 4665 1942 4732 36,
1978 4683 2031 4719 η.
2068 4666 2119 4735 4)

474 4758 675 4812 dicens
708 4772 721 4810 :
758 4756 1015 4812 Dimissa
1046 4760 1135 4812 est
1180 4755 1320 4810 mihi
1378 4754 1683 4810 haareditas
1713 4771 1745 4809 a
1777 4754 2118 4825 parentibus

474 4848 642 4913 meis,
667 4848 809 4919 quid
837 4848 907 4903 de
932 4848 1030 4902 illa
1056 4848 1262 4902 faciam
1290 4850 1311 4902 Ρ
1341 4846 1663 4918 Respondit
1712 4860 1889 4900 senex
1924 4861 1935 4898 :
1971 4845 2118 4907 Quid

474 4936 574 4992 tibi
600 4936 814 4999 dicam.
861 4936 1075 4990 frater?
1105 4936 1159 4989 Si
1195 4936 1393 4990 dixero
1422 4934 1529 4989 tibi
1564 4950 1575 4989 :
1629 4934 1709 4988 Da
1740 4932 1901 4989 illam
1936 4933 1993 4987 in
2028 4950 2119 4989 ec-

472 5025 711 5081 clesiam
745 5024 998 5091 clericis,
1049 5024 1362 5096 epulantur
1392 5040 1457 5077 ex
1490 5023 1636 5093 ipsa.
1672 5022 1729 5078 Si
1760 5023 1957 5077 dixero
1993 5039 2006 5078 :
2045 5027 2121 5078 Da

476 5113 931 5183 consanguineis
968 5112 1108 5177 tuis,
1132 5111 1354 5166 nullam
1398 5110 1724 5165 mercedem
1770 5109 2034 5165 habebis.
2062 5110 2118 5164 Si

479 5218 616 5272 ergo
647 5218 740 5256 me
768 5202 854 5256 vis
887 5201 1111 5270 audire,
1132 5202 1202 5256 da
1226 5200 1381 5256 illam
1407 5200 1736 5271 egentibus,
1770 5202 1825 5254 et
1854 5199 1979 5255 sine
2002 5198 2122 5255 sol-

478 5289 802 5345 licitudine.
837 5290 974 5345 eris.

545 5378 600 5431 8.
621 5378 813 5433 Abbas
826 5384 1052 5448 Moyses
1075 5377 1219 5433 dixit
1238 5377 1472 5449 (Pelag.,
1493 5377 1686 5443 libet.r,
1703 5394 1759 5431 η.
1795 5377 1880 5430 14.
1899 5378 2119 5435 nomine

477 5468 775 5537 Pastoris):
797 5468 1045 5523 Privatio
1070 5484 1262 5523 rerum
1282 5465 1700 5534 materialium,
1718 5465 1775 5520 id
1795 5470 1902 5533 est,
1923 5465 2120 5523 volun-

476 5558 624 5613 taria
648 5560 985 5628 paupertas,
1026 5562 1082 5611 et
1110 5556 1411 5612 tribulatio
1441 5572 1572 5611 cum
1600 5555 1904 5627 patientia,
1928 5556 2116 5612 etdis-

474 5645 675 5715 cretio,
714 5646 1101 5701 instrumenta
1159 5649 1300 5701 sunt
1343 5644 1638 5699 monachi.
1697 5644 1991 5716 Scriptum
2032 5650 2121 5701 est

476 5734 735 5794 enim:Si
754 5734 971 5792 fuerint
1012 5738 1131 5791 tres
1157 5734 1262 5791 viri
1302 5733 1423 5805 isti,
1464 5738 1601 5805 Noe,
1635 5733 1769 5805 Job,
1796 5738 1853 5790 et
1882 5732 2117 5806 Daniel;

2308 4639 2391 4692 10.
2415 4636 2570 4692 Dixit
2606 4652 2813 4692 senex:
2836 4636 2894 4691 Si
2920 4634 3152 4691 habitas
3178 4651 3311 4690 cum
3338 4635 3622 4709 proximo,
3657 4640 3772 4691 esto
3793 4632 3862 4688 si-

2231 4726 2623 4784 cutcolumna
2644 4724 3039 4797 lapidea,quse
3062 4725 3109 4779 si
3130 4725 3579 4796 injurieturnon
3596 4725 3860 4788 irascitur,

2232 4817 2281 4872 si
2315 4814 2676 4885 gloriﬁcetur
2699 4832 2810 4869 non
2837 4813 3134 4869 extollitur
3154 4814 3478 4885 (Paschas.,
3508 4831 3556 4870 ε.
3602 4816 3688 4884 42,
3714 4831 3765 4867 η.
3796 4811 3861 4882 2).

2304 4917 2387 4970 11.
2424 4915 2580 4969 Dixit
2612 4914 2795 4969 abbas
2824 4914 3051 4969 Sisoius
3076 4931 3087 4968 :
3117 4917 3259 4969 Cum
3290 4913 3537 4969 fuissem
3569 4910 3860 4986 aliquando

2228 5026 2363 5066 cum
2398 5010 2573 5064 fratre
2606 5008 2663 5063 in
2699 5013 2953 5063 mercato
3002 5007 3251 5063 vendere
3299 5006 3633 5080 sportellas,
3682 5006 3863 5060 videns

2230 5099 2371 5171 quia
2431 5098 2740 5153 iracundia
2790 5096 3306 5169 appropinquabat
3368 5097 3535 5167 mihi,
3586 5096 3863 5152 dimittens

2231 5192 2431 5243 nostra
2460 5185 2697 5242 vascula
2729 5186 2847 5257 fugi
2876 5185 3180 5257 (Paschas.,
3204 5202 3251 5241 ο.
3284 5186 3377 5251 37,
3409 5203 3469 5241 η.
3508 5185 3580 5257 1).

2303 5288 2388 5341 12.
2422 5284 2571 5340 Dixit
2622 5283 2804 5339 abbas
2847 5287 3104 5339 Joannes
3139 5299 3151 5339 :
3192 5284 3532 5340 Aseendens
3567 5278 3858 5354 aliquando

2227 5374 2383 5429 viam
2418 5372 2599 5429 eremi
2629 5372 2895 5445 Scythiae,
2926 5376 2983 5428 et
3002 5376 3201 5428 texens
3235 5373 3514 5445 plectam,
3553 5369 3744 5429 audivi
3773 5384 3856 5424 ca-

2230 5463 2532 5521 melarium
2555 5462 2886 5534 loquentem
2906 5478 3208 5519 sermones
3220 5480 3432 5532 vanos;
3450 5466 3508 5519 et
3525 5480 3596 5519 ne
3613 5459 3859 5519 forteira-

2230 5572 2445 5625 scerer,
2478 5553 2677 5609 dimisi
2711 5552 2961 5625 plectam
2995 5569 3207 5619 meam,
3240 5558 3296 5609 et
3326 5553 3447 5625 fugi
3479 5551 3775 5625 (Paschas.,
3813 5562 3853 5603 ε.

2228 5650 2320 5714 37,
2350 5664 2408 5701 η.
2442 5648 2511 5711 2;
2544 5645 2729 5715 Pelag.
2767 5644 2803 5698 ι.
2836 5660 2914 5711 1v,
2944 5661 3002 5698 η.
3034 5643 3145 5712 20).

2307 5737 2393 5793 13.
2420 5735 2579 5790 Idem
2600 5750 2796 5805 senex,
2820 5732 2879 5789 in
2904 5737 3135 5790 sectura
3156 5732 3368 5790 messis
3389 5731 3533 5790 dum
3564 5733 3734 5801 esset,
3762 5743 3856 5784 au-
