4092 6324
228 412 321 467 389

1250 409 1734 465 EGYPTIORUM
1774 408 2068 465 PATRUM
2106 413 2553 469 SENTENTIE.

3498 417 3607 471 390

232 542 394 607 Pater,
425 540 561 594 doce
591 553 683 593 me
714 536 845 608 quid
887 536 1117 594 faciam.
1154 536 1513 608 Respondit:
1554 535 1843 607 Scriptum
1879 552 1931 616 Α
1963 538 2043 593 sis
2076 540 2374 596 conﬁdens
2408 541 2464 596 in
2500 540 2703 598 merito
2746 543 2991 613 justitiae
3052 547 3182 613 tum,
3238 561 3351 599 non
3384 544 3606 616 cogites

231 634 336 684 est:
368 629 644 695 Quoniam
672 626 1047 698 iniquitatem
1083 642 1271 682 meam
1306 642 1410 699 ego
1434 626 1848 698 pronuntiabo,

232 724 279 775 et
305 718 557 791 cogitabo
589 734 691 789 pro
724 722 961 789 peccato
995 733 1122 772 meo
1153 716 1328 788 (Psal.
1364 717 1436 787 ι).

292 818 368 873 46.
403 815 722 885 Requisivit
753 817 930 872 frater
960 831 1158 871 senem
1204 815 1443 885 (Pasch.,
1479 831 1527 869 c.
1562 815 1651 885 41,
1682 833 1738 869 n.
1776 815 1847 886 1),

233 907 443 962 dicens:
479 905 663 971 Pater,
699 905 838 977 quid
875 905 1118 960 faciam?
1162 905 1520 977 Respondit:
1581 904 1760 974 Vade,
1795 908 1852 961 et

231 1013 344 1051 ama
366 996 464 1051 tibi
500 996 610 1068 ipsi
645 996 758 1050 vim
794 995 1003 1064 facere;
1026 996 1271 1067 evagina
1302 993 1564 1067 gladium
1599 998 1853 1062 tuum,et

231 1086 303 1141 exi
334 1086 385 1141 in
413 1085 652 1142 bellum.
672 1085 820 1141 Dicit
842 1086 891 1140 ei
918 1085 1111 1140 frater:
1136 1101 1246 1139 non
1275 1099 1366 1138 me
1392 1082 1740 1155 permittunt
1761 1098 1851 1137 co-

228 1177 533 1249 gitationes.
569 1176 890 1247 Respondit
920 1191 1129 1230 senex:
1179 1173 1470 1245 Scriptum
1503 1178 1610 1227 est:
1648 1173 1853 1225 lnvoca

230 1282 305 1321 me
332 1266 384 1320 in
407 1266 496 1319 die
521 1264 919 1321 tribulationis
942 1268 1078 1330 tute,
1102 1268 1158 1319 et
1179 1263 1422 1333 eripiam
1444 1266 1519 1331 te,
1550 1265 1607 1316 et
1625 1260 1851 1333 glorifi-

228 1354 367 1410 cabis
412 1371 501 1410 me
540 1354 717 1427 (Psal.
767 1354 938 1426 χιιι).
974 1354 1180 1409 Invoca
1223 1367 1359 1423 ergo
1392 1355 1600 1419 Deum,
1648 1354 1705 1405 et
1734 1350 1851 1405 eri-

227 1446 327 1516 piet
356 1450 426 1501 te.

286 1536 363 1590 47,
396 1535 572 1590 Erant
619 1532 936 1606 aliquando
969 1531 1153 1587 abbas
1190 1529 1532 1585 Theodorus
1564 1532 1621 1583 et
1668 1527 1851 1583 abbas

229 1623 289 1678 0r
311 1626 604 1680 mittentes
623 1623 812 1679 lutum
829 1624 887 1678 in
912 1626 1125 1678 tectum
1151 1619 1305 1676 cellae
1324 1620 1567 1689 (Palag.,
1584 1618 1848 1673 libell.m.

229 1732 275 1768 η.
306 1715 403 1783 19),
435 1718 491 1769 ct
512 1714 787 1768 dixerunt
810 1728 964 1767 unus
987 1712 1057 1765 ad
1083 1710 1356 1766 alterum:
1383 1707 1551 1763 Modo
1574 1707 1622 1761 si
1657 1706 1853 1761 visitat

230 1820 316 1858 nos
339 1802 661 1875 Deus,quid
686 1818 894 1859 sumus
919 1798 1124 1856 facturi
1147 1798 1173 1853 ?
1194 1799 1357 1852 Tunc
1402 1797 1471 1851 ad
1502 1794 1851 1850 alterutrum

228 1893 377 1948 ambo
408 1893 751 1965 plangentes
782 1890 1135 1946 dimiserunt
1165 1904 1313 1959 opus
1336 1886 1768 1956 imperfectum,
1796 1889 1853 1939 et
1881 1931 1928 1995 Β

226 1983 614 2055 unusquisque
646 1984 707 2037 in
738 1980 943 2037 cellam
975 1995 1145 2034 suam
1179 1980 1562 2032 recesserunt.

279 2081 355 2135 48.
386 2082 580 2137 Abbas
603 2078 875 2135 Silvanus
898 2078 1037 2133 dum
1071 2078 1297 2132 sederet
1318 2075 1375 2128 in
1400 2073 1548 2129 cella
1571 2074 1759 2128 factus
1791 2060 1849 2127 in

227 2171 417 2227 exstasi
444 2170 745 2243 pendebat
775 2168 834 2223 in
870 2168 1013 2223 facie
1035 2184 1164 2232 sua,
1188 2169 1245 2221 et
1276 2162 1645 2236 postmultas
1679 2163 1849 2218 horas

225 2278 447 2333 surgens
478 2261 800 2333 plangebat
831 2258 1019 2329 (Ra/7.,
1053 2257 1090 2310 ι.
1126 2272 1208 2323 ιιι,
1236 2274 1295 2308 η.
1337 2254 1482 2320 205;
1519 2251 1735 2323 Ρρια9.,
1780 2252 1850 2305 li-

214 2351 335 2421 ‘bell.
366 2368 450 2417 ιιι,
483 2367 541 2407 n.
576 2350 693 2421 25).
722 2353 933 2405 Astans
956 2351 1149 2401 autem
1173 2343 1502 2415 discipulus
1526 2341 1849 2411 ejusdixit:

226 2437 351 2501 Quid
364 2436 771 2508 habes,Pater?
786 2436 886 2491 Illa
900 2437 1096 2490 autem
1112 2437 1310 2489 tacens
1341 2430 1675 2503 plangebat.
1701 2429 1847 2484 Dum

226 2532 397 2584 autem
412 2527 701 2584 molestus
716 2525 798 2581 illi
817 2532 973 2582 esset
989 2521 1318 2595 discipulus
1335 2524 1369 2575 Ἀ
1384 2520 1532 2575 005
1563 2519 1856 2574 utdiceret

226 2617 267 2673 ei
287 2635 381 2673 cur
399 2618 727 2690 plangeret;
751 2613 1031 2671 violenter
1060 2610 1402 2684 compulsus
1435 2607 1599 2663 dixit:
1640 2608 1757 2680 Ego
1794 2606 1852 2661 in

218 2707 486 2777 judicium
522 2711 731 2779 raptus
762 2722 914 2774 sum,
958 2704 1060 2771 fili;
1094 2701 1282 2759 etvidi
1304 2698 1520 2755 multos
1538 2697 1852 2753 schematis

227 2797 557 2853 monachilis
578 2800 787 2852 euntes
814 2795 872 2849 in
898 2791 1223 2866 suppliciis,
1256 2794 1313 2846 et
1338 2787 1553 2844 multos
1571 2788 1853 2843 laicorum

224 2892 406 2943 euntes
438 2888 498 2941 in
532 2902 804 2958 regnum.

285 2977 568 3033 46.Abbas
582 2979 807 3047 Moyses
830 2972 988 3028 venit
1008 2973 1077 3028 ad
1103 2975 1342 3043 puteum
1368 2969 1603 3025 haurire
1622 2984 1855 3039 aquam,

223 3069 269 3120 et
293 3066 428 3121 vidit
450 3066 693 3122 fratrem
713 3062 1053 3119 Zachariam
1074 3065 1425 3131 orantem,et
1450 3059 1731 3132 Spiritum
1753 3057 1854 3113 Dei

222 3172 376 3228 super
394 3173 529 3212 eum
548 3155 1016 3227 requiescentem
1049 3152 1284 3224 (Pelag.,
1318 3150 1491 3205 libell.
1524 3167 1615 3217 xv,
1646 3167 1703 3203 η.
1746 3149 1851 3217 t7).

279 3256 359 3310 50.
388 3255 708 3311 Dicebatur
729 3254 798 3308 de
828 3253 1036 3307 abbate
1074 3250 1299 3305 Joanne
1355 3248 1494 3320 quia
1548 3263 1849 3319 nunquam

219 3345 576 3416 permittebat
590 3342 1002 3415 cogitationem
1019 3340 1268 3395 otiosam
1284 3338 1596 3394 ascendere
1610 3338 1667 3392 in
1682 3337 1853 3392 corde

221 3452 532 3507 suo,neque
547 3433 898 3504 loquebatur
916 3431 986 3486 de
1000 3429 1195 3485 causis
1217 3427 1415 3484 saeculi
1431 3428 1608 3498 hujus
1624 3427 1861 3499 (Pelag.,

225 3524 256 3577 ι.
285 3542 355 3595 xi,
387 3542 442 3579 η.
466 3523 982 3595 13).Tentaverunt
999 3536 1134 3592 ergo
1157 3535 1293 3574 eum
1314 3518 1539 3585 fratres,
1561 3517 1858 3571 dicentes:

225 3612 431 3669 Gratias
465 3613 709 3685 agimus
736 3610 1072 3678 Deo,Pater;
1098 3606 1249 3680 pluit
1269 3607 1424 3662 enim
1454 3605 1717 3676 nimis,et
1735 3603 1863 3676 pal-

223 3720 315 3757 mes
337 3704 581 3759 arbores
602 3701 855 3773 irrigata:
891 3700 1222 3771 producunt
1248 3696 1535 3769 germina,
1561 3712 1628 3750 ex
1650 3694 1864 3765 quibus

223 3791 507 3848 inveniant
548 3793 754 3845 fratres
778 3788 913 3845 folia
945 3806 1074 3860 qure
1108 3790 1447 3859 operentur.
1474 3785 1622 3840 Dicit
1652 3782 1737 3838 illi
1770 3800 1862 3838 se-

224 3898 337 3936 nex:
358 3882 455 3938 Sic
486 3884 605 3948 est,
638 3880 869 3949 fratres,
902 3882 959 3933 et
983 3877 1236 3949 Spiritus
1268 3876 1367 3931 Dei
1394 3892 1525 3930 cum
1547 3873 1865 3929 descende—

223 3970 287 4025 rit
314 3970 369 4025 in
401 3970 585 4026 corda
604 3974 965 4038 sanctorum,
992 3966 1438 4038 adaperiuntur,
1459 3970 1516 4021 et
1544 3964 1866 4036 producent

226 4057 431 4115 fructus
460 4060 527 4114 in
561 4058 770 4113 timore
802 4055 926 4112 Dei.

286 4146 779 4219 51.1nterrogavit
809 4146 989 4201 frater
1037 4162 1260 4214 senem,
1309 4144 1549 4200 dicens:
1594 4142 1739 4210 Quid
1779 4145 1869 4197 est

226 4240 362 4310 quod
395 4238 548 4295 dixit
567 4237 874 4293 Dominus:
899 4236 959 4291 in
980 4252 1207 4291 carcere
1231 4251 1416 4303 eram,
1440 4241 1493 4289 et
1522 4232 1762 4289 venistis
1795 4231 1867 4287 ad

228 4344 306 4384 me
326 4329 557 4400 (Matth.
601 4326 762 4399 xxv)?
790 4325 1133 4397 Respondit:
1170 4324 1327 4379 Licet
1356 4324 1466 4379 hoc
1494 4322 1553 4378 in
1587 4319 1870 4395 proximis

224 4420 322 4475 sibi
345 4419 634 4477 Dominus
657 4418 910 4489 imputet
927 4416 1376 4483 factum,tamen
1396 4414 1532 4486 quia
1564 4429 1761 4469 carcer
1783 4414 1872 4466 est

226 4509 408 4564 sedere
437 4508 500 4563 in
534 4505 703 4573 cella,
736 4505 785 4561 si
829 4505 963 4576 quis
995 4505 1205 4560 sedens
1238 4505 1295 4559 in
1344 4502 1491 4559 cella
1523 4500 1866 4558 memoriam

226 4598 669 4672 semperhabeat
690 4595 810 4664 Dei,
844 4594 930 4649 illi
962 4600 1117 4651 recte
1138 4594 1451 4651 dicendum
1480 4597 1568 4651 est
1596 4609 1607 4647 :
1658 4593 1717 4647 in
1740 4606 1871 4646 car-

225 4705 337 4744 cere
365 4706 552 4754 eram,
586 4691 643 4741 et
672 4684 914 4740 venistis
946 4685 1015 4739 ad
1040 4701 1153 4741 me.

288 4780 370 4834 5'3.
398 4774 731 4849 Requisivit
752 4775 929 4829 frater
961 4773 1412 4844 senem,dicens:
1439 4771 1588 4838 Quid
1629 4769 1864 4837 faciam,

227 4869 348 4938 quia
380 4866 765 4940 cogitationes
797 4880 889 4918 me
922 4864 1305 4919 conturbant?
1330 4859 1653 4934 Respondit
1685 4858 1867 4913 abbas

225 4956 483 5015 Besarion
508 4974 521 5012 :
554 4956 639 5010 Tu
673 4953 930 5026 quiesce,
962 4958 1018 5008 et
1040 4970 1155 5008 non
1179 4958 1232 5009 te
1256 4967 1559 5008 measures
1582 4966 1717 5005 cum
1752 4964 1869 5003 ma-

225 5049 359 5117 gnis,
392 5048 496 5105 sed
530 5050 655 5101 esto
686 5050 886 5099 tacens
919 5043 980 5097 in
1011 5043 1183 5099 corde
1216 5047 1338 5098 tuo.

281 5148 365 5202 53.
390 5142 778 5214 Interrogavit
798 5142 977 5197 frater
1000 5142 1270 5198 abbatem
1289 5137 1863 5209 Antonium,dicens:

227 5239 358 5303 Quid
391 5243 483 5294 est
516 5254 617 5309 pro
659 5232 843 5290 nihilo
876 5233 1137 5305 seipsum
1173 5234 1346 5290 homo
1368 5232 1693 5288 mstimare?
1726 5230 1865 5284 Res-

226 5328 436 5399 pondit:
472 5324 739 5383 Similem
762 5339 823 5379 se
846 5323 1133 5393 jumentis
1164 5322 1668 5379 irrationabilibus
1709 5318 1864 5374 aesti-

229 5432 395 5483 mare,
428 5431 537 5487 pro
560 5430 627 5469 eo
660 5412 813 5483 quod
858 5410 1003 5466 nihil
1032 5412 1358 5482 dijudicant
1400 5411 1553 5466 sicut
1582 5409 1863 5479 scriptum

224 5510 337 5561 est:
372 5506 492 5578 Ego
524 5507 721 5560 autem
750 5499 1273 5572 velutjumentum
1305 5502 1496 5556 factus
1527 5515 1658 5555 sum
1710 5497 1865 5569 apud

229 5600 297 5661 te,
328 5599 386 5651 et
417 5611 527 5665 ego
561 5608 793 5664 semper
825 5595 1016 5646 tecum
1055 5590 1225 5663 (Paul.
1261 5590 1457 5663 Lxxn).

206 5728 209 5759 τ
289 5685 376 5739 54.
400 5681 731 5754 Requisivit
764 5679 943 5737 abbas
975 5679 1193 5737 Pambo
1224 5680 1498 5736 abbatem
1527 5677 1864 5749 Antonium,

227 5774 420 5832 dicens
448 5790 460 5830 :
497 5773 643 5841 Quid
665 5772 811 5829 facio
842 5772 1054 5829 sedens
1076 5771 1135 5827 in
1169 5770 1341 5828 cella?
1361 5768 1701 5842 Respondit:
1746 5767 1867 5825 Non

1956 627 2027 683 de
2060 630 2233 685 rebus
2266 632 2639 696 transitoriis,
2685 636 2741 688 et
2794 636 2917 688 esto
2970 637 3175 690 tenens
3224 632 3489 705 linguam
3545 637 3605 688 et

1956 721 2215 775 ventrem
2248 722 2481 791 (Pelag.,
2516 722 2688 777 libelt.
2723 738 2761 790 ι,
2796 741 2851 777 n.
2885 724 2960 792 2).

2024 817 2448 889 55.Requisivit
2476 820 2655 876 frater
2684 838 2902 876 senem.
2933 821 3155 878 dicens:
3183 821 3358 877 Putas
3382 821 3601 876 bonum

1957 910 2045 961 est
2062 906 2273 962 habere
2304 910 2754 963 aestimationem
2773 912 2982 965 bonam
3002 911 3057 964 in
3076 915 3393 981 conspectu
3410 908 3600 965 homi-

1958 997 2131 1050 num?
2155 996 2508 1068 Respondit:
2542 998 2978 1054 .Estimationes
3021 1003 3141 1055 istae
3173 999 3449 1055 virtutem
3487 1015 3601 1053 non

1956 1084 2191 1142 habent.
2220 1086 2300 1141 Ne
2332 1104 2463 1157 ergo
2494 1090 2637 1143 velis
2689 1088 3135 1143 aestimationem
3181 1088 3395 1144 habere
3448 1088 3605 1160 apud

1957 1174 2194 1230 fratrem
2229 1181 2417 1247 tuum,
2450 1178 2549 1233 sed
2584 1179 2773 1249 magis
2797 1179 2951 1249 fuge.

2025 1264 2506 1337 56.1ntcrr0gavit
2562 1268 2737 1321 frater
2793 1283 3016 1333 senem,
3054 1265 3286 1321 dicens:
3320 1265 3467 1329 Quid
3516 1269 3608 1321 est

1956 1352 2293 1411 humilitas?
2313 1356 2651 1427 Respondit:
2672 1356 2731 1411 Si
2765 1356 2899 1427 quis
2924 1355 3211 1411 benefacit
3234 1354 3465 1410 facienti
3493 1354 3607 1410 sibi

1958 1442 2513 1511 malum,humilitas
2538 1446 2793 1518 perfecta
2824 1449 2929 1500 est.
2954 1444 3105 1500 Dicit
3128 1446 3323 1501 frater:
3363 1445 3524 1510 Quad
3558 1442 3610 1499 si

1960 1550 2071 1588 non
2107 1538 2295 1604 potest
2320 1533 2453 1605 quis
2483 1535 2552 1591 ad
2585 1535 2734 1591 hanc
2768 1552 3104 1590 mensuram
3138 1534 3335 1589 venire
3387 1538 3451 1589 ut
3501 1534 3608 1589 hoc

1958 1621 2157 1677 faciat?
2182 1623 2540 1693 Respondit:
2575 1624 2800 1695 Fugiet,
2834 1629 2891 1679 et
2922 1625 3201 1695 quiescat.

2025 1723 2325 1778 57.Frater
2343 1724 2649 1795 requisivit
2670 1741 2893 1793 senem,
2920 1725 3141 1779 dicens:
3175 1722 3320 1787 Quid
3357 1728 3446 1779 est
3478 1741 3609 1796 pro-

1958 1811 2144 1867 fectus
2178 1813 2469 1868 monachi?
2499 1814 2819 1884 Respondit
2852 1812 3610 1877 senex:Humilitas.Quan-

1957 1906 2083 1956 tum
2109 1902 2263 1957 enim
2288 1902 2421 1974 quis
2444 1902 2502 1958 in
2518 1902 2850 1958 humilitate
2876 1901 3464 1967 inclinatur,tantum
3480 1919 3613 1975 pro-

1956 1990 2077 2045 ficit
2108 1990 2164 2045 in
2198 1991 2448 2047 excelso.

2023 2081 2112 2134 58.
2148 2080 2474 2153 Requisivit
2516 2082 2695 2137 frater
2738 2097 2960 2151 senem,
3013 2080 3248 2136 dicens:
3308 2081 3609 2145 Quomodo

1955 2168 2153 2224 anima
2184 2170 2482 2241 suscipere
2513 2174 2704 2242 potest
2732 2170 3156 2226 humilitatem?
3178 2170 3519 2242 Respondit:
3546 2171 3615 2241 Si

1955 2274 2062 2313 sua
2093 2274 2328 2330 semper
2357 2264 2652 2315 scrutetur
2681 2258 2835 2315 mala
2888 2259 3144 2330 (Pasch.,
3176 2276 3223 2315 ε.
3285 2261 3374 2330 13,
3406 2277 3463 2317 η.
3502 2260 3608 2325 1Ο;

1957 2348 2197 2417 [iu/71,1.
2236 2365 2319 2402 111.
2355 2366 2410 2401 η.
2447 2349 2592 2413 171).

2026 2436 2115 2490 59.
2160 2436 2355 2492 Abbas
2382 2437 2706 2493 Pmmenius
2737 2436 3042 2492 dixitcum
3104 2438 3327 2509 gemitu
3372 2438 3614 2508 (Pasch.,

1956 2540 2001 2579 c.
2035 2525 2124 2595 22,
2156 2543 2215 2579 η.
2247 2526 2574 2594 2):0mnes
2592 2525 3132 2598 virtutesingressar
3157 2530 3297 2582 sunt
3321 2526 3381 2581 in
3405 2525 3614 2582 cellam

1960 2631 2148 2669 meam
2183 2620 2391 2686 praeter
2421 2632 2594 2670 unam
2632 2614 2930 2686 virtutem,
2955 2620 3011 2671 et
3034 2632 3101 2671 ex
3124 2616 3253 2686 ejus
3275 2615 3473 2672 labore
3500 2620 3616 2671 stat

1960 2704 2154 2760 homo.
2188 2708 2703 2776 Interrogaverunt
2732 2722 2865 2761 eum
2901 2706 3132 2776 fratres,
3163 2723 3289 2777 quae
3322 2721 3452 2761 esse
3503 2706 3621 2761 ista

1960 2795 2142 2849 virtus
2176 2794 2355 2849 talis?
2387 2794 2709 2866 Respondit
2739 2811 2915 2850 senex
2947 2811 2961 2851 :
2999 2802 3059 2850 ut
3089 2812 3317 2867 semper
3350 2794 3615 2867 seipsum

1963 2883 2352 2955 reprehendat
2383 2884 2577 2939 homo.

2031 2973 2119 3026 60.
2154 2971 2401 3035 Quidam
2438 2972 2613 3028 frater
2652 2972 2877 3044 rogavit
2924 2988 3148 3035 senem,
3183 2970 3424 3025 dicens:
3472 2969 3620 3026 Veni

1962 3061 2021 3115 in
2050 3060 2253 3116 cellam
2289 3078 2501 3129 meam,
2526 3062 2571 3116 si
2607 3078 2833 3116 mereor
2860 3066 2923 3116 ut
2949 3061 3133 3116 lavem
3147 3061 3324 3132 pedes
3351 3060 3620 3117 tuos.Ille

1962 3155 2158 3205 autem
2194 3149 2398 3206 noluit.
2425 3156 2642 3207 Iterum
2677 3151 2934 3206 secundo
2967 3157 3022 3205 et
3053 3151 3223 3206 tertio
3258 3150 3405 3205 dixit
3427 3150 3533 3220 illi,
3562 3155 3622 3206 et

1966 3258 2079 3296 non
2110 3241 2231 3295 ivit.
2267 3242 2595 3297 Novissime
2618 3242 2760 3297 abiit
2783 3242 2840 3296 in
2864 3241 3071 3296 cellam
3095 3241 3277 3308 senis,
3302 3244 3358 3296 et
3382 3241 3621 3296 mittens

1967 3331 2365 3403 pmnitentiam
2390 3332 2737 3403 anteipsum
2763 3332 2860 3401 (4),
2886 3331 3108 3402 rogavit
3138 3348 3270 3385 eum
3306 3335 3369 3385 ut
3399 3332 3623 3386 veniret

1966 3420 2024 3475 in
2060 3419 2265 3475 cellam
2299 3422 2526 3491 ejus.Et
2556 3437 2804 3493 surgens
2830 3421 2985 3476 venit
3015 3437 3147 3475 cum
3176 3436 3263 3487 eo,
3298 3424 3353 3474 et
3383 3419 3527 3473 dixit
3550 3420 3621 3474 ad

1969 3528 2189 3567 senem:
2226 3514 2413 3577 Quare
2444 3512 2619 3568 toties
2644 3517 2774 3567 ante
2807 3516 3046 3583 rogatus
3079 3528 3191 3566 non
3226 3509 3468 3566 venisti?
3508 3510 3621 3564 Re-

1970 3601 2205 3672 spondit
2228 3617 2422 3657 senex:
2449 3602 2592 3656 Cum
2628 3602 2821 3656 verbis
2852 3600 3044 3657 solum
3102 3600 3360 3666 dicebas,
3394 3616 3507 3655 non
3542 3616 3631 3655 sa-

1968 3690 2242 3746 tisfecisti
2275 3691 2433 3745 cordi
2466 3707 2596 3745 meo
2632 3696 2693 3745 ut
2720 3690 3019 3759 venirem;
3056 3707 3189 3744 cum
3248 3706 3379 3746 vero
3412 3707 3619 3745 mona-

1970 3780 2121 3836 chile
2148 3797 2296 3851 Opus
2331 3780 2679 3835 humilitatis
2712 3780 2829 3834 vidi
2862 3780 2920 3833 in
2948 3784 3025 3845 te,
3061 3784 3115 3834 et
3172 3795 3276 3850 ego
3307 3784 3447 3834 tunc
3478 3795 3627 3849 gau-

1971 3870 2116 3925 dens
2148 3868 2275 3924 veni
2310 3870 2382 3924 ad
2415 3875 2490 3925 te.

2041 3961 2131 4014 61.
2164 3958 2316 4015 Dixit
2348 3976 2545 4015 senex:
2581 3959 2742 4025 Quod
2778 3974 2894 4014 non
2928 3956 3131 4013 didicit
3171 3958 3366 4025 homo,
3398 3961 3454 4011 et
3501 3955 3629 4026 ipse

1974 4066 2088 4105 non
2110 4048 2456 4116 observavit,
2494 4050 2787 4121 quomodo
2812 4049 3015 4103 docere
3039 4047 3370 4119 proximum
3397 4043 3627 4118 potest?

1974 4145 2095 4195 esto
2127 4155 2263 4211 ergo
2292 4155 2521 4210 semper
2552 4138 2792 4194 humilis
2822 4138 2891 4193 ad
2916 4138 3286 4193 discendum.

2044 4242 2133 4295 6‘3.
2164 4239 2315 4294 Dixit
2337 4256 2532 4295 senex:
2558 4240 2757 4296 Virtus
2790 4238 3063 4294 monachi
3087 4242 3194 4309 est,
3229 4238 3284 4292 in
3311 4235 3465 4292 omni
3492 4241 3634 4291 tem-

1976 4346 2113 4402 pore
2143 4329 2403 4401 seipsum
2430 4344 2695 4400 arguere.

2045 4420 2134 4473 63.
2171 4418 2321 4473 Dixit
2352 4434 2563 4473 senex:
2601 4417 2723 4475 Non
2756 4422 2943 4489 potest
2972 4417 3148 4473 homo
3182 4416 3375 4472 videre
3407 4415 3627 4485 cogita-

1976 4509 2166 4564 tiones
2196 4524 2336 4563 suas
2364 4508 2527 4572 foris,
2559 4507 2659 4562 sed
2706 4523 2840 4561 cum
2882 4507 3042 4561 intus
3091 4506 3432 4578 insurgunt,
3466 4510 3523 4559 et
3575 4502 3626 4557 si

1978 4599 2112 4670 quis
2142 4601 2231 4653 est
2260 4595 2525 4663 bellator,
2560 4595 2793 4667 expellit
2823 4595 2978 4651 illas.

1899 4680 1943 4745 Ι)
2044 4688 2134 4742 64.
2160 4686 2314 4742 Dixit
2338 4702 2550 4742 senex:
2582 4690 2740 4757 Opus
2774 4684 3044 4741 monachi
3076 4688 3189 4747 est.
3230 4683 3428 4740 videre
3459 4682 3624 4755 cogi-

1974 4778 2225 4833 tationes
2260 4793 2396 4831 suas
2430 4792 2462 4830 a
2497 4777 2683 4845 longe.

2043 4868 2132 4921 65.
2173 4866 2322 4921 Dixit
2353 4866 2526 4920 sedex
2555 4881 2567 4919 :
2601 4868 2788 4919 Causa
2810 4880 2935 4935 quze
2970 4880 3084 4918 non
3109 4861 3481 4935 praevidetur,
3508 4876 3623 4915 non

1975 4954 2260 5028 permittit
2289 4971 2395 5009 nos
2429 4954 2488 5007 in
2527 4952 2769 5008 meliora
2800 4952 3105 5024 proficere.

2044 5046 2133 5099 66.
2193 5043 2341 5099 Dixit
2389 5060 2603 5098 senex:
2652 5042 2776 5097 Non
2830 5057 3136 5097 measures
3185 5038 3475 5110 teipsum,
3524 5036 3626 5091 sed

1976 5134 2204 5188 adhmre
2231 5133 2375 5188 bene
2410 5131 2801 5201 conversanti,

2044 5224 2132 5278 67.
2159 5222 2304 5278 Dixit
2328 5239 2524 5278 senex:
2550 5221 2798 5276 Omnem
2821 5236 3060 5275 causam
3087 5233 3265 5290 quam
3289 5232 3402 5274 non
3438 5216 3629 5274 absci-

1976 5315 2061 5369 dit
2090 5331 2124 5369 a
2154 5329 2215 5368 se
2248 5312 2445 5379 homo,
2474 5310 2685 5365 iterum
2720 5310 2777 5363 in
2810 5309 2938 5379 ipsa
2968 5307 3327 5380 implicatur.

2044 5413 2133 5467 68.
2171 5410 2320 5467 Dixit
2346 5427 2537 5466 senex:
2562 5407 2765 5464 Omnis
2795 5406 2960 5462 labor
2992 5407 3092 5479 qui
3126 5406 3467 5479 supervenit
3525 5405 3630 5462 ho-

1978 5502 2147 5571 mini,
2180 5500 2424 5557 victoria
2454 5502 2542 5555 est
2571 5497 2679 5553 illi.

2046 5593 2135 5647 69.
2172 5591 2559 5646 Dixitsenex:
2594 5585 2965 5643 Abominatio
2997 5592 3085 5646 est
3115 5592 3245 5645 ante
3281 5588 3466 5645 Deum
3501 5601 3630 5641 om-

1978 5682 2069 5737 nis
2095 5680 2347 5736 carnalis
2378 5676 2708 5735 delectatio.

2047 5770 2136 5827 70.
2170 5769 2325 5827 Dixit
2355 5783 2552 5826 senex:
2588 5766 2647 5823 Si
2680 5766 2903 5824 venerit
2934 5767 3335 5842 tibicogitatio
3362 5780 3465 5838 pro
3498 5778 3628 5817 car-
