4092 6324
524 361 625 418 391
1671 349 2044 408 APPBNDIX
2081 348 2143 403 Al

2266 349 2433 405 ῙΤΔΒ
2468 349 2789 408 PATRUM.
3806 358 3897 417 392

527 488 644 545 nali
677 484 1045 552 necessitate,
1079 486 1134 539 et
1156 482 1340 553 tangit
1370 486 1425 538 te
1456 480 1633 537 semel
1665 483 1722 536 et
1751 480 1842 536 bis
1890 481 1946 534 et
1976 475 2163 533 tertio.
2200 476 2251 542 Α
2352 476 2441 532 90.
2467 477 2621 532 Dixit
2651 494 2844 534 senex:
2872 482 3081 535 Beatus
3106 478 3205 552 qui
3230 480 3479 538 sustinet
3508 481 3756 540 laborem
3777 500 3896 544 cum

529 595 644 633 non
677 576 906 633 audias.
2285 567 2605 637 gratiarum
2639 568 2885 624 actione.

596 669 687 721 71.
721 666 872 722 Dixit
904 680 1112 720 senex:
1144 662 1202 719 Si
1235 679 1351 717 nor.
1400 661 1610 717 dixerit
1665 661 1840 716 homo
1896 658 1955 713 in
2006 657 2179 712 corde
2350 656 2439 711 91.
2463 656 2618 711 Dixit
2650 673 2845 713 senex:
2874 657 2997 716 Non
3030 662 3119 714 est
3154 659 3356 715 fortior
3376 660 3558 717 virtus
3583 679 3751 735 quam
3783 664 3898 720 nul-

528 775 657 813 suo:
691 757 836 822 Quia
864 761 1016 810 Deus
1044 758 1101 809 ct
1132 770 1236 825 ego
1271 752 1428 808 solus
1460 753 1516 806 in
1552 752 1661 807 isto
1694 750 1915 805 mundo
1946 764 2174 813 sumus,
2282 742 2403 798 lum
2440 761 2739 816 spernere.

529 865 643 903 non
703 846 880 901 habet
937 843 1199 916 requiem
1232 842 1439 913 (Pelag.
1470 841 1643 897 libell.
1677 858 1753 910 xu,
1785 839 1919 907 n.5,
1952 836 2179 894 nomine
2352 834 2441 888 92.
2482 835 2631 890 Dixit
2660 853 2873 893 senex:
2909 837 2971 892 In
3004 839 3282 895 omnibus
3305 840 3414 895 sibi
3441 858 3899 916 unumquemque

525 936 738 1007 Αιιοίδ),
2282 923 2397 979 vim
2431 924 2637 993 facere,
2674 925 2792 981 haec
2820 930 2909 982 est
2937 927 3028 982 via
3060 928 3182 995 Dei,
3217 934 3272 985 et
3298 946 3444 1001 opus
3477 932 3756 988 monachi.

592 1028 682 1081 72.
712 1025 863 1081 Dixit
894 1040 1088 1081 senex:
1126 1022 1517 1095 Peregrinatio
1550 1026 1639 1077 est
1669 1025 1879 1086 tacere,
2351 1013 2439 1067 93.
2474 1014 2629 1070 Dixit
2660 1031 2855 1071 senex:
2886 1016 2994 1082 Qui
3021 1016 3133 1072 sibi
3168 1018 3256 1073 vic
3288 1020 3424 1075 facit
3455 1026 3684 1093 propter
3717 1028 3900 1095 Deum,

594 1117 683 1171 73.
718 1115 871 1170 Dixit
903 1131 1099 1170 senex:
1152 1112 1473 1167 Imminens
1504 1112 1635 1182 quis
1673 1110 1994 1165 humanam
2029 1106 2178 1162 noti-
2284 1102 2497 1159 similis
2532 1114 2618 1159 est
2648 1104 2872 1161 homini
2908 1107 3254 1163 confessori.

526 1206 663 1261 tiam
684 1210 743 1259 et
774 1210 1032 1260 ventrem
1063 1203 1239 1258 habet
1262 1202 1516 1273 requiem
1554 1199 1862 1271 (Pasch.,c.
1891 1198 1980 1267 32,
2015 1215 2072 1254 η.
2104 1196 2175 1268 4).
2350 1194 2420 1247 94
2456 1194 2600 1249 Dicit
2631 1211 2825 1251 senex:
2857 1196 3037 1252 Homo
3069 1196 3291 1253 habens
3348 1204 3595 1255 mortem
3649 1218 3757 1273 prae
3780 1219 3899 1259 ocu-

597 1315 688 1368 74.
718 1313 1077 1367 Dixitsenex:
1102 1312 1343 1383 Oportet
1374 1308 1725 1364 monachum
1760 1323 1858 1362 cor
1897 1306 2040 1361 lorle
2076 1304 2143 1360 ha

2281 1281 2356 1337 lis
2404 1283 2562 1338 omni
2598 1283 2757 1349 hora,
2788 1284 2970 1340 vincit
3001 1286 3571 1357 pusillanimitatem.

530 1404 664 1458 bere
698 1402 767 1457 ad
802 1400 1056 1473 singula,
1091 1373 1515 1455 et‘salvabimr.
2350 1373 2439 1427 95.
2475 1373 2630 1429 Dixit
2667 1389 2881 1431 senex:
2930 1375 3067 1431 Esto
3116 1374 3265 1431 liber
3320 1377 3379 1432 in
3438 1377 3745 1453 loquendo,
3798 1398 3898 1438 non

595 1494 685 1547 75.
720 1490 876 1545 Dixit
907 1506 1101 1546 senex:
1125 1488 1419 1544 Sivideris
1443 1486 1529 1542 vel
1555 1485 1812 1543 audieris
1840 1484 2135 1557 aliqua,no

2281 1479 2504 1519 SBPVUS.

527 1580 827 1637 renunties
853 1579 1034 1649 fratri,
1061 1578 1197 1650 quia
1216 1578 1573 1633 nutrimenta
1606 1580 1743 1632 sunt
1765 1552 1995 1648 pugnae.
2041 1552 2047 1553 ⁷
2472 1552 2625 1650 Dixit
2646 1568 2819 1650 εθῐξθκ
2844 1554 3244 1650 ςῖωΡ-οξείδίιθ
3265 1559 3353 1650 esi
3371 1556 3499 1613 Sine
3529 1559 3782 1650 custodia
3798 1559 3900 1650 Oris

594 1681 683 1735 76.
709 1679 865 1735 Dixit
898 1694 1093 1734 senex:
1127 1676 1413 1732 Voluntas
1445 1675 1700 1747 propria,
1732 1678 1790 1729 et
1835 1673 2087 1746 requies,
2121 1676 2178 1729 et
2280 1642 2561 1747 P,“?“c°"e
2591 1640 2889 1747 §°Ti"°"?
2924 1643 3013 1747 vel,
3044 1644 3099 1699 in
3127 1662 3242 1701 una
3271 1646 3509 1717 vmme;
3544 1648 3724 1721 prima
3762 1649 3897 1705 enim

523 1770 886 1825 consuetudo
918 1768 1163 1823 istorum
1194 1766 1393 1836 dejicit
1424 1766 1745 1821 hominem.
2277 1732 2762 1836 Vl‘ffsf,“?}°d'“
2792 1738 3040 1836 θηῖθδίζ

587 1879 678 1931 77.
714 1876 865 1931 Dixit
894 1891 1106 1931 senex:
1134 1822 1425 1941 Charitas,
1457 1877 1513 1927 et
1542 1870 1937 1939 taciturnitas,
1970 1873 2025 1925 et
2069 1885 2157 1926 oc-
2197 1850 2249 1915 B
2284 1822 2996 1941 _n?:'nD:§i__tnfffff:f§3
3017 1830 3267 1941 3:33:58
3296 1828 3515 1941 tjfnff):
3539 1828 3894 1941 figit“???

597 1915 610 1931 '
635 1915 678 1931 "
714 1915 865 1977 “""T
894 1915 1070 1974 “1"”
1094 1916 1106 1929 '
1136 1915 1425 1941 “““””““”
1458 1915 1516 1973 νῖ
1548 1915 1937 1939 ’““’“’“““’“””’
1972 1915 2025 1925 ν’
2071 1915 2134 1926 ’⁷
2283 1915 2480 1969 anima
2510 1915 2997 1982 egressuracstde
3016 1931 3275 1987 corpore,
3305 1921 3363 1972 et
3385 1933 3518 1973 cum
3539 1918 3595 1973 in
3620 1921 3900 1990 praesentia

520 1966 679 2022 culta
711 1966 1010 2023 meditatio
1042 1968 1356 2036 operantur
1389 1967 1727 2035 puritatem.
2284 2002 2375 2036 no,
2409 2005 2692 2036 mnhmm
2722 2019 2849 2036 unm
2896 2007 2947 2036 ﬂ,
2969 2020 3098 2036 mm
3126 2006 3413 2036 “Munna
3436 2012 3630 2036 MM"
3667 2025 3750 2036 Μ
3781 2010 3895 2036 ,ω’

2282 2002 2378 2057 Dei
2409 2005 2693 2057 venturus
2722 2019 2873 2069 sum,
2895 2007 3099 2059 etcum
3126 2006 3417 2061 sententia
3435 2012 3635 2063 contra
3667 2025 3752 2065 me
3779 2010 3900 2065 data

588 2075 678 2170 78.
714 2073 861 2170 Dixil
902 2087 1116 2129 Senex:
1171 2074 1542 2170 Quaecunque
1590 2085 1770 2142 super
1822 2083 2161 2123 mensuram
2282 2091 2454 2147 fuerit
2480 2091 2721 2162 (Pelag.,
2753 2092 2927 2149 libell.
2959 2109 3045 2159 ur,
3071 2112 3129 2149 η.
3161 2095 3213 2162 4,
3246 2095 3471 2152 nomine
3499 2098 3671 2170 Elim).

518 2168 679 2231 δυοῖν
714 2164 1042 2219 daemonum
1086 2164 1243 2217 Bum-
1677 2265 1721 2267 η
1948 2263 1983 2267 μ
2346 2192 2437 2247 98.
2473 2190 2628 2246 Dixit
2659 2208 2858 2249 senex:
2893 2193 2955 2248 In
2998 2210 3347 2267 quocunque
3394 2195 3521 2253 loco
3570 2199 3771 2255 sedens
3797 2216 3897 2255 non

585 2272 675 2326 79.
702 2269 856 2326 Dixit
878 2285 1078 2325 senex:
1103 2268 1250 2332 Ουίά
1284 2283 1433 2339 opus
1464 2271 1553 2322 θεῖ
1583 2265 1869 2321 adimam
1911 2263 2162 2321 alienam
2278 2281 2557 2353 respicias
2588 2281 2659 2336 ad
2689 2281 2821 2337 illos
2848 2282 2947 2354 qui
2978 2282 3196 2339 habent
3251 2263 3706 2343 consolationem
3746 2304 3894 2343 suam

515 2363 757 2417 domum
790 2364 847 2415 et
878 2358 1170 2430 propriam
1205 2357 1571 2412 subvertere?
2278 2371 2377 2426 sed
2412 2371 2480 2425 ad
2511 2387 2754 2442 egenum
2789 2388 2903 2427 non
2938 2371 3247 2429 habentem
3276 2391 3486 2446 panem
3510 2380 3607 2431 aut
3637 2376 3894 2449 requiem.

581 2456 835 2512 80.Dixit
865 2472 1039 2512 senex
1068 2472 1080 2511 :
1111 2453 1433 2527 Unicuique
1481 2452 1637 2509 inter
1685 2452 1939 2508 medium
1974 2451 2075 2508 Dei
2107 2455 2164 2507 ct
2347 2468 2436 2523 99,
2475 2468 2625 2523 υίχίι
2656 2485 2851 2524 senex;
2886 2469 2947 2525 si
2977 2468 3155 2526 habes
3202 2473 3555 2543 passionem,
3616 2479 3669 2530 ει
3721 2473 3897 2529 relicta

510 2547 769 2603 hominis
802 2545 1037 2619 Propria
1066 2543 1335 2600 νοιυηίδε
1368 2560 1568 2598 murus
1592 2550 1677 2598 θεῖ
1699 2560 1883 2598 mre“
1914 2546 1972 2597 et
2003 2545 2167 2613 Petra
2281 2557 2380 2613 illa
2412 2574 2515 2630 pro
2544 2556 2654 2613 alia
2688 2575 2747 2613 re
2777 2576 2907 2614 oras
2944 2560 3275 2631 Dominum,
3310 2579 3426 2618 non
3452 2563 3784 2631 exaudieris;
3807 2564 3891 2618 sed

513 2636 862 2706 anteposita.
896 2636 953 2691 Si
987 2651 1124 2726 ergo
1161 2632 1751 2726 superaverith‘OIQO
1798 2631 2161 2687 νοιυηὶᾶἲθω
2278 2648 2533 2718 primum
2560 2652 2689 2719 pete
2718 2666 2819 2720 pro
2842 2648 3280 2722 impugnatione
3304 2655 3430 2720 tua,
3453 2659 3653 2708 etcum
3679 2652 3896 2726 pulsans

512 2741 704 2788 suam,
732 2722 1274 2795 potestverisssime
1296 2723 1505 2777 dicere:
1532 2720 1669 2775 Etin
1690 2721 1804 2776 Deo
1823 2737 1951 2775 meo
1976 2726 2162 2776 trans-
2278 2736 2581 2807 ingressus
2645 2735 2843 2805 fueris,
2904 2720 3043 2795 tunc
3089 2756 3192 2811 pro
3224 2738 3354 2796 aliis
3398 2740 3595 2814 aliqua
3648 2720 3896 2815 petitione

509 2813 743 2885 grediar
779 2829 1013 2868 murum
1047 2813 1219 2884 (Psat.
1254 2821 1411 2876 XVII).
2277 2842 2437 2898 roga,

580 2921 671 2976 8t.
705 2919 860 2974 Dixit
904 2935 1098 2974 senex:
1148 2918 1264 2973 Nos
1322 2915 1798 2988 derclinquentes
1857 2919 2073 2971 rectam
2106 2918 2164 2971 et
2349 2916 2469 2971 100.
2499 2915 2653 2971 Dixit
2691 2933 2888 2973 senex:
2937 2918 3073 2973 Tria
3104 2923 3245 2975 sunt
3273 2920 3388 2976 ista
3428 2920 3699 2994 capitula,
3741 2921 3896 2976 timor

511 3008 870 3064 luminosam
905 3008 1079 3076 viam,
1113 3005 1526 3079 perspinosam
1548 3011 1603 3060 et
1625 3005 1993 3061 tenebrosam
2028 3021 2163 3077 gra-
2276 3004 2401 3069 Dei,
2434 3010 2489 3061 et
2519 3006 2701 3061 oratio
2726 3007 2985 3073 assidua,
3017 3013 3075 3064 et
3097 3010 3242 3065 bene
3277 3010 3467 3066 facere
3501 3010 3752 3083 proximo
3781 3026 3891 3065 suo.

509 3098 735 3153 dimur:
770 3098 825 3152 id
860 3105 965 3168 est,
1008 3095 1481 3167 derclinquentes
1530 3093 1799 3165 plangere
1846 3111 1953 3149 nos
2000 3093 2159 3167 ipsos
2349 3096 2469 3150 101.
2499 3096 2647 3151 Dixit
2679 3112 2873 3152 senex:
2909 3098 3071 3153 Sicut
3104 3100 3274 3155 flatus
3305 3101 3613 3172 egrediens
3645 3102 3709 3156 de
3756 3099 3890 3155 nari-

508 3192 565 3242 et
587 3191 788 3242 nostra
811 3190 1067 3258 peccata,
1092 3186 1150 3240 in
1174 3183 1557 3257 negligentiae
1580 3183 1974 3255 proximorum
2002 3200 2155 3240 sem-
2190 3212 2232 3279 Ο
2275 3184 2385 3239 bus
2418 3184 2541 3240 sine
2574 3202 2688 3257 quo
2722 3204 2836 3242 non
2868 3187 3101 3256 vivitur,
3131 3189 3212 3245 ita
3243 3189 3421 3246 homo
3454 3191 3716 3246 timorem
3742 3189 3893 3245 Deiet

510 3293 613 3348 per
644 3276 989 3349 aspicimus.
2200 3274 2231 3279 “
2270 3274 2661 3331 humilitatem
2687 3292 2919 3348 semper
2944 3278 3345 3335 dcbethabere
3377 3280 3437 3335 in
3480 3298 3543 3337 se
3592 3281 3809 3353 (Pelag.,
3831 3279 3889 3333 li-

579 3384 669 3441 82.
701 3384 851 3441 Dixit
877 3401 1071 3440 senex:
1098 3384 1222 3439 Non
1258 3386 1347 3439 est
1386 3381 1714 3438 monachus
1764 3382 1863 3454 qui
1922 3383 1993 3439 de
2045 3381 2160 3439 alio
2272 3364 2400 3419 bell.
2424 3381 2518 3434 xv,
2551 3382 2608 3419 η.
2640 3365 2729 3431 32,
2754 3370 2980 3421 nomine
3002 3366 3264 3435 Pastoris;
3299 3370 3526 3425 Pasch”
3559 3386 3604 3426 c.
3636 3371 3721 3424 27.
3752 3366 3888 3433 η.2).

510 3476 785 3544 detrahit;
811 3493 926 3532 non
959 3481 1049 3531 est
1076 3474 1402 3531 monachus
1433 3474 1533 3547 qui
1566 3475 1755 3530 reddit
1803 3474 2022 3530 malum
2058 3492 2160 3546 pro
2344 3465 2463 3519 102-
2500 3464 2653 3520 Πῖκίι
2682 3482 2881 3522 senex:
2912 3464 3059 3529 Ollid
3092 3484 3239 3539 opus
3271 3473 3362 3523 est
3428 3468 3678 3542 incipere
3729 3464 3888 3522 artiﬁ-

506 3567 680 3636 malo;
710 3585 826 3624 non
857 3572 947 3623 est
980 3567 1305 3623 monachus
1326 3566 1647 3622 iracundus
1673 3584 1687 3633 ;
1713 3582 1826 3621 non
1850 3572 2143 3623 estmona‘

2269 3553 2448 3619 cium,
2482 3554 2531 3609 si
2564 3571 2676 3609 non
2703 3554 2888 3611 discat
2919 3556 3197 3627 perlicere
3228 3556 3407 3613 illud?
3439 3558 3583 3615 nihil
3640 3562 3723 3615 cst
3770 3569 3885 3627 ergo

504 3656 653 3713 chus
684 3658 955 3729 cupidus,
990 3656 1655 3729 superbus,avarus,aut
1685 3655 2013 3725 elatus,aut
2035 3673 2143 3711 ver-

2269 3644 2423 3717 quod
2452 3644 2732 3714 incipitur
2756 3650 2812 3700 et
2844 3662 2956 3700 non
2992 3646 3312 3717 perficitur.

506 3748 728 3811 bosus;
749 3748 850 3803 sed
885 3747 986 3819 qui
1011 3763 1145 3802 vere
1170 3746 1493 3802 monachus
1512 3751 1619 3816 est,
1644 3745 1890 3802 humilis
1912 3747 2156 3818 etquie-
2339 3741 2463 3796 103.
2497 3740 2651 3796 Dixit
2683 3758 2880 3797 senex:
2905 3742 3089 3798 Homo
3117 3743 3165 3799 si
3198 3744 3358 3799 cordi
3392 3749 3494 3802 tuo
3528 3762 3637 3802 non
3683 3741 3887 3801 satisfa-

500 3840 616 3905 tus,
648 3841 705 3892 et
736 3836 1019 3893 charitate
1053 3836 1510 3909 plenus,habens
1552 3836 1823 3891 timorem
1858 3835 1955 3890 Dei
2002 3852 2155 3891 sem.
2266 3829 2366 3901 cit,
2401 3847 2472 3885 ne
2504 3831 2707 3886 credas
2732 3830 2814 3885 illi
2847 3832 3265 3888 conscientiam
3298 3835 3462 3890 cordi
3494 3836 3599 3890 tui.

503 3944 605 3998 per
637 3926 693 3983 in
720 3928 889 3983 corde
920 3943 1047 3982 suo.
2335 3919 2459 3974 404.
2494 3920 2645 3975 Dixit
2675 3936 2870 3975 senex:
2905 3921 3209 3977 Constitue
3240 3926 3437 3979 tecum
3472 3923 3617 3979 nulli
3650 3934 3887 3995 unquam

572 4015 657 4070 83.
686 4015 1055 4070 Dixitsenex:
1092 4014 1237 4069 Vide
1268 4029 1339 4069 ne
1376 4017 1720 4069 contemnas
1754 4012 1992 4069 fratrem
2043 4012 2150 4070 tibi
2238 4009 2487 4064 homini
2522 4009 2675 4064 male
2707 4011 2914 4079 facere,
2951 4012 3051 4067 sed
3085 4028 3298 4083 purum
3324 4012 3542 4070 habere
3562 4029 3659 4071 eor
3685 4011 3749 4069 ad
3782 4024 3888 4066 om-

502 4109 814 4174 astantem;
850 4105 1041 4161 nescis
1066 4104 1221 4159 enim
1257 4108 1456 4159 utrum
1488 4104 1546 4159 in
1575 4108 1629 4159 te
1660 4103 1740 4160 sit
1767 4104 2019 4175 Spiritus
2050 4103 2149 4160 Dei
2268 4115 2400 4155 nem
2426 4098 2745 4154 hominem.

501 4210 575 4248 an
612 4193 669 4248 in
704 4193 822 4250 illo.
2342 4189 2463 4243 105.
2492 4189 2873 4260 Interrogavit
2896 4191 3075 4246 frater
3106 4207 3329 4258 senem,
3364 4192 3605 4248 dicens:
3645 4190 3697 4245 Si
3720 4188 3886 4247 videro

570 4282 655 4336 84.
688 4283 843 4338 Dixit
873 4300 1069 4339 senex:
1105 4283 1417 4339 Humilitas
1471 4286 1527 4338 et
1570 4283 1807 4339 castitas
1863 4286 1919 4339 et
1976 4282 2154 4342 timor
2263 4278 2638 4334 interfratres
2658 4276 3549 4351 aliquamnegligentiam,jubes
3568 4273 3884 4352 utarguam?

496 4370 598 4426 Dei
623 4372 926 4443 superiora
957 4376 1096 4427 sunt
1125 4372 1401 4428 omnibus
1432 4372 1768 4429 virtutibus.
2263 4368 2582 4440 respondit:
2617 4367 2675 4423 Si
2704 4372 2843 4423 sunt
2873 4368 3132 4425 seniores
3165 4369 3249 4425 vel
3278 4371 3553 4426 coaetanei
3579 4369 3679 4437 tui,
3713 4363 3879 4423 humi-

564 4479 773 4534 1006
802 4479 890 4533 85.
925 4478 1080 4533 Dixit
1120 4495 1318 4534 senex:
1377 4479 1640 4551 ZEqualis
1674 4483 1763 4535 est
1810 4496 1989 4537 causa
2025 4497 2150 4537 mo-
2262 4458 2397 4551 ﬁt"?
2426 4458 2672 4551 “dm”?
2702 4456 2832 4513 Sine
2863 4457 3281 4531 increpationei
3315 4464 3383 4515 ιη
3412 4459 3521 4516 hoc
3558 4459 3681 4533 ipso
3712 4452 3882 4513 humi'

495 4568 702 4631 naeho.
736 4567 784 4623 si
816 4572 1020 4623 contra
1050 4584 1184 4623 eum
1247 4568 1347 4640 qui
1394 4568 1451 4622 vi
1486 4567 1705 4636 nocuit,
1740 4585 1983 4626 causare
2014 4571 2153 4627 velit
2183 4580 2228 4645 ι)
2262 4546 2704 4645 “siqviniafis-
2856 4636 2869 4645 _
2913 4637 2924 4645 _
2970 4636 3001 4645 __
3291 4639 3329 4645 __
3552 4642 3590 4645 _
3666 4641 3673 4645 _
3829 4630 3858 4645 ν

495 4672 562 4711 ac
594 4657 645 4713 εί
678 4629 883 4712 deum
915 4655 1237 4712 diabolum.
1267 4629 1279 4640 ’
1692 4629 1702 4636 ’
2183 4629 2226 4645 ⁸³
2332 4636 2454 4691 106,
2481 4638 2679 4691 Frater
2709 4636 3011 4708 requisivit
3043 4639 3498 4706 senem,dicens:
3552 4641 3769 4694 Fratres
3796 4629 3878 4687 alii

2261 4741 2489 4781 mecum
2523 4724 2887 4797 cohabitant,
2912 4731 2968 4783 et
2997 4727 3202 4783 volunt
3234 4728 3343 4799 ipsi
3378 4734 3440 4785 ut
3470 4745 3575 4802 ego
3606 4727 3715 4782 illis
3755 4737 3876 4796 pra:-

564 4754 653 4811 86.
678 4754 831 4809 Dixit
859 4769 1052 4809 senex:
1090 4756 1124 4809 A
1160 4754 1384 4810 minore
1418 4753 1647 4810 actione
1680 4771 1869 4827 usque
1899 4757 1972 4812 ad
2020 4774 2145 4813 ma-
2261 4753 2489 4826 “fufium
2523 4753 2968 4828 “uuw'fuuf’,”
3000 4753 3234 4828 νυῖυξη,

2262 4813 2474 4887 cipiam
2507 4816 2799 4886 quomodo
2824 4816 3000 4887 jubes
3033 4823 3097 4873 ut
3129 4818 3370 4874 faciam?
3398 4816 3729 4888 Respondit:
3784 4812 3876 4867 Fac

485 4843 677 4914 jorem
711 4860 888 4915 quam
917 4842 1034 4915 agit
1067 4843 1240 4899 homo
1266 4848 1449 4899 totum
1474 4842 1531 4897 in
1563 4844 1716 4899 fastu
1734 4845 1863 4915 ejus
1887 4847 2144 4917 ponitur,

492 4905 613 4989 sive
647 4932 707 4989 in
733 4905 1221 5004 cogitationibus,
1255 4932 1376 4988 sive
1408 4931 1466 4986 in
1500 4905 1795 5004 operibus.
1887 4905 1905 4917 .
2131 4905 2143 4915 I
2262 4905 2511 5004 influe?
2546 4906 2836 5004 ΡΓδθίξίΡίδν
2870 4911 3087 5004 υί-οοη
3123 4913 3378 5004 iam?!“
3432 4909 3550 5004 illis
3602 4906 3877 5004 Ρτεεςθρίθν

2260 4994 2359 5050 sed
2392 4999 2449 5050 et
2480 4995 2791 5050 formulam
2827 4995 3083 5066 przebeas
3116 4998 3371 5069 (Pasch.,
3402 5014 3450 5053 c.
3476 4999 3564 5068 43,
3595 5015 3651 5053 η.
3709 4996 3755 5061 1,
3797 5004 3876 5044 n0-

2257 5082 2410 5140 mine
2448 5083 2808 5155 Serapionis).

736 5166 1206 5248 :°.‘_'"'*"""""W"
1236 5166 1700 5248 :‘fw'mfmum'
1763 5242 1772 5248 ‘
1817 5239 1833 5248 _
2023 5244 2031 5248 _
2334 5176 2450 5229 l07.
2488 5174 2767 5230 Dicebant
2798 5192 2900 5247 pro
2934 5174 3145 5233 abbate
3192 5177 3444 5234 Macario
3494 5177 3726 5248 majore,
3756 5166 3875 5243 qui!

561 5236 649 5290 88.
684 5236 838 5338 D‘ixit
859 5253 1054 5338 senex:
1081 5236 1399 5338 llumiliare
1423 5237 1779 5338 seipsum,et
1801 5239 2141 5338 despectum
2258 5265 2410 5321 sicut
2440 5264 2593 5320 Deus
2627 5236 2879 5337 protegit
2907 5270 3095 5321 totum
3130 5267 3524 5337 mumdum,et
3554 5236 3735 5338 ρ’ξπίαὶ
3762 5236 3872 5333 ῥεο.

492 5338 555 5378 se
586 5324 740 5395 θριΙά
774 5325 969 5397 ipsum
1004 5326 1238 5394 habere,
1265 5343 1366 5397 Ρνο
1399 5342 1567 5382 mum
1599 5331 1684 5381 θεῖ
1709 5328 2015 5385 ωοοαθδο*
2257 5358 2385 5410 cata
2407 5324 2736 5424 hominum,
2762 5324 2843 5409 ita
2874 5358 2931 5409 et
2957 5353 3051 5411 ille
3080 5358 3249 5431 quasi
3284 5324 3523 5429 quidam
3552 5324 3698 5411 Deus
3722 5324 3874 5405 terre-

562 5435 648 5491 89.
687 5438 838 5493 Dixit
865 5455 1061 5495 senex:
1095 5438 1201 5503 Qui
1226 5438 1657 5495 vultmdificare
1685 5439 2144 5506 domum,multa
2256 5462 2369 5501 nus
2401 5444 2511 5500 fuit
2542 5445 2599 5499 in
2633 5444 2939 5516 fratribus,
2962 5446 3231 5517 operiens
3289 5447 3505 5504 delicta
3562 5446 3803 5509 illorum,
3826 5437 3874 5490 ei

491 5522 820 5579 necessaria
850 5530 1143 5595 procurat,
1173 5530 1238 5579 ut
1268 5525 1453 5596 possit
1484 5525 1790 5597 perficere;
1824 5526 1903 5583 ita
1935 5533 1991 5584 et
2018 5547 2144 5586 mo-
2254 5549 2319 5588 ea
2350 5549 2479 5604 quae
2509 5533 2742 5589 videbat
2773 5532 2863 5589 vel
2895 5534 3194 5606 audiebat,
3227 5537 3394 5607 quasi
3445 5551 3562 5593 non
3612 5531 3799 5590 videns
3827 5524 3875 5579 ei

490 5611 744 5668 nachum
781 5616 1025 5669 multam
1054 5630 1255 5669 curam
1297 5614 1513 5671 habere
1559 5619 1787 5687 oportet
1834 5621 1898 5673 ut
1954 5620 2143 5691 possit
2254 5638 2369 5679 non
2403 5622 2674 5680 audiens.

489 5717 666 5775 opera
700 5701 795 5758 Dei
829 5703 1130 5774 perﬁcere.
2326 5713 3033 5789 108.1nterrogavitabbas
3055 5722 3281 5791 Moyses
3306 5718 3573 5776 abbatem
3598 5712 3866 5773 Silvanum

559 5040 645 5095 87.
684 5039 839 5096 Dixit
869 5056 1066 5096 senex:
1102 5039 1417 5095 Humilitas
1452 5057 1566 5095 non
1598 5044 1687 5097 est
1716 5048 2014 5115 sumptus,
2043 5046 2143 5101 sed

491 5129 549 5183 in
584 5130 743 5185 omni
770 5130 1087 5203 sumptuali
1118 5134 1206 5186 est
1236 5130 1700 5187 condimentum.
