4092 6324
471 347 578 404 403

1190 354 1704 413 ONOMASTICON
1746 356 2004 410 ΗΕΒοΜ
2040 354 2135 407 ΕΤ
2170 353 2573 411 VERLORUM
2608 359 3180 418 DIFFICILIORUM.
3760 377 3850 435 404

542 479 834 534 Anvxvsns
858 482 901 534 ¹.
928 480 1180 537 Probum
1204 483 1643 554 verbum,saepe
1662 483 1723 537 in
1742 481 1918 537 adhuc
1936 479 2121 536 vivere
2149 479 2202 546 Α
2301 479 2515 538 Clausa
2546 482 2646 538 diu
2682 499 2950 543 reserans
2982 489 3363 548 credentibus
3420 495 3635 555 aethera
3661 504 3850 561 etesiis.

480 569 1214 642 mutatum.Hieronymus,
1246 571 1306 627 in
1337 571 1470 627 Vita
1500 572 1734 641 Malchi,
1771 587 1931 626 num.
1961 570 2013 623 3.
2064 571 2122 623 ut
2230 568 2605 642 Fortunatus,
2638 572 2739 628 lib.
2776 592 2851 642 IX,
2889 593 3071 634 carm.
3108 580 3133 633 1
3174 596 3187 635 ε
3433 592 3439 595 “

476 658 886 714 dumadvive.et
907 661 1291 729 mater.ldem,
1312 662 1463 717 Iibro
1478 679 1495 717 ι
1510 666 1709 717 contra
1723 660 2121 725 Jovinianum,

480 763 606 817 cap.
637 748 705 801 2-8
742 765 800 803 τα
825 750 978 804 Licet
1011 751 1223 805 certior
1255 750 1561 806 haereditas
1593 752 1688 821 sit,
1714 752 1853 806 dum
1879 747 2124 815 advivis,

480 837 629 892 bene
646 837 806 893 abuti
826 840 1303 910 substantiatua,
1328 858 1505 911 quam
1532 840 1841 895 tuolaboro
1881 838 2130 911 quaesita

482 924 542 978 in
576 926 830 982 incertos
867 946 1008 984 usus
1032 928 1380 1000 relinquere.
1410 929 1872 997 «Tertullianus,
1904 930 1972 982 de
1990 928 2131 983 Ani-

485 1031 603 1080 ma,
635 1032 763 1087 cap.
795 1018 865 1070 57
900 1034 911 1071 :
948 1042 973 1066 ‹‹
1000 1018 1068 1072 Et
1098 1018 1158 1073 hi
1190 1018 1273 1073 vel
1298 1018 1569 1087 maxime,
1595 1019 1695 1090 qui
1740 1020 1797 1073 in
1828 1019 1972 1090 ipsis
1993 1022 2134 1072 tunc

488 1104 725 1160 fuerunt
762 1123 893 1161 cum
931 1107 1285 1163 adviverent.
1322 1132 1349 1158 ((
1396 1109 1711 1181 Gregorius
1753 1107 2133 1173 Turonensis,

487 1194 591 1249 lib.
623 1213 679 1251 Ix
709 1202 849 1252 Lam
880 1198 1094 1253 advz'uit
1117 1201 1390 1270 possideat
1421 1199 1869 1255 Jurisconsultis
1904 1214 2137 1270 quoque

492 1291 629 1342 nota
659 1304 787 1353 vox,
822 1288 860 1341 l.
891 1290 984 1357 20,
1010 1290 1038 1361 Ξ
1068 1295 1463 1357 Testamento,
1515 1292 1572 1346 d.
1633 1291 1714 1345 De
1772 1290 1939 1345 liber.
2001 1289 2139 1359 leg.;

491 1376 533 1430 l.
568 1377 659 1447 30,
691 1377 747 1432 d.
781 1378 861 1433 De
898 1379 1076 1433 adim-
1112 1380 1247 1451 lcg.;
1282 1382 1370 1449 30,
1409 1380 1437 1452 §
1497 1382 1895 1449 Testamento,
1951 1379 2007 1433 d.
2062 1379 2143 1434 De

494 1470 729 1533 testam,
765 1467 959 1537 milit.;
993 1469 1102 1541 leg.
1153 1469 1466 1541 Visigoth.,
1500 1469 1581 1523 lib
1614 1487 1691 1535 ιν,
1729 1468 1817 1524 tit.
1850 1474 1904 1539 2,
1937 1469 1975 1523 l.
2030 1468 2095 1522 ‘13
2128 1485 2141 1522 :

499 1578 523 1608 α
558 1558 923 1616 Medietatem
954 1577 1108 1629 vero,
1142 1561 1281 1615 dum
1309 1561 1612 1632 advixerit,
1638 1565 1802 1632 pater
1821 1560 1933 1615 sibi
1959 1558 2146 1614 vindi—

494 1652 603 1718 cet,
628 1648 765 1704 ﬁliis
798 1655 929 1720 post
959 1651 1183 1706 obitum
1218 1651 1691 1723 relinquendam.
1731 1670 1756 1702 ι)
1799 1651 1861 1705 In
1903 1649 2145 1705 iisdem-

491 1734 596 1803 lib,
630 1754 681 1803 v,
716 1738 808 1795 tit.
840 1740 896 1805 2,
930 1739 970 1793 l.
1005 1741 1037 1793 4
1069 1758 1082 1796 :
1123 1760 1149 1791 α
1183 1742 1268 1796 Ita
1291 1740 1393 1794 illa
1426 1757 1555 1811 quae
1587 1757 1699 1795 usu
1725 1740 1833 1795 hoc
1861 1739 1931 1795 ad
1956 1738 2146 1811 possi-

495 1825 750 1881 dendum
780 1828 1261 1900 percepit,omnia
1284 1829 1422 1883 dum
1446 1828 1881 1897 advixerit,sine
1904 1826 2144 1899 cujusli-
2178 1856 2226 1922 Β
2264 1881 2296 1937 b

498 1916 595 1937 ι.-ι.
626 1914 985 1937 Ξ-Α--Ξ-ιμ-]2η
1012 1935 1023 1937 ,
1056 1918 1159 1937 mur,
1195 1918 1241 1937 3,,
1267 1934 1359 1937 ,μη
1384 1922 1561 1937 _,,,n_,
1602 1928 1659 1937 _,A
1702 1923 1777 1937 1”,
1823 1934 1881 1937 ,Α
1908 1936 1913 1937 ,
1940 1936 1985 1937 κη
2012 1918 2086 1937 -9-

498 1916 598 1970 bet
626 1914 1031 1987 inquietudine
1051 1918 1172 1974 suis
1194 1918 1579 1974 incuncanter
1601 1923 1797 1973 utatur
1817 1918 2142 1990 expensis.»

503 2005 1037 2080 quem,lib.xm,tit.
1062 2006 1256 2063 3.1.13:
1284 2008 1525 2063 «Jurare
1546 2008 2009 2080 debebunt,quia
2024 2025 2150 2079 quas

496 2110 699 2148 eorum
732 2095 1016 2164 professio
1049 2096 1330 2166 continet,
1356 2097 1656 2152 sinceroet
1689 2114 1803 2151 non
1850 2096 2143 2152 maculato

495 2183 668 2244 corde
692 2184 1095 2255 proﬁteantur,
1121 2202 1181 2240 se
1200 2187 1383 2241 donec
1402 2186 2145 2243 advixcrintconscrvarc.»

572 2274 858 2329 IEGYPTUS
891 2274 1030 2331 olim
1059 2274 1217 2330 varie
1249 2275 1458 2346 divisa,
1492 2292 1594 2331 seu
1630 2276 1982 2348 provincias,
2045 2293 2150 2332 seu

498 2362 778 2423 dioeceses
831 2368 1080 2435 spectes.
1132 2364 1276 2419 Vide
1309 2363 1564 2437 Philippi
1595 2365 1835 2421 Berterii
1862 2365 2150 2421 Pithancn

497 2451 823 2508 Diatribam
857 2470 896 2518 ι,
930 2470 1056 2525 cap.
1094 2471 1169 2509 ιν.
1204 2454 1365 2525 Saepe
1397 2454 1551 2525 apud
1604 2458 1870 2510 auctores
1893 2455 2149 2511 occurrit

501 2545 772 2614 Aigypms
802 2542 1042 2613 inferior
1072 2547 1128 2597 et
1158 2546 1436 2615 superior.
1470 2544 1874 2612 Sccrates,lib.
1901 2562 2034 2616 1v,c.
2064 2547 2151 2614 18,

497 2634 771 2704 Egytum
805 2633 1167 2704 superiorem
1216 2633 1461 2704 opponit
1507 2633 1900 2691 Alexandriae.
1960 2636 2155 2707 Agens

500 2722 659 2778 enim
690 2722 761 2776 de
793 2722 1024 2777 duobus
1051 2722 1320 2778 Macariis
1352 2726 1435 2778 ait
1468 2739 1482 2777 :
1512 2726 1609 2775 Ὧν
1641 2722 1669 2775 ὁ
1704 2722 1797 2793 μὲν
1830 2721 1890 2777 ἐκ
1917 2730 2015 2792 τῆς
2046 2719 2155 2778 ἅνω

498 2808 776 2885 Αἰγύπτου
802 2811 889 2877 ἦν·
913 2809 940 2863 ὁ
965 2807 1021 2863 δὲ
1040 2808 1098 2865 ἐκ
1120 2811 1234 2878 τῆς⁹
1252 2809 1637 2884 Αλεξανδρέων
1659 2810 1874 2874 πόλεως
1902 2830 1915 2868 :
1957 2833 1976 2862 ι
2003 2815 2155 2878 Quo-

503 2917 635 2956 rum
660 2900 805 2955 alter
827 2916 895 2955 ex
914 2901 1217 2972 superiore
1240 2903 1465 2974 lEgyto,
1482 2901 1628 2957 alter
1644 2919 1712 2958 ex
1740 2903 1884 2959 urbe
1909 2905 2154 2960 Alexan-

507 2990 635 3045 dria
664 2989 973 3045 oriundus.
1007 3012 1034 3039 ‹‹
1066 2990 1203 3046 Fere
1233 2990 1485 3046 Thebais
1520 2995 1578 3046 et
1608 2993 1889 3065 Aigyptus
1920 2993 2073 3049 inter
2093 3011 2156 3051 se

509 3079 977 3151 distinguuntur.
998 3078 1408 3152 Hieronymus,
1432 3082 1489 3135 in
1506 3081 1638 3137 Vita
1653 3082 1813 3137 Pauli
1838 3081 2007 3153 primi
2032 3100 2153 3140 ere-

502 3169 656 3225 mitae
692 3185 704 3222 :
737 3190 759 3220 ι
792 3168 1005 3225 Multas
1037 3170 1191 3242 apud
1214 3170 1525 3243 {Egyptum
1558 3171 1989 3229 etThebaidem
2011 3177 2155 3230 tem-

502 3262 701 3332 pestas
723 3275 872 3314 θωνα
893 3258 1169 3330 populata
1187 3264 1329 3315 est.«
1350 3261 1631 3332 ngyptus
1653 3261 1920 3317 absolute
1942 3264 2151 3334 posita,

499 3348 588 3404 vel
612 3352 797 3404 totam
812 3348 1111 3419 regionem
1131 3350 1363 3422 [Egypti
1382 3349 1697 3421 signiﬁcat,
1716 3349 1803 3405 vel
1819 3351 1993 3406 etiam
2014 3352 2161 3407 The-

499 3437 736 3494 baidam
757 3438 1225 3509 comprehendit,
1248 3438 1333 3492 vel
1356 3443 1581 3510 partem
1602 3440 1732 3510 ejus
1752 3439 1903 3494 circa
1917 3440 2158 3497 Alexan-

502 3528 713 3594 driam,
739 3544 917 3598 quam
935 3532 1145 3583 vocant
1170 3528 1478 3601 {Egyptum
1499 3528 1861 3599 inferiorem;
1897 3531 1981 3585 uti
2003 3530 2157 3587 The-

507 3616 685 3673 baida
717 3620 928 3672 vocant
952 3617 1317 3688 superiorem
1338 3622 1675 3690 ZEgyptum.
1705 3619 2065 3687 Ptolemaeus,
2087 3622 2157 3678 de

501 3706 666 3762 Delta
693 3710 748 3761 et
772 3706 963 3761 ﬂuviis
1021 3707 1187 3762 circa
1234 3706 1395 3763 Delta
1432 3707 1491 3763 in
1540 3707 1813 3764 inferiore
1859 3697 2102 3782 Egypto
2137 3729 2150 3767 :

502 3793 763 3851 Καλεῖται
788 3791 846 3848 δὲ
866 3799 1063 3856 κοινῶς
1087 3797 1120 3865 ἡ
1148 3796 1270 3871 περῖ
1292 3795 1519 3859 τοὺτους
1538 3796 1668 3857 τοὺς
1689 3798 1973 3870 ποταμούς
1996 3800 2155 3873 χώρίῑ

487 3882 633 3939 κάτω
662 3902 676 3941 :
715 3906 743 3936 «
773 3885 1027 3941 Vocatur
1055 3889 1253 3941 autem
1285 3886 1601 3941 communi
1636 3887 1918 3943 vocabuto
1971 3890 2150 3961 regio,

497 3993 625 4047 quas
648 3976 803 4031 circa
839 3974 949 4030 hos
970 3978 1058 4029 est
1081 3975 1314 4045 ﬂuvios,
1337 3975 1595 4030 inferior.
1623 3996 1651 4023 ››
1675 3977 1741 4030 Et
1764 3976 1833 4031 de
1856 3979 2154 4048 superiore

498 4070 797 4137 parte,seu
837 4064 1148 4120 Thebaide
1182 4081 1195 4119 :
1228 4064 1307 4118 Τὰ
1339 4060 1395 4118 δὲ
1442 4062 1519 4118 ἔτι
1545 4084 1679 4136 pse-7,
1696 4058 2005 4140 μϐριώτερα
2042 4072 2148 4122 τῶν

498 4151 881 4225 Ἐπτανομίων
904 4151 1150 4207 καλεῖται
1175 4148 1407 4225 Θηϐαὶς,
1436 4152 1525 4207 καὶ
1570 4152 1681 4210 ἅνω
1701 4153 1860 4208 τόποι
1884 4174 1896 4211 :
1922 4173 1935 4212 :
1962 4180 1990 4207 ‹‹
2015 4158 2150 4222 Qum

505 4248 699 4309 autem
719 4243 910 4298 adhuc
930 4242 1275 4299 australiora
1296 4244 1679 4316 Heptanomis
1695 4250 1856 4316 sunt,
1874 4253 2153 4303 vocantur

510 4332 911 4397 Thebaidis,et
929 4330 1056 4386 loca
1085 4333 1403 4403 superiora.
1433 4355 1459 4383 «
1489 4334 1773 4405 Regiones
1795 4341 1851 4391 et
1871 4336 2147 4394 dioeceses

503 4421 732 4494 [Egypti
750 4425 807 4475 et
827 4420 1111 4476 Thcbaidi
1142 4420 1345 4494 collegi
1370 4429 1621 4495 possunt
1637 4442 1703 4480 ex
1716 4426 2147 4499 subscriptione

506 4510 737 4566 concilii
770 4510 1010 4575 Nicazni,
1042 4514 1099 4565 et
1128 4510 1399 4567 aliorum.

570 4602 789 4656 fE'rnea
814 4604 1022 4656 neutro
1052 4617 1284 4672 genere.
1318 4601 1452 4657 Vita
1498 4602 1806 4674 Onuphrii,
1862 4622 1987 4678 cap.
2040 4608 2103 4660 16
2133 4624 2144 4661 :
2180 4596 2225 4662 D

566 4691 800 4746 lEthera
812 4689 1092 4760 angelicis
1115 4692 1263 4746 canti
1278 4692 1385 4747 bus
1404 4693 1754 4749 resonantia.
1769 4695 2145 4767 »Complures

498 4786 765 4838 auctores
796 4780 1068 4851 sequiore
1089 4797 1206 4835 aevo
1238 4781 1319 4836 ita
1341 4781 1523 4836 aether
1546 4788 1925 4853 usurparunt.
1953 4786 2143 4841 Enno-

499 4871 651 4938 dius,
685 4870 787 4925 lib.
823 4886 885 4937 ιι,
918 4868 1087 4940 epist.
1127 4870 1192 4924 13
1227 4885 1239 4924 :
1275 4889 1296 4917 α
1326 4871 1453 4927 Non
1476 4871 1559 4926 sic
1585 4872 1786 4943 pernix
1810 4873 1987 4928 aether
2017 4879 2144 4931 acta

498 4959 691 5015 nervis
723 4959 947 5015 arundo
982 4959 1320 5030 proscindit.
1354 4979 1379 5010 ι)
1420 4960 1602 5028 Idem,
1627 4961 1729 5017 lib.
1757 4980 1834 5031 v1,
1857 4963 2033 5034 epist.
2075 4965 2143 5018 38

491 5049 791 5104 «Facilius
815 5048 988 5103 credo
1012 5065 1221 5103 cursus
1247 5049 1555 5104 ﬂuminum
1575 5051 1632 5106 in
1657 5051 1887 5107 diversa
1910 5069 2142 5109 revoca-

488 5139 558 5206 ri,
588 5142 641 5193 et
672 5138 892 5192 relictis
932 5137 1290 5193 ﬂuentorum
1320 5138 1613 5194 alimoniis
1665 5141 1843 5196 aether
1891 5159 2140 5198 vacuum

492 5228 682 5298 pisces
714 5232 999 5298 expetere.
1029 5228 1242 5297 nldem,
1268 5228 1325 5281 in
1353 5228 1750 5300 Apologetico,
1771 5232 1840 5285 de
1863 5232 2094 5302 Synodo
2125 5251 2138 5289 :

495 5338 521 5365 (ι
549 5314 841 5370 Videbant
862 5316 1040 5370 aether
1061 5320 1290 5372 tantum
1316 5317 1552 5372 directis
1575 5336 1608 5373 a
1626 5319 1919 5389 sejaculis
1942 5321 2139 5377 verbe-

489 5404 627 5459 rari.
662 5426 688 5452 »
724 5404 942 5459 Marius
972 5405 1168 5461 Victor
1206 5406 1615 5477 Massiliensis,
1649 5408 1748 5462 lib.
1780 5426 1817 5463 1:

552 5494 665 5562 S_ed_
690 5493 813 5555 quid
842 5499 921 5542 est
954 5496 1096 5562 quod
1131 5497 1365 5562 mundus
1384 5501 1515 5556 erat,
1538 5498 1680 5562 quod
1702 5498 1879 5548 sidera
1900 5503 1950 5550 et
1971 5504 2139 5562 ortus,

542 5558 621 5607 IEL
653 5556 887 5619 heraque
919 5556 1188 5608 et’vitrem
1219 5560 1461 5623 pelagus.

494 5639 670 5706 Beda,
703 5637 762 5691 in
796 5637 925 5692 Vita
953 5638 1236 5709 Cutperti,
1270 5658 1397 5712 cap.
1430 5642 1465 5695 9
1500 5659 1513 5697 :

2292 667 2433 717 Aera
2463 670 2720 733 temperie
2756 672 2975 724 faveant
2999 676 3094 725 tibi
3127 680 3372 741 tempora
3402 693 3548 743 pace.

2230 758 2511 817 Aldemus
2542 762 2613 817 de
2637 767 2764 819 octo
2798 766 3224 839 principalibus
3255 770 3451 829 vitiis:

2295 865 2501 915 Adduci
2531 880 2761 928 merear,
2790 870 3002 921 Christo
3030 879 3288 937 regnante
3318 890 3413 939 per
3440 880 3600 931 aethra

2240 964 2323 1018 Ita
2344 964 2451 1019 Ms.
2474 967 2645 1021 mlhra
2674 984 2776 1039 pro
2799 970 3039 1039 aethera,
3065 972 3164 1027 ubi
3188 973 3459 1032 Canisius
3480 980 3711 1038 aethram
3730 986 3847 1041 sub-

2241 1052 2447 1107 stituit.
2483 1054 2663 1124 Idem,
2697 1058 2766 1111 de
2796 1060 2991 1115 Laude
3013 1060 3386 1135 virginitatis,
3410 1066 3469 1123 in
3496 1072 3805 1140 praefatione
3832 1095 3843 1130 :

2307 1155 2346 1207 τι
2360 1154 2449 1208 (η
2465 1155 2511 1209 3
2532 1155 2602 1201 AS
2624 1155 2711 1205 the
2723 1158 2927 1207 racelsa
2956 1163 3148 1210 tonant
3170 1161 3296 1211 dum
3315 1163 3456 1213 fatur
3475 1166 3659 1218 Rector
3677 1170 3863 1237 Olympi

2246 1251 2429 1321 Idem,
2464 1254 2533 1309 de
2566 1255 2764 1311 Laude
2808 1256 3192 1329 virginitatis,
3245 1278 3371 1334 cap.
3432 1264 3518 1335 37,
3575 1266 3633 1322 in
3688 1275 3863 1326 sancta

2248 1341 2464 1397 Thecla
2489 1359 2502 1397 :

2375 1432 2628 1507 Quamvis
2658 1436 2943 1507 verborum
2975 1443 3231 1507 rorarent
3253 1441 3423 1491 imbre
3456 1450 3712 1507 parentes,

2374 1497 2521 1544 Sicut
2550 1497 2808 1547 nimbosis
2839 1499 3117 1551 stillabant
3147 1504 3351 1554 zethera
3382 1497 3563 1568 guttis.

2254 1584 2437 1654 Idem,
2470 1584 2710 1657 ibidem,
2745 1605 2871 1660 cap.
2903 1590 2993 1657 23,
3029 1590 3089 1646 in
3122 1597 3326 1649 sancta
3358 1593 3609 1669 Babyla:

2313 1692 2525 1742 Ethera
2552 1693 2741 1757 glauca
2769 1697 2904 1759 petit
2935 1697 3183 1749 devineta
3211 1706 3382 1753 morte
3408 1703 3745 1767 triumphans.

2323 1790 2638 1859 Arrecrus,
2673 1792 2729 1848 id
2764 1798 2870 1864 est,
2897 1801 3186 1869 parentes,
3211 1798 3383 1856 liberi
3406 1805 3462 1858 et
3483 1806 3732 1874 nepotes,
3755 1804 3864 1875 qui-

2306 1898 2375 1937 us
2407 1882 2673 1938 aﬂ‘ectum
2706 1889 2763 1939 et
2789 1902 3045 1942 amorem
3071 1893 3284 1945 natura
3300 1892 3448 1948 duce
3479 1892 3762 1949 debemus.
3780 1894 3871 1949 He-

2259 1970 2526 2041 raclides,
2562 1989 2608 2028 c.
2643 1973 2713 2026 54
2744 1991 2757 2029 :
2793 1997 2821 2024 «
2855 1980 3000 2031 Nam
3034 1994 3168 2033 cum
3193 1980 3335 2039 adeo
3362 1981 3450 2039 illi
3471 1982 3617 2038 fame
3640 1980 3885 2054 quodam'

2258 2062 2519 2131 tempore
2538 2059 2963 2134 laborarent,ut
2978 2064 3243 2125 homines
3264 2087 3333 2125 ne
3348 2068 3649 2128 aﬂ‘cctihus
3663 2072 3871 2141 quidem

2259 2154 2561 2221 parcerent
2610 2151 2754 2207 suis.
2790 2177 2811 2205 ι
2850 2154 3156 2226 Apuleius,
3190 2159 3260 2213 de
3292 2159 3698 2231 Philosophia:
3722 2183 3748 2211 «
3779 2160 3875 2215 Nec

2262 2240 2892 2311 angeturcharissimis
2906 2245 3147 2301 orbatus
3162 2247 3491 2306 affectibus.
3510 2272 3536 2299 ››
3553 2249 3877 2306 Marcusim-

2261 2333 2520 2401 perator:
2553 2352 2579 2381 ‹‹
2604 2331 2767 2394 Quod
2798 2332 3029 2389 interim
3052 2353 3085 2391 a
3110 2340 3165 2391 te
3196 2337 3487 2409 publicari
3539 2339 3687 2407 nolo,
3709 2356 3775 2395 ne
3793 2344 3880 2396 aut

2261 2418 2333 2473 ad
2366 2418 2558 2490 ipsum
2580 2420 2903 2492 Papirium,
2926 2427 3027 2479 aut
3052 2425 3123 2479 ad
3141 2427 3269 2497 ejus
3292 2428 3536 2484 aﬂ‘ectus
3559 2428 3871 2499 perveniat.-

2261 2507 2626 2578 Capitolinus
2660 2510 2977 2568 Maximino
3011 2529 3024 2567 :
3060 2537 3086 2563 (ί
3122 2516 3423 2573 Timentes
3453 2518 3633 2590 igitur
3660 2518 3874 2587 milites,

2261 2613 2514 2667 quorum
2538 2598 2782 2655 affectus
2807 2601 2865 2655 in
2893 2601 3119 2658 Albano
3145 2612 3327 2660 erant.
3355 2629 3385 2655 »
3406 2608 3561 2662 Idem
3579 2606 3878 2663 Gordianis:

2261 2705 2290 2735 (ι
2313 2686 2568 2743 Aﬂ‘ectus
2592 2705 2732 2744 suos
2755 2689 2922 2745 unice
2947 2691 3171 2760 dilexit,
3193 2693 3732 2768 ﬂliumetnepotem
3750 2695 3883 2751 ultra

2263 2792 2508 2847 morem,
2534 2777 2715 2833 {illam
2743 2783 2799 2833 et
2821 2784 3053 2852 neptem
3078 2781 3370 2856 religiose.
3397 2806 3425 2835 ››
3452 2786 3626 2853 Idem,
3649 2785 3704 2839 in
3737 2789 3883 2840 anto-

2264 2864 2403 2920 nino
2436 2865 2821 2938 Philosopho:
2841 2891 2868 2919 «
2889 2870 3221 2927 Antoninus
3244 2872 3487 2944 quidem
3510 2890 3624 2929 non
3657 2877 3740 2929 est
3759 2872 3884 2927 satis

2263 2961 2460 3010 motus
2482 2956 2804 3013 defectione
2826 2959 3031 3028 Cassii,
3058 2976 3163 3016 nec
3180 2960 3238 3016 in
3258 2962 3389 3033 ejus
3408 2965 3644 3019 aﬂ‘cctus
3664 2960 3871 3018 saeviit.-

2261 3043 2567 3101 Vulcatius
2590 3045 2948 3118 Gallicanus,
2969 3048 3028 3103 in
3049 3049 3251 3106 Avidio
3272 3052 3475 3108 Cassio
3501 3068 3514 3108 :
3540 3074 3567 3102 «
3583 3052 3693 3107 Nec
3708 3055 3877 3107 tamen

2259 3135 2589 3191 Antoninus
2602 3136 2853 3207 graviter
2866 3141 2955 3192 est
2968 3136 3149 3194 iratus
3168 3138 3485 3197 rebellione
3501 3141 3876 3212 cognitan,nec

2187 3229 2231 3298 ο
2268 3223 2328 3278 in
2358 3224 2485 3294 ejus
2514 3223 2729 3283 liberos
2749 3234 2845 3282 aut
2867 3227 3107 3284 aﬂ‘ectus
3130 3229 3328 3285 saeviit.
3362 3252 3392 3281 ››
3411 3230 3688 3287 Paulinus
3712 3229 3884 3285 senior

2272 3313 2344 3367 ad
2378 3313 2629 3369 militem
2661 3332 2674 3370 :
2713 3336 2741 3365 «
2774 3315 2907 3370 Ideo
2939 3331 3043 3371 nec
3073 3317 3373 3389 aﬂ‘ectum,
3403 3335 3507 3375 nec
3530 3318 3892 3390 patriam,nec

2269 3401 2545 3474 honores,
2580 3420 2684 3459 nec
2713 3404 2947 3461 divitias
2970 3411 3086 3463 Deo
3106 3408 3378 3479 przeferre
3398 3410 3696 3466 debemus.
3716 3429 3743 3457 »
3766 3406 3893 3462 Pau-

2268 3492 2426 3551 linus
2452 3495 2683 3567 junior,
2718 3495 2777 3551 in
2812 3496 3210 3556 Eucharistico
3245 3518 3259 3556 :

2393 3629 2473 3663 3.,
2497 3594 2819 3657 jamdudum
2843 3594 3049 3645 cunctis
3079 3596 3358 3663 aﬂ‘ectibus
3391 3613 3608 3663 expers,

2392 3656 2570 3707 Prima
2600 3672 2775 3717 socru,
2797 3672 2858 3707 ac
2886 3664 3057 3709 matre
3089 3659 3281 3710 dehinc
3316 3665 3369 3712 et
3400 3656 3628 3725 conjuge
3654 3660 3839 3709 functa.

2336 3748 2545 3803 Acme.
2578 3746 2872 3820 Pelagius,
2907 3747 3105 3805 libello
3126 3766 3250 3819 xm,
3276 3768 3335 3806 n.
3375 3753 3443 3807 15
3476 3760 3573 3808 ται
3595 3751 3879 3823 acciperent

2265 3854 2516 3909 agapem.
2541 3837 2708 3893 Clare
2732 3837 2824 3892 hic
2849 3854 3031 3910 agape
3053 3844 3381 3912 usurpatur
3394 3860 3500 3915 pro
3522 3841 3886 3911 eleemosyna,

2265 3943 2368 3982 seu
2399 3930 2563 3998 parte
2585 3926 2802 3998 aliqua,
2826 3943 2953 3998 quae
2976 3944 3043 3984 ex
3065 3927 3352 3985 charitate
3372 3930 3569 4003 egenti
3595 3930 3779 3985 datur.
3801 3928 3894 3981 Sa:-

2263 4017 2398 4088 pius
2429 4015 2550 4071 hac
2575 4033 2681 4072 vox
2704 4018 2760 4071 in
2782 4016 2873 4072 his
2903 4015 3069 4074 libris
3104 4020 3381 4078 occurrit.
3406 4020 3694 4093 Pelagius,
3720 4014 3891 4072 libello

2261 4124 2315 4175 x,
2348 4121 2511 4159 num.
2538 4105 2689 4159 116m
2718 4106 2956 4161 Semino
2979 4123 3186 4178 agrum
3212 4124 3432 4176 meum,
3462 4116 3517 4163 et
3542 4108 3684 4164 facio
3706 4106 3888 4176 exipso

2261 4211 2527 4268 agapem.
2565 4216 2592 4243 »
2628 4195 2806 4264 Idem,
2839 4194 3033 4252 libello
3062 4214 3156 4265 xv,
3192 4214 3355 4252 num.
3383 4199 3449 4254 31
3481 4215 3494 4255 :
3530 4196 3881 4252 «Praebentes

2259 4286 2311 4343 ei
2338 4304 2465 4358 quae
2489 4286 2817 4341 necessaria
2839 4292 3027 4353 erant,
3061 4291 3124 4341 ut
3146 4290 3363 4344 faceret
3379 4307 3487 4362 pro
3510 4289 3594 4346 eis
3610 4301 3885 4360 agapem.»

2258 4375 2715 4446 Palladius,cap.
2734 4377 2799 4429 18
2824 4393 2837 4431 :
2862 4398 2890 4425 ‹‹
2916 4377 3113 4433 Etfero
3139 4395 3339 4450 panes,
3366 4381 3648 4452 quoniam
3663 4382 3882 4446 cetaga-

2257 4481 2328 4538 pe
2357 4465 2443 4520 tui
2475 4466 2598 4520 noti
2628 4465 2818 4531 fratis;
2852 4469 2909 4521 et
2929 4483 3058 4522 cras
3081 4466 3460 4525 illucescente
3482 4469 3729 4525 Sabbato
3751 4479 3879 4537 opus

2257 4561 2347 4612 est
2376 4555 2794 4613 oblationibus.
2824 4578 2852 4607 «
2884 4557 3237 4629 Heraclides,
3273 4577 3404 4631 cap.
3438 4579 3473 4617 v
3508 4576 3522 4614 :
3561 4584 3580 4609 ι
3608 4558 3747 4625 Quia
3768 4555 3880 4627 ipse

2256 4648 2434 4702 frater
2455 4651 2590 4701 tuus
2610 4662 2853 4717 agapem
2879 4648 3137 4703 facturus
3157 4653 3263 4704 est.
3292 4672 3319 4698 ››
3342 4650 3437 4706 Sic
3461 4650 3752 4714 Cassinus,
3776 4642 3883 4701 col-

2252 4738 2469 4793 latione
2498 4754 2632 4793 xx1v
2661 4738 2849 4808 capite
2868 4738 2934 4792 12
2967 4755 3030 4793 :«
3053 4742 3292 4811 Agapen
3317 4740 3527 4797 alienas
3554 4733 3883 4813 operationis

2252 4834 2565 4901 exspectat.
2592 4852 2619 4879 ››
2639 4831 2873 4901 Agapen
2898 4835 3240 4902 vocatopem
3262 4832 3597 4905 largitionis
3622 4828 3883 4895 aliene,et

2253 4919 2495 4990 opponit
2527 4918 2629 4984 rei,
2664 4934 2838 4989 quam
2874 4919 3007 4989 quis
3040 4921 3273 4991 proprio
3297 4922 3500 4979 labore
3522 4916 3877 4993 comparavit.

2253 5008 2681 5075 Tertullianus,
2715 5008 2787 5063 ad
2821 5013 3128 5081 martyres,
3161 5027 3287 5082 cap.
3323 5013 3357 5065 2
3391 5028 3403 5067 :
3438 5034 3465 5066 α
3497 5014 3618 5067 Imo
3673 5014 3725 5065 et
3767 5022 3877 5077 quae

2244 5102 2408 5171 jusla
2437 5102 2595 5163 sunt,
2632 5113 2764 5152 caro
2794 5114 2909 5153 non
2943 5097 3163 5153 amittit
3194 5117 3296 5171 per
3326 5117 3534 5157 curam
3558 5096 3801 5157 ecclesia:
3830 5097 3877 5149 et

2251 5203 2474 5260 agapen
2510 5187 2780 5241 fratrum.
2807 5208 2831 5238 α
2855 5186 3070 5243 Paulus
3092 5189 3411 5260 Diaconus,
3436 5192 3509 5247 de
3532 5190 3719 5247 Gestis
3740 5187 3873 5242 Lan-

2250 5277 2665 5350 gobardorum,
2701 5275 2801 5329 lib.
2832 5293 2872 5341 ι,
2906 5292 3034 5347 cap.
3066 5279 3180 5334 26:

2374 5375 2561 5437 Signat
2591 5374 2778 5423 adesse
2809 5374 2974 5437 dapes
3009 5390 3224 5439 agapes,
3258 5377 3350 5427 sed
3380 5378 3583 5428 lividus
3612 5378 3793 5427 obstat.

2316 5434 2559 5536 .Capitur
2589 5464 2706 5519 fere
2739 5481 2842 5535 pro
2882 5463 3148 5521 solemmi
3175 5468 3441 5524 convivio
3472 5469 3533 5523 in
3557 5465 3784 5540 templis
3801 5460 3878 5519 vel

2251 5555 2554 5613 memoriis
2570 5561 2888 5628 martyrum
2910 5557 3170 5614 exhiberi
3189 5558 3325 5615 olim
3339 5560 3690 5617 solito.Vide
3706 5555 3876 5614 conci-

2248 5647 2391 5702 lium
2425 5646 2784 5717 Gangrense,
2815 5663 2944 5701 can.
2972 5648 3056 5717 11;
3091 5648 3467 5717 Laodiceam,
3496 5666 3604 5705 can
3636 5649 3703 5703 27
3724 5650 3777 5703 et
3792 5644 3870 5699 28.

546 5763 737 5819 IVide
784 5779 987 5836 supra,
1046 5763 1152 5819 col.
1202 5766 1327 5834 208,
1377 5768 1515 5839 quid
1576 5767 1636 5823 in
1694 5767 1803 5825 hoc
1859 5770 2097 5831 verbum
2138 5774 2508 5845 Rosweydus
2541 5787 2768 5843 nosque
2798 5770 2979 5828 simul
3012 5772 3431 5830 notaverimus.
3469 5775 3676 5847 (Εῡιτ.)
