4092 6324
227 410 335 467 405

935 413 1454 471 ONOMASTICON
1490 416 1751 472 RERUM
1788 416 1884 471 ET
1922 413 2324 472 VERBORUM
2360 415 2921 471 DIFFICILIORUM.

3538 401 3644 468 406

300 540 484 594 Aost
513 538 573 594 1N
604 555 814 598 annos.
851 538 1212 611 Heraclides,
1243 556 1369 613 cap.
1402 540 1508 597 53:
1536 562 1563 591 «
1594 541 1851 598 Juvenen

1964 602 1967 607 I
1998 542 2460 614 Latinogrzecum
2496 585 2511 609 ,
2542 542 2915 612 Antiqizarius
2946 586 2960 611 ,
2994 538 3410 615 ἆρχαιογράφος
3447 536 3647 594 καλλι-

233 629 544 701 quemdam
574 634 842 702 agentem
875 629 933 686 in
958 630 1159 695 rebus,
1192 636 1324 699 etc.,
1350 631 1682 688 commovit.
1710 653 1738 682 »
1760 631 1881 695 Quo

226 719 346 775 loco
371 718 691 789 Palladius,
711 737 838 791 cap.
871 720 996 788 148,
1020 720 1236 787 Graece,
1261 720 1651 795 μαγιστριανὸς
1682 720 1880 776 habet.

226 810 359 865 Erat
380 827 411 865 e
429 810 716 866 Palatinis
745 809 975 867 ofﬁciis.
1001 812 1372 883 Ambrosius,
1395 814 1541 884 epis.
1572 813 1659 879 13,
1687 811 1788 867 lib.
1817 829 1880 877 ιι,

227 901 297 955 ad
328 899 733 957 Marcellinam
765 916 1029 956 sororem
1056 918 1069 955 :
1108 924 1129 951 α
1166 901 1432 957 Palatina
1462 902 1659 958 omnia
1692 900 1884 957 ofﬁcia

222 991 326 1045 hoc
356 994 468 1059 est,
504 990 906 1059 memoriales,
939 995 1184 1061 agentes
1208 991 1265 1045 in
1290 992 1487 1058 rebus,
1514 991 1880 1064 apparitores

223 1080 591 1135 diversorum
624 1080 923 1137 comitum.
950 1101 978 1129 »
1004 1081 1223 1135 Tamen
1249 1085 1307 1135 et
1328 1080 1384 1134 in
1410 1080 1725 1152 provinciis
1744 1097 1878 1153 spe-

221 1168 332 1223 cies
364 1168 727 1224 annonarias
759 1170 1070 1239 curabant,
1103 1174 1159 1225 et
1192 1175 1480 1241 praeerant
1508 1170 1686 1226 etiam
1714 1186 1877 1226 evec-

216 1258 356 1313 tioni
382 1257 661 1330 publicae.
699 1257 989 1314 Dicuntur
1018 1270 1075 1315 et
1106 1259 1487 1328 Magistriani.
1525 1260 1672 1315 Vide
1700 1260 1874 1315 infra.

281 1349 737 1403 ALMIBIDENSES.
771 1347 905 1403 Vita
936 1348 1183 1420 Epicteti
1216 1353 1272 1404 et
1302 1348 1560 1405 Aetionis
1582 1390 1596 1416 ,
1630 1366 1757 1419 cap.
1790 1350 1824 1402 6
1858 1364 1871 1404 :

217 1459 243 1487 α
276 1438 335 1492 In
364 1437 718 1506 Scytharum
738 1436 885 1493 ﬁnes
908 1436 1160 1510 ingressi
1186 1443 1345 1505 sunt,
1371 1442 1549 1509 atque
1568 1438 1625 1493 in
1638 1437 1873 1494 Almiri-

220 1525 488 1581 densium
524 1525 818 1582 civitatem
864 1527 1247 1583 devenerunt.
1282 1548 1311 1577 »
1346 1528 1427 1583 Ex
1457 1528 1551 1583 his
1579 1527 1875 1600 colligitur

1990 630 2221 706 γράφος.
2257 632 2425 703 Apud
2457 630 2897 698 Cassiodorum,
2929 628 3030 684 lib.
3067 647 3107 684 ιι
3138 629 3354 683 Histor.
3383 629 3636 699 Tripart.

1986 737 2113 792 cap.
2152 723 2255 776 16:
2292 744 2321 771 «
2364 721 2812 794 Quinquaginta
2844 720 3330 776 membranaceos
3362 718 3639 784 Codices,

1986 813 2134 868 bene
2162 813 2459 867 conlectos
2490 818 2543 867 et
2576 812 2646 867 ad
2680 827 2854 866 usum
2888 809 3135 877 habiles,
3169 809 3239 864 ab
3272 808 3635 863 artiﬁcibus-

1986 902 2361 973 antiquariis,
2395 906 2452 958 et
2472 899 2722 973 perfecte
2742 905 2926 956 artem
2941 898 3264 955 scientibus
3290 898 3466 953 scribi
3490 914 3634 968 prae-

1987 992 2190 1064 cipias.
2228 1014 2255 1041 ››

2057 1086 2440 1137 Arnaonrros.
2461 1081 2524 1135 In
2539 1081 2667 1136 Vita
2689 1078 2875 1135 sancti
2900 1077 3234 1144 Hilarionis,
3258 1091 3411 1131 num.
3433 1076 3522 1142 30,
3538 1074 3631 1129 in-

1984 1170 2270 1243 telligitur
2300 1171 2370 1226 de
2398 1170 2741 1241 Aphrodite,
2764 1186 2891 1241 quae
2922 1168 3213 1239 Stephano
3237 1166 3632 1237 diciturjuxta

1980 1261 2272 1327 Athribin,
2311 1276 2443 1332 quae
2459 1258 2937 1332 Aphroditopolis
2956 1256 3227 1313 Straboni
3246 1256 3347 1311 lib.
3368 1272 3522 1311 XVIII.
3554 1260 3628 1309 De

1981 1367 2049 1405 ea
2064 1349 2313 1423 intelligi
2327 1349 2483 1405 hunc
2497 1349 2689 1405 locum
2706 1348 3001 1419 colligitur
3016 1364 3081 1402 ex
3095 1346 3301 1401 itinere
3318 1344 3631 1399 Hilarionis

1980 1444 2036 1495 et
2066 1457 2134 1495 ex
2164 1444 2363 1496 monte
2412 1438 2609 1495 Sancti
2641 1438 2904 1503 Antonii,
2939 1438 3007 1493 ad
3039 1452 3213 1508 quem
3258 1434 3627 1507 properabat.

2047 1532 2521 1586 APOCRISIARIUS.
2574 1527 2793 1584 Moschi
2830 1544 2957 1599 cap.
3006 1527 3097 1597 88,
3130 1526 3308 1581 habes
3339 1523 3623 1579 Thomam

218 1615 701 1672 Almiridensium
732 1616 1029 1673 civitatem
1050 1617 1110 1672 in
1137 1616 1374 1690 Scythia
1404 1634 1555 1673 esse.
1578 1618 1690 1674 Sed
1714 1619 1868 1690 apud
1973 1621 2398 1692 apocrisiarium
2426 1619 2673 1675 ccenobii
2698 1637 2710 1686 ;
2745 1623 2802 1674 et
2832 1634 2960 1689 cap.
2994 1616 3274 1679 88.alium
3308 1614 3620 1683 quemdam

219 1720 385 1777 quem
402 1708 711 1761 auctorem
731 1705 911 1776 hujus
935 1705 1100 1762 urbis
1122 1707 1407 1763 memoria
1427 1707 1455 1762 ‘I
1476 1707 1757 1763 Existimo
1769 1706 1868 1762 Al-
1971 1712 2400 1783 apocrisiarium
2431 1708 2718 1765 Gennadii
2750 1707 3101 1780 patriarchae
3129 1704 3615 1775 Constantinopo-

217 1794 652 1861 miridensium,
672 1812 773 1851 seu
799 1795 1320 1852 Halmiridensium
1340 1796 1630 1853 civitatem
1650 1796 1865 1852 dictam
1970 1798 2138 1855 litani
2165 1816 2177 1853 :
2200 1800 2355 1855 unde
2382 1798 2675 1870 colligitur
2697 1797 3107 1869 apocrisiarios
3130 1811 3367 1850 curasse
3385 1793 3616 1864 negotia

213 1901 242 1940 a
268 1884 423 1954 lacu,
454 1884 558 1956 qui
592 1884 887 1956 Halmyris
916 1884 1107 1941 Plinio
1138 1885 1239 1942 lib.
1272 1904 1351 1953 ιν,
1380 1904 1507 1959 cap.
1534 1889 1621 1958 12,
1645 1886 1860 1944 dicitur
1890 1907 1936 1972 Β
1969 1888 2347 1946 ecclesiarum
2382 1891 2439 1943 et
2486 1888 2903 1943 ccenobiorum.
2939 1885 3157 1942 Glossae
3188 1884 3433 1940 Isidori:
3475 1884 3614 1953 Apo-

212 1972 262 2029 in
291 1973 401 2029 hoc
432 1977 627 2030 tractu
660 1991 673 2029 :
707 1996 736 2025 «
770 1975 1061 2031 Exeodem
1076 1974 1237 2031 alveo
1252 1980 1499 2048 etsuper
1522 1976 1855 2049 Istropolim

210 2064 363 2121 lacus
385 2064 657 2137 gignitur
671 2081 806 2121 Lxm
822 2081 901 2120 m.
926 2083 986 2138 p.
1002 2066 1252 2123 ambitu.
1269 2066 1573 2139 Halmyrin
1587 2073 1854 2124 vocant.»

208 2154 411 2209 Lacum
444 2154 605 2210 hunc
636 2154 941 2210 Danubius
975 2155 1136 2224 facit,
1172 2172 1348 2228 quem
1381 2156 1623 2213 Pinetus
1656 2157 1715 2212 in
1747 2175 1854 2214 suo

206 2243 382 2300 Plinio
415 2242 592 2316 vulgo
616 2243 809 2300 vocari
831 2242 911 2299 ait
937 2244 1044 2299 Lac
1062 2244 1128 2300 de
1148 2245 1507 2301 Notre-Damc
1530 2246 1595 2302 ds
1616 2247 1851 2302 Danubi.

203 2332 253 2387 id
282 2338 393 2403 est,
430 2332 588 2389 lacus
609 2332 756 2391 diva
780 2333 1029 2406 Virginis
1056 2335 1423 2392 Danubianae.
1450 2335 1618 2391 Forte
1639 2336 1855 2392 Sulmo-

205 2426 352 2480 rudis
400 2424 716 2482 Antonini.
749 2424 1136 2497 Nicephorus,
1170 2425 1274 2482 lib.
1306 2444 1409 2495 xu,
1443 2443 1572 2499 cap.
1596 2428 1687 2497 29,
1721 2432 1854 2499 post

205 2530 367 2586 quam
394 2513 1097 2585 dixitEunomiumjussu
1115 2514 1430 2572 Theodosii
1455 2516 1852 2588 Halmyridem

206 2604 597 2675 deportatum,
629 2603 797 2659 addit
821 2620 834 2658 :
866 2626 894 2654 ‹‹
920 2604 1020 2661 Est
1041 2609 1236 2661 autem
1264 2604 1557 2678 llalmyris
1577 2606 1770 2679 Mysiae
1792 2606 1851 2661 in

205 2693 429 2765 Europa
461 2691 649 2761 locus,
684 2693 755 2749 ad
783 2692 1003 2749 Istrum
1038 2693 1208 2751 situs.
1246 2716 1274 2745 »
1306 2694 1472 2750 Haud
1506 2694 1683 2751 dubie
1714 2695 1853 2752 hinc

205 2781 745 2855 Halmyridensium
778 2781 986 2839 civitas
1018 2783 1193 2851 dicta,
1224 2783 1425 2855 itaque
1446 2784 1775 2841 scribenda.

264 2872 340 2928 Ex
382 2871 785 2944 descriptione
822 2870 1019 2939 Plinii,
1044 2873 1212 2944 juxta
1252 2873 1477 2929 Peucen
1511 2872 1853 2931 collocanda

202 2964 298 3026 est,
322 2978 457 3034 quas
480 2964 574 3017 est
599 2960 661 3016 in
680 2960 1172 3033 Mysiainl’eriore.
1194 2961 1379 3035 Mysia
1402 2966 1598 3019 autem
1614 2961 1854 3019 inferior

207 3050 369 3107 etiam
383 3049 641 3123 Scythia:
652 3050 893 3106 nomine
906 3051 1086 3119 venit,
1115 3052 1272 3108 unde
1288 3050 1346 3107 in
1372 3051 1560 3122 Mysia
1579 3052 1851 3109 inferiore

209 3144 338 3196 sunt
365 3139 568 3208 Tomi,
598 3138 763 3195 locus
786 3139 944 3195 exilii
994 3138 1202 3210 Ovidii,
1226 3157 1373 3213 quos
1398 3140 1458 3196 in
1487 3139 1722 3213 Scythia
1748 3157 1849 3213 po-

208 3230 283 3285 nit
306 3230 438 3303 ipse
462 3227 732 3285 Ovidius.
766 3228 830 3285 In
863 3228 1083 3285 Notitia
1112 3229 1343 3302 imperii
1375 3229 1560 3286 multa
1590 3229 1713 3286 loca
1734 3230 1849 3303 My-

205 3320 291 3375 sia
320 3284 630 3376 i‘nferioris
659 3318 923 3375 invenies
965 3319 1034 3376 ad
1075 3319 1407 3393 Scythicam
1439 3284 1844 3392 praefecturam
1878 3284 1921 3353 Ο

204 3409 512 3481 pertinere.

262 3503 468 3555 Aman.
514 3496 805 3569 Pelagius,
838 3495 1036 3554 libello
1068 3514 1227 3569 xvm,
1271 3514 1330 3553 n.
1368 3498 1434 3554 19
1469 3516 1481 3554 :
1517 3520 1545 3549 «
1576 3498 1715 3572 Vos,
1756 3500 1849 3555 in-

200 3587 337 3658 quit,
359 3586 712 3657 estisfatuaa
736 3606 751 3656 ;
772 3602 910 3642 nam
935 3585 1055 3643 haec
1079 3592 1137 3644 et
1164 3591 1362 3643 vestra
1377 3591 1435 3643 et
1457 3604 1588 3643 mea
1607 3591 1696 3644 est
1718 3590 1851 3644 Am-

200 3692 305 3733 ma.
325 3682 454 3733 Hoc
478 3675 635 3733 enim
659 3676 719 3731 in
740 3692 809 3732 ea
823 3681 1036 3733 vocant
1059 3676 1145 3732 illi
1165 3676 1417 3733 feminas
1440 3676 1798 3748 spirituales.
1817 3700 1845 3729 »

196 3765 508 3835 Palladius,
532 3782 661 3836 cap.
682 3766 751 3820 42
776 3782 789 3821 :
810 3764 959 3835 Αὑτή
982 3763 1083 3840 γὰρ
1106 3762 1196 3818 καὶ
1223 3765 1377 3838 ὑμῶν
1404 3764 1494 3820 καί
1525 3763 1664 3838 ἐμοῦ
1687 3763 1848 3838 ἁμεὶ-

198 3875 291 3909 νων
326 3852 468 3910 οὖσα
489 3854 715 3928 Ἀμμάς
745 3853 909 3922 ἐστιν,
937 3853 1080 3909 οὕτω
1110 3854 1210 3931 γὰρ
1234 3852 1464 3909 καλοῦσι
1492 3855 1587 3918 τὰς
1608 3875 1846 3928 πνενμα-

196 3943 335 4008 τιχᾶς
392 3943 661 4020 μητέρας.
695 3966 725 3996 ‹‹
779 3948 900 4001 Hac
931 3944 1089 4000 enim
1144 3949 1201 4000 et
1227 3944 1392 4001 vobis
1424 3950 1480 4002 et
1522 3962 1615 4002 me
1643 3944 1850 4002 melior

199 4035 449 4092 existens
480 4040 697 4090 Amma
712 4038 821 4090 est.
846 4034 940 4090 Sic
961 4033 1119 4090 enim
1140 4039 1351 4091 vocant
1371 4040 1589 4092 matres
1619 4035 1852 4109 spirita-

200 4121 295 4181 les.
328 4148 357 4175 »
389 4125 487 4180 Sic
515 4124 672 4196 apud
705 4124 979 4180 eumdem
1003 4122 1353 4194 Palladium,
1374 4141 1502 4198 cap,
1536 4125 1626 4195 37,
1658 4127 1851 4181 Amma

200 4213 445 4271 Piamun
475 4231 491 4282 ;
525 4230 654 4286 cap.
706 4214 829 4283 137,
862 4215 1054 4270 Amma
1088 4213 1307 4283 Talida,
1339 4230 1468 4286 cap,
1506 4216 1626 4283 138,
1660 4216 1849 4271 Amma

196 4303 336 4360 laor.
369 4304 504 4361 Non
538 4303 761 4360 abeunt
785 4304 857 4359 ab
892 4303 1001 4359 hac
1024 4305 1247 4359 Animae
1270 4303 1703 4375 signiﬁcatione
1723 4320 1849 4375 quae

194 4392 520 4468 Hesychius
534 4392 746 4449 habet:
774 4390 986 4465 Ἀμμὰ,
1015 4392 1852 4468 μὴτηρ,τροφός.Αωωᾶ,ῐῐ18-

196 4483 520 4554 ter,nutrix.
555 4481 799 4555 Ἀμμάς,
828 4481 1031 4559 τροφὸς
1063 4478 1408 4556 Ἀρτέμιδος,
1439 4479 1529 4536 καὶ
1562 4483 1597 4551 ἢ
1642 4483 1848 4555 μήτηρ,

197 4571 275 4624 καὶ
305 4574 339 4641 ἡ
373 4569 524 4639 Ῥέα,
553 4571 643 4624 axi
667 4572 701 4640 ή
725 4571 1013 4645 Δημήτηρ.
1040 4593 1069 4621 ‹‹
1093 4572 1361 4641 Ammas,
1388 4571 1586 4627 nutrix
1609 4572 1852 4628 Artemi-

1963 1978 2327 2050 chrysiarius,
2360 1977 2619 2033 minister
2652 1981 2919 2033 Romanae
2948 1975 3207 2032 ecclesias.
3242 1973 3605 2029 Glossarium

1961 2069 2066 2125 Ms.
2086 2069 2575 2124 Camberonense:
2592 2067 3020 2138 Apocrisiarius.
3038 2065 3383 2121 secretarius.
3403 2061 3609 2133 Papias

1959 2157 2323 2215 vocabulista
2346 2174 2359 2213 :
2379 2155 3278 2229 Apochrysiarius,thesaurarius,
3299 2154 3379 2209 vel
3402 2153 3607 2224 legatus

1958 2246 2358 2316 Justinianus,
2392 2247 2619 2303 novella
2647 2249 2681 2302 6
2707 2266 2719 2302 :
2755 2246 2851 2299 Διὰ
2879 2248 2985 2298 τῶν
3014 2244 3079 2298 τὰ
3110 2241 3405 2317 πράγματα
3435 2260 3605 2315 πρατ-

1958 2335 2162 2391 τόντων
2184 2339 2293 2390 τῶν
2331 2335 2646 2409 ἀγιωπάτων
2675 2332 2999 2404 ἐκκλησιῶν,
3034 2330 3127 2395 οὕς
3160 2331 3605 2406 ἀποκρισιαρίους

1957 2424 2252 2481 καλοῦσινε
2285 2448 2312 2476 ‹‹
2348 2424 2719 2496 Apocrisiarii
2742 2428 3044 2494 vocantur,
3066 2422 3168 2495 qui
3198 2423 3608 2479 sanctissima-

1958 2532 2088 2572 rum
2112 2515 2493 2571 ecclesiarum
2518 2514 2754 2587 negotia
2771 2516 3023 2568 curant..
3048 2534 3075 2562 ››
3100 2511 3364 2567 Occurrit
3388 2511 3608 2583 passim

1957 2604 2111 2676 apud
2132 2604 2453 2676 scriptores
2476 2602 2818 2675 posterioris
2847 2601 3055 2658 aetatis.
3082 2601 3182 2655 Est
3202 2599 3467 2655 videlicet
3484 2614 3610 2668 apo-

1956 2693 2255 2749 crisiarius
2288 2693 2316 2747 ὁ
2346 2690 2434 2746 ἐπὶ
2463 2694 2573 2746 τών
2607 2688 3017 2764 ἀποκριμάτων,
3053 2708 3087 2745 a
3115 2690 3407 2761 responsis.
3444 2690 3606 2752 Quod

1961 2784 2116 2856 apud
2150 2782 2463 2856 Georgium
2484 2781 2881 2854 patriarcham
2902 2779 3362 2836 Alexandrinum
3394 2779 3454 2833 in
3476 2778 3610 2833 Vita

1958 2872 2150 2929 sancti
2196 2872 2593 2944 Chrysostomi
2632 2876 2721 2928 est
2765 2867 3199 2945 ἀποκρισιάριος,
3254 2867 3603 2925 Godet’ridus

1956 2963 2165 3019 1014
2216 2962 2569 3018 Tilmannus
2598 2962 2791 3031 vertit,
2852 2961 3201 3017 secretarius.
3234 2963 3312 3015 De
3360 2972 3605 3014 munere

1956 3050 2065 3107 hoc
2095 3049 2223 3107 vide
2256 3050 2633 3107 Hincmarum
2667 3051 2837 3123 epist.
2870 3050 2924 3119 3,
2951 3065 3081 3123 cap.
3117 3050 3203 3104 13.

2026 3142 2191 3203 Aona
2232 3156 2484 3196 ASPERGI.
2516 3139 2651 3195 Vita
2680 3138 3018 3207 Hilarionis,
3049 3154 3207 3194 nunt.
3246 3139 3319 3192 2O
3347 3154 3360 3193 :
3398 3160 3426 3188 «
3459 3136 3598 3209 Scy-

1958 3228 2143 3302 phum
2158 3229 2393 3285 ﬁctilem
2409 3230 2589 3300 aquaj
2602 3228 3014 3300 ussitimpleri,
3030 3233 3142 3285 etc.
3166 3248 3179 3297 ;
3204 3244 3386 3299 equos
3408 3243 3601 3300 asper-

1959 3319 2055 3374 sit.
2090 3341 2118 3369 »
2143 3318 2289 3374 Vide
2309 3318 2410 3375 iti.
2434 3318 2734 3389 Sosipater
2754 3316 3079 3387 Charisius,
3113 3318 3253 3373 Inst.
3273 3318 3469 3374 Gram.
3493 3317 3532 3371 1.
3560 3334 3600 3385 1,

1954 3409 2143 3481 capite
2164 3408 2565 3478 Deﬁcientium,
2595 3409 2711 3465 ait:
2737 3430 2765 3458 ››
2787 3408 2870 3463 Ad
2896 3424 3092 3479 atquae
3114 3424 3187 3464 an
3207 3407 3277 3463 ad
3300 3424 3484 3479 aquas
3504 3423 3602 3462 vo-

1955 3497 2074 3554 cari
2107 3497 2222 3553 dici
2245 3498 2476 3566 debeat,
2503 3497 2815 3570 quaesitum
2839 3501 2947 3554 est.
2979 3497 3085 3565 Qui
3108 3498 3179 3553 ad
3195 3513 3375 3568 aquas
3399 3497 3605 3552 dicunt

1954 3591 2232 3644 enarrant
2261 3588 2417 3659 quod
2450 3603 2520 3642 ex
2550 3586 2683 3643 luco
2711 3591 3121 3644 Cammnarum
3153 3604 3308 3659 aqua
3329 3586 3604 3661 religiosa

1954 3675 2147 3733 aﬂ'erri
2162 3674 2367 3744 soleat,
2394 3675 2743 3749 puriﬁcandi
2758 3693 2955 3741 causa,
2970 3677 3076 3733 Sed
3096 3676 3307 3732 melius
3321 3677 3388 3732 ad
3404 3693 3601 3748 aequas

1956 3765 2113 3837 quod
2132 3764 2270 3820 olim
2287 3780 2494 3837 greges
2510 3780 2793 3836 equorum
2810 3764 2867 3819 in
2882 3764 3114 3820 Circum
3134 3766 3597 3832 inducebantur;

1956 3853 2154 3927 ibique
2177 3870 2280 3927 per
2301 3854 2585 3928 populum
2609 3871 2784 3910 cursu
2807 3853 3213 3926 aequabantur.
3239 3876 3267 3905 ››
3291 3853 3596 3926 Philippus

1958 3944 2284 4012 Rubenius,
2307 3944 2637 4001 Electorum
2663 3944 2766 4001 lib.
2791 3961 2855 4015 ιι,
2879 3960 3005 4015 cap.
3028 3945 3115 4013 18,
3143 3943 3374 4015 praefert
3395 3943 3506 4015 legi
3528 3944 3598 3997 ad

1955 4051 2144 4106 aquas,
2178 4038 2353 4107 atque
2384 4035 2466 4090 ita
2493 4034 2914 4106 interpretatur
2944 4034 3096 4105 quod
3116 4037 3205 4089 est
3226 4033 3379 4105 apud
3405 4031 3597 4104 Ulpia-

1956 4141 2120 4181 num.
2152 4130 2235 4181 De
2263 4124 2357 4180 his
2395 4125 2495 4196 qui
2528 4128 2809 4181 notantur
2846 4123 3113 4189 infamia,
3147 4123 3186 4178 Ι.
3219 4139 3311 4179 1v:
3348 4146 3375 4173 ‹‹
3409 4138 3597 4194 neque

1955 4213 2291 4285 agitatores,
2325 4230 2431 4270 nec
2463 4214 2564 4285 qui
2597 4229 2804 4285 aquam
2829 4212 2996 4284 equis
3018 4216 3325 4285 spargunt,
3347 4234 3375 4262 ››
3397 4211 3600 4267 videli-

1956 4307 2065 4370 cet,
2081 4303 2282 4359 nonde
2300 4302 2531 4374 vulgari
2558 4303 2760 4374 aliqua
2782 4304 3087 4373 sparsione
3112 4306 3214 4358 aut
3236 4303 3306 4359 ad
3333 4317 3595 4358 recrean-

1956 4392 2064 4448 dos
2094 4408 2294 4463 equos,
2320 4392 2402 4448 uti
2428 4392 2709 4461 Alciatus,
2741 4409 2796 4447 v1
2826 4396 3086 4464 Parerg.,
3110 4393 3300 4465 capite
3329 4393 3384 4459 3,
3406 4393 3507 4448 sed
3528 4393 3598 4447 de

1954 4482 2205 4538 solemni
2221 4483 2471 4552 quadam
2488 4486 2692 4539 etcum
2708 4481 3009 4555 religione,
3025 4482 3143 4538 imo
3157 4481 3593 4555 superstitione,

1955 4573 2286 4642 conjuncta.
2310 4572 2457 4628 Nam
2482 4573 2663 4629 fuisse
2686 4588 2811 4629 mos
2832 4572 3080 4641 videtur,
3097 4576 3162 4628 ut
3180 4573 3457 4643 quoniam
3480 4572 3594 4628 Cir-

197 4659 297 4729 dis,
338 4665 397 4716 et
447 4664 658 4731 mater,
690 4663 748 4716 et
794 4660 974 4730 Rhea,
999 4665 1057 4716 et
1107 4664 1394 4728 Demeter,
1455 4682 1475 4710 ι
1508 4677 1611 4716 seu
1651 4660 1844 4717 Ceres.
1875 4662 1922 4727 D
1955 4678 2157 4719 censes
2191 4662 2343 4718 sacri
2373 4661 2494 4717 ludi
2527 4666 2715 4733 erant,
2751 4662 3073 4734 honorique
3103 4662 3347 4717 deorum
3394 4662 3593 4728 dicati,

199 4748 344 4812 Quod
379 4750 567 4822 igitur
598 4749 779 4805 abbas
806 4754 930 4806 erat
949 4749 1102 4805 inter
1130 4748 1475 4820 monachos,
1497 4749 1605 4805 hoc
1626 4751 1836 4806 Amma

201 4837 341 4895 inter
368 4838 635 4911 virgines
666 4842 946 4895 sacratas.

261 4930 673 4991 Aniouaaws.
707 4931 892 4984 Vetus
925 4926 1215 4983 Lausiaca
1240 4925 1506 4996 Palladii,
1558 4945 1685 5000 cap.
1722 4929 1789 4983 15
1820 4944 1834 4982 ε

260 5040 286 5067 κ
320 5017 572 5074 Pulchre
590 5018 746 5074 enim
761 5017 1058 5074 scribebat
1072 5016 1341 5074 libralem
1358 5034 1658 5073 manum.»
1673 5018 1802 5073 Lexi
1816 5049 1835 5061 ο

200 5120 295 5162 con
320 5106 777 5164 Graecolatinum
801 5102 1201 5182 καλλιγράφος,
1221 5106 1507 5177 librarius,
1533 5108 1591 5163 id
1616 5109 1841 5163 estanti

201 5199 420 5267 quartus
452 5202 599 5254 erat.
634 5198 782 5254 Nam
812 5196 1133 5268 antiquarii
1164 5202 1333 5253 erant
1354 5197 1454 5269 qui
1476 5197 1838 5254 bibliotheca:

204 5288 431 5345 Codices
459 5287 917 5360 componebant,
944 5285 1032 5343 vel
1055 5290 1339 5343 vetustate
1362 5286 1725 5343 oblitteratos
1748 5304 1836 5343 re-

205 5379 503 5448 parabant,
528 5384 595 5435 ut
616 5378 825 5434 docent
845 5376 1031 5449 impp.
1060 5376 1461 5445 Constitut.,l.
1484 5395 1547 5445 ιι,
1573 5378 1631 5433 in
1650 5378 1833 5449 princ.

202 5463 330 5524 Cod.
359 5467 579 5524 Theod.
610 5486 625 5536 ;
658 5467 729 5523 de
757 5467 926 5523 Stud.
956 5465 1053 5521 lib.
1083 5464 1220 5521 urb.
1255 5466 1445 5535 Rom.,
1470 5466 1571 5524 lib.
1602 5483 1697 5521 xxv
1719 5467 1835 5523 Cod

195 5553 404 5613 Theod.
453 5556 852 5629 Augustinus,
896 5557 967 5611 de
993 5554 1199 5612 Verbis
1232 5554 1486 5625 Domini,
1520 5573 1692 5613 serm.
1726 5558 1791 5612 4t
1819 5575 1832 5626 ;

199 5666 216 5693 ι
237 5647 738 5712 Quemadmodum
766 5646 867 5718 qui
888 5645 1045 5701 videt
1064 5643 1296 5701 litteras
1318 5645 1377 5700 in
1394 5645 1603 5703 Codice
1617 5648 1834 5719 optime

194 5736 485 5808 scripto,et
498 5754 612 5793 non
629 5736 789 5793 novit
801 5735 1012 5808 legere.
1030 5733 1235 5791 laudat
1249 5734 1486 5807 quidem
1504 5737 1825 5807 antiquarii

203 5841 432 5885 manum
440 5826 767 5897 ,admirans
780 5825 1014 5899 apicum
1028 5824 1533 5897 pulchritudinem
1547 5847 1576 5878 »
1591 5826 1831 5885 Lexicon

1944 4752 2078 4824 equi
2102 4753 2375 4808 certaturi
2400 4752 2562 4825 prius
2585 4751 2995 4819 lustrarentur,
3020 4756 3075 4807 et
3096 4768 3249 4824 aqua
3272 4769 3300 4806 e
3326 4756 3481 4807 certo
3508 4751 3592 4806 lo-

1949 4858 2015 4897 co
2048 4842 2230 4914 petita
2262 4846 2700 4914 spargerentur.
2734 4843 2891 4897 Idem
2916 4840 3215 4897 existimat
3235 4840 3588 4896 Hilarioncm

1946 4931 2106 4987 hunc
2138 4931 2317 4987 ritum
2348 4931 2407 4986 in
2447 4935 2636 4987 mente
2666 4931 2969 4997 habuisse,
3003 4935 3061 4986 et
3082 4931 3406 5002 profanam,
3440 4930 3590 4984 hanc

1948 5036 2161 5091 aquam
2189 5020 2303 5076 alia
2325 5037 2479 5092 aqua
2500 5021 2831 5076 damnasse.
2853 5018 2945 5074 Sic
2959 5019 3102 5074 forte
3126 5017 3586 5090 putalegendum

1944 5109 2004 5164 in
2022 5109 2215 5181 lapide
2228 5109 2407 5165 veteri
2430 5110 2582 5167 inter
2604 5109 2796 5165 ofﬁcia
2817 5108 3203 5177 Circensium,
3228 5108 3463 5175 Sparsor
3483 5125 3586 5179 pro

1947 5207 2183 5270 spartor,
2217 5198 2354 5269 nisi,
2395 5198 2608 5271 inquit,
2642 5198 2751 5253 hoc
2799 5214 2832 5253 a
2865 5201 3060 5268 sparto
3111 5197 3207 5265 sit,
3242 5200 3299 5252 et
3329 5197 3400 5252 ad
3450 5198 3589 5253 circi

1949 5292 2361 5360 metarumque
2389 5288 2775 5344 dealbationis
2800 5285 3496 5356 munusperlineat.Nam
3528 5288 3588 5344 in

1948 5376 2174 5433 Glossis
2215 5377 2298 5432 ita
2330 5378 2615 5450 scriptum
2656 5376 2939 5447 Spartam,
2977 5370 3201 5427 λευκαία
3238 5372 3287 5428 ἐν
3321 5376 3586 5451 θεάτροις.

2020 5469 2468 5523 ARCHISTERIUM.
2502 5467 2635 5522 Vita
2664 5464 2852 5521 sancti
2885 5464 3137 5535 Antonii,
3171 5482 3297 5537 cap.
3327 5466 3436 5522 53:
3462 5489 3490 5517 »
3521 5468 3589 5522 Et

1946 5572 2079 5611 cum
2099 5556 2353 5625 judices,
2386 5555 2488 5627 qui
2521 5556 2591 5611 ad
2624 5554 2872 5609 interius
2904 5552 3321 5610 archisterium
3356 5559 3590 5627 propter

1945 5645 2320 5717 asperitatem
2336 5645 2585 5713 itineris,
2602 5647 2711 5700 etc.
2726 5687 2737 5712 ,
2752 5642 2835 5698 ire
2850 5660 2964 5699 non
2982 5648 3271 5716 poterant.
3294 5666 3321 5694 ››
3346 5644 3583 5700 Glossa-

1945 5736 2099 5791 rium
2114 5735 2425 5791 Stewechii
2441 5735 2575 5802 Ms.,
2589 5733 2973 5800 Arcisterium,
2987 5734 3402 5789 monasterium.
3419 5731 3582 5787 Glos-

1947 5825 2169 5884 sarium
2192 5825 2655 5882 Camberonense
2688 5822 2820 5895 Ms.,
2852 5822 3270 5889 Archislm’um,
3302 5822 3580 5877 monaste-
