4092 6324
507 381 615 440 407

1220 388 1728 445 ONOMASTICON
1765 390 2027 445 BERUM
2062 387 2157 445 ΒΤ
2194 392 2597 447 VERBORUM
2634 392 3200 448 DIFFICILIORUM.

3782 395 3874 451 408

510 514 684 570 rium.
701 534 730 563 «
745 511 1188 582 Archiaterium,
1204 514 1547 585 principalis
1561 514 1757 583 statio;
1774 514 1990 572 sterion
2005 517 2160 574 enirn
2193 522 2243 587 Α
2273 534 2449 589 quam
2466 519 2693 575 Atticus
2712 517 3237 585 medimus,'tribus
3252 516 3607 575 chmnicibus
3629 519 3871 578 Atticis.»

514 602 689 659 statio
720 601 959 670 dicitur,
994 602 1204 659 arebos
1232 602 1526 674 princeps,
1563 626 1590 653 »
1623 605 1781 660 Idem
1819 621 1832 659 :
1872 628 1895 657 α
1926 606 2154 662 Sterion

515 692 732 757 Grace,
768 691 968 746 Latine
992 692 1185 747 statio.
1213 714 1242 741 »
1270 691 1493 747 Ibidem
1520 710 1532 748 :
1566 716 1592 744 «
1616 695 1891 764 Sterium,
1912 695 2155 752 solitarii

516 780 821 837 habitatio.
843 802 871 829 »
890 780 1169 851 Equidem
1190 782 1424 836 Antonii
1444 783 1828 839 archisterium
1850 784 2081 841 interius
2099 786 2155 841 in

517 874 717 927 monte
747 874 873 925 erat
917 870 1209 941 praecipua
1238 875 1295 926 et
1324 872 1662 943 principalis
1692 874 1821 944 ejus
1851 874 2155 932 habitatio.

516 959 756 1031 Capitur
782 963 979 1014 tamen
1013 977 1115 1031 pro
1147 960 1355 1030 quovis
1386 966 1758 1019 monasterio.
1792 963 1923 1019 Vila
1944 972 2159 1021 sancta:

517 1048 877 1120 Walhurgis,
907 1048 1008 1103 lib.
1037 1065 1166 1105 1n.«
1190 1050 1258 1104 Et
1275 1050 1550 1121 adjacens
1571 1052 1871 1109 arcisterio
1893 1060 2160 1111 coemete-

517 1139 695 1194 rium.
722 1159 751 1187 »
772 1138 993 1193 Ibidem
1022 1154 1034 1193 ε
1062 1161 1088 1188 ‹‹
1114 1140 1500 1209 Hujusisancti
1516 1141 1731 1197 atrium
1748 1143 2161 1201 arcisteriime-

521 1227 612 1283 rui
631 1227 1035 1299 contemplari.
1066 1250 1085 1275 ι
1115 1227 1331 1283 Paulus
1350 1229 1601 1301 Langus,
1628 1231 1685 1285 in
1710 1230 1997 1288 Chronico
2020 1234 2162 1289 Citi-

522 1316 681 1372 zensi
712 1316 892 1387 (tomo
925 1320 945 1372 Ι
973 1316 1400 1373 Germanorum
1455 1319 1818 1391 Scriptorum
1854 1339 1887 1376 a
1918 1323 2162 1380 Pistorio

524 1408 839 1471 editorum)
870 1423 1025 1461 anno
1060 1407 1235 1461 1569:
1270 1430 1295 1457 ‹‹
1334 1408 1396 1462 In
1421 1410 1679 1464 carmine
1704 1412 1980 1480 quodam.
2008 1413 2164 1483 quod

525 1496 585 1551 in
608 1495 965 1567 praeconium
997 1496 1216 1567 praefati
1240 1496 1672 1554 Bursfeldensis
1694 1501 2021 1556 archisterii
2044 1504 2166 1557 edi.

526 1588 749 1643 deram.
769 1607 791 1638 ι
811 1588 991 1656 Idem,
1018 1604 1147 1661 pag.
1172 1590 1277 1643 886
1302 1605 1361 1644 ;‹‹
1385 1590 2166 1651 SubTrithemiimilitabam

525 1678 859 1734 obedientia
888 1679 946 1733 in
970 1678 1309 1734 archisterio
1332 1679 1446 1734 divi
1467 1680 1668 1737 Jacobi
1693 1699 1871 1754 prope
1889 1685 2168 1756 Herbipo-

522 1766 649 1822 lim.
678 1785 705 1818 ιι
743 1766 891 1822 Hinc
933 1767 1341 1824 archisteriale.
1375 1769 1509 1824 Vita
1557 1770 1744 1825 sancti
1798 1772 2118 1830 Willibaldi
2152 1792 2165 1831 :

527 1878 556 1907 α
588 1855 803 1911 Verum
835 1860 891 1912 et
922 1856 1265 1912 arcisteriali
1290 1859 1412 1928 jam
1437 1859 1583 1931 jugo
1615 1860 1989 1933 constrictus,
2025 1880 2165 1918 nun-

527 1961 708 2017 quam
739 1945 866 2002 sine
888 1946 1121 2002 abbatis
1149 1946 1242 2001 sui
1268 1946 1502 2003 licentia
1519 1951 2071 2021 pergerejudicaret
2094 1951 2171 2007 di-

529 2049 736 2106 gnum.
768 2056 797 2084 ››

602 2127 875 2178 Aasmoa.
909 2122 1052 2179 Vitas
1081 2124 1315 2179 Antonii
1337 2141 1465 2198 cap.
1501 2127 1565 2181 14
1592 2142 1605 2181 :
1633 2149 1661 2176 «
1694 2127 1841 2194 Quid
1863 2146 2003 2185 sane
2033 2135 2089 2186 et
2112 2130 2169 2185 in

527 2212 971 2269 Arsenoitarum
991 2213 1203 2284 oppido
1221 2217 1452 2285 gestum
1472 2214 1567 2285 sit,
1588 2233 1703 2271 non
1724 2219 1983 2274 transibo
2002 2219 2172 2275 silen-

529 2303 633 2360 tio.
659 2324 687 2351 ››
712 2306 853 2357 Cum
882 2301 1096 2373 duplex
1126 2302 1203 2358 sit
1234 2303 1479 2359 Arsinoe
1510 2313 1563 2360 et
1592 2306 1918 2363 Arsinoites
1948 2309 2169 2365 Nomus

528 2393 587 2448 in
602 2390 1338 2464 Egypto,hicintelligitur
1361 2394 1430 2448 de
1451 2394 1809 2451 Arsinoeseu
1834 2398 2163 2453 Crocodilo-

528 2498 661 2538 rum
693 2479 905 2552 oppido
920 2481 990 2535 ad
1008 2480 1223 2549 Nilum,
1242 2485 1306 2536 ut
1326 2482 1591 2553 patethic
1615 2486 2013 2558 eaadjunctis,
2037 2504 2169 2544 cum

526 2573 599 2629 ad
616 2571 899 2626 Arsinoen
918 2569 1114 2626 Nilum
1134 2572 1442 2628 crocodilis
1457 2574 1734 2630 infestum
1757 2577 1969 2631 transit
1987 2580 2167 2634 Anto-

525 2662 682 2717 nius.
704 2659 835 2716 Alia
863 2659 1106 2715 Arsinoe
1134 2666 1224 2715 est
1248 2662 1319 2716 ad
1352 2662 1749 2719 Charandram
1778 2665 1997 2721 sinum.

595 2751 844 2804 Annua.
862 2747 1266 2803 VitaeJoannis
1290 2749 1770 2823 Eleemosynarii,
1786 2770 1913 2825 cap.
1932 2754 2169 2811 3:«Om-

524 2838 695 2895 niain
710 2853 829 2892 una
844 2838 1140 2907 Campana
1162 2842 1401 2907 statera,
1426 2841 1620 2895 modio
1645 2846 1702 2897 et
1738 2844 1958 2909 artube,
1980 2846 2166 2901 vende

524 2944 587 2983 re
617 2931 675 2983 et
703 2940 895 2982 emere
927 2925 1386 2983 contestabatur.
1414 2949 1442 2976 ι»
1466 2927 1781 2998 Palladius,
1816 2947 1866 2986 c.
1898 2933 2167 2989 76:«Ac-

523 3022 804 3091 ceperunt
834 3032 1106 3088 unusque
1127 3018 1403 3072 frumenti
1431 3036 1657 3076 annuas
1680 3023 1987 3079 duodecim
2012 3032 2165 3081 arta-

525 3108 653 3178 bas,
687 3106 787 3180 qui
822 3110 961 3163 sunt
992 3105 1169 3162 veluti
1201 3108 1614 3181 quadraginta,
1650 3111 1751 3182 qui
1781 3114 1935 3183 apud
1956 3130 2061 3169 nos
2085 3115 2168 3170 di-

524 3201 740 3254 cuntur
756 3196 958 3253 modii.
984 3216 1012 3246 »
1038 3196 1331 3269 Interpres
1352 3199 1779 3271 AristOphanis,
1806 3202 1863 3256 in
1887 3203 2162 3275 Acharn.,

524 3288 596 3343 de
625 3286 860 3342 artaba:
897 3285 1158 3360 Ηερσικὸν
1194 3281 1250 3339 δὲ
1279 3290 1368 3339 καί
1400 3286 1694 3361 Αίγύπτιον
1726 3290 1787 3344 τὸ
1817 3286 2028 3363 ὄνομαε
2061 3296 2162 3349 Ar-

522 3377 656 3433 taba
686 3376 988 3432 Persicum
1021 3384 1075 3431 et
1104 3376 1438 3448 [Egyptium
1484 3395 1697 3435 nomen
1741 3398 1954 3438 nomen
2000 3389 2107 3439 est.
2138 3407 2164 3434 ))

521 3466 601 3522 De
630 3466 1031 3538 Egyptiorum
1066 3465 1271 3519 artaba
1301 3466 1560 3522 Fannius
1588 3484 1600 3523 :

581 3582 672 3629 Est
699 3579 861 3645 etiam
889 3579 1063 3645 terris,
1094 3592 1227 3641 quas
1255 3579 1461 3645 advena
1489 3580 1636 3629 Nilus
1665 3582 1912 3645 inundat,

581 3643 793 3699 Artaba,
817 3640 902 3706 eui
939 3640 1154 3702 superat
1171 3641 1345 3706 modii
1379 3657 1498 3706 pars
1529 3646 1683 3693 tertia
1714 3652 1835 3706 post
1866 3640 1989 3696 tres.

581 3706 819 3769 Namque
850 3705 1033 3753 decem
1062 3704 1252 3753 modiis
1282 3704 1581 3766 explebitur
1610 3704 1795 3757 artaba
1825 3711 2034 3774 triplex.

517 3822 933 3893 Hieronymus,
967 3819 1025 3874 in
1057 3836 1184 3892 cap.
1219 3837 1253 3875 v
1282 3820 1444 3875 Isaiae
1471 3838 1484 3877 :
1521 3841 1541 3869 ε
1579 3823 1681 3877 Pro
1712 3827 1945 3897 triginta
1968 3829 2163 3883 modiis

519 3930 668 3984 quos
699 3928 806 3967 nos
839 3926 939 3981 pro
969 3925 1092 3965 coro
1126 3909 1433 3981 posuimus
1458 3954 1471 3978 ,
1506 3911 1603 3980 qui
1642 3912 1917 3969 llehraice
1948 3915 2162 3971 dicitur

517 4004 702 4059 homer
732 4044 747 4066 ,
802 3998 929 4055 LXX
974 4003 1273 4054 verterunt
1331 3992 1569 4070 ἀρτάϐας
1597 3996 1670 4069 ἓξ,
1709 4017 1835 4070 quea
1890 4021 2163 4061 mensura

518 4091 853 4163 [Egyptiaea
884 4092 993 4153 est,
1022 4092 1078 4141 et
1102 4086 1240 4141 facit
1262 4087 1489 4142 modios
1513 4088 1739 4158 viginti.
1766 4112 1792 4139 ››
1819 4092 1995 4147 Plane
2014 4111 2160 4164 quas

517 4182 651 4236 drat
679 4178 990 4235 aestimatio
1014 4176 1227 4231 artabce
1259 4177 1412 4246 apud
1438 4177 1877 4250 Hieronymum,
1909 4198 2039 4237 cum
2070 4201 2157 4255 ea,

517 4286 645 4341 qua:
676 4280 760 4324 est
785 4268 939 4338 apud
965 4266 1418 4336 Palladiumjam
1448 4266 1715 4323 citatum.
1743 4270 1922 4338 Idem,
1950 4272 2007 4327 in
2030 4290 2155 4344 cap.

516 4375 575 4415 XI
605 4356 897 4423 Danielis;
934 4377 960 4404 ‹‹
998 4357 1082 4409 lta
1114 4361 1179 4410 ut
1207 4355 1573 4426 (Ptolemaeus
1603 4358 2048 4432 Philadelphus)
2090 4366 2159 4419 de

514 4449 755 4518 lEgypto
788 4462 888 4517 per
919 4442 1182 4514 singulos
1213 4460 1399 4499 annos
1430 4448 1872 4514 quatuorilecim
1907 4451 2085 4507 millia
2105 4458 2160 4507 et

515 4536 809 4607 octoginta
839 4532 1059 4588 talenta
1089 4532 1312 4603 argenti
1340 4536 1646 4605 acceperit,
1680 4542 1736 4591 et
1766 4539 2044 4595 frumenti
2069 4558 2156 4595 ar-

2329 608 2439 662 Sed
2466 608 2708 665 omnino
2730 607 2888 664 varia
2910 624 3189 664 mensura
3224 607 3336 662 fuit
3356 608 3571 663 artaha.
3610 608 3745 665 Nam
3769 611 3876 666 Eu-

2262 696 2551 768 polemus,
2584 697 2739 769 apud
2786 696 3126 768 Eusebium,
3160 696 3263 751 lib.
3302 713 3379 765 Ix,
3410 713 3534 768 cap.
3564 697 3598 751 5
3633 700 3861 770 Prmpar.

2263 786 2503 858 Evang,
2547 785 2845 858 explicans
2888 785 3197 857 epistolam
3239 784 3561 841 Salomonis
3603 786 3797 843 aitz'O
3824 784 3873 842 δί

2263 876 2429 949 κόρος
2458 873 2567 929 ἐστὶ
2604 870 2852 949 ἀρταϐῶν
2882 871 2937 945 ἓξ
2962 892 2974 930 :
3010 898 3038 925 ‹‹
3081 880 3262 931 Corus
3291 891 3424 931 vero
3455 880 3542 931 est
3570 877 3870 933 artabarum

2266 983 2383 1021 sex.
2426 988 2452 1015 »
2486 966 2736 1021 Consule
2787 966 3231 1038 Villalpanrlum
3267 969 3552 1033 nostrum,
3584 968 3876 1039 Apparatus

2267 1056 2325 1111 in
2354 1056 2711 1111 Ezechielem
2740 1060 2902 1127 parte
2923 1073 2987 1122 ιι,
3022 1055 3123 1110 lib.
3154 1072 3241 1127 ιιι,
3261 1072 3391 1127 cap.
3428 1057 3511 1110 11.

2339 1149 2580 1201 ΑΒΠΒΕ.
2608 1147 2903 1217 Evagrius
2934 1146 3225 1217 interpres
3257 1145 3403 1200 Vitae
3432 1143 3621 1200 sancti
3654 1144 3880 1213 Antonii,

2269 1252 2395 1308 cap.
2426 1239 2497 1291 2:
2534 1258 2563 1285 «
2587 1236 2791 1291 Aruraa
2825 1240 3020 1291 autem
3053 1239 3221 1289 erant
3246 1234 3297 1290 ei
3331 1239 3597 1289 trecentae
3620 1234 3809 1289 uberes
3834 1238 3881 1288 et

2269 1323 2435 1379 valde
2466 1325 2720 1395 optimas.
2755 1344 2783 1373 ››
2820 1323 3087 1379 Retinuit
3112 1323 3404 1395 interpres
3434 1338 3630 1377 vocem
3656 1325 3881 1377 Graecam

2272 1408 2519 1486 ἄρουραι,
2537 1430 2639 1484 pro
2672 1430 2788 1484 quo
2807 1416 2981 1485 vulgo
2999 1412 3390 1468 substituium
3406 1412 3618 1484 palmae.
3647 1410 3883 1466 Occurrit

2270 1502 2472 1556 eadem
2501 1518 2606 1556 vox
2637 1501 2744 1556 bac
2772 1502 2971 1556 eadem
2998 1500 3141 1571 Vita,
3172 1518 3298 1573 cap,
3319 1502 3421 1556 15:
3450 1520 3477 1553 α
3508 1504 3573 1554 Et
3600 1500 3783 1555 statim
3804 1498 3882 1554 in-

2274 1589 2484 1662 telligit
2516 1591 2707 1662 parvis
2730 1590 2941 1658 aruris,
2966 1594 3023 1646 et
3043 1591 3391 1662 parietibus,
3422 1589 3509 1645 vel
3535 1589 3749 1645 modica
3767 1587 3875 1644 auri

2277 1680 2543 1750 portione
2589 1684 2951 1751 contempta,
2987 1694 3092 1735 nec
3124 1678 3357 1751 gloriari
3393 1695 3455 1734 se
3491 1678 3712 1748 debere,
3739 1677 3881 1749 quasi

2276 1784 2491 1839 magna
2506 1768 2843 1825 dimiserit»
2866 1769 2971 1824 Ubi
2991 1785 3095 1840 pro
3109 1771 3297 1841 parvis
3313 1769 3505 1824 aruris
3526 1769 3582 1823 in
3596 1768 3776 1823 Graeco
3790 1770 3881 1832 est,

2276 1854 2469 1929 ὀλίγας
2500 1855 2701 1930 ἀρύρας
2735 1875 2748 1924 ;
2784 1858 2938 1928 quod
2971 1857 3335 1913 Hmschelius
3363 1858 3532 1913 vertit
3558 1870 3759 1926 campos
3779 1856 3883 1910 exi-

2277 1961 2431 2011 guos.
2464 1951 2520 2001 et
2548 1946 2911 2001 Coloniensis
2957 1948 3133 2001 editio
3167 1946 3343 2002 habet
3392 1948 3577 2017 parvis
3618 1946 3880 2000 thesauris.

2276 2034 2515 2104 Propria
2539 2036 2778 2106 rEgypto
2809 2039 2974 2090 terrae
3007 2035 3217 2090 divisio
3248 2035 3307 2089 in
3339 2052 3534 2091 auras.
3559 2034 3776 2097 Strabo,
3794 2032 3882 2087 lib.

2273 2139 2410 2189 xvn,
2439 2124 2747 2196 de/Egypti
2772 2124 3087 2180 divisione:
3108 2124 3169 2179 Ἠ
3197 2121 3254 2177 δέ
3274 2124 3438 2198 χώρα
3452 2123 3547 2190 τὴν
3576 2122 3664 2194 μὶν
3687 2121 3884 2195 πρώτην

2275 2206 2534 2285 διαίρεσιν
2558 2211 2633 2273 εἷς
2660 2212 2863 2283 νομοὺς
2889 2210 3037 2288 ἔσχε,
3064 2209 3191 2266 δέκα
3218 2212 3311 2284 μὲν
3410 2207 3633 2282 Θηϐαΐς,
3659 2208 3776 2265 δέκα
3802 2206 3883 2278 δ’ῆ

2272 2302 2323 2356 ἐν
2354 2308 2431 2357 τῶ
2455 2304 2644 2372 Δέλτα,
2666 2304 2716 2376 ἐξ
2738 2303 2827 2358 καὶ
2852 2302 2980 2358 δέκα
3012 2302 3057 2359 δ’
3084 2307 3118 2373 ἡ
3154 2303 3371 2377 μεταξὺ·
3397 2305 3471 2366 ὡς
3496 2302 3551 2358 δέ
3568 2307 3888 2374 τινες,τοσοῦ-

2270 2412 2352 2445 τοι
2383 2393 2517 2461 ἦσαν
2552 2394 2603 2447 oi.
2642 2394 2949 2466 σύμπαντες
2982 2394 3165 2466 νομοὶ,
3186 2395 3305 2447 ὅσαι
3330 2392 3385 2447 αἱ
3418 2393 3468 2447 έν
3498 2397 3577 2465 τῷ
3607 2387 3885 2467 λαϐυρίνθω

2270 2480 2451 2535 αὐλαί·
2470 2483 2621 2537 αὗται
2640 2480 2685 2537 δ’
2699 2481 2959 2544 ἐλάττους
2973 2487 3081 2537 τῶν
3095 2483 3408 2557 τριάκοντα.
3430 2481 3596 2538 Πάλιν
3612 2479 3655 2536 δ’
3670 2483 3716 2537 οἱ
3744 2478 3884 2551 νομοὶ

2267 2572 2444 2643 τομὰς
2466 2570 2620 2633 ἄδεας
2654 2570 2837 2647 ἔσχον·
2874 2571 2951 2634 εἷς
2980 2572 3081 2647 γὰρ
3112 2573 3422 2647 τοπαρχίας
3447 2573 3497 2625 οἱ
3527 2570 3759 2626 πλεῖστοι
3788 2566 3883 2638 διή-

2270 2679 2458 2733 ρηντο,
2472 2660 2559 2714 καὶ
2586 2660 2739 2714 αὗται
2761 2657 2807 2713 δ’
2825 2658 2901 2720 εἷς
2927 2657 3099 2721 άλλας
3119 2658 3607 2733 τομὰς,ἐλάχισται
3627 2656 3725 2713 δἀἲ
3743 2655 3885 2730 ἄρου-

2271 2768 2357 2822 ραι
2390 2745 2601 2822 μερίδες
2626 2766 2638 2804 :
2659 2773 2685 2799 ς(
2713 2750 2890 2821 Regio
2916 2749 3082 2803 initio
3104 2749 3163 2804 in
3190 2750 3535 2821 pazfecturas
3559 2749 3735 2804 divisa
3773 2747 3883 2817 fuit,

2272 2855 2420 2910 quas
2453 2840 2670 2895 Nomos
2700 2844 2945 2907 vocant;
2980 2840 3277 2895 Thebaica
3309 2840 3547 2910 quidem
3580 2840 3636 2894 in
3666 2840 3843 2895 decem
3872 2851 3884 2891 :

2271 2944 2397 2999 quae
2430 2945 2564 2985 vero
2586 2930 2644 2983 in
2671 2928 2859 2998 Delta,
2885 2929 2942 2984 in
2969 2928 3209 2984 totidem
3236 2948 3250 2996 ;
3276 2928 3624 2984 intermedia
3642 2920 3893 2983 autemin

2272 3020 2547 3086 sedecim,
2582 3024 2638 3074 et
2658 3023 2749 3088 (ut
2771 3018 3010 3091 quidam
3035 3019 3260 3087 volunt)
3286 3023 3371 3074 tot
3393 3024 3559 3075 erant
3579 3013 3886 3085 hujusmodi

2272 3110 2647 3179 praefecturae,
2683 3114 2827 3179 quot
2867 3107 3034 3163 aulas
3068 3107 3441 3179 labyrinthus
3490 3107 3745 3171 habebat,
3775 3120 3883 3176 quis

2276 3198 2502 3253 circiter
2517 3198 2755 3269 triginta
2785 3202 2970 3252 erant.
2996 3197 3248 3252 Rursum
3282 3197 3369 3252 hae
3408 3192 3877 3269 praefecturaadivi-

2278 3287 2474 3342 siones
2496 3287 2710 3343 liberas
2739 3287 2959 3341 habent
2987 3302 3000 3341 :
3028 3287 3633 3357 majoreenimeparte
3654 3288 3706 3340 in
3720 3290 3886 3354 topar-

2271 3376 2434 3431 chias
2467 3376 2663 3431 divisae
2680 3376 2917 3431 fuerunt
2941 3391 2953 3428 :
2980 3375 3293 3446 toparchiae
3327 3375 3604 3431 rursusin
3621 3374 3883 3447 portiones

2270 3463 2700 3536 alias,quarum
2728 3464 2991 3519 minimae
3020 3481 3203 3518 arurze
3228 3470 3417 3520 erant.
3445 3487 3473 3515 »
3496 3469 3618 3521 Non
3642 3467 3780 3519 recte
3808 3461 3883 3515 in-

2269 3562 2495 3625 terpres
2528 3554 2620 3608 hic
2651 3571 2781 3607 arva
2815 3558 3085 3608 verterat.
3122 3552 3459 3624 Horapollo,
3490 3554 3587 3608 lih.
3618 3570 3654 3623 ι,
3676 3568 3791 3622 cap.
3818 3550 3881 3605 5:

2266 3643 2425 3702 Ἔτος
2454 3642 2516 3695 τὸ
2539 3640 2891 3715 ἐπιστάμενον
2912 3642 3493 3718 γράφοντες,τέταρτον
3516 3640 3738 3716 ἀρούρας
3759 3638 3881 3712 γρά-

2270 3731 2480 3808 φουσιν⁹
2510 3728 2619 3785 ἔστι
2655 3727 2710 3784 δὲ
2746 3730 2939 3805 μέτρον
2973 3736 3078 3803 γῆς
3110 3732 3143 3798 ἡ
3182 3728 3411 3805 ἄρουρα,
3444 3734 3640 3805 πηχῶν
3675 3725 3841 3783 ἑκατόν
3871 3742 3883 3794 ;

2268 3844 2295 3871 «
2319 3824 2633 3877 Instantem
2652 3838 2869 3876 annum
2896 3820 3311 3891 significantes,
3328 3826 3598 3893 quartam
3615 3836 3757 3875 aurae
3774 3834 3887 3890 par-

2268 3915 2385 3966 tem
2421 3913 2693 3983 pingunt.
2720 3911 2818 3965 Est
2842 3916 3027 3965 autem
3050 3905 3256 3982 ἄρουρα
3278 3915 3449 3966 terra).
3472 3926 3752 3975 mensura,
3774 3923 3884 3961 cen-

2267 4005 2392 4055 tum
2427 4001 2821 4072 complcetens
2846 4000 3096 4055 cubitos.
3124 4021 3150 4049 ››
3174 4000 3529 4067 Herodotus,
3553 4001 3778 4071 Eutepe,
3800 4011 3885 4052 seu

2267 4091 2367 4145 lib.
2384 4107 2451 4144 Il:
2472 4091 2633 4162 Γέρέα
2652 4086 2707 4142 δὲ
2721 4110 2811 4166 σφι
2834 4089 2971 4156 ἦντά
2996 4085 3051 4142 δε
3071 4086 3472 4161 ἐξαραιρημένα
3489 4087 3725 4161 μούνοισι
3742 4084 3885 4157 Αἰγυ-

2266 4178 2436 4233 πτίων
2460 4178 2624 4251 πάρεξ
2648 4179 2755 4231 τῶν
2788 4178 2996 4250 ἱερέων·
3021 4180 3244 4251 αρουραι
3269 4175 3533 4252 ἐξαίρετοι
3566 4173 3764 4230 δώδεκα
3782 4174 3887 4227 ἑκα-

2268 4290 2375 4339 στίι)
2406 4266 2635 4328 ἀτελέες⁴
2672 4269 2705 4335 ἡ
2744 4266 2800 4320 δὲ
2824 4265 3024 4339 ἄρουρα
3058 4269 3257 4323 1015
3304 4267 3496 4321 ἑκατὸν
3528 4265 3747 4339 πήχεών
3792 4262 3884 4316 ἐστι

2268 4356 2576 4431 Αἰγυπτίων
2602 4359 2798 4426 πάντη·
2834 4357 2861 4410 ὁ
2884 4353 2940 4409 δέ
2968 4354 3267 4429 Αἰγύπτιος
3298 4363 3490 4430 πῆχυς
3514 4356 3759 4429 τυγχάνει
3786 4352 3885 4410 ἶσος

2266 4446 2364 4501 ὲων
2383 4452 2461 4500 τῶ
2477 4447 2688 4519 Σαμίῳ.
2707 4470 2733 4498 ‹‹
2758 4449 2860 4502 His
2876 4446 3016 4502 solis
3034 4446 3161 4518 (qui
3190 4447 3471 4503 dicuntur
3491 4445 3771 4502 Calisiries
3801 4457 3887 4496 seu

2266 4539 2647 4609 pugnatores)
2673 4537 3074 4608 [Egyptiorum
3110 4540 3319 4605 praeter
3341 4536 3674 4591 sacerdotes
3696 4534 3793 4587 hoc
3812 4528 3885 4586 exi

513 4626 681 4681 tabas
716 4626 867 4696 (quas
904 4639 1183 4677 mensura
1212 4626 1330 4676 tres
1364 4623 1589 4677 modios
1623 4630 1679 4679 et
1716 4628 1943 4682 tertiam
1978 4630 2156 4683 modii
2193 4631 2236 4693 D
2272 4629 2451 4681 mium
2474 4625 3887 4696 honorishahebaturutsingulisduodecimarurae

516 4720 741 4788 partem
772 4714 969 4783 habet)
1001 4710 1315 4783 quinquies
1348 4716 1402 4765 et
1425 4712 1615 4768 decies
1648 4721 1890 4771 centena
1920 4718 2162 4773 millia.»

515 4807 757 4876 Ignotus
772 4801 1165 4859 Graecuslibro
1182 4802 1251 4856 de
1270 4803 2156 4879 ponder.etmensurisAE-{umia

515 4889 722 4968 ἀρτάϐη
761 4894 953 4966 μέτρον
988 4886 1084 4964 ἔχε
1116 4886 1339 4961 μοδίους
1373 4891 1427 4942 ε’·
1454 4891 1480 4943 ὁ
1507 4887 1561 4943 δὲ
1588 4889 1777 4963 μόδιος
1810 4894 1836 4946 ὁ
1858 4894 2154 4968 Αἰγύπτιος

514 4983 647 5039 καὶὸ
665 4980 931 5043 Ἰταλικὸς
959 4978 1074 5054 ἔχει
1094 4978 1343 5054 χοίνικας
1359 4980 1425 5047 η’.
1446 4982 1747 5053 «rhgyptia
1774 4987 1979 5040 artubu
2002 4990 2157 5058 capit

518 5074 746 5129 modios
777 5078 1077 5144 quinque;
1106 5070 1337 5124 modius
1361 5087 1491 5124 vero
1516 5072 1819 5143 zEgyptius
1843 5080 1899 5128 et
1922 5076 2157 5132 Italicus

516 5164 775 5218 continet
802 5161 1095 5217 ehoenicas
1127 5164 1275 5215 octo.
1297 5181 1325 5208 ››
1362 5158 1569 5229 Papias
1596 5178 1608 5215 :
1648 5184 1667 5209 «ι
1704 5164 1941 5231 Artaha,
1970 5182 2155 5233 genus

517 5267 805 5306 mensurae
819 5252 1089 5323 Syriacae,
1106 5266 1228 5319 quae
1250 5254 1369 5303 tres
1396 5249 1621 5304 modios
1638 5251 1775 5305 facit
1792 5254 2154 5311 ettrientem.

582 5345 665 5395 De
693 5340 1000 5394 Persarum
1033 5338 1402 5393 etMedorum
1428 5338 1630 5393 artaba
1655 5339 2001 5411 Hesychius:
2029 5342 2155 5416 Ἀρ-

512 5424 649 5499 τάϐη
674 5430 865 5503 μέτρον
880 5425 1124 5497 Μηδικὸν
1142 5427 1292 5482 σίτου
1309 5427 1555 5488 Ἀττικὸς
1573 5425 1835 5500 μέδιμνος
1863 5448 1921 5485 ;‹‹
1942 5435 2154 5489 Artaba

514 5536 794 5575 mensura
813 5518 1087 5573 frumenti
1105 5520 1258 5588 apud
1281 5518 1498 5584 Medos,
1522 5520 1747 5573 Atticus
1766 5522 2101 5577 medimnus
2125 5546 2151 5572 ε(

519 5608 845 5664 Herodotus
875 5607 1019 5675 Clio,
1041 5623 1140 5661 seu
1177 5606 1274 5661 lib.
1304 5624 1343 5661 1:
1366 5606 1428 5660 Ἢ
1450 5603 1506 5659 δὲ
1532 5602 1764 5679 ἀρτάὸη,
1803 5609 1997 5682 μέτρον
2042 5609 2152 5665 ἐστί

518 5696 795 5773 ’Περσικὸν
814 5694 1040 5770 χωρέων
1059 5692 1579 5767 μεδίμνουἈττικοῢ
1592 5699 1780 5752 πλεῖον
1798 5700 1995 5774 χοίνιξι
2010 5703 2154 5776 τρισὶ

519 5788 797 5857 Ἀττικῆσι
810 5786 915 5845 Est
930 5790 1126 5844 autem
1139 5787 1342 5844 artaba
1354 5802 1630 5844 mensura
1644 5788 1871 5847 Persica
1886 5793 2156 5863 capacior

2274 4723 2472 4772 essent
2486 4734 2643 4771 exem
2658 4722 2765 4784 pta:
2780 4722 2835 4769 et
2850 4715 3164 4770 immunes.
3182 4715 3278 4768 Est
3293 4720 3489 4769 autem
3508 4731 3671 4769 arura
3687 4715 3887 4768 centum

2266 4807 2530 4861 cubitoru
2545 4824 2594 4859 m
2614 4805 3012 4877 .Iﬁgyptiorum
3032 4803 3887 4874 quoquoversusJEgyptiusve-

2268 4913 2328 4948 ro
2348 4896 2583 4949 cubitus
2604 4894 2802 4947 Samio
2830 4910 2930 4963 par
2952 4897 3106 4946 est.»
3129 4892 3371 4946 Suidas:
3401 4890 3685 4963 Ἀρουραία
3707 4888 3886 4959 μάντις,

2266 4981 2342 5035 ἑοὶ
2373 4987 2478 5036 τῶν
2504 4984 2724 5054 νωορῶν
2751 4980 2839 5033 καὶ
2866 4979 3178 5053 ἀπράκτων.
3196 4980 3344 5033 Ἐστι
3362 4976 3418 5033 δὲ
3438 4980 3561 5053 ἀρῖς
3584 4976 3889 5045 δυσκίνητος,

2267 5072 2479 5145 χκωρα,
2534 5064 2848 5142 καλουμένη
2888 5066 3101 5140 μάντίς,
3132 5070 3199 5134 ἧς
3225 5088 3368 5128 τινες
3408 5067 3763 5143 προσέχοντες
3790 5066 3889 5119 ταῖς

2265 5163 2501 5231 κινήσεσι
2526 5158 2898 5233 μαντεύονται.
2916 5160 3036 5213 ’Ὁτι
3059 5159 3090 5225 ἡ
3118 5154 3320 5230 ἄρουρα
3341 5154 3515 5217 πόδας
3540 5151 3653 5230 ἔχει
3675 5156 3768 5221 ν’,‹‹
3788 5154 3890 5207 Ru-

2267 5253 2493 5307 sticana
2524 5258 2701 5316 vates,
2736 5251 2806 5304 (le
2840 5249 3121 5320 segnibus
3148 5253 3205 5302 et
3236 5247 3481 5317 ignavis.
3510 5248 3609 5302 Est
3627 5249 3806 5301 autem
3826 5240 3889 5295 lo-

2266 5347 2427 5395 custa
2442 5342 2507 5393 ad
2521 5341 2692 5395 modu
2705 5357 2755 5394 m
2772 5339 2938 5393 tarda
2955 5342 3110 5392 motu
3123 5336 3502 5407 .viridis,quaz
3518 5340 3743 5393 vocatur
3756 5347 3890 5387 man-

2265 5430 2363 5489 tis.
2385 5431 2437 5483 id
2464 5434 2573 5497 est,
2606 5434 2763 5483 vates
2802 5429 3009 5497 ;cujus
3035 5432 3229 5481 motus
3271 5425 3512 5495 quidam
3547 5425 3890 5480 observantes

2261 5518 2869 5573 vaticinantur.Arura
2897 5518 3069 5587 pedes
3091 5515 3264 5569 habet
3284 5515 3731 5586 quinquaginta.
3755 5532 3780 5561 ιι
3800 5504 3886 5563 [ῖὺί

2261 5607 2530 5662 ίΕωὶΙίυδ
2564 5606 2766 5661 Porlus
2807 5622 3047 5661 sensum
3083 5622 3193 5659 non
3217 5604 3645 5676 percepit,eum
3663 5607 3889 5656 extrema

2261 5697 2473 5765 vertit;
2510 5696 2629 5751 Rus
2661 5697 2839 5768 pedes
2871 5696 3085 5751 habere
3110 5695 3393 5760 dicitur,»
3415 5692 3479 5747 Et
3503 5693 3747 5765 ingenue
3766 5702 3885 5759 pro-

2262 5786 2455 5843 fessus
2467 5790 2574 5857 est,
2600 5803 2657 5843 N.
2674 5803 2724 5844 L.
2743 5790 2981 5859 Legerat
2998 5784 3095 5842 ille
3107 5780 3253 5859 ἔχειν
3271 5798 3406 5841 cum
3435 5782 3745 5855 legendum
3756 5777 3889 5834 esset
