4156 6328
232 388 334 443 417

959 392 1466 449 ONOMASTICON
1504 393 1764 448 BBRUM
1800 392 1894 445 ΕΤ
1929 393 2332 452 VBRBORUM
2368 399 2920 459 DIFFICILIORUM.

3533 408 3637 465 418

230 515 387 569 cium
409 518 495 570 est
521 517 937 573 necessarium:
958 519 1244 590 spiritale,
1271 520 1425 590 quod
1451 537 1565 575 non
1588 536 1653 573 ex
1676 534 1882 574 saccu-
1913 516 1963 583 Α
1998 518 2163 573 nensi
2194 519 2485 578 Glossario
2516 526 2691 580 etiam
2722 531 2832 593 est,
2874 533 3038 594 Bula,
3070 530 3319 597 historia,
3348 537 3488 603 puto
3511 550 3638 589 cor-

230 604 310 669 lo,
342 606 441 660 sed
476 622 543 661 ex
567 608 739 662 corde
761 609 1235 680 profertur,quod
1266 628 1381 665 non
1409 610 1697 667 bramosis
1722 625 1889 679 pecu-

237 694 431 759 dibus,
465 698 568 751 sed
603 697 977 753 suavissimis
1009 700 1275 754 moribus
1299 706 1742 771 comparatur.»

310 794 751 851 BOCCBLLATUM.
778 798 955 852 Panis
985 798 1301 865 biscoctus,
1336 815 1439 854 seu
1491 797 1645 871 ξυρὸς
1703 799 1886 869 ἄρτος,

239 882 412 938 siccus
431 887 617 953 panis,
646 886 747 957 qui
779 888 1041 942 eremitis
1070 894 1128 943 et
1158 888 1444 944 militibus
1475 889 1535 943 in
1584 905 1692 944 usu
1745 894 1886 955 erat,

240 973 377 1043 quia
399 973 627 1028 diutius
658 975 854 1030 durat.
876 977 1230 1043 Heraclides,
1266 994 1393 1048 cap.
1420 979 1491 1031 6:
1550 1000 1578 1026 ‹‹
1612 977 1887 1032 Confrac-

238 1067 360 1115 tnm
386 1066 567 1132 atque
594 1064 651 1118 in
672 1068 867 1134 partes
890 1066 1187 1122 redactum
1213 1066 1473 1121 modicas
1495 1067 1887 1121 buccellatum

241 1149 558 1223 inlagenas
575 1153 756 1208 misit.
778 1155 1240 1222 nAmmianusJ.
1258 1173 1373 1211 xvn
1398 1173 1411 1209 :
1435 1177 1455 1204 ι
1482 1157 1886 1222 Frumentum,

242 1257 309 1295 ex
333 1255 403 1295 eo
437 1243 594 1312 quod
627 1247 751 1297 erat
779 1243 839 1299 in
865 1245 1107 1300 sedibus
1130 1246 1621 1313 consumendum,
1655 1246 1726 1301 ad
1746 1262 1890 1301 usus

240 1328 685 1388 diuturnitatem
701 1334 1421 1397 excoctum,buccellatum
1438 1335 1685 1405 utvulgo
1699 1334 1892 1406 appel-

240 1418 384 1489 lant,
410 1418 679 1476 humeris
706 1421 990 1492 imposuit
1022 1424 1331 1479 libentium
1368 1424 1645 1480 militum.
1674 1447 1702 1475 ››
1751 1424 1808 1478 L.
1836 1440 1889 1477 v1

240 1507 469 1563 Codicis
501 1509 913 1581 Theodosiani,
939 1511 1017 1567 De
1047 1529 1204 1584 erog.
1240 1512 1409 1568 milit.
1454 1530 1695 1569 annon.:
1732 1536 1760 1564 «
1788 1513 1890 1567 Ex-

243 1597 561 1666 peditionis
592 1603 852 1669 tempore
882 1600 1269 1657 buccellatum
1308 1619 1373 1657 ac
1423 1619 1656 1674 panem,
1688 1604 1891 1658 vinum

246 1701 482 1757 quoque
514 1691 693 1758 atque
724 1693 980 1755 acetum,
1015 1692 1114 1745 sed
1139 1690 1493 1758 etlaridum,
1524 1708 1759 1747 carnem
1774 1708 1893 1746 vcr-

247 1776 514 1830 veeinam
529 1775 705 1831 etiam
732 1776 949 1833 milites
963 1784 1196 1834 nostros
1232 1779 1315 1834 ita
1328 1779 1514 1835 solere
1529 1780 1891 1851 percipere.»

1995 608 2326 679 rigendum,
2349 613 2520 682 Buda,
2549 625 2749 673 slorea.
2778 622 3059 688 Donatus,
3086 620 3141 675 in
3166 621 3203 674 Ι.
3240 639 3281 675 ιι
3310 622 3637 692 1Eneid.,ad

1990 714 2250 765 versum,
2283 702 2547 758 obscurus
2584 708 2643 759 in
2696 708 2847 774 ulva,
2882 713 3079 764 notat:
3144 709 3336 766 [Ilvam
3373 712 3640 783 plerique

1992 804 2120 842 eam
2143 790 2346 844 dicunt
2369 807 2515 846 esse.
2534 810 2711 864 quam
2732 796 2907 867 vulgo
2932 798 3145 853 budam
3169 800 3522 871 appellant.»
3546 802 3642 857 Sic

1992 876 2051 930 in
2078 878 2289 949 Papia:
2325 882 2500 951 Buda,
2534 886 2725 939 storia.
2763 886 2924 941 Forte
2956 888 3063 941 hoc
3095 894 3457 958 postremum
3504 893 3645 947 Buta

1993 971 2189 1021 ortum
2221 984 2289 1021 ex
2323 968 2470 1025 Buta
2503 970 2799 1039 historico,
2852 975 3021 1043 cujus
3052 977 3319 1031 meminit
3351 980 3644 1036 Arnobius

1993 1052 2134 1109 lib.v
2159 1072 2170 1110 :
2197 1079 2225 1106 «
2259 1057 2421 1112 Sicut
2452 1061 2577 1114 suis
2608 1062 2815 1117 scribit
2856 1064 2914 1117 in
2970 1065 3317 1121 Causalibus
3376 1067 3575 1122 Butas.
3613 1092 3641 1117 ››

1997 1144 2163 1199 Forte
2193 1147 2550 1202 Teutonibus
2593 1154 2702 1206 ’διδ
2735 1151 2793 1205 id
2844 1157 2951 1219 est,
2987 1152 3193 1220 lectus,
3224 1173 3257 1209 a
3288 1155 3450 1225 buda,
3484 1159 3640 1227 quod

1995 1232 2134 1287 olim
2168 1235 2376 1290 storeis
2406 1237 2774 1293 incubarent.

2067 1331 2614 1390 BULLAelBULLARE.
2636 1336 2778 1391 Vitaa
2796 1338 2988 1393 Basilii
3008 1356 3135 1411 cap.
3154 1342 3238 1395 1οε
3262 1362 3283 1389 ι
3316 1342 3378 1396 Et
3403 1343 3646 1413 plumbo

1994 1418 2713 1480 bullavitchartamillam.
2736 1447 2763 1475 »
2779 1426 2920 1481 Vitae
2934 1428 3178 1484 Joannis
3194 1430 3646 1503 Eleemosynarii

1997 1525 2122 1579 cap.
2153 1510 2245 1564 5t:
2273 1532 2301 1559 ‹‹
2323 1512 2446 1567 Non
2472 1520 2634 1584 potes
2657 1516 2933 1581 scribere,
2979 1522 3033 1571 et
3060 1518 3305 1588 bullare,
3335 1525 3392 1574 et
3441 1519 3647 1575 afferre

1999 1597 2239 1652 mihi?»
2275 1600 3069 1674 Etpost:«Dateiproprium
3106 1607 3416 1676 pictacium
3459 1608 3647 1663 bulla-

1996 1692 2142 1743 tum.
2166 1708 2192 1740 ι
2218 1688 2581 1744 Glossarium
2597 1690 3065 1749 Camberonense
3082 1711 3211 1749 ms.:
3232 1716 3255 1747 α
3273 1696 3475 1762 Bullae,
3497 1714 3639 1753 certe

1997 1777 2324 1847 sigillata.»
2354 1779 2510 1833 Idem
2538 1798 2551 1835 :
2581 1804 2607 1829 «
2629 1780 2878 1847 Bullare,
2904 1782 3181 1852 sigillare.
3211 1807 3237 1833 »
3260 1785 3352 1839 Sic
3375 1795 3426 1839 et
3451 1790 3642 1855 poste-

246 1865 676 1935 Spartianus,in
693 1866 1219 1939 PescennioNigro:
1241 1869 1444 1924 «Idem
1468 1868 1894 1939 pistoressequi
1926 1870 1971 1933 Β
2003 1866 2257 1922 rioribus
2286 1868 2499 1923 Graecis
2534 1865 2747 1941 βούλλα
2776 1875 2833 1925 et
2866 1867 3201 1943 βουλλεύειν.
3236 1873 3379 1929 Vide
3417 1874 3648 1931 Glossa-

248 1956 675 2025 expeditionem
693 1955 1012 2026 prohibuit,
1029 1957 1576 2027 buccellatojubens
1608 1957 1824 2012 milites
1845 1962 1903 2012 et

249 2060 456 2099 omnes
474 2049 784 2101 contentos
803 2061 950 2101 esse.
969 2070 990 2098 ι
1022 2046 1342 2113 Vulcatius,
1365 2047 1423 2100 in
1447 2046 1649 2101 Avidio
1663 2046 1862 2103 Cassio
1884 2063 1897 2101 :

249 2156 274 2181 κ
298 2134 842 2205 Etpraeterlardum
861 2151 929 2189 ac
945 2134 1333 2191 buccellatum
1352 2142 1529 2206 atque
1541 2135 1905 2202 acetum,mi-

247 2222 410 2277 litem
435 2223 498 2277 in
521 2222 890 2293 expeditione
909 2229 1139 2295 portare
1168 2224 1491 2295 prohibuit.
1516 2243 1547 2275 »
1570 2224 1904 2280 Constanti-

250 2329 382 2381 nus,
413 2310 540 2386 πιρὶ
558 2308 804 2381 θεμάτων
824 2329 836 2367 :
853 2309 1239 2373 Βούκελλοςτὸ
1267 2309 1671 2387 κρικελλοειδὲς
1682 2312 1903 2384 ψωμίον

248 2400 520 2455 ultimi:
539 2423 567 2451 «
584 2401 886 2457 Buccellas
899 2402 1291 2458 orbiculatum
1308 2404 1591 2458 frustrum
1606 2408 1902 2458 vocatur.»

251 2489 593 2557 Mauritius,
617 2490 675 2546 in
707 2491 976 2546 Tacticis:
1001 2491 1121 2565 Χρή
1151 2490 1204 2544 ἐν
1231 2491 1414 2564 ἡμέρᾳ
1434 2488 1771 2561 πολέμου,ἐν
1786 2494 1903 2550 ταῖς

252 2575 829 2655 σὲλλαιςέπιφὲρεσθαι
849 2577 1067 2634 ἕκαστον
1088 2580 1422 2653 στρατιώτην
1439 2578 1686 2651 ὕδωρκαὶ
1702 2580 1905 2634 Βουκε-

250 2665 407 2725 lita:
440 2694 471 2719 κ
491 2670 593 2726 Die
624 2670 760 2726 belli
782 2672 955 2726 debet
975 2672 1229 2743 quisque
1259 2671 1429 2727 miles
1449 2688 1661 2741 aquam
1681 2677 1738 2725 et
1760 2671 1903 2725 buc-

251 2759 531 2815 cellatum
562 2760 620 2814 in
654 2759 816 2815 sellis
838 2776 1038 2816 secum
1073 2761 1236 2815 ferre.
1267 2780 1292 2812 ι

316 2858 413 2913 Ab
438 2857 547 2913 hoc
577 2875 725 2929 pane
746 2857 1158 2930 expeditionali
1190 2875 1291 2913 seu
1324 2856 1643 2913 buccellalo
1670 2856 1873 2928 elegan
1891 2884 1904 2895 -

249 2952 341 3003 ter
365 2964 598 3019 panem,
627 2964 800 3019 quem
821 2948 1245 3004 benedictionis
1267 2946 1392 3002 loco
1406 2946 1903 3011 transmittebant,

252 3041 542 3093 vocarunt
562 3037 843 3093 Paulinus
860 3041 917 3093 et
947 3037 1226 3092 Therasia
1244 3038 1313 3091 ad
1340 3035 1767 3091 Romanianum
1792 3032 1909 3105 epi-

259 3125 419 3181 stola
447 3126 538 3194 36,
570 3128 723 3198 apud
749 3127 1146 3198 Augustinum
1173 3142 1186 3181 :
1210 3147 1239 3177 «
1264 3126 1345 3181 Ne
1361 3140 1608 3180 vacuum
1642 3125 1906 3178 fraterna}

2008 1955 2159 2009 rium
2193 1958 2708 2012 Grmcobarbarum
2743 1959 3003 2014 Meursii.

2076 2067 2556 2117 CAMELAUCHIUM.
2588 2062 2714 2117 Vita
2743 2065 2933 2119 Mariae
2968 2065 3157 2136 neptis
3177 2068 3437 2135 Abrahae,
3473 2086 3575 2140 cap
3596 2071 3650 2126 5:

2009 2172 2036 2200 «
2052 2150 2529 2206 Camelauchium
2545 2168 2777 2222 quoque
2792 2152 3031 2223 longum
3045 2155 3221 2225 capiti
3237 2172 3363 2220 suo,
3383 2161 3447 2211 ut
3476 2158 3653 2213 facies

2008 2239 2134 2308 ejus
2164 2238 2473 2303 velaretur,
2506 2239 2809 2311 imposuit.
2842 2261 2869 2292 ιι
2922 2242 2987 2296 Et
3017 2259 3143 2314 cap.
3174 2246 3245 2298 9:
3314 2265 3340 2296 ι
3368 2247 3652 2303 Aufereus

2009 2344 2242 2398 quoque
2273 2327 2736 2383 camelaucbium
2771 2346 2804 2383 a
2834 2331 3022 2401 capite
3045 2348 3172 2386 suo.
3208 2332 3511 2388 nVerbum
3544 2335 3652 2390 hoc

2009 2417 2233 2486 saepein
2250 2416 2668 2487 Manuscriptis
2690 2422 2745 2471 et
2768 2418 2975 2488 primis
2991 2420 3651 2493 Editionibusdeprava-

2010 2508 2158 2573 tum,
2192 2504 2247 2558 in
2283 2505 2499 2575 quibus
2534 2505 2681 2560 ferre
2708 2507 3111 2575 calemanchus,
3146 2509 3235 2563 vel
3276 2511 3651 2567 calamancus.

2010 2593 2173 2649 Unde
2204 2592 2261 2647 in
2291 2592 2515 2647 Glossis
2549 2593 2757 2647 Isidori
2784 2610 2797 2648 :
2831 2616 2859 2643 ‹‹
2890 2594 3149 2660 Galeros,
3199 2596 3590 2655 calamancos.
3628 2623 3649 2650 ι

2011 2688 2176 2754 Lege,
2191 2682 2605 2736 camelauclu'os.
2623 2682 2903 2737 Similiter
2915 2685 3069 2754 apud
3085 2685 3321 2752 Bedam,
3340 2688 3412 2742 de
3435 2688 3660 2743 Taber-

2011 2789 2163 2837 nac.,
2189 2771 2339 2825 libro
2372 2788 2455 2837 ιιι,
2490 2787 2614 2841 cap.
2648 2772 2701 2826 8:
2736 2791 2762 2823 ι
2797 2774 2987 2844 Super
3017 2779 3195 2845 caput
3233 2780 3431 2830 autem
3466 2780 3659 2845 gestat

2011 2860 2305 2933 pileumin
2339 2860 2578 2915 modum
2616 2860 2838 2930 parvuli
2870 2862 3171 2933 calamaci,
3223 2864 3345 2918 sive
3377 2865 3647 2935 cassidis,

2013 2952 2166 3022 quod
2197 2950 2527 3005 extenditur
2557 2965 2735 3020 supra
2767 2956 3169 3006 summitatem
3192 2954 3454 3023 capitis.»
3481 2954 3652 3026 Lege,

2012 3038 2412 3096 camelauchii.
2430 3042 2781 3109 Frequenter
2792 3040 3098 3110 posteriori
3120 3058 3240 3097 aevo
3263 3048 3651 3100 consonantes

2013 3128 2101 3184 vel
2122 3129 2273 3184 inter
2302 3144 2361 3183 se
2383 3128 2828 3183 commutabant
2844 3129 2929 3183 vel
2954 3132 3401 3201 postponebant.
3426 3133 3519 3187 Sic
3541 3133 3658 3188 fere

256 3214 653 3271 humanitatis
682 3216 943 3271 ofﬁcium
966 3217 1283 3283 videretur,
1309 3216 1378 3269 de
1401 3213 1722 3269 buccellato
1749 3212 1908 3267 Cbri-
1939 3224 1981 3292 ρ
2021 3236 2252 3291 semper
2273 3219 2331 3273 in
2353 3218 2768 3289 Manuscriptis
2798 3220 3172 3287 corcodrillus,
3198 3238 3301 3291 pro
3331 3224 3657 3280 crocodilus.

261 3304 469 3360 stianm
491 3305 901 3378 expeditionis,
923 3306 982 3361 in
1005 3306 1176 3375 cujus
1198 3304 1532 3377 procinctus
1554 3302 1814 3374 quotidie
1836 3302 1907 3355 ad

261 3394 623 3464 frugalitatis
642 3411 937 3451 annonam
952 3395 1299 3461 militamus,
1316 3410 1498 3464 panes
1519 3393 1781 3465 quinque
1800 3390 1908 3446 tibi

264 3484 506 3555 pariter,
532 3488 591 3540 et
612 3484 731 3540 {ilio
756 3489 959 3541 nostro
982 3484 1244 3539 Licentio
1284 3482 1579 3538 misimus.
1606 3504 1634 3530 »

329 3588 600 3639 BUCOLIA.
633 3581 767 3638 Vita
785 3582 1043 3652 Antonii,
1077 3598 1202 3653 cap.
1220 3582 1311 3646 24,
1334 3580 1432 3635 ubi
1453 3579 1653 3635 Latine
1674 3583 1763 3633 est
1782 3594 1908 3648 pa:-

261 3673 486 3744 toralia,
520 3673 717 3728 Grece
745 3676 834 3727 est
862 3667 1171 3740 lBouxoMa.
1233 3670 1640 3741 Hieronymus,
1690 3668 1747 3720 in
1782 3668 1910 3721 Vita

261 3763 450 3819 sancti
472 3762 815 3833 Hilarionis,
839 3778 967 3834 cap.
999 3762 1088 3827 36,
1110 3760 1358 3815 servavit
1374 3760 1633 3814 Graecum
1655 3756 1910 3811 vocabu-

262 3852 411 3921 lum;
446 3875 475 3902 «
499 3853 571 3907 ad
603 3868 672 3907 ea
701 3851 829 3907 loca
859 3868 989 3923 qua:
1017 3854 1299 3906 vocantur
1321 3846 1577 3912 Bucolia,
1601 3868 1627 3895 »
1650 3845 1912 3900 Heliodo-

262 3958 386 3998 rus:
410 3938 689 3997 Βουκολία
702 3938 916 4011 σύμπας
933 3937 1193 4007 κέκληται
1224 3937 1360 4010 πρὸς
1380 3934 1687 4011 Αἰγυπτίων
1704 3934 1909 3995 ὁτόπος

268 4030 545 4088 «Βυοοιὶα
576 4030 733 4103 apud
758 4030 1055 4103 Egyptios
1087 4029 1279 4083 dictus
1322 4031 1413 4083 est
1460 4031 1619 4100 totus
1670 4025 1855 4091 locus,
1884 4047 1909 4073 ››

264 4120 552 4186 videlicet,
582 4122 655 4175 ad
685 4121 887 4187 locum,
915 4119 1069 4189 quod
1112 4117 1429 4189 praecessit.
1461 4116 1645 4171 Locus
1677 4114 1769 4169 hic
1792 4118 1915 4169 erat

269 4212 422 4282 apud
438 4210 852 4265 Alexandriam
870 4210 1038 4279 juxta
1052 4224 1212 4263 mare
1225 4207 1334 4262 sub
1348 4205 1616 4277 rupibus.
1631 4205 1765 4259 Vita
1776 4220 1912 4258 san-

2011 3310 2117 3364 Sed
2130 3305 2635 3379 καμελαύχιον,ν61
2647 3305 3027 3378 καμαλαύκιυν
3047 3316 3268 3365 rectum
3302 3328 3429 3366 esse
3452 3314 3661 3369 suadet

2013 3396 2323 3470 originatio
2355 3398 2507 3468 apud
2544 3397 3027 3469 Etymologicum:
3061 3396 3263 3451 Kauola
3294 3396 3503 3471 εἴρηται
3560 3401 3653 3471 μὲν

2011 3483 2401 3559 καμελαύκιον,
2434 3485 2579 3557 παρὰ
2607 3485 2921 3541 τὸέλαύνειν
2936 3486 2997 3540 τὸ
3014 3490 3213 3559 ταῦμα.
3248 3490 3657 3547 «Causiadici-

2014 3582 2111 3631 tur
2140 3574 2585 3640 camelaucium,
2616 3576 2764 3644 quod
2792 3581 2981 3631 arceat
3002 3576 3312 3633 calorem.»
3332 3578 3394 3632 In
3428 3578 3655 3635 Glossa-

2015 3664 2102 3719 ria
2131 3662 2522 3718 Caberonensi
2555 3665 2957 3735 manuscripto
3002 3671 3127 3720 est:
3189 3689 3215 3715 «
3249 3666 3659 3734 Camelaucus,

2014 3752 2427 3808 vestimentum
2464 3768 2645 3822 papae;
2676 3774 2702 3801 ››
2727 3757 2783 3808 et
2805 3754 3211 3822 Calamaucus,
3233 3756 3423 3825 pileus
3445 3757 3661 3813 similis

2013 3842 2224 3896 tiaras.»
2237 3839 2823 3912 Occurritaliquoties
2836 3841 2989 3911 apud
3005 3841 3244 3896 Suidam
3257 3841 3660 3917 καμελαύχιον,

2015 3930 2102 3985 vel
2116 3926 2619 4000 καμμελαῦκιον.Ιι]
2634 3929 2918 4001 Hesycbio
2931 3929 3102 3984 verbo
3116 3927 3481 4003 Tw’zpahabes
3495 3932 3669 3987 etiam

2017 4017 2415 4092 καμελαύχιον,
2450 4020 2533 4073 uti
2565 4024 2621 4075 et
2653 4020 2807 4091 apud
2849 4017 3201 4075 scholiasten
3251 4020 3665 4092 Aristophanis

2017 4110 2088 4164 ad
2121 4109 2549 4163 Acharnenses.

2091 4207 2353 4263 CAMISIA.
2386 4207 2707 4275 Palladius,
2730 4222 2856 4278 cap.
2885 4206 2988 4261 449
3012 4223 3025 4261 :
3049 4206 3242 4262 «Cum
3272 4222 3399 4262 eam
3422 4208 3547 4264 suis
3567 4224 3665 4265 ve-

271 4299 350 4357 cti
368 4300 542 4355 Marci
566 4299 981 4371 postAbdiam,
1015 4313 1306 4369 anonymo
1338 4300 1570 4350 auctore
1596 4310 1609 4347 :
1639 4293 1915 4347 «Marcus
2020 4295 3669 4368 stibusinduisset,tunica,camisia,etchlamyde,etom-

272 4388 481 4443 iterum
496 4386 913 4442 Alexandriam
935 4385 1115 4453 venit,
1146 4389 1203 4440 et
1244 4383 1461 4454 reperit
1482 4382 1685 4436 fratres
1718 4378 1917 4435 multi-
2023 4384 2501 4439 nibusvirilibus.
2525 4405 2552 4432 »
2575 4383 2769 4438 Graece
2790 4383 2868 4438 ibi
2890 4380 3197 4454 καμισίοις.
3219 4383 3435 4441 Glossis
3460 4386 3673 4441 Basili-

272 4478 516 4550 plicatos
534 4478 594 4533 in
611 4478 796 4550 gratia
818 4480 875 4531 et
895 4476 1007 4531 ﬁde
1032 4473 1283 4541 Domini,
1306 4471 1732 4541 ecclesiamque
1754 4484 1905 4524 cons

2023 4488 2246 4528 corum:
2270 4470 2558 4543 Καμίσιον,
2592 4472 2619 4525 ὁ
2648 4469 2735 4525 ἐπὶ
2759 4471 3019 4543 καμάτων
3042 4491 3238 4547 χιτφν.
3256 4473 3538 4539 Isidorus,
3564 4474 3667 4529 lib.

272 4571 521 4623 tructam
553 4568 625 4623 ab
656 4566 742 4622 eis
772 4565 833 4620 in
862 4565 989 4621 loco
1029 4564 1130 4635 qui
1176 4566 1414 4617 vocatur
1434 4558 1712 4622 Buculus,
1742 4557 1799 4612 id
1832 4560 1922 4612 est
1954 4600 1994 4635 η
2024 4579 2121 4616 xxx
2149 4561 2326 4631 Orig.,
2361 4578 2489 4633 cap.
2520 4562 2591 4615 22
2611 4579 2630 4616 :
2662 4560 2948 4617 Camisias
2977 4577 3278 4631 vocamus,
3309 4563 3461 4632 quod
3493 4562 3551 4617 in
3578 4561 3672 4618 his

274 4655 536 4721 Bubulci,
563 4657 733 4727 juxta
763 4669 922 4710 mare
945 4653 1056 4708 sub
1103 4651 1374 4722 rupibus,
1396 4671 1425 4699 »
1484 4647 1629 4703 Hinc
1676 4646 1922 4701 Bucolici
1948 4646 1993 4664 "
2029 4651 2359 4705 dormimus
2391 4651 2450 4705 in
2475 4649 2745 4721 camis,id
2768 4649 2942 4716 est,in
2960 4650 3163 4705 stratis
3182 4650 3456 4718 nostris,»
3490 4651 3553 4706 Id
3577 4655 3669 4706 est

275 4744 489 4801 milites
509 4742 861 4816 Capitolino,
906 4743 965 4797 in
984 4742 1171 4798 Marco
1194 4740 1488 4795 Antonino
1509 4754 1523 4794 :
1543 4760 1571 4787 «
1588 4740 1921 4807 Perngyp-

280 4838 406 4891 tum
431 4833 685 4891 Bucolici
718 4831 932 4888 milites
964 4829 1164 4902 gravia
1194 4828 1383 4885 multa
1414 4827 1706 4883 fecissent.
1730 4843 1757 4876 ι

348 4932 527 4999 Bona,
557 4931 851 5001 Pelagius,
882 4928 1082 4985 libello
1112 4945 1170 4997 x,
1203 4944 1368 4983 uum.
1398 4927 1491 4979 76.
1516 4945 1545 4975 (ί
1570 4924 1791 4979 Videns
1814 4938 1923 4977 au-

278 5024 395 5075 tem
416 5022 619 5077 1019
670 5017 977 5091 Egyptius
1014 5017 1293 5072 vestitum
1327 5013 1605 5069 mollibus
1637 5012 1835 5079 rebus,
1868 5015 1926 5065 et

278 5110 492 5166 hudam
527 5112 601 5167 de
630 5126 870 5182 papyro,
917 5112 974 5163 et
1017 5106 1227 5178 pellem
1277 5109 1522 5159 stratam
1556 5102 1664 5157 sub
1709 5101 1858 5171 ipso.
1895 5122 1921 5149 ››

279 5198 495 5257 (ὶιοεεω
522 5200 754 5266 Isidori;
776 5198 938 5253 Buda
968 5198 1221 5252 historia.
1254 5195 1404 5249 Num
1434 5192 1771 5263 legendum,
1816 5192 1924 5245 slo-

278 5288 428 5344 τ’εαῖ
457 5290 551 5345 Sic
575 5306 644 5344 ex
669 5289 849 5344 veteri
880 5285 1329 5357 Spania,addito
1362 5298 1460 5337 seu
1493 5279 1725 5352 praeﬁxo
1750 5279 1809 5333 hi
1840 5279 1923 5333 fe-

284 5395 409 5433 cere
465 5380 765 5451 Hispania.
825 5376 1191 5432 Glossarium
1243 5373 1708 5427 Camberonense
1761 5384 1921 5423 ms.:

280 5490 309 5516 ‹‹
344 5467 521 5537 Buda,
553 5470 949 5524 stromentum
981 5464 1115 5519 lecti
1139 5464 1209 5517 de
1235 5460 1415 5527 biblo,
1440 5460 1495 5513 id
1521 5464 1917 5529 est,papyro.n

279 5555 345 5611 In
376 5556 594 5613 Glossis
629 5555 834 5612 lsidori
852 5555 1029 5611 etiam
1055 5552 1324 5608 invenio:
1368 5573 1390 5597 ιι
1425 5550 1922 5615 Buda,ornamen-

277 5647 344 5700 ta
372 5646 579 5718 regalia
594 5645 685 5702 vel
705 5643 1081 5701 camelorum.
1104 5659 1131 5692 ιι
1162 5640 1329 5706 Item,
1355 5660 1383 5687 ‹‹
1409 5637 1598 5706 Bulla,
1629 5642 1921 5691 stramen-

282 5736 345 5788 ta
375 5736 603 5807 regalia.
632 5756 661 5786 »
693 5734 856 5798 Quod
885 5749 1020 5789 vero
1052 5730 1113 5787 in
1166 5726 1572 5797 manuscripto
1613 5725 1925 5783 Cambero-

2030 4739 2332 4794 indusium
2366 4738 2453 4794 vel
2483 4739 2664 4794 lintea
2693 4739 2925 4794 sindon.
2960 4738 3146 4808 Idem,
3178 4739 3419 4806 ibidem,
3454 4756 3503 4795 c.
3558 4739 3619 4794 21
3654 4755 3667 4793 :

2034 4850 2061 4878 «
2093 4825 3157 4892 Poderisesttunicasacerdotislinea,
3179 4827 3407 4897 corpori
3435 4826 3675 4881 astricta

2032 4933 2221 4988 usque
2252 4917 2322 4972 ad
2351 4917 2531 4987 pedes
2554 4916 2935 4971 descendens.
2960 4914 3088 4969 Hac
3106 4914 3281 4985 vulgo
3305 4913 3551 4970 camisia
3571 4930 3676 4968 vo-

2034 5009 2217 5061 catur.
2255 5034 2323 5047 —
2348 5006 2433 5059 Ad
2455 5003 2698 5059 Palladii
2729 5004 2921 5059 locum
2948 5003 3017 5057 de
3050 5002 3231 5057 milite
3263 5002 3494 5072 proprie
3538 5000 3679 5057 facit

2031 5096 2422 5165 Hieronymus
2453 5094 2624 5164 epist,
2669 5094 2785 5146 128:
2814 5113 2841 5141 α
2864 5090 3063 5146 Solent
3090 5090 3411 5145 militantes
3459 5089 3677 5146 habere

2033 5182 2396 5252 lineas,quas
2428 5182 2698 5237 camisias
2728 5184 2955 5247 vocant,
2988 5181 3071 5233 sic
3098 5182 3264 5249 aptas
3307 5179 3592 5234 membris
3623 5182 3681 5235 et

2034 5274 2303 5327 astrictas
2336 5272 2785 5343 corporibus,ut
2814 5267 3065 5339 expediti
3085 5267 3201 5321 sint
3230 5266 3315 5321 vel
3340 5268 3407 5323 ad
3438 5284 3677 5324 cursum

2033 5360 2118 5416 vel
2151 5362 2217 5416 ad
2235 5360 2454 5431 praelia,
2471 5360 2720 5431 dirigere
2736 5357 2945 5427 iacula,
2965 5360 3160 5410 tenere
3174 5354 3464 5428 clypeum,
3477 5374 3679 5413 ensem

2032 5448 2266 5515 librare,
2298 5453 2355 5505 et
2381 5462 2745 5521 quaecunque
2804 5444 3122 5500 necessitas
3178 5445 3439 5501 traxerit.
3472 5471 3499 5497 ››
3536 5450 3680 5503 Item

2032 5539 2205 5605 Beda,
2234 5543 2311 5593 De
2337 5536 2745 5593 tabernaculo:
2781 5555 2806 5586 «
2826 5532 2969 5597 Quia
3000 5532 3190 5589 solent
3216 5534 3434 5591 milites
3469 5535 3681 5592 habere

2034 5628 2243 5693 lineas,
2260 5643 2407 5697 quas
2429 5625 2704 5681 camisias
2720 5629 2945 5680 vocant.
2965 5645 2987 5675 ι
3012 5622 3227 5677 Eadem
3242 5639 3348 5679 vox
3361 5624 3573 5695 saepius
3589 5640 3690 5679 oc-

2036 5716 2222 5773 currit
2250 5719 2371 5772 tam
2405 5731 2507 5787 pro
2538 5712 2787 5770 camisia
2814 5710 3061 5783 vulgari,
3083 5727 3259 5782 quam
3274 5713 3541 5784 prolinea
3562 5710 3693 5766 exi-
