4156 6328
571 391 675 446 427

1290 382 1795 441 ONOMASTIGON
1834 382 2085 436 RERUM
2122 383 2216 435 ET
2251 378 2650 439 VERBORUM
2687 387 3255 442 DlFFlClLIORUM.

3828 393 3915 447 428

568 525 621 572 et
667 514 873 579 linteis,
925 516 1035 568 etc.
1066 511 1285 581 Nempe
1315 505 1645 584 ἐνταφιάζειν
1673 522 1873 562 curare
1898 507 2068 576 [unus
2089 520 2206 560 cre-
2238 509 2290 574 Α
2321 506 2726 563 occultissimas
2793 509 3042 579 justltire
3088 508 3410 564 sinceritati
3482 510 3773 567 distribuit.
3820 517 3919 570 Ali-

574 604 724 660 didit
753 603 908 657 idem
936 617 1061 656 esse
1117 599 1272 671 quod
1308 596 1554 667 θάπτειν,
1585 596 1846 668 sepelire.
1883 595 2064 665 Atqui
2100 609 2222 650 non

573 697 799 765 poterat
828 690 1064 763 sepeliri
1087 705 1298 760 corpus
1321 693 1637 759 antequam
1668 685 2078 741 involveretur.
2106 684 2218 738 Re-

573 788 701 838 ctus
722 782 863 837 ordo
885 797 1101 846 curare,
1126 779 1318 834 lavare
1332 782 1389 832 et
1412 792 1632 848 ungere
1654 791 1890 845 corpus,
1918 773 2103 828 linteis
2128 774 2220 827 in-

572 872 811 935 volvere,
833 874 891 925 et
913 869 1202 939 deponere,
1229 883 1329 922 seu
1353 866 1620 937 sepelire.
1647 864 1952 935 Proprium
1975 865 2217 917 verbum

573 961 710 1015 huic
728 960 807 1014 rei
826 960 1049 1013 funebri
1065 955 1605 1024 curareLatinis,uti
1621 954 1836 1009 Graecis
1856 950 2218 1028 ἐνταφιάζειν.

643 1049 806 1114 Quod
837 1053 980 1103 Gen.
1040 1065 1076 1102 ι.
1110 1048 1164 1114 2,
1198 1051 1284 1101 est
1314 1045 1693 1115 Praecepitque
1749 1042 2011 1114 (Joeeph)
2044 1042 2218 1095 servis

571 1140 687 1195 suis
713 1138 965 1201 medicis,
1000 1139 1057 1192 ut
1091 1136 1432 1191 aromatibus
1461 1134 1748 1188 condirent
1771 1140 2033 1204 patrem;
2080 1129 2219 1185 LXX

574 1229 795 1283 habent
830 1244 842 1281 :
872 1224 969 1279 Καὶ
986 1224 1306 1300 προσέταξεν
1330 1223 1530 1298 Ἰωσήφ
1561 1226 1676 1282 τοῖς
1696 1221 1882 1274 παισὶν
1912 1218 2077 1272 αὐτοῦ
2100 1222 2218 1278 τοῖς

574 1316 943 1393 ἐντεφιασταῖς
974 1312 1416 1389 ἐνταφιασαι,τὸν
1454 1308 1861 1385 πατέρααύτοῦ.
1894 1310 2221 1380 Ειρνκσορίι

568 1406 765 1478 Ioseph
795 1408 972 1461 servis
1024 1404 1140 1459 suis
1197 1402 1614 1473 funeraloribus
1670 1406 1952 1470 [uncrare
2005 1402 2220 1468 patrem

567 1513 730 1552 suum
756 1514 769 1563 ;
803 1495 881 1549 ibi
908 1494 1045 1550 olim
1069 1497 1193 1548 erat
1214 1493 1609 1563 sepultoribus.
1632 1487 2091 1559 Augustinus,in
2115 1487 2220 1540 Lo-

570 1590 689 1640 cut.
727 1602 740 1638 :
774 1584 1154 1654 Sepultorz'bus
1187 1597 1201 1635 :
1240 1602 1265 1631 ‹‹
1296 1581 1420 1635 Non
1456 1578 1681 1633 invenit
1736 1577 1939 1647 lingua
1992 1576 2217 1643 Latina,

570 1674 1065 1745 quemadmodum
1080 1669 1399 1743 appellaret
1413 1666 1572 1742 ἐνταφ
1584 1663 1917 1733 ίαστάς,Νοιι
1931 1664 2086 1719 enim
2106 1663 2219 1734 ipsi

569 1764 879 1835 sepeliunt,
903 1763 959 1816 id
983 1767 1262 1830 est,terra2
1291 1760 1573 1813 mandant
1593 1773 1836 1827 corpora
1852 1759 2217 1809 mortuorum

572 1854 725 1923 quod
761 1869 875 1907 non
907 1857 997 1906 est
1026 1852 1217 1905 Graece
1248 1846 1566 1922 ἐνταφιασαν
1597 1847 1696 1901 sed
1729 1841 2047 1913 ἔθαψαν.ΙΙΙί
2080 1858 2217 1911 ergo

571 1940 911 2013 ἐνταφιασταὶ
931 1942 985 1994 id
1016 1943 1219 2009 agunt,
1238 1938 1392 2008 quod
1411 1936 1720 1991 exhibetur
1744 1933 2086 2004 corporibus
2108 1932 2215 1985 hu-

573 2031 826 2095 mandis,
842 2029 930 2084 vel
954 2028 1302 2095 condiendo,
1320 2025 1409 2081 vel
1432 2022 1827 2091 siccando,vel
1852 2020 2213 2086 involvendo,

570 2125 627 2174 et
640 2120 956 2191 alligando;
973 2118 1029 2171 in
1046 2133 1162 2189 quo
1176 2131 1350 2187 opere
1367 2114 1621 2169 maxime
1636 2111 2033 2183 Egypliorum
2046 2150 2059 2174 ,
2076 2126 2216 2164 cura

569 2208 868 2280 praecellit.
893 2206 1054 2273 Quod
1085 2221 1220 2277 ergo
1253 2202 1415 2269 dicit,
1437 2202 1614 2256 etiam
1640 2199 2020 2271 sepelierunt,
2048 2213 2212 2252 cura-

568 2302 772 2351 verunt
803 2294 1128 2366 intelligere
1158 2294 1461 2348 debemus.
1492 2314 1518 2341 »

637 2388 792 2441 Idem
824 2389 1066 2439 tractatu
1100 2383 1291 2453 priore
1344 2380 1424 2437 De
1483 2379 1904 2436 resurrectione
1953 2379 2213 2432 mortuo-

569 2492 721 2543 rum,
757 2491 805 2529 c.
846 2475 911 2528 12
946 2490 957 2527 :
993 2495 1020 2523 ‹‹
1052 2470 1306 2543 Egyptii
1335 2469 1649 2541 diligenter
1688 2472 1901 2523 curant
1932 2467 2214 2522 cadavera

568 2569 995 2619 mortuorum.»
1020 2561 1158 2616 Pius
1178 2560 1481 2631 episcopus
1506 2558 1802 2613 Romanus
1826 2560 1909 2627 (ut
1933 2556 2212 2624 creditur)

567 2655 637 2708 ad
661 2654 897 2709 Justum
922 2651 1255 2722 episcopum
1276 2644 1946 2717 Viennensem,epistola
1967 2646 2018 2698 2:
2035 2648 2214 2700 «Cura

570 2747 765 2797 autem
788 2744 1121 2796 sanctorum
1144 2740 1460 2808 Martyrum
1486 2752 1750 2807 corpora,
1774 2734 1925 2789 sicut
1948 2733 2214 2788 membra

572 2833 693 2898 Dei,
725 2828 1226 2901 quemadmodum
1279 2829 1629 2881 curaverunt
1672 2822 1921 2894 apostoli
1964 2820 2212 2891 Stepha-

1905 2911 2214 2981 Imperavit

569 3026 781 3081 aquam
812 3006 991 3062 simul
1018 3006 1224 3062 1023
1256 3008 1313 3059 et
1336 3004 1492 3076 ligna
1519 3002 1765 3058 conferri
1788 3000 2045 3056 curando
2077 3015 2212 3055 mox

568 2937 733 2977 num.
766 2939 794 2971 ιι
832 2917 1165 2981 Suetonius,
1198 2915 1444 2982 Nerone,
1477 2930 1602 2983 cap.
1651 2913 1717 2966 49
1770 2928 1781 2965 :
1815 2935 1843 2962 κ

2325 598 2556 666 quando
2587 602 2779 653 autem
2815 596 2995 654 iidem
3046 598 3278 654 nefandi
3330 598 3569 670 spiritus
3596 602 3775 669 etiam,
3815 620 3923 674 quas

2325 687 2432 758 ipsi
2466 690 2667 744 facturi
2701 697 2858 759 sunt,
2891 689 3048 745 velut
3079 689 3396 745 divinando
3437 691 3753 762 praedicunt.
3798 695 3922 758 Qua-

2324 783 2563 848 propter
2601 779 2752 834 bono
2805 778 3136 833 Christiano
3195 779 3316 835 sive
3375 778 3771 850 mathematici,
3824 782 3922 839 sive

2325 866 2575 935 quilibet
2608 866 2784 937 impie
2815 867 3233 934 divinantium,
3267 868 3511 923 maxime
3538 868 3773 924 dicentes
3806 884 3921 926 vera

2324 955 2564 1009 cavendi
2596 962 2755 1024 sunt,
2785 970 2858 1010 ne
2896 956 3187 1011 consortio
3241 956 3648 1010 daamomorum
3699 959 3923 1013 animum

2325 1044 2623 1115 deceptam
2660 1050 2832 1116 pacto
2864 1048 3117 1116 quodem
3150 1046 3445 1100 societatis
3476 1046 3747 1102 irretiant.
3780 1071 3799 1098 ι

2411 1134 2593 1201 Idem,
2628 1141 2787 1190 tomo
2820 1136 2918 1201 IlI,
2949 1134 3049 1190 lib.
3079 1149 3158 1189 χιι
3190 1134 3270 1190 De
3298 1134 3503 1189 Genesi
3535 1135 3601 1189 ad
3622 1136 3747 1201 titt.,
3769 1153 3809 1190 c.
3840 1139 3924 1191 t7:

2328 1244 2357 1271 «
2397 1226 2678 1278 Caeterum
2707 1224 2925 1278 alicubi
2959 1225 3129 1295 longe
3164 1226 3287 1293 jam
3315 1224 3465 1279 facta
3491 1227 3638 1294 quod
3670 1226 3924 1295 nuntiant,

2328 1329 2460 1385 quas
2494 1323 2619 1383 post
2650 1314 2871 1384 aliquot
2900 1314 3021 1369 dies
3051 1330 3183 1369 vera
3214 1328 3336 1369 esse
3378 1314 3693 1381 ﬁrmentur,
3722 1330 3824 1372 non
3857 1323 3930 1370 est

2325 1404 2687 1459 mirandum.
2724 1406 2977 1458 Possunt
3008 1404 3161 1458 enim
3197 1404 3305 1459 hoc
3334 1404 3577 1470 efﬁcere,
3610 1420 3718 1459 non
3768 1405 3927 1459 solum

2324 1492 2645 1547 acrimonia
2677 1493 2954 1547 cernendi
2986 1492 3164 1547 etiam
3186 1492 3471 1562 corporali
3500 1491 3931 1562 incomparabili-

2325 1588 2410 1635 ter
2438 1582 2835 1651 praestantiore
2869 1594 3040 1651 quam
3075 1588 3274 1635 nostra
3304 1585 3407 1647 est,
3443 1581 3540 1635 sed
3588 1583 3749 1635 etiam
3799 1580 3930 1651 ipso-

2325 1685 2453 1724 rum
2486 1684 2793 1739 corporum
2825 1669 2999 1741 longe
3032 1668 3621 1738 utiqussubtiliorum
3646 1672 3783 1724 mira
3798 1670 3931 1724 velo-

2324 1761 2512 1815 citate.
2538 1761 2943 1829 Comperimus
2972 1759 3147 1814 etiam
3181 1760 3239 1815 in
3272 1762 3443 1815 domo
3473 1761 3832 1814 constitutum
3851 1776 3934 1829 pa-

2324 1849 2561 1903 tientem
2588 1848 2857 1919 spiritum
2881 1847 3277 1917 immundum,
3302 1849 3495 1903 dicere
3516 1847 3711 1912 solere,
3734 1847 3934 1918 quando

2324 1936 2394 1988 ad
2427 1951 2561 1989 eum
2630 1935 2831 1990 venire
2889 1935 3160 2005 coepisset
3208 1951 3277 1990 ex
3334 1935 3639 1990 duodecim
3690 1933 3934 2003 millibus,

2320 2024 2643 2095 presbyter,
2676 2030 2734 2079 et
2764 2041 2865 2094 per
2893 2025 3089 2080 omnia
3121 2025 3251 2080 loca
3279 2024 3510 2079 itineris
3542 2024 3635 2078 ubi
3682 2027 3842 2091 esset,
3891 2027 3935 2076 et

2321 2128 2499 2181 quam
2531 2113 2972 2183 prOpinquaret,
3031 2125 3085 2167 et
3143 2114 3380 2182 quando
3444 2113 3845 2184 ingrederetur,
3890 2113 3937 2164 et

2321 2203 2595 2268 fundum,
2627 2209 2680 2257 et
2708 2204 2973 2269 domum,
3005 2206 3061 2258 et
3090 2202 3457 2271 cubiculum,
3489 2204 3669 2256 donec
3699 2202 3753 2255 in
3782 2216 3933 2256 cons-

2320 2298 2485 2362 pectu
2512 2292 2639 2361 ejus
2671 2296 2905 2347 astaret.
2943 2294 3077 2357 Quae
3110 2292 3308 2347 omnia
3341 2292 3455 2347 etsi
3491 2307 3606 2347 non
3647 2291 3819 2347 oculis
3848 2308 3937 2362 pa-

2319 2380 2467 2436 tiens
2494 2380 2594 2436 ille
2624 2382 2893 2435 cernebat
2928 2395 2942 2447 ;
2979 2386 3173 2436 tamen
3200 2382 3311 2435 nisi
3340 2381 3542 2451 aliquo
3576 2383 3736 2435 modo
3766 2396 3937 2435 cerne-

2319 2476 2422 2540 ret,
2448 2488 2562 2526 non
2595 2475 2715 2526 tam
2750 2472 3022 2525 veraciter
3052 2471 3401 2525 enuntiaret.
3440 2473 3576 2526 Erat
3608 2476 3791 2527 autem
3844 2470 3938 2525 ista

2318 2559 2592 2627 febriens,
2627 2569 2679 2614 et
2711 2565 2987 2627 tanquam
3018 2559 3076 2613 in
3110 2560 3383 2629 phrenesi
3412 2560 3526 2615 ista
3554 2559 3789 2614 dicebat.
3824 2580 3847 2607 ››

2392 2650 2572 2716 Idem,
2600 2654 2759 2705 torno
2793 2650 2889 2716 ΙΙΙ,
2923 2648 3024 2703 lib.
3060 2649 3141 2703 De
3172 2650 3350 2703 divin.
3387 2650 3738 2715 dwmonum,
3769 2664 3883 2718 cap.
3914 2647 3942 2699 4

2316 2741 2371 2794 et
2398 2740 2452 2807 5,
2489 2740 2758 2808 pra-clare
2789 2755 2852 2793 ea
2885 2739 2957 2793 de
2989 2754 3050 2794 re
3083 2738 3352 2807 inquirit.

2388 2828 2568 2897 Idem,
2606 2827 2705 2883 lib.
2735 2828 2781 2881 ΙΙ
2816 2827 2893 2883 De
2920 2827 3028 2883 civ.
3061 2827 3185 2893 Dei,
3216 2844 3345 2899 cap.
3376 2830 3471 2895 24,
3507 2830 3579 2883 de
3619 2844 3775 2884 servo
3805 2824 3942 2882 Lucii

2316 2918 2504 2974 Pontii
2522 2935 2619 2988 per
2634 2920 2957 2974 daemonem
2982 2919 3387 2975 vaticinantis:
3415 2942 3441 2970 «
3465 2920 3687 2991 Adjecit
3704 2933 3941 2974 arsurum

2313 3024 2443 3064 esse
2472 3009 2839 3080 Capitolium.
2865 3009 2983 3064 Hoc
3005 3024 3139 3065 cum
3164 3010 3433 3080 dixisset,
3456 3011 3738 3066 continuo
3767 3023 3941 3081 egres-

567 3101 851 3158 cadaveri.
887 3121 915 3149 ››
948 3098 1313 3170 Spartianus,
1374 3096 1434 3152 in
1492 3094 1784 3151 Hadriano
1835 3110 1849 3147 :
1884 3113 1910 3141 ‹‹
1967 3090 2211 3145 Curasse
2313 3116 2411 3155 sus
2441 3099 2724 3167 ecastrls,
2760 3108 2987 3171 postera
3016 3100 3108 3155 die
3138 3100 3489 3157 concitatior
3512 3115 3771 3156 reversus
3794 3103 3943 3165 est,et

570 3190 876 3253 delicatos,
899 3188 1252 3257 eosdemque
1284 3185 1582 3256 sepelisse.
1618 3205 1645 3231 ιι
1680 3182 1804 3237 Nisi
1836 3180 1934 3235 ille
1974 3179 2207 3249 capien-

565 3281 676 3335 dus
696 3279 773 3334 sit
795 3278 864 3333 de
884 3293 1024 3333 cura
1041 3273 1386 3346 depilatoria
1406 3272 1843 3338 catamitorum,
1867 3269 2207 3339 legeturque

568 3384 712 3440 saepe
770 3368 918 3424 lisse.
980 3365 1354 3437 Eginhartus,
1416 3362 1474 3416 in
1541 3361 1667 3417 Vita
1723 3358 1911 3415 Caroli
1972 3356 2208 3426 Magni:

571 3481 599 3508 «
633 3460 855 3529 Corpus
888 3471 1050 3511 more
1081 3452 1331 3509 solemni
1359 3451 1546 3508 lotum
1580 3455 1637 3506 et
1666 3456 1954 3505 curatum.
1992 3470 2014 3499 ι

636 3550 930 3601 Cosmus.
963 3541 1320 3611 Heraclides,
1357 3557 1482 3612 cap.
1515 3541 1550 3592 7
1584 3557 1595 3593 :
1633 3562 1659 3588 ι(
1696 3538 1961 3606 Moyseus
2012 3552 2211 3591 servus

567 3636 816 3705 alicujus
847 3632 1085 3689 curialis
1112 3639 1251 3688 erat.
1284 3654 1306 3684 ι
1346 3632 1411 3686 In
1445 3628 1724 3695 Palladio,
1757 3644 1881 3697 cap.
1904 3627 1997 3692 22,
2028 3630 2136 3691 est,

565 3724 728 3793 κὲτης
772 3722 1019 3797 ὑπῆρχεν
1051 3718 1483 3789 πολιτευομένου
1530 3715 1701 3778 τινός.
1747 3717 1924 3772 Vetus
1968 3712 2209 3769 Palladii

568 3814 863 3883 Lausiaca,
896 3830 1023 3884 cap.
1059 3812 1123 3866 14
1159 3829 1171 3865 :
1206 3832 1232 3860 «
1269 3809 1491 3880 Moyses
1524 3823 1728 3863 servus
1758 3806 2063 3876 cujusdam
2097 3802 2209 3857 fuit

564 3903 818 3960 curialis.
853 3924 881 3951 »
904 3901 1277 3958 Innocentius
1300 3899 1342 3965 Ι,
1368 3898 1537 3969 epist.
1561 3898 1619 3962 2,
1643 3896 1713 3952 ad
1736 3893 2073 3949 Victricium
2094 3891 2203 3947 Ro-

558 3992 818 4061 thomag.
852 3988 1213 4060 episcopum,
1248 4002 1373 4053 cap.
1412 3985 1465 4037 11
1501 4001 1566 4039 ;‹‹
1592 3983 1946 4053 Frequenter
1970 3981 2202 4052 quidam

558 4095 625 4134 ex
649 4078 929 4133 fratribus
954 4072 1441 4140 nostris,euriales
1464 4072 1547 4126 vel
1573 4068 1929 4141 quibuslibet
1957 4068 2204 4139 publicis

557 4165 954 4220 functionibus
976 4160 1760 4232 occupatos,ctericosfacere
1783 4159 2195 4213 contendunt.-

551 4260 702 4308 Sunt
732 4254 982 4309 curiales
1013 4252 1110 4321 qui
1139 4252 1315 4306 curiis
1337 4250 1570 4321 ascripti
1601 4252 1786 4316 erant,
1812 4248 2058 4302 Glossee:
2093 4246 2196 4302 Cu-

553 4345 744 4409 rialz’s,
759 4339 1082 4415 βουλευτὴς,
1120 4338 1495 4413 βουλευτικός.

605 4428 2195 4500 ΟιῬιιοΝιεΜυεὸυυιιιυὶεῃρΙιοηίεηιωηνθιὶιιῐᾱοεονὶὺί

547 4539 580 4575 a
610 4525 812 4575 sancto
852 4518 1202 4588 Hieronymo
1237 4517 1295 4572 in
1326 4517 1455 4571 Vita
1476 4521 1665 4573 sancti
1698 4516 1856 4572 Pauli
1881 4518 2052 4588 primi
2076 4534 2192 4572 ere-

2319 3189 2663 3259 Capitolium
2697 3189 2915 3245 arsisse
2943 3190 3235 3245 clamavit.
3270 3192 3500 3246 Arseral
3534 3196 3727 3246 autem
3780 3204 3949 3243 revera

2320 3278 2683 3346 Capitolium.
2708 3278 2869 3341 Quod
2890 3278 3118 3347 quidem
3134 3278 3381 3334 daemoni
3400 3288 3456 3333 et
3480 3279 3787 3349 pravidcre
3807 3276 3953 3332 facile

2320 3367 2449 3433 fuit,
2480 3372 2538 3422 et
2565 3366 2865 3423 celerrime
2897 3367 3182 3423 nuntiare.
3220 3388 3246 3417 ι)
3277 3368 3375 3422 Sic
3406 3367 3510 3425 lib.
3536 3385 3665 3436 vm,
3699 3383 3818 3437 cap.
3867 3365 3945 3430 23,

2318 3457 2486 3511 docet
2516 3458 2663 3512 uude
2692 3457 2930 3512 Hermes
2962 3456 3387 3527 Trismagistus
3419 3458 3574 3513 scire
3604 3456 3947 3530 potueritsu-

2316 3546 2687 3616 perstitiones
2723 3545 3087 3617 [Egyptiacas
3110 3545 3487 3601 auferendae.
3516 3547 3580 3601 Et
3614 3546 3654 3601 l.
3690 3563 3762 3600 Ix.
3795 3561 3841 3598 c.
3868 3542 3945 3604 22,

2314 3635 2621 3707 distinguit
2646 3636 2797 3691 inter
2825 3635 3130 3690 scientiam
3158 3638 3493 3691 daemonum
3527 3640 3587 3692 et
3614 3635 3948 3707 angelorum.

2315 3725 2462 3793 quod
2498 3723 2689 3795 angeli
2723 3744 2751 3774 ‹‹
2781 3724 2996 3779 certius
3031 3723 3381 3794 temporalia
3414 3730 3473 3780 et
3496 3724 3800 3780 mutabilia
3854 3722 3952 3775 ista

2315 3820 2615 3879 noverunt,
2651 3814 2786 3883 quia
2816 3827 3027 3867 eorum
3063 3812 3414 3883 principales
3448 3829 3667 3870 causas
3699 3814 3755 3869 in
3786 3809 3951 3867 Verbo

2315 3900 2410 3955 Dei
2442 3900 2829 3969 conspiciunt,
2864 3917 2965 3971 per
2995 3902 3146 3971 quod
3174 3902 3367 3956 factus
3401 3908 3497 3959 est
3518 3903 3778 3958 mundus
3800 3918 3812 3955 :
3836 3899 3949 3969 qui-

2311 3987 2420 4043 bus
2449 3989 2640 4042 causis
2673 3989 2937 4058 qmedam
2976 3990 3319 4058 probantur,
3344 3991 3625 4060 quaedam
3659 3986 3952 4060 reproban-

2307 4081 2423 4142 tur,
2458 4084 2667 4131 cuncta
2696 4078 3063 4133 ordinantur.
3088 4078 3396 4135 Daemones
3424 4083 3627 4135 autem
3662 4094 3773 4134 non
3802 4083 3946 4131 aeter-

2307 4182 2411 4221 nas
2441 4171 2769 4237 temporum
2803 4182 3031 4231 causas,
3065 4172 3121 4221 et
3150 4169 3598 4237 quodammodo
3648 4161 3948 4222 cardinales

2307 4254 2365 4309 in
2401 4256 2499 4311 Dei
2536 4255 2822 4326 sapientia
2852 4255 3348 4327 contemplantur,
3414 4258 3522 4313 sed
3585 4254 3949 4327 quorumdam

2301 4345 2605 4416 signorum
2628 4344 2793 4400 nobis
2812 4344 3170 4400 occultorum
3190 4346 3399 4415 majori
3417 4345 3785 4419 experientia
3811 4339 3948 4397 mul-

2300 4438 2359 4489 to
2392 4433 2556 4503 plura
2588 4449 2762 4503 quam
2794 4434 3065 4489 homines
3096 4434 3297 4490 futura
3325 4437 3736 4505 prospiciunt,
3767 4435 3949 4502 dispo-

2299 4521 2538 4578 sitiones
2568 4538 2797 4592 quoque
2828 4540 2966 4578 suas
2997 4523 3307 4594 aliquando
3337 4525 3761 4593 praenuntiant.
3793 4520 3948 4578 Deni-

546 4612 723 4677 mitae,
754 4624 917 4663 num.
950 4608 985 4659 2
1013 4623 1026 4661 :
1054 4627 1080 4655 «
1106 4606 1620 4677 Martyremjnssit
1642 4607 1813 4661 melle
1836 4607 2101 4677 perungi,
2128 4612 2185 4660 ct
2217 4596 2264 4661 D
2295 4626 2405 4682 que
2435 4628 2583 4683 saepe
2617 4612 2735 4679 isti,
2770 4628 3073 4683 nunquam
3108 4612 3191 4666 illi
3221 4614 3467 4669 omnino
3502 4614 3855 4670 falluntur.»

544 4696 653 4751 sub
667 4693 1075 4751 ardentissimo
1100 4692 1508 4764 sole,re|igatis
1524 4700 1653 4764 post
1671 4698 1895 4764 tergum
1914 4696 2183 4749 manibus

537 4784 886 4856 resupinari,
919 4781 1141 4839 scilicet
1173 4787 1236 4837 ut
1264 4799 1601 4837 muscarum
1634 4782 1850 4839 aculeis
1880 4785 2125 4839 cederet.
2155 4806 2177 4835 υ

534 4875 680 4931 Vide
709 4874 1071 4943 Gallonium,
1105 4878 1181 4928 De
1213 4874 1544 4941 tormentis,
1573 4891 1699 4945 cap.
1736 4875 1785 4932 1.

606 4966 923 5021 DxEMONUM
957 4980 1295 5019 PREDICTIO.
1346 4968 1519 5020 Recte
1550 4964 1620 5019 de
1676 4980 1744 5019 ea
1802 4964 2181 5019 ratiocinator

534 5061 765 5111 sanctus
798 5054 1103 5120 Antonius,
1131 5056 1195 5108 ut
1221 5053 1470 5109 habetur
1491 5054 1631 5108 Vitae
1651 5054 1778 5122 ejus
1801 5070 1925 5123 cap.
1956 5056 2039 5109 17.
2059 5057 2179 5109 Au-

530 5145 797 5212 gustinus
828 5159 982 5210 vero,
1015 5146 1171 5196 tomo
1197 5141 1296 5210 IlI,
1331 5140 1431 5196 lib.
1468 5159 1504 5196 ιι
1537 5143 1605 5197 de
1637 5141 1779 5198 Gen.
1804 5143 1873 5198 ad
1896 5144 2179 5210 litteram,

530 5245 580 5282 c.
616 5230 703 5299 l7,
734 5231 811 5284 ita
840 5246 903 5285 ea
934 5231 1004 5284 de
1036 5244 1096 5282 re
1126 5228 1383 5283 disserit:
1419 5251 1447 5277 «
1482 5230 1701 5294 Quibus
1732 5232 1996 5299 quaedam
2019 5247 2173 5299 vera,

529 5319 597 5373 de
616 5317 1027 5386 temporalibus
1052 5318 1221 5372 rebus
1246 5333 1416 5373 nosse
1430 5318 2023 5389 permittitur,partim
2044 5321 2177 5390 quia

527 5404 851 5460 subtilioris
887 5421 1091 5460 sensus
1124 5405 1413 5471 acumine,
1434 5406 1647 5476 partim
1674 5406 1814 5476 quia
1835 5407 2176 5479 corporibus

520 5492 919 5548 subtilioribus
948 5492 1166 5563 vigent,
1201 5495 1412 5561 partim
1447 5494 1799 5565 experientia
1847 5496 2170 5564 callidiore,

519 5589 755 5654 propter
775 5588 893 5636 tam
912 5597 1181 5651 magnam
1198 5582 1619 5653 longitudinem
1642 5583 2010 5653 vitae,partim
2034 5604 2167 5642 san-

520 5673 623 5728 clis
654 5671 1069 5743 angelis,quod
1101 5670 1212 5740 ipsi
1241 5672 1313 5725 ab
1345 5675 1741 5744 omnipotente
1770 5671 1884 5728 Deo
1915 5676 2168 5742 discunt,

516 5762 687 5819 etiam
701 5764 724 5833 j
738 5778 868 5818 ussu
888 5762 979 5832 eju
992 5778 1013 5815 s
1030 5759 1071 5814 si
1085 5759 1139 5812 bi
1158 5760 1673 5835 reveluntibus,qui
1694 5766 1898 5822 merita
1912 5767 2167 5825 humana

2365 4699 2677 4755 DEMONUM
2712 4717 3112 4756 EXSUFFLATIO.
3146 4701 3303 4757 Nihil
3336 4703 3720 4774 frequentius
3743 4702 3800 4756 in
3826 4714 3950 4753 sane

2289 4792 2515 4843 ctorum
2552 4790 2727 4860 gestis
2758 4790 3071 4845 daemonum
3088 4791 3539 4860 exsufﬂaliones,
3558 4792 3949 4862 insufﬂationc,

2288 4877 2681 4949 inspututione.

2363 4966 2443 5021 De
2477 4967 2888 5022 exsutﬂatione
2917 4967 3101 5023 habes
3134 4967 3195 5022 in
3231 4968 3353 5023 Vita
3386 4970 3735 5035 Paohomii,
3782 4966 3953 5039 capite

2288 5056 2514 5111 decimo
2548 5058 2799 5127 septimo
2834 5073 2847 5111 :
2890 5076 2910 5104 ι
2946 5057 3052 5122 Qui
3086 5058 3257 5128 signo
3280 5060 3481 5114 crucis
3506 5061 3768 5116 frontem
3794 5070 3947 5112 suam

2288 5146 2556 5199 muniens
2584 5144 2907 5198 cxsufﬂavit
2939 5144 2996 5198 in
3026 5161 3182 5213 eum,
3216 5162 3479 5216 moxque
3516 5150 3765 5220 fugatus
3794 5151 3891 5200 est.
3928 5164 3951 5189 ››

2286 5233 2554 5304 Etcapite
2576 5234 2643 5286 48
2671 5248 2720 5287 ;α
2748 5232 2815 5287 Et
2838 5232 3152 5287 exsutﬂans
3172 5234 3230 5287 in
3261 5251 3399 5288 eum
3425 5234 3609 5290 dixit.
3639 5259 3667 5286 ››
3696 5236 3947 5296 Ιι-θιιεθιις,

2286 5321 2433 5377 libro
2465 5322 2673 5391 primo,
2709 5320 2901 5391 capite
2936 5338 3091 5378 nono
3123 5338 3135 5376 :
3170 5344 3197 5370 ‹‹
3224 5322 3353 5377 Jam
3382 5340 3555 5393 vero,
3590 5323 3859 5397 quaedam
3889 5335 3949 5375 ex

2285 5411 2642 5467 ﬁdelissimis
2676 5410 3044 5482 mulieribus,
3068 5428 3196 5482 quae
3227 5411 3453 5467 habent
3483 5414 3761 5471 timorem
3786 5411 3881 5468 Dei
3902 5413 3954 5463 et

2284 5520 2399 5558 non
2431 5510 2563 5556 sunt
2593 5500 2964 5568 seducibiles,
2993 5518 3133 5573 quas
3155 5500 3431 5556 similiter
3452 5512 3520 5559 ut
3544 5504 3804 5575 reliquas
3821 5500 3951 5558 alle-

2286 5594 2465 5646 ctavit
2482 5590 2782 5657 seducere,
2801 5591 3022 5661 jubens
3045 5607 3139 5645 eas
3165 5590 3555 5661 prophetare,
3584 5593 3953 5649 exsufﬂanles

2280 5693 2333 5738 et
2352 5680 2912 5737 anatheinatizantes
2931 5698 3063 5737 eum
3080 5688 3515 5750 separaverunt
3535 5700 3603 5737 se
3617 5684 3693 5737 ab
3712 5684 3952 5753 ejusmo-

2278 5773 2335 5826 di
2359 5771 2620 5826 insano.»
2635 5771 2793 5834 Quod
2814 5769 2906 5826 hic
2929 5774 3014 5826 est
3033 5771 3646 5840 exsulﬂantesﬁraece
3665 5770 3816 5842 apud
3834 5766 3951 5839 Epi-
