4156 6328
258 358 377 411 437

1001 357 1515 416 ONOMASTICON
1554 362 1814 415 RBRUM
1853 360 1946 413 ET
1981 358 2383 414 VERBORUH
2419 358 2978 414 DIFFICILIORUM.

3590 355 3695 409 438

254 485 717 553 deamplu'lliyro
739 498 844 539 seu
870 483 1313 556 diptychoopere
1350 487 1564 541 Hunico
1612 486 1759 540 facto
1786 485 1928 551 ;nisi
1961 491 2014 551 Α
2048 485 2289 550 rituum,
2325 500 2501 555 quam
2542 501 2689 538 δειοω
2742 484 2886 553 legis
2936 499 3150 555 gnaros
3199 482 3694 550 observantesque

257 574 447 629 malis
478 575 551 629 de
581 573 707 628 velo
737 589 873 628 cum
920 574 1051 629 aliis
1084 590 1311 644 capere.

340 662 480 719 Tale
511 679 583 718 ex
613 664 788 718 ebore
820 662 1147 733 diptichum
1199 663 1414 718 vidisse
1464 679 1552 719 me
1600 663 1837 719 memini
1870 663 1929 718 in

252 753 515 808 ecclesia
546 752 733 807 sancti
772 752 1069 806 Lamberti
1095 752 1315 820 Leodii,
1340 752 1435 808 cui
1456 752 1682 823 aliquot
1703 757 1931 809 sancto-

259 846 402 897 rum
437 850 491 897 et
524 842 918 911 quorumdam
951 841 1368 913 episcoporum
1386 843 1931 913 nominaiuscripta

254 936 426 986 sunt.
464 930 715 985 Videtur
744 947 811 985 ex
842 930 1396 1000 profanoconsulari
1429 930 1931 1002 diptycho,qualia

250 1020 321 1074 in
336 1022 402 1074 ed
416 1020 596 1074 itione
612 1034 863 1074 muneru
876 1036 931 1074 m
946 1018 1407 1090 amicisimittere
1428 1018 1701 1075 consules
1714 1019 1925 1089 solent,

245 1115 317 1163 ut
336 1126 523 1180 supra
543 1107 735 1177 attigi,
758 1108 811 1162 in
832 1107 1552 1180 ecclesiasticumdiptych
1570 1125 1666 1164 um
1682 1108 1927 1165 transla-

242 1204 400 1252 tum.
430 1198 584 1253 Sane
619 1213 830 1252 nomen
858 1197 1162 1253 Saviniani
1194 1214 1297 1253 seu
1329 1198 1632 1253 Sabiniani
1666 1198 1923 1253 consulis

239 1286 610 1357 inscriptum
645 1286 950 1357 habet,qui
982 1286 1189 1342 consul
1214 1286 1321 1342 fuit
1340 1304 1494 1342 anno
1527 1287 1762 1343 Domini
1793 1288 1917 1351 505,

240 1375 641 1446 continetque
682 1374 875 1430 varias
905 1377 1298 1447 ﬁguras,quae
1316 1378 1617 1446 profanam
1646 1377 1919 1432 militiam

245 1470 699 1535 spectant,cum
719 1464 821 1519 hac
840 1467 1019 1519 etiam
1056 1465 1480 1534 inscriptione:
1514 1483 1650 1521 com.
1676 1483 1917 1523 μοΜεεΤ.

248 1570 453 1618 ιρυιτ.
482 1554 742 1622 Efﬁgiem
760 1552 1023 1624 diptychi
1046 1553 1225 1623 hujus
1247 1553 1342 1610 hic
1355 1554 1760 1623 subjecissem,
1777 1554 1824 1610 si
1848 1556 1919 1610 ad

248 1659 353 1697 me
376 1648 632 1698 correcta
656 1642 961 1713 inscriptio
980 1643 1329 1698 transmissa
1348 1642 1574 1698 fuisset.
1596 1642 1755 1699 Alias
1774 1644 1920 1699 forte

248 1738 586 1787 correctum
614 1731 940 1800 exprimere
969 1730 1227 1787 dabitur.
1250 1735 1319 1786 Et
1350 1732 1625 1803 diptycha
1646 1732 1915 1788 ecclesia-

2037 574 2291 629 faceret!
2346 573 2710 628 Meminisset
2771 574 2925 642 apud
2994 586 3276 641 magnum
3322 570 3687 643 Dionysium,

2036 680 2209 733 quem
2226 666 2434 720 merito
2449 669 2699 719 veterem
2716 664 2939 719 Patrem
2961 663 3368 718 asseritetiesti
3381 667 3685 727 mat,esse;

2035 750 2237 806 Σκόπει
2263 749 2339 822 δὲ,
2360 751 2441 807 ὅτι
2462 751 2552 807 καὶ
2580 750 2954 824 μνημοσύνοις
2991 752 3160 826 ἱεροῖς
3205 749 3563 813 ἀνατίθενθαι,
3586 756 3687 817 τῆς

2033 839 2174 903 θείας
2200 843 2427 913 μνήμης
2462 842 2563 896 οὐκ
2605 842 2961 911 ἀνθρωπικῶς
2995 839 3045 893 ὲν
3098 843 3165 911 τῇ
3213 842 3311 893 τοῦ
3347 840 3688 909 μνημονικοῦ

2032 931 2292 1006 φαντασίᾳ
2316 928 2692 1002 δηλουμένης,
2717 928 2842 984 ἀλλ’
2867 930 2941 990 ὡς
2970 927 3028 983 ἄν
3051 950 3135 990 τις
3157 927 3313 997 φαίη,
3347 932 3684 997 θεοπρεπῶς,

2029 1020 2166 1074 κατὰ
2200 1021 2299 1088 τὴν
2326 1020 2376 1074 ἐν
2406 1021 2520 1091 Θεῴ
2540 1024 2647 1073 τῶν
2679 1017 3078 1090 τετελεσμένων
3099 1014 3350 1072 omnem
3373 1016 3557 1087 τιμίαν
3592 1015 3681 1069 καὶ

2032 1108 2402 1179 ἀμετάστατον
2433 1113 2654 1184 γνῶσιν.
2690 1110 2868 1181 Ἔγνω
2897 1107 3020 1182 γὰρ,
3056 1105 3155 1178 ἔφη
3215 1106 3280 1159 τά
3329 1104 3522 1179 Λόγια,
3554 1104 3681 1165 τοὺς

2029 1192 2186 1258 ὄντας
2216 1198 2398 1252 αὐτοῦ’
2425 1197 2538 1265 καὶ,
2566 1197 2762 1269 Τίμιος
2784 1196 3019 1251 ἐναντίον
3044 1195 3247 1268 Κυρίου
3274 1195 3300 1248 ὁ
3325 1192 3550 1253 Θάνατος
3571 1193 3677 1245 τῶν

2028 1285 2189 1339 ὁσίων
2215 1286 2400 1344 αὐτοῦ.
2448 1290 2543 1341 τοῦ
2568 1284 2796 1341 Θανάτου
2826 1289 2932 1338 τῶν
2965 1282 3130 1338 ὁσίων
3159 1284 3274 1338 ἀντὶ
3304 1284 3402 1350 τῆς
3434 1281 3486 1335 ἐν
3530 1281 3676 1335 ὁσιό-

2026 1396 2150 1442 τητι
2182 1375 2517 1436 τελειώσεως
2549 1375 2665 1449 sior,
2681 1377 2860 1447 μένου.
2904 1376 3042 1431 ISed
3068 1374 3464 1429 animadverte
3500 1389 3597 1427 eos
3618 1372 3676 1425 in

2027 1467 2209 1520 sacris
2242 1467 2417 1521 etiam
2452 1467 2748 1521 memoriis
2784 1466 2995 1531 inesse,
3034 1482 3146 1520 non
3182 1463 3335 1533 quod
3371 1477 3529 1516 more
3569 1462 3675 1515 ho-

2026 1555 2248 1609 minum
2306 1555 2503 1610 divina
2566 1556 2849 1610 memoria
2919 1554 2975 1608 in
3030 1571 3097 1607 ea
3158 1557 3319 1625 parte
3384 1551 3674 1605 memoria

2022 1660 2150 1712 quae
2208 1644 2335 1699 visa
2390 1644 2815 1715 recipit,inesse
2884 1642 3232 1710 declaretur,
3282 1641 3380 1695 sed
3442 1643 3507 1693 ut
3566 1638 3673 1692 ali-

2020 1733 2150 1802 quis
2183 1733 2336 1787 dicat
2370 1750 2470 1805 pro
2522 1734 2620 1788 Dei
2674 1732 3299 1804 dignitate,pretiosam
3350 1727 3673 1783 immutabi—

247 1838 389 1875 rum
424 1821 543 1875 fere
574 1819 787 1876 eborea
820 1819 1024 1889 fuisse,
1053 1819 1571 1891 colligerequoque
1595 1821 1913 1877 estexFor-
1941 1850 1988 1914 Β
2020 1820 2253 1892 lemque
2284 1822 2341 1876 in
2376 1822 2490 1876 Deo
2521 1839 2723 1877 eorum
2755 1821 3126 1891 quidivinam
3147 1818 3398 1890 speciem
3421 1817 3668 1889 perfecte

242 1914 482 1973 tunato,
516 1909 619 1963 lib.
653 1926 707 1964 x.
741 1925 924 1977 carm,
963 1910 1059 1963 1ος

340 2014 579 2078 Nomina
610 2018 792 2078 vestra
822 2014 969 2078 legat
999 2014 1313 2077 patriarchis
1344 2017 1508 2077 atque
1538 2016 1834 2078 prophetis,

371 2077 469 2126 Cui
506 2078 669 2125 hodie
706 2075 763 2126 in
799 2075 1312 2141 templo'diptychus
1347 2075 1458 2128 edit
1490 2075 1642 2127 ebur.

236 2177 397 2231 Sane
428 2175 712 2248 diptycha
726 2174 865 2230 olim
882 2192 949 2230 ex
964 2175 1259 2246 praestanti
1278 2175 1520 2231 materia
1535 2176 1737 2243 fuisse,
1752 2176 1832 2233 ita
1847 2182 1912 2232 ut

238 2264 441 2336 capsis
474 2264 944 2333 includerentur,
961 2264 1335 2335 colligiturex
1352 2265 1696 2321 Ekkehardo
1709 2266 1911 2322 Junio-

242 2372 333 2417 re,
366 2354 663 2409 coenobita
690 2354 881 2408 sancti
927 2352 1099 2421 Galli,
1151 2354 1222 2408 de
1269 2353 1517 2411 Casibus
1569 2355 1911 2410 monasterii

240 2444 437 2498 sancti
465 2443 619 2498 Galli
652 2442 713 2498 in
730 2443 1101 2508 Alemannis,
1127 2460 1253 2515 cap.
1278 2445 1343 2498 5:
1366 2443 1639 2514 «Capella
1654 2445 1832 2500 citata
1848 2446 1910 2498 fit

240 2533 595 2598 oratorium,
621 2531 678 2585 in
702 2533 857 2602 quod
886 2532 1242 2587 invehuntur
1267 2538 1563 2598 cruces,et
1596 2534 1912 2606 dipty_chiis

242 2639 457 2691 capsas,
492 2637 600 2675 nec
634 2638 748 2676 non
778 2622 1224 2692 etpeneomnis,
1251 2628 1457 2692 prater
1482 2621 1666 2676 libros
1689 2622 1911 2692 reposi-

239 2711 449 2773 torios,
476 2710 739 2765 ecclesiae
768 2709 1105 2766 thesaurus.
1143 2734 1169 2759 υ
1204 2710 1337 2774 Qua:
1361 2711 1543 2766 habes
1570 2709 1909 2766 Alemanni-

248 2816 451 2855 carum
488 2815 686 2854 rerum
720 2804 878 2855 tomo
908 2802 946 2866 Ι,
981 2805 1145 2871 parte
1172 2818 1211 2856 ι.
1248 2800 1353 2856 Ubi
1395 2800 1707 2857 Goldastu
1739 2802 1908 2858 scho-

247 2888 457 2944 liastes
473 2905 577 2959 per
601 2888 1166 2961 diptychainlelligit
1182 2888 1363 2945 libros
1378 2891 1825 2959 anniversarios,
1851 2891 1910 2945 in

246 2978 467 3048 quibus
483 2994 688 3033 eorum
709 2977 950 3033 nomina
964 2978 1305 3049 perscripta,
1323 2978 1423 3049 qui
1438 2996 1541 3049 pro
1556 2995 1673 3034 suae
1689 2979 1909 3049 aliquid

236 3069 449 3121 anime
464 3067 726 3123 remedio
743 3067 1053 3124 monachis
1067 3072 1123 3123 et
1137 3067 1364 3123 clericis
1382 3067 1698 3138 legassent,
1716 3074 1910 3125 custo-

246 3157 356 3211 diae
389 3173 647 3227 quorum
680 3173 871 3227 capsas
903 3156 1029 3211 istis
1055 3160 1290 3227 parata.
1313 3156 1524 3212 Dubito
1544 3174 1613 3212 an
1639 3156 1914 3229 diptycha

2020 1913 2325 1982 praetulere
2338 1918 2420 1976 nt,
2454 1913 2757 1969 scientiam
2778 1912 3090 1983 significat.
3114 1911 3271 1965 Novit
3289 1909 3459 1975 enim,
3474 1908 3669 1979 inquit

2014 2002 2316 2071 Scriptura
2346 2002 2567 2069 divina,
2596 2003 2692 2073 qui
2724 2010 2852 2057 sunt
2880 2002 2998 2071 ejus
3029 2002 3100 2071 (II
3130 2002 3265 2055 Tim.
3291 1999 3377 2070 ιι).
3403 1999 3508 2054 Et:
3536 2000 3666 2052 Pre-

2016 2093 2166 2146 tiosa
2195 2092 2251 2146 in
2275 2100 2561 2161 conspectu
2588 2090 2811 2146 Domini
2838 2106 2988 2145 mors
3016 2096 3329 2144 sanctorum
3349 2088 3465 2156 ejus
3491 2086 3662 2157 (Psal.

2015 2178 2164 2246 cxv).
2201 2177 2386 2233 Morte
2417 2182 2751 2232 sanctorum
2788 2177 3082 2246 dicta,pro
3098 2173 3665 2245 perfectioneinsan-

2016 2267 2233 2325 ctitate.
2270 2289 2295 2314 ››
2330 2266 2699 2321 Meminisset
2730 2267 2800 2321 ab
2830 2264 3232 2321 Ecclesiastico
3255 2262 3499 2327 dictum,
3534 2279 3663 2333 cap.

2015 2372 2180 2409 XLIV:
2216 2356 2524 2412 Laudemus
2552 2358 2697 2411 viros
2737 2354 3004 2425 gloriosos
3050 2359 3099 2409 et
3130 2358 3308 2422 patres
3348 2361 3561 2408 nostra:
3608 2354 3668 2406 in

2015 2448 2367 2514 generatione
2386 2462 2506 2499 sua.
2540 2444 2647 2509 Qui
2680 2445 2756 2499 ibi
2776 2449 2833 2498 et
2859 2443 3242 2513 sequentibus
3259 2442 3550 2512 capitibus
3572 2458 3668 2495 ca-

2017 2534 2277 2604 talogum
2312 2534 2564 2589 virorum
2590 2534 2888 2603 justorum
2922 2532 3082 2588 texit.
3133 2532 3257 2586 Non
3310 2530 3424 2585 huc
3474 2530 3668 2601 potius

2017 2639 2195 2693 quam
2229 2624 2299 2677 ad
2333 2622 2577 2678 Saliaria
2609 2622 2873 2676 carmina
2893 2621 3144 2691 respexit
3170 2625 3334 2675 vetus
3364 2619 3618 2675 Ecclesia
3640 2618 3667 2672 ?

2087 2712 2263 2777 Quin,
2286 2718 2352 2768 ut
2376 2716 2536 2768 notat
2567 2712 2921 2766 .Brouwerus
2946 2715 3146 2765 noster
3166 2710 3236 2764 ad
3266 2710 3661 2773 Fortunatum,

2018 2801 2077 2855 in
2110 2800 2414 2872 Diptychis
2448 2801 2731 2855 librorum
2753 2799 2880 2853 vitae
2900 2800 3216 2871 quamdam
3240 2798 3430 2853 ideam
3453 2800 3663 2853 adum-

2018 2891 2219 2946 brasse
2236 2891 2489 2960 majores
2503 2891 2790 2945 videntur.
2810 2889 2883 2943 Ut
2896 2889 3051 2943 enim
3067 2888 3126 2943 in
3144 2888 3354 2943 horum
3371 2887 3502 2943 albo
3517 2904 3663 2942 non-

2018 2978 2165 3034 nulli
2196 2978 2489 3049 inscripti,
2522 2979 2621 3049 qui
2654 2995 2767 3034 non
2802 2978 3061 3049 perenni,
3095 2979 3193 3032 sed
3228 2977 3383 3032 brevi
3416 2977 3663 3047 justitire

2017 3066 2189 3123 laude
2214 3068 2649 3134 commendati;
2703 3067 2800 3121 alii
2849 3068 2947 3138 qui
2999 3072 3157 3121 certo
3206 3071 3262 3121 et
3310 3066 3663 3122 immutabili

2017 3156 2291 3212 Numinis
2321 3156 2627 3211 decretoin
2653 3160 2870 3211 sortem
2903 3160 3241 3210 sanctorum
3272 3154 3561 3225 cooptati;
3585 3154 3666 3210 ita

246 3246 348 3300 illa
377 3245 724 3301 communia
758 3245 1070 3301 mortualia
1091 3246 1245 3315 apud
1272 3246 1589 3302 monachos
1615 3227 1903 3302 itaornari
1936 3227 1978 3292 (ἶ
2017 3244 2307 3317 diptychis
2329 3260 2529 3301 eorum
2550 3260 2784 3316 quoque
2803 3244 3043 3299 nomina
3064 3244 3371 3314 irrepsisse
3394 3244 3664 3299 memini-

249 3334 586 3400 sintsolita,
612 3333 844 3389 utinter
869 3334 1179 3391 thesauros
1211 3336 1510 3391 numerari
1528 3337 1773 3405 possint.
1795 3340 1906 3390 Po-

245 3424 366 3478 tius
391 3440 492 3493 per
518 3422 799 3494 diptycba
821 3439 886 3478 eo
906 3423 1030 3480 loco
1048 3422 1431 3478 intellexerim
1450 3424 1905 3496 diptychasanc-

246 3518 466 3579 torum,
500 3511 591 3568 vel
622 3512 834 3569 librum
869 3511 1340 3584 Evangeliorum,
1375 3514 1461 3569 vel
1486 3514 1733 3581 similes,
1762 3531 1906 3584 quo-

247 3619 381 3657 rum
414 3602 847 3672 coopertorium
880 3602 1250 3674 diptychum,
1279 3619 1380 3658 seu
1407 3607 1676 3657 extremae
1696 3604 1906 3659 tabulae

250 3691 482 3762 egregie
513 3692 711 3746 ornari
748 3690 957 3747 solent.
993 3708 1158 3758 auro,
1192 3696 1457 3761 argento,
1501 3692 1726 3763 ﬁguris,
1760 3698 1816 3747 et
1847 3693 1903 3747 in

250 3781 626 3851 processione
655 3780 1121 3852 circumgestari.

322 3868 622 3942 Originem
658 3869 836 3940 hujus
869 3870 973 3937 rei,
1006 3869 1546 3939 nomina,videlicet
1564 3874 1902 3926 sanctorum

250 3962 606 4028 martyrum,
623 3959 1066 4030 imperatorum,
1085 3959 1431 4030 pontiﬁcum
1447 3966 1905 4026 summorum,et

250 4046 497 4102 aliorum
518 4048 630 4102 fide
653 4064 718 4102 ac
751 4048 977 4103 meritis
1003 4047 1409 4104 excellentium
1442 4049 1693 4104 virorum
1720 4050 1903 4107 sacris

246 4136 541 4208 diptychis
575 4137 895 4201 inserendi,
947 4142 1004 4191 et
1033 4139 1185 4192 inter
1216 4136 1563 4209 hymnodias
1596 4139 1899 4208 recitandi,

248 4225 482 4279 isaacus
515 4224 899 4279 Casaubonus
912 4225 1536 4281 Animadversionibus
1549 4228 1617 4280 ad
1639 4227 1900 4282 Athenaei

244 4314 460 4368 librum
494 4330 573 4381 γι,
601 4329 729 4384 cap.
763 4314 850 4384 14,
884 4319 1179 4385 acceptam
1230 4315 1405 4368 refert
1448 4314 1755 4384 gentilitati
1788 4319 1901 4370 Ro-

247 4419 453 4471 manae,
481 4402 584 4474 qui
619 4418 821 4457 eorum
857 4403 1116 4468 nomina,
1138 4420 1288 4473 quos
1306 4402 1517 4458 eximio
1539 4403 1757 4459 honore
1781 4404 1902 4460 vel-

244 4491 368 4546 lent
382 4492 679 4559 decorare,
697 4490 904 4547 Saliari
933 4492 1194 4549 carmine
1206 4493 1471 4549 canenda
1486 4494 1895 4550 decernebant.

2014 3352 2168 3400 mus,
2202 3352 2454 3407 quorum
2501 3336 2570 3389 ad
2620 3340 2857 3405 tempus
2907 3332 3189 3389 simulata
3217 3334 3404 3388 virtus
3454 3333 3511 3387 id
3545 3350 3661 3389 non

2014 3429 2343 3492 meruerat;
2378 3424 2627 3480 aliorum
2660 3440 2793 3480 vero
2825 3423 3056 3478 firmius
3078 3422 3386 3492 insedisse,
3407 3437 3660 3492 quorum

2014 3519 2290 3568 constans
2321 3513 2567 3579 exstitit,
2594 3518 2649 3566 et
2678 3512 2906 3567 illibata
2938 3511 3146 3567 ﬁdeiet
3170 3528 3398 3567 mosum
3418 3510 3661 3582 integri-

2012 3607 2121 3657 tas.
2155 3602 2306 3657 Usus
2326 3602 2522 3672 itaque
2544 3602 2797 3668 finisque
2820 3602 3227 3672 diptychorum
3254 3600 3432 3655 fuitin
3457 3600 3659 3668 sacris,

2012 3696 2137 3746 tum
2154 3690 2449 3745 memoria:
2464 3694 2800 3743 sanctorum
2814 3689 3153 3755 retinendae,
3172 3696 3296 3743 tum
3313 3688 3472 3759 pacis
3485 3688 3661 3744 eccle-

2010 3780 2256 3835 siasticze
2271 3785 2328 3834 et
2341 3777 2775 3832 communionis
2789 3775 3280 3831 sanciendaatcum
3297 3779 3505 3848 dignos
3520 3777 3658 3832 ccelo

2010 3887 2075 3925 ac
2108 3870 2465 3940 sempiterna
2498 3866 2779 3922 memoria
2810 3866 2965 3920 viros
3005 3866 3350 3935 reciperent,
3384 3865 3658 3937 indignos

2007 3975 2144 4013 vero
2176 3959 2954 4029 respuerentetexcuterent.
2973 3954 3264 4010 Hactenus
3280 3955 3652 4009 Brouwerus.

2082 4048 2161 4103 De
2193 4047 2480 4119 diptychis
2496 4047 2678 4102 sacris
2692 4045 3240 4101 commentariolum
3268 4043 3401 4099 olim
3419 4044 3658 4115 scripsit

2006 4141 2259 4194 Joannes
2279 4139 2541 4209 Baptista
2553 4138 2838 4205 Cardona,
2854 4135 3165 4206 episcopus
3178 4135 3657 4204 Dertosanus,ro-

2009 4243 2147 4301 gatu
2181 4228 2468 4283 Gabrielis
2500 4225 2817 4282 cardinalis
2850 4225 3114 4293 Paleotti,
3147 4241 3322 4296 quem
3355 4241 3489 4280 cum
3523 4225 3654 4280 aliis

2008 4318 2135 4387 ejus
2158 4313 2658 4371 commentariolis
2676 4312 3295 4384 impressitPhilippus
3310 4313 3433 4384 Mey
3445 4314 3653 4368 Tarra-

2008 4421 2171 4474 cone,
2206 4421 2358 4459 anno
2396 4404 2551 4457 1587.
2584 4409 2664 4458 De
2694 4402 2901 4458 iisdem
2938 4402 3113 4457 etiam
3165 4402 3428 4473 quaedam
3483 4402 3657 4459 habet

2006 4495 2263 4550 Joannes
2289 4493 2626 4564 Stephanus
2658 4492 2977 4561 Durantus,
3011 4492 3081 4546 de
3114 4492 3343 4547 Bitibus
3373 4491 3653 4561 ecclesiae,

248 4584 334 4635 Ita
363 4580 729 4646 Germanico,
762 4579 976 4651 inquit,
1003 4585 1229 4636 mortuo
1255 4581 1342 4636 hic
1367 4581 1554 4636 honos
1577 4581 1726 4636 inter
1748 4583 1893 4637 alios
1924 4580 1971 4643 D
2002 4601 2107 4654 cap
2132 4584 2219 4652 43,
2253 4582 2352 4652 qui
2382 4582 2609 4637 litteras
2628 4580 2950 4637 Innocentii
2976 4598 3139 4652 papae
3157 4581 3459 4637 etArcadii
3482 4581 3650 4652 imp.,

244 4670 528 4735 tributus,
562 4673 797 4725 auctore
829 4670 1049 4737 Tacito,
1083 4670 1230 4725 libro
1254 4688 1316 4724 ιι.
1352 4670 1503 4725 EtM.
1526 4687 1759 4741 quoque
1777 4676 1895 4727 An-

246 4758 489 4813 toninus
522 4758 935 4828 Philosophus,
972 4763 1199 4815 mortuo
1240 4758 1361 4814 filio
1410 4759 1581 4824 Vero,
1619 4760 1799 4829 jussit
1834 4766 1895 4815 ut

246 4865 458 4903 nomen
494 4849 625 4918 ejus
650 4847 859 4902 Saliari
892 4848 1142 4903 carmini
1165 4849 1891 4920 insereretur,tcsteSpar-

244 4936 422 4991 tiano.
456 4936 587 4991 Jam
615 4937 752 4991 olim
776 4937 829 4990 id
857 4937 1050 4992 Roma:
1074 4938 1433 5004 institutum,
1460 4942 1522 4993 ut
1542 4954 1608 4992 ex
1631 4939 1702 4993 iis
1721 4954 1893 4994 cons-

240 5030 348 5092 tat,
382 5043 511 5096 qua
544 5026 615 5079 de
647 5025 933 5080 Mamurio
984 5026 1223 5081 Veturio
1269 5032 1326 5082 et
1358 5027 1537 5082 Lucia
1584 5026 1895 5083 Volumnia

245 5114 513 5169 scribunt
543 5113 1028 5183 Varro,0vidius,
1052 5119 1277 5183 Festus,
1303 5115 1677 5183 Plutarchus,
1698 5117 1889 5173 etalii.

247 5203 429 5259 Vetus
459 5218 717 5275 quoque,
750 5203 961 5276 inquit,
1014 5203 1272 5260 Ecclesia
1326 5205 1660 5261 Christiana
1711 5206 1891 5274 hunc,

251 5298 317 5345 ut
362 5293 618 5362 videtur,
646 5309 868 5348 morem
914 5295 983 5348 ad
1037 5293 1198 5366 pium
1250 5311 1423 5349 usum
1457 5295 1735 5349 traduxit.
1770 5296 1892 5359 Qua

239 5386 307 5435 de
344 5399 423 5445 re,
452 5382 636 5448 addit,
673 5382 936 5438 dicemus
987 5383 1173 5439 multa
1216 5382 1374 5447 alibi.
1409 5384 1457 5438 si
1509 5384 1686 5441 vitam
1738 5386 1891 5441 Deus

237 5471 597 5542 produxerit,
632 5472 782 5527 scitu
811 5472 1010 5544 digna,
1044 5490 1147 5527 nec
1180 5474 1443 5543 protrita.

307 5560 491 5623 Quam
506 5560 714 5615 vellem
734 5561 917 5616 Casau
929 5563 1078 5617 bono
1101 5566 1354 5616 mentem
1374 5561 1670 5618 meliorem
1689 5563 1888 5633 fuisse,

234 5666 307 5703 ne
339 5649 409 5702 ab
432 5649 683 5705 ethnicis
712 5666 881 5704 sacra
907 5655 1106 5707 nostra
1128 5655 1473 5715 arcesseret,
1496 5668 1670 5721 quam
1688 5669 1721 5706 a
1738 5657 1890 5708 vete-

230 5740 316 5792 ris
332 5739 691 5795 Tcstamenti
712 5740 1060 5805 ecclesia,ne
1075 5740 1272 5797 Patres
1287 5739 1892 5812 enthnicorummagis

2007 4690 2154 4743 quas
2185 4689 2366 4743 supra
2395 4671 2598 4739 habes,
2632 4687 2747 4726 non
2763 4670 2870 4724 rite
2899 4669 3189 4725 contrario
3211 4670 3382 4725 modo
3396 4668 3552 4726 citat.
3572 4670 3653 4726 De

2003 4762 2213 4817 iisdem
2254 4762 2428 4816 etiam
2455 4762 2576 4831 agit
2602 4760 2781 4815 frater
2799 4759 3057 4830 Angelus
3085 4760 3275 4816 Rocca
3294 4758 3553 4825 Camers,
3576 4761 3647 4814 ad

2002 4851 2217 4907 librum
2250 4856 2753 4906 sacramentorum
2786 4849 2901 4904 divi
2933 4850 3217 4920 Gregorii.

2076 4940 2399 4996 Habuimus
2431 4940 2717 4995 hactenus
2748 4938 3022 5010 diptycha
3066 4956 3168 5010 pro
3214 4939 3397 4994 sacris
3430 4936 3648 4993 tabulis

2006 5028 2419 5094 mortualibus,
2450 5045 2571 5098 quae
2600 5028 2885 5098 duplices,
2919 5044 3019 5082 seu
3050 5028 3302 5083 duorum
3352 5027 3646 5093 foliorum,

2003 5123 2187 5171 erant.
2223 5122 2294 5171 Eo
2346 5122 2609 5188 respectu
2645 5116 3007 5188 Augustinus
3055 5120 3213 5172 tomo
3245 5116 3338 5181 Vl,
3374 5116 3523 5171 libro
3552 5134 3646 5182 xv,

2002 5212 2204 5262 contra
2230 5207 2509 5261 Faustum
2529 5207 2934 5275 Manicheum,
2968 5222 3093 5276 cap.
3110 5206 3162 5271 4,
3182 5204 3414 5261 tabulas
3433 5205 3650 5278 Moysis

2003 5296 2266 5367 lapideas
2297 5299 2465 5351 vocat
2503 5295 2866 5367 diptycbium
2895 5312 2907 5350 ε
2937 5320 2959 5345 ιι
2985 5294 3208 5350 Namin
3233 5293 3332 5349 illo
3350 5295 3648 5366 diptychio

2001 5384 2251 5455 lapideo,
2276 5386 2400 5455 jam
2436 5390 2495 5439 tu
2542 5401 2654 5440 non
2697 5384 2871 5439 corde
2902 5382 3152 5453 lapideo,
3183 5383 3464 5457 intelligis
3504 5386 3645 5456 quid

2002 5474 2148 5527 duro
2181 5473 2264 5527 illi
2301 5472 2512 5544 populo
2544 5472 2921 5541 congruebat.
2956 5492 2984 5521 »
3038 5472 3179 5527 Item
3235 5473 3409 5544 epist.
3458 5476 3644 5529 sancti

2003 5562 2179 5625 Petri,
2213 5578 2279 5616 ex
2310 5562 2514 5617 1028
2547 5578 2663 5631 qua
2695 5561 2963 5630 quaedam
2999 5560 3242 5617 citaret:
3278 5586 3304 5611 «
3333 5562 3481 5633 Lege
3504 5580 3643 5618 sane

2002 5652 2172 5706 etiam
2210 5650 2351 5705 illud
2386 5648 2772 5723 diptychium,
2792 5666 2863 5703 ne
2885 5649 3115 5718 timeas,
3137 5650 3303 5721 plane
3327 5652 3525 5721 sponsi
3556 5652 3640 5706 tui

2001 5744 2110 5795 est.
2150 5760 2170 5787 ιι
2204 5739 2377 5796 Item:
2406 5762 2431 5793 ι
2455 5739 2647 5794 Ethoc
2663 5737 2957 5810 diptychio
2983 5738 3216 5810 repellis
3239 5740 3637 5795 adulterum.»
