4156 6328
265 396 363 449 Hi

270 525 381 588 est,
411 516 496 572 vel
531 514 862 587 scapulare,
892 512 978 568 vel
1013 514 1279 584 pallium,
1312 514 1397 569 vel
1433 514 1627 569 simile
1653 513 1815 585 quid.

337 611 621 663 ΕΡιΒΑτιΕ.
687 605 812 660 Vita
864 603 1106 675 Epicteti
1166 608 1224 658 et
1273 604 1556 673 Aetionis,
1613 620 1739 673 cap.
1791 604 1851 659 21
1906 620 1918 656 ;

267 718 293 751 ι
324 700 589 767 Cumque
617 694 836 766 egressi
867 694 938 749 de
970 692 1101 748 navi
1132 693 1380 765 epibatis
1403 692 1673 748 fuissent.
1697 714 1725 741 »
1747 693 1919 764 Apud

263 788 627 845 Clementem
649 789 1003 849 Romanum,
1025 784 1274 855 epistola
1295 784 1364 838 ad
1389 783 1677 839 Jacobum
1702 784 1922 855 episco-

262 874 1009 950 pumJerosoly‘mitanum,
1026 878 1160 929 ante
1190 871 1371 929 libros
1406 873 1917 945 Recognitionum,

265 969 347 1022 ita
364 972 612 1023 sanctus
633 966 840 1020 Petrus
868 962 1158 1034 loquitur:
1184 985 1210 1012 «
1228 961 1452 1018 Similis
1476 967 1566 1017 est
1586 962 1779 1017 omnis
1813 964 1916 1016 Ec-

264 1058 459 1115 clesiae
482 1060 677 1111 status
706 1054 834 1109 navi
858 1069 1241 1124 magnaa,quze
1254 1069 1355 1122 per
1368 1053 1661 1107 undosum
1679 1052 1919 1123 pelagus

264 1146 514 1204 diversis
546 1162 575 1201 e
606 1145 751 1200 locis
774 1148 832 1199 et
854 1142 1193 1215 regionibus
1216 1143 1370 1198 viros
1394 1147 1606 1213 portat,
1641 1142 1711 1196 ad
1741 1158 1918 1197 unam

262 1236 522 1309 potentis
555 1234 716 1305 regni
752 1232 957 1287 urbem
985 1248 1299 1303 properare
1329 1230 1653 1301 cupientes.
1678 1232 1763 1286 Sit
1785 1246 1920 1302 ergo

262 1326 429 1381 navis
452 1326 633 1394 hujus
660 1322 938 1377 Dominus
958 1322 1085 1392 ipse
1104 1322 1478 1393 omnipotens
1501 1321 1689 1391 Deus;
1714 1322 1919 1391 guber-

262 1421 436 1472 nator
456 1431 613 1479 vero,
636 1414 809 1468 Jesus
829 1411 1119 1466 Christus.
1135 1410 1282 1465 Tum
1308 1411 1545 1465 demum
1572 1414 1814 1481 proretae
1834 1411 1917 1465 of-

262 1507 461 1560 ﬁcium
483 1503 797 1574 episcopus
815 1500 1083 1572 impleat,
1108 1499 1432 1571 presbyteri
1457 1500 1921 1567 nautarum,dia-

262 1594 394 1648 coni
418 1593 894 1663 dispensatorum
912 1592 1151 1644 teneant
1171 1587 1360 1643 locum
1381 1607 1395 1654 ;
1420 1587 1521 1659 qui
1540 1587 1916 1657 catechizant,

264 1682 600 1753 nantologis
623 1680 1018 1747 conterantur,
1040 1677 1292 1749 epibatis
1306 1680 1501 1732 autem
1517 1676 1694 1733 totius
1719 1678 1919 1733 frater-

273 1772 478 1827 nitatis
509 1769 828 1825 multitudo
859 1767 937 1823 sit
966 1766 1198 1822 similis.
1232 1789 1261 1816 »

986 390 1493 447 ONOMASTICON
1532 392 1792 448 RERUM
1832 394 1923 446 ET
1959 395 2359 452 VERBORUM
2398 398 2957 456 DIFFICIIJORUM.

3566 397 3669 451 442

1947 519 2001 582 Α
2105 518 2185 573 De
2205 522 2584 592 eremojuxta
2603 521 2941 587 Thecue,ita
2965 520 3374 591 Hieronymus,
3402 523 3681 590 prommio

2034 606 2089 660 in
2114 611 2294 663 Amos
2327 610 2396 663 ad
2450 609 2889 665 Pammachium
2922 627 2933 663 :
2967 633 2991 658 «
3018 610 3239 664 Fuitde
3270 609 3481 680 oppido
3530 611 3683 666 The-

2032 699 2323 768 cue,quod
2348 714 2447 753 sex
2470 698 2736 754 millibus
2760 700 2829 753 ad
2856 698 3235 754 Meridianam
3260 700 3492 771 plagam
3517 700 3685 756 abest

2031 803 2063 840 a
2086 792 2293 842 sancta
2314 788 2677 857 Bethlehem,
2702 804 2831 859 quis
2856 788 3062 843 mundi
3079 788 3281 860 genuit
3300 788 3678 846 Salvatorem:

2029 882 2088 932 et
2110 876 2265 932 ultra
2288 878 2486 933 nullus
2506 882 2596 934 est
2616 877 2870 943 viculus,
2896 895 2965 932 ne
2989 881 3249 949 agrestes
3272 877 3508 948 quidem
3535 895 3680 934 casa:

2030 970 2086 1021 et
2119 965 2425 1022 furnorum
2460 967 2704 1033 similes,
2744 984 2890 1038 quas
2921 966 3043 1021 Afri
3074 966 3367 1038 appellant
3402 967 3677 1038 mapalia.

2028 1059 2214 1110 Tanta
2242 1060 2331 1110 est
2361 1055 2539 1111 eremi
2569 1056 2834 1122 vastitas,
2868 1072 2998 1127 qua:
3031 1072 3219 1127 usque
3250 1057 3319 1109 ad
3355 1072 3515 1110 mare
3559 1056 3681 1110 Ru-

2032 1145 2224 1215 brum,
2258 1145 2687 1216 Persarumque
2718 1150 2775 1199 et
2808 1144 3138 1215 fEthiopum
3174 1150 3349 1215 atque
3398 1145 3674 1200 Indorum

2029 1234 2313 1289 terminos
2360 1234 2660 1289 dilatatur.
2691 1235 2758 1288 Et
2786 1234 2923 1305 quia
2954 1233 3119 1287 humi
3152 1234 3314 1288 arido
3343 1240 3518 1304 atque
3551 1251 3676 1289 are-

2030 1340 2170 1378 noso
2187 1323 2584 1379 nihilomnino
2601 1325 2829 1395 frugum
2848 1323 3345 1394 gignitur,cuncta
3359 1322 3682 1394 suntplena

2028 1412 2386 1483 pastoribus,
2408 1418 2472 1467 ut
2502 1411 2870 1467 sterilitatem
2902 1418 3065 1467 terrae
3095 1416 3479 1482 compensent
3507 1428 3676 1482 peco-

2029 1518 2157 1556 rum
2194 1501 2596 1556 multitudine.
2633 1523 2661 1551 »

2098 1596 2177 1646 De
2208 1608 2403 1646 eremo
2435 1591 2623 1658 Oasis,
2646 1591 2779 1646 vide
2810 1590 3147 1658 Baronium,
3183 1590 3585 1647 notationibus
3607 1591 3678 1645 ad

2029 1680 2509 1752 Martyrologium
2542 1684 2894 1745 Romanum,
2931 1682 2997 1733 12
3026 1679 3210 1735 Junii.

2100 1771 2499 1825 EsoeaoawM.
2530 1769 2660 1824 Vita
2688 1769 2933 1825 Joannis
2985 1768 3462 1841 Eleemosynarii,
3489 1770 3680 1841 capite

331 1852 1046 1932 Epibatas,ém6dna,dicti
1069 1849 1912 1922 dno-:06émGatvew,aconscm-
1947 1869 1999 1935 Β
2026 1862 2086 1913 21
2130 1875 2143 1913 :
2185 1880 2212 1910 κ
2242 1858 2598 1930 Exspoliavit
2628 1875 2689 1913 se
2722 1858 3097 1929 esophorium
3148 1875 3344 1913 suum.
3384 1882 3403 1907 ι
3440 1858 3563 1914 Vox
3592 1864 3682 1915 est

259 1952 462 2005 dendo.
483 1950 635 2004 Sunt
656 1947 871 2003 milites
893 1945 1307 2016 classiarii,seu
1336 1945 1643 2001 bellatores
1659 1946 1720 2002 in
1740 1963 1799 2002 re
1814 1963 1913 2001 na-

257 2041 395 2097 vali.
421 2040 664 2105 Hirtius,
693 2038 840 2093 libro
868 2054 921 2091 1v
951 2038 1025 2092 De
1047 2035 1197 2109 be[lo
1220 2036 1611 2091 Alexandrino
1638 2052 1651 2092 :
1676 2058 1703 2084 κ
1736 2039 1915 2108 Capta

258 2136 344 2184 est
375 2146 498 2184 una
529 2127 786 2183 hostium
845 2125 1258 2194 quadriremis,
1283 2127 1558 2196 depressa
1588 2128 1679 2180 est
1709 2124 1913 2193 altera,

256 2220 562 2286 alteraque
607 2217 984 2288 perturbata;
1019 2215 1230 2270 deinde
1260 2230 1466 2270 omnes
1505 2214 1758 2285 epibatis
1803 2231 1916 2269 nu-

256 2310 429 2364 datae.
451 2332 477 2357 »
504 2309 683 2373 Idem,
700 2306 802 2362 lib.
823 2323 855 2360 ν
874 2306 953 2361 De
974 2304 1123 2360 bello
1153 2305 1383 2360 Africo:
1410 2328 1437 2353 ‹‹
1463 2304 1666 2375 Ibique
1680 2303 1916 2358 Gaetulis

256 2399 588 2469 remigibus
637 2397 1009 2468 epibatisque
1052 2393 1317 2465 complet.
1354 2416 1381 2444 »
1416 2393 1520 2448 Hic
1552 2394 1782 2464 capitur
1814 2410 1916 2465 pro

256 2490 409 2561 ipsis
441 2487 635 2543 nautis
668 2486 755 2541 vel
789 2485 1141 2554 vectoribus,
1168 2485 1225 2539 id
1256 2488 1364 2553 est,
1389 2482 1501 2536 ἀντὶ
1534 2485 1641 2535 τῶν
1675 2481 1915 2556 ὀχουμέ-

253 2598 383 2645 νων,
425 2583 487 2631 ut
518 2576 769 2631 subinde
801 2575 977 2630 etiam
1012 2574 1167 2644 apud
1200 2574 1429 2628 Graecos
1459 2572 1763 2643 accipitur.

320 2670 674 2723 EPITIMIUM.
693 2666 929 2719 Pratum
946 2664 1155 2735 spiritu
1166 2662 1252 2717 ale
1266 2662 1512 2717 Joannis
1534 2661 1754 2716 Moschi
1768 2678 1913 2732 ,cap.

257 2761 326 2815 78
372 2776 387 2812 :
434 2779 461 2805 ‹‹
496 2756 569 2811 Ut
598 2771 705 2826 ego
736 2770 994 2823 congrua
1023 2752 1107 2806 illi
1142 2753 1487 2807 admoveam
1522 2750 1783 2822 epitimia
1814 2768 1917 2807 seu

258 2847 505 2904 multas.
538 2869 557 2893 ι
588 2843 750 2918 Κάγὼ
770 2840 990 2902 ταύταις
1018 2840 1329 2913 ἁρμόζοντα
1363 2840 1619 2913 προσάγω
1638 2839 1715 2891 ’τὰ
1745 2837 1918 2892 ἐπιτι-

260 2958 379 3009 μία.
399 2940 463 2992 In
481 2952 589 2990 usu
608 2933 943 3005 Epitimium
968 2931 1389 2986 Ecclesiasticis
1412 2929 1798 3001 scriptoribus
1815 2946 1917 3001 pro

262 3028 453 3083 multa
474 3021 1136 3085 ecclesiasticaMensea,
1157 3020 1225 3074 45
1249 3019 1540 3085 Octobris,
1558 3020 1615 3073 in
1641 3020 1919 3090 martyrio

258 3115 535 3172 monachi
569 3112 844 3184 anonymi
874 3127 887 3165 :
920 3110 1346 3186 Καταφρονήσας
1374 3107 1464 3161 καὶ
1494 3110 1591 3160 τοῦ
1621 3105 1919 3178 ἐπιτιμίου,

260 3204 615 3278 ἐπιτιμηθεὶς
636 3200 838 3271 διᾶτὴν
858 3208 955 3270 τῆς
975 3201 1219 3268 ὑπακοῆς
1250 3199 1524 3269 ἀθέτησιν.
1555 3222 1577 3250 ι
1607 3199 1669 3253 Et
1690 3216 1919 3270 pmnam

257 3295 513 3369 epitimii
526 3294 637 3349 sibi
652 3294 725 3348 ob
739 3296 911 3347 contu
923 3291 1169 3346 maciam
1184 3290 1499 3360 irrogatam
1515 3288 1919 3363 contempsit.»

254 3385 589 3443 Concilium
617 3400 719 3438 vni
751 3380 1202 3449 mcumenicum,
1236 3378 1391 3450 quod
1428 3379 1685 3434 Raderus
1714 3382 1916 3434 noster

248 3475 533 3547 vulgavit,
563 3474 682 3527 hec
714 3471 886 3526 habet
917 3474 1028 3525 act.
1052 3472 1110 3538 2,
1133 3469 1204 3523 de
1234 3467 1521 3540 epitimiis
1547 3484 1559 3523 :
1589 3490 1616 3517 ‹‹
1640 3467 1919 3522 Praescri-

256 3572 356 3636 pta
389 3563 794 3635 epitimiorum
828 3576 997 3632 poena
1025 3558 1256 3613 cunctis
1306 3556 1493 3629 lapsis
1535 3557 1919 3612 audientibus

254 3654 466 3710 1029
499 3652 751 3723 legatur,
783 3654 891 3704 etc.
924 3648 1030 3713 Qui
1064 3647 1343 3703 carnibus
1378 3650 1717 3713 vescuntur,
1756 3662 1928 3716 poena

263 3749 390 3799 esto
436 3758 540 3797 nec
560 3739 873 3804 «carnibus,
906 3754 1098 3806 caseo,
1130 3753 1236 3791 ovo
1269 3739 1608 3791 vescantur.
1645 3734 1751 3800 Qui
1785 3734 1928 3789 alias

264 3851 295 3887 a
316 3832 605 3889 carnibus
631 3826 1292 3893 abstinent,abstineant
1315 3825 1386 3879 ab
1411 3841 1538 3892 ovo,
1554 3824 1928 3894 caseo,pisce,

265 3923 413 3978 feria
429 3923 638 3990 quarta
661 3923 718 3973 et
740 3921 917 3983 sexta;
936 3915 1211 3985 oleraque
1232 3918 1289 3969 et
1312 3913 1609 3985 legumina
1624 3914 1932 3968 comedant

262 4029 401 4066 cum
429 4010 661 4064 modico
680 4007 804 4062 oleo
829 4012 885 4060 et
908 4007 1062 4059 vino.
1080 4006 1139 4059 In
1159 4020 1349 4074 genua
1365 4004 1760 4074 procumbant
1784 4020 1931 4072 quo-

261 4102 409 4156 tidie
441 4096 858 4171 quinquagies,
889 4099 945 4150 et
970 4094 1115 4149 illud
1149 4094 1443 4164 (Domine,
1492 4094 1732 4165 ignosce
1764 4081 1931 4147 mihi)

266 4184 1221 4255 inclamentcenties,recitentque
1235 4182 1499 4237 Psalmos
1516 4199 1591 4248 v1,
1605 4198 1816 4250 xxxvn,
1838 4198 1882 4235 ι.
1901 4205 1929 4233 ››

265 4281 531 4336 Joannes
564 4276 877 4340 Diaconus,
904 4273 1005 4327 lib.
1032 4289 1070 4327 ιι
1093 4272 1237 4326 Vitia
1271 4272 1462 4325 sancti
1494 4269 1771 4339 Gregorii,
1801 4287 1931 4341 cap.

266 4373 337 4425 45
380 4388 394 4423 :
430 4391 458 4417 ‹‹
495 4370 559 4422 In
593 4366 701 4421 hoc
733 4365 933 4436 itaque
969 4380 1082 4418 non
1114 4361 1483 4416 mediocriter
1512 4360 1785 4416 tristatus
1816 4367 1929 4428 est,

266 4460 432 4531 quia.
467 4462 784 4527 antequam
814 4453 995 4508 exiret
1027 4454 1097 4507 de
1133 4451 1243 4505 hac
1273 4451 1411 4519 vita,
1449 4467 1561 4504 non
1595 4450 1769 4505 solvit
1799 4467 1932 4505 eum

269 4552 341 4605 ab
377 4543 1012 4603 excommunicationis
1042 4542 1297 4613 epitono.
1332 4559 1357 4591 ιι

2027 1968 2059 2003 a
2092 1948 2515 2003 recentioribus
2564 1948 2776 2003 Graecis
2827 1948 3171 2019 composita,
3225 1946 3526 2024 ἐσωφόριον
3577 1966 3679 2004 seu

2022 2034 2513 2111 eiomtpdptovguod
2528 2038 2755 2093 interius
2767 2036 3684 2107 gestatur,interula.Glossarium

2022 2128 2493 2183 Camberonense
2519 2127 2620 2182 Ms.
2651 2150 2677 2177 «
2707 2126 3311 2198 Esepborium,vestis
3332 2126 3595 2193 interior,
3622 2127 3680 2182 id

2023 2221 2134 2283 est,
2158 2216 2424 2283 camisia,
2449 2234 2576 2288 qua:
2600 2234 2633 2271 a
2654 2216 2949 2271 Marciano
2982 2216 3235 2271 interula
3265 2215 3616 2288 appellatur.
3653 2238 3680 2265 ››

2096 2307 2526 2362 ΕΟΟΗΑΒΙΞΤΙΑΜ
2547 2322 2708 2361 ΜΑΝυ
2730 2322 2981 2360 suamne.
3002 2308 3086 2360 Ita
3104 2304 3242 2360 olim
3264 2304 3527 2360 solemne
3553 2306 3681 2370 fuit,

2027 2415 2139 2453 non
2164 2397 2565 2452 sacerdotibus
2582 2397 2945 2463 tantum,sed
2961 2396 3137 2451 etiam
3164 2395 3677 2463 laicis.Palladius,

2028 2504 2155 2558 cap.
2194 2487 2314 2555 144,
2348 2487 2419 2541 de
2448 2485 2719 2557 Sylvania
2752 2502 2765 2540 :
2803 2508 2830 2535 ‹‹
2868 2490 3008 2540 Ecce
3063 2502 3169 2557 ago
3218 2502 3441 2540 annum
3491 2486 3679 2541 aetatis

2027 2576 2463 2647 sexagesimum
2500 2594 2513 2638 ;
2567 2583 2773 2646 praeter
2802 2578 3063 2629 extrema
3095 2590 3377 2629 manuum
3413 2591 3677 2630 mearum

2028 2666 2233 2736 (ethoc
2250 2671 2483 2737 propter
2506 2666 3003 2737 communionem)
3025 2682 3139 2719 non
3166 2682 3267 2735 pes
3288 2681 3451 2719 meus
3466 2681 3679 2735 aquam

2030 2756 2242 2827 tetigit,
2276 2760 2385 2810 etc.
2416 2755 2830 2819 Tertullianus,
2881 2755 2961 2809 De
3012 2755 3333 2826 Baptismo,
3394 2755 3684 2809 adversus

2030 2845 2392 2915 Quintillam,
2427 2863 2552 2917 cap.
2586 2847 2657 2899 2O
2691 2863 2706 2903 :
2744 2868 2763 2894 σι
2802 2845 3117 2911 Benedicti,
3153 2862 3301 2916 quos
3345 2845 3533 2916 gratia
3588 2845 3684 2899 Dei

2030 2940 2351 3007 exspectat,
2375 2952 2508 2990 cum
2536 2936 2604 2990 de
2629 2934 2727 2990 illo
2761 2935 3134 2990 sanctissimo
3166 2934 3398 2990 lavacro
3432 2935 3561 2991 novi
3587 2952 3688 2990 na-

2032 3025 2165 3079 talis
2190 3026 2530 3093 ascenditis,
2556 3030 2611 3079 et
2636 3026 2856 3097 primas
2878 3042 3092 3081 manus
3112 3026 3262 3096 apud
3286 3029 3533 3080 matrem
3556 3041 3684 3079 cum

2033 3115 2315 3169 fratribus
2339 3114 2602 3186 aperitis,
2629 3115 2804 3186 petite
2829 3115 2899 3169 de
2925 3120 3109 3185 patre,
3133 3115 3305 3184 petite
3330 3116 3399 3169 de
3418 3115 3686 3181 Domino,

1952 3237 1994 3301 Ο
2042 3203 2288 3275 peculia,
2322 3203 2561 3275 gratias,
2597 3202 3042 3257 distributiones
3073 3202 3523 3258 charismatum.
3561 3226 3587 3252 ››

2111 3292 2361 3364 Cyrillus
2417 3291 2969 3360 Jerosolymitanus,
3020 3291 3249 3345 Catech.
3306 3297 3556 3364 mystag.
3601 3292 3685 3346 5:

2043 3402 2069 3430 «
2102 3380 2395 3435 Accedens
2415 3381 2483 3434 ad
2505 3378 2933 3434 Eucharistiam
2955 3395 3068 3433 non
3100 3380 3378 3450 expansis
3403 3395 3686 3433 manuum

2039 3469 2185 3523 volis
2207 3470 2633 3539 accede,neque
2656 3468 2970 3539 disjunctis
2994 3468 3233 3540 digitis:
3262 3468 3361 3523 sed
3386 3469 3688 3523 sinistram

2039 3558 2215 3613 veluti
2244 3559 2440 3613 sedem
2475 3559 2793 3629 quamdam
2826 3558 3109 3628 subjicias
3143 3558 3377 3626 dextra},
3402 3575 3527 3629 quae
3560 3562 3690 3612 tan-

2043 3654 2167 3701 tum
2206 3646 2417 3717 Regem
2450 3652 2798 3717 susceptura
2828 3652 2956 3715 est;
2990 3652 3044 3702 et
3093 3664 3346 3703 concava
3378 3665 3555 3703 manu
3590 3665 3694 3702 su-

2041 3736 2199 3806 scipe
2225 3752 2437 3806 corpus
2461 3735 2697 3800 Christi,
2723 3734 2927 3789 dicens
2955 3753 2966 3789 :
2994 3740 3199 3790 Amen.
3226 3760 3245 3784 ι
3274 3737 3697 3791 Formabantur

2042 3830 2239 3880 autem
2262 3841 2473 3879 manus
2497 3824 2557 3878 in
2585 3824 2832 3878 formam
2856 3824 3248 3879 crucis.Sexta
3272 3826 3689 3896 synodus,can.

2046 3916 2148 3968 102
2180 3931 2193 3970 :
2235 3935 2255 3961 α
2291 3912 2721 3968 Eucharistiam
2768 3916 3137 3984 accepturus,
3169 3930 3379 3967 manus
3412 3914 3469 3967 in
3502 3914 3694 3968 crucis

2046 4006 2293 4059 formam
2325 4003 2607 4075 figurans,
2640 4001 2723 4056 sic
2757 4004 3011 4057 accedat.
3050 4022 3073 4053 »

2118 4095 2204 4147 Ita
2230 4092 2467 4163 quidem
2498 4092 2608 4146 viri
2641 4108 2780 4147 cava
2812 4092 3087 4163 nudaque
3119 4108 3297 4146 manu
3331 4092 3699 4163 excipiebant

2048 4182 2470 4237 Eucharistiam
2510 4198 2521 4236 :
2557 4182 2785 4236 feminae
2818 4198 2947 4235 vero
3000 4198 3113 4235 non
3164 4181 3276 4236 nisi
3329 4181 3695 4237 linteamine.

2052 4271 2334 4326 Maximus
2358 4275 2560 4325 contra
2581 4269 2987 4324 Monothelitas
3012 4287 3025 4324 :
3052 4290 3079 4319 ‹‹
3102 4269 3374 4326 Mulieres
3399 4270 3582 4324 nitida
3604 4288 3699 4325 ex-

2050 4359 2780 4425 hibeantlinteamina,ubi
2796 4375 3007 4430 corpus
3022 4359 3235 4414 Christi
3252 4359 3700 4433 accipiantpura

2053 4454 2245 4503 mente
2276 4454 2332 4503 et
2365 4449 2587 4502 munda
2629 4448 3004 4503 conscientia.
3042 4471 3069 4498 »
3101 4451 3484 4520 Augustinus,
3519 4467 3696 4505 serm.

2052 4540 2177 4601 252,
2203 4540 2271 4593 de
2300 4539 2621 4609 Tempore:
2660 4538 2927 4592 «Omnes
2967 4539 3070 4592 viri
3102 4541 3335 4609 quando
3369 4541 3696 4594 communi-

346 4639 712 4693 Enacms'ras.
746 4633 855 4690 Ubi
891 4633 946 4686 in
982 4631 1116 4685 Vita
1159 4629 1477 4685 Hilarionis
1509 4632 1619 4693 est,
1655 4644 1817 4682 num.
1851 4630 1881 4682 4
1916 4648 1928 4683 :
1964 4604 2008 4667 θ
2043 4646 2175 4683 care
2200 4627 3236 4694 desiderant,lavantmanussuas,et
3260 4646 3461 4684 omnes
3488 4629 3697 4683 mulie-

275 4751 302 4779 ιι
336 4728 405 4782 Et
437 4724 751 4797 pelliceum
805 4721 1031 4776 habens
1076 4720 1424 4790 ependyten,
1462 4741 1488 4765 ››
1535 4717 1697 4772 addit
1744 4716 1932 4771 Editio

270 4816 520 4872 Joannis
573 4814 835 4881 Andreae,
866 4819 917 4866 et
960 4810 1294 4865 eraso-fetam.
1333 4808 1454 4862 Non
1509 4808 1693 4877 capio.
1727 4808 1934 4861 Petrus

274 4910 474 4961 noster
501 4899 1082 4972 Lansseliuslegebat
1097 4896 1595 4968 eriaceslen,quasi
1614 4898 1803 4951 lanam
1824 4913 1934 4951 acn

270 4991 763 5049 consutamAlteri
789 4989 964 5044 alicui
990 4990 1105 5043 fors
1128 4987 1285 5042 aliud
1312 4992 1594 5043 occurret.
1613 4986 1753 5040 Mihi
1780 5003 1936 5041 nunc

275 5085 639 5149 satis,donec
665 5080 879 5135 rectius
902 5077 1124 5150 aliquid
1150 5077 1515 5141 occurrat,de
1538 5076 1646 5130 hac
1668 5075 1935 5131 lectionis

281 5174 563 5229 varietate
592 5170 912 5225 monuisse.

347 5267 561 5317 Euam.
591 5258 766 5314 Varia
814 5273 1047 5313 eremus
1096 5254 1348 5309 occurrit
1378 5253 1435 5307 in
1472 5254 1621 5309 Vitis
1670 5258 1931 5309 Patrum.

280 5357 557 5407 Eremum
578 5350 637 5402 in
661 5364 779 5419 qua
802 5344 1017 5400 Paulus
1041 5343 1269 5415 primus
1291 5344 1933 5415 eremitaversatusest,

272 5438 623 5510 investigavi
641 5453 706 5492 ex
724 5451 919 5491 eremo
944 5450 1044 5489 seu
1064 5433 1427 5488 habitatione
1449 5433 1637 5487 sancti
1657 5433 1889 5487 Antonii
1918 5438 1932 5487 ἓ

272 5528 515 5585 Antonii
529 5544 662 5582 vero
682 5523 1102 5580 habitationem
1119 5538 1187 5576 ex
1210 5522 1672 5593 peregrinatione
1689 5522 1937 5577 Hilario-

273 5620 393 5675 nis.
429 5617 564 5672 Vide
596 5613 879 5670 Tabulam
913 5610 1400 5683 Geographicam.

352 5708 434 5763 De
464 5721 659 5762 eremo
690 5701 1006 5769 Chalcidis,
1039 5702 1096 5755 in
1131 5716 1248 5771 qua
1277 5703 1548 5755 versatus
1578 5704 1666 5756 est
1694 5704 1933 5756 sanctus

281 5798 674 5867 Hieronymus
704 5797 761 5848 et
790 5790 1077 5858 Malchus,
1109 5790 1241 5845 vide
1273 5790 1333 5844 in
1364 5789 1627 5844 CRALCIS.

2049 4734 2141 4772 res
2174 4718 2359 4770 nitida
2388 4716 2666 4771 exhibent
2696 4715 3062 4783 linteamina,
3096 4717 3191 4770 ubi
3226 4734 3437 4789 corpus
3482 4717 3699 4773 Christi

2046 4807 2422 4878 accipiant.»
2473 4805 2797 4861 Concilium
2857 4806 3352 4877 Antisiodorensc,
3410 4825 3538 4861 can.
3581 4810 3649 4861 36
3687 4825 3698 4863 :

2052 4919 2077 4950 α
2111 4898 2234 4954 Non
2268 4897 2439 4951 liceat
2472 4895 2701 4950 mulieri
2732 4896 2890 4949 nuda
2928 4914 3103 4951 manu
3137 4897 3561 4951 Eucharistiam
3596 4915 3700 4951 su-

2045 5004 2223 5042 mere.
2252 5008 2275 5036 »
2302 4986 2446 5039 Hinc
2468 4985 2714 5039 linteum
2741 5002 2842 5039 seu
2868 4985 3076 5040 sindon
3111 4985 3231 5039 haec
3260 4986 3593 5040 daminicalc
3614 4986 3701 5039 di-

2047 5082 2155 5131 cta.
2188 5076 2342 5130 Idem
2378 5074 2716 5141 concilium,
2744 5091 2871 5128 can.
2900 5075 2965 5127 42
2993 5091 3003 5127 :
3032 5097 3058 5122 «
3092 5074 3466 5144 Unaquazque
3490 5075 3703 5130 mulier

2047 5164 2279 5234 quando
2323 5162 2722 5217 communicat
2754 5162 3164 5216 dominicalem
3198 5179 3371 5216 suum
3408 5163 3639 5219 habeat.
3672 5186 3699 5213 ››

2120 5254 2387 5307 Linteum
2414 5252 2519 5307 hoc
2542 5268 2654 5320 quo
2673 5250 3105 5304 Eucharistiam
3139 5252 3455 5306 sumebant
3476 5252 3703 5308 videtur

2049 5342 2329 5415 μουζίκιον
2364 5343 2609 5397 dictum.
2646 5345 2884 5395 Pratum
2931 5340 3257 5409 spirituale,
3291 5357 3421 5412 cap.
3454 5343 3524 5395 79
3555 5361 3568 5399 :
3606 5340 3701 5395 Καὶ

2049 5430 2234 5505 βαλὼν
2284 5431 2382 5499 τὴν
2416 5429 2467 5482 ἐν
2505 5426 2773 5501 μουζικίῳ
2826 5427 3053 5481 ἀπέθετο
3084 5427 3136 5482 ἐν
3164 5432 3243 5501 τῷ
3274 5427 3397 5497 ἱδίῳ
3425 5431 3701 5506 ἀρμαρέῳ.

2047 5546 2071 5573 α
2105 5522 2414 5592 Accipiens
2449 5536 2577 5574 eam
2609 5520 2666 5572 in
2702 5518 2882 5573 lintea
2914 5520 3329 5587 mundissimo,
3364 5524 3422 5576 in
3466 5522 3701 5594 proprio

2046 5610 2299 5665 armario
2332 5609 2616 5680 reposuit.
2654 5630 2680 5656 »
2708 5607 2909 5662 Nescio
2944 5625 3014 5663 an
3053 5607 3336 5679 μουζίκιον
3370 5612 3590 5667 dictum
3624 5610 3703 5664 sit

2047 5718 2078 5755 a
2113 5702 2312 5771 μοῦσα,
2336 5699 2485 5770 quod
2515 5702 2756 5769 apparet
2779 5696 2836 5750 in
2865 5696 3219 5770 Euchologio
3237 5701 3482 5771 capipro
3512 5700 3696 5753 linteo.

2044 5790 2321 5861 Typicum
2347 5789 2533 5853 Sabae,
2556 5804 2683 5859 cap.
2708 5787 2769 5840 41
2802 5804 2815 5843 ε
2842 5785 3276 5861 ’Δπογυμνοῦσιν
3308 5788 3477 5856 αὐτὴν
3506 5805 3699 5840 παντε-
