  <div class='ocr_page' id='page_1' title='image "/cluster/home/n/w/nwhite01/storage/ocr_20150623/74/hvd.32044054758784/227.png"; bbox 0 0 4120 6322; ppageno 0'>
   <div class='ocr_carea' id='block_1_1' title="bbox 28 4774 34 5609">
    <p class='ocr_par' dir='ltr' id='par_1_1' title="bbox 28 4842 34 5609">
     <span class='ocr_line' id='line_1_1' title="bbox 28 4842 29 4937; baseline 0 0"><span class='ocrx_word' id='word_1_1' title='bbox 28 4842 29 4937; x_wconf 67' lang='lat' dir='ltr'>l</span> 
     </span>
     <span class='ocr_line' id='line_1_2' title="bbox 32 5352 34 5509; baseline 0 -26"><span class='ocrx_word' id='word_1_2' title='bbox 32 5352 34 5483; x_wconf 70' lang='lat' dir='ltr'>l</span> 
     </span>
     <span class='ocr_line' id='line_1_3' title="bbox 32 5532 34 5609; baseline 0 0"><span class='ocrx_word' id='word_1_3' title='bbox 32 5532 34 5609; x_wconf 64' lang='grc' dir='ltr'>ι</span> 
     </span>
    </p>
   </div>
   <div class='ocr_carea' id='block_1_2' title="bbox 421 372 530 427">
    <p class='ocr_par' dir='ltr' id='par_1_2' title="bbox 421 372 530 427">
     <span class='ocr_line' id='line_1_4' title="bbox 421 372 530 427; baseline -0.018 0"><span class='ocrx_word' id='word_1_4' title='bbox 421 372 530 427; x_wconf 75' lang='grc'>443</span> 
     </span>
    </p>
   </div>
   <div class='ocr_carea' id='block_1_3' title="bbox 1132 366 3813 429">
    <p class='ocr_par' dir='ltr' id='par_1_3' title="bbox 1132 366 3813 429">
     <span class='ocr_line' id='line_1_5' title="bbox 1132 366 3813 429; baseline -0.003 -2"><span class='ocrx_word' id='word_1_5' title='bbox 1132 371 1639 428; x_wconf 78' lang='lat' dir='ltr'>ONOMASTICON</span> <span class='ocrx_word' id='word_1_6' title='bbox 1675 373 1937 427; x_wconf 73' lang='grc' dir='ltr'>ΗΕΒ,οΜ</span> <span class='ocrx_word' id='word_1_7' title='bbox 1972 374 2067 427; x_wconf 82' lang='lat' dir='ltr'>ET</span> <span class='ocrx_word' id='word_1_8' title='bbox 2104 372 2506 429; x_wconf 75' lang='lat' dir='ltr'>VERBORUM</span> <span class='ocrx_word' id='word_1_9' title='bbox 2543 371 3106 427; x_wconf 68' lang='lat' dir='ltr'>DIFFICILIORUK.</span> <span class='ocrx_word' id='word_1_10' title='bbox 3719 366 3813 419; x_wconf 68' lang='grc'>444</span> 
     </span>
    </p>
   </div>
   <div class='ocr_carea' id='block_1_4' title="bbox 409 492 2068 571">
    <p class='ocr_par' dir='ltr' id='par_1_4' title="bbox 409 493 2056 571">
     <span class='ocr_line' id='line_1_6' title="bbox 409 493 2056 571; baseline -0.001 -20"><span class='ocrx_word' id='word_1_11' title='bbox 409 495 645 562; x_wconf 79' lang='grc' dir='ltr'>λῶς,καὶ</span> <span class='ocrx_word' id='word_1_12' title='bbox 679 498 894 571; x_wconf 79' lang='grc' dir='ltr'>πρῶτον</span> <span class='ocrx_word' id='word_1_13' title='bbox 932 496 1025 567; x_wconf 72' lang='grc' dir='ltr'>μὲν</span> <span class='ocrx_word' id='word_1_14' title='bbox 1059 495 1330 569; x_wconf 76' lang='grc' dir='ltr'>σαίρουσιν</span> <span class='ocrx_word' id='word_1_15' title='bbox 1360 496 1525 565; x_wconf 76' lang='grc' dir='ltr'>αὐτὴν</span> <span class='ocrx_word' id='word_1_16' title='bbox 1552 493 1642 548; x_wconf 77' lang='grc' dir='ltr'>’ὁιὰ</span> <span class='ocrx_word' id='word_1_17' title='bbox 1665 494 1874 567; x_wconf 75' lang='grc' dir='ltr'>μούσης</span> <span class='ocrx_word' id='word_1_18' title='bbox 1890 507 2056 559; x_wconf 75' lang='grc' dir='ltr'>καθα-</span> 
     </span>
    </p>
   </div>
   <div class='ocr_carea' id='block_1_5' title="bbox 2182 492 3835 571">
    <p class='ocr_par' dir='ltr' id='par_1_5' title="bbox 2245 492 3835 567">
     <span class='ocr_line' id='line_1_7' title="bbox 2245 492 3835 567; baseline -0.004 -15"><span class='ocrx_word' id='word_1_19' title='bbox 2245 498 2401 553; x_wconf 83' lang='lat' dir='ltr'>Alias</span> <span class='ocrx_word' id='word_1_20' title='bbox 2426 502 2627 553; x_wconf 89' lang='lat' dir='ltr'>notum</span> <span class='ocrx_word' id='word_1_21' title='bbox 2652 497 2912 552; x_wconf 63' lang='lat' dir='ltr'>omnium</span> <span class='ocrx_word' id='word_1_22' title='bbox 2933 494 3064 550; x_wconf 86' lang='lat' dir='ltr'>aliis</span> <span class='ocrx_word' id='word_1_23' title='bbox 3078 493 3487 567; x_wconf 89' lang='lat' dir='ltr'>scriptoribus,</span> <span class='ocrx_word' id='word_1_24' title='bbox 3508 492 3605 547; x_wconf 82' lang='lat' dir='ltr'>sed</span> <span class='ocrx_word' id='word_1_25' title='bbox 3633 492 3835 546; x_wconf 88' lang='lat' dir='ltr'>nescio</span> 
     </span>
    </p>
   </div>
   <div class='ocr_carea' id='block_1_6' title="bbox 413 586 2066 660">
    <p class='ocr_par' dir='ltr' id='par_1_6' title="bbox 413 586 2066 660">
     <span class='ocr_line' id='line_1_8' title="bbox 413 586 2066 660; baseline 0.001 -21"><span class='ocrx_word' id='word_1_26' title='bbox 413 586 684 660; x_wconf 76' lang='grc' dir='ltr'>ρωτάτης.</span> <span class='ocrx_word' id='word_1_27' title='bbox 718 586 950 641; x_wconf 87' lang='lat' dir='ltr'>Nudant</span> <span class='ocrx_word' id='word_1_28' title='bbox 982 586 1222 641; x_wconf 87' lang='lat' dir='ltr'>omnino</span> <span class='ocrx_word' id='word_1_29' title='bbox 1252 602 1381 641; x_wconf 89' lang='lat' dir='ltr'>eam</span> <span class='ocrx_word' id='word_1_30' title='bbox 1414 586 1662 657; x_wconf 80' lang='lat' dir='ltr'>(sacram</span> <span class='ocrx_word' id='word_1_31' title='bbox 1696 586 1987 656; x_wconf 81' lang='lat' dir='ltr'>mensam)</span> <span class='ocrx_word' id='word_1_32' title='bbox 2009 590 2066 641; x_wconf 89' lang='lat' dir='ltr'>et</span> 
     </span>
    </p>
   </div>
   <div class='ocr_carea' id='block_1_7' title="bbox 411 674 2064 749">
    <p class='ocr_par' dir='ltr' id='par_1_7' title="bbox 411 674 2064 749">
     <span class='ocr_line' id='line_1_9' title="bbox 411 674 2064 749; baseline 0 -18"><span class='ocrx_word' id='word_1_33' title='bbox 411 677 603 748; x_wconf 89' lang='lat' dir='ltr'>primo</span> <span class='ocrx_word' id='word_1_34' title='bbox 647 674 879 749; x_wconf 83' lang='lat' dir='ltr'>quidem</span> <span class='ocrx_word' id='word_1_35' title='bbox 916 679 1168 747; x_wconf 84' lang='lat' dir='ltr'>purgant</span> <span class='ocrx_word' id='word_1_36' title='bbox 1200 690 1369 729; x_wconf 84' lang='lat' dir='ltr'>musa</span> <span class='ocrx_word' id='word_1_37' title='bbox 1399 674 1526 741; x_wconf 86' lang='lat' dir='ltr'>(seu</span> <span class='ocrx_word' id='word_1_38' title='bbox 1562 674 1762 744; x_wconf 89' lang='lat' dir='ltr'>linteo)</span> <span class='ocrx_word' id='word_1_39' title='bbox 1796 675 2064 731; x_wconf 87' lang='lat' dir='ltr'>mundis-</span> 
     </span>
    </p>
   </div>
   <div class='ocr_carea' id='block_1_8' title="bbox 414 759 2062 839">
    <p class='ocr_par' dir='ltr' id='par_1_8' title="bbox 414 759 2062 839">
     <span class='ocr_line' id='line_1_10' title="bbox 414 759 2062 839; baseline -0.004 -18"><span class='ocrx_word' id='word_1_40' title='bbox 414 766 586 821; x_wconf 89' lang='lat' dir='ltr'>sima.</span> <span class='ocrx_word' id='word_1_41' title='bbox 614 786 639 812; x_wconf 83' lang='grc'><strong>››</strong></span> <span class='ocrx_word' id='word_1_42' title='bbox 672 763 893 819; x_wconf 89' lang='lat' dir='ltr'>Ibidem</span> <span class='ocrx_word' id='word_1_43' title='bbox 920 780 931 818; x_wconf 88' lang='lat'><strong>:</strong></span> <span class='ocrx_word' id='word_1_44' title='bbox 958 759 1189 833; x_wconf 80' lang='grc' dir='ltr'>Κομίζει</span> <span class='ocrx_word' id='word_1_45' title='bbox 1222 762 1248 816; x_wconf 87' lang='grc' dir='ltr'>ὁ</span> <span class='ocrx_word' id='word_1_46' title='bbox 1284 760 1617 839; x_wconf 73' lang='grc' dir='ltr'>σκευοφύλαξ</span> <span class='ocrx_word' id='word_1_47' title='bbox 1655 761 1857 833; x_wconf 75' lang='grc' dir='ltr'>μούσας</span> <span class='ocrx_word' id='word_1_48' title='bbox 1885 782 1943 817; x_wconf 85' lang='grc' dir='ltr'><strong>τε</strong></span> <span class='ocrx_word' id='word_1_49' title='bbox 1972 763 2062 817; x_wconf 80' lang='grc' dir='ltr'>καί</span> 
     </span>
    </p>
   </div>
   <div class='ocr_carea' id='block_1_9' title="bbox 412 849 2061 926">
    <p class='ocr_par' dir='ltr' id='par_1_9' title="bbox 412 849 2061 926">
     <span class='ocr_line' id='line_1_11' title="bbox 412 849 2061 926; baseline -0.002 -20"><span class='ocrx_word' id='word_1_50' title='bbox 412 850 661 925; x_wconf 73' lang='grc' dir='ltr'>δισκάρια</span> <span class='ocrx_word' id='word_1_51' title='bbox 689 852 755 905; x_wconf 72' lang='grc' dir='ltr'>τὰ</span> <span class='ocrx_word' id='word_1_52' title='bbox 785 855 981 914; x_wconf 78' lang='grc' dir='ltr'>κοινῶς</span> <span class='ocrx_word' id='word_1_53' title='bbox 1013 849 1283 926; x_wconf 83' lang='grc' dir='ltr'>λεγόμενα</span> <span class='ocrx_word' id='word_1_54' title='bbox 1311 851 1492 921; x_wconf 66' lang='lat' dir='ltr'>ria-tn,</span> <span class='ocrx_word' id='word_1_55' title='bbox 1519 851 1546 905; x_wconf 88' lang='grc' dir='ltr'>’ὀ</span> <span class='ocrx_word' id='word_1_56' title='bbox 1579 849 1795 925; x_wconf 67' lang='grc' dir='ltr'>λέγεται</span> <span class='ocrx_word' id='word_1_57' title='bbox 1836 849 2061 921; x_wconf 74' lang='grc' dir='ltr'>λεκάνη,</span> 
     </span>
    </p>
   </div>
   <div class='ocr_carea' id='block_1_10' title="bbox 407 939 2062 1016">
    <p class='ocr_par' dir='ltr' id='par_1_10' title="bbox 407 939 2062 1016">
     <span class='ocr_line' id='line_1_12' title="bbox 407 939 2062 1016; baseline 0.001 -21"><span class='ocrx_word' id='word_1_58' title='bbox 407 942 495 995; x_wconf 75' lang='grc' dir='ltr'>καὶ</span> <span class='ocrx_word' id='word_1_59' title='bbox 528 939 989 1016; x_wconf 72' lang='grc' dir='ltr'>ἀποσπογγίζεται</span> <span class='ocrx_word' id='word_1_60' title='bbox 1031 941 1057 1008; x_wconf 70' lang='grc' dir='ltr'>ἦ</span> <span class='ocrx_word' id='word_1_61' title='bbox 1092 939 1217 1014; x_wconf 73' lang='grc' dir='ltr'>ἁγία</span> <span class='ocrx_word' id='word_1_62' title='bbox 1238 939 1494 1015; x_wconf 79' lang='grc' dir='ltr'>τράπεζα.</span> <span class='ocrx_word' id='word_1_63' title='bbox 1517 964 1543 989; x_wconf 87' lang='grc'><em>‹‹</em></span> <span class='ocrx_word' id='word_1_64' title='bbox 1572 941 1865 1014; x_wconf 65' lang='lat' dir='ltr'>Praeparat</span> <span class='ocrx_word' id='word_1_65' title='bbox 1896 959 2062 996; x_wconf 80' lang='lat' dir='ltr'>vaso-</span> 
     </span>
    </p>
   </div>
   <div class='ocr_carea' id='block_1_11' title="bbox 407 1029 2061 1102">
    <p class='ocr_par' dir='ltr' id='par_1_11' title="bbox 407 1029 2061 1102">
     <span class='ocr_line' id='line_1_13' title="bbox 407 1029 2061 1102; baseline 0 -16"><span class='ocrx_word' id='word_1_66' title='bbox 407 1048 535 1086; x_wconf 86' lang='lat' dir='ltr'>rum</span> <span class='ocrx_word' id='word_1_67' title='bbox 570 1036 767 1086; x_wconf 89' lang='lat' dir='ltr'>custos</span> <span class='ocrx_word' id='word_1_68' title='bbox 801 1046 1003 1085; x_wconf 84' lang='lat' dir='ltr'>musas</span> <span class='ocrx_word' id='word_1_69' title='bbox 1026 1030 1153 1101; x_wconf 91' lang='lat' dir='ltr'>(seu</span> <span class='ocrx_word' id='word_1_70' title='bbox 1186 1029 1389 1101; x_wconf 85' lang='lat' dir='ltr'>lintea)</span> <span class='ocrx_word' id='word_1_71' title='bbox 1421 1035 1476 1087; x_wconf 89' lang='lat' dir='ltr'>et</span> <span class='ocrx_word' id='word_1_72' title='bbox 1507 1031 1761 1086; x_wconf 88' lang='lat' dir='ltr'>discaria</span> <span class='ocrx_word' id='word_1_73' title='bbox 1783 1030 1950 1102; x_wconf 84' lang='lat' dir='ltr'>vulgo</span> <span class='ocrx_word' id='word_1_74' title='bbox 1975 1030 2061 1086; x_wconf 88' lang='lat' dir='ltr'>di-</span> 
     </span>
    </p>
   </div>
   <div class='ocr_carea' id='block_1_12' title="bbox 406 1117 2061 1191">
    <p class='ocr_par' dir='ltr' id='par_1_12' title="bbox 406 1117 2061 1191">
     <span class='ocr_line' id='line_1_14' title="bbox 406 1117 2061 1191; baseline 0 -18"><span class='ocrx_word' id='word_1_75' title='bbox 406 1125 497 1175; x_wconf 91' lang='lat' dir='ltr'>cta</span> <span class='ocrx_word' id='word_1_76' title='bbox 528 1124 700 1185; x_wconf 87' lang='lat' dir='ltr'>testa,</span> <span class='ocrx_word' id='word_1_77' title='bbox 736 1136 862 1190; x_wconf 84' lang='lat' dir='ltr'>quae</span> <span class='ocrx_word' id='word_1_78' title='bbox 896 1119 1113 1175; x_wconf 88' lang='lat' dir='ltr'>dicitur</span> <span class='ocrx_word' id='word_1_79' title='bbox 1162 1117 1378 1190; x_wconf 86' lang='lat' dir='ltr'>pelvis;</span> <span class='ocrx_word' id='word_1_80' title='bbox 1423 1124 1479 1174; x_wconf 89' lang='lat' dir='ltr'>et</span> <span class='ocrx_word' id='word_1_81' title='bbox 1526 1120 1851 1191; x_wconf 87' lang='lat' dir='ltr'>detergitur</span> <span class='ocrx_word' id='word_1_82' title='bbox 1899 1136 2061 1174; x_wconf 88' lang='lat' dir='ltr'>sacra</span> 
     </span>
    </p>
   </div>
   <div class='ocr_carea' id='block_1_13' title="bbox 408 1208 2063 1280">
    <p class='ocr_par' dir='ltr' id='par_1_13' title="bbox 408 1208 2063 1280">
     <span class='ocr_line' id='line_1_15' title="bbox 408 1208 2063 1280; baseline 0.002 -18"><span class='ocrx_word' id='word_1_83' title='bbox 408 1225 635 1265; x_wconf 83' lang='lat' dir='ltr'>mensa.</span> <span class='ocrx_word' id='word_1_84' title='bbox 664 1232 690 1257; x_wconf 87' lang='grc'><strong>››</strong></span> <span class='ocrx_word' id='word_1_85' title='bbox 715 1211 848 1272; x_wconf 79' lang='lat' dir='ltr'>Quae</span> <span class='ocrx_word' id='word_1_86' title='bbox 873 1225 986 1265; x_wconf 89' lang='lat' dir='ltr'>non</span> <span class='ocrx_word' id='word_1_87' title='bbox 1014 1213 1165 1263; x_wconf 89' lang='lat' dir='ltr'>recte</span> <span class='ocrx_word' id='word_1_88' title='bbox 1188 1209 1339 1280; x_wconf 84' lang='lat' dir='ltr'>cepit</span> <span class='ocrx_word' id='word_1_89' title='bbox 1368 1209 1661 1265; x_wconf 81' lang='lat' dir='ltr'>Meursius</span> <span class='ocrx_word' id='word_1_90' title='bbox 1685 1210 1740 1264; x_wconf 93' lang='lat' dir='ltr'>in</span> <span class='ocrx_word' id='word_1_91' title='bbox 1768 1208 2063 1265; x_wconf 90' lang='lat' dir='ltr'>Glossario</span> 
     </span>
    </p>
   </div>
   <div class='ocr_carea' id='block_1_14' title="bbox 407 1296 2064 1366">
    <p class='ocr_par' dir='ltr' id='par_1_14' title="bbox 407 1296 2064 1366">
     <span class='ocr_line' id='line_1_16' title="bbox 407 1296 2064 1366; baseline 0.001 -14"><span class='ocrx_word' id='word_1_92' title='bbox 407 1298 882 1366; x_wconf 73' lang='lat' dir='ltr'>Graecobarbaro,</span> <span class='ocrx_word' id='word_1_93' title='bbox 904 1296 1247 1353; x_wconf 77' lang='lat' dir='ltr'>existimans</span> <span class='ocrx_word' id='word_1_94' title='bbox 1282 1300 1488 1364; x_wconf 78' lang='grc' dir='ltr'>μοῦσαν</span> <span class='ocrx_word' id='word_1_95' title='bbox 1514 1313 1643 1353; x_wconf 88' lang='lat' dir='ltr'>esse</span> <span class='ocrx_word' id='word_1_96' title='bbox 1667 1300 1949 1354; x_wconf 78' lang='lat' dir='ltr'>tessellam</span> <span class='ocrx_word' id='word_1_97' title='bbox 1970 1316 2064 1354; x_wconf 81' lang='grc' dir='ltr'>υιι-</span> 
     </span>
    </p>
   </div>
   <div class='ocr_carea' id='block_1_15' title="bbox 411 1384 2062 1458">
    <p class='ocr_par' dir='ltr' id='par_1_15' title="bbox 411 1384 2062 1458">
     <span class='ocr_line' id='line_1_17' title="bbox 411 1384 2062 1458; baseline 0 -16"><span class='ocrx_word' id='word_1_98' title='bbox 411 1387 499 1442; x_wconf 75' lang='grc' dir='ltr'>νίθ</span> <span class='ocrx_word' id='word_1_99' title='bbox 532 1388 905 1458; x_wconf 88' lang='lat' dir='ltr'>picturatam.</span> <span class='ocrx_word' id='word_1_100' title='bbox 942 1386 1001 1441; x_wconf 91' lang='lat' dir='ltr'>Si</span> <span class='ocrx_word' id='word_1_101' title='bbox 1034 1387 1181 1441; x_wconf 86' lang='lat' dir='ltr'>forte</span> <span class='ocrx_word' id='word_1_102' title='bbox 1235 1389 1409 1456; x_wconf 68' lang='grc' dir='ltr'>μοῦσα</span> <span class='ocrx_word' id='word_1_103' title='bbox 1455 1391 1512 1441; x_wconf 93' lang='lat' dir='ltr'>et</span> <span class='ocrx_word' id='word_1_104' title='bbox 1564 1384 1838 1458; x_wconf 77' lang='grc' dir='ltr'>μουσίνιον</span> <span class='ocrx_word' id='word_1_105' title='bbox 1888 1386 2062 1442; x_wconf 90' lang='lat' dir='ltr'>etiam</span> 
     </span>
    </p>
   </div>
   <div class='ocr_carea' id='block_1_16' title="bbox 410 1474 2065 1547">
    <p class='ocr_par' dir='ltr' id='par_1_16' title="bbox 410 1474 2065 1547">
     <span class='ocr_line' id='line_1_18' title="bbox 410 1474 2065 1547; baseline 0.001 -17"><span class='ocrx_word' id='word_1_106' title='bbox 410 1477 629 1531; x_wconf 80' lang='lat' dir='ltr'>fuerint</span> <span class='ocrx_word' id='word_1_107' title='bbox 653 1474 964 1545; x_wconf 81' lang='lat' dir='ltr'>variegata,</span> <span class='ocrx_word' id='word_1_108' title='bbox 994 1492 1106 1529; x_wconf 90' lang='lat' dir='ltr'>non</span> <span class='ocrx_word' id='word_1_109' title='bbox 1140 1490 1496 1546; x_wconf 82' lang='lat' dir='ltr'>magnopere</span> <span class='ocrx_word' id='word_1_110' title='bbox 1531 1492 1886 1547; x_wconf 86' lang='lat' dir='ltr'>pugnavero.</span> <span class='ocrx_word' id='word_1_111' title='bbox 1915 1475 2065 1532; x_wconf 88' lang='lat' dir='ltr'>Con-</span> 
     </span>
    </p>
   </div>
   <div class='ocr_carea' id='block_1_17' title="bbox 409 1563 2063 1634">
    <p class='ocr_par' dir='ltr' id='par_1_17' title="bbox 409 1563 2063 1634">
     <span class='ocr_line' id='line_1_19' title="bbox 409 1563 2063 1634; baseline 0.001 -14"><span class='ocrx_word' id='word_1_112' title='bbox 409 1570 526 1621; x_wconf 82' lang='lat' dir='ltr'><strong>stat</strong></span> <span class='ocrx_word' id='word_1_113' title='bbox 550 1566 708 1620; x_wconf 89' lang='lat' dir='ltr'>enim</span> <span class='ocrx_word' id='word_1_114' title='bbox 733 1582 847 1620; x_wconf 90' lang='lat' dir='ltr'>non</span> <span class='ocrx_word' id='word_1_115' title='bbox 874 1563 1067 1619; x_wconf 90' lang='lat' dir='ltr'>solum</span> <span class='ocrx_word' id='word_1_116' title='bbox 1092 1581 1356 1619; x_wconf 83' lang='lat' dir='ltr'>cameras</span> <span class='ocrx_word' id='word_1_117' title='bbox 1378 1568 1433 1621; x_wconf 90' lang='lat' dir='ltr'>et</span> <span class='ocrx_word' id='word_1_118' title='bbox 1455 1565 1731 1634; x_wconf 84' lang='lat' dir='ltr'>fornices,</span> <span class='ocrx_word' id='word_1_119' title='bbox 1755 1567 1853 1621; x_wconf 90' lang='lat' dir='ltr'>sed</span> <span class='ocrx_word' id='word_1_120' title='bbox 1887 1566 2063 1621; x_wconf 90' lang='lat' dir='ltr'>etiam</span> 
     </span>
    </p>
   </div>
   <div class='ocr_carea' id='block_1_18' title="bbox 410 1652 1521 1725">
    <p class='ocr_par' dir='ltr' id='par_1_18' title="bbox 410 1652 1521 1725">
     <span class='ocr_line' id='line_1_20' title="bbox 410 1652 1521 1725; baseline 0 -16"><span class='ocrx_word' id='word_1_121' title='bbox 410 1655 525 1709; x_wconf 88' lang='lat' dir='ltr'>alia</span> <span class='ocrx_word' id='word_1_122' title='bbox 557 1654 740 1708; x_wconf 83' lang='lat' dir='ltr'>fuisse</span> <span class='ocrx_word' id='word_1_123' title='bbox 767 1671 833 1708; x_wconf 87' lang='lat' dir='ltr'>ex</span> <span class='ocrx_word' id='word_1_124' title='bbox 867 1652 1091 1709; x_wconf 87' lang='lat' dir='ltr'>musivo</span> <span class='ocrx_word' id='word_1_125' title='bbox 1124 1658 1180 1708; x_wconf 91' lang='lat' dir='ltr'>et</span> <span class='ocrx_word' id='word_1_126' title='bbox 1209 1654 1521 1725; x_wconf 87' lang='lat' dir='ltr'>variegata.</span> 
     </span>
    </p>
   </div>
   <div class='ocr_carea' id='block_1_19' title="bbox 486 1742 2065 1813">
    <p class='ocr_par' dir='ltr' id='par_1_19' title="bbox 486 1742 2065 1813">
     <span class='ocr_line' id='line_1_21' title="bbox 486 1742 2065 1813; baseline 0.001 -14"><span class='ocrx_word' id='word_1_127' title='bbox 486 1743 588 1799; x_wconf 85' lang='lat' dir='ltr'>Hic</span> <span class='ocrx_word' id='word_1_128' title='bbox 618 1759 762 1799; x_wconf 91' lang='lat' dir='ltr'>usus</span> <span class='ocrx_word' id='word_1_129' title='bbox 793 1744 863 1797; x_wconf 91' lang='lat' dir='ltr'>ad</span> <span class='ocrx_word' id='word_1_130' title='bbox 898 1743 1123 1813; x_wconf 84' lang='lat' dir='ltr'>aliquot</span> <span class='ocrx_word' id='word_1_131' title='bbox 1150 1742 1364 1798; x_wconf 69' lang='lat' dir='ltr'>saecula</span> <span class='ocrx_word' id='word_1_132' title='bbox 1395 1743 1622 1798; x_wconf 90' lang='lat' dir='ltr'>duravit</span> <span class='ocrx_word' id='word_1_133' title='bbox 1653 1747 1774 1800; x_wconf 90' lang='lat' dir='ltr'>tam</span> <span class='ocrx_word' id='word_1_134' title='bbox 1809 1744 1869 1799; x_wconf 91' lang='lat' dir='ltr'>in</span> <span class='ocrx_word' id='word_1_135' title='bbox 1899 1744 2065 1800; x_wconf 80' lang='lat' dir='ltr'>Occi-</span> 
     </span>
    </p>
   </div>
   <div class='ocr_carea' id='block_1_20' title="bbox 421 1831 2145 1939">
    <p class='ocr_par' dir='ltr' id='par_1_20' title="bbox 421 1831 2145 1939">
     <span class='ocr_line' id='line_1_22' title="bbox 421 1831 2145 1939; baseline -0.001 -51"><span class='ocrx_word' id='word_1_136' title='bbox 421 1833 639 1932; x_wconf 78' lang='lat' dir='ltr'>dentali</span> <span class='ocrx_word' id='word_1_137' title='bbox 664 1849 840 1939; x_wconf 74' lang='lat' dir='ltr'>quam</span> <span class='ocrx_word' id='word_1_138' title='bbox 873 1831 1152 1939; x_wconf 72' lang='lat' dir='ltr'>Orientali</span> <span class='ocrx_word' id='word_1_139' title='bbox 1176 1832 1452 1899; x_wconf 85' lang='lat' dir='ltr'>Ecclesia,</span> <span class='ocrx_word' id='word_1_140' title='bbox 1479 1833 1560 1887; x_wconf 93' lang='lat' dir='ltr'>uti</span> <span class='ocrx_word' id='word_1_141' title='bbox 1595 1833 1778 1904; x_wconf 79' lang='lat' dir='ltr'>liquet</span> <span class='ocrx_word' id='word_1_142' title='bbox 1798 1850 1866 1888; x_wconf 84' lang='lat' dir='ltr'>ex</span> <span class='ocrx_word' id='word_1_143' title='bbox 1897 1833 2066 1888; x_wconf 85' lang='lat' dir='ltr'>Prato</span> <span class='ocrx_word' id='word_1_144' title='bbox 2097 1875 2145 1939; x_wconf 83' lang='lat' dir='ltr'><strong>B</strong></span> 
     </span>
    </p>
   </div>
   <div class='ocr_carea' id='block_1_21' title="bbox 418 1920 2067 1994">
    <p class='ocr_par' dir='ltr' id='par_1_21' title="bbox 418 1920 2067 1994">
     <span class='ocr_line' id='line_1_23' title="bbox 418 1920 2067 1994; baseline 0 -17"><span class='ocrx_word' id='word_1_145' title='bbox 418 1921 873 1994; x_wconf 86' lang='lat' dir='ltr'>spirituali,cap.</span> <span class='ocrx_word' id='word_1_146' title='bbox 889 1922 976 1987; x_wconf 83' lang='lat'>79,</span> <span class='ocrx_word' id='word_1_147' title='bbox 996 1921 1093 1975; x_wconf 93' lang='lat' dir='ltr'>ubi</span> <span class='ocrx_word' id='word_1_148' title='bbox 1119 1920 1366 1977; x_wconf 90' lang='lat' dir='ltr'>linteum</span> <span class='ocrx_word' id='word_1_149' title='bbox 1391 1938 1502 1993; x_wconf 89' lang='lat' dir='ltr'>quo</span> <span class='ocrx_word' id='word_1_150' title='bbox 1524 1921 1949 1979; x_wconf 86' lang='lat' dir='ltr'>Eucharistiam</span> <span class='ocrx_word' id='word_1_151' title='bbox 1966 1924 2067 1977; x_wconf 90' lang='lat' dir='ltr'>do-</span> 
     </span>
    </p>
   </div>
   <div class='ocr_carea' id='block_1_22' title="bbox 424 2008 2071 2083">
    <p class='ocr_par' dir='ltr' id='par_1_22' title="bbox 424 2008 2071 2083">
     <span class='ocr_line' id='line_1_24' title="bbox 424 2008 2071 2083; baseline -0.001 -15"><span class='ocrx_word' id='word_1_152' title='bbox 424 2029 584 2068; x_wconf 90' lang='lat' dir='ltr'>mum</span> <span class='ocrx_word' id='word_1_153' title='bbox 619 2012 978 2078; x_wconf 80' lang='lat' dir='ltr'>deferebant,</span> <span class='ocrx_word' id='word_1_154' title='bbox 1011 2011 1203 2067; x_wconf 73' lang='lat' dir='ltr'>Greece</span> <span class='ocrx_word' id='word_1_155' title='bbox 1252 2008 1533 2083; x_wconf 79' lang='grc' dir='ltr'>μουσίκιον</span> <span class='ocrx_word' id='word_1_156' title='bbox 1563 2017 1823 2069; x_wconf 82' lang='lat' dir='ltr'>vocatur.</span> <span class='ocrx_word' id='word_1_157' title='bbox 1858 2017 2071 2069; x_wconf 81' lang='lat' dir='ltr'>Auctor</span> 
     </span>
    </p>
   </div>
   <div class='ocr_carea' id='block_1_23' title="bbox 421 2100 2067 2172">
    <p class='ocr_par' dir='ltr' id='par_1_23' title="bbox 421 2100 2067 2172">
     <span class='ocr_line' id='line_1_25' title="bbox 421 2100 2067 2172; baseline 0.001 -17"><span class='ocrx_word' id='word_1_158' title='bbox 421 2105 615 2155; x_wconf 90' lang='lat' dir='ltr'>autem</span> <span class='ocrx_word' id='word_1_159' title='bbox 642 2100 770 2170; x_wconf 84' lang='lat' dir='ltr'>ejus</span> <span class='ocrx_word' id='word_1_160' title='bbox 790 2100 933 2155; x_wconf 85' lang='lat' dir='ltr'>vixit</span> <span class='ocrx_word' id='word_1_161' title='bbox 962 2104 1224 2172; x_wconf 90' lang='lat' dir='ltr'>tempore</span> <span class='ocrx_word' id='word_1_162' title='bbox 1252 2100 1521 2168; x_wconf 88' lang='lat' dir='ltr'>Zenonis,</span> <span class='ocrx_word' id='word_1_163' title='bbox 1545 2101 1864 2167; x_wconf 80' lang='lat' dir='ltr'>Anastasii,</span> <span class='ocrx_word' id='word_1_164' title='bbox 1888 2105 1944 2156; x_wconf 91' lang='lat' dir='ltr'>et</span> <span class='ocrx_word' id='word_1_165' title='bbox 1964 2102 2067 2157; x_wconf 88' lang='lat' dir='ltr'>Ju-</span> 
     </span>
    </p>
   </div>
   <div class='ocr_carea' id='block_1_24' title="bbox 418 2188 2068 2261">
    <p class='ocr_par' dir='ltr' id='par_1_24' title="bbox 418 2188 2068 2261">
     <span class='ocr_line' id='line_1_26' title="bbox 418 2188 2068 2261; baseline 0.001 -17"><span class='ocrx_word' id='word_1_166' title='bbox 418 2189 552 2244; x_wconf 82' lang='lat' dir='ltr'>stini</span> <span class='ocrx_word' id='word_1_167' title='bbox 578 2190 786 2260; x_wconf 90' lang='lat' dir='ltr'>impp.,</span> <span class='ocrx_word' id='word_1_168' title='bbox 821 2205 933 2261; x_wconf 93' lang='lat' dir='ltr'>quo</span> <span class='ocrx_word' id='word_1_169' title='bbox 957 2194 1236 2260; x_wconf 87' lang='lat' dir='ltr'>tempore,</span> <span class='ocrx_word' id='word_1_170' title='bbox 1262 2188 1572 2244; x_wconf 88' lang='lat' dir='ltr'>Ilormisda</span> <span class='ocrx_word' id='word_1_171' title='bbox 1594 2190 1886 2261; x_wconf 83' lang='lat' dir='ltr'>pontifice,</span> <span class='ocrx_word' id='word_1_172' title='bbox 1919 2189 2068 2246; x_wconf 54' lang='lat' dir='ltr'>cele-</span> 
     </span>
    </p>
   </div>
   <div class='ocr_carea' id='block_1_25' title="bbox 418 2278 2069 2349">
    <p class='ocr_par' dir='ltr' id='par_1_25' title="bbox 418 2278 2069 2349">
     <span class='ocr_line' id='line_1_27' title="bbox 418 2278 2069 2349; baseline 0.001 -17"><span class='ocrx_word' id='word_1_173' title='bbox 418 2279 587 2333; x_wconf 87' lang='lat' dir='ltr'>brata</span> <span class='ocrx_word' id='word_1_174' title='bbox 617 2278 727 2334; x_wconf 85' lang='lat' dir='ltr'>fuit</span> <span class='ocrx_word' id='word_1_175' title='bbox 758 2278 1016 2349; x_wconf 80' lang='lat' dir='ltr'>synodus</span> <span class='ocrx_word' id='word_1_176' title='bbox 1048 2278 1589 2349; x_wconf 69' lang='lat' dir='ltr'>Caesaraugustam,</span> <span class='ocrx_word' id='word_1_177' title='bbox 1616 2279 1673 2333; x_wconf 92' lang='lat' dir='ltr'>in</span> <span class='ocrx_word' id='word_1_178' title='bbox 1699 2296 1814 2348; x_wconf 90' lang='lat' dir='ltr'>qua</span> <span class='ocrx_word' id='word_1_179' title='bbox 1842 2295 1910 2334; x_wconf 91' lang='lat' dir='ltr'>ea</span> <span class='ocrx_word' id='word_1_180' title='bbox 1938 2295 2069 2335; x_wconf 89' lang='lat' dir='ltr'>con-</span> 
     </span>
    </p>
   </div>
   <div class='ocr_carea' id='block_1_26' title="bbox 418 2365 2068 2439">
    <p class='ocr_par' dir='ltr' id='par_1_26' title="bbox 418 2365 2068 2439">
     <span class='ocr_line' id='line_1_28' title="bbox 418 2365 2068 2439; baseline 0.001 -18"><span class='ocrx_word' id='word_1_181' title='bbox 418 2367 666 2421; x_wconf 88' lang='lat' dir='ltr'>suetudo</span> <span class='ocrx_word' id='word_1_182' title='bbox 680 2367 839 2437; x_wconf 88' lang='lat' dir='ltr'>antiq</span> <span class='ocrx_word' id='word_1_183' title='bbox 852 2365 1126 2421; x_wconf 86' lang='lat' dir='ltr'>uaturhis</span> <span class='ocrx_word' id='word_1_184' title='bbox 1139 2366 1332 2422; x_wconf 85' lang='lat' dir='ltr'>verbis</span> <span class='ocrx_word' id='word_1_185' title='bbox 1347 2384 1360 2423; x_wconf 81' lang='lat' dir='ltr'><em>z</em></span> <span class='ocrx_word' id='word_1_186' title='bbox 1377 2388 1405 2416; x_wconf 72' lang='grc' dir='ltr'>α</span> <span class='ocrx_word' id='word_1_187' title='bbox 1426 2366 1804 2424; x_wconf 71' lang='lat' dir='ltr'>Eucharistias</span> <span class='ocrx_word' id='word_1_188' title='bbox 1818 2367 2068 2439; x_wconf 85' lang='lat' dir='ltr'>gratiam</span> 
     </span>
    </p>
   </div>
   <div class='ocr_carea' id='block_1_27' title="bbox 418 2456 2067 2529">
    <p class='ocr_par' dir='ltr' id='par_1_27' title="bbox 418 2456 2067 2529">
     <span class='ocr_line' id='line_1_29' title="bbox 418 2456 2067 2529; baseline 0.001 -18"><span class='ocrx_word' id='word_1_189' title='bbox 418 2456 607 2528; x_wconf 83' lang='lat' dir='ltr'>siquis</span> <span class='ocrx_word' id='word_1_190' title='bbox 641 2456 921 2527; x_wconf 89' lang='lat' dir='ltr'>probatur</span> <span class='ocrx_word' id='word_1_191' title='bbox 950 2460 1245 2526; x_wconf 88' lang='lat' dir='ltr'>acceptam</span> <span class='ocrx_word' id='word_1_192' title='bbox 1278 2473 1393 2511; x_wconf 91' lang='lat' dir='ltr'>non</span> <span class='ocrx_word' id='word_1_193' title='bbox 1426 2457 1946 2529; x_wconf 89' lang='lat' dir='ltr'>consumpsissein</span> <span class='ocrx_word' id='word_1_194' title='bbox 1969 2458 2067 2513; x_wconf 88' lang='lat' dir='ltr'>Ec-</span> 
     </span>
    </p>
   </div>
   <div class='ocr_carea' id='block_1_28' title="bbox 424 2544 1599 2617">
    <p class='ocr_par' dir='ltr' id='par_1_28' title="bbox 424 2544 1599 2617">
     <span class='ocr_line' id='line_1_30' title="bbox 424 2544 1599 2617; baseline -0.007 -15"><span class='ocrx_word' id='word_1_195' title='bbox 424 2546 621 2616; x_wconf 84' lang='lat' dir='ltr'>clesia,</span> <span class='ocrx_word' id='word_1_196' title='bbox 647 2544 960 2600; x_wconf 86' lang='lat' dir='ltr'>anathema</span> <span class='ocrx_word' id='word_1_197' title='bbox 984 2545 1138 2600; x_wconf 92' lang='lat' dir='ltr'>sitin</span> <span class='ocrx_word' id='word_1_198' title='bbox 1171 2550 1539 2617; x_wconf 88' lang='lat' dir='ltr'>perpetuum.</span> <span class='ocrx_word' id='word_1_199' title='bbox 1572 2570 1599 2595; x_wconf 90' lang='grc'>››</span> 
     </span>
    </p>
   </div>
   <div class='ocr_carea' id='block_1_29' title="bbox 494 2634 2068 2705">
    <p class='ocr_par' dir='ltr' id='par_1_29' title="bbox 494 2634 2068 2705">
     <span class='ocr_line' id='line_1_31' title="bbox 494 2634 2068 2705; baseline 0.003 -16"><span class='ocrx_word' id='word_1_200' title='bbox 494 2636 752 2691; x_wconf 75' lang='grc' dir='ltr'>Ενεετιο.</span> <span class='ocrx_word' id='word_1_201' title='bbox 780 2634 921 2688; x_wconf 63' lang='lat' dir='ltr'>Vitas</span> <span class='ocrx_word' id='word_1_202' title='bbox 946 2634 1206 2703; x_wconf 86' lang='lat' dir='ltr'>Antonii,</span> <span class='ocrx_word' id='word_1_203' title='bbox 1229 2651 1356 2705; x_wconf 90' lang='lat' dir='ltr'>cap.</span> <span class='ocrx_word' id='word_1_204' title='bbox 1394 2636 1458 2690; x_wconf 90' lang='grc'>17</span> <span class='ocrx_word' id='word_1_205' title='bbox 1493 2653 1505 2690; x_wconf 89' lang='lat'><strong>:</strong></span> <span class='ocrx_word' id='word_1_206' title='bbox 1543 2658 1570 2686; x_wconf 79' lang='grc' dir='ltr'>ιι</span> <span class='ocrx_word' id='word_1_207' title='bbox 1592 2640 1817 2693; x_wconf 88' lang='lat' dir='ltr'>Secreto</span> <span class='ocrx_word' id='word_1_208' title='bbox 1851 2638 1921 2693; x_wconf 93' lang='lat' dir='ltr'>ab</span> <span class='ocrx_word' id='word_1_209' title='bbox 1953 2636 2068 2693; x_wconf 89' lang='lat' dir='ltr'>im-</span> 
     </span>
    </p>
   </div>
   <div class='ocr_carea' id='block_1_30' title="bbox 416 2723 2069 2798">
    <p class='ocr_par' dir='ltr' id='par_1_30' title="bbox 416 2723 2069 2798">
     <span class='ocr_line' id='line_1_32' title="bbox 416 2723 2069 2798; baseline 0.001 -19"><span class='ocrx_word' id='word_1_210' title='bbox 416 2729 681 2796; x_wconf 89' lang='lat' dir='ltr'>peratore</span> <span class='ocrx_word' id='word_1_211' title='bbox 701 2723 1052 2778; x_wconf 84' lang='lat' dir='ltr'>evectionem</span> <span class='ocrx_word' id='word_1_212' title='bbox 1070 2723 1285 2794; x_wconf 66' lang='lat' dir='ltr'>petiit.»</span> <span class='ocrx_word' id='word_1_213' title='bbox 1308 2724 1611 2796; x_wconf 80' lang='lat' dir='ltr'>Signiﬁcat</span> <span class='ocrx_word' id='word_1_214' title='bbox 1625 2742 1832 2781; x_wconf 87' lang='lat' dir='ltr'>cursus</span> <span class='ocrx_word' id='word_1_215' title='bbox 1849 2726 2069 2798; x_wconf 89' lang='lat' dir='ltr'>publici</span> 
     </span>
    </p>
   </div>
   <div class='ocr_carea' id='block_1_31' title="bbox 421 2812 2067 2883">
    <p class='ocr_par' dir='ltr' id='par_1_31' title="bbox 421 2812 2067 2883">
     <span class='ocr_line' id='line_1_33' title="bbox 421 2812 2067 2883; baseline 0.002 -15"><span class='ocrx_word' id='word_1_216' title='bbox 421 2812 858 2869; x_wconf 85' lang='lat' dir='ltr'>exhibitionem.</span> <span class='ocrx_word' id='word_1_217' title='bbox 877 2813 1122 2867; x_wconf 80' lang='lat' dir='ltr'>Severus</span> <span class='ocrx_word' id='word_1_218' title='bbox 1136 2812 1447 2883; x_wconf 84' lang='lat' dir='ltr'>Sulpicius,</span> <span class='ocrx_word' id='word_1_219' title='bbox 1466 2814 1612 2869; x_wconf 90' lang='lat' dir='ltr'>libro</span> <span class='ocrx_word' id='word_1_220' title='bbox 1628 2831 1666 2868; x_wconf 82' lang='grc' dir='ltr'>ιι</span> <span class='ocrx_word' id='word_1_221' title='bbox 1682 2815 1867 2870; x_wconf 67' lang='lat' dir='ltr'>Sacrae</span> <span class='ocrx_word' id='word_1_222' title='bbox 1884 2816 2067 2872; x_wconf 89' lang='lat' dir='ltr'>histo-</span> 
     </span>
    </p>
   </div>
   <div class='ocr_carea' id='block_1_32' title="bbox 429 2899 2070 2977">
    <p class='ocr_par' dir='ltr' id='par_1_32' title="bbox 429 2899 2070 2977">
     <span class='ocr_line' id='line_1_34' title="bbox 429 2899 2070 2977; baseline 0.001 -19"><span class='ocrx_word' id='word_1_223' title='bbox 429 2903 524 2958; x_wconf 77' lang='lat' dir='ltr'>riae</span> <span class='ocrx_word' id='word_1_224' title='bbox 544 2918 556 2955; x_wconf 86' lang='lat'>:</span> <span class='ocrx_word' id='word_1_225' title='bbox 574 2899 892 2970; x_wconf 83' lang='lat' dir='ltr'>«Hilarius,</span> <span class='ocrx_word' id='word_1_226' title='bbox 911 2902 1366 2957; x_wconf 86' lang='lat' dir='ltr'>dataevectionis</span> <span class='ocrx_word' id='word_1_227' title='bbox 1380 2903 1568 2973; x_wconf 86' lang='lat' dir='ltr'>copia,</span> <span class='ocrx_word' id='word_1_228' title='bbox 1586 2904 1788 2959; x_wconf 87' lang='lat' dir='ltr'>adesse</span> <span class='ocrx_word' id='word_1_229' title='bbox 1812 2906 2070 2977; x_wconf 88' lang='lat' dir='ltr'>compel-</span> 
     </span>
    </p>
   </div>
   <div class='ocr_carea' id='block_1_33' title="bbox 426 2988 2066 3054">
    <p class='ocr_par' dir='ltr' id='par_1_33' title="bbox 426 2988 2066 3054">
     <span class='ocr_line' id='line_1_35' title="bbox 426 2988 2066 3054; baseline 0.005 -8"><span class='ocrx_word' id='word_1_230' title='bbox 426 2992 623 3046; x_wconf 82' lang='lat' dir='ltr'>litur.»</span> <span class='ocrx_word' id='word_1_231' title='bbox 642 2988 841 3045; x_wconf 90' lang='lat' dir='ltr'>Paulin</span> <span class='ocrx_word' id='word_1_232' title='bbox 854 3007 940 3044; x_wconf 84' lang='lat' dir='ltr'>us.</span> <span class='ocrx_word' id='word_1_233' title='bbox 956 2989 1103 3045; x_wconf 92' lang='lat' dir='ltr'>libro</span> <span class='ocrx_word' id='word_1_234' title='bbox 1119 3007 1173 3044; x_wconf 86' lang='grc' dir='ltr'>ιν</span> <span class='ocrx_word' id='word_1_235' title='bbox 1186 2990 1265 3046; x_wconf 92' lang='lat' dir='ltr'>De</span> <span class='ocrx_word' id='word_1_236' title='bbox 1281 2991 1582 3047; x_wconf 84' lang='lat' dir='ltr'>miraculis</span> <span class='ocrx_word' id='word_1_237' title='bbox 1606 2994 1790 3048; x_wconf 86' lang='lat' dir='ltr'>sancti</span> <span class='ocrx_word' id='word_1_238' title='bbox 1818 2995 2066 3054; x_wconf 78' lang='lat' dir='ltr'>Martini:</span> 
     </span>
    </p>
   </div>
   <div class='ocr_carea' id='block_1_34' title="bbox 643 3142 1757 3210">
    <p class='ocr_par' dir='ltr' id='par_1_34' title="bbox 643 3142 1757 3210">
     <span class='ocr_line' id='line_1_36' title="bbox 643 3142 1757 3210; baseline 0.002 -18"><span class='ocrx_word' id='word_1_239' title='bbox 643 3142 805 3210; x_wconf 68' lang='lat' dir='ltr'>Qicite</span> <span class='ocrx_word' id='word_1_240' title='bbox 836 3143 961 3206; x_wconf 87' lang='lat' dir='ltr'>quid</span> <span class='ocrx_word' id='word_1_241' title='bbox 980 3144 1333 3210; x_wconf 77' lang='lat' dir='ltr'>_vestri_velox</span> <span class='ocrx_word' id='word_1_242' title='bbox 1371 3144 1575 3195; x_wconf 84' lang='lat' dir='ltr'>evectio</span> <span class='ocrx_word' id='word_1_243' title='bbox 1598 3145 1757 3210; x_wconf 82' lang='lat' dir='ltr'>Regis</span> 
     </span>
    </p>
   </div>
   <div class='ocr_carea' id='block_1_35' title="bbox 642 3206 1279 3257">
    <p class='ocr_par' dir='ltr' id='par_1_35' title="bbox 642 3206 1279 3257">
     <span class='ocr_line' id='line_1_37' title="bbox 642 3206 1279 3257; baseline 0 -2"><span class='ocrx_word' id='word_1_244' title='bbox 642 3206 850 3257; x_wconf 75' lang='lat' dir='ltr'>Etﬂciat</span> <span class='ocrx_word' id='word_1_245' title='bbox 878 3207 1122 3256; x_wconf 81' lang='lat' dir='ltr'>tardante</span> <span class='ocrx_word' id='word_1_246' title='bbox 1153 3208 1279 3256; x_wconf 89' lang='lat' dir='ltr'>Deo.</span> 
     </span>
    </p>
   </div>
   <div class='ocr_carea' id='block_1_36' title="bbox 420 3349 2071 3423">
    <p class='ocr_par' dir='ltr' id='par_1_36' title="bbox 420 3349 2071 3423">
     <span class='ocr_line' id='line_1_38' title="bbox 420 3349 2071 3423; baseline 0.002 -18"><span class='ocrx_word' id='word_1_247' title='bbox 420 3349 829 3422; x_wconf 80' lang='lat' dir='ltr'>Symmachus,</span> <span class='ocrx_word' id='word_1_248' title='bbox 857 3349 1008 3406; x_wconf 93' lang='lat' dir='ltr'>libro</span> <span class='ocrx_word' id='word_1_249' title='bbox 1031 3367 1072 3419; x_wconf 82' lang='grc' dir='ltr'>ι,</span> <span class='ocrx_word' id='word_1_250' title='bbox 1096 3349 1265 3422; x_wconf 85' lang='lat' dir='ltr'>epist.</span> <span class='ocrx_word' id='word_1_251' title='bbox 1296 3352 1363 3406; x_wconf 90' lang='grc'>15</span> <span class='ocrx_word' id='word_1_252' title='bbox 1393 3368 1406 3405; x_wconf 90' lang='lat'><strong>:</strong></span> <span class='ocrx_word' id='word_1_253' title='bbox 1441 3374 1469 3400; x_wconf 86' lang='lat'><strong><em>«</em></strong></span> <span class='ocrx_word' id='word_1_254' title='bbox 1502 3353 1713 3423; x_wconf 82' lang='lat' dir='ltr'>Accepi</span> <span class='ocrx_word' id='word_1_255' title='bbox 1745 3354 2071 3409; x_wconf 88' lang='lat' dir='ltr'>evectiones</span> 
     </span>
    </p>
   </div>
   <div class='ocr_carea' id='block_1_37' title="bbox 421 3440 2074 3510">
    <p class='ocr_par' dir='ltr' id='par_1_37' title="bbox 421 3440 2074 3510">
     <span class='ocr_line' id='line_1_39' title="bbox 421 3440 2074 3510; baseline 0.002 -15"><span class='ocrx_word' id='word_1_256' title='bbox 421 3440 962 3510; x_wconf 88' lang='lat' dir='ltr'>quatuor,immane</span> <span class='ocrx_word' id='word_1_257' title='bbox 984 3448 1268 3510; x_wconf 86' lang='lat' dir='ltr'>quantum</span> <span class='ocrx_word' id='word_1_258' title='bbox 1293 3442 1701 3498; x_wconf 87' lang='lat' dir='ltr'>commodasin</span> <span class='ocrx_word' id='word_1_259' title='bbox 1722 3458 2004 3499; x_wconf 83' lang='lat' dir='ltr'>excursus</span> <span class='ocrx_word' id='word_1_260' title='bbox 2018 3447 2074 3498; x_wconf 90' lang='lat' dir='ltr'>et</span> 
     </span>
    </p>
   </div>
   <div class='ocr_carea' id='block_1_38' title="bbox 419 3526 2072 3599">
    <p class='ocr_par' dir='ltr' id='par_1_38' title="bbox 419 3526 2072 3599">
     <span class='ocr_line' id='line_1_40' title="bbox 419 3526 2072 3599; baseline 0.002 -17"><span class='ocrx_word' id='word_1_261' title='bbox 419 3545 695 3583; x_wconf 83' lang='lat' dir='ltr'>recursus</span> <span class='ocrx_word' id='word_1_262' title='bbox 730 3544 1014 3584; x_wconf 84' lang='lat' dir='ltr'>meorum.</span> <span class='ocrx_word' id='word_1_263' title='bbox 1034 3550 1061 3576; x_wconf 83' lang='lat'>»</span> <span class='ocrx_word' id='word_1_264' title='bbox 1087 3526 1323 3593; x_wconf 88' lang='lat' dir='ltr'>Idem,l.</span> <span class='ocrx_word' id='word_1_265' title='bbox 1347 3545 1448 3597; x_wconf 84' lang='lat' dir='ltr'>v11,</span> <span class='ocrx_word' id='word_1_266' title='bbox 1472 3527 1642 3599; x_wconf 89' lang='lat' dir='ltr'>epist.</span> <span class='ocrx_word' id='word_1_267' title='bbox 1668 3530 1770 3584; x_wconf 66' lang='lat'>48:</span> <span class='ocrx_word' id='word_1_268' title='bbox 1806 3550 1826 3578; x_wconf 79' lang='grc' dir='ltr'>ι</span> <span class='ocrx_word' id='word_1_269' title='bbox 1859 3530 2072 3586; x_wconf 83' lang='lat' dir='ltr'>Favore</span> 
     </span>
    </p>
   </div>
   <div class='ocr_carea' id='block_1_39' title="bbox 425 3616 2072 3675">
    <p class='ocr_par' dir='ltr' id='par_1_39' title="bbox 425 3616 2072 3675">
     <span class='ocr_line' id='line_1_41' title="bbox 425 3616 2072 3675; baseline 0.002 -3"><span class='ocrx_word' id='word_1_270' title='bbox 425 3622 528 3672; x_wconf 87' lang='lat' dir='ltr'>tuo</span> <span class='ocrx_word' id='word_1_271' title='bbox 563 3616 777 3671; x_wconf 84' lang='lat' dir='ltr'>factum</span> <span class='ocrx_word' id='word_1_272' title='bbox 811 3621 899 3672; x_wconf 88' lang='lat' dir='ltr'>est</span> <span class='ocrx_word' id='word_1_273' title='bbox 931 3621 993 3671; x_wconf 93' lang='lat' dir='ltr'>ut</span> <span class='ocrx_word' id='word_1_274' title='bbox 1023 3617 1387 3673; x_wconf 90' lang='lat' dir='ltr'>evectionum</span> <span class='ocrx_word' id='word_1_275' title='bbox 1419 3618 1779 3674; x_wconf 88' lang='lat' dir='ltr'>adminicula</span> <span class='ocrx_word' id='word_1_276' title='bbox 1812 3636 2072 3675; x_wconf 90' lang='lat' dir='ltr'>sumere-</span> 
     </span>
    </p>
   </div>
   <div class='ocr_carea' id='block_1_40' title="bbox 430 3704 2073 3781">
    <p class='ocr_par' dir='ltr' id='par_1_40' title="bbox 430 3704 2073 3781">
     <span class='ocr_line' id='line_1_42' title="bbox 430 3704 2073 3781; baseline 0.002 -20"><span class='ocrx_word' id='word_1_277' title='bbox 430 3722 585 3761; x_wconf 87' lang='lat' dir='ltr'>mus.</span> <span class='ocrx_word' id='word_1_278' title='bbox 608 3727 635 3753; x_wconf 84' lang='lat'>»</span> <span class='ocrx_word' id='word_1_279' title='bbox 660 3706 873 3761; x_wconf 91' lang='lat' dir='ltr'>Eodem</span> <span class='ocrx_word' id='word_1_280' title='bbox 897 3704 1339 3781; x_wconf 85' lang='lat' dir='ltr'>libro,epist.95</span> <span class='ocrx_word' id='word_1_281' title='bbox 1362 3724 1374 3761; x_wconf 91' lang='lat'><strong>:</strong></span> <span class='ocrx_word' id='word_1_282' title='bbox 1401 3727 1426 3759; x_wconf 74' lang='grc' dir='ltr'>α</span> <span class='ocrx_word' id='word_1_283' title='bbox 1453 3707 1512 3762; x_wconf 92' lang='lat' dir='ltr'>Si</span> <span class='ocrx_word' id='word_1_284' title='bbox 1544 3707 1721 3778; x_wconf 81' lang='lat' dir='ltr'>igitur</span> <span class='ocrx_word' id='word_1_285' title='bbox 1751 3713 1808 3764; x_wconf 91' lang='lat' dir='ltr'>et</span> <span class='ocrx_word' id='word_1_286' title='bbox 1839 3708 1947 3764; x_wconf 87' lang='lat' dir='ltr'>hoc</span> <span class='ocrx_word' id='word_1_287' title='bbox 1978 3709 2073 3765; x_wconf 86' lang='lat' dir='ltr'>in-</span> 
     </span>
    </p>
   </div>
   <div class='ocr_carea' id='block_1_41' title="bbox 427 3794 2073 3867">
    <p class='ocr_par' dir='ltr' id='par_1_41' title="bbox 427 3794 2073 3867">
     <span class='ocr_line' id='line_1_43' title="bbox 427 3794 2073 3867; baseline 0.003 -18"><span class='ocrx_word' id='word_1_288' title='bbox 427 3795 593 3867; x_wconf 89' lang='lat' dir='ltr'>signe</span> <span class='ocrx_word' id='word_1_289' title='bbox 627 3794 927 3863; x_wconf 89' lang='lat' dir='ltr'>detuleris,</span> <span class='ocrx_word' id='word_1_290' title='bbox 954 3796 1109 3867; x_wconf 92' lang='lat' dir='ltr'>quod</span> <span class='ocrx_word' id='word_1_291' title='bbox 1127 3812 1493 3851; x_wconf 90' lang='lat' dir='ltr'>annonarum</span> <span class='ocrx_word' id='word_1_292' title='bbox 1518 3801 1573 3852; x_wconf 93' lang='lat' dir='ltr'>et</span> <span class='ocrx_word' id='word_1_293' title='bbox 1592 3798 1955 3853; x_wconf 89' lang='lat' dir='ltr'>evectionum</span> <span class='ocrx_word' id='word_1_294' title='bbox 1977 3815 2073 3854; x_wconf 89' lang='lat' dir='ltr'>cu-</span> 
     </span>
    </p>
   </div>
   <div class='ocr_carea' id='block_1_42' title="bbox 430 3884 2073 3957">
    <p class='ocr_par' dir='ltr' id='par_1_42' title="bbox 430 3884 2073 3957">
     <span class='ocr_line' id='line_1_44' title="bbox 430 3884 2073 3957; baseline 0.002 -19"><span class='ocrx_word' id='word_1_295' title='bbox 430 3885 613 3938; x_wconf 88' lang='lat' dir='ltr'>mulet</span> <span class='ocrx_word' id='word_1_296' title='bbox 644 3884 911 3955; x_wconf 86' lang='lat' dir='ltr'>adjectio.</span> <span class='ocrx_word' id='word_1_297' title='bbox 937 3904 963 3932; x_wconf 80' lang='grc'>»</span> <span class='ocrx_word' id='word_1_298' title='bbox 990 3884 1202 3940; x_wconf 85' lang='lat' dir='ltr'>Eodem</span> <span class='ocrx_word' id='word_1_299' title='bbox 1236 3884 1407 3951; x_wconf 90' lang='lat' dir='ltr'>libro,</span> <span class='ocrx_word' id='word_1_300' title='bbox 1430 3885 1600 3957; x_wconf 88' lang='lat' dir='ltr'>epist.</span> <span class='ocrx_word' id='word_1_301' title='bbox 1630 3886 1730 3939; x_wconf 88' lang='grc'>105</span> <span class='ocrx_word' id='word_1_302' title='bbox 1763 3903 1777 3944; x_wconf 90' lang='lat'><strong>:</strong></span> <span class='ocrx_word' id='word_1_303' title='bbox 1810 3910 1837 3937; x_wconf 84' lang='lat'><strong>«</strong></span> <span class='ocrx_word' id='word_1_304' title='bbox 1859 3892 1941 3941; x_wconf 90' lang='lat' dir='ltr'>De</span> <span class='ocrx_word' id='word_1_305' title='bbox 1963 3887 2073 3941; x_wconf 89' lang='lat' dir='ltr'>im-</span> 
     </span>
    </p>
   </div>
   <div class='ocr_carea' id='block_1_43' title="bbox 426 3972 2075 4045">
    <p class='ocr_par' dir='ltr' id='par_1_43' title="bbox 426 3972 2075 4045">
     <span class='ocr_line' id='line_1_45' title="bbox 426 3972 2075 4045; baseline 0.002 -17"><span class='ocrx_word' id='word_1_306' title='bbox 426 3973 667 4045; x_wconf 85' lang='lat' dir='ltr'>petratis</span> <span class='ocrx_word' id='word_1_307' title='bbox 698 3973 1100 4028; x_wconf 91' lang='lat' dir='ltr'>evectionibus</span> <span class='ocrx_word' id='word_1_308' title='bbox 1118 3972 1176 4027; x_wconf 90' lang='lat' dir='ltr'>in</span> <span class='ocrx_word' id='word_1_309' title='bbox 1197 3973 1625 4030; x_wconf 89' lang='lat' dir='ltr'>adminiculum</span> <span class='ocrx_word' id='word_1_310' title='bbox 1650 3975 1929 4044; x_wconf 64' lang='lat' dir='ltr'>praetorias</span> <span class='ocrx_word' id='word_1_311' title='bbox 1948 3977 2075 4031; x_wconf 85' lang='lat' dir='ltr'>fun-</span> 
     </span>
    </p>
   </div>
   <div class='ocr_carea' id='block_1_44' title="bbox 419 4061 2071 4135">
    <p class='ocr_par' dir='ltr' id='par_1_44' title="bbox 419 4061 2071 4135">
     <span class='ocr_line' id='line_1_46' title="bbox 419 4061 2071 4135; baseline 0.001 -17"><span class='ocrx_word' id='word_1_312' title='bbox 419 4063 653 4119; x_wconf 88' lang='lat' dir='ltr'>ctionis.</span> <span class='ocrx_word' id='word_1_313' title='bbox 683 4086 711 4111; x_wconf 83' lang='lat'>»</span> <span class='ocrx_word' id='word_1_314' title='bbox 744 4063 923 4130; x_wconf 89' lang='lat' dir='ltr'>Idem,</span> <span class='ocrx_word' id='word_1_315' title='bbox 961 4061 1105 4118; x_wconf 94' lang='lat' dir='ltr'>libro</span> <span class='ocrx_word' id='word_1_316' title='bbox 1140 4079 1214 4133; x_wconf 83' lang='lat' dir='ltr'>1x,</span> <span class='ocrx_word' id='word_1_317' title='bbox 1247 4062 1417 4135; x_wconf 90' lang='lat' dir='ltr'>epist.</span> <span class='ocrx_word' id='word_1_318' title='bbox 1450 4063 1520 4117; x_wconf 79' lang='lat'>20</span> <span class='ocrx_word' id='word_1_319' title='bbox 1552 4078 1567 4119; x_wconf 89' lang='lat'><strong>:</strong></span> <span class='ocrx_word' id='word_1_320' title='bbox 1602 4085 1629 4111; x_wconf 87' lang='lat'><strong>«</strong></span> <span class='ocrx_word' id='word_1_321' title='bbox 1662 4067 1876 4120; x_wconf 89' lang='lat' dir='ltr'>Curam</span> <span class='ocrx_word' id='word_1_322' title='bbox 1908 4069 2071 4120; x_wconf 89' lang='lat' dir='ltr'>tuam</span> 
     </span>
    </p>
   </div>
   <div class='ocr_carea' id='block_1_45' title="bbox 422 4150 2073 4223">
    <p class='ocr_par' dir='ltr' id='par_1_45' title="bbox 422 4150 2073 4223">
     <span class='ocr_line' id='line_1_47' title="bbox 422 4150 2073 4223; baseline 0.002 -17"><span class='ocrx_word' id='word_1_323' title='bbox 422 4168 692 4223; x_wconf 80' lang='lat' dir='ltr'>provoco.</span> <span class='ocrx_word' id='word_1_324' title='bbox 718 4156 783 4206; x_wconf 90' lang='lat' dir='ltr'>ut</span> <span class='ocrx_word' id='word_1_325' title='bbox 816 4151 934 4207; x_wconf 92' lang='lat' dir='ltr'>illis</span> <span class='ocrx_word' id='word_1_326' title='bbox 957 4156 1013 4206; x_wconf 91' lang='lat' dir='ltr'>et</span> <span class='ocrx_word' id='word_1_327' title='bbox 1033 4150 1313 4208; x_wconf 88' lang='lat' dir='ltr'>velocitas</span> <span class='ocrx_word' id='word_1_328' title='bbox 1346 4152 1713 4219; x_wconf 87' lang='lat' dir='ltr'>transeundi,</span> <span class='ocrx_word' id='word_1_329' title='bbox 1736 4156 1793 4208; x_wconf 91' lang='lat' dir='ltr'>et</span> <span class='ocrx_word' id='word_1_330' title='bbox 1822 4154 2073 4210; x_wconf 89' lang='lat' dir='ltr'>evectio-</span> 
     </span>
    </p>
   </div>
   <div class='ocr_carea' id='block_1_46' title="bbox 422 4240 2077 4315">
    <p class='ocr_par' dir='ltr' id='par_1_46' title="bbox 422 4240 2077 4315">
     <span class='ocr_line' id='line_1_48' title="bbox 422 4240 2077 4315; baseline 0.002 -20"><span class='ocrx_word' id='word_1_331' title='bbox 422 4256 565 4295; x_wconf 89' lang='lat' dir='ltr'>num</span> <span class='ocrx_word' id='word_1_332' title='bbox 599 4245 906 4309; x_wconf 71' lang='lat' dir='ltr'>prazstetur</span> <span class='ocrx_word' id='word_1_333' title='bbox 939 4240 1210 4312; x_wconf 91' lang='lat' dir='ltr'>adjectio.</span> <span class='ocrx_word' id='word_1_334' title='bbox 1238 4263 1264 4291; x_wconf 87' lang='grc'><strong>››</strong></span> <span class='ocrx_word' id='word_1_335' title='bbox 1288 4241 1513 4315; x_wconf 74' lang='lat' dir='ltr'>Saepius</span> <span class='ocrx_word' id='word_1_336' title='bbox 1533 4258 1639 4297; x_wconf 81' lang='lat' dir='ltr'>vox</span> <span class='ocrx_word' id='word_1_337' title='bbox 1671 4242 1790 4298; x_wconf 65' lang='lat' dir='ltr'>haec</span> <span class='ocrx_word' id='word_1_338' title='bbox 1821 4244 2077 4299; x_wconf 89' lang='lat' dir='ltr'>occurrit</span> 
     </span>
    </p>
   </div>
   <div class='ocr_carea' id='block_1_47' title="bbox 426 4328 2072 4399">
    <p class='ocr_par' dir='ltr' id='par_1_47' title="bbox 426 4328 2072 4399">
     <span class='ocr_line' id='line_1_49' title="bbox 426 4328 2072 4399; baseline 0.004 -17"><span class='ocrx_word' id='word_1_339' title='bbox 426 4331 485 4383; x_wconf 90' lang='lat' dir='ltr'>in</span> <span class='ocrx_word' id='word_1_340' title='bbox 510 4328 675 4382; x_wconf 90' lang='lat' dir='ltr'>libris</span> <span class='ocrx_word' id='word_1_341' title='bbox 699 4330 1286 4399; x_wconf 89' lang='lat' dir='ltr'>jurisconsultorum.</span> <span class='ocrx_word' id='word_1_342' title='bbox 1318 4330 1463 4386; x_wconf 90' lang='lat' dir='ltr'>Vide</span> <span class='ocrx_word' id='word_1_343' title='bbox 1489 4330 1711 4387; x_wconf 86' lang='lat' dir='ltr'>lexicon</span> <span class='ocrx_word' id='word_1_344' title='bbox 1739 4332 2072 4388; x_wconf 85' lang='lat' dir='ltr'>Juridicum</span> 
     </span>
    </p>
   </div>
   <div class='ocr_carea' id='block_1_48' title="bbox 428 4416 1040 4473">
    <p class='ocr_par' dir='ltr' id='par_1_48' title="bbox 428 4416 1040 4473">
     <span class='ocr_line' id='line_1_50' title="bbox 428 4416 1040 4473; baseline 0.002 -2"><span class='ocrx_word' id='word_1_345' title='bbox 428 4417 705 4472; x_wconf 69' lang='lat' dir='ltr'>Barnabas</span> <span class='ocrx_word' id='word_1_346' title='bbox 735 4416 1040 4473; x_wconf 89' lang='lat' dir='ltr'>Brissonii.</span> 
     </span>
    </p>
   </div>
   <div class='ocr_carea' id='block_1_49' title="bbox 500 4505 2073 4579">
    <p class='ocr_par' dir='ltr' id='par_1_49' title="bbox 500 4505 2073 4579">
     <span class='ocr_line' id='line_1_51' title="bbox 500 4505 2073 4579; baseline 0.004 -20"><span class='ocrx_word' id='word_1_347' title='bbox 500 4506 770 4560; x_wconf 79' lang='lat' dir='ltr'>EULOGIA.</span> <span class='ocrx_word' id='word_1_348' title='bbox 806 4505 937 4559; x_wconf 90' lang='lat' dir='ltr'>Vita</span> <span class='ocrx_word' id='word_1_349' title='bbox 981 4506 1306 4571; x_wconf 85' lang='lat' dir='ltr'>Frontonii,</span> <span class='ocrx_word' id='word_1_350' title='bbox 1340 4524 1466 4579; x_wconf 84' lang='lat' dir='ltr'>cap.</span> <span class='ocrx_word' id='word_1_351' title='bbox 1497 4511 1532 4561; x_wconf 77' lang='lat'>9</span> <span class='ocrx_word' id='word_1_352' title='bbox 1568 4524 1581 4562; x_wconf 89' lang='lat'><strong>:</strong></span> <span class='ocrx_word' id='word_1_353' title='bbox 1630 4532 1657 4558; x_wconf 80' lang='grc' dir='ltr'>ι(</span> <span class='ocrx_word' id='word_1_354' title='bbox 1692 4509 1865 4565; x_wconf 91' lang='lat' dir='ltr'>Velut</span> <span class='ocrx_word' id='word_1_355' title='bbox 1914 4510 2073 4566; x_wconf 86' lang='lat' dir='ltr'>eulo-</span> 
     </span>
    </p>
   </div>
   <div class='ocr_carea' id='block_1_50' title="bbox 2172 581 3837 658">
    <p class='ocr_par' dir='ltr' id='par_1_50' title="bbox 2172 581 3837 658">
     <span class='ocr_line' id='line_1_52' title="bbox 2172 581 3837 658; baseline -0.004 -18"><span class='ocrx_word' id='word_1_356' title='bbox 2172 603 2243 640; x_wconf 91' lang='lat' dir='ltr'>an</span> <span class='ocrx_word' id='word_1_357' title='bbox 2258 588 2464 643; x_wconf 87' lang='lat' dir='ltr'>eodem</span> <span class='ocrx_word' id='word_1_358' title='bbox 2488 586 2848 658; x_wconf 81' lang='lat' dir='ltr'>signiﬁcatu.</span> <span class='ocrx_word' id='word_1_359' title='bbox 2861 586 3041 657; x_wconf 82' lang='lat' dir='ltr'>Leges</span> <span class='ocrx_word' id='word_1_360' title='bbox 3058 581 3837 655; x_wconf 83' lang='lat' dir='ltr'>Langobardorum,librm1,</span> 
     </span>
    </p>
   </div>
   <div class='ocr_carea' id='block_1_51' title="bbox 2169 673 3839 748">
    <p class='ocr_par' dir='ltr' id='par_1_51' title="bbox 2169 673 3839 748">
     <span class='ocr_line' id='line_1_53' title="bbox 2169 673 3839 748; baseline -0.005 -14"><span class='ocrx_word' id='word_1_361' title='bbox 2169 679 2260 735; x_wconf 93' lang='lat' dir='ltr'>tit.</span> <span class='ocrx_word' id='word_1_362' title='bbox 2298 681 2347 743; x_wconf 89' lang='lat'><strong>1,</strong></span> <span class='ocrx_word' id='word_1_363' title='bbox 2380 680 2418 734; x_wconf 94' lang='lat' dir='ltr'>l.</span> <span class='ocrx_word' id='word_1_364' title='bbox 2450 680 2485 733; x_wconf 85' lang='lat'>6</span> <span class='ocrx_word' id='word_1_365' title='bbox 2517 695 2529 733; x_wconf 93' lang='lat'><strong>:</strong></span> <span class='ocrx_word' id='word_1_366' title='bbox 2571 700 2598 731; x_wconf 75' lang='grc' dir='ltr'>α</span> <span class='ocrx_word' id='word_1_367' title='bbox 2626 678 2685 733; x_wconf 92' lang='lat' dir='ltr'>Si</span> <span class='ocrx_word' id='word_1_368' title='bbox 2722 676 2936 748; x_wconf 86' lang='lat' dir='ltr'>aliquis</span> <span class='ocrx_word' id='word_1_369' title='bbox 2972 692 3040 731; x_wconf 80' lang='lat' dir='ltr'>ex</span> <span class='ocrx_word' id='word_1_370' title='bbox 3088 675 3297 730; x_wconf 88' lang='lat' dir='ltr'>amicis</span> <span class='ocrx_word' id='word_1_371' title='bbox 3346 678 3585 744; x_wconf 89' lang='lat' dir='ltr'>accepto</span> <span class='ocrx_word' id='word_1_372' title='bbox 3630 673 3839 727; x_wconf 81' lang='lat' dir='ltr'>exenio</span> 
     </span>
    </p>
   </div>
   <div class='ocr_carea' id='block_1_52' title="bbox 2172 760 3837 840">
    <p class='ocr_par' dir='ltr' id='par_1_52' title="bbox 2172 760 3837 840">
     <span class='ocr_line' id='line_1_54' title="bbox 2172 760 3837 840; baseline -0.006 -17"><span class='ocrx_word' id='word_1_373' title='bbox 2172 769 2285 840; x_wconf 91' lang='lat' dir='ltr'>ipsi</span> <span class='ocrx_word' id='word_1_374' title='bbox 2316 767 2543 823; x_wconf 87' lang='lat' dir='ltr'>mulieri</span> <span class='ocrx_word' id='word_1_375' title='bbox 2575 767 2795 836; x_wconf 90' lang='lat' dir='ltr'>aliquid</span> <span class='ocrx_word' id='word_1_376' title='bbox 2823 764 3067 820; x_wconf 81' lang='lat' dir='ltr'>dederit.</span> <span class='ocrx_word' id='word_1_377' title='bbox 3099 784 3126 816; x_wconf 75' lang='grc' dir='ltr'>ι</span> <span class='ocrx_word' id='word_1_378' title='bbox 3163 765 3610 819; x_wconf 87' lang='lat' dir='ltr'>Testamentum</span> <span class='ocrx_word' id='word_1_379' title='bbox 3643 760 3837 815; x_wconf 85' lang='lat' dir='ltr'>sancti</span> 
     </span>
    </p>
   </div>
   <div class='ocr_carea' id='block_1_53' title="bbox 2170 848 3838 928">
    <p class='ocr_par' dir='ltr' id='par_1_53' title="bbox 2170 848 3838 928">
     <span class='ocr_line' id='line_1_55' title="bbox 2170 848 3838 928; baseline -0.007 -14"><span class='ocrx_word' id='word_1_380' title='bbox 2170 857 2493 928; x_wconf 78' lang='lat' dir='ltr'>Remigiizu</span> <span class='ocrx_word' id='word_1_381' title='bbox 2520 857 2588 912; x_wconf 88' lang='lat' dir='ltr'>Et</span> <span class='ocrx_word' id='word_1_382' title='bbox 2608 854 2811 912; x_wconf 65' lang='lat' dir='ltr'>incolas</span> <span class='ocrx_word' id='word_1_383' title='bbox 2835 854 2945 909; x_wconf 91' lang='lat' dir='ltr'>loci</span> <span class='ocrx_word' id='word_1_384' title='bbox 2970 853 3132 908; x_wconf 88' lang='lat' dir='ltr'>illius</span> <span class='ocrx_word' id='word_1_385' title='bbox 3158 850 3587 923; x_wconf 89' lang='lat' dir='ltr'>multiplicibus</span> <span class='ocrx_word' id='word_1_386' title='bbox 3609 848 3838 904; x_wconf 79' lang='lat' dir='ltr'>exeniis</span> 
     </span>
    </p>
   </div>
   <div class='ocr_carea' id='block_1_54' title="bbox 2172 936 3840 1016">
    <p class='ocr_par' dir='ltr' id='par_1_54' title="bbox 2172 936 3840 1016">
     <span class='ocr_line' id='line_1_56' title="bbox 2172 936 3840 1016; baseline -0.005 -16"><span class='ocrx_word' id='word_1_387' title='bbox 2172 947 2392 1016; x_wconf 87' lang='lat' dir='ltr'>gravati</span> <span class='ocrx_word' id='word_1_388' title='bbox 2405 946 2615 1000; x_wconf 81' lang='lat' dir='ltr'>obnixe</span> <span class='ocrx_word' id='word_1_389' title='bbox 2630 946 3012 1015; x_wconf 84' lang='lat' dir='ltr'>deprecantes</span> <span class='ocrx_word' id='word_1_390' title='bbox 3025 942 3181 1013; x_wconf 88' lang='lat' dir='ltr'>quod</span> <span class='ocrx_word' id='word_1_391' title='bbox 3200 940 3321 1011; x_wconf 86' lang='lat' dir='ltr'>regi</span> <span class='ocrx_word' id='word_1_392' title='bbox 3335 936 3840 1003; x_wconf 86' lang='lat' dir='ltr'>debebant,eccle-</span> 
     </span>
    </p>
   </div>
   <div class='ocr_carea' id='block_1_55' title="bbox 2172 1029 3837 1103">
    <p class='ocr_par' dir='ltr' id='par_1_55' title="bbox 2172 1029 3837 1103">
     <span class='ocr_line' id='line_1_57' title="bbox 2172 1029 3837 1103; baseline -0.005 -11"><span class='ocrx_word' id='word_1_393' title='bbox 2172 1038 2425 1093; x_wconf 65' lang='lat' dir='ltr'>siasmeae</span> <span class='ocrx_word' id='word_1_394' title='bbox 2440 1036 2905 1103; x_wconf 87' lang='lat' dir='ltr'>solvendum,me</span> <span class='ocrx_word' id='word_1_395' title='bbox 2920 1037 3112 1103; x_wconf 89' lang='lat' dir='ltr'>petere</span> <span class='ocrx_word' id='word_1_396' title='bbox 3132 1048 3258 1087; x_wconf 89' lang='lat' dir='ltr'>com</span> <span class='ocrx_word' id='word_1_397' title='bbox 3271 1030 3605 1102; x_wconf 83' lang='lat' dir='ltr'>pulerunt.»</span> <span class='ocrx_word' id='word_1_398' title='bbox 3622 1033 3709 1083; x_wconf 89' lang='lat' dir='ltr'>Ita</span> <span class='ocrx_word' id='word_1_399' title='bbox 3725 1029 3837 1084; x_wconf 86' lang='lat' dir='ltr'>Ms.</span> 
     </span>
    </p>
   </div>
   <div class='ocr_carea' id='block_1_56' title="bbox 2174 1117 3835 1195">
    <p class='ocr_par' dir='ltr' id='par_1_56' title="bbox 2174 1117 3835 1195">
     <span class='ocr_line' id='line_1_58' title="bbox 2174 1117 3835 1195; baseline -0.004 -17"><span class='ocrx_word' id='word_1_400' title='bbox 2174 1124 2297 1182; x_wconf 90' lang='lat' dir='ltr'>loco</span> <span class='ocrx_word' id='word_1_401' title='bbox 2328 1125 2570 1195; x_wconf 86' lang='lat' dir='ltr'>vulgati,</span> <span class='ocrx_word' id='word_1_402' title='bbox 2602 1126 2810 1179; x_wconf 71' lang='lat' dir='ltr'>xeniis.</span> <span class='ocrx_word' id='word_1_403' title='bbox 2846 1121 3205 1183; x_wconf 90' lang='lat' dir='ltr'>Baldericus,</span> <span class='ocrx_word' id='word_1_404' title='bbox 3238 1118 3509 1175; x_wconf 68' lang='lat' dir='ltr'>Historiae</span> <span class='ocrx_word' id='word_1_405' title='bbox 3535 1117 3835 1189; x_wconf 83' lang='lat' dir='ltr'>Jerosoly-</span> 
     </span>
    </p>
   </div>
   <div class='ocr_carea' id='block_1_57' title="bbox 2174 1209 3841 1280">
    <p class='ocr_par' dir='ltr' id='par_1_57' title="bbox 2174 1209 3841 1280">
     <span class='ocr_line' id='line_1_59' title="bbox 2174 1209 3841 1280; baseline -0.005 -10"><span class='ocrx_word' id='word_1_406' title='bbox 2174 1216 2401 1270; x_wconf 75' lang='lat' dir='ltr'>mitanm</span> <span class='ocrx_word' id='word_1_407' title='bbox 2430 1214 2534 1269; x_wconf 91' lang='lat' dir='ltr'>lib.</span> <span class='ocrx_word' id='word_1_408' title='bbox 2560 1230 2658 1268; x_wconf 78' lang='lat' dir='ltr'>III:</span> <span class='ocrx_word' id='word_1_409' title='bbox 2689 1237 2708 1261; x_wconf 78' lang='grc' dir='ltr'>ι</span> <span class='ocrx_word' id='word_1_410' title='bbox 2736 1212 2982 1268; x_wconf 89' lang='lat' dir='ltr'>Condito</span> <span class='ocrx_word' id='word_1_411' title='bbox 3007 1226 3248 1280; x_wconf 91' lang='lat' dir='ltr'>corpore</span> <span class='ocrx_word' id='word_1_412' title='bbox 3268 1209 3488 1279; x_wconf 86' lang='lat' dir='ltr'>quibus</span> <span class='ocrx_word' id='word_1_413' title='bbox 3511 1213 3841 1278; x_wconf 90' lang='lat' dir='ltr'>potuerunt</span> 
     </span>
    </p>
   </div>
   <div class='ocr_carea' id='block_1_58' title="bbox 2173 1296 3837 1370">
    <p class='ocr_par' dir='ltr' id='par_1_58' title="bbox 2173 1296 3837 1370">
     <span class='ocr_line' id='line_1_60' title="bbox 2173 1296 3837 1370; baseline -0.003 -13"><span class='ocrx_word' id='word_1_414' title='bbox 2173 1306 2211 1357; x_wconf 79' lang='grc'>1</span> <span class='ocrx_word' id='word_1_415' title='bbox 2226 1302 2381 1359; x_wconf 72' lang='lat'>030</span> <span class='ocrx_word' id='word_1_416' title='bbox 2399 1302 2786 1367; x_wconf 88' lang='lat' dir='ltr'>aromatibus,</span> <span class='ocrx_word' id='word_1_417' title='bbox 2806 1296 3603 1370; x_wconf 83' lang='lat' dir='ltr'>imperialibusexeniisillud</span> <span class='ocrx_word' id='word_1_418' title='bbox 3630 1313 3837 1368; x_wconf 84' lang='lat' dir='ltr'>prose-</span> 
     </span>
    </p>
   </div>
   <div class='ocr_carea' id='block_1_59' title="bbox 2174 1386 3833 1453">
    <p class='ocr_par' dir='ltr' id='par_1_59' title="bbox 2174 1386 3833 1453">
     <span class='ocr_line' id='line_1_61' title="bbox 2174 1386 3833 1453; baseline -0.004 -5"><span class='ocrx_word' id='word_1_419' title='bbox 2174 1393 2292 1449; x_wconf 89' lang='lat' dir='ltr'>cuti</span> <span class='ocrx_word' id='word_1_420' title='bbox 2316 1397 2476 1447; x_wconf 90' lang='lat' dir='ltr'>sunt.</span> <span class='ocrx_word' id='word_1_421' title='bbox 2498 1391 2755 1446; x_wconf 71' lang='lat' dir='ltr'>nGlossae</span> <span class='ocrx_word' id='word_1_422' title='bbox 2772 1394 2996 1445; x_wconf 89' lang='lat' dir='ltr'>veteres</span> <span class='ocrx_word' id='word_1_423' title='bbox 3024 1406 3036 1442; x_wconf 89' lang='lat'><strong>:</strong></span> <span class='ocrx_word' id='word_1_424' title='bbox 3064 1390 3356 1453; x_wconf 75' lang='lat' dir='ltr'>Exenium,</span> <span class='ocrx_word' id='word_1_425' title='bbox 3386 1386 3699 1441; x_wconf 72' lang='lat' dir='ltr'>servitium.</span> <span class='ocrx_word' id='word_1_426' title='bbox 3728 1387 3833 1441; x_wconf 89' lang='lat' dir='ltr'>Pa-</span> 
     </span>
    </p>
   </div>
   <div class='ocr_carea' id='block_1_60' title="bbox 2174 1473 3838 1553">
    <p class='ocr_par' dir='ltr' id='par_1_60' title="bbox 2174 1473 3838 1553">
     <span class='ocr_line' id='line_1_62' title="bbox 2174 1473 3838 1553; baseline -0.004 -19"><span class='ocrx_word' id='word_1_427' title='bbox 2174 1482 2300 1553; x_wconf 90' lang='lat' dir='ltr'>pias</span> <span class='ocrx_word' id='word_1_428' title='bbox 2317 1480 2758 1536; x_wconf 84' lang='lat' dir='ltr'>Vocabularista</span> <span class='ocrx_word' id='word_1_429' title='bbox 2779 1480 3101 1542; x_wconf 73' lang='lat' dir='ltr'>:Exenium,</span> <span class='ocrx_word' id='word_1_430' title='bbox 3117 1477 3340 1541; x_wconf 85' lang='lat' dir='ltr'>donum,</span> <span class='ocrx_word' id='word_1_431' title='bbox 3353 1473 3838 1530; x_wconf 71' lang='lat' dir='ltr'>servitiumGlos-</span> 
     </span>
    </p>
   </div>
   <div class='ocr_carea' id='block_1_61' title="bbox 2176 1564 3833 1637">
    <p class='ocr_par' dir='ltr' id='par_1_61' title="bbox 2176 1564 3833 1637">
     <span class='ocr_line' id='line_1_63' title="bbox 2176 1564 3833 1637; baseline -0.004 -12"><span class='ocrx_word' id='word_1_432' title='bbox 2176 1571 2396 1627; x_wconf 91' lang='lat' dir='ltr'>sarium</span> <span class='ocrx_word' id='word_1_433' title='bbox 2412 1634 2413 1637; x_wconf 23' lang='grc' dir='ltr'><strong>η</strong></span> <span class='ocrx_word' id='word_1_434' title='bbox 2430 1569 2888 1625; x_wconf 86' lang='lat' dir='ltr'>Camberonense</span> <span class='ocrx_word' id='word_1_435' title='bbox 2911 1567 3019 1622; x_wconf 89' lang='lat' dir='ltr'>Ms.</span> <span class='ocrx_word' id='word_1_436' title='bbox 3047 1584 3061 1621; x_wconf 88' lang='lat'><strong>:</strong></span> <span class='ocrx_word' id='word_1_437' title='bbox 3086 1564 3833 1629; x_wconf 66' lang='lat' dir='ltr'>Ezenium,honor,munus.</span> 
     </span>
    </p>
   </div>
   <div class='ocr_carea' id='block_1_62' title="bbox 2245 1652 3841 1729">
    <p class='ocr_par' dir='ltr' id='par_1_62' title="bbox 2245 1652 3841 1729">
     <span class='ocr_line' id='line_1_64' title="bbox 2245 1652 3841 1729; baseline -0.006 -14"><span class='ocrx_word' id='word_1_438' title='bbox 2245 1661 2333 1715; x_wconf 87' lang='lat' dir='ltr'>Au</span> <span class='ocrx_word' id='word_1_439' title='bbox 2356 1659 2587 1715; x_wconf 72' lang='lat' dir='ltr'>xenium</span> <span class='ocrx_word' id='word_1_440' title='bbox 2618 1656 2849 1729; x_wconf 88' lang='lat' dir='ltr'>proprie</span> <span class='ocrx_word' id='word_1_441' title='bbox 2877 1656 3123 1721; x_wconf 90' lang='lat' dir='ltr'>donum,</span> <span class='ocrx_word' id='word_1_442' title='bbox 3156 1670 3398 1720; x_wconf 88' lang='lat' dir='ltr'>munus,</span> <span class='ocrx_word' id='word_1_443' title='bbox 3432 1657 3570 1708; x_wconf 91' lang='lat' dir='ltr'>noto</span> <span class='ocrx_word' id='word_1_444' title='bbox 3606 1652 3841 1724; x_wconf 83' lang='lat' dir='ltr'>signifi-</span> 
     </span>
    </p>
   </div>
   <div class='ocr_carea' id='block_1_63' title="bbox 2176 1743 3839 1817">
    <p class='ocr_par' dir='ltr' id='par_1_63' title="bbox 2176 1743 3839 1817">
     <span class='ocr_line' id='line_1_65' title="bbox 2176 1743 3839 1817; baseline -0.004 -16"><span class='ocrx_word' id='word_1_445' title='bbox 2176 1752 2330 1817; x_wconf 86' lang='lat' dir='ltr'>catu,</span> <span class='ocrx_word' id='word_1_446' title='bbox 2347 1751 2405 1801; x_wconf 91' lang='lat' dir='ltr'>et</span> <span class='ocrx_word' id='word_1_447' title='bbox 2425 1749 2706 1813; x_wconf 70' lang='lat' dir='ltr'>exenium,</span> <span class='ocrx_word' id='word_1_448' title='bbox 2723 1744 3048 1806; x_wconf 85' lang='lat' dir='ltr'>servitium,</span> <span class='ocrx_word' id='word_1_449' title='bbox 3066 1743 3221 1815; x_wconf 91' lang='lat' dir='ltr'>quod</span> <span class='ocrx_word' id='word_1_450' title='bbox 3245 1743 3524 1798; x_wconf 87' lang='lat' dir='ltr'>subditus</span> <span class='ocrx_word' id='word_1_451' title='bbox 3542 1745 3839 1813; x_wconf 79' lang='lat' dir='ltr'>superiori</span> 
     </span>
    </p>
   </div>
   <div class='ocr_carea' id='block_1_64' title="bbox 2178 1829 3839 1904">
    <p class='ocr_par' dir='ltr' id='par_1_64' title="bbox 2178 1829 3839 1904">
     <span class='ocr_line' id='line_1_66' title="bbox 2178 1829 3839 1904; baseline -0.003 -13"><span class='ocrx_word' id='word_1_452' title='bbox 2178 1836 2387 1891; x_wconf 78' lang='lat' dir='ltr'>debet?</span> <span class='ocrx_word' id='word_1_453' title='bbox 2409 1836 2568 1891; x_wconf 87' lang='lat' dir='ltr'>Idem</span> <span class='ocrx_word' id='word_1_454' title='bbox 2593 1836 2741 1890; x_wconf 79' lang='lat' dir='ltr'>forte</span> <span class='ocrx_word' id='word_1_455' title='bbox 2762 1834 2917 1904; x_wconf 90' lang='lat' dir='ltr'>quod</span> <span class='ocrx_word' id='word_1_456' title='bbox 2937 1832 3167 1889; x_wconf 76' lang='lat' dir='ltr'>soniaca</span> <span class='ocrx_word' id='word_1_457' title='bbox 3198 1830 3414 1886; x_wconf 89' lang='lat' dir='ltr'>dicitur</span> <span class='ocrx_word' id='word_1_458' title='bbox 3435 1829 3714 1885; x_wconf 73' lang='lat' dir='ltr'>Anselmo</span> <span class='ocrx_word' id='word_1_459' title='bbox 3735 1847 3839 1886; x_wconf 88' lang='lat' dir='ltr'>ca-</span> 
     </span>
    </p>
   </div>
   <div class='ocr_carea' id='block_1_65' title="bbox 2179 1920 3846 1985">
    <p class='ocr_par' dir='ltr' id='par_1_65' title="bbox 2179 1920 3846 1985">
     <span class='ocr_line' id='line_1_67' title="bbox 2179 1920 3846 1985; baseline -0.004 -5"><span class='ocrx_word' id='word_1_460' title='bbox 2179 1926 2388 1981; x_wconf 90' lang='lat' dir='ltr'>nonico</span> <span class='ocrx_word' id='word_1_461' title='bbox 2445 1923 2755 1980; x_wconf 87' lang='lat' dir='ltr'>Leodiensi</span> <span class='ocrx_word' id='word_1_462' title='bbox 2802 1923 2860 1977; x_wconf 89' lang='lat' dir='ltr'>in</span> <span class='ocrx_word' id='word_1_463' title='bbox 2910 1922 3104 1977; x_wconf 87' lang='lat' dir='ltr'>Gestis</span> <span class='ocrx_word' id='word_1_464' title='bbox 3156 1920 3372 1977; x_wconf 82' lang='lat' dir='ltr'>Pontif.</span> <span class='ocrx_word' id='word_1_465' title='bbox 3424 1920 3739 1985; x_wconf 86' lang='lat' dir='ltr'>Leodiens,</span> <span class='ocrx_word' id='word_1_466' title='bbox 3787 1923 3846 1975; x_wconf 88' lang='lat' dir='ltr'>st</span> 
     </span>
    </p>
   </div>
   <div class='ocr_carea' id='block_1_66' title="bbox 2175 2008 3840 2085">
    <p class='ocr_par' dir='ltr' id='par_1_66' title="bbox 2175 2008 3840 2085">
     <span class='ocr_line' id='line_1_68' title="bbox 2175 2008 3840 2085; baseline -0.005 -15"><span class='ocrx_word' id='word_1_467' title='bbox 2175 2016 2556 2085; x_wconf 89' lang='lat' dir='ltr'>Trajectens..</span> <span class='ocrx_word' id='word_1_468' title='bbox 2599 2029 2725 2083; x_wconf 87' lang='lat' dir='ltr'>cap.</span> <span class='ocrx_word' id='word_1_469' title='bbox 2759 2013 2827 2067; x_wconf 83' lang='grc'>40</span> <span class='ocrx_word' id='word_1_470' title='bbox 2864 2028 2876 2066; x_wconf 89' lang='lat'>:</span> <span class='ocrx_word' id='word_1_471' title='bbox 2913 2033 2940 2059; x_wconf 88' lang='grc'>‹‹</span> <span class='ocrx_word' id='word_1_472' title='bbox 2977 2010 3251 2081; x_wconf 72' lang='lat' dir='ltr'>Praecepit</span> <span class='ocrx_word' id='word_1_473' title='bbox 3282 2026 3353 2064; x_wconf 90' lang='lat' dir='ltr'>ne</span> <span class='ocrx_word' id='word_1_474' title='bbox 3384 2009 3679 2064; x_wconf 86' lang='lat' dir='ltr'>soniacam</span> <span class='ocrx_word' id='word_1_475' title='bbox 3710 2008 3840 2078; x_wconf 86' lang='lat' dir='ltr'>epi-</span> 
     </span>
    </p>
   </div>
   <div class='ocr_carea' id='block_1_67' title="bbox 2174 2097 3842 2172">
    <p class='ocr_par' dir='ltr' id='par_1_67' title="bbox 2174 2097 3842 2172">
     <span class='ocr_line' id='line_1_69' title="bbox 2174 2097 3842 2172; baseline -0.004 -14"><span class='ocrx_word' id='word_1_476' title='bbox 2174 2105 2367 2172; x_wconf 88' lang='lat' dir='ltr'>scopis</span> <span class='ocrx_word' id='word_1_477' title='bbox 2408 2101 2832 2161; x_wconf 84' lang='lat' dir='ltr'>Lcodiensibus</span> <span class='ocrx_word' id='word_1_478' title='bbox 2882 2100 3168 2163; x_wconf 87' lang='lat' dir='ltr'>debitam,</span> <span class='ocrx_word' id='word_1_479' title='bbox 3200 2108 3271 2155; x_wconf 84' lang='lat' dir='ltr'>ab</span> <span class='ocrx_word' id='word_1_480' title='bbox 3302 2099 3508 2154; x_wconf 89' lang='lat' dir='ltr'>eodem</span> <span class='ocrx_word' id='word_1_481' title='bbox 3559 2097 3687 2152; x_wconf 90' lang='lat' dir='ltr'>loco</span> <span class='ocrx_word' id='word_1_482' title='bbox 3738 2097 3842 2152; x_wconf 90' lang='lat' dir='ltr'>ubi</span> 
     </span>
    </p>
   </div>
   <div class='ocr_carea' id='block_1_68' title="bbox 2176 2188 3835 2264">
    <p class='ocr_par' dir='ltr' id='par_1_68' title="bbox 2176 2188 3835 2264">
     <span class='ocr_line' id='line_1_70' title="bbox 2176 2188 3835 2264; baseline -0.004 -17"><span class='ocrx_word' id='word_1_483' title='bbox 2176 2194 2362 2264; x_wconf 90' lang='lat' dir='ltr'>ipsius</span> <span class='ocrx_word' id='word_1_484' title='bbox 2385 2191 2574 2248; x_wconf 90' lang='lat' dir='ltr'>sancti</span> <span class='ocrx_word' id='word_1_485' title='bbox 2597 2207 2812 2262; x_wconf 88' lang='lat' dir='ltr'>corpus</span> <span class='ocrx_word' id='word_1_486' title='bbox 2834 2188 3234 2262; x_wconf 83' lang='lat' dir='ltr'>quiescit,acci</span> <span class='ocrx_word' id='word_1_487' title='bbox 3244 2203 3377 2259; x_wconf 90' lang='lat' dir='ltr'>pere</span> <span class='ocrx_word' id='word_1_488' title='bbox 3394 2191 3835 2257; x_wconf 66' lang='lat' dir='ltr'>presumereta</span> 
     </span>
    </p>
   </div>
   <div class='ocr_carea' id='block_1_69' title="bbox 2176 2274 3845 2347">
    <p class='ocr_par' dir='ltr' id='par_1_69' title="bbox 2176 2274 3845 2347">
     <span class='ocr_line' id='line_1_71' title="bbox 2176 2274 3845 2347; baseline -0.004 -10"><span class='ocrx_word' id='word_1_489' title='bbox 2176 2281 2283 2337; x_wconf 88' lang='lat' dir='ltr'>Ubi</span> <span class='ocrx_word' id='word_1_490' title='bbox 2307 2280 2689 2337; x_wconf 89' lang='lat' dir='ltr'>doctissimus</span> <span class='ocrx_word' id='word_1_491' title='bbox 2720 2278 3065 2334; x_wconf 81' lang='lat' dir='ltr'>scholiaates</span> <span class='ocrx_word' id='word_1_492' title='bbox 3095 2278 3358 2333; x_wconf 86' lang='lat' dir='ltr'>Joannes</span> <span class='ocrx_word' id='word_1_493' title='bbox 3390 2274 3845 2347; x_wconf 86' lang='lat' dir='ltr'>Cbappeavillus</span> 
     </span>
    </p>
   </div>
   <div class='ocr_carea' id='block_1_70' title="bbox 2174 2364 3840 2439">
    <p class='ocr_par' dir='ltr' id='par_1_70' title="bbox 2174 2364 3840 2439">
     <span class='ocr_line' id='line_1_72' title="bbox 2174 2364 3840 2439; baseline -0.004 -13"><span class='ocrx_word' id='word_1_494' title='bbox 2174 2372 2458 2428; x_wconf 70' lang='lat' dir='ltr'>soniacam</span> <span class='ocrx_word' id='word_1_495' title='bbox 2477 2370 2705 2424; x_wconf 71' lang='lat' dir='ltr'>haerens</span> <span class='ocrx_word' id='word_1_496' title='bbox 2727 2367 3447 2439; x_wconf 73' lang='lat' dir='ltr'>interpretaturobsonium</span> <span class='ocrx_word' id='word_1_497' title='bbox 3458 2364 3840 2434; x_wconf 65' lang='lat' dir='ltr'>episcopisdeo</span> 
     </span>
    </p>
   </div>
   <div class='ocr_carea' id='block_1_71' title="bbox 2179 2453 3838 2527">
    <p class='ocr_par' dir='ltr' id='par_1_71' title="bbox 2179 2453 3838 2527">
     <span class='ocr_line' id='line_1_73' title="bbox 2179 2453 3838 2527; baseline -0.006 -10"><span class='ocrx_word' id='word_1_498' title='bbox 2179 2463 2375 2517; x_wconf 76' lang='lat' dir='ltr'>bitum.</span> <span class='ocrx_word' id='word_1_499' title='bbox 2405 2459 2688 2515; x_wconf 85' lang='lat' dir='ltr'>Existimo</span> <span class='ocrx_word' id='word_1_500' title='bbox 2718 2456 2968 2527; x_wconf 83' lang='lat' dir='ltr'>intelligi</span> <span class='ocrx_word' id='word_1_501' title='bbox 2996 2455 3294 2511; x_wconf 78' lang='lat' dir='ltr'>servitium</span> <span class='ocrx_word' id='word_1_502' title='bbox 3323 2457 3571 2525; x_wconf 79' lang='lat' dir='ltr'>episcopo</span> <span class='ocrx_word' id='word_1_503' title='bbox 3599 2453 3838 2522; x_wconf 69' lang='lat' dir='ltr'>debitus,</span> 
     </span>
    </p>
   </div>
   <div class='ocr_carea' id='block_1_72' title="bbox 2176 2542 3839 2617">
    <p class='ocr_par' dir='ltr' id='par_1_72' title="bbox 2176 2542 3839 2617">
     <span class='ocr_line' id='line_1_74' title="bbox 2176 2542 3839 2617; baseline -0.005 -12"><span class='ocrx_word' id='word_1_504' title='bbox 2176 2568 2276 2606; x_wconf 89' lang='lat' dir='ltr'>seu</span> <span class='ocrx_word' id='word_1_505' title='bbox 2289 2594 2301 2617; x_wconf 96' lang='lat'>,</span> <span class='ocrx_word' id='word_1_506' title='bbox 2317 2559 2526 2605; x_wconf 74' lang='lat' dir='ltr'>certam</span> <span class='ocrx_word' id='word_1_507' title='bbox 2538 2564 2782 2603; x_wconf 82' lang='lat' dir='ltr'>annuam</span> <span class='ocrx_word' id='word_1_508' title='bbox 2795 2548 3136 2617; x_wconf 76' lang='lat' dir='ltr'>pensionem,</span> <span class='ocrx_word' id='word_1_509' title='bbox 3153 2562 3282 2616; x_wconf 62' lang='lat' dir='ltr'>qua:</span> <span class='ocrx_word' id='word_1_510' title='bbox 3296 2543 3479 2599; x_wconf 88' lang='lat' dir='ltr'>Gallis</span> <span class='ocrx_word' id='word_1_511' title='bbox 3499 2549 3729 2613; x_wconf 66' lang='lat' dir='ltr'>Essogne</span> <span class='ocrx_word' id='word_1_512' title='bbox 3743 2542 3839 2596; x_wconf 86' lang='lat' dir='ltr'>di-</span> 
     </span>
    </p>
   </div>
   <div class='ocr_carea' id='block_1_73' title="bbox 2176 2632 3834 2703">
    <p class='ocr_par' dir='ltr' id='par_1_73' title="bbox 2176 2632 3834 2703">
     <span class='ocr_line' id='line_1_75' title="bbox 2176 2632 3834 2703; baseline -0.006 -8"><span class='ocrx_word' id='word_1_513' title='bbox 2176 2638 2507 2696; x_wconf 89' lang='lat' dir='ltr'>citur.Vide</span> <span class='ocrx_word' id='word_1_514' title='bbox 2530 2635 2816 2692; x_wconf 81' lang='lat' dir='ltr'>Fraucisci</span> <span class='ocrx_word' id='word_1_515' title='bbox 2847 2638 3074 2703; x_wconf 84' lang='lat' dir='ltr'>Rageau</span> <span class='ocrx_word' id='word_1_516' title='bbox 3106 2634 3360 2690; x_wconf 83' lang='lat' dir='ltr'>Iudicem</span> <span class='ocrx_word' id='word_1_517' title='bbox 3391 2632 3627 2687; x_wconf 87' lang='lat' dir='ltr'>Jurium</span> <span class='ocrx_word' id='word_1_518' title='bbox 3663 2648 3834 2701; x_wconf 87' lang='lat' dir='ltr'>rega-</span> 
     </span>
    </p>
   </div>
   <div class='ocr_carea' id='block_1_74' title="bbox 2173 2732 2344 2787">
    <p class='ocr_par' dir='ltr' id='par_1_74' title="bbox 2173 2732 2344 2787">
     <span class='ocr_line' id='line_1_76' title="bbox 2173 2732 2344 2787; baseline -0.012 0"><span class='ocrx_word' id='word_1_519' title='bbox 2173 2732 2344 2787; x_wconf 91' lang='lat' dir='ltr'>lium.</span> 
     </span>
    </p>
   </div>
   <div class='ocr_carea' id='block_1_75' title="bbox 2248 2810 3834 2887">
    <p class='ocr_par' dir='ltr' id='par_1_75' title="bbox 2248 2810 3834 2887">
     <span class='ocr_line' id='line_1_77' title="bbox 2248 2810 3834 2887; baseline -0.007 -12"><span class='ocrx_word' id='word_1_520' title='bbox 2248 2820 2452 2875; x_wconf 80' lang='lat' dir='ltr'>FAUNI.</span> <span class='ocrx_word' id='word_1_521' title='bbox 2492 2818 2901 2887; x_wconf 80' lang='lat' dir='ltr'>Hieronymus,</span> <span class='ocrx_word' id='word_1_522' title='bbox 2931 2814 2989 2871; x_wconf 93' lang='lat' dir='ltr'>in</span> <span class='ocrx_word' id='word_1_523' title='bbox 3021 2815 3154 2870; x_wconf 88' lang='lat' dir='ltr'>Vita</span> <span class='ocrx_word' id='word_1_524' title='bbox 3198 2812 3384 2869; x_wconf 88' lang='lat' dir='ltr'>sancti</span> <span class='ocrx_word' id='word_1_525' title='bbox 3437 2811 3602 2866; x_wconf 91' lang='lat' dir='ltr'>Pauli</span> <span class='ocrx_word' id='word_1_526' title='bbox 3655 2810 3834 2882; x_wconf 86' lang='lat' dir='ltr'>primi</span> 
     </span>
    </p>
   </div>
   <div class='ocr_carea' id='block_1_76' title="bbox 2177 2901 3838 2976">
    <p class='ocr_par' dir='ltr' id='par_1_76' title="bbox 2177 2901 3838 2976">
     <span class='ocr_line' id='line_1_78' title="bbox 2177 2901 3838 2976; baseline -0.006 -12"><span class='ocrx_word' id='word_1_527' title='bbox 2177 2910 2455 2976; x_wconf 67' lang='lat' dir='ltr'>eremitaa,</span> <span class='ocrx_word' id='word_1_528' title='bbox 2480 2923 2645 2962; x_wconf 85' lang='lat' dir='ltr'>num.</span> <span class='ocrx_word' id='word_1_529' title='bbox 2667 2906 2701 2958; x_wconf 92' lang='lat'>8</span> <span class='ocrx_word' id='word_1_530' title='bbox 2725 2922 2737 2960; x_wconf 91' lang='lat'><strong>:</strong></span> <span class='ocrx_word' id='word_1_531' title='bbox 2771 2926 2797 2958; x_wconf 78' lang='grc' dir='ltr'>ιι</span> <span class='ocrx_word' id='word_1_532' title='bbox 2817 2908 2972 2968; x_wconf 88' lang='lat' dir='ltr'>Quos</span> <span class='ocrx_word' id='word_1_533' title='bbox 2994 2904 3152 2959; x_wconf 89' lang='lat' dir='ltr'>vario</span> <span class='ocrx_word' id='word_1_534' title='bbox 3176 2902 3384 2958; x_wconf 88' lang='lat' dir='ltr'>delusa</span> <span class='ocrx_word' id='word_1_535' title='bbox 3416 2916 3613 2957; x_wconf 90' lang='lat' dir='ltr'>errore</span> <span class='ocrx_word' id='word_1_536' title='bbox 3643 2901 3838 2970; x_wconf 86' lang='lat' dir='ltr'>genti-</span> 
     </span>
    </p>
   </div>
   <div class='ocr_carea' id='block_1_77' title="bbox 2175 2989 3837 3066">
    <p class='ocr_par' dir='ltr' id='par_1_77' title="bbox 2175 2989 3837 3066">
     <span class='ocr_line' id='line_1_79' title="bbox 2175 2989 3837 3066; baseline -0.01 -13"><span class='ocrx_word' id='word_1_537' title='bbox 2175 2999 2313 3054; x_wconf 91' lang='lat' dir='ltr'>litas</span> <span class='ocrx_word' id='word_1_538' title='bbox 2338 2999 2584 3061; x_wconf 84' lang='lat' dir='ltr'>Faunos,</span> <span class='ocrx_word' id='word_1_539' title='bbox 2609 2995 2964 3066; x_wconf 87' lang='lat' dir='ltr'>Satyrosque</span> <span class='ocrx_word' id='word_1_540' title='bbox 2985 2997 3043 3047; x_wconf 91' lang='lat' dir='ltr'>et</span> <span class='ocrx_word' id='word_1_541' title='bbox 3069 2993 3315 3047; x_wconf 89' lang='lat' dir='ltr'>lncubos</span> <span class='ocrx_word' id='word_1_542' title='bbox 3338 3006 3573 3057; x_wconf 87' lang='lat' dir='ltr'>vocans,</span> <span class='ocrx_word' id='word_1_543' title='bbox 3608 2989 3769 3044; x_wconf 88' lang='lat' dir='ltr'>colit.</span> <span class='ocrx_word' id='word_1_544' title='bbox 3807 3011 3837 3038; x_wconf 83' lang='grc'><strong>››</strong></span> 
     </span>
    </p>
   </div>
   <div class='ocr_carea' id='block_1_78' title="bbox 2174 3077 3836 3151">
    <p class='ocr_par' dir='ltr' id='par_1_78' title="bbox 2174 3077 3836 3151">
     <span class='ocr_line' id='line_1_80' title="bbox 2174 3077 3836 3151; baseline -0.008 -8"><span class='ocrx_word' id='word_1_545' title='bbox 2174 3088 2256 3143; x_wconf 94' lang='lat' dir='ltr'>De</span> <span class='ocrx_word' id='word_1_546' title='bbox 2277 3085 2495 3143; x_wconf 87' lang='lat' dir='ltr'>Faunis</span> <span class='ocrx_word' id='word_1_547' title='bbox 2528 3082 2715 3139; x_wconf 90' lang='lat' dir='ltr'>multa</span> <span class='ocrx_word' id='word_1_548' title='bbox 2744 3081 2986 3139; x_wconf 84' lang='lat' dir='ltr'>collecta</span> <span class='ocrx_word' id='word_1_549' title='bbox 3022 3082 3154 3136; x_wconf 89' lang='lat' dir='ltr'>vide</span> <span class='ocrx_word' id='word_1_550' title='bbox 3185 3080 3341 3151; x_wconf 87' lang='lat' dir='ltr'>apud</span> <span class='ocrx_word' id='word_1_551' title='bbox 3378 3077 3583 3133; x_wconf 88' lang='lat' dir='ltr'>Lilium</span> <span class='ocrx_word' id='word_1_552' title='bbox 3609 3082 3836 3148; x_wconf 85' lang='lat' dir='ltr'>Grego-</span> 
     </span>
    </p>
   </div>
   <div class='ocr_carea' id='block_1_79' title="bbox 2176 3167 3837 3247">
    <p class='ocr_par' dir='ltr' id='par_1_79' title="bbox 2176 3167 3837 3247">
     <span class='ocr_line' id='line_1_81' title="bbox 2176 3167 3837 3247; baseline -0.007 -15"><span class='ocrx_word' id='word_1_553' title='bbox 2176 3177 2328 3234; x_wconf 90' lang='lat' dir='ltr'>rium</span> <span class='ocrx_word' id='word_1_554' title='bbox 2364 3174 3069 3247; x_wconf 86' lang='lat' dir='ltr'>Giraldum,syntagmate</span> <span class='ocrx_word' id='word_1_555' title='bbox 3094 3170 3162 3224; x_wconf 85' lang='lat'><strong>15</strong></span> <span class='ocrx_word' id='word_1_556' title='bbox 3179 3167 3451 3225; x_wconf 71' lang='lat' dir='ltr'>Historiae</span> <span class='ocrx_word' id='word_1_557' title='bbox 3485 3168 3751 3231; x_wconf 89' lang='lat' dir='ltr'>deorum,</span> <span class='ocrx_word' id='word_1_558' title='bbox 3775 3170 3837 3221; x_wconf 89' lang='lat' dir='ltr'>et</span> 
     </span>
    </p>
   </div>
   <div class='ocr_carea' id='block_1_80' title="bbox 2101 3242 3831 3337">
    <p class='ocr_par' dir='ltr' id='par_1_80' title="bbox 2101 3242 3831 3337">
     <span class='ocr_line' id='line_1_82' title="bbox 2101 3242 3831 3337; baseline -0.008 -15"><span class='ocrx_word' id='word_1_559' title='bbox 2101 3242 2142 3308; x_wconf 77' lang='lat' dir='ltr'><strong><em>C</em></strong></span> <span class='ocrx_word' id='word_1_560' title='bbox 2178 3265 2332 3337; x_wconf 92' lang='lat' dir='ltr'>apud</span> <span class='ocrx_word' id='word_1_561' title='bbox 2364 3261 2628 3319; x_wconf 89' lang='lat' dir='ltr'>Natalem</span> <span class='ocrx_word' id='word_1_562' title='bbox 2661 3242 2969 3330; x_wconf 83' lang='lat' dir='ltr'>Comitem,</span> <span class='ocrx_word' id='word_1_563' title='bbox 3000 3258 3372 3330; x_wconf 68' lang='lat' dir='ltr'>Mythologize</span> <span class='ocrx_word' id='word_1_564' title='bbox 3401 3256 3505 3311; x_wconf 89' lang='lat' dir='ltr'>lib.</span> <span class='ocrx_word' id='word_1_565' title='bbox 3526 3273 3586 3323; x_wconf 91' lang='lat' dir='ltr'>v,</span> <span class='ocrx_word' id='word_1_566' title='bbox 3616 3271 3744 3325; x_wconf 87' lang='lat' dir='ltr'>cap.</span> <span class='ocrx_word' id='word_1_567' title='bbox 3772 3256 3831 3308; x_wconf 86' lang='lat'>9.</span> 
     </span>
    </p>
   </div>
   <div class='ocr_carea' id='block_1_81' title="bbox 2177 3345 3841 3415">
    <p class='ocr_par' dir='ltr' id='par_1_81' title="bbox 2177 3345 3841 3415">
     <span class='ocr_line' id='line_1_83' title="bbox 2177 3345 3841 3415; baseline -0.006 -6"><span class='ocrx_word' id='word_1_568' title='bbox 2177 3356 2322 3409; x_wconf 89' lang='lat' dir='ltr'>Vide</span> <span class='ocrx_word' id='word_1_569' title='bbox 2342 3358 2399 3409; x_wconf 89' lang='lat' dir='ltr'>et</span> <span class='ocrx_word' id='word_1_570' title='bbox 2419 3350 2931 3408; x_wconf 86' lang='lat' dir='ltr'>Conimbriceuses</span> <span class='ocrx_word' id='word_1_571' title='bbox 2964 3357 3219 3415; x_wconf 87' lang='lat' dir='ltr'>nostros,</span> <span class='ocrx_word' id='word_1_572' title='bbox 3242 3347 3303 3402; x_wconf 89' lang='lat' dir='ltr'>in</span> <span class='ocrx_word' id='word_1_573' title='bbox 3328 3347 3476 3402; x_wconf 90' lang='lat' dir='ltr'>libro</span> <span class='ocrx_word' id='word_1_574' title='bbox 3497 3362 3537 3400; x_wconf 78' lang='grc' dir='ltr'>ιι</span> <span class='ocrx_word' id='word_1_575' title='bbox 3560 3345 3841 3415; x_wconf 83' lang='lat' dir='ltr'>Physica-</span> 
     </span>
    </p>
   </div>
   <div class='ocr_carea' id='block_1_82' title="bbox 2179 3432 3841 3511">
    <p class='ocr_par' dir='ltr' id='par_1_82' title="bbox 2179 3432 3841 3511">
     <span class='ocr_line' id='line_1_84' title="bbox 2179 3432 3841 3511; baseline -0.008 -12"><span class='ocrx_word' id='word_1_576' title='bbox 2179 3459 2333 3510; x_wconf 90' lang='lat' dir='ltr'>rum,</span> <span class='ocrx_word' id='word_1_577' title='bbox 2357 3458 2483 3511; x_wconf 87' lang='lat' dir='ltr'>cap.</span> <span class='ocrx_word' id='word_1_578' title='bbox 2507 3441 2562 3505; x_wconf 88' lang='lat'>9,</span> <span class='ocrx_word' id='word_1_579' title='bbox 2587 3457 2645 3511; x_wconf 91' lang='lat' dir='ltr'>q.</span> <span class='ocrx_word' id='word_1_580' title='bbox 2666 3440 2723 3508; x_wconf 87' lang='lat'>5,</span> <span class='ocrx_word' id='word_1_581' title='bbox 2746 3443 2856 3496; x_wconf 88' lang='lat' dir='ltr'>art.</span> <span class='ocrx_word' id='word_1_582' title='bbox 2882 3439 2934 3504; x_wconf 92' lang='lat'>3,</span> <span class='ocrx_word' id='word_1_583' title='bbox 2961 3436 3063 3493; x_wconf 90' lang='lat' dir='ltr'>ubi</span> <span class='ocrx_word' id='word_1_584' title='bbox 3086 3441 3361 3507; x_wconf 63' lang='lat' dir='ltr'>quarunt</span> <span class='ocrx_word' id='word_1_585' title='bbox 3386 3451 3458 3489; x_wconf 91' lang='lat' dir='ltr'>an</span> <span class='ocrx_word' id='word_1_586' title='bbox 3492 3433 3613 3489; x_wconf 87' lang='lat' dir='ltr'>ﬂeri</span> <span class='ocrx_word' id='word_1_587' title='bbox 3646 3432 3841 3503; x_wconf 86' lang='lat' dir='ltr'>possit</span> 
     </span>
    </p>
   </div>
   <div class='ocr_carea' id='block_1_83' title="bbox 2179 3524 3842 3596">
    <p class='ocr_par' dir='ltr' id='par_1_83' title="bbox 2179 3524 3842 3596">
     <span class='ocr_line' id='line_1_85' title="bbox 2179 3524 3842 3596; baseline -0.007 -9"><span class='ocrx_word' id='word_1_588' title='bbox 2179 3537 2244 3588; x_wconf 92' lang='lat' dir='ltr'>ut</span> <span class='ocrx_word' id='word_1_589' title='bbox 2264 3549 2334 3587; x_wconf 78' lang='lat' dir='ltr'>ex</span> <span class='ocrx_word' id='word_1_590' title='bbox 2354 3526 2952 3586; x_wconf 86' lang='lat' dir='ltr'>bumanaetbelluina</span> <span class='ocrx_word' id='word_1_591' title='bbox 2974 3528 3167 3596; x_wconf 87' lang='lat' dir='ltr'>specie</span> <span class='ocrx_word' id='word_1_592' title='bbox 3189 3524 3460 3581; x_wconf 90' lang='lat' dir='ltr'>homines</span> <span class='ocrx_word' id='word_1_593' title='bbox 3491 3526 3842 3579; x_wconf 81' lang='lat' dir='ltr'>nascantur.</span> 
     </span>
    </p>
   </div>
   <div class='ocr_carea' id='block_1_84' title="bbox 2176 3612 3839 3686">
    <p class='ocr_par' dir='ltr' id='par_1_84' title="bbox 2176 3612 3839 3686">
     <span class='ocr_line' id='line_1_86' title="bbox 2176 3612 3839 3686; baseline -0.006 -12"><span class='ocrx_word' id='word_1_594' title='bbox 2176 3622 2322 3677; x_wconf 85' lang='lat' dir='ltr'>Vide</span> <span class='ocrx_word' id='word_1_595' title='bbox 2343 3625 2400 3675; x_wconf 93' lang='lat' dir='ltr'>et</span> <span class='ocrx_word' id='word_1_596' title='bbox 2421 3617 2701 3685; x_wconf 87' lang='lat' dir='ltr'>Delrium,</span> <span class='ocrx_word' id='word_1_597' title='bbox 2725 3616 2927 3686; x_wconf 70' lang='lat' dir='ltr'>Magia:</span> <span class='ocrx_word' id='word_1_598' title='bbox 2959 3620 3102 3670; x_wconf 92' lang='lat' dir='ltr'>tom.</span> <span class='ocrx_word' id='word_1_599' title='bbox 3130 3615 3172 3681; x_wconf 80' lang='grc' dir='ltr'>Ι,</span> <span class='ocrx_word' id='word_1_600' title='bbox 3196 3614 3297 3668; x_wconf 92' lang='lat' dir='ltr'>lib.</span> <span class='ocrx_word' id='word_1_601' title='bbox 3318 3630 3379 3678; x_wconf 80' lang='grc' dir='ltr'>ιι,</span> <span class='ocrx_word' id='word_1_602' title='bbox 3409 3630 3467 3683; x_wconf 92' lang='lat' dir='ltr'>q.</span> <span class='ocrx_word' id='word_1_603' title='bbox 3490 3613 3581 3680; x_wconf 85' lang='lat'>27,</span> <span class='ocrx_word' id='word_1_604' title='bbox 3614 3612 3839 3667; x_wconf 81' lang='lat' dir='ltr'>sect.2.</span> 
     </span>
    </p>
   </div>
   <div class='ocr_carea' id='block_1_85' title="bbox 2250 3706 3009 3765">
    <p class='ocr_par' dir='ltr' id='par_1_85' title="bbox 2250 3706 3009 3765">
     <span class='ocr_line' id='line_1_87' title="bbox 2250 3706 3009 3765; baseline -0.005 -2"><span class='ocrx_word' id='word_1_605' title='bbox 2250 3715 2640 3765; x_wconf 73' lang='lat' dir='ltr'>FRIGORB‘I‘ICI.</span> <span class='ocrx_word' id='word_1_606' title='bbox 2683 3708 2819 3761; x_wconf 73' lang='lat' dir='ltr'>Vide</span> <span class='ocrx_word' id='word_1_607' title='bbox 2847 3706 3009 3760; x_wconf 80' lang='lat' dir='ltr'>TYPI.</span> 
     </span>
    </p>
   </div>
   <div class='ocr_carea' id='block_1_86' title="bbox 2251 3789 3836 3868">
    <p class='ocr_par' dir='ltr' id='par_1_86' title="bbox 2251 3789 3836 3868">
     <span class='ocr_line' id='line_1_88' title="bbox 2251 3789 3836 3868; baseline -0.005 -16"><span class='ocrx_word' id='word_1_608' title='bbox 2251 3804 2612 3863; x_wconf 75' lang='lat' dir='ltr'>FLABELLUM,</span> <span class='ocrx_word' id='word_1_609' title='bbox 2646 3789 2904 3868; x_wconf 79' lang='grc' dir='ltr'>ριπίδιον.</span> <span class='ocrx_word' id='word_1_610' title='bbox 2940 3793 3092 3849; x_wconf 89' lang='lat' dir='ltr'>Usus</span> <span class='ocrx_word' id='word_1_611' title='bbox 3142 3793 3271 3863; x_wconf 87' lang='lat' dir='ltr'>ejus</span> <span class='ocrx_word' id='word_1_612' title='bbox 3320 3792 3379 3847; x_wconf 84' lang='lat' dir='ltr'>in</span> <span class='ocrx_word' id='word_1_613' title='bbox 3421 3790 3627 3857; x_wconf 84' lang='lat' dir='ltr'>sacris,</span> <span class='ocrx_word' id='word_1_614' title='bbox 3674 3791 3836 3861; x_wconf 90' lang='lat' dir='ltr'>quod</span> 
     </span>
    </p>
   </div>
   <div class='ocr_carea' id='block_1_87' title="bbox 2179 3878 3840 3957">
    <p class='ocr_par' dir='ltr' id='par_1_87' title="bbox 2179 3878 3840 3957">
     <span class='ocr_line' id='line_1_89' title="bbox 2179 3878 3840 3957; baseline -0.006 -13"><span class='ocrx_word' id='word_1_615' title='bbox 2179 3887 2407 3943; x_wconf 89' lang='lat' dir='ltr'>diaconi</span> <span class='ocrx_word' id='word_1_616' title='bbox 2438 3886 2767 3957; x_wconf 89' lang='lat' dir='ltr'>gestabant.</span> <span class='ocrx_word' id='word_1_617' title='bbox 2799 3883 3036 3939; x_wconf 90' lang='lat' dir='ltr'>Pratum</span> <span class='ocrx_word' id='word_1_618' title='bbox 3070 3880 3381 3952; x_wconf 90' lang='lat' dir='ltr'>spirituale</span> <span class='ocrx_word' id='word_1_619' title='bbox 3432 3878 3682 3935; x_wconf 87' lang='lat' dir='ltr'>Joannis</span> <span class='ocrx_word' id='word_1_620' title='bbox 3713 3878 3840 3934; x_wconf 80' lang='lat' dir='ltr'>Mo-</span> 
     </span>
    </p>
   </div>
   <div class='ocr_carea' id='block_1_88' title="bbox 2179 3968 3836 4046">
    <p class='ocr_par' dir='ltr' id='par_1_88' title="bbox 2179 3968 3836 4046">
     <span class='ocr_line' id='line_1_90' title="bbox 2179 3968 3836 4046; baseline -0.007 -14"><span class='ocrx_word' id='word_1_621' title='bbox 2179 3977 2326 4045; x_wconf 86' lang='lat' dir='ltr'>schi,</span> <span class='ocrx_word' id='word_1_622' title='bbox 2358 3992 2488 4046; x_wconf 91' lang='lat' dir='ltr'>cap.</span> <span class='ocrx_word' id='word_1_623' title='bbox 2527 3975 2624 4028; x_wconf 83' lang='lat'>150</span> <span class='ocrx_word' id='word_1_624' title='bbox 2669 3990 2682 4028; x_wconf 87' lang='lat'><strong>:</strong></span> <span class='ocrx_word' id='word_1_625' title='bbox 2729 3995 2758 4022; x_wconf 85' lang='lat'><strong>«</strong></span> <span class='ocrx_word' id='word_1_626' title='bbox 2797 3972 3112 4027; x_wconf 86' lang='lat' dir='ltr'>Diacoaum</span> <span class='ocrx_word' id='word_1_627' title='bbox 3145 3970 3317 4026; x_wconf 90' lang='lat' dir='ltr'>illum</span> <span class='ocrx_word' id='word_1_628' title='bbox 3349 3985 3528 4041; x_wconf 85' lang='lat' dir='ltr'>prOpe</span> <span class='ocrx_word' id='word_1_629' title='bbox 3560 3983 3651 4023; x_wconf 90' lang='lat' dir='ltr'>me</span> <span class='ocrx_word' id='word_1_630' title='bbox 3682 3968 3836 4022; x_wconf 77' lang='lat' dir='ltr'>assi-</span> 
     </span>
    </p>
   </div>
   <div class='ocr_carea' id='block_1_89' title="bbox 2179 4057 3840 4135">
    <p class='ocr_par' dir='ltr' id='par_1_89' title="bbox 2179 4057 3840 4135">
     <span class='ocr_line' id='line_1_91' title="bbox 2179 4057 3840 4135; baseline -0.009 -13"><span class='ocrx_word' id='word_1_631' title='bbox 2179 4070 2452 4133; x_wconf 88' lang='lat' dir='ltr'>stentem,</span> <span class='ocrx_word' id='word_1_632' title='bbox 2486 4063 2586 4135; x_wconf 92' lang='lat' dir='ltr'>qui</span> <span class='ocrx_word' id='word_1_633' title='bbox 2618 4060 2915 4117; x_wconf 89' lang='lat' dir='ltr'>ﬂabellum</span> <span class='ocrx_word' id='word_1_634' title='bbox 2964 4064 3145 4125; x_wconf 78' lang='lat' dir='ltr'>tenet,</span> <span class='ocrx_word' id='word_1_635' title='bbox 3179 4059 3254 4114; x_wconf 89' lang='lat' dir='ltr'>ab</span> <span class='ocrx_word' id='word_1_636' title='bbox 3299 4057 3466 4113; x_wconf 90' lang='lat' dir='ltr'>altari</span> <span class='ocrx_word' id='word_1_637' title='bbox 3516 4073 3772 4112; x_wconf 88' lang='lat' dir='ltr'>remove.</span> <span class='ocrx_word' id='word_1_638' title='bbox 3812 4078 3840 4107; x_wconf 71' lang='grc' dir='ltr'><strong><em>ιο</em></strong></span> 
     </span>
    </p>
   </div>
   <div class='ocr_carea' id='block_1_90' title="bbox 2180 4142 3838 4221">
    <p class='ocr_par' dir='ltr' id='par_1_90' title="bbox 2180 4142 3838 4221">
     <span class='ocr_line' id='line_1_92' title="bbox 2180 4142 3838 4221; baseline -0.006 -10"><span class='ocrx_word' id='word_1_639' title='bbox 2180 4158 2371 4211; x_wconf 73' lang='lat' dir='ltr'>GNBCB</span> <span class='ocrx_word' id='word_1_640' title='bbox 2387 4171 2399 4210; x_wconf 85' lang='lat'><strong>:</strong></span> <span class='ocrx_word' id='word_1_641' title='bbox 2415 4152 2513 4206; x_wconf 87' lang='grc' dir='ltr'>Τὸν</span> <span class='ocrx_word' id='word_1_642' title='bbox 2548 4148 2795 4205; x_wconf 80' lang='grc' dir='ltr'>διάκονον</span> <span class='ocrx_word' id='word_1_643' title='bbox 2812 4148 2905 4204; x_wconf 83' lang='grc' dir='ltr'>τὸν</span> <span class='ocrx_word' id='word_1_644' title='bbox 2925 4146 3230 4221; x_wconf 72' lang='grc' dir='ltr'>κατέχοντα</span> <span class='ocrx_word' id='word_1_645' title='bbox 3245 4146 3308 4203; x_wconf 85' lang='grc' dir='ltr'>τὸ</span> <span class='ocrx_word' id='word_1_646' title='bbox 3328 4142 3838 4221; x_wconf 59' lang='grc' dir='ltr'>ῥιπίδιονβίωθοη</span> 
     </span>
    </p>
   </div>
   <div class='ocr_carea' id='block_1_91' title="bbox 2178 4234 3838 4309">
    <p class='ocr_par' dir='ltr' id='par_1_91' title="bbox 2178 4234 3838 4309">
     <span class='ocr_line' id='line_1_93' title="bbox 2178 4234 3838 4309; baseline -0.006 -10"><span class='ocrx_word' id='word_1_647' title='bbox 2178 4240 2741 4309; x_wconf 85' lang='lat' dir='ltr'>Thessalonicensis,</span> <span class='ocrx_word' id='word_1_648' title='bbox 2758 4240 2838 4296; x_wconf 90' lang='lat' dir='ltr'>De</span> <span class='ocrx_word' id='word_1_649' title='bbox 2858 4238 3056 4294; x_wconf 90' lang='lat' dir='ltr'>divino</span> <span class='ocrx_word' id='word_1_650' title='bbox 3086 4237 3331 4307; x_wconf 88' lang='lat' dir='ltr'>templo,</span> <span class='ocrx_word' id='word_1_651' title='bbox 3354 4235 3453 4290; x_wconf 89' lang='lat' dir='ltr'>ubi</span> <span class='ocrx_word' id='word_1_652' title='bbox 3473 4234 3593 4306; x_wconf 85' lang='lat' dir='ltr'>agit</span> <span class='ocrx_word' id='word_1_653' title='bbox 3607 4235 3680 4288; x_wconf 90' lang='lat' dir='ltr'>de</span> <span class='ocrx_word' id='word_1_654' title='bbox 3698 4238 3838 4289; x_wconf 86' lang='lat' dir='ltr'>Pro-</span> 
     </span>
    </p>
   </div>
   <div class='ocr_carea' id='block_1_92' title="bbox 2181 4324 3841 4401">
    <p class='ocr_par' dir='ltr' id='par_1_92' title="bbox 2181 4324 3841 4401">
     <span class='ocr_line' id='line_1_94' title="bbox 2181 4324 3841 4401; baseline -0.007 -12"><span class='ocrx_word' id='word_1_655' title='bbox 2181 4333 2444 4389; x_wconf 90' lang='lat' dir='ltr'>cessione</span> <span class='ocrx_word' id='word_1_656' title='bbox 2466 4336 2600 4388; x_wconf 90' lang='lat' dir='ltr'>ante</span> <span class='ocrx_word' id='word_1_657' title='bbox 2620 4329 2899 4385; x_wconf 89' lang='lat' dir='ltr'>missam:</span> <span class='ocrx_word' id='word_1_658' title='bbox 2924 4348 2944 4374; x_wconf 75' lang='grc' dir='ltr'>ι</span> <span class='ocrx_word' id='word_1_659' title='bbox 2960 4327 3094 4383; x_wconf 90' lang='lat' dir='ltr'>Ideo</span> <span class='ocrx_word' id='word_1_660' title='bbox 3109 4324 3494 4401; x_wconf 73' lang='grc' dir='ltr'>οιώμοφόριον</span> <span class='ocrx_word' id='word_1_661' title='bbox 3511 4340 3645 4379; x_wconf 91' lang='lat' dir='ltr'>cum</span> <span class='ocrx_word' id='word_1_662' title='bbox 3666 4338 3841 4378; x_wconf 92' lang='lat' dir='ltr'>cruce</span> 
     </span>
    </p>
   </div>
   <div class='ocr_carea' id='block_1_93' title="bbox 2181 4412 3837 4494">
    <p class='ocr_par' dir='ltr' id='par_1_93' title="bbox 2181 4412 3837 4494">
     <span class='ocr_line' id='line_1_95' title="bbox 2181 4412 3837 4494; baseline -0.006 -17"><span class='ocrx_word' id='word_1_663' title='bbox 2181 4422 2483 4494; x_wconf 62' lang='lat' dir='ltr'>priscedit;</span> <span class='ocrx_word' id='word_1_664' title='bbox 2508 4435 2623 4489; x_wconf 90' lang='lat' dir='ltr'>quo</span> <span class='ocrx_word' id='word_1_665' title='bbox 2646 4417 3099 4472; x_wconf 87' lang='lat' dir='ltr'>doceturJesum</span> <span class='ocrx_word' id='word_1_666' title='bbox 3118 4420 3177 4469; x_wconf 92' lang='lat' dir='ltr'>et</span> <span class='ocrx_word' id='word_1_667' title='bbox 3197 4415 3435 4486; x_wconf 90' lang='lat' dir='ltr'>signum</span> <span class='ocrx_word' id='word_1_668' title='bbox 3459 4415 3588 4481; x_wconf 88' lang='lat' dir='ltr'>ejus</span> <span class='ocrx_word' id='word_1_669' title='bbox 3605 4413 3677 4466; x_wconf 90' lang='lat' dir='ltr'>de</span> <span class='ocrx_word' id='word_1_670' title='bbox 3690 4412 3837 4468; x_wconf 75' lang='lat' dir='ltr'>coelo</span> 
     </span>
    </p>
   </div>
   <div class='ocr_carea' id='block_1_94' title="bbox 2183 4500 3840 4575">
    <p class='ocr_par' dir='ltr' id='par_1_94' title="bbox 2183 4500 3840 4575">
     <span class='ocr_line' id='line_1_96' title="bbox 2183 4500 3840 4575; baseline -0.006 -8"><span class='ocrx_word' id='word_1_671' title='bbox 2183 4516 2481 4567; x_wconf 88' lang='lat' dir='ltr'>ostensum</span> <span class='ocrx_word' id='word_1_672' title='bbox 2510 4507 2598 4562; x_wconf 93' lang='lat' dir='ltr'>iri.</span> <span class='ocrx_word' id='word_1_673' title='bbox 2619 4507 2781 4570; x_wconf 86' lang='lat' dir='ltr'>Quod</span> <span class='ocrx_word' id='word_1_674' title='bbox 2807 4522 2939 4561; x_wconf 82' lang='lat' dir='ltr'>mox</span> <span class='ocrx_word' id='word_1_675' title='bbox 2960 4509 3288 4575; x_wconf 89' lang='lat' dir='ltr'>sequuntur</span> <span class='ocrx_word' id='word_1_676' title='bbox 3309 4502 3565 4567; x_wconf 89' lang='lat' dir='ltr'>diaconi,</span> <span class='ocrx_word' id='word_1_677' title='bbox 3599 4500 3705 4572; x_wconf 89' lang='lat' dir='ltr'>qui</span> <span class='ocrx_word' id='word_1_678' title='bbox 3732 4518 3840 4557; x_wconf 86' lang='lat' dir='ltr'>an-</span> 
     </span>
    </p>
   </div>
   <div class='ocr_carea' id='block_1_95' title="bbox 423 4589 3837 4677">
    <p class='ocr_par' dir='ltr' id='par_1_95' title="bbox 423 4589 3837 4677">
     <span class='ocr_line' id='line_1_97' title="bbox 423 4589 3837 4677; baseline -0.001 -30"><span class='ocrx_word' id='word_1_679' title='bbox 423 4595 551 4667; x_wconf 87' lang='lat' dir='ltr'>gias</span> <span class='ocrx_word' id='word_1_680' title='bbox 584 4610 862 4650; x_wconf 87' lang='lat' dir='ltr'>revocans</span> <span class='ocrx_word' id='word_1_681' title='bbox 895 4594 1138 4650; x_wconf 86' lang='lat' dir='ltr'>Domino</span> <span class='ocrx_word' id='word_1_682' title='bbox 1164 4612 1381 4651; x_wconf 91' lang='lat' dir='ltr'>rerum.</span> <span class='ocrx_word' id='word_1_683' title='bbox 1407 4619 1435 4646; x_wconf 87' lang='lat'><strong>»</strong></span> <span class='ocrx_word' id='word_1_684' title='bbox 1460 4598 1528 4652; x_wconf 90' lang='lat' dir='ltr'>Et</span> <span class='ocrx_word' id='word_1_685' title='bbox 1550 4614 1683 4653; x_wconf 84' lang='lat' dir='ltr'>mox</span> <span class='ocrx_word' id='word_1_686' title='bbox 1706 4615 1719 4654; x_wconf 89' lang='lat'><strong>:</strong></span> <span class='ocrx_word' id='word_1_687' title='bbox 1746 4621 1774 4649; x_wconf 84' lang='lat'><strong>«</strong></span> <span class='ocrx_word' id='word_1_688' title='bbox 1806 4600 2069 4656; x_wconf 89' lang='lat' dir='ltr'>easdem-</span> <span class='ocrx_word' id='word_1_689' title='bbox 2106 4614 2151 4677; x_wconf 79' lang='grc' dir='ltr'>ι)</span> <span class='ocrx_word' id='word_1_690' title='bbox 2182 4599 2447 4671; x_wconf 90' lang='lat' dir='ltr'>gelorum</span> <span class='ocrx_word' id='word_1_691' title='bbox 2480 4597 2743 4653; x_wconf 89' lang='lat' dir='ltr'>ordinem</span> <span class='ocrx_word' id='word_1_692' title='bbox 2777 4594 3038 4651; x_wconf 78' lang='lat' dir='ltr'>referunt</span> <span class='ocrx_word' id='word_1_693' title='bbox 3063 4610 3076 4650; x_wconf 88' lang='lat'><strong>:</strong></span> <span class='ocrx_word' id='word_1_694' title='bbox 3100 4593 3159 4648; x_wconf 91' lang='lat' dir='ltr'>id</span> <span class='ocrx_word' id='word_1_695' title='bbox 3190 4593 3342 4663; x_wconf 85' lang='lat' dir='ltr'>quod</span> <span class='ocrx_word' id='word_1_696' title='bbox 3369 4596 3427 4646; x_wconf 91' lang='lat' dir='ltr'>et</span> <span class='ocrx_word' id='word_1_697' title='bbox 3446 4589 3684 4647; x_wconf 84' lang='lat' dir='ltr'>ﬂabella</span> <span class='ocrx_word' id='word_1_698' title='bbox 3714 4607 3837 4662; x_wconf 64' lang='lat' dir='ltr'>quae</span> 
     </span>
    </p>
   </div>
   <div class='ocr_carea' id='block_1_96' title="bbox 424 4682 2074 4756">
    <p class='ocr_par' dir='ltr' id='par_1_96' title="bbox 424 4682 2074 4756">
     <span class='ocr_line' id='line_1_98' title="bbox 424 4682 2074 4756; baseline 0.003 -18"><span class='ocrx_word' id='word_1_699' title='bbox 424 4701 537 4756; x_wconf 88' lang='lat' dir='ltr'>que</span> <span class='ocrx_word' id='word_1_700' title='bbox 555 4683 815 4755; x_wconf 87' lang='lat' dir='ltr'>eulogias</span> <span class='ocrx_word' id='word_1_701' title='bbox 835 4682 1236 4755; x_wconf 89' lang='lat' dir='ltr'>indigentibus</span> <span class='ocrx_word' id='word_1_702' title='bbox 1255 4685 1580 4742; x_wconf 88' lang='lat' dir='ltr'>distribuit.</span> <span class='ocrx_word' id='word_1_703' title='bbox 1611 4708 1634 4736; x_wconf 72' lang='grc' dir='ltr'><strong>υ</strong></span> <span class='ocrx_word' id='word_1_704' title='bbox 1662 4687 1962 4743; x_wconf 87' lang='lat' dir='ltr'>Vocantur</span> <span class='ocrx_word' id='word_1_705' title='bbox 1980 4688 2074 4743; x_wconf 90' lang='lat' dir='ltr'>hie</span> 
     </span>
    </p>
   </div>
   <div class='ocr_carea' id='block_1_97' title="bbox 424 4771 2076 4846">
    <p class='ocr_par' dir='ltr' id='par_1_97' title="bbox 424 4771 2076 4846">
     <span class='ocr_line' id='line_1_99' title="bbox 424 4771 2076 4846; baseline 0.001 -17"><span class='ocrx_word' id='word_1_706' title='bbox 424 4774 668 4846; x_wconf 70' lang='lat' dir='ltr'>eulogias</span> <span class='ocrx_word' id='word_1_707' title='bbox 681 4771 900 4827; x_wconf 89' lang='lat' dir='ltr'>cibaria</span> <span class='ocrx_word' id='word_1_708' title='bbox 914 4772 1339 4830; x_wconf 85' lang='lat' dir='ltr'>benedictionis</span> <span class='ocrx_word' id='word_1_709' title='bbox 1351 4776 1540 4846; x_wconf 87' lang='lat' dir='ltr'>gratia</span> <span class='ocrx_word' id='word_1_710' title='bbox 1557 4778 2076 4833; x_wconf 86' lang='lat' dir='ltr'>transmissa.Post</span> 
     </span>
    </p>
   </div>
   <div class='ocr_carea' id='block_1_98' title="bbox 424 4861 2071 4938">
    <p class='ocr_par' dir='ltr' id='par_1_98' title="bbox 424 4861 2071 4938">
     <span class='ocr_line' id='line_1_100' title="bbox 424 4861 2071 4938; baseline 0.002 -21"><span class='ocrx_word' id='word_1_711' title='bbox 424 4864 639 4918; x_wconf 77' lang='lat' dir='ltr'>missas</span> <span class='ocrx_word' id='word_1_712' title='bbox 659 4861 832 4917; x_wconf 90' lang='lat' dir='ltr'>alicui</span> <span class='ocrx_word' id='word_1_713' title='bbox 857 4878 956 4916; x_wconf 90' lang='lat' dir='ltr'>eas</span> <span class='ocrx_word' id='word_1_714' title='bbox 980 4862 1118 4917; x_wconf 88' lang='lat' dir='ltr'>dare</span> <span class='ocrx_word' id='word_1_715' title='bbox 1138 4862 1224 4918; x_wconf 92' lang='lat' dir='ltr'>vel</span> <span class='ocrx_word' id='word_1_716' title='bbox 1254 4864 1674 4933; x_wconf 89' lang='lat' dir='ltr'>transmittere,</span> <span class='ocrx_word' id='word_1_717' title='bbox 1698 4869 1822 4919; x_wconf 90' lang='lat' dir='ltr'>erat</span> <span class='ocrx_word' id='word_1_718' title='bbox 1838 4864 2071 4938; x_wconf 86' lang='lat' dir='ltr'>signum</span> 
     </span>
    </p>
   </div>
   <div class='ocr_carea' id='block_1_99' title="bbox 422 4950 2076 5025">
    <p class='ocr_par' dir='ltr' id='par_1_99' title="bbox 422 4950 2076 5025">
     <span class='ocr_line' id='line_1_101' title="bbox 422 4950 2076 5025; baseline 0.001 -18"><span class='ocrx_word' id='word_1_719' title='bbox 422 4950 862 5009; x_wconf 88' lang='lat' dir='ltr'>communionis</span> <span class='ocrx_word' id='word_1_720' title='bbox 885 4954 940 5005; x_wconf 92' lang='lat' dir='ltr'>et</span> <span class='ocrx_word' id='word_1_721' title='bbox 962 4950 1603 5025; x_wconf 87' lang='lat' dir='ltr'>cbaritatis.Gregorius</span> <span class='ocrx_word' id='word_1_722' title='bbox 1624 4953 2076 5015; x_wconf 86' lang='lat' dir='ltr'>Turonensis,li-</span> 
     </span>
    </p>
   </div>
   <div class='ocr_carea' id='block_1_100' title="bbox 422 5041 2077 5116">
    <p class='ocr_par' dir='ltr' id='par_1_100' title="bbox 422 5041 2077 5116">
     <span class='ocr_line' id='line_1_102' title="bbox 422 5041 2077 5116; baseline 0.003 -22"><span class='ocrx_word' id='word_1_723' title='bbox 422 5041 727 5096; x_wconf 88' lang='lat' dir='ltr'>brovHist.</span> <span class='ocrx_word' id='word_1_724' title='bbox 769 5041 1152 5110; x_wconf 69' lang='lat' dir='ltr'>Franc.,c.14</span> <span class='ocrx_word' id='word_1_725' title='bbox 1178 5058 1191 5095; x_wconf 91' lang='lat'><strong>:</strong></span> <span class='ocrx_word' id='word_1_726' title='bbox 1225 5063 1251 5093; x_wconf 77' lang='grc' dir='ltr'>ιι</span> <span class='ocrx_word' id='word_1_727' title='bbox 1273 5046 1413 5098; x_wconf 87' lang='lat' dir='ltr'>Post</span> <span class='ocrx_word' id='word_1_728' title='bbox 1444 5042 1657 5099; x_wconf 90' lang='lat' dir='ltr'>missas</span> <span class='ocrx_word' id='word_1_729' title='bbox 1686 5048 1883 5101; x_wconf 85' lang='lat' dir='ltr'>autem</span> <span class='ocrx_word' id='word_1_730' title='bbox 1910 5045 2077 5116; x_wconf 90' lang='lat' dir='ltr'>petiit</span> 
     </span>
    </p>
   </div>
   <div class='ocr_carea' id='block_1_101' title="bbox 424 5130 2077 5202">
    <p class='ocr_par' dir='ltr' id='par_1_101' title="bbox 424 5130 2077 5202">
     <span class='ocr_line' id='line_1_103' title="bbox 424 5130 2077 5202; baseline 0.004 -19"><span class='ocrx_word' id='word_1_731' title='bbox 424 5137 487 5183; x_wconf 90' lang='lat' dir='ltr'>ut</span> <span class='ocrx_word' id='word_1_732' title='bbox 509 5133 559 5185; x_wconf 88' lang='lat' dir='ltr'>ei</span> <span class='ocrx_word' id='word_1_733' title='bbox 581 5130 845 5202; x_wconf 90' lang='lat' dir='ltr'>eulogias</span> <span class='ocrx_word' id='word_1_734' title='bbox 875 5132 1014 5185; x_wconf 90' lang='lat' dir='ltr'>dare</span> <span class='ocrx_word' id='word_1_735' title='bbox 1047 5131 1414 5187; x_wconf 91' lang='lat' dir='ltr'>deberemus.</span> <span class='ocrx_word' id='word_1_736' title='bbox 1439 5152 1466 5185; x_wconf 67' lang='grc' dir='ltr'><strong><em>ι</em></strong></span> <span class='ocrx_word' id='word_1_737' title='bbox 1498 5133 1608 5188; x_wconf 90' lang='lat' dir='ltr'>Sed</span> <span class='ocrx_word' id='word_1_738' title='bbox 1643 5134 1777 5191; x_wconf 81' lang='lat' dir='ltr'>fecit</span> <span class='ocrx_word' id='word_1_739' title='bbox 1806 5139 2077 5190; x_wconf 90' lang='lat' dir='ltr'>accurata</span> 
     </span>
    </p>
   </div>
   <div class='ocr_carea' id='block_1_102' title="bbox 426 5219 2077 5295">
    <p class='ocr_par' dir='ltr' id='par_1_102' title="bbox 426 5219 2077 5295">
     <span class='ocr_line' id='line_1_104' title="bbox 426 5219 2077 5295; baseline 0.004 -22"><span class='ocrx_word' id='word_1_740' title='bbox 426 5219 681 5273; x_wconf 88' lang='lat' dir='ltr'>Gretseri</span> <span class='ocrx_word' id='word_1_741' title='bbox 716 5222 899 5275; x_wconf 90' lang='lat' dir='ltr'>nostri</span> <span class='ocrx_word' id='word_1_742' title='bbox 932 5219 1258 5291; x_wconf 90' lang='lat' dir='ltr'>diligentia,</span> <span class='ocrx_word' id='word_1_743' title='bbox 1293 5227 1357 5276; x_wconf 90' lang='lat' dir='ltr'>ut</span> <span class='ocrx_word' id='word_1_744' title='bbox 1400 5221 1546 5277; x_wconf 86' lang='lat' dir='ltr'>nihil</span> <span class='ocrx_word' id='word_1_745' title='bbox 1578 5222 1671 5279; x_wconf 90' lang='lat' dir='ltr'>hic</span> <span class='ocrx_word' id='word_1_746' title='bbox 1700 5229 1977 5295; x_wconf 68' lang='lat' dir='ltr'>praeterea</span> <span class='ocrx_word' id='word_1_747' title='bbox 2006 5224 2077 5279; x_wconf 88' lang='lat' dir='ltr'>de</span> 
     </span>
    </p>
   </div>
   <div class='ocr_carea' id='block_1_103' title="bbox 426 5306 1984 5379">
    <p class='ocr_par' dir='ltr' id='par_1_103' title="bbox 426 5306 1984 5379">
     <span class='ocr_line' id='line_1_105' title="bbox 426 5306 1984 5379; baseline 0.004 -19"><span class='ocrx_word' id='word_1_748' title='bbox 426 5306 688 5376; x_wconf 84' lang='lat' dir='ltr'>Eulogiis</span> <span class='ocrx_word' id='word_1_749' title='bbox 719 5309 951 5363; x_wconf 88' lang='lat' dir='ltr'>addam.</span> <span class='ocrx_word' id='word_1_750' title='bbox 984 5309 1125 5379; x_wconf 87' lang='lat' dir='ltr'>Ejus</span> <span class='ocrx_word' id='word_1_751' title='bbox 1152 5309 1253 5365; x_wconf 91' lang='lat' dir='ltr'>lib.</span> <span class='ocrx_word' id='word_1_752' title='bbox 1291 5309 1371 5365; x_wconf 91' lang='lat' dir='ltr'>De</span> <span class='ocrx_word' id='word_1_753' title='bbox 1402 5309 1689 5367; x_wconf 90' lang='lat' dir='ltr'>benedict.</span> <span class='ocrx_word' id='word_1_754' title='bbox 1723 5312 1984 5367; x_wconf 88' lang='lat' dir='ltr'>consule.</span> 
     </span>
    </p>
   </div>
   <div class='ocr_carea' id='block_1_104' title="bbox 497 5395 2075 5470">
    <p class='ocr_par' dir='ltr' id='par_1_104' title="bbox 497 5395 2075 5470">
     <span class='ocr_line' id='line_1_106' title="bbox 497 5395 2075 5470; baseline 0.006 -22"><span class='ocrx_word' id='word_1_755' title='bbox 497 5395 789 5450; x_wconf 68' lang='lat' dir='ltr'>Exemum.</span> <span class='ocrx_word' id='word_1_756' title='bbox 820 5397 954 5451; x_wconf 89' lang='lat' dir='ltr'>Vita</span> <span class='ocrx_word' id='word_1_757' title='bbox 1001 5397 1258 5467; x_wconf 91' lang='lat' dir='ltr'>Antonii,</span> <span class='ocrx_word' id='word_1_758' title='bbox 1287 5416 1414 5470; x_wconf 90' lang='lat' dir='ltr'>cap.</span> <span class='ocrx_word' id='word_1_759' title='bbox 1445 5400 1516 5453; x_wconf 84' lang='lat'>27</span> <span class='ocrx_word' id='word_1_760' title='bbox 1551 5416 1563 5455; x_wconf 93' lang='lat'>:</span> <span class='ocrx_word' id='word_1_761' title='bbox 1601 5420 1622 5448; x_wconf 78' lang='grc' dir='ltr'>ι</span> <span class='ocrx_word' id='word_1_762' title='bbox 1659 5400 1948 5457; x_wconf 82' lang='lat' dir='ltr'>Antonius</span> <span class='ocrx_word' id='word_1_763' title='bbox 1978 5399 2075 5457; x_wconf 67' lang='lat' dir='ltr'>la:-</span> 
     </span>
    </p>
   </div>
   <div class='ocr_carea' id='block_1_105' title="bbox 426 5483 2077 5561">
    <p class='ocr_par' dir='ltr' id='par_1_105' title="bbox 426 5483 2077 5561">
     <span class='ocr_line' id='line_1_107' title="bbox 426 5483 2077 5561; baseline 0.004 -24"><span class='ocrx_word' id='word_1_764' title='bbox 426 5483 694 5537; x_wconf 89' lang='lat' dir='ltr'>tantibus</span> <span class='ocrx_word' id='word_1_765' title='bbox 724 5485 793 5538; x_wconf 92' lang='lat' dir='ltr'>de</span> <span class='ocrx_word' id='word_1_766' title='bbox 824 5485 1072 5540; x_wconf 89' lang='lat' dir='ltr'>adventu</span> <span class='ocrx_word' id='word_1_767' title='bbox 1124 5505 1230 5543; x_wconf 91' lang='lat' dir='ltr'>suo</span> <span class='ocrx_word' id='word_1_768' title='bbox 1280 5489 1533 5557; x_wconf 88' lang='lat' dir='ltr'>cunctis,</span> <span class='ocrx_word' id='word_1_769' title='bbox 1573 5489 1742 5561; x_wconf 90' lang='lat' dir='ltr'>quasi</span> <span class='ocrx_word' id='word_1_770' title='bbox 1791 5489 1960 5544; x_wconf 85' lang='lat' dir='ltr'>xenia</span> <span class='ocrx_word' id='word_1_771' title='bbox 2007 5490 2077 5544; x_wconf 92' lang='lat' dir='ltr'>de</span> 
     </span>
    </p>
   </div>
   <div class='ocr_carea' id='block_1_106' title="bbox 427 5574 2078 5649">
    <p class='ocr_par' dir='ltr' id='par_1_106' title="bbox 427 5574 2078 5649">
     <span class='ocr_line' id='line_1_108' title="bbox 427 5574 2078 5649; baseline 0.004 -22"><span class='ocrx_word' id='word_1_772' title='bbox 427 5576 627 5627; x_wconf 87' lang='lat' dir='ltr'>monte</span> <span class='ocrx_word' id='word_1_773' title='bbox 647 5578 906 5642; x_wconf 90' lang='lat' dir='ltr'>portans,</span> <span class='ocrx_word' id='word_1_774' title='bbox 924 5574 1251 5646; x_wconf 90' lang='lat' dir='ltr'>spiritualia</span> <span class='ocrx_word' id='word_1_775' title='bbox 1268 5578 1607 5649; x_wconf 89' lang='lat' dir='ltr'>impartitur</span> <span class='ocrx_word' id='word_1_776' title='bbox 1620 5577 1948 5634; x_wconf 69' lang='lat' dir='ltr'>alimenta.»</span> <span class='ocrx_word' id='word_1_777' title='bbox 1971 5578 2078 5634; x_wconf 86' lang='lat' dir='ltr'>Ubi</span> 
     </span>
    </p>
   </div>
   <div class='ocr_carea' id='block_1_107' title="bbox 422 5659 2076 5732">
    <p class='ocr_par' dir='ltr' id='par_1_107' title="bbox 422 5659 2076 5732">
     <span class='ocr_line' id='line_1_109' title="bbox 422 5659 2076 5732; baseline 0.004 -17"><span class='ocrx_word' id='word_1_778' title='bbox 422 5665 560 5716; x_wconf 85' lang='lat' dir='ltr'>Mss.</span> <span class='ocrx_word' id='word_1_779' title='bbox 588 5659 849 5732; x_wconf 88' lang='lat' dir='ltr'>plerique</span> <span class='ocrx_word' id='word_1_780' title='bbox 874 5667 930 5715; x_wconf 92' lang='lat' dir='ltr'>et</span> <span class='ocrx_word' id='word_1_781' title='bbox 948 5668 1169 5720; x_wconf 90' lang='lat' dir='ltr'>veteres</span> <span class='ocrx_word' id='word_1_782' title='bbox 1193 5665 1489 5723; x_wconf 87' lang='lat' dir='ltr'>Editiones</span> <span class='ocrx_word' id='word_1_783' title='bbox 1509 5667 1728 5722; x_wconf 91' lang='lat' dir='ltr'>habent</span> <span class='ocrx_word' id='word_1_784' title='bbox 1750 5670 1970 5724; x_wconf 73' lang='lat' dir='ltr'>exenia.</span> <span class='ocrx_word' id='word_1_785' title='bbox 1990 5671 2076 5723; x_wconf 88' lang='lat' dir='ltr'>An</span> 
     </span>
    </p>
   </div>
   <div class='ocr_carea' id='block_1_108' title="bbox 423 5751 1026 5825">
    <p class='ocr_par' dir='ltr' id='par_1_108' title="bbox 423 5751 1026 5825">
     <span class='ocr_line' id='line_1_110' title="bbox 423 5751 1026 5825; baseline -0.007 -18"><span class='ocrx_word' id='word_1_786' title='bbox 423 5770 451 5807; x_wconf 77' lang='grc' dir='ltr'><strong><em>ε</em></strong></span> <span class='ocrx_word' id='word_1_787' title='bbox 482 5751 784 5825; x_wconf 68' lang='lat' dir='ltr'>praefixum</span> <span class='ocrx_word' id='word_1_788' title='bbox 815 5753 980 5806; x_wconf 71' lang='lat' dir='ltr'>xenia</span> <span class='ocrx_word' id='word_1_789' title='bbox 1001 5755 1026 5803; x_wconf 71' lang='lat'>.9</span> 
     </span>
    </p>
   </div>
   <div class='ocr_carea' id='block_1_109' title="bbox 2184 4680 3832 4754">
    <p class='ocr_par' dir='ltr' id='par_1_109' title="bbox 2184 4680 3832 4754">
     <span class='ocr_line' id='line_1_111' title="bbox 2184 4680 3832 4754; baseline -0.007 -11"><span class='ocrx_word' id='word_1_790' title='bbox 2184 4689 2482 4754; x_wconf 89' lang='lat' dir='ltr'>dicuntur,</span> <span class='ocrx_word' id='word_1_791' title='bbox 2505 4690 2561 4740; x_wconf 91' lang='lat' dir='ltr'>et</span> <span class='ocrx_word' id='word_1_792' title='bbox 2581 4702 2614 4740; x_wconf 91' lang='lat' dir='ltr'>a</span> <span class='ocrx_word' id='word_1_793' title='bbox 2636 4688 2838 4740; x_wconf 89' lang='lat' dir='ltr'>sancto</span> <span class='ocrx_word' id='word_1_794' title='bbox 2874 4680 3143 4754; x_wconf 88' lang='lat' dir='ltr'>Dionysio</span> <span class='ocrx_word' id='word_1_795' title='bbox 3164 4680 3266 4736; x_wconf 64' lang='lat' dir='ltr'>alas</span> <span class='ocrx_word' id='word_1_796' title='bbox 3288 4684 3574 4736; x_wconf 88' lang='lat' dir='ltr'>vocantur</span> <span class='ocrx_word' id='word_1_797' title='bbox 3604 4680 3832 4749; x_wconf 82' lang='lat' dir='ltr'>signiﬁ-</span> 
     </span>
    </p>
   </div>
   <div class='ocr_carea' id='block_1_110' title="bbox 2184 4766 3834 4835">
    <p class='ocr_par' dir='ltr' id='par_1_110' title="bbox 2184 4766 3834 4835">
     <span class='ocr_line' id='line_1_112' title="bbox 2184 4766 3834 4835; baseline -0.005 -4"><span class='ocrx_word' id='word_1_798' title='bbox 2184 4781 2339 4833; x_wconf 92' lang='lat' dir='ltr'>cant.</span> <span class='ocrx_word' id='word_1_799' title='bbox 2364 4797 2391 4825; x_wconf 89' lang='grc'><strong>››</strong></span> <span class='ocrx_word' id='word_1_800' title='bbox 2415 4776 2668 4831; x_wconf 89' lang='lat' dir='ltr'>Sanctus</span> <span class='ocrx_word' id='word_1_801' title='bbox 2691 4773 3045 4835; x_wconf 87' lang='lat' dir='ltr'>Germanus,</span> <span class='ocrx_word' id='word_1_802' title='bbox 3069 4771 3128 4826; x_wconf 90' lang='lat' dir='ltr'>in</span> <span class='ocrx_word' id='word_1_803' title='bbox 3148 4769 3399 4825; x_wconf 89' lang='lat' dir='ltr'>Theoria</span> <span class='ocrx_word' id='word_1_804' title='bbox 3421 4784 3617 4823; x_wconf 90' lang='lat' dir='ltr'>rerum</span> <span class='ocrx_word' id='word_1_805' title='bbox 3644 4766 3834 4823; x_wconf 83' lang='lat' dir='ltr'>Eccle-</span> 
     </span>
    </p>
   </div>
   <div class='ocr_carea' id='block_1_111' title="bbox 2185 4856 3837 4931">
    <p class='ocr_par' dir='ltr' id='par_1_111' title="bbox 2185 4856 3837 4931">
     <span class='ocr_line' id='line_1_113' title="bbox 2185 4856 3837 4931; baseline -0.007 -10"><span class='ocrx_word' id='word_1_806' title='bbox 2185 4866 2558 4921; x_wconf 89' lang='lat' dir='ltr'>siasticarum</span> <span class='ocrx_word' id='word_1_807' title='bbox 2584 4880 2596 4918; x_wconf 92' lang='lat'>:</span> <span class='ocrx_word' id='word_1_808' title='bbox 2626 4884 2654 4913; x_wconf 87' lang='grc'>‹‹</span> <span class='ocrx_word' id='word_1_809' title='bbox 2679 4860 2937 4918; x_wconf 87' lang='lat' dir='ltr'>Flabella</span> <span class='ocrx_word' id='word_1_810' title='bbox 2957 4877 3091 4916; x_wconf 92' lang='lat' dir='ltr'>vero</span> <span class='ocrx_word' id='word_1_811' title='bbox 3121 4864 3325 4931; x_wconf 90' lang='lat' dir='ltr'>typum</span> <span class='ocrx_word' id='word_1_812' title='bbox 3346 4858 3607 4913; x_wconf 84' lang='lat' dir='ltr'>referunt</span> <span class='ocrx_word' id='word_1_813' title='bbox 3628 4856 3837 4912; x_wconf 81' lang='lat' dir='ltr'>oberu-</span> 
     </span>
    </p>
   </div>
   <div class='ocr_carea' id='block_1_112' title="bbox 2184 4947 3836 5020">
    <p class='ocr_par' dir='ltr' id='par_1_112' title="bbox 2184 4947 3836 5020">
     <span class='ocr_line' id='line_1_114' title="bbox 2184 4947 3836 5020; baseline -0.007 -11"><span class='ocrx_word' id='word_1_814' title='bbox 2184 4955 2327 5010; x_wconf 89' lang='lat' dir='ltr'>bim.</span> <span class='ocrx_word' id='word_1_815' title='bbox 2358 4976 2379 5002; x_wconf 76' lang='grc' dir='ltr'>ι</span> <span class='ocrx_word' id='word_1_816' title='bbox 2408 4953 2801 5020; x_wconf 82' lang='lat' dir='ltr'>Hildebertus,</span> <span class='ocrx_word' id='word_1_817' title='bbox 2829 4947 3836 5018; x_wconf 87' lang='lat' dir='ltr'>Cenomanensis,episcopus,epist.</span> 
     </span>
    </p>
   </div>
   <div class='ocr_carea' id='block_1_113' title="bbox 2183 5033 3838 5109">
    <p class='ocr_par' dir='ltr' id='par_1_113' title="bbox 2183 5033 3838 5109">
     <span class='ocr_line' id='line_1_115' title="bbox 2183 5033 3838 5109; baseline -0.005 -14"><span class='ocrx_word' id='word_1_818' title='bbox 2183 5044 2218 5095; x_wconf 88' lang='lat'><strong>7</strong></span> <span class='ocrx_word' id='word_1_819' title='bbox 2243 5061 2255 5101; x_wconf 87' lang='lat'><strong>:</strong></span> <span class='ocrx_word' id='word_1_820' title='bbox 2282 5064 2309 5093; x_wconf 82' lang='lat'>&lt;&lt;</span> <span class='ocrx_word' id='word_1_821' title='bbox 2337 5040 2658 5097; x_wconf 85' lang='lat' dir='ltr'>Flabellum</span> <span class='ocrx_word' id='word_1_822' title='bbox 2691 5039 2828 5095; x_wconf 91' lang='lat' dir='ltr'>misi</span> <span class='ocrx_word' id='word_1_823' title='bbox 2857 5039 2961 5093; x_wconf 88' lang='lat' dir='ltr'>tibi</span> <span class='ocrx_word' id='word_1_824' title='bbox 2993 5052 3319 5109; x_wconf 89' lang='lat' dir='ltr'>congruum</span> <span class='ocrx_word' id='word_1_825' title='bbox 3354 5034 3577 5090; x_wconf 90' lang='lat' dir='ltr'>scilicet</span> <span class='ocrx_word' id='word_1_826' title='bbox 3598 5033 3838 5106; x_wconf 81' lang='lat' dir='ltr'>prOpul-</span> 
     </span>
    </p>
   </div>
   <div class='ocr_carea' id='block_1_114' title="bbox 2187 5122 3838 5195">
    <p class='ocr_par' dir='ltr' id='par_1_114' title="bbox 2187 5122 3838 5195">
     <span class='ocr_line' id='line_1_116' title="bbox 2187 5122 3838 5195; baseline -0.006 -9"><span class='ocrx_word' id='word_1_827' title='bbox 2187 5131 2385 5186; x_wconf 89' lang='lat' dir='ltr'>sandis</span> <span class='ocrx_word' id='word_1_828' title='bbox 2404 5130 2625 5185; x_wconf 89' lang='lat' dir='ltr'>muscis</span> <span class='ocrx_word' id='word_1_829' title='bbox 2642 5129 3128 5183; x_wconf 90' lang='lat' dir='ltr'>instrumentum.</span> <span class='ocrx_word' id='word_1_830' title='bbox 3146 5125 3247 5180; x_wconf 91' lang='lat' dir='ltr'>Est</span> <span class='ocrx_word' id='word_1_831' title='bbox 3262 5124 3440 5180; x_wconf 90' lang='lat' dir='ltr'>etiam</span> <span class='ocrx_word' id='word_1_832' title='bbox 3466 5123 3622 5195; x_wconf 90' lang='lat' dir='ltr'>quod</span> <span class='ocrx_word' id='word_1_833' title='bbox 3638 5122 3699 5177; x_wconf 90' lang='lat' dir='ltr'>in</span> <span class='ocrx_word' id='word_1_834' title='bbox 3718 5139 3838 5177; x_wconf 85' lang='lat' dir='ltr'>mu-</span> 
     </span>
    </p>
   </div>
   <div class='ocr_carea' id='block_1_115' title="bbox 2188 5212 3835 5288">
    <p class='ocr_par' dir='ltr' id='par_1_115' title="bbox 2188 5212 3835 5288">
     <span class='ocr_line' id='line_1_117' title="bbox 2188 5212 3835 5288; baseline -0.007 -12"><span class='ocrx_word' id='word_1_835' title='bbox 2188 5220 2435 5276; x_wconf 81' lang='lat' dir='ltr'>nusculo</span> <span class='ocrx_word' id='word_1_836' title='bbox 2450 5224 2649 5275; x_wconf 89' lang='lat' dir='ltr'>nostro</span> <span class='ocrx_word' id='word_1_837' title='bbox 2665 5214 3038 5288; x_wconf 89' lang='lat' dir='ltr'>interpretari</span> <span class='ocrx_word' id='word_1_838' title='bbox 3064 5219 3119 5270; x_wconf 89' lang='lat' dir='ltr'>te</span> <span class='ocrx_word' id='word_1_839' title='bbox 3140 5217 3425 5284; x_wconf 89' lang='lat' dir='ltr'>oporteat.</span> <span class='ocrx_word' id='word_1_840' title='bbox 3440 5212 3692 5268; x_wconf 85' lang='lat' dir='ltr'>Attende</span> <span class='ocrx_word' id='word_1_841' title='bbox 3704 5227 3835 5281; x_wconf 84' lang='lat' dir='ltr'>ergo</span> 
     </span>
    </p>
   </div>
   <div class='ocr_carea' id='block_1_116' title="bbox 2187 5302 3836 5380">
    <p class='ocr_par' dir='ltr' id='par_1_116' title="bbox 2187 5302 3836 5380">
     <span class='ocr_line' id='line_1_118' title="bbox 2187 5302 3836 5380; baseline -0.006 -16"><span class='ocrx_word' id='word_1_842' title='bbox 2187 5311 2400 5380; x_wconf 91' lang='lat' dir='ltr'>quibus</span> <span class='ocrx_word' id='word_1_843' title='bbox 2432 5308 2654 5365; x_wconf 90' lang='lat' dir='ltr'>muscis</span> <span class='ocrx_word' id='word_1_844' title='bbox 2686 5305 3058 5363; x_wconf 90' lang='lat' dir='ltr'>immolantes</span> <span class='ocrx_word' id='word_1_845' title='bbox 3075 5302 3326 5359; x_wconf 88' lang='lat' dir='ltr'>Domino</span> <span class='ocrx_word' id='word_1_846' title='bbox 3345 5302 3682 5357; x_wconf 85' lang='lat' dir='ltr'>sacerdotes</span> <span class='ocrx_word' id='word_1_847' title='bbox 3704 5318 3836 5373; x_wconf 84' lang='lat' dir='ltr'>gra-</span> 
     </span>
    </p>
   </div>
   <div class='ocr_carea' id='block_1_117' title="bbox 2185 5391 3834 5469">
    <p class='ocr_par' dir='ltr' id='par_1_117' title="bbox 2185 5391 3834 5469">
     <span class='ocr_line' id='line_1_119' title="bbox 2185 5391 3834 5469; baseline -0.007 -14"><span class='ocrx_word' id='word_1_848' title='bbox 2185 5401 2317 5455; x_wconf 90' lang='lat' dir='ltr'>vius</span> <span class='ocrx_word' id='word_1_849' title='bbox 2340 5399 2710 5465; x_wconf 84' lang='lat' dir='ltr'>infestentur,</span> <span class='ocrx_word' id='word_1_850' title='bbox 2734 5396 2950 5469; x_wconf 89' lang='lat' dir='ltr'>quibus</span> <span class='ocrx_word' id='word_1_851' title='bbox 2977 5391 3834 5465; x_wconf 84' lang='lat' dir='ltr'>frequenterimpediantursa-</span> 
     </span>
    </p>
   </div>
   <div class='ocr_carea' id='block_1_118' title="bbox 2187 5479 3831 5550">
    <p class='ocr_par' dir='ltr' id='par_1_118' title="bbox 2187 5479 3831 5550">
     <span class='ocr_line' id='line_1_120' title="bbox 2187 5479 3831 5550; baseline -0.007 -6"><span class='ocrx_word' id='word_1_852' title='bbox 2187 5488 2399 5544; x_wconf 89' lang='lat' dir='ltr'>lutaria</span> <span class='ocrx_word' id='word_1_853' title='bbox 2415 5486 2618 5542; x_wconf 88' lang='lat' dir='ltr'>altaris</span> <span class='ocrx_word' id='word_1_854' title='bbox 2639 5483 3013 5541; x_wconf 80' lang='lat' dir='ltr'>ofﬁcia.Mille</span> <span class='ocrx_word' id='word_1_855' title='bbox 3035 5479 3625 5538; x_wconf 88' lang='lat' dir='ltr'>suntoccursantium</span> <span class='ocrx_word' id='word_1_856' title='bbox 3646 5480 3831 5550; x_wconf 85' lang='lat' dir='ltr'>phan-</span> 
     </span>
    </p>
   </div>
   <div class='ocr_carea' id='block_1_119' title="bbox 2187 5569 3830 5645">
    <p class='ocr_par' dir='ltr' id='par_1_119' title="bbox 2187 5569 3830 5645">
     <span class='ocr_line' id='line_1_121' title="bbox 2187 5569 3830 5645; baseline -0.005 -14"><span class='ocrx_word' id='word_1_857' title='bbox 2187 5581 2444 5632; x_wconf 84' lang='lat' dir='ltr'>tasmata</span> <span class='ocrx_word' id='word_1_858' title='bbox 2474 5575 2917 5645; x_wconf 88' lang='lat' dir='ltr'>cogitationum,</span> <span class='ocrx_word' id='word_1_859' title='bbox 2955 5570 3114 5627; x_wconf 91' lang='lat' dir='ltr'>mille</span> <span class='ocrx_word' id='word_1_860' title='bbox 3144 5569 3363 5625; x_wconf 89' lang='lat' dir='ltr'>diaboli</span> <span class='ocrx_word' id='word_1_861' title='bbox 3404 5570 3830 5640; x_wconf 89' lang='lat' dir='ltr'>suggestiones,</span> 
     </span>
    </p>
   </div>
   <div class='ocr_carea' id='block_1_120' title="bbox 2189 5656 3826 5721">
    <p class='ocr_par' dir='ltr' id='par_1_120' title="bbox 2189 5656 3826 5721">
     <span class='ocr_line' id='line_1_122' title="bbox 2189 5656 3826 5721; baseline -0.008 0"><span class='ocrx_word' id='word_1_862' title='bbox 2189 5664 2349 5721; x_wconf 87' lang='lat' dir='ltr'>mille</span> <span class='ocrx_word' id='word_1_863' title='bbox 2381 5663 2719 5719; x_wconf 90' lang='lat' dir='ltr'>mortalium</span> <span class='ocrx_word' id='word_1_864' title='bbox 2751 5663 3107 5720; x_wconf 89' lang='lat' dir='ltr'>tentationes</span> <span class='ocrx_word' id='word_1_865' title='bbox 3137 5662 3492 5715; x_wconf 84' lang='lat' dir='ltr'>animorum.</span> <span class='ocrx_word' id='word_1_866' title='bbox 3529 5681 3550 5707; x_wconf 75' lang='grc' dir='ltr'>ο</span> <span class='ocrx_word' id='word_1_867' title='bbox 3583 5656 3783 5713; x_wconf 85' lang='lat' dir='ltr'>Subdit</span> <span class='ocrx_word' id='word_1_868' title='bbox 3814 5672 3826 5708; x_wconf 88' lang='lat'><strong>:</strong></span> 
     </span>
    </p>
   </div>
   <div class='ocr_carea' id='block_1_121' title="bbox 2195 5746 3829 5823">
    <p class='ocr_par' dir='ltr' id='par_1_121' title="bbox 2195 5746 3829 5823">
     <span class='ocr_line' id='line_1_123' title="bbox 2195 5746 3829 5823; baseline -0.006 -15"><span class='ocrx_word' id='word_1_869' title='bbox 2195 5776 2222 5808; x_wconf 78' lang='grc' dir='ltr'>ιι</span> <span class='ocrx_word' id='word_1_870' title='bbox 2251 5755 2402 5810; x_wconf 91' lang='lat' dir='ltr'>Dum</span> <span class='ocrx_word' id='word_1_871' title='bbox 2434 5753 2611 5823; x_wconf 77' lang='lat' dir='ltr'>igitur</span> <span class='ocrx_word' id='word_1_872' title='bbox 2635 5754 2929 5809; x_wconf 88' lang='lat' dir='ltr'>destinato</span> <span class='ocrx_word' id='word_1_873' title='bbox 2978 5751 3079 5807; x_wconf 92' lang='lat' dir='ltr'>tibi</span> <span class='ocrx_word' id='word_1_874' title='bbox 3132 5748 3364 5806; x_wconf 88' lang='lat' dir='ltr'>ﬂabello</span> <span class='ocrx_word' id='word_1_875' title='bbox 3416 5746 3829 5804; x_wconf 88' lang='lat' dir='ltr'>descendentes</span> 
     </span>
    </p>
   </div>
  </div>
