4156 6328
252 406 283 459 ἆ
297 404 367 458 45

975 403 1487 459 ONOMASTICON
1524 406 1783 461 RBBUM
1821 408 1913 461 ΒΤ
1950 408 2353 467 VIRBORUM
2390 414 2949 472 DIFFICILIORUM.

3565 415 3668 469 41ιὸ

253 527 742 603 supersacriﬁcia
765 543 1001 583 muscas
1016 527 1908 599 abegeris,asacri{icantismen-
1938 536 1989 599 Α
2020 534 2863 605 daveraservataconsuetudo,
2884 541 2981 595 ubi
3012 540 3313 595 commode
3346 539 3469 595 ﬁeri
3508 544 3667 611 pote-

254 626 312 676 ts
343 618 891 691 supervenientium
924 617 1201 672 incursus
1231 618 1647 687 ientationum,
1671 619 1916 674 catholi-

254 728 337 766 ea:
354 708 487 764 ﬁdei
504 706 826 763 ventilabro
840 706 1134 762 exturbari
1156 706 1506 777 oportebit.»
1522 706 1920 779 Hipronymus

257 814 492 871 quoque
524 796 818 852 muscaria
847 800 1251 851 matronarum
1277 795 1389 850 huc
1421 796 1620 862 trahit,
1655 802 1712 852 et
1742 797 1917 869 spiri-

257 888 454 946 taliter
474 886 727 958 explicat
756 884 1005 956 epistola
1024 884 1117 948 20,
1152 885 1221 940 ad
1257 884 1593 939 Marcellam
1629 900 1642 939 :
1679 906 1707 934 α
1754 886 1917 949 Quod

256 984 454 1034 autem
487 982 544 1033 et
577 977 857 1031 matronis
878 974 1101 1031 offertis
1133 973 1428 1029 muscaria
1469 989 1667 1045 parva,
1699 974 1918 1045 :parvis

256 1067 623 1123 animalibus
645 1063 1050 1128 eventilandis,
1096 1062 1359 1134 elegans,
1392 1063 1746 1133 signiﬁcatio
1803 1068 1915 1131 est,

255 1159 469 1213 debere
499 1154 794 1210 luxuriam
854 1153 967 1209 cito
1044 1152 1431 1223 restinguere,
1500 1153 1640 1223 quia
1701 1169 1915 1208 muscae

257 1248 558 1303 moriturae
581 1244 776 1299 oleum
808 1242 1117 1299 suavitatis
1148 1241 1562 1297 exterminant.
1602 1261 1624 1291 ι

328 1335 755 1390 Adumbratum
778 1332 887 1389 hoc
922 1332 978 1386 in
1008 1330 1265 1386 Ecclesia
1292 1346 1361 1386 ex
1393 1330 1541 1385 facto
1590 1330 1909 1388 Abraham.

257 1426 417 1482 Idem
474 1424 883 1480 Hildebertus:
915 1443 942 1469 ‹‹
978 1419 1209 1477 Talium
1260 1423 1525 1490 portenta
1572 1436 1912 1475 muscarum

254 1514 564 1587 patiarcba
594 1512 891 1567 Abraham
920 1509 1322 1582 propulsanda
1346 1508 1744 1580 praesignavit,
1780 1525 1911 1565 cum

257 1602 627 1660 asacriﬁciis
658 1616 793 1657 aves
828 1598 1024 1670 abegit
1054 1598 1447 1655 incursantes.
1484 1620 1511 1647 »
1560 1598 1737 1653 Erant
1792 1598 1913 1654 haec

260 1691 493 1746 ﬂabella
521 1706 621 1745 seu
659 1688 951 1744 muscaria
974 1687 1065 1742 vel
1087 1704 1157 1741 ex
1179 1688 1433 1743 tenuibus
1457 1686 1910 1755 membranis,vel

258 1782 554 1851 “pennis
573 1780 801 1850 pavonis
831 1781 933 1833 aut
965 1793 1034 1833 ex
1091 1776 1279 1846 linteo,
1341 1780 1405 1833 ut
1454 1775 1705 1833 habetur
1754 1779 1906 1849 apud

256 1870 640 1935 Clementem,
673 1867 713 1922 1.
745 1882 846 1922 VIII
868 1865 1114 1923 Constit.
1153 1864 1445 1935 Apostol.,
1478 1882 1606 1936 cap.
1642 1867 1728 1922 12.

328 1959 557 2015 Funus.
590 1956 830 2027 Aliquot
848 1956 1122 2011 funebres
1144 1953 1365 2011 ritusin
1389 1952 1538 2011 Vitis
1560 1954 1651 2011 bis
1674 1960 1907 2012 notatos

255 2048 480 2113 habes;
513 2046 794 2116 quosdam
821 2044 1062 2100 uberius
1093 2043 1415 2114 explicabo.

328 2139 535 2193 Linteo
556 2134 1015 2192 obvolvebantur
1041 2134 1329 2190 nobilium
1352 2139 1410 2191 et
1437 2138 1761 2206 martyrum
1779 2152 1909 2191 cor-

254 2243 403 2299 pora
427 2225 589 2296 apud
624 2223 944 2295 Egyptios.
975 2222 1109 2279 Vita
1137 2222 1395 2294 Antonii,
1426 2240 1553 2293 cap.
1575 2224 1683 2279 57:
1711 2246 1739 2275 «
1784 2224 1908 2281 Mos

252 2315 543 2388 {Egyptiis
573 2319 683 2381 est,
705 2312 1016 2379 nobilium,
1039 2318 1097 2367 et
1119 2312 1405 2383 praecipue
1426 2314 1729 2368 beatorum
1755 2330 1906 2368 mar-

254 2412 452 2477 tyrum
468 2419 714 2473 corpora
731 2401 1074 2458 linteamine
1091 2400 1414 2457 obvolvere.
1444 2423 1470 2450 »
1492 2402 1584 2456 Sic
1598 2402 1668 2456 de
1693 2402 1907 2458 Christi

258 2509 523 2564 corpore,
551 2492 799 2549 Joannis
836 2507 930 2546 x1:
993 2493 1334 2563 Ligaveruut
1368 2490 1514 2546 illud
1571 2490 1906 2557 linteis,cum

255 2582 619 2639 aromatibus.
652 2583 796 2635 Acta
822 2580 994 2635 Abibi
1019 2580 1313 2651 martyris,
1348 2580 1502 2649 apud
1545 2580 1905 2650 Metaphras-

256 2678 401 2742 tem,
436 2672 503 2726 15
533 2668 871 2727 Novembris
904 2685 916 2723 :
952 2690 981 2718 «
1004 2668 1264 2724 Pretioso
1285 2668 1462 2724 linteo
1492 2685 1627 2725 eum
1650 2669 1909 2725 circum-

253 2763 570 2827 dederunt,
614 2765 673 2816 et
722 2759 1040 2830 unguentis
1090 2762 1406 2815 unxerunt.
1440 2777 1467 2811 ιι
1528 2758 1905 2828 Prudentius,

254 2852 479 2923 hymno
512 2852 577 2905 10
606 2848 935 2905 Cathemer.

604 2954 849 3005 Candore
880 2952 1110 3003 nitentia
1139 2953 1285 3003 claro

638 3018 977 3068 Praetendere
1010 3017 1174 3067 lintea
1207 3029 1322 3067 mos
1353 3021 1448 3066 est.

260 3116 576 3184 Eusebius,
611 3116 713 3170 lib.
744 3131 845 3183 vn,
878 3114 1065 3184 capite
1097 3114 1271 3183 17,de
1293 3114 1581 3170 Asteriiin
1606 3115 1906 3172 Marinum

2026 627 2135 679 rat.
2168 624 2330 681 Alias
2351 628 2557 698 quavis
2569 628 2736 684 obvia
2750 645 2810 684 re
2824 630 3102 684 cadavera
3130 628 3564 685 fuereinvoluta
3580 630 3670 685 Sic

2025 712 2082 769 in
2097 728 2314 783 eremo,
2333 717 2495 771 Pauli
2512 718 2685 788 primi
2699 718 2952 772 eremitae
2967 734 3179 789 corpus
3196 716 3526 788 pallio.Vita
3538 720 3667 788 ejus

2025 818 2074 856 ο.
2102 803 2513 872 10:«Pallium,
2539 808 2693 876 quod
2718 806 2821 861 tibi
2846 806 3206 862 Athanasius
3237 806 3545 878 episcopus
3565 808 3663 863 de-

2022 892 2126 957 dit,
2158 893 2230 947 ad
2262 893 2687 950 obvolvendum
2729 896 3146 967 corpusculum
3183 912 3374 951 meum
3423 897 3600 952 defer.
3637 920 3665 947 »

2026 980 2289 1036 Macrinaa
2313 999 2547 1053 quoque
2578 984 2806 1055 corpori
2840 984 3084 1056 pallium
3117 987 3541 1055 superjectum,
3594 1004 3665 1041 ne

2023 1070 2316 1126 ascititius
2347 1077 2588 1127 ornatus
2621 1072 2983 1144 splendidior
3015 1075 3406 1144 quorumdam
3466 1075 3666 1130 oculos

2020 1160 2359 1216 offenderet.
2410 1161 2725 1234 Gregorius
2782 1162 3105 1234 Nyssenus,
3139 1164 3197 1218 in
3258 1163 3391 1219 Vita
3449 1169 3664 1221 sanctis

2022 1251 2313 1306 Macrinae.

2091 1342 2233 1395 Cum
2268 1341 2512 1412 psalmis
2534 1346 2588 1395 et
2612 1341 2844 1413 hymnis
2870 1343 3119 1398 deducta
3141 1342 3280 1398 olim
3306 1343 3590 1399 cadavera
3610 1349 3668 1400 et

2016 1430 2826 1501 condita,frequentissimein
2848 1431 2940 1487 his
2962 1431 3106 1487 Vitis
3133 1437 3362 1487 Patrum
3389 1434 3665 1489 occurrit.

2016 1518 2095 1573 De
2112 1518 2218 1574 hoc
2231 1519 2701 1575 Christianorum
2728 1520 2841 1574 ritu
2858 1521 2983 1575 vide
3006 1522 3343 1576 Gretserum
3376 1527 3662 1589 nostrum,

2015 1609 2085 1663 de
2117 1613 2340 1663 Funere
2371 1608 2724 1676 Christiano,
2757 1625 2881 1679 cap.
2914 1611 2968 1663 5.
3001 1615 3113 1665 Cur
3143 1616 3342 1665 autem
3373 1611 3577 1682 hymni
3612 1618 3669 1666 et

2013 1697 2228 1771 psalmi
2258 1698 2315 1752 in
2340 1698 2643 1755 funeribus
2676 1699 2968 1754 decantati
3002 1699 3142 1764 sint,
3176 1700 3326 1755 hanc
3378 1701 3664 1757 rationem

2012 1786 2941 1858 redditChrysoetomus,bomilia
2955 1790 2986 1841 4
3001 1789 3057 1843 in
3072 1789 3254 1859 Epist.
3272 1789 3341 1843 ad
3360 1789 3663 1847 Hebraeos:

1938 1888 1987 1955 Β
2017 1875 2081 1931 Τί
2098 1872 2155 1928 δὲ
2169 1876 2220 1929 οἱ
2240 1874 2397 1947 ὕμνοι
2421 1896 2436 1944 ς
2462 1874 2591 1949 οὐχὶ
2608 1875 2699 1931 τὸν
2728 1876 2855 1931 Θεὸν
2885 1874 3177 1949 δοξάζομεν
3200 1876 3289 1932 καὶ
3312 1877 3666 1951 εὐχαριστου-

2028 1965 2235 2036 μεν,δτι
2259 1964 2452 2020 λοιπὸν
2479 1965 2814 2040 ἐστεφάνωσε
2842 1966 2933 2019 τὸν
2968 1964 3293 2031 ἀπελθόντα,
3322 1965 3531 2020 ὅτιτῶν
3564 1966 3664 2020 πό-

2020 2074 2126 2107 νων
2150 2051 2485 2125 ἆπήλλαξεν,
2508 2055 2591 2109 ὅτι
2612 2060 2712 2122 τῆς
2732 2051 2937 2117 δειλίας
2951 2049 3196 2108 ἐκϐαλὼν
3220 2051 3664 2129 ἔχειπαρ’ἒαυτῷ

2021 2142 2083 2196 οὐ
2116 2139 2203 2197 διὰ
2231 2146 2393 2197 τοῦτο
2425 2141 2586 2214 ὕμνοι
2632 2142 2733 2211 ;οὐ
2766 2140 2855 2196 διὰ
2882 2146 3041 2198 τοῦτο
3090 2140 3410 2214 ψαλμῳδίαι
3439 2169 3453 2210 ;
3499 2147 3667 2197 ταῦτα

2019 2232 2191 2286 πάντα
2218 2230 2525 2305 χαιρόντων
2554 2229 2692 2287 ἐστίν
2728 2250 2741 2287 :
2767 2256 2795 2282 ‹‹
2828 2234 2976 2297 Quid
2999 2233 3175 2289 etiam
3195 2233 3443 2305 hymni?
3464 2234 3665 2290 Nonne

2024 2327 2088 2377 ut
2110 2322 2293 2378 Deum
2328 2321 2749 2393 glorificamus,
2774 2322 2944 2393 eique
2967 2322 3189 2393 gratias
3212 2338 3480 2393 agamus,
3507 2324 3663 2394 quod

2013 2413 2140 2481 jam
2171 2410 2468 2465 coronavit
2481 2410 2901 2479 discedentem,
2918 2411 3069 2481 quod
3085 2410 3431 2466 alaboribus
3452 2411 3665 2467 libera-

2021 2500 2123 2567 vit,
2147 2500 2300 2569 quod
2326 2517 2358 2555 a
2383 2499 2591 2555 timore
2620 2499 2929 2555 liberatum
2962 2500 3116 2570 apud
3141 2516 3202 2554 se
3220 2500 3394 2554 habet
3412 2499 3440 2553 ‘P
3460 2500 3664 2555 Nonne

2021 2593 2257 2659 propter
2294 2588 2399 2645 hoc
2422 2588 2627 2660 hymni
2651 2588 2889 2644 ?Nonne
2910 2594 3148 2661 propter
3172 2588 3281 2644 hoc
3306 2588 3665 2660 psalmodia?

2020 2678 2230 2733 Omnia
2254 2679 2453 2734 1081
2493 2678 2605 2734 ista
2645 2678 3027 2749 gaudentium
3079 2682 3236 2735 sunt.
3266 2700 3291 2726 υ
3342 2677 3513 2733 Plura
3570 2678 3664 2734 hic

2020 2768 2155 2823 addi
2173 2775 2427 2839 possent;
2445 2768 2544 2823 sed
2562 2784 2688 2823 eam
2706 2782 2825 2823 rem
2843 2768 2969 2836 jam
2987 2770 3295 2823 exsecutus
3310 2768 3662 2823 estJacobus

2021 2856 2329 2913 Gretserus
2342 2859 2539 2910 noster
2552 2854 2837 2927 singulari
2849 2854 2997 2910 libro
3012 2855 3092 2913 De
3108 2855 3664 2913 funereChristiano.

2091 2945 2384 3001 Caesam.
2418 2942 2563 2999 Vide
2594 2945 2666 2999 de
2694 2944 2768 2999 iis
2801 2944 2959 3001 dicta
2996 2944 3186 2999 Vitam
3248 2944 3437 3000 sancti
3492 2946 3665 3000 Anto-

2020 3034 2124 3100 nii,
2142 3050 2192 3089 c.
2216 3034 2306 3099 57,
2334 3032 2432 3090 ubi
2454 3032 2892 3089 eaAthanasius
2914 3033 3211 3099 describit,
3230 3033 3660 3105 etAugustinus

2020 3139 2231 3181 nomen
2258 3123 2531 3194 prodidit.
2552 3121 2919 3178 Vocabulum
2954 3124 3155 3193 paucis
3180 3122 3661 3193 notum.Plinius,

260 3211 582 3275 martyrem
615 3204 826 3276 pietate
852 3221 865 3257 :
901 3200 1250 3294 [lepra-rein;
1269 3222 1327 3257 τε
1349 3199 1405 3258 εὖ
1438 3202 1586 3275 μάλα
1603 3201 1903 3271 πλουσίως,

2021 3212 2122 3270 lib.
2155 3228 2255 3279 vn,
2288 3228 2414 3282 cap.
2449 3212 2554 3266 16:
2594 3234 2613 3259 ι
2650 3212 3136 3267 Procerissimum
3168 3210 3466 3267 hominem
3517 3216 3659 3267 istas

260 3299 330 3368 τῇ
364 3292 722 3368 προσηκούσῃ
753 3294 898 3368 ταφῇ
929 3287 1307 3364 παραδίδωσιι
1342 3310 1371 3341 ‹‹
1403 3293 1565 3357 Quod
1608 3309 1742 3349 cum
1783 3310 1907 3349 ma-

258 3387 477 3460 gnlﬂcc
506 3389 565 3439 et
592 3387 940 3454 sumptuoso
970 3382 1147 3438 linteo
1175 3382 1534 3450 involvlsset,
1565 3383 1792 3439 decenti
1817 3399 1908 3440 se-

257 3475 466 3549 pulcro
498 3473 778 3530 condidit.
804 3494 833 3522 »
866 3471 1048 3538 Idem,
1078 3472 1284 3527 eodem
1316 3471 1442 3540 lib.,
1473 3488 1599 3543 cap.
1635 3474 1702 3527 10
1730 3478 1789 3529 et
1820 3475 1907 3545 18,

260 3567 443 3622 lintea
472 3564 574 3618 illa
604 3566 771 3618 vocat
798 3557 1150 3633 περιστολάς.
1182 3562 1589 3633 Hieronymus,
1613 3562 1783 3633 epist.
1818 3565 1907 3631 49,

261 3657 336 3711 de
366 3652 612 3709 muliere
644 3651 865 3723 septies
894 3651 1011 3706 icta
1036 3667 1050 3705 :
1077 3674 1105 3701 α
1140 3650 1371 3716 Clerici,
1396 3651 1613 3721 quibus
1637 3652 1691 3706 id
1728 3652 1907 3708 ofﬁcii

255 3743 663 3811 erat,cadavar
691 3744 999 3796 cruentum
1038 3740 1218 3794 linteo
1244 3739 1578 3794 obvolvunt.
1613 3765 1638 3789 n
1670 3740 1741 3794 Et
1771 3742 1907 3810 qui-

256 3834 394 3888 dem
426 3829 863 3886 vetustissimns
894 3844 1022 3884 mos
1049 3829 1160 3883 fuit
1188 3829 1471 3883 cadavera
1502 3828 1679 3884 linteo
1721 3828 1906 3884 invol-

249 3920 449 3977 vendi.
483 3919 794 3986 Homerus,
830 3917 1023 3973 Illiad.
1056 3921 1111 3969 Ψ
1137 3918 1208 3971 de
1240 3917 1489 3972 Patrocli
1522 3917 1762 3973 funere:

325 4036 413 4088 Ἐν
443 4029 695 4104 λεχέεσσι
728 4028 785 4085 δὲ
816 4032 994 4104 θέντες
1024 4030 1164 4104 ἑανῷ
1196 4028 1309 4084 λιτί
1342 4030 1609 4104 κάλυψαν.

325 4036 413 4088 Ἐν
443 4033 695 4104 λεγὲεσσι
728 4033 785 4085 δέ
816 4033 994 4091 θέντες
1024 4033 1164 4100 ἑανῷ
1197 4033 1309 4084 λιτὶ
1342 4033 1609 4157 milvi/av.

324 4108 413 4167 Ἐς
443 4096 615 4165 πόδας
648 4104 709 4158 ἐκ
734 4102 1002 4180 κεφαλῆς,
1031 4103 1331 4177 καθύπερθε
1363 4100 1421 4157 δὲ
1443 4124 1477 4179 φ
1519 4113 1602 4178 ρεΐ
1630 4101 1829 4175 λευκῷ.

346 4197 403 4245 In
438 4197 633 4245 lectum
654 4198 832 4243 autem
858 4195 1196 4245 imponentes
1222 4194 1388 4242 linteo
1444 4194 1624 4243 subtili
1659 4196 1908 4244 texerunt

315 4261 393 4310 Ad
426 4259 593 4321 pedes
623 4272 653 4308 a
685 4256 889 4319 capite;
922 4256 1158 4319 desuper
1179 4260 1359 4306 autem
1394 4256 1515 4306 alba
1552 4260 1717 4306 veste.

248 4374 291 4424 Α
311 4367 497 4422 oratis
529 4366 703 4421 etiam
732 4363 997 4419 vestibus
1028 4363 1482 4419 obvolvebantur
1510 4364 1903 4435 quorumdam

248 4472 519 4528 corpora.
552 4453 688 4508 Vita
712 4452 868 4508 Pauli
898 4451 1588 4523 primieremitae,cap.14
1615 4469 1628 4506 :
1652 4471 1679 4498 α
1700 4451 1818 4507 Cur
1846 4457 1905 4508 et

250 4551 523 4603 mortuos
551 4548 777 4599 vestros
793 4542 1017 4597 sumtis
1034 4540 1345 4596 obvolvitis
1357 4541 1621 4596 vestibus
1635 4541 1706 4614 τι»
1721 4543 1902 4607 Quem

247 4652 473 4692 vanum
487 4631 687 4688 saeculi
705 4646 927 4687 morem
940 4635 997 4685 et
1011 4631 1059 4685 si
1076 4630 1468 4702 Hieronymus
1487 4630 1565 4685 ibi
1584 4631 1904 4701 reprehen-

251 4728 375 4789 dat,
407 4725 654 4778 ornatus
677 4726 873 4775 tamen
894 4718 1259 4791 splendidior
1284 4736 1399 4773 non
1425 4718 1763 4790 repudiatus
1790 4720 1901 4775 fuit

252 4814 315 4868 in
333 4813 532 4867 funere
545 4813 906 4865 sanctorum.
926 4808 1239 4881 Gregorius
1257 4808 1575 4879 Nyssenus,
1599 4808 1670 4863 de
1699 4808 1904 4863 Macri-

253 4920 335 4957 na
364 4915 603 4957 sorore:
639 4920 667 4947 α
700 4897 864 4952 Nunc
895 4897 1135 4970 quidem
1158 4896 1515 4952 invidiosum
1550 4914 1665 4952 non
1689 4898 1818 4965 erit,
1853 4898 1904 4953 si

255 4991 547 5045 defuncte:
580 4986 1042 5058 splendidiorem
1074 4986 1468 5056 adjecerimus
1498 4990 1791 5056 ornatum,
1848 4991 1907 5043 et

255 5096 466 5153 puram
500 5077 666 5132 illam
700 5074 1266 5146 immaculatamque
1297 5091 1533 5130 carnem
1558 5075 1905 5133 clarioribus

253 5165 626 5225 vestimentis
640 5164 1034 5219 induerimus.
1048 5188 1067 5212 ι
1086 5165 1396 5234 Eusebius,
1412 5163 1904 5237 supraz’Acrdpioc

253 5258 533 5329 ἀνὴρ,τῶν
564 5252 649 5307 ἐπὶ
685 5253 906 5323 Ῥώμης
936 5250 1447 5325 συγκλητικῶν,τὸν
1474 5252 1632 5323 ὤμου
1661 5252 1905 5323 ὑποθεὶς,

250 5344 347 5400 ἐπὶ
366 5344 627 5417 λαμπρᾶς
653 5363 711 5395 τε
739 5340 829 5395 καὶ
859 5338 1204 5404 πολυτελοῦς
1223 5340 1448 5409 ἐσθῆτος
1471 5339 1662 5411 ἅρα,τὸ
1684 5344 1903 5412 σκῆνος,

250 5434 565 5509 ἐπιφέρεται
592 5447 606 5486 :
639 5453 668 5481 ‹‹
706 5431 969 5487 Asterius
1002 5430 1089 5484 vir
1110 5436 1493 5485 esenatorum
1514 5432 1905 5487 Romanorum

256 5540 507 5579 numero
539 5522 785 5577 cadaver
806 5519 1039 5591 (Marini
1066 5520 1364 5591 martyris)
1387 5520 1562 5586 tollit,
1600 5520 1909 5591 splendida

251 5620 313 5671 et
336 5613 594 5685 pretiosa
621 5610 843 5681 obtegit
871 5613 1051 5676 veste,
1082 5613 1257 5679 atque
1270 5608 1531 5665 humeris
1558 5608 1905 5680 impositum

260 5704 402 5761 inde
428 5703 722 5773 deportat.
760 5720 788 5747 ››

328 5790 460 5847 Haec
472 5787 819 5846 obvolvendi
833 5787 1031 5857 linteo,
1044 5786 1158 5858 vel,
1172 5790 1382 5843 ornatu
1402 5786 1800 5858 splendidiore
1816 5806 1906 5846 ca-

2020 3305 2221 3358 nostra
2245 3301 2375 3356 divo
2423 3299 2666 3357 Claudio
2715 3298 2996 3371 principe,
3046 3300 3354 3357 Gabbaran
3400 3300 3659 3357 nomine.

2018 3406 2085 3445 ex
2108 3389 2325 3445 Arabia
2355 3389 2685 3454 advectum,
2710 3404 2918 3443 novem
2943 3388 3180 3459 pedum,
3205 3394 3261 3443 et
3274 3387 3529 3443 todidem
3548 3406 3657 3442 un-

2019 3470 2243 3527 ciarum
2266 3468 2429 3524 vidit.
2456 3491 2483 3518 «
2519 3470 2654 3535 Quae
2686 3468 2964 3525 exscribit
2981 3468 3240 3534 Solinus,
3261 3485 3385 3540 cap.
3408 3469 3443 3522 5
3477 3486 3489 3521 :
3516 3470 3660 3524 Cave

2018 3559 2346 3614 Gabbaram
2379 3558 2680 3614 existimes
2712 3558 3012 3631 pr0prium
3043 3557 3151 3614 viri
3184 3575 3416 3614 nomen.
3451 3557 3659 3613 Omnia

2018 3652 2385 3704 mortuorum
2400 3648 2680 3703 cadavera
2692 3647 3019 3704 conditaita
3036 3649 3416 3705 vocabantur.
3442 3648 3657 3703 Glossaa

2017 3738 2254 3795 Isidori:
2281 3760 2308 3787 «
2342 3737 2643 3807 Galbares,
2664 3743 3029 3794 mortuorum
3061 3738 3294 3793 condita
3325 3754 3585 3810 corpora.
3630 3758 3654 3788 ι»

2016 3830 2190 3901 Lege,
2225 3828 2494 3884 Gabbares
2520 3827 2609 3885 vel
2634 3828 2881 3883 Gabbam
2904 3828 3118 3883 Eadem
3156 3844 3169 3885 :
3203 3851 3230 3877 «
3258 3829 3545 3897 Gabarus,
3570 3828 3662 3882 in-

2021 3919 2245 3987 sulsus,
2278 3918 2587 3984 barbarus,
2620 3919 2777 3972 unde
2802 3917 3061 3973 Gabares
3084 3922 3469 3972 mortuorum.
3503 3938 3530 3966 ››
3556 3916 3661 3972 Pa-

2014 4010 2178 4080 pias:
2217 4027 2244 4059 ι
2278 4006 2552 4076 Gabbari,
2586 4006 2803 4063 inclusi
2834 4006 3096 4062 barbari.
3141 4006 3306 4061 Unde
3364 4005 3659 4060 Gabbares

2015 4101 2380 4154 mortuorum
2430 4113 2676 4168 corpora
2732 4096 2979 4153 condita.
3012 4119 3032 4145 ι
3087 4095 3193 4150 Ubi
3220 4094 3363 4167 lege,
3432 4094 3651 4160 insulsi,

2014 4188 2257 4242 barbari.
2292 4186 2385 4242 Sic
2416 4186 2476 4240 in
2510 4186 2807 4241 Glossario
2840 4185 3293 4240 Camberonensi
3325 4188 3430 4239 Ms.
3483 4207 3501 4233 ι
3544 4184 3655 4238 Ga-

2012 4276 2181 4331 bator
2211 4274 2330 4330 sive
2361 4274 2607 4343 gabitor,
2641 4275 2859 4331 dicitur
2886 4273 3062 4330 homo
3090 4274 3352 4344 jocosus.
3384 4295 3412 4324 »
3445 4274 3653 4329 Teutov

2012 4364 2188 4419 nibus
2216 4363 2507 4434 gabberen,
2541 4362 2749 4432 ridere,
2777 4363 2977 4432 jocari.

2083 4453 2354 4508 GALILa-JI.
2371 4451 2451 4507 lta
2471 4449 2609 4505 olim
2629 4451 2942 4505 Christiani
2962 4450 3096 4506 dicti
3116 4456 3652 4522 percontemptum.

2010 4540 2153 4596 Vitae
2184 4540 2431 4613 Epicteti
2463 4543 2520 4594 et
2546 4539 2830 4604 Aetionis,
2865 4556 2990 4610 cap.
3012 4540 3080 4594 7:
3109 4544 3215 4595 «Et
3236 4540 3533 4595 aGalileais
3556 4540 3653 4594 fu-

2012 4634 2176 4685 ratus
2208 4645 2290 4684 es.
2312 4650 2340 4678 »
2368 4627 2796 4699 Plangitmater
2815 4628 3096 4683 Aetionis.
3114 4628 3652 4697 anianus,inPhi-

2012 4718 2327 4790 lopatr.,de
2349 4723 2549 4773 sancto
2566 4716 2741 4772 Paulo
2756 4717 3063 4789 agens."Hv
3076 4715 3160 4770 ίκα
3174 4714 3230 4771 δέ
3251 4738 3343 4788 μοι
3362 4715 3655 4777 Γαλιλαῖος

2010 4805 2280 4881 ἐνέτυχεν,
2312 4803 2731 4884 ἀναφαλαντίας,
2765 4803 3064 4879 ἐπίῤῥινος,
3098 4803 3150 4866 ἐς
3190 4805 3371 4880 τρίτον
3429 4803 3654 4879 οὐρανὸν

2012 4892 2417 4967 ἄεροϐατήσαςε
2452 4897 2746 4960 «Quando
2770 4902 2963 4952 autem
2990 4913 3078 4952 me
3100 4896 3372 4951 Galileeus
3396 4895 3491 4951 ille
3516 4912 3655 4950 con-

2010 4988 2170 5043 venit
2199 4985 3107 5056 recalvaster,nasoaquilino,qui
3130 4986 3188 5040 in
3211 4986 3445 5040 tertium
3471 5000 3659 5054 usque

2015 5077 2224 5132 cmlum
2259 5092 2360 5147 per
2391 5090 2585 5129 aerem
2618 5074 2924 5145 ingressus
2946 5079 3053 5129 est.
3096 5097 3116 5123 ι
3155 5079 3231 5128 De
3247 5090 3358 5144 quo
3382 5073 3507 5127 loco
3526 5071 3657 5126 vide

2015 5167 2349 5234 Baronium,
2385 5170 2543 5221 torno
2577 5166 2618 5231 Ι,
2644 5181 2795 5219 anno
2828 5165 3041 5219 Christi
3070 5165 3159 5218 68.
3185 5163 3453 5218 Julianus
3480 5163 3656 5217 Miso-

2016 5254 2465 5328 pogonez’Eum-q
2489 5252 2828 5325 νοὶξΧριστὸν
2854 5250 3099 5321 ἐπόθουν,
3127 5252 3177 5305 οἳ
3196 5254 3300 5327 πῦρ
3325 5246 3656 5323 ἐμϐαλόντες

2013 5348 2129 5404 τοῖς
2158 5344 2349 5418 τάφοις
2374 5345 2482 5396 τῶν
2511 5340 2818 5395 Γαλιλαίων
2847 5358 2859 5408 ;
2895 5365 2921 5391 ‹‹
2942 5347 3026 5397 An
3052 5359 3186 5398 vero
3211 5342 3464 5397 Emiseni
3489 5342 3658 5397 Chri—

2021 5439 2180 5489 stum
2213 5433 2511 5495 emabant,
2546 5431 2643 5503 qui
2678 5430 3046 5487 Galilaeorum
3080 5430 3348 5503 sepulcra
3378 5430 3657 5486 incende—

2018 5520 2251 5577 runt?»
2280 5522 2438 5577 Idem
2471 5519 2689 5575 ibidem
2712 5524 2844 5590 post
2868 5516 3104 5574 τΝυνὶδὲ
3120 5520 3268 5591 ὑμῶν
3282 5516 3506 5580 ἕκαστος
3535 5517 3656 5572 ἐπι-

2014 5610 2199 5685 τρέπει
2234 5610 2328 5682 μὲν
2356 5612 2425 5681 τῇ
2457 5607 2671 5681 γυναικῖ
2704 5607 2877 5660 πάντα
2908 5606 3110 5683 ἐφὲρειν
3142 5604 3352 5671 ἔνδοθεν
3398 5607 3474 5670 εἷς
3530 5606 3658 5665 τοὺς

2016 5697 2343 5758 Γαλιλαίους
2374 5712 2389 5745 ι
2429 5697 3162 5770 «Nuncverouusquisque
3187 5704 3445 5755 vestrum
3487 5714 3653 5753 man-

2017 5790 2117 5845 dat
2146 5789 2309 5845 uxori
2341 5793 2512 5844 utom
2524 5787 2617 5843 nia
2630 5784 2884 5845 Galilmis
2908 5787 3214 5861 largiatur.
3233 5810 3255 5841 ι
3276 5790 3455 5857 Idem,
3481 5785 3652 5856 epist.
