4120 6322
587 388 690 443 447

1303 385 1810 442 ONOMASTICON
1852 388 2107 441 RERUM
2144 387 2239 440 ΕΤ
2274 387 2674 445 VERBORUM
2711 393 3277 448 DIFFICILIORUM.
3825 405 3910 459 41,8

592 515 765 581 33,ad
792 512 1017 569 Aetium
1036 512 1375 584 episcopum
1396 511 1836 567 hmresiarcham
1863 510 2227 581 εΛοιποῖςμὲν
2257 519 2307 580 Α
2338 514 2671 571 Calceorum
2706 533 2893 588 genus
2926 536 3054 575 esse
3083 518 3382 591 colligitur
3408 537 3473 576 ex
3502 522 3767 591 Cicerone,
3806 530 3911 584 Phi.

594 613 756 665 ἅπασι
786 614 902 671 τοῖς
936 610 1183 663 ὁπωσοῦν
1220 608 1322 662 ὑπὸ
1350 611 1452 661 τοῦ
1498 608 1797 682 μακαρίτου
1853 608 2231 662 Κωνο-ταντίου

585 696 1075 777 πεφυγαδευμένοις
1103 692 1276 751 ἕνεκεν
1307 703 1410 766 τῆς
1437 701 1543 751 τῶν
1600 694 1907 751 Γαλιλαίων
1958 696 2218 759 ἀπονοίας

586 790 761 859 ἀνῆκα
785 790 885 858 τήν
916 788 1094 866 φυγήν
1128 804 1141 843 :
1168 810 1196 838 «
1230 787 1463 843 Ceteris
1495 787 1795 854 omnibus,
1827 788 1927 859 qui
1959 805 1993 843 a
2046 792 2228 843 Cons-

584 882 773 938 tantio
806 881 923 935 vita
953 879 1249 945 defuncto,
1283 877 1453 950 ejecti
1487 879 1678 949 patria
1736 879 1966 933 fuerant
1995 882 2232 950 propter

591 970 909 1026 amentiam
927 967 1322 1036 Galilaeorum,
1345 966 1615 1022 exsitium
1639 966 1983 1022 condonavi.
2002 989 2029 1017 ››
2048 968 2229 1034 Idem,

582 1057 834 1131 epistola
860 1061 919 1127 7,
953 1059 1023 1112 ad
1055 1056 1358 1112 Artabium
1391 1055 1587 1130 εἘγὼ,
1620 1056 1684 1123 vi,
1716 1053 1842 1116 τοὺς
1884 1054 2057 1119 θεοὺς,
2108 1052 2232 1111 οὔτε

580 1148 881 1202 κτείνεσθαι
903 1145 1033 1206 τοὺς
1051 1142 1401 1215 Γαλιλαίους,
1416 1141 1539 1198 οὕτε
1550 1142 1839 1207 τύπτεσθαι
1854 1143 2070 1218 παρὰτὸ
2088 1143 2233 1199 δίκα-

602 1257 701 1305 ιον,
754 1232 879 1289 οὔτε
955 1232 1097 1289 ἄλλο
1121 1254 1174 1287 τι
1205 1234 1439 1308 πάσχειν
1494 1233 1657 1287 κακὸν
1690 1230 1967 1308 βούλομαι
1998 1251 2011 1289 :
2041 1258 2067 1285 ιι
2117 1235 2230 1307 Ego

592 1343 695 1399 per
721 1327 882 1392 deos,
907 1341 1096 1396 neque
1125 1323 1370 1379 interfici
1393 1322 1683 1389 Galilmos,
1707 1340 1892 1395 neque
1924 1324 2063 1379 caedi
2092 1341 2232 1396 pra:-

577 1420 666 1471 ter
687 1416 789 1485 jus
818 1418 876 1469 et
904 1429 1170 1485 mquam,
1203 1429 1393 1484 neque
1423 1412 1701 1467 molestiae
1727 1413 2051 1484 quidquam
2102 1429 2227 1483 pero

589 1509 705 1577 peti
735 1502 884 1558 volo.
923 1526 942 1552 ι
978 1502 1400 1567 Theodoretus,
1422 1501 1521 1556 lib.
1553 1519 1617 1556 ιιι
1640 1501 1792 1557 Hist.
1818 1500 1997 1567 Eccl.,
2020 1518 2148 1573 cap.
2170 1503 2225 1555 7:

595 1593 689 1648 Καὶ
705 1596 921 1666 πρῶτον
942 1589 1380 1665 μὲνάπηγορευσε
1408 1594 1514 1644 τῶν
1542 1588 1848 1644 Γαλιλαίων
1884 1610 1943 1643 το
1962 1587 2228 1651 ὺςπαῖδας

577 1681 741 1752 (οὕτω
768 1680 868 1757 γὰρ
898 1684 1000 1735 τοῦ
1053 1682 1309 1755 Σωτῆρος
1369 1681 1529 1752 ἡμῶν
1590 1678 1716 1741 τοὺς
1767 1678 2052 1742 θυασιότας
2098 1680 2227 1753 [sic]

582 1772 885 1843 ωνόμαζεν)
936 1773 1237 1839 ποιητικῶν
1294 1769 1384 1824 καὶ
1418 1772 1723 1845 ρητορικῶν
1777 1769 1866 1823 καὶ
1912 1767 2227 1846 φιλοσόφων

581 1858 1016 1934 μεταλαγχάνειν
1050 1856 1229 1935 λόγων
1262 1877 1276 1916 :

576 1951 707 2005 lilaai
750 1951 855 2022 (sic
895 1949 1192 2005 enimﬁdei
1241 1950 1565 2005 Servatoris
1619 1950 1799 2005 nostri
1852 1954 2222 2006 consecratos

576 2040 977 2112 nuncupabat)
1028 2040 1337 2111 poeticam,
1390 2039 1761 2095 rhetoricam.
1818 2043 1919 2095 aut
1970 2038 2223 2111 philoso-

574 2130 775 2202 phiam
792 2130 1094 2185 discerent.
1118 2151 1147 2178 »
1170 2129 1643 2201 Cbrysostomus,
1678 2128 1921 2185 homilia
1952 2130 2022 2185 de
2052 2146 2221 2184 sanc-

576 2224 634 2275 to
667 2219 1098 2290 Hieromartyre
1129 2218 1365 2286 Babyla,
1398 2234 1581 2290 agens
1607 2220 1678 2274 de
1710 2219 1907 2274 furoee
1949 2217 2177 2274 Juliani
2204 2235 2217 2275 :

572 2314 648 2364 Ex
679 2308 847 2380 μέσης
877 2308 1277 2381 ἀναρπάσασθαι
1321 2310 1423 2376 τῆς
1475 2305 1799 2379 οἰκουμένης
1847 2307 1909 2361 τὸ
1954 2310 2063 2361 τῶν
2109 2304 2219 2361 Γαλ

574 2395 765 2451 ιλαίων
801 2390 950 2459 ἔθνος
974 2393 1366 2472 ἐπηγγέλλετοε
1402 2419 1429 2447 ‹‹
1453 2399 1529 2452 Ex
1553 2398 1690 2453 orbe
1711 2402 2003 2453 terrarum
2034 2402 2218 2452 exter-

578 2488 942 2544 minaturum
966 2486 1405 2542 seGalilzeorum
1457 2487 1750 2542 nationem
1778 2486 2219 2559 pollicebatur.»

638 2579 825 2649 Atque
856 2577 999 2633 adeo
1025 2575 1486 2632 Christianorum
1523 2593 1733 2632 nomen
1783 2575 2023 2632 Juliano
2080 2590 2216 2632 exo-

570 2678 700 2721 sum
734 2669 878 2734 erat,
912 2669 976 2720 ut
1013 2665 1201 2721 edicto
1234 2666 1511 2732 sanxerit,
1545 2682 1615 2721 ne
1648 2665 1783 2738 quis
1830 2663 2215 2733 Christianos,

572 2755 673 2813 sed
717 2753 982 2810 Galilmos
1031 2754 1371 2826 appellaret.
1431 2754 1908 2827 Chrysostomus,
1956 2753 2216 2810 oratione

572 2848 778 2903 contra
808 2844 1023 2899 Gentes
1051 2860 1063 2898 :
1096 2841 1427 2905 Γαλιλαίους
1456 2842 1576 2896 ἀντὶ
1607 2846 1936 2919 Χριστιανῶν
1968 2841 2129 2904 αὐτός
2158 2863 2215 2897 τε

572 2930 623 2985 ἑν
655 2935 773 2992 τοῖς
805 2927 1129 3006 διατάγμασι
1161 2930 1366 3001 καλῶν,
1413 2932 1504 2986 καὶ
1554 2932 1680 2996 τοὺς
1724 2929 1995 3007 ἄρχοντας
2052 2935 2213 2986 τοῦτο

571 3021 893 3096 προτρέπων
925 3025 1102 3074 ποιεῖν
1126 3039 1139 3077 :
1160 3045 1186 3071 ‹‹
1222 3022 1489 3078 Galilaeos
1520 3040 1623 3096 pro
1644 3022 1995 3080 Christianis
2019 3039 2124 3078 nos
2152 3023 2210 3077 in

572 3110 778 3167 edictis
801 3110 925 3165 suis
950 3114 1074 3165 tum
1110 3111 1232 3183 ipse
1262 3111 1586 3183 appellans,
1614 3117 1738 3166 tum
1798 3112 2091 3183 principes
2147 3115 2212 3166 ut

572 3200 726 3254 idem
752 3200 1103 3267 factitarent,
1137 3200 1471 3257 exhortans.
1500 3224 1526 3250 ››
1559 3201 1870 3273 Gregorius
1899 3201 2209 3256 Nazianze-

572 3309 704 3358 nus,
738 3292 999 3347 oratione
1029 3293 1062 3347 3
1091 3296 1297 3347 contra
1319 3292 1621 3348 Julianum
1654 3310 1666 3348 :
1717 3288 2044 3351 Γαλιλαίους
2096 3290 2210 3345 ἀντὶ

573 3384 906 3454 Χριστιανῶν
941 3378 1215 3452 ὀνομάσας
1264 3401 1323 3433 τε
1347 3379 1436 3434 καὶ
1468 3379 1751 3443 καλεῖσθαι
1791 3381 2165 3453 νομοθετήσας
2198 3398 2211 3436 :

571 3493 598 3521 «
636 3470 906 3525 Galilaeos
939 3486 1041 3541 pro
1072 3470 1424 3525 Christianis
1457 3469 1789 3541 nominans,
1818 3475 1993 3541 atque
2026 3474 2091 3525 ut
2134 3470 2218 3525 ita

570 3573 935 3624 vocaremur,
967 3558 1199 3627 publica
1226 3560 1350 3629 lege
1384 3559 1720 3614 decernens.
1759 3581 1785 3608 »

642 3648 917 3703 GALLICA.
958 3647 1091 3703 Vita
1149 3648 1381 3714 Malchi,
1433 3665 1561 3720 cap.
1625 3650 1677 3716 4,
1730 3650 1801 3704 de
1851 3648 2212 3704 Ismaelitis:

573 3759 601 3787 «
627 3735 811 3792 Pallia
840 3741 898 3792 et
929 3736 1077 3793 latas
1096 3736 1397 3794 calliculas
1420 3738 1774 3794 trahentes.»
1800 3738 1906 3794 Ubi
1944 3754 2213 3794 manusc.

570 3827 1030 3882 Audomarensis
1062 3827 1239 3882 habet
1264 3828 1515 3899 gallicas.
1552 3829 1757 3884 Nescio
1781 3846 1852 3882 an
1882 3827 2217 3899 promiscue

569 3914 787 3986 galliga
820 3932 920 3987 pro
951 3917 1134 3984 caliga
1173 3917 1604 3987 accipiendum.
1639 3916 2042 3972 Tertullianus
2091 3933 2220 3971 car-

585 4004 740 4059 mine
768 4005 838 4058 ad
873 4009 1202 4059 senatorem
1239 4005 1336 4077 qui
1391 4022 1458 4059 ex
1515 4004 1845 4059 Christiano
1901 4006 2086 4060 factus
2130 4009 2220 4060 est

576 4092 887 4147 idololatra
916 4092 1243 4165 )Egyptius,
1289 4110 1356 4148 ex
1401 4093 1639 4149 consule
1688 4094 1962 4149 sacerdos
2022 4094 2217 4163 Isidis,

571 4181 806 4235 videtur
838 4181 1200 4253 distinguere
1230 4199 1242 4237 :

820 4271 972 4335 lflunc
1000 4271 1161 4320 etiam
1193 4273 1341 4327 dicis.
1376 4273 1518 4335 quod
1550 4277 1600 4321 te
1632 4286 1740 4321 non
1763 4272 1947 4321 fecerit
1976 4274 2125 4327 tetas,

822 4332 1053 4407 ﬁedpsua
1082 4334 1291 4407 relligio
1310 4332 1547 4407 calvum,
1575 4336 1852 4407 caligaque
1883 4339 2106 4389 remota,

825 4394 1024 4442 Gallica
1052 4397 1119 4444 sit
1149 4396 1380 4459 pedibus
1412 4399 1549 4448 molli
1583 4394 1828 4447 redimita
1861 4411 2087 4460 papyro.

648 4483 734 4537 Ita
764 4482 1219 4555 distinguendus
1252 4485 1346 4539 hic
1380 4485 1562 4542 locus.
1596 4487 1739 4542 Nam
1772 4486 2086 4549 Pamelius,
2118 4484 2218 4556 qui

576 4572 785 4627 Gallica
816 4573 1122 4646 conjungit
1152 4591 1284 4629 cum
1319 4575 1521 4643 caliga,
1555 4580 1610 4631 et
1632 4575 1753 4629 vult
1788 4576 1843 4628 in
1877 4576 2088 4630 Gallica
2124 4574 2215 4628 hic

576 4680 610 4718 a
641 4662 958 4718 abiativum
983 4664 1216 4736 corripi,
1254 4664 1469 4720 frustra
1502 4666 1629 4720 fuit.
1666 4669 1778 4719 Hoc
1810 4665 1953 4731 vult,
1989 4669 2214 4719 senato-

576 4767 696 4808 rem
730 4751 907 4821 bunc,
942 4753 1140 4809 relicto
1175 4755 1436 4810 Romano
1470 4754 1672 4810 habitu
1714 4755 1943 4825 (quales
1999 4754 2217 4824 raligm,

574 4845 729 4899 unde
750 4845 971 4900 militia
990 4845 1229 4916 caligala
1253 4846 1613 4901 Tertulliano
1628 4845 1776 4900 libro
1792 4850 1870 4900 De
1886 4844 2218 4899 idololotria

575 4934 764 5007 capite
799 4934 908 5002 19),
940 4934 1009 4990 ad
1044 4936 1378 5008 {Egyptium
1404 4935 1669 4989 habitum
1697 4934 2016 4990 sacerdotis
2051 4934 2215 4989 Isiaci

575 5024 907 5095 transiisse,
939 5023 994 5079 id
1030 5032 1134 5094 est,
1170 5026 1241 5080 ad
1271 5024 1539 5095 gallz’cam
1565 5042 1632 5080 ex
1665 5023 1827 5079 molli
1864 5041 2078 5095 paper
2120 5042 2213 5096 pe-

574 5114 748 5169 dibus
793 5114 1257 5183 circumdatam;
1312 5131 1493 5185 quare
1534 5113 1797 5181 gallicam
1820 5117 1956 5184 puto
1981 5130 2214 5168 soccum

574 5218 723 5267 esse,
749 5203 888 5273 quia
920 5204 1134 5261 mollis.
1160 5204 1325 5258 Certe
1349 5202 1532 5259 Gallis
1553 5202 1793 5273 Cybeles
1820 5201 2019 5257 Isiacis
2042 5204 2217 5257 lulcos

572 5294 780 5347 calceos
804 5294 1011 5348 tribuit
1042 5292 1319 5365 Apuleius
1353 5292 1577 5350 Milesia
1607 5294 1677 5348 8:
1712 5294 1882 5348 Pedes
1910 5292 2068 5346 luteis
2126 5290 2210 5344 in-

569 5382 689 5437 duti
711 5386 918 5439 calceis.
943 5384 1227 5449 Catullus,
1256 5385 1437 5439 luleos
1457 5400 1631 5440 soccos
1657 5385 1713 5438 in
1737 5383 1983 5454 nuptiits
2008 5384 2215 5453 llyme-

570 5488 693 5526 meo
726 5472 934 5527 tribuit
964 5474 1101 5544 quia
1132 5474 1325 5529 luteus
1357 5491 1458 5529 seu
1494 5489 1735 5529 croceus
1762 5472 1981 5528 amoris
2010 5476 2098 5526 est
2120 5488 2215 5525 co-

568 5560 659 5616 lor
685 5579 699 5616 :

1418 5654 1590 5701 Laetus
1626 5651 1733 5700 huc

947 5713 1099 5761 Hunc
1126 5713 1273 5771 veni,
1304 5717 1462 5763 niveo
1497 5727 1689 5776 gerens

944 5777 1167 5826 Luteum
1204 5777 1337 5840 pede
1367 5791 1583 5827 soccum

689 5863 941 5921 Gallicas
964 5865 1078 5921 dici
1105 5864 1286 5923 Gallis
1331 5866 1583 5937 galoches
1638 5863 1930 5922 existimat
1984 5863 2215 5935 Bayfius

1311 1883 1339 1910 ‹‹
1370 1862 1448 1916 Ac
1480 1862 1737 1933 primum
1768 1862 1973 1929 vetuit,
2007 1876 2079 1915 ne
2115 1860 2226 1915 Ga-
2259 1885 2305 1949 B

2337 602 2602 675 lippica2
2633 622 2646 660 :
2684 629 2712 657 «
2742 608 2903 671 Quod
2937 610 3242 681 quaerebas
3295 610 3579 681 quomodo
3632 614 3908 687 redissem;

2335 692 2592 764 primum
2625 695 2774 762 luce,
2810 714 2925 752 non
2949 698 3214 753 tenebris
3238 718 3251 767 ;
3277 698 3485 755 deinde
3513 716 3637 756 cum
3667 702 3846 761 calceis
3867 714 3909 764 et

2334 787 2492 855 toga,
2527 783 2708 841 nullis
2732 802 2836 841 nec
2867 786 3093 859 gallicis
3126 802 3233 842 nec
3274 786 3521 844 lacerna.
3556 812 3582 838 »
3612 791 3675 845 Et
3693 809 3823 861 mox,
3858 798 3910 852 de

2335 874 2584 929 Antonio
2616 891 2681 930 :«
2714 878 2855 931 Cum
2889 876 3117 950 gallicis
3139 883 3195 933 et
3224 877 3453 934 lacerna
3470 882 3772 937 cucurristi.
3802 907 3824 934 ››
3845 884 3909 941 Its

2336 964 2639 1034 utrobique
2671 966 2809 1022 Mss.
2844 984 2947 1039 pro
2976 968 3190 1039 caligis.
3227 967 3467 1033 Gellius,
3499 969 3591 1024 lih.
3614 977 3904 1044 xm,cap.20,

2336 1058 2537 1108 narrat
2570 1055 2769 1110 'l‘itum
2802 1056 3149 1112 Gastritium
3183 1057 3617 1129 reprehendisse
3645 1058 3905 1131 discipulos

2336 1147 2636 1199 senatores
2668 1145 2909 1200 lacernis
2940 1146 3161 1202 indutos
3178 1151 3231 1201 et
3260 1145 3908 1217 θαἰὶἰειέβαίσεαιοεῦΙοε-

2337 1232 2560 1287 sarium
2611 1234 3077 1291 Camberonense
3128 1253 3278 1291 ms.:
3330 1260 3351 1284 α
3406 1234 3694 1303 Gallicula,
3739 1237 3912 1293 calcea-

2338 1325 2537 1378 menta
2565 1328 2892 1395 pastorum.
2930 1347 2955 1374 ››
2985 1326 3145 1382 Idem
3180 1325 3333 1397 apud
3362 1325 3616 1396 Papiam.

2405 1413 2466 1467 In
2499 1414 2680 1469 Suida
2700 1411 2898 1486 γάλλιξ
2929 1432 3029 1486 pro
3062 1414 3371 1486 chlamyde
3403 1410 3907 1485 accipitur.‘Allzxz,

2346 1499 2610 1575 χλαμύδα
2660 1501 2795 1556 κατᾶ
2825 1502 3153 1564 Θεσσαλούς·
3188 1503 3240 1556 ol
3273 1499 3487 1557 ἰδιῶται
3517 1500 3736 1577 γάλλικα
3759 1501 3911 1572 ταύτην

2337 1591 2656 1666 φασί.Οει·1ο
2677 1593 2734 1648 in
2750 1593 2884 1648 Vita
2911 1593 3120 1649 Malcbi
3148 1593 3392 1666 pallium
3421 1597 3479 1649 et
3505 1592 3700 1662 gallica
3721 1594 3910 1664 conjun-

2336 1685 2580 1753 guntur.

2407 1770 2615 1837 GELLO,
2666 1787 2769 1827 seu
2801 1771 2995 1827 GILLO.
3031 1771 3327 1842 Ruffinus,
3362 1771 3464 1827 lib.
3490 1788 3573 1839 ιιι,
3625 1787 3773 1827 nam.
3823 1772 3904 1827 li:

2342 1883 2361 1908 ε
2390 1860 2549 1916 Gello
2580 1876 2713 1915 cum
2747 1877 2920 1933 aqua,
2942 1878 3116 1933 quem
3143 1862 3212 1916 ad
3271 1865 3475 1933 potum
3533 1860 3638 1917 sibi
3684 1878 3910 1933 prepara-

2336 1953 2516 2018 verat,
2548 1950 2808 2005 vertebat
2840 1965 2925 2017 se,
2961 1973 2988 1999 ››
3023 1951 3155 2006 Mox
3194 1950 3402 2005 eodem
3459 1966 3691 2005 numero
3742 1949 3907 2005 dicitur

2330 2040 2705 2111 gellunculus.
2753 2044 2863 2095 Pro
2920 2056 3038 2112 quo
3090 2042 3148 2095 in
3208 2040 3461 2112 Pelagio,
3523 2056 3675 2095 num.
3722 2040 3797 2105 24,
3843 2042 3909 2093 est

2330 2130 2628 2185 suriscula.
2660 2129 2997 2198 Cassianus,
3034 2130 3295 2185 Institut.
3328 2129 3435 2184 lib.
3467 2146 3539 2197 Iv,
3563 2145 3680 2200 cap.
3716 2129 3805 2182 l6:
3839 2128 3911 2183 «Si

2332 2217 2467 2290 quis
2497 2218 2773 2290 gillonem
2800 2217 3056 2287 fictilem,
3081 2234 3256 2290 quem
3282 2218 3583 2275 baucalem
3602 2221 3905 2289 nuncupant,

2331 2325 2467 2363 casu
2502 2308 2698 2379 aliquo
2721 2308 2977 2378 fregerit.
3004 2330 3031 2359 »
3060 2310 3199 2379 Cap.
3233 2309 3339 2363 20:
3374 2330 3403 2359 «
3427 2309 3485 2364 Si
3509 2307 3763 2379 gillonem
3785 2322 3901 2378 aqua

2330 2396 2717 2469 impleverint.
2755 2418 2779 2447 ι
2813 2397 3028 2453 Glossm
3052 2397 3279 2464 Isidori,
3315 2396 3606 2466 Gellonem,
3653 2395 3899 2451 baucalem.

2329 2485 2690 2542 Glossarium
2722 2486 3183 2559 Latinograacum
3220 2504 3233 2543 :
3268 2486 3433 2552 Gillo,
3468 2482 3756 2554 βαυκάλιον.
3785 2487 3896 2539 Item

2326 2572 2686 2643 ποδόκιιλον,
2720 2575 3481 2647 aquale.gello.Glossarium
3505 2575 3900 2631 Camberonense

2328 2683 2440 2721 ms.
2480 2684 2493 2723 :
2523 2690 2549 2716 ‹‹
2576 2664 2749 2734 Gillo,
2773 2682 2876 2721 vas
2902 2665 3100 2733 fictile,
3135 2666 3193 2721 id
3218 2669 3325 2735 est,
3352 2664 3627 2721 baucalis.
3658 2686 3683 2714 »
3711 2662 3895 2733 Papias:

2326 2755 2544 2810 Gelonis
2575 2754 2840 2822 baucalis,
2872 2772 2985 2810 vas.
3020 2755 3167 2810 Hinc
3201 2755 3415 2826 Legum
3451 2752 3715 2826 Visigoth.
3745 2751 3826 2805 lib.
3868 2766 3898 2803 ιι

2324 2845 2415 2901 tit.
2445 2846 2499 2913 4,
2532 2845 2567 2899 l.
2603 2845 2655 2900 4.
2692 2844 3125 2901 Gillonariorum
3155 2845 3466 2916 praepositi.
3517 2841 3739 2915 Hispani
3781 2854 3902 2895 nunc

2324 2934 2693 3005 congilonem,
2729 2933 2855 2989 Itali
2892 2934 3161 2989 boccalem
3191 2938 3424 2989 vocant.
3483 2936 3632 2989 Inter
3670 2928 3903 2987 Catalecta

2323 3028 2587 3078 veterum
2622 3027 2949 3095 poetarum,
2975 3023 3075 3078 lib.
3106 3039 3168 3091 ιι,
3196 3027 3285 3079 est
3309 3039 3546 3079 carmen
3576 3022 3641 3077 de
3670 3018 3903 3075 mensium

2327 3111 2579 3183 pictura,
2602 3111 2702 3167 ubi
2728 3128 2741 3167 :

2386 3211 2682 3271 Augustum
2712 3211 2924 3272 penitus
2952 3214 3119 3260 torret
3147 3209 3575 3259 Phaethonthius
3606 3207 3760 3272 ardor,

2571 3270 2738 3331 Quem
2774 3279 2980 3323 recreat
3013 3274 3214 3323 fessum
3242 3274 3391 3337 gillo,
3423 3273 3621 3327 facetia,
3652 3270 3791 3320 melo.

2394 3362 2787 3420 GBNUFLEXIO.
2820 3363 3045 3434 Saepius
3066 3363 3162 3418 hic
3175 3362 3320 3419 ritus
3341 3364 3404 3418 in
3438 3362 3685 3419 oratione
3709 3354 3909 3415 occurrit

2322 3452 2379 3507 iu
2414 3452 2509 3507 his
2539 3453 2779 3507 Patrum
2810 3452 2978 3508 Vitis.
3001 3452 3134 3507 Tria
3153 3468 3310 3507 nunc
3330 3452 3635 3522 attingam,
3662 3450 3774 3519 ejus
3792 3443 3904 3500 sntio

2324 3542 2635 3613 quitatem,
2668 3542 2906 3613 quando
2936 3558 3087 3613 genu
3120 3542 3350 3596 ﬂectere
3377 3541 3635 3609 vetitum,
3662 3542 3714 3593 et
3762 3548 3897 3608 quam

2322 3630 2505 3701 aliqui
2529 3630 2992 3702 genuﬂexionem
3028 3630 3476 3702 frequentarint.

2390 3720 2642 3775 Omnino
2672 3724 2941 3776 vetustus
2972 3719 3238 3775 Ecclesiae
3264 3736 3415 3787 mos,
3438 3734 3626 3791 genus.
3646 3716 3837 3771 ﬂectere
3856 3709 3900 3764 in

2320 3810 2604 3865 oratione.
2636 3808 2820 3864 Omne
2851 3824 3005 3879 genu
3038 3808 3288 3864 Domino
3319 3807 3665 3864 ﬂectendum
3711 3807 3899 3857 monent

2319 3898 2653 3969 Scriptura,
2689 3898 2835 3969 psal.
2867 3915 2985 3963 χιιι,
3022 3898 3179 3953 Isaiae
3202 3914 3331 3966 xcv,
3368 3898 3534 3953 Rom.
3565 3912 3674 3961 xxv,
3705 3890 3898 3959 Philipp.

2324 4006 2385 4056 ιι,
2420 3987 2628 4059 Ephes.
2664 4005 2747 4043 ιιι.
2774 3987 3042 4043 Christus
3065 4003 3299 4058 quoque
3332 3988 3388 4041 in
3416 3992 3625 4042 terram
3652 3980 3899 4056 procidens

2324 4093 2523 4133 orasse
2555 4075 2814 4147 legitur;
2846 4081 3016 4133 Lucae
3045 4093 3213 4141 xxxii;
3239 4076 3550 4143 Eusebius,
3582 4074 3656 4128 lib
3674 4065 3897 4126 v:108‘3

2326 4165 2473 4221 Hist.
2510 4164 2685 4233 Ecc|.,
2743 4181 2870 4236 cap.
2920 4167 2977 4233 5,
3011 4166 3186 4220 refert
3239 4163 3462 4219 milites
3526 4165 3591 4234 τῇ
3646 4159 3763 4232 πρὸς
3809 4152 3903 4210 τοδς

2323 4253 2627 4325 πολεμίους
2656 4251 2943 4325 παρατάξει
2975 4252 3142 4327 γόνου
3169 4251 3354 4314 θέντας
3386 4251 3474 4306 ἐπὶ
3502 4252 3600 4318 τὴν
3647 4252 3757 4325 γῆ),
3804 4238 3904 4297 tati

2322 4344 2384 4398 τὸ
2416 4344 2616 4398 οἰκεῖον
2647 4345 2782 4414 ἡμῖν
2814 4346 2922 4397 τῶν
2954 4341 3133 4417 εὐχῶν
3168 4336 3288 4405 ἔθος
3318 4341 3407 4396 ἐπὶ
3437 4342 3532 4403 τὰς
3561 4340 3689 4414 πρὸς
3707 4337 3784 4391 τὸν
3805 4332 3901 4386 Θεὸν

2325 4433 2527 4494 ἱκεσίας
2555 4431 2848 4507 τραπέσθαι
2875 4453 2887 4490 :
2924 4455 2952 4483 ‹‹
2984 4434 3052 4488 In
3093 4434 3220 4502 ipsa
3260 4432 3383 4489 acie
3415 4437 3615 4488 contra
3635 4424 3907 4484 hostesins-

2324 4529 2534 4591 tructa,
2560 4523 2808 4595 genibus
2832 4523 2997 4577 humi
3032 4522 3263 4594 positis,
3299 4527 3364 4577 ut
3397 4522 3905 4577 nobiscumoramus

2250 4619 2291 4683 Ι)
2325 4613 2384 4667 in
2411 4629 2572 4668 more
2591 4616 2700 4681 est,
2726 4629 2786 4667 se
2813 4613 2885 4667 ad
2906 4628 3102 4683 preces
3126 4611 3241 4667 Deo
3272 4611 3633 4666 adhibendas
3654 4610 3784 4661 totos
3802 4615 3906 4655 con-

2334 4703 2597 4758 vertisse.
2628 4726 2653 4751 ››
2688 4702 3095 4773 Hieronymus,
3120 4702 3179 4756 in
3206 4700 3369 4756 Isaiae
3401 4717 3529 4771 cap.
3558 4714 3660 4753 xcv
3688 4713 3701 4750 :
3730 4718 3753 4743 ι(
3775 4687 3907 4747 Moris

2329 4796 2419 4847 est
2447 4791 2604 4846 enim
2635 4791 3015 4846 ecclesiastici
3050 4790 3283 4844 Christo
3315 4805 3471 4858 genu
3507 4788 3740 4842 ﬂectere.
3784 4774 3903 4841 Ουοά

2328 4880 2539 4950 Judaei,
2574 4880 2788 4936 mentis
2826 4880 3163 4951 superbiam
3210 4880 3664 4942 demonstrante,
3719 4866 3905 4927 omnino

2329 4988 2445 5025 non
2483 4970 2723 5025 faciunt.
2760 4992 2786 5018 ››

2402 5059 2707 5115 Flectendo
2728 5075 2920 5130 genua
2936 5057 3124 5130 magis
3148 5051 3717 5128 impetramus.Apud
3755 5042 3905 5103 Justi-

2327 5165 2491 5216 num,
2524 5164 2581 5217 q.
2619 5149 2740 5214 115,
2765 5148 2832 5202 ad
2868 5147 3229 5202 Orthodoxos
3244 5145 3314 5198 Τὸ
3334 5142 3536 5198 κλίνειν
3554 5143 3613 5196 τὸ
3634 5141 3749 5213 γόνυ
3774 5132 3907 5217 imi:

2325 5240 2661 5311 προσευχαῖς
2689 5239 2787 5289 τοῦ
2816 5235 3049 5295 ἑστῶτας
3084 5232 3334 5308 εὔχεσθαι
3353 5230 3571 5305 μᾶλλον
3594 5233 3701 5300 Θεῷ
3725 5222 3830 5281 τοὺς
3848 5216 3907 5272 εῧε

2325 5326 2599 5402 χομὲνους
2620 5324 2916 5400 παρίστησι
2947 5323 3035 5376 καὶ
3064 5319 3258 5376 πλεῖον
3291 5320 3503 5399 ξφὲλκει
3536 5321 3631 5388 τὴν
3654 5315 3781 5379 θείαν
3804 5329 3905 5377 συμ-

2324 5416 2548 5478 πάθειαν
2584 5432 2597 5469 :
2632 5437 2659 5465 ‹‹
2707 5414 2977 5469 Genuum
3034 5412 3339 5467 inclinatio
3390 5411 3449 5465 in
3503 5403 3902 5482 precationibus,

2326 5506 2515 5577 magis
2546 5508 2875 5575 precatores
2909 5507 3022 5558 Deo
3053 5501 3448 5565 commendat,
3493 5515 3664 5570 quam
3702 5495 3747 5550 si
3780 5496 3904 5546 stan-

2325 5600 2415 5650 tes
2463 5597 2679 5660 orent;
2737 5592 3048 5665 magisque
3097 5608 3166 5646 ea
3215 5606 3309 5646 res
3358 5588 3614 5644 divinam
3663 5579 3907 5657 permovet

2324 5683 2921 5739 commiserationem.
2981 5679 3413 5747 Tertullianus,
3477 5679 3545 5733 ad
3623 5669 3902 5744 Scapulam.

2323 5791 2449 5846 cap.
2483 5774 2514 5827 4
2550 5789 2563 5828 :
2607 5797 2628 5822 ι
2664 5773 2906 5838 Quando
2956 5788 3072 5827 non
3121 5766 3648 5842 geniculationibus
3691 5766 3742 5817 et
3774 5757 3893 5846 jeju-

2323 5842 2663 5920 nationibus
2705 5860 2924 5919 nostris
2980 5861 3157 5917 etiam
3225 5857 3523 5914 siccitates
3567 5856 3700 5913 sunt
3749 5842 3904 5918 depul-
