4120 6322
240 397 358 452 449

974 402 1480 457 ONOMASTICON
1520 404 1779 458 RERUM
1814 406 1907 459 ΕΤ
1945 401 2337 457 VERBORUM
2378 400 2935 457 DIFFICILIOBUM.

3556 402 3664 455 450

248 522 379 579 sae?
428 543 452 572 ι
506 521 689 589 Idem,
722 523 1003 580 adversus
1033 524 1411 593 Marcionem,
1449 527 1550 582 lib.
1584 544 1673 597 ιιι,
1697 544 1744 583 c.
1781 529 1847 582 48
1884 545 1895 581 ;
1930 530 1982 595 Α
2014 524 2480 589 nefasducimas,
2511 524 2687 581 velde
2708 523 2995 595 geniculis
3025 522 3300 592 adorare;
3331 524 3667 582 cademim-

248 634 278 661 ‹‹
300 614 433 668 Jam
454 628 588 668 vero
607 615 834 685 Moyses
854 613 995 684 quid
1022 616 1225 687 utique
1245 621 1387 673 tunc
1409 621 1642 673 tantum
1664 634 1794 673 cum
1809 619 1907 673 Je.

246 719 353 758 sus
387 702 674 758 adversus
702 702 984 759 Amalech
1005 704 1404 778 praeliabatur,
1423 709 1698 780 expansis
1714 709 1907 763 mani-

246 792 362 847 bus
385 791 593 847 orabat
613 792 900 861 residens,
920 795 1158 864 quando
1176 795 1234 851 in
1254 798 1431 853 rebus
1449 802 1569 853 tam
1615 798 1904 869 attonitis,

247 880 441 952 magis
475 881 683 952 utique
716 881 970 954 genibus
991 884 1222 955 positis,
1244 891 1300 941 et
1324 887 1601 943 manibus
1624 888 1903 943 cedenti-

242 971 360 1027 bus
384 974 616 1042 pectus,
638 975 695 1027 et
714 971 861 1028 facie
873 972 1043 1028 humi
1064 974 1723 1043 volutante,orationem
1746 993 1903 1032 com-

246 1061 531 1116 mendare
554 1060 1271 1120 debuisset?»Ambrosius
1293 1064 1901 1137 lib.ViHexaem.,cap.

242 1148 277 1199 9
293 1165 306 1203 :
325 1171 355 1197 «
371 1147 652 1204 Flexihile
667 1166 964 1221 genu,quo
978 1168 1092 1222 prie
1112 1153 1905 1228 caaterisDomini‘mitigatur

247 1238 499 1308 oﬂ'ensa,
536 1237 626 1295 ira
648 1238 961 1310 mulcetur,
984 1242 1177 1312 gratia
1197 1249 1565 1315 provocatur.
1599 1245 1717 1300 Hoc
1746 1245 1903 1301 enim

243 1325 438 1383 Patris
466 1329 666 1383 sumni
689 1344 828 1401 erga
881 1328 1093 1386 Filium
1117 1333 1339 1388 donum
1362 1338 1471 1405 est,
1500 1334 1643 1390 utin
1667 1335 1905 1390 nomine

242 1417 389 1472 Jesu
433 1434 608 1473 omne
652 1434 805 1490 genu
846 1425 1144 1477 curvetur.
1169 1444 1197 1471 »
1229 1424 1620 1495 Augustinus,
1647 1424 1800 1481 libro
1826 1425 1904 1480 De

244 1524 390 1562 cura
410 1524 514 1578 pro
540 1508 790 1563 mortuis
812 1509 1060 1581 agenda.
1085 1525 1215 1583 cap,
1240 1513 1276 1565 5
1308 1528 1322 1567 :
1350 1535 1379 1562 «
1410 1513 1554 1568 Nam
1584 1519 1643 1569 et
1670 1519 1903 1569 orantes

255 1596 333 1652 de
345 1596 624 1652 membris
638 1596 730 1652 sui
754 1598 1417 1672 corporisfaciuntquod
1433 1602 1905 1674 supplicantibus

248 1687 545 1759 congruit,
565 1703 700 1742 cum
717 1703 910 1759 genua
933 1688 1143 1760 ﬁgunt,
1164 1706 1299 1746 cum
1320 1693 1647 1747 extendunt
1668 1708 1902 1762 manus,

250 1774 342 1830 vel
365 1774 538 1830 etiam
562 1779 1014 1845 prosternuntur
1038 1777 1187 1848 solo,
1202 1785 1261 1836 et
1284 1779 1336 1835 si
1357 1779 1496 1851 quid
1520 1780 1679 1837 aliud
1701 1781 1902 1837 visibi-

243 1864 385 1920 liter
402 1865 655 1933 faciunt;
690 1866 961 1936 quamvis
983 1884 1185 1924 eorum
1211 1868 1527 1925 invisibilis
1549 1870 1817 1926 voluntas
1848 1874 1905 1926 ct
1935 1908 1982 1974 Β

239 1954 441 2009 cordis
473 1954 722 2011 intentio
743 1956 860 2011 Deo
883 1961 1022 2011 nota
1043 1957 1139 2024 sit,
1160 1974 1265 2014 nec
1288 1958 1384 2014 ille
1411 1959 1672 2032 indigeat
1691 1959 1785 2015 his
1808 1960 1895 2014 in-

237 2042 413 2099 diciis
439 2048 504 2098 ut
527 2044 823 2100 humanus
849 2045 902 2101 ei
925 2048 1219 2117 pandatur
1238 2048 1475 2104 animus
1502 2067 1515 2117 ;
1538 2052 1639 2106 sed
1665 2050 1758 2105 his
1782 2066 1901 2105 ma-

235 2133 326 2203 gis
359 2133 626 2204 seipsum
651 2134 864 2190 excitat
893 2134 1071 2192 homo
1100 2137 1171 2192 ad
1195 2139 1485 2194 orandum
1515 2140 1898 2211 gemendum-

240 2239 357 2293 que
390 2221 679 2278 humilius
713 2228 891 2296 atque
922 2225 1268 2282 ferventius.
1302 2228 1369 2282 Et
1398 2228 1596 2283 nescio
1627 2244 1743 2301 quo
1776 2245 1899 2284 mo-

248 2312 349 2382 do,
381 2328 521 2368 cum
551 2311 611 2367 hi
642 2312 903 2384 corporis
942 2318 1136 2370 motus
1186 2316 1313 2371 ﬁeri
1362 2316 1475 2373 nisi
1522 2321 1682 2373 motu
1717 2317 1899 2373 animi

247 2402 620 2473 praecedente
664 2419 780 2458 non
825 2403 1074 2474 possint,
1126 2404 1337 2460 iisdem
1388 2423 1593 2462 rursus
1643 2407 1899 2462 exterius

239 2489 560 2546 visibiliter
590 2491 759 2548 factis
792 2492 888 2547 ille
920 2492 1164 2549 interior
1192 2493 1529 2564 invisibilis,
1554 2496 1655 2567 qui
1681 2514 1779 2552 cos
1818 2497 1898 2551 fe~

241 2582 325 2635 cit
347 2585 637 2651 augetur;
672 2597 737 2636 ac
767 2598 872 2653 per
899 2581 1009 2637 hoc
1036 2582 1230 2639 cordis
1263 2584 1530 2653 affectus,
1553 2585 1678 2657 qui,
1711 2590 1776 2640 ut
1797 2586 1899 2641 fie-

237 2674 373 2725 rent
403 2670 521 2725 ista
551 2674 867 2741 precessit,
901 2671 1042 2742 quia
1060 2671 1211 2728 facta
1235 2679 1398 2741 sunt,
1429 2679 1678 2731 crescit:
1706 2696 1736 2725 ››
1768 2675 1898 2729 Hie-

238 2759 608 2832 ronymusin
630 2776 756 2831 cap.
792 2777 856 2815 ιιι
884 2760 955 2816 ad
990 2760 1203 2832 Ephes.
1237 2778 1249 2817 :
1278 2784 1303 2815 α
1336 2763 1467 2818 Haec
1499 2769 1695 2819 autem
1728 2764 1895 2836 spiri-

239 2847 448 2903 taliter
475 2854 853 2920 exponentes,
887 2867 1002 2906 non
1034 2851 1234 2907 statim
1259 2853 1430 2922 juxta
1454 2852 1712 2908 litteram
1732 2871 1897 2909 oran-

238 2938 299 2991 di
330 2938 828 2994 consuetudinem
859 2939 1146 3007 tollimus,
1174 2958 1293 3012 qua
1310 2940 1496 2997 Deum
1519 2958 1672 3014 genu
1707 2942 1897 3015 posito

234 3026 597 3098 suppliciter
646 3028 980 3097 adoramus,
1030 3034 1087 3086 et
1128 3030 1241 3085 ﬁxo
1272 3030 1332 3085 in
1385 3035 1601 3087 terram
1653 3031 1893 3103 paplite,

238 3116 444 3187 magis
476 3117 631 3190 quod
666 3117 740 3172 ab
766 3133 832 3173 eo
858 3117 1158 3189 poscimus
1187 3120 1596 3192 impetramus.
1620 3122 1896 3193 Legimus

236 3206 409 3261 enim
460 3210 517 3262 et
562 3206 812 3263 Paulum
862 3208 921 3262 in
969 3207 1166 3265 littore
1225 3210 1306 3266 sic
1367 3227 1591 3279 orasse,
1625 3216 1682 3266 et
1726 3211 1888 3284 geni-

235 3294 573 3352 culationes
603 3297 663 3352 in
692 3298 953 3353 oratione
976 3304 1317 3371 praeceptas.
1337 3322 1365 3350 ››
1390 3299 1753 3373 Theophilus
1775 3301 1894 3371 epi-

237 3402 465 3456 scopus
514 3384 964 3454 Alexandrinus,
1015 3388 1265 3459 epistola
1308 3387 1573 3446 Paschali
1604 3390 1658 3457 2,
1692 3394 1896 3445 contra

244 3472 567 3545 Origenem
604 3491 618 3529 :
656 3496 684 3523 κ
715 3475 876 3531 Genu
920 3475 1430 3534 ﬂecteresollicitze
1459 3481 1518 3534 et
1544 3478 1894 3534 humillimae

234 3563 470 3619 mentis
502 3562 791 3619 indicium
823 3572 931 3620 est.
966 3586 995 3615 »

307 3652 426 3707 Sed
459 3668 594 3708 cum
620 3668 772 3725 genu
794 3654 1117 3710 ﬂectendus
1143 3654 1322 3711 simul
1341 3656 1896 3723 animus,interiora

226 3740 508 3796 videlicet
528 3757 741 3813 genua;
764 3759 974 3815 parum
998 3742 1145 3800 alias
1171 3746 1409 3816 prodest
1439 3746 1766 3818 genuﬂexio
1795 3762 1893 3802 ex-

227 3830 439 3886 terior.
468 3830 882 3904 Hieronymus,
906 3832 967 3887 in
1017 3849 1142 3905 cap.
1168 3851 1232 3888 m
1260 3835 1332 3890 ad
1364 3834 1641 3906 Ephesios
1674 3853 1688 3892 :
1724 3857 1753 3886 «
1785 3836 1891 3891 Sed

226 3919 388 3975 sicut
410 3918 559 3974 illud
581 3920 834 3976 aediﬁcat
858 3920 1178 3994 simplices,
1202 3922 1355 3979 sicut
1376 3940 1571 3979 veram
1594 3924 1892 3996 genicula-

225 4010 459 4065 tionem
477 4024 606 4065 esse
627 4010 906 4066 docemus
928 4010 989 4066 in
1006 4011 1229 4080 animo,
1246 4012 1388 4084 quia
1402 4012 1573 4068 multi
1596 4013 1894 4086 corporale

229 4099 545 4155 ﬂectentes
578 4115 733 4171 genu
764 4098 977 4155 anima
997 4118 1372 4174 nequaquam
1392 4103 1667 4175 poplitem
1696 4120 1893 4159 curva-

223 4191 484 4255 verunt;
519 4191 576 4242 et
602 4193 828 4257 contra,
865 4188 965 4245 alii
1012 4195 1206 4247 erecto
1254 4191 1440 4247 Deum
1493 4209 1732 4264 corpore
1781 4194 1887 4248 de-

224 4280 568 4348 precantes,
604 4278 795 4350 magis
822 4294 884 4334 se
913 4278 1111 4334 animo
1144 4284 1550 4336 curvaverant.
1587 4284 1767 4347 Quem
1801 4281 1882 4337 vi-

223 4366 299 4421 de
332 4364 560 4422 ibidem
593 4366 1005 4436 disserentem,
1056 4369 1349 4439 quomodo
1401 4374 1738 4441 peccatores
1786 4387 1887 4442 ge-

224 4472 351 4511 nua
385 4454 626 4511 ﬂectant
657 4461 914 4527 peccato.

298 4545 375 4600 Et
400 4544 639 4614 quidem
665 4545 759 4601 hic
797 4546 945 4602 ritus
966 4551 1087 4603 toto
1109 4548 1522 4620 annitempore
1542 4547 1601 4604 in
1624 4549 1884 4605 oratione

2016 615 2307 670 munitate
2330 633 2363 669 a
2388 614 2479 669 die
2504 615 2739 670 Pascha;
2762 615 2820 668 in
2847 618 3225 668 Pentecostcn
3249 630 3353 684 usq
3366 630 3433 671 ue
3449 616 3667 685 gaude-

2017 721 2168 759 mus.
2194 726 2221 755 »
2246 704 2528 771 Hilarius,
2551 703 2795 775 Prologo
2824 703 2883 757 in
2909 701 3280 757 Psalmorum
3306 703 3666 775 explanatio-

2016 810 2146 848 nem
2174 811 2187 850 :
2216 814 2243 843 «
2268 796 2333 847 Et
2354 792 2475 848 haec
2513 790 2756 863 quidem
2785 791 3033 847 sabbata
3074 792 3456 847 sabbatorum
3491 810 3559 848 ea
3589 795 3660 849 ab

2014 882 2298 953 apostolis
2335 881 2615 954 religione
2665 881 2956 936 celebrata
2990 885 3150 951 sunt,
3177 881 3349 936 uthis
3375 882 3663 953 quinqua-

2016 971 2249 1043 gesimae
2274 971 2483 1026 diebus
2502 969 2701 1024 nullus
2722 987 2910 1041 neque
2933 969 2992 1024 in
3010 974 3222 1026 terram
3248 976 3431 1027 strato
3456 988 3666 1044 corpo-

2015 1078 2074 1116 re
2097 1062 2385 1127 adoraret,
2435 1076 2624 1131 neque
2656 1059 2884 1130 jejunio
2920 1058 3298 1115 festivitatem
3333 1061 3660 1133 spiritualis

2011 1149 2194 1220 hujus
2211 1149 2592 1205 beatitudinis
2612 1148 3111 1219 impediret.Quod
3136 1148 3193 1204 id
3219 1149 3412 1220 ipsum
3437 1153 3653 1207 extrin-

2013 1256 2184 1295 secus
2219 1240 2393 1295 etiam
2424 1240 2484 1294 in
2506 1239 2714 1294 diebus
2760 1239 3081 1294 Dominicis
3122 1243 3213 1294 est
3242 1241 3655 1312 constitutum,

2012 1327 2113 1397 qui
2138 1328 2295 1383 ultra
2326 1327 2557 1383 sabbati
2583 1342 2891 1382 numerum
2913 1343 3016 1398 per
3035 1327 3458 1398 plenitudinem
3482 1346 3658 1386 evan-

2012 1416 2208 1487 gelicae
2232 1416 2653 1489 predicationis
2676 1416 2979 1471 accedunt.
3002 1438 3030 1465 »
3050 1416 3657 1490 Hieronymus,prooe-

2012 1506 2129 1561 mio
2151 1508 2221 1561 ad
2246 1506 2486 1562 Paulam
2505 1506 2945 1561 etEustochium
2964 1506 3021 1559 in
3038 1505 3359 1576 Epistolam
3383 1509 3455 1562 ad
3469 1508 3659 1579 Ephe-

2012 1594 2132 1651 sios
2152 1611 2166 1650 :
2188 1619 2215 1645 «
2242 1596 2571 1651 Permansit
2592 1599 2785 1650 autem
2812 1594 3019 1664 Ephesi
3048 1611 3233 1665 usque
3254 1599 3324 1650 ad
3352 1597 3661 1652 Pentecos-

2012 1689 2105 1740 ten
2129 1705 2144 1754 ;
2168 1689 2402 1757 tempus
2421 1684 2630 1739 laztitiae
2656 1690 2826 1755 atque
2847 1682 3124 1755 victoriae,
3167 1702 3283 1756 quo
3318 1702 3435 1741 non
3476 1686 3659 1742 ﬂecti-

2013 1791 2146 1829 mus
2183 1791 2398 1847 genua,
2423 1791 2528 1829 nec
2550 1790 2865 1829 curvamur
2898 1773 2957 1827 in
3000 1778 3242 1841 terram,
3266 1777 3366 1830 sed
3391 1792 3526 1831 cum
3543 1783 3659 1832 Do-

2014 1863 2170 1919 mino
2196 1869 2574 1935 resurgentes
2611 1864 2681 1918 ad
2724 1862 3000 1918 ccelorum
3043 1862 3160 1918 alta
3197 1864 3591 1920 sustollimur.
3630 1888 3650 1914 ιο

2010 1953 2194 2022 Idem,
2218 1952 2449 2025 dialogo
2472 1955 2750 2008 adversus
2792 1952 3213 2021 Luciferianos,
3249 1970 3378 2024 cap.
3400 1955 3433 2008 4
3461 1971 3473 2008 :
3503 1978 3530 2005 «
3555 1955 3659 2010 Die

2009 2041 2336 2109 Dominico,
2358 2046 2415 2097 et
2436 2058 2538 2113 per
2578 2058 2811 2097 omnem
2841 2042 3244 2108 Pentecosten,
3269 2059 3374 2098 nec
3397 2044 3468 2099 de
3491 2043 3656 2115 geni-

2010 2130 2160 2187 culis
2175 2131 2811 2202 adorare,etjejunium
2836 2130 3058 2186 solvere
3072 2130 3376 2203 multaque
3397 2131 3509 2187 alia
3530 2149 3656 2203 quas

2008 2220 2228 2292 scripta
2256 2237 2368 2275 non
2392 2224 2553 2287 sunt,
2580 2220 2946 2275 rationabilis
2969 2220 3081 2275 sibi
3107 2220 3435 2276 observatio
3468 2221 3657 2276 vindi-

2008 2309 2183 2366 cavit.
2211 2333 2230 2359 ιι
2257 2308 2626 2378 Ambrosius,
2651 2325 2828 2364 serm.
2851 2310 2941 2377 61,
2967 2310 3037 2364 de
3063 2312 3422 2377 Pentecoste,
3444 2310 3542 2381 qui
3566 2315 3656 2365 est

2008 2400 2183 2454 etiam
2209 2400 2363 2470 apud
2404 2398 2720 2455 Maximum
2749 2397 3176 2453 Taurinensem
3202 2414 3214 2452 :
3246 2421 3265 2447 ι
3301 2399 3460 2454 Scire
3482 2400 3654 2455 debet

2009 2488 2293 2544 sanctitas
2344 2492 2533 2543 vestra
2573 2487 2724 2542 hanc
2771 2491 3034 2542 sanctam
3092 2488 3459 2543 Pentecostes
3493 2488 3649 2543 diem

2007 2568 2124 2650 qua
2154 2578 2376 2633 ratione
2398 2593 2690 2645 curemus,
2710 2575 2796 2631 vel
2831 2593 2935 2631 cur
2956 2576 3202 2632 istorum
3221 2576 3655 2648 quinquaginta

2007 2668 2235 2722 dierum
2270 2684 2514 2722 numero
2548 2666 2624 2720 sit
2649 2665 2996 2737 nobisjugis
3027 2667 3085 2721 in
3118 2666 3460 2722 continuata
3495 2668 3653 2722 festi-

2004 2756 2185 2823 vitas;
2211 2755 2292 2811 ita
2322 2760 2387 2810 ut
2408 2755 2518 2812 hoc
2549 2755 2707 2810 omni
2726 2760 2990 2826 tempore
3022 2771 3210 2826 neque
3235 2756 3306 2810 ad
3330 2756 3646 2810 observan-

2005 2844 2759 2915 dumindicamusjejunia,
2784 2860 2972 2915 neque
2996 2845 3066 2899 ad
3086 2845 3442 2899 exorandum
3464 2845 3651 2900 Deum

2004 2934 2197 3007 genua
2241 2934 2655 3003 succidamus;
2709 2935 2806 2989 sed
2842 2933 2996 2989 sicut
3040 2934 3340 2989 Dominica
3392 2935 3653 2991 solemus

2005 3026 2192 3081 facere
2212 3024 2390 3080 erecti
2440 3029 2497 3080 et
2528 3023 2713 3078 feriati
2746 3023 3256 3091 resurrectionem,
3287 3024 3520 3079 Domini
3553 3041 3649 3080 ce-

2005 3114 2327 3170 lebramus.
2362 3136 2392 3163 »
2424 3112 2808 3184 Augustinus,
2841 3111 3090 3183 epistola
3139 3114 3261 3180 119,
3310 3115 3497 3185 capite
3529 3114 3595 3167 15
3629 3130 3642 3168 :

2007 3226 2034 3255 ‹‹
2070 3204 2503 3276 Quinquaginta
2531 3203 2656 3259 dies
2698 3201 3070 3259 celebrantur
3111 3206 3243 3273 post
3273 3203 3506 3259 Domini
3556 3220 3652 3259 re-

1924 3277 1970 3343 C
2008 3293 2423 3363 surectionem,
2449 3293 2576 3364 jam
2609 3291 2668 3345 in
2698 3291 2884 3362 ﬁgura
2916 3307 3031 3346 non
3063 3290 3302 3357 laboris,
3351 3292 3451 3346 sed
3485 3292 3651 3362 quie-

2008 3382 2085 3439 tis
2114 3386 2171 3438 et
2195 3381 2428 3451 laatitite;
2463 3383 2699 3453 propter
2730 3379 2837 3435 hoc
2867 3383 2924 3434 et
2943 3378 3179 3450 jejunia
3201 3378 3557 3445 relaxantur,
3595 3385 3651 3436 et

2007 3476 2234 3528 stantes
2271 3487 2536 3541 oramus,
2566 3470 2721 3542 quod
2753 3472 2843 3525 est
2875 3468 3112 3539 signum
3146 3468 3600 3524 resurrectionis
3633 3483 3646 3522 :

1999 3562 2154 3617 unde
2173 3560 2426 3617 etiamin
2441 3560 2719 3616 omnibus
2733 3558 2945 3614 diebus
2959 3557 3280 3614 Dominicis
3303 3557 3360 3614 id
3374 3558 3447 3614 ad
3470 3556 3650 3613 altare

1999 3652 2359 3707 observatur.
2397 3672 2425 3698 ι»
2461 3651 2528 3704 Et
2558 3666 2608 3704 c.
2629 3648 2697 3704 47
2730 3664 2746 3704 :
2782 3670 2811 3698 «
2844 3647 2917 3703 Ut
2947 3652 3146 3703 autem
3184 3652 3409 3704 stantes
3438 3648 3497 3703 in
3532 3647 3650 3703 illis

1996 3739 2414 3813 (Pentecostes)
2463 3737 2692 3805 diebus,
2744 3740 2801 3791 et
2850 3736 3126 3791 omnibus
3160 3736 3485 3792 Dominicis
3517 3755 3645 3793 ore-

1998 3845 2154 3898 mus,
2187 3832 2386 3883 utrum
2424 3826 2642 3897 ubique
2684 3829 2948 3880 servetur
2988 3824 3226 3895 ignoro;
3262 3830 3457 3880 tamen
3491 3827 3645 3896 quod

1995 3920 2056 3974 in
2087 3936 2153 3974 eo
2185 3920 2469 3990 sequatur
2500 3914 2780 3983 Ecclesia,
2816 3913 2961 3981 dixi,
2995 3920 3061 3969 ut
3091 3913 3278 3984 potui,
3313 3918 3369 3969 et
3397 3915 3650 3970 arbitror

1994 4024 2121 4065 esse
2153 4008 2557 4064 manifestum.
2596 4027 2624 4055 ››

2064 4099 2252 4155 Causa
2275 4096 2525 4167 hujusce
2546 4092 3101 4151 communicationis
3149 4092 3482 4164 assignatur
3495 4094 3649 4165 apud

1992 4185 2640 4258 Justinum,quaestione
2655 4188 2709 4240 et
2724 4183 3106 4255 responsione
3119 4199 3298 4253 supra
3311 4181 3581 4238 citata:’H
3595 4180 3649 4236 ἐν

1990 4282 2113 4340 ταῖς
2137 4275 2188 4345 ἐξ
2215 4275 2450 4349 ἡμέραις
2481 4275 2641 4344 ἡμῶν
2671 4269 2994 4346 γονυκλισία
3016 4264 3296 4341 συμϐολὸν
3320 4268 3432 4324 ἐστι
3460 4277 3560 4339 τῆς
3598 4269 3650 4324 ἐν

1990 4372 2109 4426 ταῖς
2136 4361 2430 4439 ἁμαρτίαις
2453 4361 2713 4422 πτώσεως
2734 4362 2919 4432 ἡμῶν.
2944 4359 3022 4416 Τὸ
3047 4356 3103 4413 δὲ
3123 4357 3175 4413 ἐν
3197 4362 3266 4432 τῇ
3290 4362 3538 4433 Κυριακῇ
3567 4361 3642 4432 μὴ

1990 4454 2195 4510 κλίνειν
2214 4445 2658 4529 γόνυ,σύμϐολὸν
2682 4448 2792 4503 ἐστι
2814 4456 2914 4518 τῆς
2936 4445 3456 4518 ἀναστάσεως,δι’ἦς
3470 4453 3537 4522 τῇ
3551 4453 3648 4503 τοῦ

1990 4547 2226 4619 Χριστοῦ
2249 4541 2569 4617 χάριτι,τῶν
2592 4560 2651 4594 τε
2674 4538 3109 4614 ἁμαρτημάτων,
3133 4538 3225 4592 καὶ
3250 4542 3347 4592 τοῦ
3370 4537 3452 4592 ἐπ’
3468 4538 3645 4593 αὐτῶν

223 4634 603 4704 servabatur,
629 4636 887 4707 exceptis
900 4636 1225 4693 Dominicis
1244 4642 1303 4693 et
1318 4642 1580 4710 tempore
1604 4638 1754 4693 inter
1774 4642 1885 4694 Pa-

2006 4630 2435 4704 τεθανατωμὲνου
2457 4630 2686 4693 θανάτου
2706 4626 3062 4703 ἠλευθερώθη
3076 4649 3194 4700 μεν,
3218 4633 3353 4696 etc.,
3371 4626 3421 4682 ἐν
3436 4629 3643 4699 ᾖ(Ηεν-

223 4723 457 4779 schaet
478 4726 883 4781 Pentecosten.
918 4725 1065 4781 Vide
1102 4726 1219 4796 hic,
1251 4726 1400 4783 libro
1422 4744 1497 4793 1v,
1530 4743 1659 4797 cap.
1693 4729 1777 4794 19,
1809 4745 1879 4784 ex

223 4812 332 4866 lib.
360 4829 405 4866 ιι
434 4812 629 4870 Instit.
652 4812 940 4882 Cassiani,
963 4831 1090 4887 cap.
1114 4818 1201 4872 11.
1222 4816 1543 4872 Consilium
1563 4817 1884 4888 Nicenum,

222 4917 361 4956 can.
377 4901 480 4956 20:
504 4898 725 4972 Ἐπειδή
744 4906 887 4965 τινὲς
900 4901 1031 4957 εἰσιν
1048 4902 1100 4958 ἐν
1121 4910 1188 4973 τῆ
1209 4905 1454 4979 Κυριακῇ
1466 4903 1594 4980 γόνυ
1610 4904 1885 4969 κλίναντες

222 4991 316 5043 καὶ
349 4987 406 5043 ἐν
437 4994 559 5051 ταῖς
578 4997 678 5059 τῆς
704 4997 1081 5062 Πεντηκοστῆς
1102 4994 1356 5067 ἡμέραις·
1376 4994 1506 5068 ὑπὲρ
1528 4998 1624 5049 τοῦ
1644 4993 1816 5050 πάντα
1832 4995 1883 5050 ἐν

219 5079 382 5147 πάση
444 5079 709 5153 παροικίᾳ
760 5080 971 5153 ὁμοίως
1027 5079 1408 5157 φυλάττεσθαι,
1455 5084 1688 5149 ἑστῶτας
1738 5082 1886 5155 ἔδοξε

219 5172 297 5240 τῇ
363 5166 496 5242 ἆγίᾳ
552 5166 762 5242 συνόδῳ
819 5169 914 5231 τὰς
984 5169 1152 5245 εὐχὰς
1210 5169 1522 5227 ἆοοδιδόναι
1574 5177 1656 5245 τῷ
1712 5172 1883 5246 Θεῷτ

224 5258 561 5324 «Quoniam
586 5266 726 5315 sunt
749 5261 991 5331 quidam
1008 5261 1109 5333 qui
1138 5262 1550 5320 dieDominico
1570 5279 1765 5335 genua
1778 5265 1882 5321 ﬂe-

216 5350 489 5414 ctunt,et
512 5348 570 5402 in
595 5348 806 5405 diebus
825 5353 1293 5419 Pentecostes;ut
1313 5352 1512 5407 omnia
1537 5352 1881 5409 similiterin

220 5435 400 5492 omni
422 5438 681 5508 parmcia
702 5444 1027 5509 serventur,
1050 5438 1243 5495 visum
1264 5446 1355 5496 est
1373 5446 1588 5500 sanctis
1634 5443 1879 5514 synodo,

223 5528 465 5581 stantes
491 5525 608 5583 Deo
635 5527 924 5583 orationes
948 5528 1298 5599 persolvere.
1321 5551 1350 5580 ››
1374 5529 1537 5593 Quod
1562 5531 1757 5603 ipsum
1791 5548 1881 5589 re-

222 5614 461 5687 petitur
480 5614 538 5670 in
554 5616 1586 5690 concilioCarthaginensiv1,can.20.
1610 5622 1677 5676 Et
1697 5621 1879 5677 habe-

216 5708 331 5760 tur
349 5705 802 5773 can.0uoniam,
823 5705 902 5760 De
915 5722 1203 5773 consecr.,
1229 5708 1365 5763 dist.
1385 5710 1439 5764 3.
1460 5710 1876 5780 Tertullianus,

214 5799 306 5851 De
334 5809 553 5850 corona
576 5794 771 5863 milit.,
805 5811 934 5867 cap.
956 5796 990 5851 3
1019 5814 1032 5853 :
1063 5818 1091 5847 «
1120 5797 1225 5853 Die
1264 5797 1876 5872 Dominicojejunium

2000 4724 2264 4795 τηκοστῇ)
2287 4721 2350 4775 οὐ
2374 4718 2636 4789 κλίνομεν
2659 4717 2811 4792 γόνυ,
2835 4714 3021 4785 ἐπειδὴ
3042 4714 3362 4789 ἶσοδυναμεῖ
3379 4720 3447 4789 τῇ
3466 4715 3649 4792 ἡμέρᾳ

1994 4820 2095 4882 τῆς
2120 4814 2419 4886 Κυριακῆς,
2450 4807 2588 4862 κατὰ
2633 4806 2730 4874 τήν
2775 4805 3025 4881 ῥηθεῖσαν
3056 4805 3181 4880 περὶ
3234 4803 3401 4869 αὐτῆς
3444 4802 3644 4861 αἰτίαν.

2002 4924 2029 4957 α
2050 4904 2316 4959 Genuum
2342 4917 2444 4972 per
2464 4915 2566 4954 sex
2587 4896 2710 4952 dies
2730 4895 3057 4964 inclinatio,
3081 4894 3413 4967 symbolum
3437 4898 3647 4949 etnota

1995 4998 2084 5050 est
2104 4992 2307 5063 lapsus
2347 5005 2449 5062 per
2470 4991 2707 5059 peccata
2732 4984 2937 5041 nostri.
2979 4985 3140 5049 Quod
3170 5001 3302 5038 vero
3328 4984 3421 5038 die
3445 4983 3645 5038 Domi-

1997 5084 2128 5138 nico
2159 5096 2351 5153 genua
2380 5094 2498 5133 non
2517 5076 2897 5141 inﬂectimus,
2930 5073 3167 5146 signum
3192 5076 3282 5128 est
3303 5072 3645 5144 etdesigna-

1995 5173 2077 5229 tio
2108 5165 2578 5231 resurrectionis,
2623 5181 2725 5235 per
2770 5180 2947 5236 quam
2999 5161 3190 5234 gratia
3235 5160 3474 5231 Christi,
3523 5166 3580 5216 et
3610 5181 3645 5219 a

1994 5259 2273 5334 peccatis,
2298 5260 2357 5313 et
2392 5272 2425 5310 a
2448 5254 2800 5310 mortificata
2820 5252 2878 5307 in
2904 5251 2989 5307 eis
3013 5254 3201 5306 morte
3228 5249 3454 5306 liberati
3480 5267 3644 5308 sum-

1996 5367 2151 5406 mus.
2188 5349 2248 5403 In
2276 5346 2616 5401 Pentecoste
2650 5358 2842 5414 genua
2890 5357 3007 5396 non
3063 5338 3443 5409 inﬂectimus,
3495 5357 3644 5413 quo-

1994 5440 2151 5496 niam
2192 5436 2319 5509 pari
2340 5438 2431 5490 est
2452 5448 2587 5488 cum
2619 5430 2712 5486 die
2736 5428 3042 5486 Dominico
3097 5433 3410 5501 potestate,
3462 5431 3636 5501 juxta

1990 5545 2119 5586 eam
2153 5542 2283 5599 quas
2313 5524 2385 5579 de
2415 5521 2517 5577 illa
2546 5522 2635 5576 est
2667 5518 2826 5573 dicta
2858 5534 3123 5574 causam.
3163 5541 3191 5569 »

2061 5619 2131 5673 Et
2145 5611 2496 5689 profundius
2514 5609 2609 5665 hic
2633 5607 2827 5663 adhuc
2850 5607 3196 5681 mysterium
3213 5608 3529 5681 investigat
3545 5610 3652 5665 Ba-

1989 5710 2181 5774 silius,
2216 5705 2421 5761 1033
2478 5701 2625 5756 libro
2683 5699 2763 5754 De
2823 5699 3045 5771 Spiritu
3102 5704 3329 5769 sancto,
3364 5716 3491 5768 cap.
3523 5701 3593 5750 27
3631 5717 3644 5755 :

1988 5801 2308 5872 Ἀναγκαῖον
2343 5789 2433 5847 οὖν
2463 5790 2560 5851 τας
2594 5788 2644 5844 ἐν
2692 5786 2828 5859 αὐτῇ
2875 5789 3185 5865 προσευχὰς
3216 5789 3451 5846 ἑστῶτας
3504 5784 3641 5841 ἀπο..
