4156 6328
286 406 398 459 453

1004 411 1511 468 ΟΝΟΗΔΒΤΙΟΟΝ
1549 413 1809 467 RERUM
1846 414 1940 465 ET

2059 414 2376 471 IBBORUM
2416 420 2979 478 DIF‘FICILIORUM.

3600 426 3703 478 454

362 531 793 588 Ηειιίιτιιιτιευε.
822 533 967 589 Vita:
986 533 1305 591 Hilarionis
1321 552 1483 589 num.
1502 536 1568 589 14
1593 552 1606 590 :
1627 556 1655 584 »
1674 534 1950 590 Hemitri-
1980 551 2034 616 Α
2066 536 2305 607 piebant
2332 539 2541 597 calices
2571 558 2703 598 cum
2736 546 3057 601 reverentia
3080 550 3138 602 et
3168 547 3700 616 taciturnitate,nec

291 625 400 674 taeo
423 622 644 691 pariter
664 623 878 694 arrepti
893 639 1097 679 omnes
1116 641 1149 679 a
1167 624 1409 679 medicis
1424 625 1716 695 desperati
1742 628 1942 679 sunt.»

286 709 391 763 Est
431 710 870 766 semirtertiana
919 712 1119 768 febris.
1171 714 1285 769 Vox
1325 714 1517 769 Graeca
1562 712 1942 786 ἹΙμιτριταῖος

291 802 576 867 usurpata
608 797 826 854 Latinis
855 800 1137 855 Martialis
1160 800 1261 855 lib.
1295 818 1334 856 ιι
1366 801 1519 873 epig.
1561 804 1631 856 40
1663 828 1676 861 :

352 895 444 943 Uri
478 894 753 958 Tongilius
784 897 921 945 male
951 897 1149 947 dicitur
1178 898 1519 948 hsmitritac.

292 982 480 1047 Idem,
512 982 618 1037 lib.
644 999 719 1050 ιν,
745 984 930 1054 epigr.
963 986 1026 1037 81
1066 1001 1084 1039 :

352 1071 635 1120 Declamas
664 1086 828 1135 mger,
858 1074 1131 1123 declamas
1161 1074 1539 1125 hemitritzeus.

288 1152 476 1219 Idem,
512 1151 618 1210 lib.
640 1170 740 1219 ιιι,
774 1155 959 1223 epigr.
990 1156 1062 1208 92
1096 1172 1109 1209 :

346 1242 445 1290 Cui
480 1243 660 1305 gravis
688 1246 741 1291 et
767 1242 983 1292 fervens
1016 1244 1370 1295 hemitritaeus
1401 1251 1534 1295 erat.

284 1330 516 1396 Celsus,
538 1330 639 1385 lib.
682 1347 767 1400 ιιι,
790 1348 917 1403 cap.
943 1334 995 1387 3.
1023 1334 1202 1403 Idem,
1233 1351 1362 1405 cap.
1389 1336 1457 1389 8:
1484 1357 1513 1386 ‹‹
1540 1338 1609 1389 At
1631 1335 1729 1390 ubi
1752 1335 1808 1389 id
1840 1351 1943 1405 ge—

282 1436 393 1474 nus
408 1420 672 1475 tertianas
687 1426 795 1486 est,
812 1422 968 1492 quod
988 1422 1398 1478 hemitritzeum
1419 1424 1629 1479 medici
1643 1423 1943 1494 appellant

286 1525 505 1579 magna
552 1525 694 1564 cura
750 1526 900 1580 opus
947 1516 1057 1577 est,
1082 1528 1152 1567 ne
1174 1511 1230 1565 id
1256 1511 1437 1568 fallat.
1464 1534 1492 1562 »
1516 1513 1703 1568 Latini
1728 1513 1936 1568 medici

288 1615 492 1654 vocem
528 1599 675 1657 hanc
698 1601 957 1655 Graecam
991 1603 1303 1666 retinuere,
1318 1602 1403 1656 vel
1424 1604 1575 1673 quod
1602 1603 1804 1657 Latine
1829 1620 1942 1657 non

292 1694 492 1758 posset
504 1691 803 1747 commode
819 1690 1125 1760 ell'erri,vel
1143 1692 1500 1761 quodGraeco
1516 1692 1813 1747 malebant
1830 1693 1939 1747 uti.

292 1779 359 1841 Q.
388 1778 641 1834 Serenus
664 1779 1101 1846 Sammonicus,
1119 1780 1220 1835 ubi
1246 1780 1719 1851 superstitiosum
1737 1783 1775 1836 I
1788 1782 1943 1837 034

288 1866 472 1921 simul
506 1872 710 1923 contra
740 1884 869 1923 eam
902 1868 1110 1925 febrim
1144 1869 1470 1925 remedium
1504 1872 1765 1941 suggerit
1800 1889 1813 1925 :

346 1964 691 2016 Mortiferum
721 1968 891 2028 magis
919 1972 1017 2021 est.
1052 1968 1195 2029 quod
1218 1969 1412 2017 Graecis
1442 1970 1834 2018 Hemitritmum

348 2028 612 2093 Vulgatur
640 2030 812 2093 verbis
834 2032 961 2093 hcc;
1002 2028 1103 2078 hoc
1136 2036 1320 2080 nostra
1352 2031 1526 2080 dicere
1562 2032 1745 2093 lingua

350 2091 468 2161 rion
498 2096 722 2161 potuere
757 2090 871 2161 ulli,
907 2097 1051 2161 puto,
1081 2106 1187 2161 nec
1216 2094 1433 2161 voluere
1466 2090 1736 2161 parentes,

347 2153 608 2202 Iuscribit
636 2156 853 2213 chartas,
886 2153 1029 2217 quod
1060 2156 1257 2205 dicitur
1284 2153 1675 2205 Abracadabra.

361 2242 1394 2315 Hippocsmwaus.Hicronymus,in
1414 2244 1547 2299 Vita
1569 2246 1755 2299 sancti
1782 2245 1943 2300 Pauli

289 2331 467 2401 primi
493 2331 952 2396 eremitie,num.
973 2335 1005 2385 7
1035 2348 1046 2387 :
1076 2354 1103 2382 ι(
1136 2334 1438 2404 Conspicit
1458 2334 1759 2388 hominem
1793 2349 1943 2404 equo

288 2420 659 2485 mistum,cui
673 2421 869 2491 opinio
885 2427 1121 2491 poetaru
1133 2437 1188 2475 m
1209 2422 1272 2476 Hi
1284 2427 1675 2493 ppocentauro
1690 2424 1908 2477 vocabu
1920 2450 1942 2463 -

290 2509 419 2564 lum
441 2508 675 2563 indidit.
702 2530 730 2559 »
752 2514 875 2564 Non
901 2526 1209 2579 congeram
1230 2511 1323 2565 hic
1361 2517 1667 2565 auctorum
1703 2513 1773 2565 de
1803 2511 1945 2583 Hip-

295 2599 677 2670 pocentauris
708 2599 852 2655 loca.
887 2600 1199 2655 Remittam
1243 2603 1311 2657 ad
1345 2606 1611 2657 auctores
1636 2602 1735 2672 qui
1769 2604 1839 2655 de
1873 2602 1943 2657 iis

289 2689 533 2760 copiose
554 2697 755 2759 agunt.
796 2688 941 2744 Vide
965 2690 1021 2743 in
1048 2690 1253 2761 primis
1277 2706 1306 2745 e
1329 2691 1622 2746 veteribus
1648 2690 1930 2761 Phlegon-

289 2784 410 2833 tem
455 2778 515 2832 in
556 2777 941 2833 Mirabilibus.
989 2780 1029 2833 E
1077 2780 1499 2834 recentioribus
1524 2780 1941 2852 Hieronymum

290 2866 577 2937 Magium,
610 2866 1116 2922 Miscellanecrum
1139 2867 1289 2937 lib.1,
1310 2869 1497 2939 capite
1518 2869 1608 2935 20,
1625 2876 1682 2923 st
1704 2868 1941 2923 Franci-

292 2972 465 3011 scum
490 2956 799 3025 Sabinum,
833 2956 1117 3026 Floridor,
1147 2957 1294 3013 libro
1316 2974 1379 3027 ii,
1413 2973 1541 3029 cap.
1563 2957 1627 3026 6;
1660 2964 1943 3013 Covarru-

287 3047 473 3111 viam,
503 3044 641 3100 Var.
670 3044 909 3101 resolut.
944 3046 1046 3100 lib.
1081 3062 1159 3115 iv,
1192 3062 1319 3117 cap.
1353 3050 1407 3102 2.

333 3134 847 3190 JEROSDLYHITANA
872 3136 1527 3191 PEREGRINATIO.CI‘8bI‘&
1546 3136 1723 3206 hujus
1731 3137 1854 3205 jam
1872 3137 1942 3191 ab

294 3224 565 3295 antiquis
584 3224 951 3294 temporibus
966 3225 1454 3297 peregrinationis
1477 3227 1694 3281 mentio
1716 3226 1775 3280 in
1790 3227 1943 3282 Vitis
1975 3234 1979 3237 ’

2064 625 2360 698 dicebant,
2385 629 2538 686 sicut
2570 648 2695 687 mos
2727 639 2836 699 est,
2868 636 3131 705 Ignosce.

2132 717 2322 772 IMMAI.
2356 719 2487 775 Vita
2515 722 2744 788 Malchi,
2780 741 2941 779 num.
2975 726 3008 778 3
3062 742 3074 779 :
3113 749 3141 776 «
3184 728 3425 782 Perveni
3459 730 3699 784 tandem

2057 806 2130 861 ad
2154 822 2416 863 eremum
2441 812 2747 867 Chalcidos
2772 830 2920 883 quas,
2944 815 3095 870 inter
3122 816 3335 870 Immas
3359 822 3416 871 et
3444 818 3699 873 Beroeam

2058 894 2247 966 magis
2274 898 2346 951 ad
2378 904 2660 955 Austrum
2694 902 2806 956 sita
2832 908 2939 959 est.
2966 925 2993 951 »
3016 904 3187 975 Syrias
3211 910 3300 959 est
3326 905 3553 971 civitas,
3588 907 3698 960 cir-

2057 1000 2124 1038 ca
2142 1001 2319 1055 quam
2343 1003 2575 1044 aremus
2606 990 2935 1046 Chalcidos.
2960 993 3287 1049 Chronicon
3306 996 3563 1065 Eusebii,
3596 1013 3699 1051 an-

2057 1088 2132 1127 no
2151 1074 2186 1127 2
2216 1077 2508 1131 Aureliani
2535 1094 2547 1132 :
2574 1100 2601 1127 «
2633 1080 2882 1135 Zenobia
2905 1082 3059 1151 apud
3084 1082 3322 1151 immas,
3347 1083 3501 1138 haud
3530 1084 3700 1155 longe

2057 1164 2129 1215 ab
2158 1164 2463 1220 Antiochia
2495 1167 2768 1223 vincitur.
2806 1190 2833 1218 ››
2874 1169 3220 1241 Jornandes,
3270 1177 3342 1226 De
3386 1189 3700 1243 regnorum

2056 1254 2444 1323 successione,
2478 1256 2536 1309 in
2568 1258 2880 1313 Aureliano
2908 1276 2920 1312 :
2953 1280 2977 1311 ιι
2998 1260 3212 1315 Contra
3243 1265 3701 1333 quam(uxorem

2053 1340 2364 1414 Odenathi)
2424 1346 2853 1416 expeditionem
2936 1350 3265 1420 suscipiens
3331 1352 3701 1418 Aurelianus,

2055 1432 2211 1499 apud
2247 1434 2464 1488 Immas
2495 1436 2687 1489 vicum
2720 1436 3040 1492 Antiochiae
3075 1439 3391 1509 superavit.
3424 1463 3451 1489 ››

2127 1521 2499 1577 ΙΝαΑιιιιιιιιΜ,
2537 1524 2743 1578 Palma:
2784 1526 3062 1581 medulla.
3107 1529 3386 1595 Joannes,
3433 1529 3628 1584 libello
3662 1547 3702 1597 ι,

2058 1622 2221 1661 num.
2248 1610 2319 1665 ὃς
2348 1633 2373 1659 «ι
2403 1611 2503 1664 Est
2531 1628 2663 1665 vero
2698 1613 2754 1666 in
2806 1614 3005 1684 palma
3035 1631 3216 1670 unum
3263 1617 3611 1672 incarduum
3644 1624 3702 1672 et

2056 1696 2250 1766 ipsum
2280 1700 2616 1754 candidum.
2638 1722 2665 1749 ‹‹
2708 1703 2889 1757 Credo
2912 1719 2979 1757 ex
3003 1706 3194 1759 Grzeco
3218 1700 3520 1777 ἐγκάρδιον.
3540 1708 3702 1762 Dios-

2055 1786 2331 1852 corrides,
2353 1788 2450 1843 lib.
2476 1791 2667 1861 i,cap.
2690 1791 3002 1862 150,agens
3026 1793 3095 1848 de
3111 1793 3307 1864 palma
3328 1796 3477 1850 elate
3495 1813 3506 1849 :
3523 1796 3701 1849 Καὶτὸ

2054 1870 2339 1947 ἐγκάρδιον
2356 1873 2518 1929 δὲτοῦ
2534 1879 2778 1949 πρὲμνου
2796 1877 3004 1948 λευκὸν,
3022 1880 3246 1934 καὶαύτὸ
3268 1881 3594 1959 πρόσφατον,
3615 1884 3703 1958 βι-

2055 1960 3103 2045 ϐρωσκόμενον,καὶάφεψόμενον,ποιεῖ
3118 1974 3253 2045 πρὸς
3273 1974 3371 2027 ὅσα
3400 1975 3487 2028 καὶ
3512 1977 3539 2028 ὁ
3565 1978 3700 2049 βάρ-

2054 2074 2237 2116 ασσος.
2258 2079 2287 2107 «ι
2307 2059 2591 2115 Caeterum
2612 2060 2745 2116 alba
2762 2079 2996 2134 quoque
3019 2065 3278 2119 caudicis
3297 2067 3551 2139 (palmae)
3573 2083 3700 2123 me-

2054 2145 2214 2201 dulla
2236 2154 2360 2202 tum
2385 2164 2586 2204 recens
2609 2158 3023 2218 comesta,tum
3049 2155 3286 2211 decocta
3308 2157 3377 2211 ad
3404 2158 3606 2212 eadem
3624 2159 3701 2213 fa-

2054 2234 2228 2300 cit,ad
2244 2252 2369 2307 quas
2384 2237 2558 2293 etiam
2579 2240 2879 2298 barassus.
2896 2264 2925 2290 ν
2950 2242 3057 2297 Ubi
3084 2243 3447 2300 Dioscorides
3472 2247 3601 2301 med
3613 2246 3699 2301 ul-

2054 2323 2170 2378 lam
2192 2327 2385 2382 trunci
2405 2343 2505 2381 seu
2528 2328 2789 2384 caudicis
2809 2336 2969 2385 vocat
2987 2328 3700 2405 ἐγκάρδιον,σθνσιιιωη.νὶ-

2052 2412 2121 2465 de
2146 2413 2225 2467 ibi
2247 2412 2463 2469 Janum
2488 2418 2813 2473 Antonium
2856 2420 3238 2490 Saracenum,
3281 2427 3337 2475 et
3360 2423 3699 2481 Dalecham-

2054 2499 2217 2570 pium
2244 2504 2313 2556 ad
2361 2503 2464 2559 lib.
2506 2521 2630 2571 xm,
2682 2521 2733 2561 c.
2778 2508 2832 2573 4,
2866 2507 3057 2574 Plinii,
3094 2510 3190 2563 ubi
3224 2511 3294 2565 de
3328 2513 3561 2567 cerebro
3594 2531 3698 2570 seu

2053 2587 2336 2665 ἐγκεφάλῳ
2357 2593 2562 2664 palma)
2591 2597 2750 2667 agit;
2784 2599 2941 2666 quod
2976 2603 3171 2653 tamen
3197 2600 3267 2653 ab
3300 2597 3575 2672 ἐγκαρδίω
3607 2604 3700 2657 di-

2054 2683 2338 2738 stinctum
2392 2700 2523 2741 esse
2573 2687 2742 2741 docet
2784 2688 2973 2742 Janus
3022 2693 3365 2747 Saracenos.
3395 2693 3488 2747 Sic
3521 2695 3702 2748 fertur

2052 2769 2373 2845 ἀνακάρδιον
2396 2775 2571 2829 arbor
2592 2775 2794 2831 Indica
2817 2793 3029 2833 nomen
3053 2780 3283 2845 sortita,
3309 2799 3341 2835 a
3366 2782 3554 2837 fructu
3580 2783 3697 2837 avi-

2051 2860 2194 2915 cula
2216 2862 2449 2919 corcuio
2467 2879 2581 2919 non
2605 2864 2903 2921 dissimili.
2931 2866 3071 2922 Vide
3094 2868 3410 2924 Gorraeum.

2120 2953 2463 3007 INCENTIUM.
2482 2952 2613 3008 Vita
2636 2955 2824 3008 sancti
2851 2956 3084 3010 Antonii
3109 2973 3233 3027 cap.
3262 2959 3360 3013 15:
3388 2980 3413 3011 α
3438 2959 3697 3015 Lubrica:

2049 3040 2242 3095 carnis
2266 3041 2577 3097 incentiva.
2602 3064 2629 3091 »
2657 3043 2819 3114 Saepe
2847 3060 2914 3098 ea
2934 3061 3069 3101 voce
3093 3046 3282 3100 utitur
3303 3048 3472 3103 divus
3495 3049 3696 3105 Hiero-

2050 3145 2280 3200 nymus.
2313 3130 2407 3186 Sic
2429 3132 2602 3201 epist.
2628 3133 2681 3200 4,
2708 3134 2780 3187 ad
2807 3132 3113 3188 Rusticum
3144 3153 3157 3188 :
3183 3158 3211 3185 «
3258 3138 3325 3191 Et
3357 3137 3697 3194 adolescen-

2050 3218 2160 3285 tiae,
2196 3219 2313 3274 imo
2346 3221 2671 3292 pubertatis
2712 3222 3002 3277 incentiva
3043 3224 3385 3280 calcantem.
3428 3249 3455 3275 »
3502 3228 3643 3284 Item
3677 3244 3691 3283 :

292 3287 557 3367 Patrum.
612 3287 1023 3384 Hieronymus,
1073 3287 1246 3384 epist,
1298 3314 1385 3378 17,
1448 3315 1518 3369 ad
1555 3313 1886 3370 Marcellam
1923 3326 1938 3369 ξ
1972 3287 2015 3354 C
2053 3328 2081 3356 «
2118 3313 2265 3362 Dum
2296 3287 2584 3365 incentiva
2614 3310 3020 3367 adolescentiae
3072 3310 3283 3368 calcas.
3338 3335 3366 3363 η
3422 3314 3643 3371 Ibidem
3679 3333 3693 3373 ἒ

296 3423 318 3449 ι
358 3402 626 3472 Longum
650 3406 739 3456 est
770 3418 926 3456 nunc
957 3403 1029 3457 ab
1061 3416 1310 3457 ascensu
1362 3403 1596 3457 Domini
1644 3419 1828 3474 usque
1872 3405 1944 3459 ad

290 3496 643 3561 praesentem
674 3491 831 3545 diem
866 3507 970 3561 per
1014 3491 1279 3562 singulas
1328 3496 1528 3547 aetates
1560 3507 1812 3561 currere,
1845 3494 1945 3563 qui

291 3580 731 3650 episcoporum,
761 3579 864 3649 qui
898 3586 1242 3652 martyrum,
1294 3581 1394 3651 qui
1446 3580 1850 3651 eloquentium
1884 3582 1943 3635 in

292 3668 562 3723 doctrina
590 3668 991 3723 ecclesiastica
1028 3668 1291 3724 virorum
1335 3674 1619 3724 venerunt
1654 3670 1944 3741 Jerosoly-

293 3774 474 3825 mam,
508 3761 782 3826 putantes
812 3774 874 3811 se
898 3757 1095 3812 minus
1130 3758 1452 3829 religionis,
1487 3758 1686 3814 minus
1730 3759 1945 3815 habere

292 3847 574 3913 scientia,
609 3862 714 3900 nec
745 3863 1063 3913 summam,
1098 3853 1158 3901 ut
1191 3847 1429 3912 dicitur,
1482 3863 1722 3903 manum
1782 3865 1945 3904 acce-

293 3935 453 4006 pisse
483 3935 789 4002 virtutum,
845 3935 960 3990 nisi
990 3936 1050 3989 in
1082 3935 1201 3989 illis
1251 3937 1541 3991 Christum
1599 3939 1946 3993 adorassent

288 4024 460 4088 locis,
490 4027 559 4077 de
592 4024 811 4095 quibus
846 4024 1103 4094 primum
1157 4024 1541 4096 Evangelium
1575 4027 1647 4081 de
1679 4026 1942 4097 patibulo

291 4118 725 4169 coruscaverat.
762 4134 785 4163 υ
820 4114 981 4167 Idem
1017 4113 1238 4184 praefat.
1264 4114 1322 4168 in
1356 4114 1459 4169 lib.
1484 4119 1940 4171 1vCommentar.

291 4205 355 4257 in
416 4203 611 4258 Jerem
645 4224 674 4251 «
710 4202 914 4257 Multis
945 4206 1001 4256 et
1032 4202 1103 4257 de
1132 4206 1253 4257 toto
1306 4205 1445 4258 orbe
1493 4204 1608 4259 huc
1641 4204 1941 4260 conﬂuen-

290 4292 443 4346 tium
476 4292 692 4357 turbis,
726 4299 781 4345 et
814 4295 1151 4346 sanctorum
1189 4292 1460 4357 fratrum,
1483 4294 1943 4365 monasteriique

293 4382 811 4451 curisoccupatus,
836 4382 1292 4436 commentarios
1320 4381 1377 4435 in
1397 4382 1713 4437 Jeremiam
1740 4398 1840 4452 per
1862 4383 1947 4437 in-

290 4470 532 4525 tervalla
566 4470 883 4540 dictabam,
919 4477 981 4525 ut
1012 4472 1168 4541 quod
1206 4470 1440 4525 deesset
1489 4471 1629 4536 otio,
1670 4486 1943 4540 superes-

290 4566 386 4615 set
420 4560 748 4615 iudustriae.
774 4581 803 4609 ››

2053 3417 2081 3446 α
2112 3398 2719 3468 Incentivavitiorum,
2754 3401 3144 3472 ardoremque
3163 3407 3381 3457 natura;
3401 3404 3547 3458 ferre
3577 3423 3693 3461 non

2053 3490 2335 3556 poteram.
2358 3509 2388 3537 »
2422 3487 2601 3555 Idem,
2626 3488 2858 3558 epist.2,
2879 3490 2950 3543 ad
2974 3490 3387 3559 Nepotianum,
3419 3495 3695 3549 incentiva

2048 3577 2330 3630 vitiorum.
2358 3575 2417 3630 ln
2444 3576 2602 3631 Isaia
2622 3593 2750 3631 Lvm
2778 3594 2789 3630 :
2814 3596 2845 3629 «
2868 3580 3136 3649 Corporis
3165 3596 3255 3635 me
3276 3583 3574 3652 superavit
3601 3598 3695 3640 ar-

2051 3663 2175 3729 dor,
2236 3664 2647 3719 adolescentiae
2692 3666 2986 3721 incentiva
3018 3670 3302 3723 vicerunt.
3338 3691 3364 3721 α
3395 3673 3455 3725 In
3489 3672 3688 3728 Ezech.

2050 3768 2142 3806 xvx
2176 3769 2189 3807 :
2224 3755 2341 3807 Hac
2375 3753 2547 3824 bysso
2574 3754 2961 3825 accinguntur
2992 3760 3429 3829 renes,quoties
3452 3760 3695 3832 pinguia

2049 3840 2314 3896 libidinis
2360 3841 2654 3897 incentiva
2683 3844 2981 3898 tenuanda
3028 3850 3168 3899 sunt
3209 3846 3473 3917 nihilque
3506 3850 3560 3903 in
3606 3851 3692 3906 eis

2049 3931 2233 3986 crassi
2266 3930 2532 3986 humoris
2563 3930 2942 4002 relinquitur.
2980 3956 3000 3981 ι
3040 3934 3257 3988 Ibidem
3295 3951 3427 3989 mox
3456 3952 3470 3991 :
3504 3958 3533 3985 «
3557 3940 3691 4000 Quae

2048 4020 2321 4075 vitiorum
2352 4020 2640 4075 incentiva
2669 4021 3067 4092 suppeditant.
3103 4022 3356 4077 Rursum
3392 4040 3405 4078 :
3438 4047 3467 4073 «
3496 4026 3695 4081 Levem

2050 4114 2333 4179 punctum
2368 4125 2676 4178 sensuum,
2712 4113 2774 4163 et
2800 4110 3095 4165 incentiva
3127 4111 3423 4167 vitiorum.
3451 4134 3478 4162 ››
3510 4116 3654 4169 Item
3681 4131 3695 4169 :

2049 4220 2078 4247 ι(
2102 4198 2313 4253 Saeculi
2364 4198 2544 4268 hujus
2604 4198 2924 4253 incentiva.
2961 4220 2989 4249 κ
3025 4200 3209 4267 Idem,
3242 4200 3300 4255 in
3335 4218 3460 4273 cap.
3518 4220 3698 4257 χχχιιι

2048 4286 2254 4343 Ezech.
2290 4303 2303 4341 :
2338 4309 2365 4336 ‹‹
2404 4286 2525 4343 Νοιι
2562 4288 2761 4341 omnia
2792 4288 3214 4359 cogitationum
3250 4290 3544 4345 incentiva
3594 4310 3699 4347 su-

2049 4376 2279 4446 scipiat.
2313 4396 2341 4425 »
2381 4375 2589 4429 Matth.
2625 4392 2682 4430 1v
2717 4392 2729 4431 :
2765 4377 3153 4448 Suppeditare
3207 4378 3499 4434 incentiva
3529 4380 3698 4436 vitio-

2048 4481 2203 4518 rum.
2241 4486 2267 4512 ››
2320 4464 2466 4518 Item
2526 4463 2587 4519 in
2648 4465 2909 4534 ejusdem
2956 4482 3083 4536 cap.
3117 4483 3188 4520 xv
3223 4483 3235 4521 :
3272 4490 3297 4516 ‹‹
3333 4468 3697 4524 Incentivum

2048 4552 2285 4606 diaboli.
2323 4574 2351 4601 ››
2382 4552 2445 4606 Ιιι
2478 4551 2910 4609 Commentario
2939 4556 3009 4608 ad
3042 4555 3233 4609 Galat.
3267 4573 3322 4610 v1
3352 4573 3363 4610 :
3400 4579 3427 4607 ‹‹
3458 4559 3563 4613 Per
3583 4560 3698 4613 sin-

334 4646 1949 4720 leaoscs.Eu-{xibpnsov.Eremitarummosloquendiusi-
1979 4650 2024 4711 Ι)
2057 4640 2226 4711 gulos
2252 4641 2665 4697 commotionis
2695 4641 2918 4706 oculos,
2951 4648 3007 4697 et
3031 4644 3324 4699 incentiva
3354 4646 3700 4702 vitiorum.»

290 4739 653 4804 tatissimus,
679 4740 779 4808 qui
804 4738 1127 4807 saepissime
1150 4737 1207 4792 in
1233 4737 1326 4792 his
1352 4737 1505 4793 Vitis
1524 4737 1797 4793 occurrit.
1830 4737 1943 4791 No-

290 4829 516 4882 tavitid
540 4831 916 4882 Sozomenus.
974 4826 1075 4879 lib.
1109 4842 1233 4892 νιιι,
1282 4843 1409 4896 cap.
1437 4826 1543 4880 17:
1575 4824 1946 4897 Ταραχθὲντες

297 4912 358 4967 δὲ
390 4915 654 4988 μοναχοὶ,
674 4914 763 4967 καὶ
793 4917 1173 4987 τοῦτοχρῆναι
1197 4918 1373 4967 ποιεῖν
1399 4908 1953 4985 νομσαντες,πολλῶν

297 5003 612 5058 ἐπισκόπων
632 5001 1089 5077 προκαθημένων,
1120 5006 1279 5056 τοῦτο
1312 4998 1379 5069 δὴ
1410 5003 1472 5055 τὸ
1505 5001 1731 5070 σύνηθες
1763 4998 1950 5061 αὐτοῖς

292 5091 474 5167 λέγειν
507 5092 607 5147 κᾶν
632 5089 919 5146 ἀδικῶνται
952 5093 1352 5165 Συγχώρησον,
1378 5088 1598 5167 ἔφοσαν.
1632 5091 1947 5147 «Mcnachi

297 5184 654 5255 perturbati,
671 5192 839 5253 atque
864 5183 971 5237 hoc
990 5183 1157 5253 plane
1172 5182 1297 5236 fieri
1312 5188 1579 5253 oportere
1592 5182 1728 5247 rati,
1742 5181 1948 5236 multis

291 5272 588 5343 episcopis
620 5271 1095 5343 praesidentibus,
1149 5269 1293 5324 illud
1330 5270 1577 5336 scilicet,
1608 5271 1760 5340 quod
1801 5268 1951 5340 ipsis

297 5361 492 5418 dicere
526 5360 792 5417 solemne
837 5366 927 5416 est
973 5376 986 5414 :
1034 5360 1275 5415 Etiamsi
1308 5360 1582 5429 injuriam
1618 5358 1950 5426 fecerimus,

297 5452 568 5520 Ignosce,
596 5450 916 5519 inquiunt”.
942 5470 971 5498 »
1004 5447 1167 5513 Quod
1196 5446 1676 5518 Gallispardonne
1705 5445 1837 5502 moi.
1866 5445 1951 5499 Vi-

295 5541 471 5594 detur
500 5556 631 5594 mos
664 5538 758 5592 hic
782 5538 841 5591 in
858 5536 1238 5592 aulicismum
1262 5536 1479 5603 abisse,
1504 5552 1637 5591 cum
1662 5537 1775 5591 sibi
1800 5536 1951 5589 invi-

290 5644 421 5683 cem
442 5629 943 5700 propinarent,vel
971 5627 1144 5681 etiam
1164 5626 1401 5680 calicem
1422 5641 1490 5681 ex
1513 5625 1755 5681 alterius
1771 5642 1949 5680 manu

287 5720 648 5789 acciperent.
680 5716 969 5787 Pelagius,
993 5714 1192 5770 libello
1226 5731 1316 5779 xv,
1343 5715 1583 5769 num.20
1608 5731 1620 5768 :
1648 5737 1675 5764 ι(
1707 5715 1950 5777 Quando

289 5808 481 5863 abbas
506 5806 849 5863 Theodorus
879 5820 1013 5859 cum
1037 5804 1322 5860 fratribus
1353 5803 1767 5871 manducabat,
1799 5802 1952 5857 acci-

2058 4730 2265 4784 Eodem
2300 4746 2478 4785 sensu
2510 4731 2711 4785 eadem
2744 4747 2848 4786 vox
2879 4736 2937 4786 et
2966 4732 3095 4786 aliis
3126 4740 3424 4805 usurpata.
3454 4738 3704 4791 Ambro-

2057 4820 2200 4874 sius.
2232 4818 2332 4874 lib.
2356 4836 2412 4874 vx
2462 4820 2823 4885 Hexaemer.,
2856 4836 2979 4891 cap.
3016 4822 3069 4890 4,
3104 4822 3372 4877 Οάὶονιιιη
3402 4826 3699 4879 incentiva.

2056 4909 2278 4975 Eidem,
2312 4908 2463 4962 Psal.
2504 4925 2703 4978 cxvm,
2736 4914 2793 4964 et
2815 4926 2991 4964 serm.
3028 4911 3113 4963 15.
3147 4912 3433 4967 Incentz'va
3480 4914 3705 4967 delicto-

2056 5015 2198 5053 rum.
2231 4996 2573 5063 Cassianus,
2613 4998 2804 5055 collat.
2858 5016 2918 5068 ιι,
2976 5016 3103 5069 cap.
3158 5001 3245 5067 13,
3296 5001 3703 5056 lncentivorum

2056 5086 2290 5141 stimuli.
2328 5086 2485 5140 Idem
2519 5086 2711 5141 collat.
2739 5104 2840 5153 vn,
2873 5105 2922 5141 c.
2958 5090 2984 5141 1
3009 5090 3372 5144 Naluralz'bus
3418 5091 3707 5146 incentivz's

2059 5174 2403 5246 inquietari;
2454 5180 2511 5229 et
2559 5191 2687 5245 cap.
2718 5179 2750 5229 2
2784 5192 2798 5230 :
2829 5177 2971 5230 Ecce
3019 5177 3312 5232 incentiva
3361 5179 3557 5233 carnis
3589 5184 3703 5235 tua:

2060 5266 2287 5322 abscisa
2320 5267 2478 5318 sunt.
2513 5265 2647 5329 Quas
2697 5265 2812 5320 duo
2842 5264 2972 5320 loca
3012 5267 3338 5336 posteriora
3386 5267 3566 5323 habes
3605 5285 3706 5325 su-

2060 5374 2183 5427 pra,
2217 5354 2319 5410 lib.
2352 5370 2408 5408 ιν
2438 5353 2519 5407 De
2552 5353 2685 5407 vitis
2714 5354 2976 5418 Patrum,
3000 5355 3191 5424 capite
3212 5356 3303 5411 50.
3325 5358 3703 5429 Prudentius,

2060 5442 2400 5515 Apotheosi,
2428 5442 2771 5496 Incentivum
2815 5442 3165 5512 peccaminis.
3226 5444 3521 5515 Sidonius,
3558 5448 3707 5503 libro

2059 5551 2135 5601 v1,
2168 5532 2339 5604 epist.
2372 5531 2397 5584 1
2436 5546 2449 5584 :
2484 5529 2599 5584 Nec
2633 5546 2734 5600 per
2755 5529 3079 5586 carnalium
3110 5532 3387 5590 vitiorum
3414 5536 3705 5592 incentiva

2060 5621 2343 5677 ﬂammati
2375 5619 2447 5673 ad
2478 5617 2662 5673 altare
2690 5618 2922 5673 Domini
2952 5619 3148 5691 ignem
3174 5621 3400 5680 diutius
3428 5627 3707 5681 accende-

2062 5727 2194 5766 mus
2227 5709 2508 5764 alienum.
2547 5729 2575 5755 ››

2131 5804 2572 5868 Nonnunquam
2596 5796 2656 5851 in
2678 5794 2848 5853 aliam
2867 5802 3091 5868 partem
3112 5801 3365 5872 capitur.
3390 5800 3707 5870 Arnobius,

406 5906 641 5956 Consule
673 5909 855 5955 notam
881 5903 1088 5966 pagina:
1120 5906 1178 5953 55
1214 5902 1344 5953 tomi
1374 5902 1727 5965 praecedentis
1753 5901 2063 5964 subjectam.
2095 5899 2233 5949 Enn.
