4156 6328
451 393 556 447 455

1157 390 1671 445 ONOMASTICON
1712 390 1969 444 RERUM
2006 388 2100 441 ET
2136 385 2541 441 VERBORUM
2576 383 3137 438 DIFFICILIORUM.

3750 384 3856 439 456

455 516 554 571 lib.
583 533 636 572 v1
670 531 683 568 ε
718 536 744 563 ‹‹
782 512 1071 569 lncentivo
1117 512 1390 566 extollitis
1441 510 1654 567 laudis.
1690 534 1719 560 «
1752 509 2093 583 Cyprianus,
2125 509 2181 575 Α
2213 508 2431 564 nostris
2462 505 2746 562 illustrari
2780 503 3230 575 mendaciis,qui
3263 504 3517 576 propriis
3538 506 3859 566 virtutibus

452 605 532 660 De
561 605 734 659 laude
767 601 1052 673 martyrii,
1086 601 1359 656 mercedes
1390 601 1716 656 incentium.

520 695 806 749 Iucnoms.
839 692 1096 747 Joannes
1121 691 1550 757 Subdiaconus,
1580 690 1681 745 lib.
1733 707 1788 744 v1
1834 688 2094 744 Vitarum

456 789 693 839 Patrum
727 780 923 837 libello
968 798 1008 847 1,
1042 796 1206 835 num.
1243 781 1309 833 12
1345 797 1357 835 :
1394 803 1420 829 «
1451 780 1819 851 Duoifratres
1849 782 2015 834 erant
2045 777 2096 832 ei

448 873 650 939 vieini,
685 888 840 926 unus
862 870 1300 942 peregrinus,et
1322 887 1475 925 unus
1495 869 1774 925 inchoris.
1797 891 1823 917 »
1848 886 1881 923 a
1902 868 2096 923 Graeco

450 958 725 1035 ἐγχωρής.
760 960 904 1015 Nam
928 957 1090 1033 χώρει
1111 963 1200 1015 est
1223 960 1403 1031 regio,
1428 959 1582 1014 unde
1605 956 1879 1032 ἐγχωρὴς,
1905 955 2002 1028 qui
2039 957 2097 1009 in

452 1051 688 1122 regione
720 1066 828 1104 sua
858 1064 1093 1118 semper
1114 1052 1331 1114 manet,
1357 1053 1413 1103 et
1433 1048 1749 1120 opponitur
1772 1044 2095 1118 peregrino.

451 1139 631 1194 Divus
663 1138 1027 1207 Ambrosius,
1049 1137 1200 1193 lib.v
1218 1134 2094 1208 Hexaemeron,cap.111,encho-

448 1232 600 1286 rium
624 1235 822 1287 vocat:
851 1252 877 1279 ‹‹
910 1229 1038 1284 Alia
1068 1246 1300 1300 quoque
1331 1229 1523 1283 avium
1555 1244 1769 1301 genera
1800 1225 2097 1295 enchoria,

451 1338 582 1391 qua:
613 1323 856 1375 manent
886 1320 943 1373 in
976 1318 1120 1373 locis
1144 1334 1404 1389 semper;
1459 1317 1572 1373 alia
1602 1317 1938 1382 adventitia,
1972 1332 2099 1386 quae

449 1409 667 1464 obeunt
699 1408 967 1479 regiones
999 1406 1166 1472 alias,
1191 1413 1247 1462 et
1280 1416 1507 1477 peracta
1559 1407 1750 1463 hieme
1801 1409 2101 1461 revertun-

449 1502 565 1553 tur.
596 1520 622 1547 »
647 1498 742 1552 Sic
765 1494 1065 1569 ἐπιχώριον
1090 1496 1441 1552 vocabulum
1465 1496 1646 1552 Graeci
1678 1499 1908 1561 vocant,
1943 1495 2097 1566 quod

452 1587 743 1643 familiare
765 1591 853 1642 est
868 1586 1121 1657 alicujus
1142 1586 1395 1657 regionis
1418 1602 1519 1641 seu
1546 1584 1676 1641 loci.
1702 1585 1878 1640 Divus
1896 1584 2097 1639 Hiero-

450 1693 685 1749 nymus,
706 1677 875 1747 epist.
906 1676 1007 1729 140
1034 1692 1047 1730 :
1078 1697 1099 1725 ι
1128 1676 1232 1731 Pro
1253 1692 1319 1731 eo
1343 1676 1497 1746 quod
1523 1691 1629 1730 nos
1660 1673 2097 1743 transtulimus,

451 1767 712 1822 domibus
733 1765 1154 1836 eburneis,quia
1170 1764 1226 1819 in
1239 1768 1435 1819 Grmco
1453 1765 1741 1835 scriptum
1761 1761 1868 1815 ἀπὸ
1890 1761 2100 1835 βαρέων

453 1854 1087 1925 ὲλεφαντίνωνριιίόᾶηι
1110 1855 1445 1909 Latinorum
1470 1854 1542 1909 oh
1561 1852 1719 1908 verbi
1734 1851 2091 1923 ambiguita-
2125 1887 2172 1952 Β

449 1952 629 2016 tem,a
645 1946 928 2017 gravibus,
948 1946 1308 2016 interpretati
1329 1949 1486 2011 sunt;
1504 1960 1638 1999 cum
1658 1941 1840 2017 βάρεις
1853 1942 2095 1997 verbum

456 2038 533 2093 sit
554 2036 918 2107 epichorium
942 2034 1285 2100 Palaestinae,
1319 2039 1375 2089 et
1391 2050 1571 2104 usque
1593 2032 2000 2102 hodie,domus
2029 2048 2097 2087 ex

451 2127 611 2183 omni
632 2129 793 2196 parte
810 2123 1181 2190 conclusae-,et
1197 2123 1253 2177 in
1274 2125 1514 2178 modum
1529 2122 1822 2178 aedificatae
1842 2121 2095 2176 turrium

451 2232 517 2271 ac
548 2215 827 2270 mmnium
865 2211 1450 2287 publicorum,;’3a’zpszq
1467 2211 1853 2284 appellentur.
1882 2234 1907 2259 υ

522 2305 745 2359 INCUBI.
766 2303 1238 2373 Hieronymusin
1254 2301 1385 2356 Vita
1407 2300 1593 2356 sancti
1610 2299 1770 2356 Pauli
1789 2299 2098 2371 primiere-

451 2392 794 2461 mitae,num.
819 2392 852 2444 8
881 2407 893 2445 :
924 2414 949 2440 ‹‹
979 2394 1133 2458 Quos
1156 2391 1316 2445 vario
1344 2390 1551 2445 delusa
1571 2406 1764 2445 errore
1800 2388 2096 2461 gentilitas

450 2486 678 2537 Faunos
698 2487 1047 2551 Salyrosque
1067 2484 1123 2534 et
1148 2480 1395 2535 Incubos
1411 2495 1629 2534 vocans
1653 2477 1810 2534 colit.
1841 2501 1867 2527 ››
1893 2478 1972 2533 De
2004 2477 2099 2531 In—

456 2571 617 2627 cubis
639 2571 871 2642 copiose
903 2569 1140 2624 disserit
1163 2569 1452 2624 Martinus
1476 2573 1674 2623 noster
1699 2567 1906 2635 Delrio,
1932 2584 2095 2623 com-

452 2662 735 2716 mentario
768 2661 824 2714 in
852 2663 1078 2714 Senecae
1111 2659 1273 2713 Herc.
1321 2660 1455 2727 fur.,
1492 2662 1653 2729 parte
1680 2675 1763 2725 111,
1799 2661 1855 2713 et
1884 2657 1942 2711 in
1976 2662 2099 2713 Ma-

455 2752 601 2823 gicis
634 2753 778 2821 suis,
812 2750 912 2805 lib.
948 2767 1012 2815 11,
1045 2755 1250 2821 quaest.
1288 2750 1372 2805 15.

521 2841 766 2896 Joannes
785 2841 1252 2894 Cnavsos'roams.
1274 2839 1509 2893 Pratum
1529 2835 2097 2908 spiritualeJoannis

454 2929 692 2997 Moschi,
719 2946 845 2999 cap.
874 2930 993 2997 128,
1020 2928 1337 2999 quamdam
1358 2925 1762 2983 revelationem
1791 2942 1893 2981 seu
1921 2924 2095 2979 visio-

452 3036 584 3074 nem
620 3020 689 3073 de
721 3018 909 3089 gloria
953 3016 1195 3072 Joannis
1227 3016 1626 3089 Chrysostomi
1671 3032 1853 3086 supra
1893 3029 2098 3069 omnes

452 3107 719 3164 Ecclesiae
742 3110 1005 3162 doctores
1029 3107 1225 3171 refert,
1250 3106 1320 3161 ad
1349 3121 1527 3176 quam
1561 3104 1678 3159 haec
1701 3119 1898 3159 severe
1922 3103 2095 3157 Baro-

452 3198 606 3267 nlus,
639 3200 799 3252 tomo
839 3213 894 3266 v,
942 3212 1095 3251 anno
1121 3194 1338 3250 Christi
1372 3195 1497 3261 1107,
1530 3192 1853 3249 Innocentii
1888 3193 2085 3249 1035

452 3258 610 3359 papae
631 3287 687 3353 6,
708 3258 941 3340 Arcadii
964 3288 1021 3340 et
1043 3283 1277 3339 Honorii
1308 3258 1492 3354 impp.
1511 3282 1599 3351 l3,
1620 3282 1700 3337 ita
1719 3284 1917 3337 notat:
1942 3282 2093 3337 Sunt
2123 3258 2165 3325 α

454 3380 647 3432 autem
670 3375 792 3430 haec
816 3390 1021 3447 parum
1063 3374 1177 3428 fide
1203 3376 1351 3440 tuta,
1399 3376 1602 3443 utpote
1634 3388 1763 3442 quae
1795 3370 1856 3426 in
1890 3369 2096 3442 primis

451 3464 707 3535 ejusdem
743 3462 990 3518 Joannis
1008 3460 1409 3534 Chrysostomi
1434 3460 1774 3515 testimonio
1795 3459 2083 3516 mendacii

453 3556 779 3623 arguantur
799 3551 1301 3623 (Chrysost.,epist.
1329 3549 1474 3621 126),
1505 3550 1644 3605 dum
1665 3550 1738 3605 ab
1768 3565 1835 3605 eo
1860 3549 2098 3620 ponitur

455 3641 663 3696 Treius
695 3641 1007 3712 episcopus
1028 3638 1315 3707 Arabissi,
1348 3643 1404 3694 et
1429 3655 1544 3693 non
1576 3637 1922 3710 Adelphius.

522 3731 631 3786 Sed
659 3734 716 3785 et
737 3746 871 3786 cum
896 3728 1089 3783 tradat
1114 3733 1318 3783 auctor
1339 3727 1393 3781 in
1422 3727 1596 3782 domo
1620 3726 1865 3798 Adelphi
1892 3727 2092 3799 hospi-

454 3824 642 3876 tatum
661 3836 789 3875 esse
810 3819 1259 3886 Joannem,cum
1283 3818 1575 3873 Cucusum
1602 3816 1661 3871 in
1687 3816 1927 3871 exilium
1952 3816 2096 3872 mis-

449 3928 553 3965 sus
575 3907 925 3980 esset,plane
943 3908 1159 3963 erroris
1175 3908 1467 3979 arguitur;
1494 3923 1629 3961 nam
1654 3905 1789 3961 licet
1813 3905 1870 3960 id
1896 3906 2093 3977 ipsum

449 3999 520 4053 de
551 3998 808 4070 hospitio
836 3996 1050 4051 Cucusi
1075 3996 1276 4050 dicant
1309 4001 1415 4049 Leo
1447 4002 1505 4049 et
1532 3994 1974 4063 Metaphrastes,
2008 3998 2091 4049 ta-

450 4104 585 4142 men
614 4088 739 4157 ipse
766 4088 1219 4158 Chrysostomus
1247 4085 1521 4154 (Epistola
1553 4084 1643 4152 13)
1687 4082 1923 4139 disertis
1965 4098 2095 4139 ver-

449 4176 541 4231 bis
575 4180 827 4231 narrata
849 4175 1126 4230 Dioscoro
1146 4190 1207 4230 se
1231 4179 1571 4245 susceptum
1598 4172 1874 4244 hospitio,
1898 4177 1955 4228 et
1978 4191 2092 4228 non

450 4264 526 4319 ab
557 4263 705 4331 aliis;
742 4263 877 4319 licet
907 4263 963 4317 id
996 4262 1328 4334 complures
1347 4262 1868 4334 expetierint.Cum
1896 4267 2092 4318 autem

452 4352 571 4409 haec
602 4352 939 4424 compingat
969 4369 1035 4407 ea
1065 4352 1395 4407 narratione
1431 4352 1755 4420 mendacia,
1790 4369 1919 4423 quae
1952 4352 2094 4407 fides

451 4441 510 4495 in
539 4440 783 4511 reliqius
804 4440 831 4495 ?

522 4533 670 4584 Sane
699 4528 936 4599 quidem
968 4533 1024 4584 et
1056 4528 1155 4584 illa
1184 4528 1473 4584 invidiosa
1495 4528 1669 4585 nimis
1709 4530 1958 4585 assertio
1982 4534 2093 4601 est,

2200 599 2572 653 decorantur.
2610 595 2904 650 Hactenus
2930 594 3238 649 Baronius.

2271 690 2596 742 Annotator
2622 685 2861 756 quidam
2891 684 3112 754 (nescio
3145 701 3218 739 an
3274 685 3481 741 Fronto
3531 689 3751 757 noster)
3800 688 3860 743 in

2202 776 2456 832 editione
2488 774 2801 831 Parisiensi
2824 772 3209 829 Graecolatina
3236 773 3483 830 Joannis
3508 775 3755 843 Moschi,
3776 777 3859 833 ita

2202 882 2324 921 rem
2340 865 2493 921 banc
2518 862 2832 935 temperari
2862 879 3034 934 posse
3056 862 3352 920 censebat.
3376 863 3617 933 Verum,
3637 866 3855 938 inquit,

2201 971 2514 1010 monemus
2547 969 2779 1025 quoque
2804 952 3101 1023 ejusmodi
3132 952 3525 1010 revelationes
3557 955 3857 1012 interdum

2204 1044 2326 1099 fieri
2352 1061 2465 1099 non
2500 1044 2569 1098 ad
2604 1042 3030 1099 ostendendam
3051 1043 3334 1113 majorem
3362 1043 3419 1098 in
3445 1044 3725 1101 omnibus
3748 1046 3857 1100 ali-

2204 1136 2372 1206 cujus
2397 1135 2581 1191 sancti
2597 1134 2977 1207 gloriam,sed
2994 1134 3063 1188 ad
3081 1132 3457 1189 indicandam
3479 1135 3858 1192 excellentem

2204 1226 2516 1295 quamdam
2539 1229 2596 1279 et
2609 1223 2956 1295 peculiarem
2972 1223 3305 1294 cujuspiam
3335 1224 3487 1280 beati
3521 1226 3854 1297 praerogati-

2204 1331 2357 1379 vam,
2394 1332 2508 1386 qua
2549 1313 2680 1369 aliis
2725 1312 3096 1385 praeeminuit
3129 1330 3141 1366 :
3171 1314 3503 1383 cujusmodi
3537 1315 3648 1370 fuit
3691 1316 3857 1371 zelus

2196 1403 2464 1473 justitiee,
2490 1402 2670 1474 quiin
2717 1407 2946 1473 pectore
2967 1401 3366 1473 Chrysostomi
3418 1405 3560 1459 adeo
3615 1407 3859 1477 exarsit,

2206 1497 2270 1547 ut
2292 1494 2499 1547 merito
2529 1497 2831 1563 propterea
2847 1492 2906 1546 in
2932 1491 3152 1547 visione
3170 1492 3368 1547 divina
3388 1493 3584 1549 dictus
3612 1494 3690 1550 sit
3710 1496 3862 1550 assi-

2204 1586 2355 1637 stere
2387 1581 2598 1637 throno
2622 1581 2741 1636 Dei.
2770 1582 2957 1651 Hujus
2991 1581 3222 1653 generis
3244 1582 3507 1638 visioilla
3536 1584 3648 1639 fuit
3672 1583 3860 1640 sancti

2204 1671 2355 1727 Petri
2377 1671 2683 1727 Dominico
2709 1670 2927 1737 oblata,
2956 1687 3091 1725 cum
3143 1669 3284 1726 visis
3310 1671 3673 1728 diversorum
3696 1674 3867 1728 ordi-

2206 1778 2347 1816 num
2383 1760 2675 1832 religiosis
2710 1761 2767 1815 in
2819 1759 2986 1831 ccelo,
3036 1759 3269 1815 nullum
3302 1778 3371 1816 ex
3425 1763 3551 1817 suis
3603 1763 3866 1819 alumnis

2203 1851 2430 1922 aspexit
2459 1867 2472 1905 :
2506 1868 2650 1921 quos
2687 1855 2883 1906 tamen
2929 1866 3097 1905 sacra
3129 1850 3378 1921 Deipara
3409 1852 3622 1908 eximio
3648 1857 3705 1908 et
3735 1854 3860 1908 sin-

2205 1940 2393 2011 gulari
2428 1941 2617 1995 favore
2650 1940 2760 1996 sub
2792 1939 2970 2012 pallio
2994 1956 3102 1994 suo
3134 1940 3457 2009 occultans,
3475 1941 3663 1996 eidem
3698 1948 3866 2012 post-

2204 2031 2439 2086 modum
2474 2031 2751 2085 ostendit.
2790 2028 3008 2084 Deinde
3042 2029 3213 2084 facile
3246 2029 3302 2084 in
3338 2032 3645 2102 epistolam
3681 2032 3871 2104 Chry-

2205 2119 2447 2176 sostomi
2503 2137 2714 2175 nomen
2764 2119 2943 2185 Treii,
2978 2136 3081 2190 pro
3141 2118 3427 2191 Adelphio
3488 2122 3677 2191 potuit
3716 2121 3871 2177 irre-

2204 2226 2359 2282 pere,
2392 2208 2476 2264 vel
2510 2209 2620 2265 t'uit
2650 2208 2951 2263 binomius
2974 2208 3182 2263 Treius
3215 2208 3556 2280 Adelphius.
3598 2210 3875 2282 Denique

2203 2299 2443 2354 verbum
2468 2300 2675 2353 mansit
2698 2315 2803 2352 cur
2817 2297 3146 2353 necessario
3162 2298 3535 2357 referendum
3558 2300 3631 2354 ad
3660 2299 3873 2371 hospi-

2203 2387 2389 2442 tium?
2424 2390 2489 2442 Et
2514 2392 2603 2443 est
2619 2387 2931 2443 verisimile
2956 2387 3440 2459 Chrysostomum
3466 2389 3705 2444 domum
3731 2390 3867 2461 epi-

2204 2477 2361 2548 scopi
2410 2476 2701 2531 invisisse.
2740 2477 2868 2532 Haec
2901 2493 3003 2548 pro
3033 2476 3353 2533 assertione
3401 2477 3537 2533 libri
3591 2478 3862 2551 alioquin

2205 2566 2537 2637 praestantis
2570 2565 2954 2621 auctoritatis.
2984 2570 3063 2620 lta
3087 2567 3414 2622 Annotator
3442 2566 3560 2624 ille.

2275 2656 2437 2720 Quod
2489 2655 2537 2710 si
2590 2655 2733 2710 mihi
2764 2654 2936 2711 liceat
2966 2655 3118 2710 inter
3153 2659 3348 2711 tantos
3380 2656 3531 2712 viros
3558 2657 3859 2727 judicium

2205 2745 2594 2816 interponere,
2629 2761 2923 2800 censerem
2958 2762 3065 2816 ego
3115 2745 3264 2801 nihil
3327 2746 3421 2801 hic
3470 2747 3540 2802 de
3580 2747 3857 2813 Joannis,

2203 2833 2601 2906 Chrysostomi
2625 2833 2810 2905 gloria
2833 2834 3157 2889 indicatum
3184 2834 3486 2901 divinitus,
3520 2837 3618 2892 sed
3654 2838 3861 2907 potius

2203 2923 2529 2979 deJoannis
2552 2923 2827 2995 Baptista:
2845 2924 3226 2996 praerogativa
3250 2942 3597 2997 responsum
3621 2927 3860 2983 datum.

2203 3017 2342 3069 Cum
2372 3013 2529 3068 enim
2548 3012 2745 3068 divina
2768 3012 3134 3084 providentia
3164 3013 3251 3069 vel
3275 3031 3582 3087 nunquam
3607 3014 3693 3071 vel
3718 3033 3859 3073 raro

2203 3104 2389 3158 soleat
2418 3101 2733 3158 curiosulis
2766 3102 2853 3157 vel
2888 3103 3273 3159 contentiosis
3304 3105 3376 3159 de
3407 3108 3744 3161 sanctorum
3765 3105 3865 3161 in~

2204 3194 2291 3247 ter
2319 3208 2381 3247 se
2412 3190 2791 3263 prarogativa
2823 3190 3061 3263 praecise
3094 3193 3477 3265 respondere;
3510 3194 3612 3249 sed
3655 3193 3861 3266 potius

2204 3282 2291 3337 vel
2322 3280 2579 3353 generali
2612 3296 2910 3352 responso,
2962 3280 3182 3337 nullius
3236 3282 3585 3355 dignitatem
3620 3284 3689 3338 de
3719 3283 3864 3355 qui-

2204 3370 2312 3425 bus
2361 3369 2813 3426 controvertitur
2871 3370 3271 3442 praeferendo;
3330 3370 3418 3427 vel
3476 3371 3589 3427 alio
3646 3372 3863 3443 quovis

2204 3460 2377 3515 modo
2407 3458 2483 3515 iis
2513 3459 2873 3527 satisfacere;
2898 3459 3130 3515 videtur
3158 3460 3255 3515 hic
3285 3460 3867 3534 deJoanneChryso-

2204 3553 2393 3606 stomo
2425 3548 2495 3604 de
2537 3565 2651 3621 quo
2702 3548 3122 3605 instituebatur
3178 3550 3424 3622 questio
3462 3550 3643 3607 fuisse
3673 3550 3863 3607 dissi-

2204 3635 2519 3705 mulatum;
2542 3636 2855 3692 etJoannis
2872 3636 3142 3708 Baptista:
3175 3637 3249 3708 (is
3279 3638 3435 3693 enim
3467 3638 3697 3710 proprie
3730 3657 3861 3711 pm-

2202 3724 2462 3781 nitentias
2485 3726 2624 3797 dux)
2655 3726 2903 3797 gradum
2936 3730 2992 3780 et
3034 3726 3284 3797 gloriam
3327 3728 3515 3782 obiter
3545 3728 3849 3783 introduc-

2199 3818 2343 3869 tam.
2398 3814 2544 3871 Nam
2596 3831 2729 3869 cum
2782 3813 3099 3885 postulatio
3146 3814 3412 3886 Adelphii
3466 3815 3625 3871 clara
3656 3816 3857 3886 fuerit,

2200 3920 2318 3959 non
2386 3904 2543 3958 clara
2616 3908 2811 3959 tamen
2880 3903 2991 3959 fuit
3052 3905 3365 3975 responsio
3424 3905 3513 3960 vel
3569 3906 3858 3961 ostensio.

2201 3997 2347 4047 Nam
2415 3993 2624 4046 ductor
2682 3992 2908 4063 primus
2972 4008 3085 4048 non
3143 3993 3439 4049 satisfecit
3504 3999 3635 4051 voto
3702 3997 3860 4065 ejus.

2202 4081 2453 4137 Petierat
2520 4081 2632 4136 sibi
2702 4081 2934 4137 ostendi
3000 4082 3287 4138 Joannem
3353 4084 3863 4156 Chrysostomum,

2216 4169 2317 4225 ille
2374 4170 2634 4225 ostendit
2684 4169 2831 4225 alios
2884 4171 3189 4241 doctores;
3242 4189 3425 4244 quare
3479 4174 3671 4229 tristis
3702 4190 3866 4229 rece-

2201 4259 2288 4313 dit
2342 4276 2457 4315 non
2518 4257 2641 4315 viso
2702 4277 2809 4315 suo
2868 4260 3115 4327 Joanne,
3150 4262 3322 4331 cujus
3371 4262 3629 4334 gloriam
3661 4264 3865 4319 videre

2201 4348 2455 4404 amabat.
2492 4348 2783 4403 Ostiarius
2816 4366 2949 4404 vero
2982 4367 3114 4405 cum
3146 4367 3281 4406 eum
3332 4352 3560 4407 tristem
3607 4354 3860 4419 videret,

2202 4437 2614 4508 intellectaque
2646 4454 2823 4493 causa
2841 4438 3314 4495 animadvertens
3331 4440 3731 4497 curiositatem
3758 4443 3862 4497 hic

2198 4525 2578 4594 intercedere,
2600 4525 2913 4581 declinavit
2931 4544 2964 4581 a
2983 4528 3208 4583 Joanne
3228 4530 3641 4601 Chrysostomo
3659 4532 3729 4585 ad
3755 4531 3859 4586 Jo-

449 4635 655 4676 omnes
684 4619 780 4689 qui
815 4634 1077 4689 unquam
1100 4618 1336 4673 fuerunt
1366 4618 1423 4671 in
1448 4617 1699 4673 Ecclesia
1719 4619 2007 4687 doctores,
2032 4620 2089 4673 in

2206 4632 2417 4672 annem
2456 4617 2832 4687 Basptistam.
2875 4615 3135 4685 Ἰωάννην
3161 4618 3255 4671 τὸν
3284 4623 3386 4686 τῆς
3418 4618 3705 4690 μετανοίας
3767 4617 3851 4673 κέ-

449 4708 722 4764 inferiore
746 4724 960 4779 ponere
981 4707 1190 4779 gradu,
1220 4711 1279 4762 et
1308 4722 1486 4778 super
1515 4723 1719 4763 omnes
1741 4707 2086 4776 Chrysosto-

452 4815 615 4853 mum
629 4797 1074 4863 collocare,cum
1089 4796 1411 4868 praesrtim
1425 4795 1576 4852 exiis
1597 4796 1926 4869 complures
1945 4814 2097 4852 mar-

446 4892 602 4960 tyres
626 4887 843 4943 fuerint
882 4885 1165 4949 coronati,
1196 4890 1261 4941 ut
1287 4885 1441 4940 inter
1470 4884 1616 4940 alios
1660 4884 2008 4957 Hippolytus
2040 4890 2096 4941 et

446 4976 805 5043 Methodius;
842 4980 907 5031 ut
936 4980 1161 5031 taceam
1199 4975 1268 5029 de
1301 4974 1543 5045 reliquis
1567 4974 1787 5045 absque
1806 4974 2094 5047 sanguine

448 5066 566 5121 vita
585 5066 802 5121 functis
825 5063 1065 5133 sanctis,
1101 5080 1308 5134 nempe
1336 5063 1574 5129 Basilio,
1607 5064 1838 5120 duobus
1884 5065 2095 5137 Grego-

450 5154 1020 5226 riis,Tbaumaturgo
1035 5153 1806 5226 atqueTheologo,itemque
1820 5155 2095 5211 omnibus

450 5242 575 5298 sine
598 5242 816 5298 invidia
849 5243 1207 5314 praeferendo
1240 5245 1448 5313 Magno
1476 5244 1806 5299 Anastasio.

520 5331 632 5386 Sed
665 5338 721 5387 et
750 5349 874 5403 quae
897 5331 999 5387 illa
1029 5331 1249 5402 absque
1273 5330 1498 5386 ratione
1525 5332 1848 5398 distinctio,
1874 5336 1941 5387 ut
1968 5348 2091 5387 om-

451 5435 554 5475 nes
574 5419 840 5475 doctores
864 5420 1077 5475 fuerint
1094 5419 1281 5476 oculis
1307 5436 1371 5475 ea
1384 5420 1635 5476 videntis
1658 5421 1974 5492 perspicui,
1997 5438 2094 5477 so-

450 5507 545 5563 lus
578 5513 772 5563 autem
812 5508 1069 5564 Joannes
1100 5509 1172 5564 ob
1203 5508 1578 5565 excellentem
1611 5509 1859 5581 gloriam
1891 5510 2092 5566 invisi-

452 5598 633 5655 bilis?
658 5600 895 5669 perinde
918 5617 982 5656 ac
1010 5600 1057 5654 si
1088 5599 1246 5656 solus
1291 5601 1442 5655 inter
1480 5601 1741 5656 doctores
1765 5601 1888 5672 ipse
1910 5602 2092 5674 Chry-

456 5693 750 5744 sostomus
777 5688 951 5743 fuerit
972 5688 1287 5759 perfectam
1312 5688 1554 5761 gloriam
1590 5696 1960 5746 consecutus.
1981 5695 2089 5747 Sed

456 5776 751 5834 facessant
771 5778 897 5849 jam
938 5775 1175 5834 isthae:
1217 5793 1335 5834 non
1379 5780 1537 5837 enim
1589 5779 1855 5853 indigent
1898 5782 2091 5838 sancti

2202 4723 2338 4779 γεις;
2355 4728 2382 4756 ‹‹
2406 4706 2689 4761 Joannem
2705 4704 2853 4761 dicis
2871 4706 3226 4777 pmnitcntiaa
3250 4708 3860 4781 ducemPRespondet-

2213 4812 2327 4867 que
2368 4795 2700 4865 interrupte
2750 4794 2808 4848 in
2842 4794 3062 4862 Graeco,
3118 4813 3233 4851 non
3285 4796 3717 4869 interloquente
3769 4799 3855 4853 in-

2206 4889 2566 4956 terrogatore
2592 4899 2604 4940 :
2626 4883 2949 4957 Ἀνθρωπος
2962 4880 3163 4937 ἐκεῖνον
3188 4882 3240 4937 ἐν
3257 4885 3410 4960 σαρκὶ
3428 4886 3493 4941 οὐ
3511 4883 3731 4941 δύναται
3747 4887 3858 4941 αὖ..

2202 4972 2294 5028 τὸν
2312 4970 2463 5027 ἰδεῖν·
2485 4970 2598 5026 ἐκεῖ
2621 4972 2722 5047 γὰρ
2737 4971 3202 5045 περίσταταιὸπου
3231 4973 3258 5027 ὁ
3282 4974 3473 5049 θρόνος
3506 4972 3849 5037 δεσποτικός.

2205 5088 2233 5115 ‹‹
2260 5066 2457 5135 Ipsum
2484 5063 2655 5118 homo
2676 5063 2735 5117 in
2759 5079 2935 5119 carne
2955 5063 3153 5119 vivens
3176 5064 3365 5120 vivere
3387 5083 3499 5122 non
3529 5072 3754 5137 potest;
3789 5066 3857 5121 il-

2204 5154 2280 5209 lic
2301 5153 2457 5208 enim
2481 5151 2730 5221 assistit,
2751 5151 2850 5206 ubi
2873 5151 3123 5209 thronus
3148 5158 3238 5209 est
3262 5154 3516 5212 Domini.
3540 5175 3566 5207 ι
3596 5157 3761 5220 Quod
3788 5156 3847 5210 in

2204 5241 3087 5311 sanctumJoannemBaptistam
3103 5244 3499 5315 quadrat,quo
3514 5244 3667 5300 inter
3680 5249 3853 5301 natos

2204 5331 2518 5387 mulierum
2538 5330 2727 5401 major
2738 5346 2851 5386 non
2867 5331 3404 5400 surrexit,Veritate
3419 5334 3547 5406 ipsa
3564 5338 3853 5390 attestan-

2204 5426 2280 5477 te.
2302 5420 2567 5476 Christus
2589 5418 2764 5474 etiam
2779 5418 3103 5491 discipulos
3117 5422 3187 5476 de
3202 5423 3585 5493 praerogativa
3597 5422 3658 5477 in
3674 5439 3853 5491 regno

2204 5510 2482 5566 caelorum
2506 5514 2833 5580 quaerentes
2855 5510 3237 5581 compescuit,
3267 5515 3323 5565 et
3349 5511 3563 5567 dubios
3581 5511 3845 5583 reliquit.

2204 5602 2391 5666 Quare
2421 5597 2641 5668 optime
2681 5596 2932 5652 Thomas
2975 5616 3008 5653 a
3056 5598 3316 5669 Kempis,
3351 5598 3498 5655 libro
3522 5617 3584 5655 111
3611 5606 3686 5655 De
3718 5600 3848 5654 imi-

2203 5689 2420 5745 tatione
2467 5685 2708 5754 Christi,
2739 5704 2865 5757 cap.
2905 5688 2995 5753 58,
3031 5696 3224 5743 monet
3260 5705 3271 5743 :
3318 5710 3341 5739 ‹ι
3388 5688 3513 5745 Noli
3548 5690 3845 5761 inquirere

2204 5794 2309 5834 nec
2336 5777 2641 5847 disputare
2671 5775 2743 5832 de
2773 5776 3002 5833 meritis
3049 5784 3409 5847 sanctorum,
3443 5779 3577 5850 quis
3608 5778 3726 5836 alio
3770 5778 3853 5835 sit
