4156 6328
310 326 424 382 465

1041 321 1558 379 ONOMABTIGON
1594 322 1859 378 RERUM
1894 322 1992 376 ET
2026 321 2439 379 VERBORUM
2476 324 3032 381 DIFFICILIOBUM.

3640 322 3749 380 466

309 450 415 506 ubi
446 449 625 505 verba
642 447 905 520 Origenis
938 462 1007 502 ex
1036 450 1200 503 sexto
1223 450 1617 516 Stromateon,
1640 449 1697 501 et
1721 444 1974 501 Platonis
2001 444 2057 510 Α
2088 446 2183 514 qui
2220 463 2581 504 menomena:
2596 449 2896 505 dicuntur.
2924 445 3498 515 »Cassianus,lib,Iv
3520 437 3743 503 Instit.’
3815 452 3821 471 ί

310 556 382 595 ex
404 540 554 593 libro
578 537 751 593 tertio
775 537 844 591 de
868 536 1569 608 Repud.citat,quomodo
1593 534 1969 590 mendacium

2087 553 2136 607 ο,
2164 537 2254 591 22:
2294 559 2321 586 ‹‹
2345 538 2617 593 Pisciculi
2650 539 2862 593 minuti
2888 537 3063 605 saliti,
3086 554 3231 608 quos
3254 536 3339 591 illi
3366 536 3741 593 maenominia

310 626 860 683 interdumsitutile
888 627 1012 698 (qui
1036 626 1371 698 Hieronymi
1396 625 1560 680 locus
1581 642 1693 680 non
1722 625 1973 680 occurrit
2080 632 2309 694 vocant,
2346 645 2581 683 summa
2611 628 2881 698 voluptas
2910 632 3018 683 est.
3052 650 3081 677 ››
3114 629 3196 682 Ita
3220 626 3482 698 plerique
3518 631 3734 682 veteres

310 724 514 773 nostro
536 718 751 773 Joanni
786 718 857 772 de
886 715 1052 771 Salas
1087 720 1337 770 tractatu
1362 716 1432 771 de
1462 714 1713 786 legibus,
1747 714 1967 786 disput.

302 809 399 873 23,
416 818 555 865 sect.
571 808 766 875 9,cum
784 812 956 878 negat
972 806 1283 877 Origenem
1299 805 1606 875 scripsisse
1624 805 1803 859 libros
1818 805 1969 859 Stro-

2080 716 2236 785 Iibri,
2271 716 2405 772 licet
2427 718 2669 773 Ciaccon
2706 718 2782 773 ibi
2818 718 2973 789 legat
3010 712 3248 787 μαινίδια
3280 733 3347 772 ex
3402 716 3732 787 Aristotele,

2080 807 2178 877 qui
2204 806 2388 862 Plinio
2418 809 2689 875 mmnulz,
2716 807 2877 863 Gaza:
2892 807 3173 862 haleculai.
3204 805 3483 862 Existimo
3503 824 3730 876 mgnas,

309 898 585 966 metum).
622 898 926 952 Insinuare
968 896 1142 951 etiam
1196 896 1347 950 hanc
1394 894 1745 951 sententiam
1784 893 1969 949 videri
2076 914 2495 965 mwnomenaa,
2520 906 2577 955 et
2600 898 2922 971 μαινομὲνια
2939 900 3199 970 ejusdem
3222 898 3450 971 generis
3473 897 3728 970 piscicu-

303 988 822 1060 possitIIieronym
836 1003 926 1053 us,
957 986 1016 1040 in
1041 1002 1168 1056 cap.
1187 986 1309 1040 IIad
1327 984 1583 1051 Galatas,
1604 989 1661 1039 et
1679 984 1852 1056 epist.
1875 985 1967 1054 89,

302 1093 486 1147 agens
521 1078 591 1131 de
605 1076 1037 1131 concertatione
1060 1075 1213 1129 Petri
1238 1079 1294 1128 et
1318 1073 1480 1128 Pauli
1499 1089 1676 1145 quam
1695 1090 1762 1129 ex
1780 1074 1967 1128 simu-

297 1164 524 1220 latione
550 1166 761 1220 factam
794 1165 937 1219 vult.
968 1165 1149 1227 Quam
1171 1163 1605 1219 simulationem
1632 1164 1701 1218 de
1723 1165 1965 1219 manda-

298 1255 392 1310 cio
415 1254 678 1310 officioso
700 1252 1027 1325 intelligere
1040 1253 1460 1323 Hieronymum
1484 1252 1967 1307 existimavitAu-

296 1351 601 1417 gustinus,
628 1346 798 1417 epist.
823 1346 893 1399 86
916 1350 971 1400 et
992 1345 1060 1398 87
1079 1345 1233 1416 apud
1260 1344 1699 1417 Hieronymum.
1724 1344 1834 1399 Sed
1856 1344 1963 1399 Ba-

297 1438 531 1505 ronius,
560 1441 718 1491 tomo
754 1436 795 1501 Ι,
821 1452 974 1490 anno
1006 1433 1224 1489 Christi
1244 1432 1303 1487 5|
1324 1480 1336 1500 ,
1356 1434 1654 1488 existimat
1676 1433 1959 1505 Augusti-

297 1544 446 1581 num
472 1543 584 1580 non
610 1526 717 1581 rite
760 1525 1092 1597 percepisse
1117 1528 1372 1578 mentem
1394 1523 1574 1578 sancti
1600 1522 1955 1593 Hieronymi;

298 1615 1053 1689 Chrysostomus,Homilia
1073 1615 1323 1682 32et53,
1375 1614 1432 1667 in
1483 1613 1720 1676 Genes.;
1772 1612 1958 1667 Maxi-

300 1723 436 1761 mus
456 1705 692 1778 Tyrius,
728 1722 906 1761 serm.
960 1705 1015 1772 3;
1038 1702 1324 1773 Cassian.,
1341 1702 1535 1758 collat.
1559 1719 1695 1771 XVII,
1718 1719 1842 1773 cap.
1868 1703 1955 1769 10,

2076 990 2164 1045 los
2194 1006 2340 1045 esss.
2372 989 2680 1058 Martialis,
2712 989 2861 1045 libro
2893 1007 2973 1056 x1,
3005 989 3190 1061 epigr.
3224 990 3332 1045 32:

2259 1098 2440 1146 Fuisse
2472 1111 2674 1159 gerres,
2706 1101 2799 1145 aut
2828 1096 3044 1146 inutiles
3070 1109 3271 1145 maenas

2259 1160 2401 1209 Odor
2432 1160 2733 1223 impudicus
2764 1161 2909 1209 urcei
2938 1159 3223 1209 fatebatur.

2070 1260 2228 1315 Idem
2261 1259 2365 1314 lib.
2399 1277 2477 1327 x1,
2512 1260 2693 1330 epigr.
2728 1260 2831 1315 32:

2223 1367 2286 1415 Et
2315 1366 2543 1415 caudam
2574 1366 2733 1429 cybii,
2765 1366 3059 1429 brevesque
3088 1378 3287 1415 maenas

2065 1466 2279 1532 Cicero,
2317 1467 2463 1520 libro
2500 1483 2537 1519 II
2571 1466 2647 1519 De
2678 1466 2935 1520 finibus:
2972 1485 2999 1513 ‹‹
3022 1465 3115 1518 his
3143 1464 3279 1518 licet
3316 1462 3529 1529 dicere,
3560 1478 3621 1518 se
3652 1480 3719 1518 a-

2064 1556 2424 1627 cipenserem
2458 1571 2660 1609 maenae
2693 1571 2807 1609 non
2839 1558 3210 1624 anteponere.
3237 1574 3264 1600 ››
3288 1552 3535 1618 Plinius,
3566 1551 3714 1607 libro

2062 1664 2137 1715 'x,
2172 1647 2361 1717 capite
2388 1647 2475 1699 26:
2508 1669 2533 1693 «
2564 1643 3329 1699 Mutantcoloremcandidaa
3363 1642 3552 1697 hieme
3572 1659 3710 1696 mae-

2066 1754 2173 1801 naa,
2197 1742 2252 1791 et
2277 1738 2422 1790 tiunl
2444 1740 2641 1790 testate
2664 1735 2968 1806 nigriores.
2992 1758 3018 1783 ››
3035 1733 3298 1788 Meminit
3314 1748 3515 1787 earum
3531 1733 3708 1788 etiam

300 1796 370 1850 15
484 1812 647 1898 “if”
676 1798 739 1894 δή
769 1793 871 1898 Μῗξ
962 1791 1479 1898 ῙΠΞῨῘίἾΫἛὴᾏβἹ
1508 1791 1951 1898 θιὲθζβξξίῗῗ
1981 1818 2029 1883 Β
2061 1791 2207 1882 libro
2238 1844 2412 1896 xxxu,
2447 1827 2635 1898 capite
2656 1791 2812 1893 8-12,
2846 1827 3107 1892 Persius,
3138 1825 3346 1896 Satyra
3374 1826 3443 1877 3:

294 1883 733 1941 centioribusin
750 1898 816 1939 ea
832 1881 1245 1937 fuitsententia
1257 1880 1539 1935 Martinus
1564 1880 1632 1935 de
1656 1879 1951 1952 Magistris

290 1976 499 2030 doctor
514 1972 891 2039 Sorbonicus,
914 1974 1165 2026 tractatu
1188 1976 1262 2025 De
1287 1971 1650 2037 fortitudine,
1669 1973 1875 2040 quaest.
1896 1985 1949 2038 V,

289 2063 374 2119 De
400 2061 702 2135 martyrio,
722 2078 893 2133 quem
918 2061 1136 2117 refutat
1158 2061 1492 2131 Cajetanus,
1519 2059 1574 2113 in
1602 2061 1714 2122 2-2,
1742 2076 1799 2130 q.
1827 2059 1948 2127 124,

288 2153 460 2209 artic.
484 2154 539 2223 5,
592 2153 662 2207 ad
698 2152 953 2207 Dubium
1003 2152 1055 2205 3.
1109 2148 1367 2205 Marulus
1410 2166 1662 2221 quoque,
1717 2148 1819 2203 lib.
1871 2166 1948 2219 Iv,

286 2261 420 2315 cap.
448 2244 503 2307 4,
539 2241 911 2297 mendacium
961 2240 1288 2295 officiosum
1341 2238 1621 2306 admittit,
1652 2237 1772 2293 imo
1805 2254 1951 2309 pene

286 2332 570 2388 omnibus
601 2330 780 2387 videri
815 2330 896 2385 ait
942 2329 1304 2401 Augustinus
1326 2328 1428 2393 lib,
1454 2346 1535 2399 III,
1556 2327 1826 2399 qumst.in
1852 2327 1951 2382 Le-

284 2424 415 2489 Vit.,
449 2438 580 2493 cap.
622 2422 692 2476 68

356 2566 550 2621 Omne
573 2568 769 2619 autem
803 2562 1199 2627 mendacium,
1232 2563 1405 2618 etiam
1440 2562 1791 2630 ofﬁciosum,
1826 2561 1947 2617 illi-

283 2655 476 2710 citum
510 2669 639 2709 esse
669 2654 835 2707 docet
873 2653 1066 2707 divius
1097 2652 1374 2719 Thomas,
1407 2652 1525 2716 2-2,
1554 2669 1606 2722 q.
1649 2652 1732 2719 10,
1766 2655 1872 2707 art.
1890 2652 1944 2719 3,

283 2750 343 2801 et
375 2742 746 2814 Augustinus
771 2741 874 2797 lib.
900 2747 977 2797 De
998 2741 1319 2805 mendacio,
1342 2746 1399 2797 et
1417 2740 1517 2796 lib.
1544 2743 1757 2797 Contra
1781 2757 1947 2796 men-

287 2833 554 2897 dacium,
587 2837 645 2887 et
672 2831 844 2903 epist.
878 2832 947 2885 86
978 2836 1034 2885 et
1060 2831 1153 2897 97,
1186 2831 1338 2901 apud
1376 2830 1789 2901 Hieronymum
1816 2830 1942 2899 jam

279 2922 525 2989 citatis;
550 2926 607 2976 et
634 2920 693 2975 in
719 2920 940 2975 Decreti
975 2924 1140 2993 parte
1174 2937 1234 2985 II,
1260 2936 1438 2973 causa
1466 2922 1555 2984 22,
1583 2936 1640 2989 q.
1664 2920 1719 2984 2,
1751 2919 1942 2990 capite

283 3012 374 3081 14,
410 3012 487 3066 Ne
516 3010 639 3082 quis
670 3010 997 3078 arbitretur,
1052 3007 1340 3079 allegatur
1372 3026 1439 3062 ex
1496 3008 1847 3079 Augustino,
1883 3008 1939 3063 in

278 3101 433 3171 psal.
467 3117 525 3169 v,
540 3100 693 3171 quod
711 3116 813 3170 pro
831 3097 1136 3169 temporali
1159 3098 1273 3152 vita
1288 3096 1539 3166 alicujus
1562 3096 1758 3152 nullus
1777 3114 1939 3152 men-

2152 1935 2430 1999 Maanaque
2462 1935 2607 1997 quod
2642 1935 2811 1997 prima
2843 1934 3087 1983 nondum
3117 1933 3371 1983 defecerit
3398 1947 3540 1982 orca.

2060 2034 2374 2101 Arnobius,
2394 2032 2493 2087 lib.
2514 2049 2606 2087 III:
2629 2055 2656 2083 ‹‹
2680 2032 2987 2104 Neptunus
3001 2031 3307 2104 pistricum
3333 2030 3608 2086 dominus
3630 2033 3716 2085 at-

2060 2139 2172 2196 que
2206 2138 2551 2177 maanarum.
2588 2144 2616 2171 »
2642 2122 2927 2193 Oppiano,
2961 2121 3067 2188 lib,
3101 2138 3119 2176 I
3151 2121 3367 2176 dicitur
3400 2116 3600 2191 μαινίς.

2132 2212 2561 2268 Diciturautem
2578 2210 2793 2278 ἀπὸτῆς
2828 2210 3045 2283 μανίας,
3070 2211 3226 2282 quod
3259 2210 3455 2265 Dianae
3481 2210 3632 2281 (quas
3654 2212 3712 2264 et

2058 2302 2291 2369 Hecate,
2324 2318 2453 2372 quae
2484 2297 2674 2371 μανίας
2706 2300 2907 2365 causa)
2941 2299 3079 2355 olim
3124 2315 3291 2354 sacer
3340 2302 3515 2354 esset.
3566 2297 3711 2355 Vide

2056 2392 2421 2459 Athenaeum,
2452 2389 2555 2444 lib.
2586 2407 2689 2455 VII,
2716 2394 2772 2444 et
2796 2388 3167 2444 Eustathium
3193 2387 3363 2442 Iliad.
3386 2385 3438 2441 ά.
3470 2387 3551 2441 De
3573 2403 3710 2441 mae-

2056 2481 2149 2536 nis
2172 2480 2347 2535 etiam
2374 2478 2760 2549 Dioscorides,
2794 2479 2895 2535 lib.
2932 2495 2991 2549 II,
3024 2494 3154 2548 cap,
3186 2477 3275 2545 31,
3300 2481 3358 2532 et
3378 2475 3709 2531 Alexander

2055 2569 2412 2635 Trallianus,
2445 2568 2595 2624 libro
2621 2584 2739 2624 VIII.

2123 2665 2397 2716 MENSIUM
2424 2676 2663 2714 meum.
2700 2658 2845 2724 Quia
2901 2657 2997 2712 hic
3028 2657 3336 2729 aliquoties
3396 2655 3615 2711 mentio
3641 2656 3706 2710 fit

2053 2749 2342 2805 mensium
2375 2748 2769 2819 {Egyptiorum
2804 2747 2904 2817 qui
2926 2746 3157 2801 variant
3189 2763 3220 2801 a
3244 2746 3522 2800 Romanis
3541 2761 3704 2800 men-

2051 2839 2237 2903 sibus,
2269 2838 2417 2893 dabo
2449 2836 2543 2891 hic
2568 2854 2631 2891 ex
2660 2837 2814 2891 Beda
2836 2852 3039 2891 eorum
3060 2837 3211 2890 inter
3232 2851 3293 2891 se
3324 2832 3707 2904 comparatio-

2052 2944 2207 2983 nem.
2244 2928 2399 2981 Beda
2430 2926 2627 2994 igitur,
2660 2930 2819 2981 tomo
2852 2926 2925 2995 II,
2958 2924 3106 2979 libro
3136 2930 3217 2980 De
3250 2928 3581 2994 temporum
3612 2940 3702 2978 ra-

2049 3018 2226 3087 tione,
2260 3033 2386 3086 cap.
2422 3031 2516 3069 Ix:
2566 3015 2835 3087 Egyptii,
2890 3014 2989 3085 qui
3041 3013 3217 3086 primi
3276 3017 3512 3084 propter
3545 3013 3699 3067 ocio~

2049 3124 2170 3162 rem
2199 3105 2347 3160 lunae
2380 3105 2738 3169 discursum,
2775 3119 2845 3157 ne
2873 3102 3146 3157 videlicet
3174 3118 3335 3158 error
3374 3100 3703 3157 calculandi

275 3191 377 3245 tiri
404 3190 631 3245 debeat.
654 3189 775 3252 Quo
794 3187 1032 3259 respicit
1050 3187 1374 3242 Alexander
1396 3188 1494 3253 III,
1521 3186 1577 3241 in
1604 3186 1752 3242 libro
1773 3191 1932 3242 vDe-
1967 3190 2009 3259 ο
2048 3197 2177 3267 ejus
2205 3194 2509 3250 velocitate
2542 3194 2903 3265 gigneretur,
2937 3192 3009 3246 ad
3035 3191 3176 3247 solis
3208 3208 3469 3258 cursum,
3530 3191 3701 3261 cujus

276 3276 587 3334 cretaIium
615 3277 873 3345 Gregorii
899 3275 991 3342 IX,
1018 3276 1103 3331 tit.
1127 3277 1213 3345 19,
1244 3277 1315 3330 De
1335 3276 1687 3348 usuris,cap.
1712 3276 1744 3330 4
1766 3276 1943 3347 Super

277 3384 361 3433 eo,
399 3367 500 3421 ubi
528 3384 661 3421 cum
694 3366 837 3421 dicit
859 3383 963 3438 per
983 3366 1343 3436 Scripturam
1367 3382 1592 3420 sacram
1618 3365 1935 3437 prohiberi,

278 3473 387 3528 pro
401 3455 645 3511 alterius
664 3454 783 3510 vita
799 3454 1051 3523 mentiri,
1072 3454 1297 3509 videtur
1311 3454 1633 3526 intelligere
1650 3455 1938 3527 scriptum

280 3546 443 3601 istud
460 3544 1025 3617 Augustini.Eodem
1054 3553 1243 3599 tamen
1272 3542 1395 3598 loco
1427 3544 1820 3615 Decreti,cap.
1843 3546 1935 3612 21,

279 3651 351 3689 ex
386 3634 757 3703 Hieronymo,
782 3634 853 3689 ad
886 3634 1071 3689 Galat.
1096 3649 1159 3703 II,
1194 3632 1359 3688 utilis
1379 3631 1595 3687 dicitur
1614 3632 1931 3699 simulatio,

271 3730 332 3780 et
356 3725 419 3779 in
451 3730 717 3796 tempore
746 3723 1134 3779 admittenda.

346 3852 613 3921 Adverte,
630 3851 774 3907 mire
788 3850 860 3906 ab
875 3850 1215 3906 auctoribus
1229 3849 1511 3905 confundi
1535 3855 1591 3904 et
1613 3849 1776 3905 citari
1803 3849 1934 3905 Ori-

266 3957 477 4012 genem
511 3958 614 4011 pro
648 3940 756 3995 hac
783 3942 1096 3995 sententia.
1129 3939 1277 4004 Quia
1307 3939 1462 3994 enim
1516 3940 1929 4011 Hieronymus,

265 4030 438 4102 epist.
470 4031 543 4084 65
571 4030 643 4084 ad
686 4029 1130 4085 Pammachium
1163 4033 1219 4084 et
1240 4029 1555 4100 Oceanum,
1581 4029 1720 4085 citat
1769 4030 1929 4086 Stro-

264 4126 502 4176 mateon
537 4119 753 4174 librum
776 4136 831 4173 VI
862 4118 1259 4190 Origenis,ubi
1293 4118 1411 4189 agit
1441 4120 1511 4174 de
1544 4120 1930 4184 mendacio,et

263 4210 422 4265 idem
457 4209 668 4281 repetit
715 4208 996 4281 Apologia
1045 4214 1247 4264 contra
1303 4208 1625 4275 Rufﬁnum,
1685 4226 1811 4279 cap.
1871 4210 1925 4278 4,

264 4300 437 4369 epist.
470 4316 602 4354 vero
632 4300 721 4366 89,
746 4300 816 4353 ad
850 4300 1271 4370 Augustinum,
1304 4297 1440 4352 citat
1468 4299 1837 4353 Stromateon
1860 4296 1928 4351 li-

264 4390 440 4444 brum
473 4407 529 4456 x,
563 4406 690 4459 quae
724 4386 1030 4460 epistolam
1065 4386 1229 4442 Pauli
1260 4388 1328 4441 ad
1363 4386 1600 4442 Galatas
1628 4386 1922 4458 explanat.

266 4482 413 4533 Puto
448 4480 568 4532 haec
600 4478 677 4532 ita
708 4477 974 4532 coniliari
1006 4492 1205 4549 posse,
1240 4476 1826 4531 utdicamusdecimo
1849 4474 1920 4528 li-

259 4568 368 4622 bro
398 4568 769 4622 Stromateon
793 4539 1315 4621 haberi‘verbailla
1346 4565 1612 4635 Origenis
1636 4582 1765 4635 quae
1791 4564 1921 4619 Hie-
1952 4561 1998 4626 D
2232 4539 2435 4635 fil“.th

255 4672 542 4727 ronymus
574 4655 714 4709 citat
739 4671 807 4709 ex
837 4653 937 4709 lib.
970 4671 1026 4708 VI
1059 4654 1443 4709 Stromateon.
1482 4655 1591 4708 Sed
1644 4654 1912 4707 existimo

258 4745 683 4817 Hieronymum
716 4760 919 4798 vocare
952 4748 1180 4797 sextum
1212 4743 1608 4807 Stromateon,
1642 4743 1780 4814 quia
1812 4742 1914 4797 de-

256 4835 475 4889 cimum
502 4832 673 4887 illum
698 4830 1718 4903 Stromateonlibrum,quiversatur
1741 4831 1797 4885 in
1824 4848 1915 4886 ex-

254 4922 595 4997 planatione
616 4921 884 4993 Epistolas
901 4921 973 4975 ad
992 4920 1247 4990 Galatas,
1264 4920 1802 4992 adjungitquinque
1824 4937 1916 4975 vo-

256 5012 588 5068 luminibus
621 5027 748 5081 quae
780 5010 1013 5081 proprie
1040 5009 1274 5080 scripsit
1296 5010 1571 5081 Origenes
1600 5009 1656 5063 in
1681 5008 1911 5081 Episto-

249 5102 364 5157 lam
381 5103 451 5157 ad
467 5100 727 5168 Galatas;
745 5104 919 5171 atque
935 5101 1013 5153 ita
1028 5098 1289 5154 decimus
1302 5098 1399 5154 ille
1414 5100 1728 5169 adjunctus
1743 5098 1912 5170 quin-

254 5191 512 5264 queillis
545 5196 637 5245 est
666 5193 866 5244 sextus
890 5188 1367 5259 explanationum
1392 5189 1449 5242 in
1483 5188 1798 5256 Epistolam
1837 5188 1909 5241 ad

252 5279 711 5337 Galatas.Verba
724 5279 851 5349 ejus
866 5277 1125 5348 epistola:
1139 5278 1208 5331 89
1222 5283 1378 5333 sunt:
1405 5278 1690 5349 «Scripsit
1709 5277 1908 5347 Orige-

248 5387 356 5426 nes
370 5372 427 5424 in
442 5366 764 5441 Epistolam
782 5366 941 5422 Pauli
958 5368 1027 5421 ad
1049 5366 1281 5422 Galatas
1297 5368 1557 5439 quinque
1574 5367 1803 5438 propria
1817 5382 1911 5419 vo-

247 5456 869 5527 lumina;etdecimum
884 5462 1497 5513 Stromatumsuorum
1515 5458 1911 5524 librum,com-

250 5551 470 5607 matico
488 5563 670 5619 super
688 5546 1097 5619 explanatione
1110 5548 1158 5618 ej
1170 5564 1236 5603 us
1248 5564 1517 5603 sermone
1540 5546 1906 5619 complevit.»

326 5710 685 5768 “exoramus.
720 5707 888 5763 Libro
914 5724 933 5762 ι
964 5707 1023 5762 in
1053 5707 1187 5763 Vita
1218 5708 1403 5765 sancti
1439 5709 1683 5765 Joannis
1743 5707 1907 5764 Elee—

2048 3290 2243 3341 motus
2275 3284 2498 3339 tardior
2528 3282 2757 3338 facilius
2790 3286 3017 3353 poterat
3074 3280 3514 3351 comprehendi,
3561 3297 3701 3335 suos

2046 3390 2278 3430 menses
2310 3377 2515 3445 putare
2546 3376 2867 3444 coeperunt,
2902 3376 3140 3439 sumpto
3159 3370 3231 3425 ab
3255 3368 3525 3424 autumni
3549 3373 3697 3423 tem-

2044 3478 2182 3534 pore
2214 3462 2555 3533 primordio,
2589 3460 2829 3515 tricenis
2861 3460 2970 3514 bos
3019 3458 3349 3530 produntur
3393 3456 3696 3513 includere

2043 3552 2271 3607 diebus.
2305 3554 2563 3616 Quorum
2597 3550 2826 3621 primus
2858 3548 3101 3604 mensis.

2116 3650 2166 3704 1.
2250 3647 2414 3701 Thoth
2715 3663 2771 3701 Iv
2802 3647 2921 3701 Kal.
2965 3645 3397 3717 Septembrium
3584 3643 3692 3713 (29)

2109 3740 2165 3793 2.
2242 3737 2435 3806 Phaoﬁ
2710 3752 2764 3789 Iv
2796 3733 2920 3789 Kal.
2964 3734 3193 3789 Octobr.
3578 3730 3694 3802 (28)

2110 3828 2164 3883 3.
2242 3824 2402 3880 Athir
2732 3841 2765 3879 v
2798 3823 2917 3878 Kal.
2960 3823 3269 3878 Novembr.
3580 3820 3693 3891 (28)

2110 3917 2160 3971 4.
2240 3914 2451 3972 Choeac
2738 3930 2771 3967 v
2801 3912 2920 3967 Kal.
2964 3911 3268 3967 Decembr.
3578 3909 3693 3980 (27)

2106 4007 2160 4061 5.
2240 4005 2369 4075 Tybz'
2706 4018 2766 4056 VI
2797 4000 2925 4056 Kal.
2967 4001 3209 4057 Januar.
3586 3997 3695 4069 (27)

2104 4096 2159 4149 6.
2238 4093 2441 4149 Mechir
2690 4108 2768 4147 VII
2801 4092 2923 4146 Kal.
2970 4090 3246 4145 Februar.
3579 4086 3694 4158 (26)

2103 4184 2156 4238 7.
2238 4180 2581 4238 Phamenoth
2734 4198 2766 4235 v
2799 4179 2922 4235 Kal.
2968 4178 3313 4235 Martiarum
3580 4175 3694 4247 (25)

2104 4273 2159 4327 8.
2237 4270 2587 4327 Pharmulhz’
2722 4287 2774 4325 VI
2810 4269 2928 4324 Kal.
2970 4267 3262 4340 Aprilium
3580 4265 3695 4335 (27)

2100 4363 2156 4416 9.
2238 4362 2453 4416 Pachon
2713 4377 2768 4413 v1
2802 4358 2920 4413 Kal.
2961 4358 3246 4412 Maiarum
3578 4354 3692 4425 (26)

2067 4451 2153 4506 10.
2234 4452 2421 4505 Paum’
2683 4466 2760 4504 VII
2792 4448 2917 4503 Kal.
2958 4447 3276 4502 Juniarum
3575 4442 3689 4514 (26)

2686 4555 2766 4592 vII
2800 4537 2925 4592 Kal.
2964 4535 3260 4591 Juliarum
3571 4530 3684 4603 (25)

2063 4630 2149 4683 12.
2226 4628 2420 4685 Mesori
2670 4644 2773 4683 VIII
2805 4626 2929 4684 Kal.
2971 4627 3368 4696 Augustarum
3574 4620 3687 4692 (25)

2023 4727 2115 4782 die
2147 4727 2328 4782 sumit
2353 4725 2678 4781 exordium.
2712 4726 2894 4788 Quem
2926 4741 2963 4779 x
2990 4722 3386 4778 Kalendarum
3420 4720 3689 4789 Septem-

2027 4815 2220 4870 brium
2244 4814 2335 4870 die
2357 4814 3048 4879 terminantes,residuos
3072 4812 3331 4882 quinque
3346 4811 3471 4865 dies
3492 4806 3691 4861 ἐπανα-

2024 4902 2262 4977 γομὲνας
2282 4905 2369 4959 vel
2394 4904 2770 4959 intercalares
2802 4904 2922 4959 sive
2945 4902 3174 4957 additos
3195 4903 3426 4955 vocant.
3457 4897 3683 4962 Quibus

2026 4995 2197 5049 etiam
2232 4997 2441 5065 quarto
2464 5009 2616 5048 anno
2644 4992 2797 5047 diem
2822 4996 3075 5055 sextum,
3099 4989 3200 5060 qui
3232 5005 3298 5044 ex
3340 4985 3681 5058 quadranti-

2027 5083 2135 5139 bus
2159 5082 2364 5138 conﬁci
2389 5081 2557 5149 solet,
2583 5082 2923 5136 adnectunt.
2961 5080 3123 5135 Unde
3145 5079 3211 5133 Iit
3231 5082 3295 5132 ut
3313 5092 3512 5131 eorum
3540 5075 3677 5130 anni

2025 5170 2199 5242 primi
2223 5187 2254 5224 a
2279 5168 2534 5223 bissexto
2556 5185 2617 5223 III
2637 5167 2940 5223 Kalendar.
2959 5165 3312 5237 Septembr.,
3341 5163 3680 5218 ceterivero

2022 5278 2079 5315 Iv
2104 5259 2219 5315 Kal.
2245 5259 2584 5314 earumdem
2600 5258 2695 5313 die
2711 5256 3037 5311 sortiantur
3056 5254 3307 5308 initium:
3334 5251 3447 5323 ipsi
3481 5256 3679 5307 autem

2023 5347 2352 5404 bissextiles
2384 5348 2544 5415 anni,
2580 5364 2653 5413 Iv,
2688 5346 2877 5400 caeteri
2902 5362 2933 5398 v
2964 5343 3680 5398 Kalend.memoratarum

2022 5439 2114 5493 die
2139 5437 2551 5492 terminentur.
2586 5458 2612 5487 ››
2650 5436 2945 5491 Hactenus
2969 5433 3142 5499 Beda,
3176 5431 3283 5487 Ubi
3318 5436 3480 5487 notat
3502 5431 3680 5487 Joan-

2021 5544 2124 5583 nes
2135 5526 2529 5597 Noviomagus
2545 5524 2912 5589 scholiastes,
2927 5521 3193 5595 singulos
3207 5522 3499 5577 mensium
3516 5521 3681 5593 Egy'

2020 5616 2274 5689 ptiorum
2289 5620 2561 5672 constare
2582 5632 2693 5671 xxx
2723 5612 2951 5684 diebus,
2976 5617 3338 5685 postremum
3352 5628 3485 5668 vero
3505 5626 3672 5677 xxxv,

2018 5711 2077 5762 et
2103 5709 2560 5778 quartoquoque
2590 5720 2743 5760 anno
2792 5719 2982 5758 XXXVI.
3043 5703 3350 5775 Subjungo
3403 5698 3668 5756 tabulam

242 5798 597 5873 mosynarii,
630 5813 683 5858 0.
715 5798 820 5854 19:
846 5815 870 5847 ι
887 5796 1043 5853 Mille
1065 5802 1250 5855 restes
1271 5800 1625 5856 siccatorum
1648 5797 1902 5870 piscium
2009 5797 2182 5866 juxta
2210 5795 2371 5853 Bedaa
2397 5794 2756 5851 mentionem
2786 5790 3098 5865 digestam.
