4156 6328
262 368 368 423 473

990 367 1505 424 οΝοΜΔετιοοΝ
1544 367 1803 421 BERUM
1838 365 1916 418 E1

2026 361 2365 418 ERBORUM
2406 362 2961 419 DIFFICILIORUM.

3572 362 3677 419 474

261 492 397 558 lior,
432 506 466 545 a
496 488 781 545 Damasco
816 488 1052 560 oppido,
1086 488 1241 543 unde
1276 487 1437 559 prius
1470 492 1773 557 asportata
1803 490 1912 551 est,

2028 482 2133 556 ptii
2166 482 2257 543 τὰς
2315 480 2602 555 διαιρέσεις
2655 483 2750 545 τὰς
2798 482 2933 536 κατά
2989 480 3201 558 μεγάλα
3243 489 3341 552 τῆς
3393 481 3673 557 Αἰγύπτου

267 582 448 635 dicta:
482 581 655 650 cujus
688 578 881 633 solum
914 594 1154 649 pomum
1192 577 1501 633 stomacho
1535 576 1755 631 mederi
1789 593 1920 647 pro-

263 672 461 737 batur;
493 685 631 723 nam
658 673 867 723 caetera
898 668 1070 721 noxia
1104 668 1511 739 perhibentur.
1538 666 1665 721 Haec
1692 664 1817 719 sola
1834 683 1923 720 ar-

265 762 370 815 bor
400 758 634 829 gummi
664 756 1029 827 glutinosum
1088 762 1146 811 et
1199 755 1624 827 compacticum
1654 754 1925 821 distillat,

263 866 379 920 quo
405 854 463 901 et
494 847 707 901 medici
731 852 787 901 et
806 844 1123 915 scriptores
1150 850 1460 899 utuntur.»
1483 845 1626 898 Vide
1648 844 1923 909 Plinium,

261 939 364 993 lib.
394 954 525 1001 xm,
559 952 685 1005 cap.
720 936 807 1001 11,
842 935 914 989 de
938 933 1269 999 sarcocolla,
1304 934 1402 1005 qui
1437 934 1613 988 habet
1664 935 1922 1003 pictores,

263 1043 364 1099 pro
393 1025 706 1096 scriptores.
746 1024 929 1091 Idem,
966 1023 1070 1077 lib.
1095 1024 1435 1094 xxn,capite
1464 1024 1570 1076 25:
1608 1045 1633 1071 «
1658 1026 1802 1077 Cum
1838 1038 1924 1075 ro-

268 1131 440 1171 saceo
472 1130 608 1170 vero
640 1119 696 1169 et
722 1113 853 1177 fico,
886 1114 1066 1179 sicca,
1100 1113 1405 1185 myxisque
1464 1111 1682 1167 decocti
1733 1112 1921 1165 t'urt‘ua

263 1221 351 1259 res
374 1203 602 1275 (tritici)
627 1201 879 1257 tonsillis
906 1202 1293 1271 faucibusque
1315 1199 1775 1271 gargarizatione
1798 1215 1923 1269 pro-

262 1298 423 1349 sunt.
459 1314 487 1342 »
521 1291 665 1346 Vide
698 1294 761 1345 ut
793 1289 1222 1355 Dioscoridem,
1251 1290 1351 1344 lib.
1387 1306 1426 1357 ι,
1455 1306 1561 1360 cap
1598 1290 1717 1344 1'75.
1750 1288 1922 1343 Glos-

264 1383 490 1439 sarium
523 1380 995 1436 Camberonense
1028 1383 1135 1434 Ms.
1165 1395 1179 1433 :
1204 1400 1232 1427 «
1266 1378 1411 1433 Nixa
1434 1382 1522 1433 est
1552 1394 1737 1449 genus
1759 1378 1922 1432 arbo-

267 1473 368 1535 ris,
402 1488 437 1525 a
463 1469 855 1525 similitudine
885 1467 1038 1522 enixi
1066 1468 1223 1521 dicta
1274 1468 1521 1533 fructus,
1558 1489 1584 1514 »
1644 1466 1797 1537 quod
1853 1483 1921 1520 ex

269 1560 487 1615 Isidoro
520 1557 961 1613 adumbratam.
994 1556 1073 1610 Ad
1101 1572 1276 1626 quem
1314 1559 1475 1610 notat
1498 1554 1733 1609 Grialus
1756 1554 1921 1610 scho-

269 1650 486 1704 liastes:
514 1648 579 1702 In
614 1646 878 1717 margine
912 1646 1143 1701 Codicis
1190 1645 1439 1699 Romani
1499 1644 1686 1699 sancti
1743 1643 1917 1709 Petri,

267 1738 385 1793 haec
408 1737 609 1792 addita
642 1735 927 1806 reperisse
962 1752 1045 1803 se,
1073 1737 1169 1791 sed
1226 1736 1431 1789 eadem
1494 1751 1668 1789 manu
1728 1735 1919 1787 aiebat

2034 570 2170 644 μέρη
2204 572 2504 627 divisiones
2523 590 2852 641 magnarum
2879 574 3084 628 1043
3124 574 3373 641 partium
3418 574 3680 645 appella-

2032 663 2172 715 bant
2198 660 2422 729 νομούς.
2457 660 2656 731 Nepai.
2722 680 2852 717 vero
2876 663 3287 716 dividebantur
3317 663 3375 716 in
3408 662 3678 735 τοπαρχί-

2030 770 2112 815 ας,
2147 756 2204 805 et
2240 752 2319 803 hae
2381 750 2435 803 in
2472 750 2617 806 alias
2672 751 2845 822 τομὰς
2903 770 3005 807 seu
3060 753 3372 817 sectiones,
3424 769 3676 823 quarum

2031 842 2286 895 minimae
2319 850 2483 896 erant
2517 840 2763 915 ἄρουραι.
2802 845 3005 914 Itaque
3039 845 3145 898 hoc
3191 845 3245 898 in
3308 844 3431 899 loco
3474 855 3677 914 septem

2028 932 2223 984 nomia
2257 931 2594 1001 accipienda
2623 934 2900 987 videntur
2932 950 3031 1003 pro
3064 938 3286 1004 septem
3322 934 3677 988 aruriscon-

2020 1020 2268 1089 junctis.
2306 1021 2813 1084 Quemadmodum
2847 1023 3099 1077 Thebais
3145 1027 3201 1077 et
3238 1022 3404 1077 Delta
3460 1022 3677 1076 divides

2030 1108 2246 1163 bantur
2276 1109 2333 1162 in
2369 1111 2567 1166 decem
2632 1128 2860 1181 nemos,
2908 1117 2965 1165 et
3014 1111 3362 1166 intermedia
3418 1110 3674 1165 solitudo

2028 1197 2397 1252 dividebatur
2427 1199 2484 1252 in
2520 1200 2759 1270 triginta
2792 1216 3034 1265 nomos;
3070 1204 3149 1255 ita
3205 1200 3475 1255 existimo
3533 1200 3674 1270 Scy-

2028 1285 2181 1340 thim
2219 1288 2468 1342 divisam
2505 1288 2685 1342 fuisse
2710 1288 2767 1343 in
2802 1289 3063 1344 diversos
3117 1307 3321 1345 nomos
3359 1307 3373 1357 ;
3425 1305 3675 1360 quorum

2030 1392 2203 1444 unus,
2240 1378 2310 1431 de
2344 1394 2457 1447 quo
2484 1378 2575 1431 hic
2609 1396 2817 1433 sermo.
2855 1379 3078 1434 divisus
3125 1381 3299 1434 fuerit
3356 1380 3413 1433 in
3464 1383 3679 1449 septem

2024 1468 2231 1533 nomia,
2268 1466 2323 1520 id
2361 1472 2449 1521 est
2480 1485 2683 1522 aruras
2717 1486 2816 1523 seu
2853 1485 3044 1541 agros;
3079 1469 3177 1539 qui
3212 1468 3295 1523 vel
3346 1467 3672 1539 pascuales,

2027 1554 2083 1607 in
2102 1556 2317 1625 quibus
2336 1556 2529 1611 fenum
2555 1558 3067 1623 demetebatur;vel
3090 1558 3481 1627 arabiles,deq
3496 1557 3668 1611 uibus

2027 1642 2117 1697 hic
2146 1645 2359 1715 agitur.
2400 1647 2662 1701 Fortasse
2699 1666 2811 1702 non
2846 1648 2989 1701 dixit
3014 1649 3390 1718 hcplanomia,
3426 1647 3522 1700 sed
3556 1662 3671 1715 sep-

2020 1734 2127 1785 tem
2162 1734 2387 1788 nomina
2412 1741 2489 1803 (et
2524 1737 2569 1790 si
2605 1738 2806 1791 eadem
2841 1738 2916 1792 sit
2951 1737 3258 1809 utriusque
3290 1734 3670 1807 significatio)

265 1828 489 1883 Chacon
524 1843 536 1880 :
574 1848 601 1875 ‹‹
638 1825 798 1879 Hanc
831 1826 1098 1880 arborem
1132 1824 1379 1879 Romani
1405 1829 1612 1879 vocant
1636 1840 1910 1895 prunum.
1945 1844 1991 1909 B
2026 1826 2088 1874 ut
2122 1822 2511 1894 distingueret
2544 1826 2614 1879 ab
2646 1830 3047 1897 Ileptanomos
3070 1844 3169 1880 seu
3197 1823 3669 1896 Hcptanomia,in

264 1916 501 1986 Hispani
536 1915 761 1980 nixum,
799 1914 1093 1982 Wandali,
1137 1919 1194 1969 et
1244 1912 1438 1977 Gothi,
1494 1919 1551 1967 et
1608 1913 1799 1982 Suevi,
1860 1917 1917 1966 et

263 2004 494 2060 Gallsaci
526 2004 854 2059 caeruleam.
890 2026 917 2053 »
958 2003 1235 2057 Retinent
1271 2002 1443 2057 hodie
1464 2002 1709 2072 vestigia
1736 2001 1914 2071 hujus

268 2096 422 2150 vocis
458 2094 718 2149 Lusitani
742 2098 799 2148 et
830 2091 1088 2160 Gallaeci,
1123 2092 1219 2162 qui
1258 2108 1449 2162 pruna
1469 2091 1664 2146 omnia
1694 2106 1917 2146 amevas

263 2182 383 2237 sive
410 2182 657 2238 amcivas
691 2182 915 2236 dicunt.
952 2185 1020 2235 Et
1052 2181 1206 2252 apud
1245 2180 1643 2246 Aurelianum,
1696 2178 1796 2235 lib.
1860 2195 1916 2233 1v

261 2272 458 2340 Tard.,
505 2290 632 2344 cap.
666 2274 700 2325 8
734 2289 745 2325 :
774 2294 801 2321 ‹‹
837 2272 943 2326 Pro
976 2271 1313 2324 decoctione
1344 2286 1628 2323 noxarum
1677 2272 1734 2323 et
1792 2268 1914 2340 gly-

263 2361 556 2433 cyrrhizae;
586 2378 856 2416 mxarum
887 2376 992 2430 ego
1026 2358 1145 2430 leg»
1160 2376 1299 2413 rem.
1332 2359 1494 2421 Quod
1526 2362 1719 2412 autem
1750 2374 1918 2427 myxa

265 2468 365 2523 pro
400 2451 542 2506 nixa
576 2452 889 2522 legendum
922 2448 1166 2519 quidam
1202 2448 1586 2513 contendunt,
1642 2465 1710 2502 ex
1742 2446 1918 2502 Paulo

266 2540 527 2612 Egineta
559 2541 707 2595 libro
739 2556 841 2607 VII,
870 2537 1045 2608 Μύξα,
1078 2533 1299 2611 δένδρου
1331 2535 1538 2611 καρπός
1566 2534 1921 2609 ἐστιμικρότ-

270 2649 387 2702 spec
423 2629 518 2701 μὲν
547 2632 652 2681 τῶν
680 2625 1076 2699 κοκκυμήλων,
1112 2623 1336 2699 δυνάμει
1399 2624 1456 2680 δὲ.
1514 2623 1918 2701 παραπλήσιος,

270 2719 577 2773 confirmat
607 2718 761 2789 quod
794 2719 862 2771 de
894 2716 1162 2772 Gallaecis
1187 2716 1483 2784 diximus;
1508 2733 1643 2771 nam
1672 2715 1805 2770 min
1838 2714 1921 2769 lo-

269 2824 423 2877 cum,
453 2825 513 2877 n,
547 2812 650 2862 aut
680 2807 859 2862 etiam
885 2811 1109 2875 contra,
1139 2806 1197 2861 in
1232 2805 1435 2862 multis
1493 2806 1733 2861 vocibus
1787 2822 1927 2860 suc-

269 2897 517 2951 cessisse
560 2897 779 2967 passim
806 2895 1091 2950 videmus.
1129 2918 1157 2944 »
1218 2895 1514 2950 Hactenus
1573 2894 1805 2949 Grialus
1866 2895 1923 2949 in

275 2986 586 3040 Isidorum.
603 2984 908 3055 Μυσίαι)ωο
931 2984 1107 3038 etiam
1128 2986 1387 3054 myxaria
1406 2983 1924 3050 dicta.Cassianus,

283 3074 473 3130 collat.
502 3091 624 3144 vm,
660 3091 784 3145 cap.
822 3075 845 3127 1
876 3091 889 3129 :
930 3094 955 3125 α
986 3074 1123 3128 Post
1169 3074 1291 3127 haec
1326 3072 1708 3145 superintulit
1742 3072 1930 3127 canis-

272 3168 424 3218 trum
477 3163 702 3218 habens
761 3163 912 3218 cicer
989 3162 1243 3228 frictum,
1308 3164 1460 3233 quod
1529 3161 1612 3216 illi
1671 3161 1918 3233 trogalia

264 3256 496 3323 vocant,
528 3270 597 3307 ex
624 3252 845 3323 quibus
869 3254 1051 3323 quina
1070 3257 1295 3307 tantum
1317 3252 1685 3323 sumpsimus
1709 3269 1912 3323 grana,

269 3342 528 3415 myxaria
559 3342 719 3405 bina,
749 3342 971 3397 caricas
1001 3342 1290 3411 singulas.
1316 3364 1342 3391 ››
1381 3342 1444 3395 In
1479 3341 1649 3396 veteri
1712 3340 1916 3395 Lexico

266 3436 523 3497 notatur,
558 3435 732 3501 Myxa
762 3436 818 3485 et
849 3432 1131 3502 myxariu,
1166 3431 1319 3502 apud
1356 3430 1704 3485 recentiores
1732 3430 1920 3497 ιρι-εε-

266 3536 364 3575 cos
397 3519 683 3587 medicos,
717 3536 845 3575 esse
878 3519 1104 3574 minora
1137 3520 1344 3589 prunis
1376 3520 1754 3575 Damascenis
1812 3536 1918 3573 nu-

264 3609 387 3665 cleo
427 3610 593 3665 intus
622 3610 994 3681 triangulari.

330 3699 628 3755 Nomcus.
664 3699 964 3765 Moschus,
991 3699 1163 3755 Prato
1195 3698 1513 3771 spirituali,
1577 3715 1704 3770 cap.
1768 3698 1868 3752 193
1898 3714 1917 3752 .-

267 3812 285 3837 ι
324 3789 648 3844 Accersivit
677 3789 880 3860 itaque
930 3789 1240 3843 Nomicum
1302 3805 1402 3843 seu
1452 3790 1916 3860 dispensatorem

264 3878 656 3934 sanctissimas
689 3878 932 3934 eclesize.
964 3900 991 3927 »
1019 3878 1219 3950 Ἥγαγε
1240 3877 1329 3929 τὸν
1360 3876 1599 3947 Νομικὸν
1622 3882 1720 3945 τῆς
1752 3877 1916 3949 ἁγιω-

262 3967 434 4036 τάτης
465 3964 786 4036 ἐκκλησίας.
817 3969 984 4024 Varia
1028 3966 1243 4022 Nomici
1297 3967 1699 4037 interpretatio
1761 3967 1916 4038 apud

264 4057 678 4129 Curopalatam
730 4058 787 4112 in
838 4062 1039 4113 octava
1092 4058 1345 4112 Pentade
1405 4056 1754 4125 officiorum;
1817 4056 1916 4110 ubi

267 4153 401 4218 post
454 4146 850 4218 primicerium
909 4146 1177 4202 lectorum
1239 4146 1479 4218 ponitur
1534 4146 1589 4199 '0
1646 4144 1913 4216 Νομικὸς,

257 4252 433 4306 quem
464 4235 721 4291 Joannes
751 4236 968 4291 Citrius
995 4237 1224 4291 videtur
1281 4252 1487 4291 vocare
1535 4230 1914 4305 νομμοδότην,

260 4327 428 4395 quasi
462 4326 947 4381 nummidatorem.
978 4326 1128 4381 Sane
1177 4325 1285 4380 hoc
1344 4325 1469 4381 loco
1524 4325 1757 4379 videtur
1814 4340 1916 4395 per

254 4414 507 4486 Νομικὸν
541 4416 914 4487 dispensator
944 4415 1032 4470 vel
1085 4414 1185 4487 qui
1246 4432 1447 4469 curam
1500 4413 1795 4469 rationum
1855 4417 1915 4468 et

258 4504 599 4561 chartarum
636 4505 830 4573 habet,
865 4504 1138 4576 intelligi.
1177 4504 1321 4559 Vide
1379 4504 1715 4559 Gretserum
1776 4520 1909 4558 nos-

2023 1927 2139 1980 qua
2169 1910 2375 1966 Oasitae
2436 1914 2688 1968 eremitee
2723 1916 3035 1986 degebant,
3069 1933 3136 1970 ex
3168 1916 3436 1985 Opposito
3470 1912 3672 1967 solitu-

2021 1999 2176 2054 dinis
2210 2001 2441 2072 Scythis
2475 2022 2488 2070 ;
2525 2003 2676 2057 inter
2708 2010 2987 2074 utrosque
3013 2004 3170 2059 enim
3204 2004 3508 2073 interjacet
3530 2001 3668 2056 Ma:-

2021 2088 2102 2143 ris
2135 2106 2236 2144 seu
2272 2090 2450 2159 Myris
2484 2096 2781 2162 stagnum.
2819 2094 2900 2146 fta
2934 2091 3048 2147 ille.

2093 2178 2255 2233 NONA
2316 2197 2484 2234 nona.
2520 2180 2597 2235 Ea
2629 2181 2861 2253 synaxis
2896 2181 3112 2252 expleri
3144 2180 3335 2235 solita.
3367 2180 3499 2234 Vita
3550 2182 3667 2234 Ma-

2023 2268 2163 2321 carii
2198 2270 2462 2333 Romani,
2493 2271 2681 2341 capite
2710 2273 2777 2325 3:
2817 2294 2843 2321 ‹‹
2881 2276 3029 2325 Hora
3064 2288 3220 2325 nona
3263 2270 3517 2341 quadam
3575 2269 3669 2322 die

2024 2356 2222 2426 synaxi
2256 2357 2498 2427 expleta.
2528 2382 2554 2407 ››
2583 2364 2657 2413 Ea
2687 2360 2862 2413 etiam
2888 2359 3183 2429 jejunium
3218 2358 3502 2429 resignari
3527 2357 3668 2411 soli-

2024 2448 2173 2498 tum.
2207 2444 2336 2500 Vita
2356 2447 2613 2516 Antonii,
2640 2448 2831 2518 capite
2860 2449 2929 2501 37
2958 2465 2968 2501 :
3006 2470 3032 2495 ‹‹
3070 2447 3222 2502 Hora
3253 2446 3484 2501 circiter
3516 2462 3669 2500 nona

2026 2549 2157 2587 cum
2218 2540 2351 2591 ante
2402 2537 2600 2591 cibum
2650 2554 2815 2592 orare
2867 2537 3159 2609 caspisset.
3210 2557 3234 2587 ν
3298 2535 3675 2590 Prudentius.

2027 2620 2247 2691 hymno
2279 2623 2347 2679 40
2375 2622 2498 2698 περὶ
2534 2622 2761 2701 Στεφάν.

2184 2776 2449 2849 Quosdam
2488 2779 2559 2849 de
2584 2782 2785 2849 pOpulo
2806 2782 2951 2849 videt
2981 2782 3230 2831 sacerdos

2184 2838 2481 2912 bibandum
2498 2838 2599 2912 sibi
2627 2838 2877 2906 poculum
2909 2846 3160 2901 ferentes,

2184 2902 2512 2969 1lejunamus,
2545 2902 2642 2963 ait,
2664 2922 2855 2957 recuso
2887 2914 3090 2969 potum.

2187 2965 2435 3033 ﬁondum
2468 2981 2613 3016 nona
2643 2970 2781 3033 diem
2814 2965 3054 3033 resignat
3083 2971 3234 3019 hora.

2188 3026 2474 3095 I‘lunquam
2503 3032 2826 3095 eonviolabo
2854 3026 2950 3095 jus
2970 3035 3223 3087 dicatum.

2187 3092 2296 3139 Nec
2324 3106 2469 3141 mors
2499 3094 2615 3157 ipsa
2650 3110 2827 3145 meum
2855 3092 3071 3145 sacrum
3102 3095 3350 3144 resolvet.

1948 3204 1990 3270 Ε
2029 3248 2345 3319 Ruffimus,
2379 3252 2480 3308 lib.
2516 3272 2599 3324 III,
2633 3257 2686 3310 4.
2722 3274 2779 3312 n:
2820 3280 2839 3306 α
2872 3262 3138 3328 Cumque
3161 3256 3305 3311 hora
3328 3272 3480 3310 nona
3504 3258 3679 3310 adve-

2022 3337 2225 3407 nisset,
2258 3343 2583 3396 secundum
2608 3345 3094 3399 consuetudinem
3118 3342 3444 3415 complebat
3468 3360 3673 3398 omnes

2022 3426 2315 3483 orationes
2343 3447 2502 3498 suas,
2527 3437 2583 3487 et
2606 3434 2993 3503 psalmodiam
3026 3434 3352 3489 secundum
3400 3430 3671 3501 regulam

2023 3520 2080 3569 et
2110 3518 2360 3586 ponebat
2391 3536 2601 3590 panem
2636 3527 2699 3577 ut
2730 3524 3083 3578 comederet.
3118 3541 3148 3574 ιι
3186 3522 3370 3587 Idem,
3414 3520 3519 3575 lib.
3579 3537 3664 3587 ιιι,

2024 3622 2185 3662 num.
2218 3611 2307 3676 55,
2343 3612 2398 3665 in
2423 3612 2651 3667 Silvano
2687 3632 2754 3669 ;‹‹
2789 3619 2940 3669 Hora
2972 3619 3165 3669 autem
3226 3630 3380 3669 nona
3428 3613 3672 3666 circum-

2025 3696 2311 3767 spiciebat
2344 3700 2521 3755 frater
2551 3700 2647 3757 ille
2678 3703 2851 3769 viam,
2882 3704 2929 3758 si
2964 3704 3110 3759 forte
3142 3708 3373 3759 vocaret
3406 3719 3538 3758 eum
3572 3716 3670 3755 se-

2026 3802 2135 3841 nex
2166 3787 2237 3841 ad
2272 3792 2720 3846 comedendum.
2761 3815 2781 3839 ι
2820 3793 2976 3846 Ιτίιιιι
3012 3798 3103 3847 est
3133 3794 3284 3862 apud
3346 3790 3669 3861 Pelagium,

2025 3874 2220 3931 libello
2250 3896 2306 3943 ιι,
2341 3897 2505 3933 num.
2530 3882 2602 3934 69
2636 3900 2648 3937 :
2674 3882 2953 3947 Joannes,
2983 3880 3181 3936 libello
3202 3897 3293 3946 ιιι,
3327 3899 3383 3935 n.
3412 3882 3485 3934 2:
3522 3901 3548 3927 ‹‹
3606 3882 3671 3932 Et

2022 3963 2176 4019 circa
2200 3966 2400 4022 horam
2427 3987 2640 4025 nonam
2663 3970 3388 4043 significavitpercutiens,
3422 3974 3477 4023 et
3507 3966 3667 4021 venit

2023 4051 2121 4109 ille
2151 4055 2363 4127 minor,
2384 4063 2441 4113 et
2472 4059 2605 4115 fecit
2636 4062 2924 4116 modicam
2958 4066 3253 4115 cocturam
3288 4057 3597 4130 pulmenti.
3638 4078 3665 4104 ››

2019 4143 2408 4214 Augustinus,
2443 4148 2664 4220 Regula
2692 4151 2745 4219 2,
2781 4153 2850 4205 de
2885 4156 3147 4222 tempore
3176 4148 3384 4204 edendi
3420 4165 3432 4201 :
3465 4168 3491 4195 «
3517 4144 3665 4217 Ope-

2020 4238 2223 4288 rentur
2254 4241 2448 4291 autem
2486 4255 2654 4294 mane
2686 4256 2871 4311 usque
2926 4241 2995 4294 ad
3048 4244 3293 4308 sextam,
3326 4241 3381 4292 et
3425 4254 3458 4291 a
3504 4244 3666 4290 sexta

2020 4338 2207 4393 usque
2234 4327 2303 4379 ad
2337 4344 2551 4381 nonam
2594 4322 2836 4383 reddent
2893 4329 3172 4397 Codices;
3236 4332 3292 4383 et
3350 4331 3664 4398 postquam

2020 4413 2331 4469 refecerint
2364 4417 2481 4470 sive
2516 4417 2573 4471 in
2609 4417 2798 4482 horto,
2824 4418 2945 4473 sive
3004 4419 3365 4488 ubicumque
3426 4413 3662 4480 fuerint,

2018 4500 2235 4557 faciant
2273 4521 2421 4575 opus
2444 4522 2632 4577 usque
2656 4508 2724 4561 ad
2751 4508 2953 4563 horam
2986 4506 3318 4563 lucernarii.
3354 4527 3381 4554 »

257 4598 435 4665 trum,
484 4594 559 4649 ad
620 4565 880 4665 caput'i
943 4565 1149 4650 Codini
1201 4592 1562 4665 Curopalataa
1624 4595 1697 4648 De
1754 4593 1907 4649 offic.
1941 4565 1989 4627 D
2096 4565 2340 4655 Quidam
2361 4565 2593 4665 jejunis
2623 4598 2692 4651 ad
2717 4613 3017 4669 vesperam
3045 4596 3452 4652 extendebant.
3489 4591 3671 4647 Rufil-

260 4683 705 4756 Constantinop.

331 4774 581 4830 Nomm.
615 4772 897 4841 Joannes,
924 4772 1142 4842 libello,
1176 4790 1237 4844 ιι,
1265 4789 1427 4829 num.
1461 4774 1531 4827 8:
1559 4795 1585 4822 ‹‹
1634 4771 1909 4826 Ascendi-

264 4879 395 4917 mus
418 4868 638 4919 metere
660 4880 793 4917 cum
827 4879 892 4918 eo
924 4867 1146 4934 septem
1172 4862 1431 4917 nomina.
1479 4883 1506 4910 ››
1564 4862 1913 4917 Constanter

262 4949 357 5006 hic
384 4952 488 5007 Ms.
524 4951 661 5006 libri
694 4951 959 5023 plerique
984 4951 1041 5005 in
1069 4950 1293 5005 nomina
1323 4951 1718 5007 consentiunt.
1778 4951 1909 5005 Sus-

261 5042 436 5110 picari
470 5041 607 5113 quis
638 5040 823 5111 postis
856 5058 927 5095 an
959 5045 1162 5109 septem
1198 5044 1419 5096 nomina
1462 5041 1786 5112 prodierint
1844 5056 1912 5093 ex

259 5126 451 5184 Graeco
482 5127 808 5200 ἐπτανομία,
845 5147 976 5201 qua:
1008 5135 1166 5186 certa
1196 5131 1421 5203 {Egypti
1484 5129 1693 5202 portio,
1741 5128 1909 5199 quasi

261 5234 524 5273 messum
554 5218 772 5274 iverint
802 5218 858 5273 in
910 5220 1317 5291 Heptanomia.
1365 5219 1475 5274 Sed
1527 5236 1661 5273 cum
1713 5222 1908 5273 textus

256 5304 491 5362 Graecus
519 5308 692 5374 desit,
720 5326 875 5366 mera
898 5309 1157 5381 suspicio
1191 5316 1300 5364 est.
1336 5314 1539 5364 Petrus
1572 5307 1907 5363 Lansselius

255 5402 455 5451 noster
484 5398 643 5452 varie
675 5399 884 5454 doctus
912 5400 1187 5454 censebat
1216 5398 1523 5467 legendum
1548 5408 1753 5468 septem
1808 5413 1907 5450 no-

252 5485 389 5551 mia,
422 5486 564 5558 quia
594 5487 887 5556 existimo,
924 5488 1138 5559 inquit,
1200 5487 1580 5543 solitudinem
1641 5485 1902 5555 Scythim

252 5575 502 5631 divisam
552 5576 736 5632 fuisse
782 5578 841 5632 in
886 5579 1078 5633 varias
1133 5578 1455 5649 portiones,
1504 5593 1651 5647 quas
1703 5576 1905 5647 appel-

247 5661 457 5720 labant
497 5664 669 5737 νόμια
704 5684 734 5721 a
778 5667 950 5722 verbo
988 5663 1160 5738 νέμω,
1212 5664 1269 5720 id
1316 5670 1426 5737 est,
1484 5664 1686 5721 divido.
1747 5665 1905 5721 Unde

248 5751 515 5821 Proclus,
569 5755 628 5811 in
690 5755 995 5823 Timazum,
1056 5756 1224 5812 docet
1278 5751 1447 5828 νομὸν
1499 5753 1611 5811 dici
1647 5749 1751 5808 ἀπὸ
1806 5756 1903 5808 τοῦ

244 5845 576 5913 νενεμῆσθαι
610 5840 709 5911 τὴν
753 5845 855 5917 γῆν
924 5860 961 5902 a
1015 5842 1309 5902 dividendo
1366 5848 1615 5909 terram;
1674 5843 1902 5917 etIEgy-

2021 4696 2156 4747 nus,
2182 4680 2282 4735 lib.
2317 4700 2377 4752 ιι,
2414 4700 2539 4756 cap.
2564 4686 2623 4741 3f
2656 4703 2667 4739 :
2709 4706 2730 4734 α
2757 4688 2960 4741 Cibum
2996 4703 3223 4757 quoque
3257 4686 3313 4739 in
3365 4697 3667 4753 vesperam

2021 4767 2071 4823 ei
2104 4786 2338 4827 sumere
2362 4776 2655 4846 praecepit.
2692 4798 2719 4824 »
2754 4776 2910 4839 Quod
2944 4776 3117 4830 etiam
3145 4774 3295 4845 apud
3320 4770 3664 4834 Palladium,

2022 4876 2148 4932 cap.
2182 4863 2269 4917 28.
2308 4864 2449 4919 Item
2480 4866 2767 4935 Ruffinus,
2802 4868 2903 4922 lib.
2938 4885 2999 4934 ιι,
3035 4884 3161 4938 cap.
3199 4868 3223 4919 1
3263 4883 3275 4920 :
3310 4887 3338 4914 ‹‹
3381 4862 3481 4917 Hic
3532 4875 3669 4929 ergo

2021 4967 2156 5005 cum
2190 4958 2322 5023 post
2351 4955 2645 5012 orationes
2670 4957 2867 5011 cibum
2902 4956 3073 5012 solito
3105 4950 3539 5027 requisissetad
3572 4964 3666 5002 ve-

2021 5055 2274 5108 speram.
2307 5063 2334 5091 ››
2360 5045 2493 5105 Qum
2527 5044 2702 5098 etiam
2724 5044 2906 5099 habes
2939 5046 3092 5116 apud
3128 5040 3477 5106 Palladium,
3536 5052 3663 5107 cap.

2022 5128 2108 5181 46.
2138 5129 2431 5195 Ruffinus,
2456 5131 2556 5185 lib.
2588 5150 2672 5201 ιιι,
2707 5152 2870 5188 num.
2904 5134 3010 5189 ‘23:
3046 5156 3072 5183 ‹‹
3119 5134 3343 5186 Rursus
3392 5124 3665 5197 ingressi,

2021 5214 2313 5289 cellulam,
2346 5222 2706 5291 vespertinas
2764 5224 3056 5277 orationes
3113 5222 3491 5290 complentes,
3527 5216 3665 5271 ado-

2020 5310 2214 5361 rantes
2232 5308 2677 5375 eum,dixerunt
2702 5328 2713 5365 :
2741 5311 2795 5365 Si
2815 5311 3102 5382 prmcipis,
3127 5308 3383 5371 domine,
3422 5306 3661 5372 ibimus,

2021 5400 2087 5449 ut
2118 5412 2249 5450 eum
2277 5398 2373 5468 qui
2409 5401 2938 5455 remansitcaulem
2983 5404 3299 5470 coquentes
3331 5402 3660 5469 gustemus,

2018 5486 2157 5555 quia
2190 5487 2307 5555 iam
2344 5488 2486 5543 hora
2518 5495 2606 5545 est
2633 5496 2695 5545 ut
2718 5491 2912 5545 cibum
2952 5507 3280 5545 sumamus.
3309 5515 3329 5541 ι
3373 5487 3663 5557 Pelagius,

2016 5573 2197 5629 libell.
2236 5594 2352 5640 XVI,
2379 5596 2543 5634 num.
2584 5580 2720 5635 18;‹‹
2772 5579 2862 5635 Illi
2912 5586 3106 5635 autem
3164 5579 3329 5634 fratri
3388 5574 3667 5633 afferebat

2013 5670 2427 5725 tantummodo
2460 5672 2753 5728 modicum
2788 5688 2995 5743 panem
3032 5673 3101 5728 ad
3136 5689 3348 5728 seram.
3386 5695 3413 5723 »

2082 5758 2191 5812 Sed
2211 5758 2508 5830 jejunium
2535 5760 2593 5816 in
2626 5777 2925 5833 vesperam
2948 5763 3201 5832 differre,
3235 5780 3349 5819 non
3383 5756 3657 5817 omnibus

2013 5846 2283 5907 Patribus
2312 5852 2649 5923 probatum,
2676 5852 2867 5927 magis
2883 5854 3211 5913 suadebant
3232 5855 3378 5913 hora
3396 5866 3551 5910 nona
3580 5847 3656 5906 ci-
